4090 6122
515 91 628 145 747

1561 81 1615 136 S.
1658 76 1918 134 ODONIS
1957 71 2250 130 ABBATIS
2287 73 2788 134 CLUNIACENSIS
2829 81 2896 134 ll.
3745 87 3822 145 7&8

507 212 618 279 Qui
643 213 920 269 sanctum
943 221 1120 263 suum
1149 217 1590 278 usquequaque
1631 201 1978 266 miriﬁcans,
2033 213 2158 256 non
2197 201 2242 254 Α
2271 205 2621 257 sanctorum
2651 201 2858 274 iniqua
2891 199 3058 272 gerit,
3079 213 3202 256 non
3219 197 3432 256 videbit
3447 199 3660 270 gloriam
3685 210 3828 266 Ι)οωὶ-

509 303 705 359 solum
735 297 1014 373 quaslibet
1043 295 1158 352 alia
1177 293 1489 362 miracula,
1525 294 1628 348 sed
1665 292 1846 348 etiam
1890 295 2159 346 mortuos

506 391 584 449 ad
605 391 733 462 ejus
765 387 1016 458 gloriam
1049 383 1598 442 commendandam
1629 385 1769 455 post
1795 381 1988 452 ipsius
2037 377 2162 433 obi-

506 485 634 537 tum
659 477 983 534 suscitavit.
1011 475 1068 532 Si
1097 489 1239 546 ergo
1269 472 1620 546 disponente
1653 473 1771 526 Deo
1801 469 1868 526 ﬁt
1911 466 2158 540 aliquid,

507 569 669 626 unde
701 567 914 624 eadem
945 565 1135 636 gloria
1190 561 1464 619 videatur
1519 559 1815 628 imminui,
1861 569 2162 614 recurren-

507 660 654 715 dum
675 661 765 714 est
794 657 873 712 ad
899 651 1378 724 magnitudinem
1401 651 1875 721 virtutum,quas
1895 646 2164 718 aliquan-

508 746 588 802 do
615 746 868 816 gessisse
897 743 1286 814 dignoscitur,
1309 745 1374 797 ut
1399 740 1595 796 cordis
1629 753 1846 794 navem
1901 735 2076 808 quasi
2127 751 2164 790 a

509 851 692 909 prora
715 835 964 891 ﬁrmiter
981 833 1248 904 ligatam,
1271 831 1488 887 ﬂuctus
1505 827 1866 895 difﬁdentiae,
1895 826 1999 898 qui
2016 823 2164 880 forte

509 925 698 998 puppi
722 924 965 994 illiserit,
1009 935 1396 995 nequequam
1445 919 1636 992 possit
1687 933 1723 972 a
1777 917 1970 972 littore
2025 913 2165 969 fidei

512 1014 860 1072 convellere.
895 1012 984 1069 Ad
1003 1012 1162 1068 hanc
1175 1009 1470 1067 cautelam
1491 1007 1730 1064 volebat
1749 1007 1876 1078 ipse
1903 1003 2166 1061 Christus

513 1103 813 1161 mundum
842 1101 1098 1172 erudire,
1121 1100 1297 1174 quasi
1324 1098 1769 1170 significaturus
1809 1109 1934 1150 suae
1958 1091 2166 1149 mortis

515 1194 932 1266 abjectionem,
965 1209 1106 1248 cum
1137 1190 1359 1246 diceret
1391 1205 1404 1244 :
1439 1189 1664 1244 Beatus
1701 1188 1805 1258 qui
1829 1200 1952 1240 non
1977 1182 2168 1254 fuerit

513 1283 956 1342 scandalizatus
985 1281 1047 1338 in
1077 1297 1170 1337 me
1212 1278 1451 1352 (Matth.
1483 1294 1564 1347 x1,
1597 1281 1672 1344 6),
1721 1291 1844 1331 suae
1887 1271 2167 1346 potentiae

511 1373 802 1431 miracula
825 1372 992 1445 prius
1018 1369 1364 1428 enuntiavit.
1395 1367 1482 1423 Ad
1512 1367 1627 1422 hoc
1653 1364 1856 1430 etiam,
1889 1377 2028 1418 cum
2049 1361 2167 1416 dis-

515 1462 723 1538 cipulis
739 1467 994 1518 mortem
1016 1475 1190 1516 suam
1211 1459 1412 1530 aperte
1427 1456 1667 1526 diceret,
1693 1456 2166 1510 resurrecturum

2271 290 2351 345 ni.
2386 294 2452 346 Et
2479 305 2602 347 non
2635 291 2832 348 solum
2864 289 3196 365 quemlibet
3225 293 3506 360 sanctum,
3530 294 3614 348 cui
3629 294 3750 355 forte
3769 301 3830 356 lo-

2273 397 2376 436 cus
2405 385 2790 438 consecratus
2815 386 2942 450 est;
2969 382 3078 437 sed
3107 380 3303 453 ipsum
3331 381 3427 436 Dei
3447 381 3702 453 spiritum,
3749 391 3831 443 tes-

2271 472 2430 526 tante
2459 469 2763 541 Apostolo,
2792 469 3122 539 contristat,
3153 467 3256 541 qui
3280 469 3570 542 peccando
3603 475 3834 547 templum

2272 554 2400 624 ejus
2427 557 2819 615 contaminat.
2853 563 3002 616 Cum
3053 557 3212 614 enim
3259 557 3336 613 ab
3377 557 3566 614 otiosis
3613 561 3772 618 verbis
3795 571 3836 622 et

2273 644 2619 702 scurrilitate
2649 647 2854 703 ﬁdeles
2884 650 3302 720 compesceret,
3335 646 3622 717 subjunxit
3647 667 3658 704 :
3686 651 3836 709 Etno-

2276 734 2378 791 lite
2405 737 2765 794 contristare
2792 739 3074 806 spiritum
3119 737 3229 793 Dei
3281 735 3510 806 (Ephes.
3545 753 3614 802 Iv,
3653 740 3743 808 30).
3789 747 3837 798 At

2273 825 2440 896 quod
2467 831 2668 882 vestra
2691 841 2839 898 pace
2861 827 3135 896 dixerim,
3161 826 3208 882 si
3235 825 3297 881 in
3324 825 3484 882 istius
3505 825 3688 884 domni
3725 845 3838 902 pra-

2275 915 2464 970 sentia
2494 915 2831 972 continuari
2859 916 3064 988 soleat,
3093 915 3206 989 ipsi
3232 915 3440 971 melius
3479 918 3664 972 nostis.
3709 920 3840 976 Caete-

2273 1017 2431 1072 rum,
2471 1005 2937 1079 quibuscunque
2963 1021 3036 1062 ex
3055 1005 3252 1062 causis
3280 1004 3394 1061 hoc
3441 1005 3705 1074 acciderit,
3749 1023 3839 1065 non

2274 1093 2438 1150 aliud
2467 1095 2844 1167 opinandum
2863 1093 3117 1167 videtur,
3147 1107 3336 1168 quam
3371 1095 3530 1167 quod
3549 1095 3716 1152 isdem
3739 1097 3840 1170 piis-

2277 1183 2466 1238 simus
2485 1187 2654 1255 pater
2681 1183 2990 1254 ﬂagellum
3013 1184 3128 1240 hoc
3151 1183 3214 1239 in
3233 1197 3410 1240 suam
3423 1183 3654 1240 domum
3672 1185 3840 1257 potius,

2275 1289 2462 1346 quam
2491 1273 2552 1329 in
2576 1275 2850 1331 subditos
2881 1275 3156 1332 maluerit
3210 1275 3458 1347 jaculari
3511 1291 3525 1331 :
3569 1276 3842 1348 exemplum

2275 1362 2548 1419 videlicet
2563 1363 2814 1437 piissimi
2838 1363 3172 1422 Conditoris
3193 1363 3476 1432 imitatus,
3507 1364 3604 1438 qui
3625 1371 3842 1438 peccante

2276 1453 2472 1525 primo
2501 1453 2762 1524 homine,
2795 1469 2918 1512 non
2948 1455 3148 1527 ipsum
3177 1454 3500 1524 maledixit,
3537 1453 3634 1510 sed
3679 1458 3842 1511 tenam

515 1569 577 1609 se
603 1552 698 1608 die
727 1551 898 1608 tertia
927 1549 1060 1621 subj
1073 1547 1257 1604 unxit.
1283 1549 1460 1602 Beato
1485 1559 1727 1618 quoque
1759 1545 1949 1612 Petro,
1981 1553 2164 1612 quem
2202 1551 2250 1610 Β
2276 1557 2464 1615 quam
2489 1547 2845 1616 operaturus
2875 1547 3022 1600 erat.
3053 1545 3261 1599 Nonne
3289 1555 3364 1599 ex
3391 1543 3517 1616 ipso
3539 1555 3712 1599 rerum
3732 1543 3842 1600 acci-

517 1641 742 1698 scicbat
771 1655 833 1695 se
855 1643 1237 1710 negaturum,
1267 1633 1432 1708 prius
1453 1650 1516 1689 se
1565 1633 1628 1688 in
1684 1635 1888 1688 monte
1935 1627 2168 1686 transﬁ-

516 1733 798 1802 guratum
828 1727 1104 1792 ostendit,
1137 1729 1202 1782 ut
1230 1739 1370 1781 cum
1395 1737 1506 1796 pro
1533 1720 1794 1777 abitione
1833 1719 2041 1776 mortis
2057 1717 2166 1772 dif-

515 1819 824 1876 ﬁdentiam
849 1817 1192 1881 incurreret,
1220 1815 1299 1871 ad
1327 1817 1630 1870 ostensam
1675 1811 2052 1882 majestatem
2081 1821 2168 1863 re-

517 1923 780 1979 currens,
803 1903 988 1962 robur
1006 1905 1148 1961 ﬁdei
1175 1906 1522 1960 resumeret.
1551 1900 1662 1958 Sed
1676 1899 1840 1956 aliud
1861 1902 1950 1955 est
1969 1897 2168 1954 adhuc

515 1995 682 2071 quod
706 1995 996 2053 miracula
1049 2009 1280 2051 cessare
1337 1991 1492 2048 facit.
1533 1993 1844 2046 Peccatum
1897 1987 2169 2043 videlicet

512 2085 962 2154 incrudelitatis,
995 2088 1240 2158 propter
1267 2079 1434 2156 quod
1453 2084 1681 2138 Marcus
1703 2077 2066 2149 evangelista
2083 2076 2169 2131 di-

515 2179 592 2234 cit
629 2177 703 2233 de
760 2173 1155 2248 omnipotenti
1208 2176 1368 2241 Jesu,
1398 2171 1564 2244 quod
1613 2185 1735 2226 non
1783 2167 1975 2242 potuit
1993 2166 2170 2240 plura

515 2265 806 2322 miracula
835 2265 1028 2321 facere
1049 2265 1110 2320 in
1135 2263 1560 2335 Capharnaum
1587 2264 1645 2316 et
1673 2257 1977 2320 Corozain,
2033 2255 2171 2312 sub-

510 2357 794 2428 jungens,
827 2355 970 2427 quia
1017 2351 1267 2408 miratus
1319 2353 1406 2406 est
1461 2363 1641 2421 super
1696 2347 2168 2403 incrudelitatem

518 2445 712 2502 cordis
743 2457 972 2501 eorum.
1005 2441 1159 2507 Quid
1210 2455 1372 2510 crgo,
1424 2437 1695 2511 quisquis
1751 2451 1835 2506 es,
1891 2435 2170 2492 Martinus

517 2549 640 2589 non
669 2531 805 2588 ideo
837 2529 1151 2602 gloriosus,
1182 2528 1328 2601 quia
1369 2527 1590 2582 domus
1649 2525 1778 2596 ejus
1829 2525 2000 2580 toties
2047 2521 2168 2594 igni

516 2620 816 2694 permissa
845 2617 971 2674 est?
991 2615 1166 2683 Quod
1185 2629 1432 2688 prorsus
1459 2615 1519 2669 in
1546 2613 1676 2669 aliis
1705 2617 2052 2670 sanctorum
2081 2610 2169 2667 lo-

517 2712 601 2768 cis
631 2709 968 2782 frequenter
995 2705 1274 2763 novimus
1303 2705 1554 2772 evenire,
1581 2705 1731 2759 sicut
1745 2702 1821 2758 de
1831 2701 1932 2759 illa
1947 2704 2170 2758 sanctis

517 2799 769 2871 legionis
799 2797 1192 2855 Tliebaeorum
1213 2795 1398 2851 domo
1414 2809 1608 2866 nuper
1633 2792 1863 2860 accidit,
1889 2807 2024 2865 quae
2049 2795 2170 2847 tam

2277 1631 2546 1687 dentium
2601 1637 2820 1688 eventu
2869 1637 3139 1706 apparet,
3195 1631 3366 1705 quod
3419 1631 3544 1689 sola
3568 1631 3750 1688 domus
3767 1631 3840 1688 illa.

2278 1720 2596 1777 combusta
2621 1725 2734 1789 est,
2767 1721 3152 1778 domunculis
3183 1721 3527 1778 clericorum
3563 1721 3730 1778 illaesis
3769 1735 3845 1793 per

2278 1825 2496 1883 gyrum
2515 1812 2965 1868 remanentibus
2985 1813 3014 1868 ‘I
3067 1811 3244 1877 Quod
3299 1811 3348 1867 si
3393 1811 3603 1868 Martini
3625 1809 3774 1867 virtus
3787 1809 3844 1865 ob

2276 1901 2392 1956 hoc
2421 1899 2718 1956 minorata
2745 1901 2998 1970 videtur,
3025 1901 3156 1971 jam
3183 1901 3312 1957 non
3337 1901 3444 1956 erit
3487 1900 3576 1956 ille
3625 1897 3760 1956 solus
3779 1897 3844 1952 cui

2278 1988 2390 2044 sub
2420 1989 2534 2045 hac
2563 1993 2879 2045 occasione
2907 1989 3276 2045 detractor-es
3305 1987 3590 2045 insultent.
3610 1987 3846 2044 Sedetiam

2277 2078 2544 2150 plerique
2571 2078 2670 2135 alii
2681 2079 2889 2147 sancti,
2913 2095 3174 2152 quorum
3183 2079 3408 2135 domus
3427 2093 3654 2152 quaqua
3669 2091 3846 2134 versum

2275 2167 2682 2225 indifferenter
2709 2169 2942 2238 ardent,
2975 2170 3120 2241 imo,
3153 2169 3328 2243 quod
3377 2169 3538 2226 dictu
3585 2168 3726 2225 nefas
3769 2169 3844 2232 est,

2277 2263 2485 2314 contra
2499 2258 2704 2331 ipsum
2735 2259 3057 2315 Dominum
3101 2259 3424 2316 mussitare
3469 2261 3708 2332 possunt,
3745 2255 3846 2328 quia

2278 2347 2570 2419 templum
2599 2347 2746 2403 illud
2808 2347 3265 2405 Salomonicum
3306 2365 3426 2405 non
3483 2346 3646 2404 semel
3663 2351 3746 2404 aut
3766 2345 3844 2412 bis,

2280 2437 2387 2493 sed
2412 2437 2581 2508 juxta
2641 2437 3044 2510 Hegesippum
3086 2437 3429 2511 frequenter
3489 2438 3734 2494 adustum
3771 2437 3845 2488 est.

2281 2525 2508 2582 Sanctis
2537 2525 2738 2598 itaque
2766 2525 2912 2581 locis
2941 2525 3256 2599 despectio
3283 2526 3497 2583 nostris
3519 2525 3738 2599 peccatis
3759 2535 3846 2578 en-

2280 2613 2554 2684 gentibus
2579 2613 2810 2684 accidit,
2842 2629 2966 2670 non
3015 2613 3261 2672 defectu
3313 2615 3614 2672 Dominicis
3659 2609 3846 2678 virtutis,

2278 2719 2402 2777 qua
2429 2705 2618 2760 sancti
2645 2705 2850 2776 repleti
2881 2709 3038 2762 sunt.
3063 2709 3212 2762 Nam
3251 2707 3302 2762 si
3329 2710 3578 2780 potestas
3603 2701 3848 2762 llarliniex

2279 2794 2394 2848 hoc
2419 2793 2566 2849 forte
2607 2793 2839 2849 videtur
2894 2793 3178 2850 insanum
3229 2795 3590 2868 sapientibus
3637 2789 3847 2859 mutilari,

519 2890 820 2960 eleganter
848 2889 1188 2944 constructa
1202 2887 1346 2954 erat,
1379 2887 1442 2939 ut
1469 2881 1654 2939 nostri
1685 2881 1967 2953 temporis
1997 2877 2173 2936 artiﬁ-
2209 2901 2252 2966 ς
2283 2887 2484 2938 tamen
2513 2897 2586 2937 ex
2617 2881 2747 2937 aliis
2775 2882 2996 2938 sanctis
3021 2885 3150 2954 ejus
3178 2883 3353 2955 locis,
3385 2899 3605 2941 necnon
3629 2887 3678 2939 et
3719 2879 3848 2936 mira-

519 2995 614 3037 ces
641 2993 1030 3051 nequaquam
1057 2976 1216 3032 hanc
1255 2973 1318 3030 in
1369 2973 1690 3046 pristinum
1739 2971 2018 3027 decorem
2073 2985 2174 3024 va-

517 3071 678 3128 leant
699 3083 999 3142 reparare.
1035 3066 1126 3123 Sic
1152 3065 1226 3122 de
1251 3063 1352 3121 illa
1375 3063 1438 3120 in
1485 3077 1608 3135 quo
1661 3061 1979 3134 requiescit
2031 3060 2172 3116 bea-

521 3159 788 3218 tissimus
831 3155 1299 3226 Martialis(l27),
1333 3169 1470 3208 cum
1501 3151 1785 3207 omnibus
1833 3167 1970 3224 quas
2017 3149 2172 3205 infra

518 3263 725 3305 muros
758 3250 945 3314 erant,
972 3244 1242 3300 noscitur
1271 3241 1559 3298 evenisse.
1591 3244 1737 3295 Ante
1767 3239 1940 3311 cujus
1993 3239 2172 3296 adus-

517 3339 743 3395 tionem
773 3333 1015 3392 cuidam
1040 3349 1148 3406 per
1165 3331 1470 3388 somnium
1499 3329 1667 3385 visus
1697 3333 1785 3384 est
1813 3329 2006 3384 isdem
2033 3343 2172 3384 san-

516 3433 646 3484 ctus
671 3424 1060 3499 apparuisse;
1096 3422 1200 3495 qui
1225 3421 1492 3477 videlicet
1533 3424 1749 3474 maesto
1805 3419 1975 3474 vultu
2033 3433 2170 3491 pro-

515 3519 762 3572 testatus
784 3517 888 3583 est,
921 3511 1089 3586 quod
1117 3511 1170 3567 ei
1195 3511 1446 3566 domum
1469 3508 1635 3562 illam
1673 3508 1984 3564 servitores
2035 3508 2167 3579 ejus

516 3620 762 3663 exosam
790 3603 1054 3671 fecerint,
1087 3600 1248 3657 unde
1275 3603 1332 3654 et
1361 3599 1491 3669 ejus
1513 3597 1933 3668 concrematio,
1963 3601 2020 3653 et
2042 3599 2165 3654 Ste-

512 3693 701 3768 phani
730 3689 965 3748 abbatis
998 3689 1141 3762 (128)
1169 3685 1440 3744 interitus
1469 3701 1614 3742 mox
1641 3689 1794 3742 esset
1839 3683 2169 3759 adimplen-

512 3784 646 3842 dus.
671 3785 818 3839 Nam
835 3786 890 3837 et
915 3779 1274 3854 priusquam
1305 3775 1469 3834 illam
1493 3775 1757 3849 praedicti
1786 3776 1993 3832 domni
2023 3779 2166 3835 Mar-

511 3873 617 3931 tini
645 3871 958 3929 basilicam
986 3883 1170 3942 rogus
1203 3867 1568 3934 absumeret,
1595 3865 1966 3940 quibusdam
1983 3867 2168 3924 ﬁdeli-

509 3963 624 4022 bus
645 3962 847 4020 visum
896 3963 1004 4028 est,
1037 3957 1204 4033 quod
1261 3961 1410 4028 (129)
1465 3957 1526 4013 in
1581 3955 1873 4013 Tutelensi
1920 3957 2168 4016 ecclesia

508 4053 702 4110 isdem
723 4055 964 4108 sanctus
984 4049 1262 4106 Martinus
1284 4064 1425 4104 cum
1443 4051 1653 4104 sancto
1675 4047 1952 4104 Michaele
1961 4051 2163 4118 staret,

2283 2971 2428 3027 culis
2459 2971 2537 3027 ab
2565 2971 2698 3044 ipso
2721 2987 2916 3044 nuper
2939 2973 3144 3041 gestis,
3199 2974 3258 3030 si
3303 2975 3545 3046 longum
3579 2987 3685 3030 non
3723 2971 3846 3032 esset,

2281 3065 2512 3134 poterat
2540 3060 2754 3116 eadem
2783 3065 3046 3133 potestas
3059 3061 3350 3120 decenter
3367 3059 3749 3120 commendari.
3771 3053 3848 3112 Sed

2275 3154 2404 3222 jam
2433 3150 2548 3206 ista
2571 3149 3012 3223 qualiscunque
3035 3150 3358 3210 delatratio
3381 3152 3550 3209 debet
3599 3143 3848 3207 terminari.

2281 3241 2462 3312 Cujus
2483 3241 2756 3298 videlicet
2773 3242 3006 3299 ﬁnihoc
3026 3242 3410 3314 adjiciamus,
3425 3243 3559 3317 quia
3571 3234 3848 3298 valdenobis

2277 3345 2526 3386 necesse
2559 3335 2664 3399 est,
2697 3336 2759 3387 ut
2781 3331 3020 3402 ﬂagello
3048 3333 3301 3405 pertriti,
3353 3336 3728 3390 convertamus
3761 3325 3850 3380 vias

2277 3424 2512 3476 nostras
2533 3419 2594 3476 in
2611 3421 2738 3476 vias
2761 3423 3242 3478 testimoniorum
3274 3426 3394 3494 Dei,
3418 3439 3490 3480 ne
3517 3423 3650 3480 forte
3681 3419 3849 3475 dicatur

2278 3509 2352 3565 de
2367 3509 2542 3565 nobis
2559 3529 2571 3565 :
2589 3511 2946 3568 Curavimus
2967 3513 3367 3584 Babylonem,
3391 3521 3444 3572 et
3455 3529 3567 3570 non
3586 3517 3658 3569 est
3677 3511 3847 3568 sanata,

2275 3613 2464 3671 neque
2481 3613 2594 3669 per
2611 3601 2806 3671 ignem
2827 3601 2979 3673 (Jer.
3003 3617 3078 3671 LI,
3107 3602 3183 3675 9),
3209 3608 3275 3660 et
3288 3605 3418 3674 jam
3444 3617 3560 3659 non
3583 3599 3703 3657 utin
3721 3597 3849 3652 mate-

2275 3687 2484 3744 rialem
2515 3689 2788 3760 domum,
2811 3690 2922 3746 sed
2951 3690 3013 3746 in
3033 3690 3184 3759 illos,
3204 3691 3285 3748 de
3309 3691 3527 3766 quibus
3545 3693 3748 3747 sanctus
3765 3680 3849 3755 Spi-

2275 3778 2424 3834 ritus
2437 3777 2751 3848 etfugatur,
2765 3778 3017 3836 cmlestis
3029 3779 3370 3852 indignatio
3383 3781 3595 3850 steviat,
3611 3775 3846 3838 Mai-tinum

2275 3868 2491 3924 nostris
2517 3867 2799 3941 precibus
2829 3869 3179 3940 deductum,
3211 3871 3459 3928 offensis
3493 3867 3684 3928 Christi
3715 3858 3848 3920 oculis

2276 3971 2681 4030 opponamus.
2727 3959 3283 4032 Apprehendentes,
3333 3961 3485 4018 sicut
3533 3959 3592 4014 in
3637 3945 3848 4032 Zacharia

2277 4046 2564 4119 scriptum
2583 4051 2694 4116 est,
2727 4031 3032 4104 ﬁmbriam
3059 4031 3401 4107 vestimenti
3441 4047 3639 4106 domui
3683 4031 3848 4101 Martini

508 4155 768 4213 eumque
800 4139 873 4194 de
897 4153 1040 4194 cura
1067 4136 1257 4209 ipsius
1288 4135 1548 4192 ccenobii
1575 4135 1881 4208 precando
1919 4153 2168 4192 monue-
2274 4136 2570 4192 verissimi
2587 4135 2966 4205 confessoris,
3001 4137 3318 4211 adeamus,
3341 4155 3482 4196 cum
3501 4129 3846 4195 taliadvocato.

505 4229 596 4319 rit,
629 4233 683 4284 et
699 4227 874 4319 quasi
895 4223 1187 4319 subtristis
1227 4223 1582 4319 adjungeret
1627 4239 1641 4278 :
1673 4224 1816 4296 quia
1851 4225 2164 4319 servitores
2203 4263 2246 4319 Β
2273 4226 2620 4298 juxtaPauli
2645 4216 2879 4296 vocem,
2905 4227 3190 4284 thronum
3213 4230 3440 4299 gratiae,
3467 4227 3690 4285 forsitan
3707 4221 3849 4290 εἰσρυ-

505 4317 636 4388 ejus
659 4329 783 4371 non
806 4315 1064 4370 sinerent
1079 4327 1218 4368 eum
1239 4311 1406 4386 apud
1431 4313 1744 4368 “Turonum
1766 4313 2028 4385 quietem
2053 4315 2162 4371 ha-
2203 4307 2244 4319 “’
2279 4315 2522 4372 terimus
2551 4315 3023 4373 misericordiam
3053 4319 3403 4390 promereri.
3437 4321 3502 4375 Et
3527 4317 3663 4373 sicut
3688 4307 3772 4369 iob
3793 4307 3850 4360 αὖ

503 4405 666 4462 bere.
699 4403 916 4490 Verum
939 4403 988 4458 si
1009 4401 1258 4458 somniis
1277 4405 1336 4457 et
1347 4399 1514 4456 nulla
1534 4399 1700 4470 forte,
1717 4401 1817 4457 vel
1846 4415 1984 4459 rara
2009 4401 2162 4459 ﬁdes
2273 4407 2543 4478 testatur,
2569 4421 2682 4462 nos
2711 4405 2948 4479 quinon
2977 4406 3277 4464 habemus
3291 4409 3634 4465 indumenta
3649 4394 3848 4476 justitiam

504 4491 850 4552 adhibenda
876 4495 1002 4560 est;
1051 4490 1166 4547 hoc
1189 4493 1391 4546 tamen
1433 4493 1660 4546 certum
1704 4493 1939 4546 constat
1993 4491 2162 4564 quod
2271 4493 2536 4568 lapidem
2557 4495 2720 4552 hunc
2745 4496 3204 4568 amplectamur,
3235 4499 3574 4573 suppliciter
3599 4493 3850 4551 obsecran'

501 4587 678 4654 Deus,
707 4584 882 4655 juxta
938 4579 1104 4654 quod
1159 4577 1480 4653 Apostolus
1533 4579 1634 4647 ait,
1681 4593 1791 4653 per
1841 4585 2158 4654 peccatum
2269 4585 2798 4652 tes,utnuditatem
2813 4589 3082 4642 nostram
3094 4587 3218 4642 suis
3255 4588 3481 4644 meritis
3517 4579 3772 4652 contegat,
3797 4583 3848 4628 ηε

501 4677 906 4746 exasperatur.
935 4673 1000 4728 Et
1029 4669 1324 4745 quisquis,
1377 4673 1446 4727 ut
1502 4669 1582 4728 ait
1625 4667 1828 4742 Isaias,
1883 4669 1945 4726 in
1999 4673 2158 4730 terra
2267 4679 2474 4731 nostra
2495 4689 2698 4732 coram
2723 4689 2994 4748 superno
3039 4676 3244 4749 judice
3271 4677 3574 4752 turpitudo
3605 4667 3846 4731 reveletur.

565 4835 717 4916 (1‘27)
757 4837 858 4891 Sic
873 4836 1090 4916 deitta
1116 4835 1190 4916 in.
1213 4849 1333 4915 qna
1353 4833 1664 4916 requiescit
1693 4833 1766 4890 Β.
1819 4833 2151 4916 μαησαζίε..
2263 4835 2395 4916 ipso
2424 4837 2806 4916 imperatore,
2821 4837 3036 4895 eodem
3057 4837 3122 4894 in
3143 4853 3359 4916 mense
3381 4820 3848 4916 posimmesgygb

495 4904 753 4988 Ecclesia
777 4907 966 4988 sancti
999 4904 1318 4988 Salvatoris
1347 4904 1567 4977 nempe
1577 4904 1654 4988 de
1673 4921 1796 4978 qua
1818 4907 2152 4988 Bernartius

494 4977 778 5059 Guidpnis
793 4977 855 5032 in
873 4977 1147 5059 catalogo
1164 4965 1588 5059 episcoporum
1605 4965 2150 5059 Lemovicensium,’
2263 4995 2393 5059 que
2411 4965 2614 5038 divino
2633 4965 2874 5059 judicio
2886 4965 3105 5038 rursus
3121 4965 3608 5054 ignewcrematam
3628 4965 3762 5059 anno
3773 4965 3845 5025 954

491 5072 518 5130 tt
545 5047 905 5130 Ludovicus,
937 5048 1152 5130 inquit,
1183 5047 1548 5130 Francorum
1563 5063 1668 5130 rex
1688 5053 1866 5130 atque
1891 5047 2149 5130 impera;
2262 5047 2469 5130 elicior
2493 5059 2581 5130 est
2608 5047 2945 5130 ademarus
2973 5047 3409 5110 Lemovicensis
3439 5047 3757 5130 monachus,

487 5103 582 5203 t9?
598 5103 931 5203 iitigustué,
961 5103 1156 5174 Caroli
1187 5118 1379 5203 Magni
1397 5115 1578 5203 ﬁlius,
1593 5113 1670 5203 in.
1685 5103 2149 5203 palaiidié‘gdii-
2264 5103 2473 5203 ᾟξᾴ)
2498 5103 3842 5203 ξ’ὶέᾗιὶιῆἷὶιξὶῶἓρῗἑᾲᾘᾷἱῖῑρῖιιξῖῷίξτερμίιὲ

485 5193 650 5272 ciaco
673 5177 1046 5272 conventuin
1065 5177 1404 5272 generalem
1441 5177 1632 5272 tenuit
1651 5177 1717 5272 in
1744 5177 2144 5272 Lenioviéino,
2329 5177 2472 5272 (7172795
2928 5177 3758 5272 éEbEaiiiébz’E‘iiai-ma.
3777 5177 3842 5272 ξι]

480 5265 862 5346 regalemque
875 5262 1189 5346 basilicam
1199 5262 1560 5346 sanctissimi
1571 5262 2146 5346 salvatoris,magna
2257 5262 2434 5346 antea
2455 5262 2476 5324 ἐ
2507 5289 2537 5320 ‹‹
2561 5271 2816 5346 Sanctus
2827 5273 3083 5346 'quoque
3101 5269 3384 5346 Martinus
3401 5266 3632 5324 cuidam
3645 5263 3846 5346 paupﬂ;

655 5319 844 5418 gloss
872 5336 932 5390 in
959 5351 1163 5422 ιηρηεεε
1193 5333 1430 5422 Octobri
1455 5319 2145 5422 ‘praacipi‘tdediéari‘le:
2256 5319 2390 5394 61116
2399 5319 2527 5422 jpa
2551 5319 3082 5414 aranearum“,
3103 5319 3720 5414 austeritas
3737 5319 3846 5422 ast

481 5389 748 5488 movicis,
778 5408 839 5462 in
869 5425 990 5488 qua
1011 5407 1276 5488 levatum
1303 5389 1672 5488 sanctissimi
1687 5389 2140 5488 Martialis—bor-
2254 5389 3621 5488 ﬁ'ériiﬁ’ﬁziﬁﬁé’"ét'aagciié
3655 5401 3716 5457 sit
3738 5389 3841 5451 inde

475 5475 810 5555 pus,_retro_
831 5475 1014 5534 altare
1045 5479 1240 5555 eidem
1267 5477 1699 5555 gloriosissimo
1723 5477 2140 5555 Salvatori_de-
2254 5475 2636 5555 migraturus,
2669 5487 2847 5555 atque
2879 5483 2956 5540 ad
3001 5475 3370 5541 “ﬁttelensem
3415 5481 3605 5538 vicum
3647 5475 3840 5547 ρεπεῐι·

473 5548 762 5620 dicatum,
793 5548 857 5604 in
887 5553 1092 5622 crypta
1111 5549 1356 5621 majoris
1379 5549 1570 5618 voltze,
1593 5553 1885 5621 praesente
1923 5549 2136 5607 eodem
2255 5548 2440 5611 turias.

2263 4835 2395 4920 ipso
2424 4837 2806 4920 imperatore,
2821 4837 3036 4920 eodem
3057 4837 3122 4894 in
3143 4853 3360 4920 mense
3381 4835 3719 4920 posituram!

2265 4898 2336 4964 ἑο
2361 4898 2631 4980 tempore
2659 4898 2820 4966 dicta
2849 4915 2942 4968 est
2963 4915 3024 4968 et
3045 4909 3296 4968 ecclesia
3327 4898 3684 4974 SfllartiaIiS,
