4096 6138
209 107 315 163 749

1545 104 1916 163 SERMONES
1973 104 2303 170 QUINQUE.

3523 78 3630 172 πο

212 228 520 300 Siquidem
549 228 662 286 iste
690 245 814 286 non
843 229 1222 286 obliviscetur
1255 229 1524 286 misereri
1549 248 1562 299 ;
1587 230 1692 286 sed
1724 230 1866 285 cha—
1892 229 1944 286 Δ
1973 231 2262 286 armatur.
2295 230 2515 286 Omnes
2541 247 2785 306 quoque
2815 233 3138 291 catholicos
3161 234 3447 294 admonet
3473 237 3632 295 Chri.

207 317 352 373 ritas
379 335 516 390 quae
547 318 717 375 illum
747 319 956 389 coegit,
993 324 1055 374 ut
1109 319 1300 375 divisa
1341 319 1661 391 chlamyde
1713 334 1866 391 pau-

218 422 425 479 perem
454 423 592 462 cum
625 423 733 463 sua
771 408 1038 463 nuditate
1091 408 1347 477 vestiret,
1379 409 1569 464 multo
1598 424 1760 464 nunc
1790 408 1872 463 fa-

209 496 381 552 cilius
411 513 551 552 eum
578 496 792 567 ﬂectet,
826 502 892 553 ut
947 513 1060 553 nos
1091 498 1169 554 ab
1202 498 1292 555 ira
1320 499 1468 570 Agni
1503 499 1552 554 si
1577 503 1872 555 correctos

207 584 718 730 videritigereptos
747 585 1085 644 coelestibus
1119 588 1337 646 divitiis
1371 587 1874 662 superabundans

209 675 396 730 absco
487 679 567 730 at.

209 675 567 732 abscondat.

879 784 1107 840 SERMO
1138 786 1208 839 V.

584 908 731 980 (130)
760 910 1000 966 IN'FESTO
1034 927 1227 968 SANOTI
1254 929 1501 969 MARTINI.

214 1015 416 1088 [Apud
450 1019 711 1085 Martem,
751 1018 918 1074 Thes.
949 1018 1176 1075 Anecd.
1214 1023 1363 1075 tom.
1395 1023 1460 1090 V,
1503 1018 1615 1075 col.
1648 1021 1772 1088 617,
1806 1035 1878 1074 ex

800 1124 914 1162 ms.
948 1107 1298 1180 Bigoriano].

292 1214 472 1269 Sacra
498 1212 625 1267 haec
668 1211 960 1269 hodierna
1003 1213 1370 1283 solemnitas,
1415 1214 1622 1270 fratres
1662 1213 1882 1269 charis-

217 1301 374 1369 simi,
408 1300 586 1356 nobis
619 1306 705 1357 est
735 1302 1148 1359 venerabiliter
1175 1320 1313 1359 cum
1347 1319 1588 1359 summa
1612 1318 1880 1358 reveren-

220 1391 304 1447 tia
332 1391 682 1458 excolenda',
713 1393 773 1447 in
804 1408 926 1464 qua
955 1393 1218 1448 domnus
1246 1397 1447 1449 noster
1504 1395 1566 1448 B.
1596 1393 1877 1449 Martinus

218 1496 512 1536 coronam
565 1497 686 1535 suae
740 1480 1221 1552 praeclarissimas
1282 1481 1694 1550 confessionis,
1745 1481 1880 1537 licet

1978 317 2052 372 sti
2077 317 2355 384 Ecclesia,
2389 323 2454 374 ut
2479 335 2550 375 eo
2603 320 2807 376 minus
2863 323 3109 379 terrenis
3153 324 3336 381 rebus
3360 327 3634 385 animum

1979 401 2499 479 subponant,fquo
2532 422 2595 462 se
2624 407 2883 481 patriam
2902 410 2964 465 in
2995 411 3158 467 ccelis
3186 413 3408 471 habere
3427 415 3635 472 memi-

1977 490 2189 546 nerint.
2219 495 2488 566 Namque
2544 496 2660 552 hoc
2688 496 2911 554 distare
2957 499 3108 556 solet
3162 500 3314 558 inter
3343 503 3558 562 electos
3580 507 3638 562 et

1977 580 2470 668 reprobos,quod
2494 585 2660 642 electi
2684 586 2982 658 peregrini
3009 603 3172 644 nunc
3198 594 3255 646 et
3282 592 3512 649 exsules
3533 609 3638 668 pa-

1980 667 2156 724 triam
2182 675 2496 743 expectant
2525 673 2586 729 in
2619 673 2838 748 futuro,
2859 678 3148 749 tantoque
3173 677 3376 736 minus
3403 667 3638 752 gaudiis

1980 755 2350 814 delectantur
2375 761 2638 830 caducis,
2694 768 2921 836 quanto
2980 779 3042 820 se
3099 765 3360 837 patriam
3388 768 3450 824 in
3475 768 3640 825 ccelis

1981 843 2204 900 habere
2227 845 2715 907 desideraverint.
2747 855 2820 908 At
2875 856 3083 911 contra
3109 853 3352 926 reprobi
3407 855 3504 912 hic
3533 857 3642 914 ha-

1983 932 2127 989 bent
2154 935 2410 1006 patriam
2441 943 2498 994 et
2518 940 2808 1009 gaudium
2859 942 3218 1013 miserabile,
3269 947 3325 1001 et
3353 943 3562 1002 dicunt
3581 945 3646 1002 in

1986 1022 2480 1083 delectationibus
2505 1028 2728 1102 iniquis
2757 1030 2884 1088 dies
2937 1049 3102 1104 suos,
3134 1037 3192 1090 et
3220 1033 3281 1090 in
3312 1038 3537 1107 puncto
3566 1034 3649 1092 ad

1985 1113 2219 1171 inferna
2247 1114 2643 1187 descendunt,
2670 1119 2840 1187 ,sicut
2868 1121 3157 1194 scriptum
3184 1126 3273 1178 est
3300 1139 3314 1178 :
3347 1123 3458 1186 Qui
3483 1124 3650 1181 bona

1988 1209 2257 1273 egerunt,
2288 1204 2462 1261 ibunt
2492 1205 2554 1262 in
2583 1207 2768 1264 vitam
2799 1215 3106 1280 aeternam,
3164 1213 3270 1285 qui
3293 1229 3436 1270 vero
3485 1213 3649 1272 mala

1989 1291 2049 1346 in
2081 1292 2282 1360 ignem
2313 1298 2600 1351 aeternum
2629 1315 2640 1364 ;
2673 1313 2937 1369 quorum
2967 1301 3184 1357 vermis
3210 1317 3334 1358 non
3363 1303 3652 1360 morietur

1993 1385 2050 1437 et
2073 1381 2226 1449 ignis
2257 1399 2380 1440 non
2409 1384 2877 1456 extinguetur-JH
2907 1390 3322 1465 cujuscunque
3351 1409 3495 1450 aure
3521 1395 3652 1451 haec

1994 1487 2112 1526 vox
2128 1472 2591 1542 pervenerit,aut
2622 1474 2834 1538 beatus
2867 1478 2973 1533 erit
3001 1479 3076 1534 de
3102 1479 3416 1538 devotione
3448 1498 3654 1539 emen-

219 1567 534 1640 quondam
559 1569 622 1624 in
649 1568 958 1625 Dominico
1014 1569 1130 1637 die,
1166 1574 1365 1625 tamen
1410 1569 1588 1625 hodie
1619 1568 1881 1624 nobisin
1919 1582 1962 1636 Β
1997 1559 2273 1628 dationis,
2302 1565 2405 1616 aut
2459 1578 2597 1617 reus
2627 1562 2701 1618 de
2755 1569 3104 1638 contemptu
3159 1571 3652 1629 annuntiationis.

220 1657 386 1712 caelis
417 1673 453 1712 a
482 1657 735 1713 Domino
759 1659 901 1713 Jesu
931 1657 1158 1715 Christo
1181 1663 1502 1714 coronatus
1527 1657 1878 1727 gratulatur.

221 1746 610 1816 Congaudere
635 1746 950 1814 debemus,
1003 1746 1215 1802 fratres
1268 1747 1622 1818 eharissimi,
1670 1747 1882 1802 solem-

219 1835 338 1891 niis
367 1841 732 1902 sanctorum,
769 1836 875 1890 sed
924 1836 1226 1908 praecipue
1285 1835 1523 1908 primati
1575 1836 1882 1891 confesso-

219 1942 360 1980 rum
387 1925 461 1980 de
487 1941 610 1996 quo
634 1924 908 1980 canimus
944 1944 956 1978 :
989 1925 1101 1979 Cui
1120 1925 1406 1979 Dominus
1432 1931 1565 1994 post
1589 1926 1884 1994 apostolos

222 2021 460 2070 tantam
488 2015 747 2083 gratiam
804 2015 1082 2080 conferre
1109 2014 1393 2082 dignatus
1423 2020 1527 2079 est,
1579 2019 1648 2068 ut
1681 2015 1741 2068 in
1775 2014 1890 2068 vir-

221 2108 354 2158 tute
382 2103 691 2158 Trinitatis
719 2102 962 2170 dei/tow,
993 2107 1327 2158 mereretur
1353 2102 1488 2169 ﬁeri
1517 2103 1698 2156 trium
1732 2118 1891 2156 mor-

222 2199 469 2248 tuorum
499 2192 822 2248 suscitator
877 2192 1252 2264 magniﬁcus.
1297 2191 1442 2248 Dicit
1470 2192 1630 2247 enim
1653 2194 1711 2246 B.
1747 2195 1893 2248 Pau-

220 2281 321 2337 lus
341 2279 417 2336 de
439 2280 686 2337 talibus:
713 2279 866 2347 Quos
883 2281 1189 2350 praesciuit
1214 2280 1318 2337 hos
1337 2289 1393 2337 et
1410 2281 1894 2350 praedestinavit:

228 2370 385 2438 Quos
426 2375 624 2426 autem
644 2370 1116 2438 praedestinavit,
1168 2368 1271 2425 hos
1301 2377 1356 2426 et
1384 2374 1638 2438 vocavit,
1661 2376 1716 2426 et
1748 2385 1892 2441 quos

227 2459 480 2526 vocavit,
504 2459 640 2514 illos
661 2464 713 2514 et
728 2458 1111 2528 justiﬁeavit:
1129 2473 1273 2528 quos
1297 2464 1492 2514 autem
1507 2459 1890 2528 justiﬁcavit,

229 2565 326 2605 eos
356 2554 408 2604 et
428 2547 838 2619 magniﬁcavit
861 2547 1050 2618 (Rom.
1071 2563 1192 2618 vui,
1210 2547 1318 2619 30).
1340 2551 1452 2604 Nec
1478 2547 1638 2607 enim
1671 2549 1727 2604 S.
1752 2550 1895 2605 Mar-

140 2697 156 2709 .
232 2639 392 2694 tinus
419 2636 494 2692 de
524 2640 651 2694 tam
674 2635 1010 2712 longinqua
1033 2636 1307 2708 regione,
1342 2636 1405 2692 id
1435 2641 1527 2693 est
1564 2642 1638 2692 de
1667 2640 1898 2694 Panno-

231 2726 451 2794 nia,ad
478 2741 590 2781 nos
618 2741 812 2798 usque
829 2725 1076 2795 veniret,
1095 2725 1144 2780 si
1170 2742 1205 2781 a
1232 2726 1484 2782 Domino
1499 2728 1636 2781 Jesu
1663 2725 1895 2783 Christo

234 2818 458 2874 electus
487 2831 610 2872 non
640 2815 848 2870 fuisset
874 2833 885 2869 :
945 2831 1056 2870 nec
1108 2814 1325 2870 Juliani
1353 2814 1729 2887 imperatoris
1761 2831 1898 2872 con-

236 2909 526 2964 temneret
550 2904 886 2976 jussionem
927 2907 984 2960 et
1017 2907 1338 2976 parentum
1366 2903 1753 2971 voluntatem,
1783 2903 1832 2959 si
1861 2919 1899 2961 a

235 2995 360 3050 Deo
401 2993 579 3050 nobis
609 3009 734 3050 non
761 2992 972 3049 fuisset
1031 2993 1508 3064 praedestinatus.
1553 2997 1668 3050 Nec
1699 2997 1898 3049 tantus

232 3083 433 3137 honor
482 3081 682 3153 regius
737 3085 794 3136 et
872 3079 1131 3136 dulcedo
1204 3080 1500 3136 nobilium
1577 3085 1898 3155 parentum

233 3171 322 3227 illi
372 3169 556 3227 fuisse
607 3169 1005 3238 exsecrabilis,
1039 3169 1156 3226 sia
1191 3173 1309 3227 Deo
1363 3186 1487 3226 non
1530 3171 1743 3228 fuisset
1791 3186 1900 3227 vo-

236 3264 411 3318 catus
441 3265 496 3318 et
525 3259 702 3316 nobis
731 3259 1082 3334 praelectus
1109 3265 1168 3316 et
1195 3261 1330 3334 pius
1368 3259 1724 3318 intercessor
1755 3275 1900 3317 con-

236 3351 743 3419 donaumlagna
761 3348 1303 3419 nobis,charissimi
1321 3349 1529 3406 fratres
1551 3347 1898 3406 consolatio.

237 3444 390 3497 Tam
419 3437 1057 3511 magnum'prsemium
1106 3439 1282 3494 nobis
1325 3438 1533 3496 datum
1561 3439 1903 3496 considera-

239 3546 404 3600 mus,
436 3528 540 3588 sed
571 3527 998 3598 negligentiam
1030 3527 1285 3601 torporis
1315 3532 1372 3585 et
1394 3527 1644 3600 ignaviae
1682 3533 1904 3586 nostras

240 3616 747 3692 pertimescimus.
769 3615 1078 3673 Talentum
1111 3607 1253 3687 ergo
1280 3633 1594 3689 magnum,
1611 3621 1668 3675 et
1696 3618 1911 3674 inaesti-

241 3706 472 3765 mabile
521 3710 998 3777 sacramentum,
1030 3705 1207 3762 nobis
1263 3710 1319 3761 et
1341 3705 1405 3762 in
1459 3707 1633 3762 vobis
1683 3707 1746 3763 in
1775 3707 1910 3778 ipso

243 3810 605 3853 concessum
633 3798 753 3850 est:
773 3793 942 3868 quod
973 3793 1425 3850 commodatum
1441 3794 1728 3852 veraciter
1745 3794 1911 3868 apud

243 3886 503 3943 idoneos
534 3884 822 3960 proﬁcere
866 3887 1082 3957 potest,
1145 3883 1308 3956 apud
1339 3882 1708 3954 negligentes
1736 3885 1912 3956 depe—

241 3976 364 4034 rire
391 3990 517 4030 non
545 3971 904 4047 potest.Al.iis
937 3971 1402 4044 cumjmultiplici
1432 3972 1624 4042 gratia
1644 3972 1915 4029 restitue-

245 4071 369 4131 tur,
385 4064 470 4120 ιώ
497 4063 627 4120 aliis
656 4078 797 4119 eum
823 4077 1148 4136 poenarum
1176 4077 1362 4118 usura
1389 4061 1914 4134 requiretur.Chri-

249 4161 384 4212 stus
416 4154 576 4211 enim
590 4152 884 4210 talentum
913 4153 1079 4229 quod
1093 4151 1442 4209 commodat
1470 4168 1609 4208 cum
1626 4168 1812 4210 usura
1831 4168 1917 4209 re-

248 4245 472 4320 quirit;
506 4249 562 4301 et
592 4244 839 4300 solventi
897 4243 1152 4314 gratiam
1181 4242 1478 4315 rependit,
1532 4259 1657 4299 non
1690 4243 1919 4302 solven-

250 4340 379 4394 tem
400 4333 597 4408 pcenis
610 4333 865 4406 deputat
879 4336 935 4390 et
961 4332 1202 4403 ignibus
1214 4332 1640 4405 suppliciisque
1661 4333 1918 4390 aeternis.

1996 1649 2319 1722 Loquimur
2342 1650 2503 1706 enim
2528 1651 2959 1710 beatitudinem
2979 1655 3360 1714 credentibus
3384 1678 3396 1727 ;
3425 1665 3654 1717 contes-

1993 1742 2191 1795 tamur
2213 1740 2509 1811 judicium
2565 1742 2941 1812 criminosis;
3002 1745 3295 1817 quoniam
3346 1747 3525 1805 hodie
3555 1765 3655 1805 su-

1996 1843 2154 1897 mus,
2185 1833 2241 1883 et
2287 1829 2392 1900 qui
2447 1829 2647 1887 futura
2699 1831 2892 1904 pariat
2915 1831 3042 1888 dies
3072 1833 3442 1904 ignoramus.
3500 1839 3654 1906 Ergo

1993 1916 2144 1972 dum
2176 1922 2413 1989 tempus
2443 1919 2739 1976 habemus
2770 1938 3090 1995 operemur
3119 1923 3372 1994 bonum,
3412 1941 3523 1982 nec
3549 1925 3657 1983 ad-

1993 2005 2272 2076 jiciamus
2302 2012 2620 2079 peccatum
2651 2026 2830 2082 super
2859 2015 3195 2083 peccatum,
3213 2013 3504 2085 quoniam
3532 2029 3659 2072 non

1997 2095 2367 2168 relinquetur
2397 2096 2550 2170 lapis
2583 2115 2764 2171 super
2790 2099 3055 2174 lapidem
3102 2102 3208 2181 qui
3227 2119 3350 2159 non
3389 2103 3660 2172 destrua-

1999 2189 2111 2241 tur.
2130 2187 2423 2242 Perversee
2441 2202 2708 2262 namque
2735 2190 3131 2261 cogitationes
3157 2197 3438 2269 separant
3458 2211 3495 2260 a
3517 2193 3660 2264 Deo,

1997 2278 2225 2346 quanto
2255 2275 2450 2344 magis
2475 2292 2758 2348 perversa
2787 2277 3018 2351 opera?
3047 2279 3106 2338 Si
3131 2280 3207 2338 de
3235 2281 3430 2340 verbis
3451 2283 3662 2344 otiosis

1999 2365 2245 2420 redituri
2271 2382 2481 2422 sumus
2505 2367 2802 2423 rationem
2827 2368 2887 2424 in
2918 2369 3015 2425 die
3038 2370 3431 2444 judicii,quid
3459 2373 3569 2431 erit
3586 2375 3665 2440 de

1999 2454 2297 2526 perversis
2329 2455 2610 2530 operibus
2630 2458 2658 2512 ?
2688 2459 2756 2514 Et
2781 2457 2832 2513 si
2854 2457 3154 2530 judicium
3179 2460 3303 2517 sine
3335 2462 3666 2527 misericor-

2000 2542 2200 2600 diailli
2229 2543 2333 2618 qui
2362 2561 2487 2600 non
2543 2545 2678 2603 fecit
2729 2546 3220 2620 misericordiam,
3280 2551 3459 2624 quale
3507 2552 3666 2625 judiv

2003 2630 2159 2687 cium
2186 2632 2296 2689 erit
2321 2632 2402 2688 illi
2455 2633 2560 2706 qui
2589 2633 2726 2692 fecit
2787 2636 3219 2706 negligentiam
3239 2638 3267 2695 ‘2
3321 2639 3667 2700 Charissimi

2002 2722 2200 2775 Patres
2219 2726 2278 2775 et
2303 2721 2510 2777 fratres
2535 2741 2547 2791 ;
2574 2723 2637 2778 in
2662 2729 2960 2796 quantum
2985 2727 3446 2798 justi,Patres,in
3475 2743 3668 2799 quan-

2006 2812 2133 2863 tum
2161 2812 2696 2882 peccatores,’socii
2727 2816 2785 2869 et
2812 2813 3040 2884 fratres,
3064 2815 3452 2873 admonendo
3477 2819 3534 2872 et
3563 2815 3668 2872 ob-

1932 2939 1972 2995 C
2008 2896 2300 2954 secrando
2329 2897 2485 2970 dico,
2522 2915 2598 2956 ne
2625 2900 2997 2960 obduremus
3026 2903 3212 2960 corda
3240 2907 3479 2974 nostra;
3511 2919 3665 2978 quon

2005 2987 2171 3042 niam
2203 3002 2312 3042 nec
2344 2988 2611 3056 scientia,
2639 3005 2750 3045 nec
2780 2990 2991 3060 oratio,
3023 3006 3219 3064 neque
3250 2992 3512 3049 thesauri
3532 3006 3669 3064 prot-

2005 3075 2220 3131 deruut
2246 3076 2795 3150 propinquantibus
2825 3078 2888 3135 in
2912 3078 3244 3151 infernum;
3274 3080 3419 3153 quia
3441 3095 3554 3137 nec
3582 3079 3669 3138 ibi

2005 3164 2262 3221 habetur
2289 3164 2492 3239 aliqua
2521 3166 2616 3222 vel
2663 3166 2786 3226 ulla
2824 3167 3178 3242 redemptio.
3239 3167 3396 3237 Quid
3433 3183 3577 3240 ergo
3602 3167 3669 3236 in

1997 3253 2230 3329 judicio
2255 3255 2470 3312 dicturi
2497 3256 2720 3314 erimus
2747 3256 2810 3316 in
2838 3258 3156 3332 prtesentia
3183 3258 3342 3316 illius
3373 3257 3479 3333 qui
3509 3258 3667 3334 seip-

2010 3361 2146 3400 sum
2177 3344 2354 3414 virgis
2380 3346 2532 3402 credi
2559 3347 2766 3413 voluit,
2819 3353 3018 3420 sputa,
3073 3348 3350 3422 spineam
3378 3363 3670 3407 coronam

2011 3434 2154 3507 pati,
2187 3433 2457 3508 colaphis
2515 3436 2685 3505 caedi,
2718 3437 2880 3494 cruci
2917 3436 3102 3510 afﬁgi,
3155 3453 3280 3512 non
3337 3439 3535 3498 solum
3557 3454 3670 3522 pro

2012 3522 2208 3592 nobis,
2237 3524 2341 3580 sed
2373 3525 2554 3582 etiam
2586 3542 2694 3598 pro
2725 3526 3078 3584 criminibus
3108 3533 3164 3588 et
3203 3528 3531 3594 sceleribus
3556 3544 3670 3592 no-

2015 3613 2149 3670 stris
2181 3614 2450 3682 traditus,
2482 3631 2520 3672 a
2546 3615 2767 3688 quibus
2820 3617 3081 3690 peccatis
3111 3617 3300 3678 abluti
3326 3619 3390 3676 in
3441 3619 3671 3692 δερῶ*

2015 3707 2176 3760 mate
2200 3708 2259 3759 et
2284 3704 2346 3759 in
2374 3704 2727 3776 pmnitentia
2761 3721 2869 3778 per
2896 3706 3121 3778 ipsum,
3151 3708 3323 3764 toties
3351 3712 3410 3769 et
3433 3707 3672 3781 quoties

2016 3792 2354 3848 reiterando
2366 3792 2548 3865 idem,
2562 3792 2678 3866 ipsi
2695 3798 3039 3866 peccatores
3054 3810 3293 3868 semper
3311 3796 3673 3854 manemus?

2018 3882 2075 3937 Si
2103 3880 2352 3954 quidem
2380 3881 2655 3938 dicamus
2668 3899 2807 3939 cum
2837 3883 3122 3957 Apostolo
3139 3888 3196 3942 et
3224 3901 3364 3943 cum
3376 3885 3678 3960 frequenti

2018 3970 2445 4027 lamentatione
2476 3969 2751 4028 dicamus
2772 3972 3056 4031 assidue:
3087 3975 3318 4044 Infelix
3347 3989 3453 4047 ego
3479 3975 3673 4040 homo.

2020 4061 2152 4133 quis
2182 4075 2274 4117 me
2304 4060 2578 4118 liberabit
2605 4062 2681 4118 de
2708 4076 2956 4132 carpare
2979 4064 3190 4120 mortis
3211 4063 3441 4134 hujus?
3463 4066 3682 4135 Gratia

2022 4150 2133 4207 Dei
2151 4165 2268 4221 per
2287 4151 2489 4208 Jesum
2549 4149 2855 4210 Christum
2887 4154 3074 4222 (Rom.
3103 4169 3202 4224 vn,
3252 4157 3335 4223 '2).
3394 4156 3682 4224 Memores

2025 4240 2188 4297 enim
2218 4256 2347 4297 esse
2376 4239 2670 4298 debemus
2701 4241 3066 4302 voluntatem
3096 4259 3222 4309 non
3259 4247 3548 4316 nostram,
3571 4243 3686 4313 sed

2030 4330 2132 4387 Dei
2184 4328 2377 4388 facere
2409 4329 2669 4388 debere:
2703 4331 2848 4406 quia
2871 4332 2979 4405 qui
3033 4332 3237 4393 fecerit
3283 4335 3422 4407 ejus
3472 4334 3686 4396 volun;

254 4427 384 4480 Hoc
411 4422 722 4486 talentum,
735 4422 946 4479 fratres
975 4422 1331 4493 eharissimi,
1358 4437 1470 4478 nos
1498 4421 1923 4495 praedicatione
2030 4423 2236 4488 tatem,
2286 4423 2493 4478 manet
2538 4420 2601 4477 in
2651 4425 2962 4478 aster-num.
3023 4424 3418 4497 Quapropter,
3476 4424 3690 4484 fratres

255 4518 470 4572 nostra
495 4511 842 4589 pectoribus
871 4511 1083 4569 vestris
1112 4511 1243 4568 vice
1260 4510 1482 4583 egregii
1508 4510 1692 4568 Patris
1713 4511 1924 4568 domui
2033 4509 2384 4580 eharissimi,
2416 4515 2614 4569 mente
2640 4511 2893 4584 integra,
2926 4511 3044 4569 ﬁde
3071 4512 3269 4585 ﬁrma,
3327 4513 3539 4574 virtute
3596 4530 3690 4583 ro:

256 4603 492 4661 Martini
521 4601 1005 4670 commodamus,
1065 4605 1130 4658 ut
1155 4601 1394 4658 lucrum
1423 4598 1672 4674 aliquod
1717 4600 1924 4658 salutis
2033 4600 2233 4668 busta,
2264 4599 2549 4656 charitate
2573 4599 2856 4678 perfecta,
2887 4601 3081 4675 parati
3110 4600 3191 4660 ad
3215 4617 3461 4666 omnem
3487 4601 3695 4664 volun.

256 4696 472 4750 vestnee
500 4694 622 4749 Deo
652 4691 1053 4760 assignemus.
1069 4690 1379 4750 Rationem
1398 4689 1687 4750 reddituri
1716 4706 1928 4747 sumus
2037 4693 2219 4750 tatem
2243 4689 2348 4746 Dei
2373 4689 2583 4757 simus,
2637 4692 3059 4747 conservantes
3113 4689 3340 4749 fortiter
3387 4692 3560 4766 jussu
3581 4696 3696 4758 De:

260 4780 522 4855 qualiter
543 4785 650 4837 aut
675 4779 1022 4853 praedicatio
1082 4785 1290 4837 nostra
1345 4779 1518 4837 vobis
1548 4779 1839 4852 proﬁciat,
1873 4783 1932 4836 et
2039 4778 2284 4849 minica,
2310 4777 2372 4833 in
2423 4776 2800 4850 simplicitate
2837 4777 3266 4849 innocentiam,
3319 4781 3382 4840 in
3409 4782 3698 4846 charitate

264 4857 610 4930 obedientia
635 4869 956 4927 animabus
1011 4869 1220 4926 vestris
1250 4871 1373 4925 Deo
1414 4868 1745 4927 fructiﬁcet.
1779 4867 1931 4926 Volo
2041 4867 2450 4934 concordiam,
2496 4866 2876 4936 modestiam,
2923 4868 2986 4924 in
3041 4867 3392 4944 humilitate,
3452 4872 3702 4948 diligens

265 4961 433 5019 enim
452 4976 563 5016 vos
591 4976 704 5035 pro
730 4964 889 5017 certo
921 4957 1069 5016 scire
1099 4957 1391 5032 quoniam
1436 4958 1586 5015 dum
1611 4959 1932 5033 concupis-
2044 4957 2189 5016 tiam
2216 4957 2278 5014 in
2307 4955 2848 5029 administratione,
2908 4957 3275 5030 vigilantiam
3302 4961 3365 5020 in
3405 4961 3706 5034 adjuvat)»

268 5047 478 5106 centiis
507 5046 957 5105 blandientibus
1011 5062 1153 5105 caro
1210 5046 1502 5106 enerviter
1551 5046 1934 5119 subjugatur,
2047 5048 2140 5105 dis
2167 5046 2606 5116 laborantibus,
2637 5046 3111 5107 misericordiam
3156 5049 3219 5107 in
3247 5050 3522 5108 fovendis
3550 5064 3705 5122 pau-

264 5138 399 5209 jam
421 5135 706 5195 vitiorum
743 5136 1041 5193 exercitus
1072 5135 1362 5193 adversus
1418 5135 1687 5193 animam
1711 5136 1938 5193 fortiter
2049 5138 2315 5213 peribus,
2369 5136 2432 5194 in
2475 5135 2856 5196 defendenda
2901 5139 3144 5198 veritate
3174 5139 3592 5211 constantiam,
3642 5135 3708 5204 in

343 5280 501 5363 ($30)
529 5281 1194 5364 Sequentemspdonis
1215 5279 1574 5364 Turonensis
1595 5281 1786 5361 sancti
1805 5284 1948 5338 Mar-
2054 5283 2147 5364 nis
2177 5281 2382 5364 Sermo
2405 5295 2602 5364 nuper
2645 5287 2872 5364 orante
2897 5280 3281 5363 Theoteloneo
3337 5277 3714 5364 episcopolde

277 5352 387 5411 tini
417 5350 713 5437 canonici,
739 5360 798 5437 et
837 5359 1066 5437 postea.
1092 5354 1326 5437 abbatis
1379 5353 1782 5437 Cluni‘acens‘is
1832 5369 1949 5437 δεῖ·
2058 5353 2370 5437 adustione
2416 5350 2777 5437 3:."Martini
2821 5353 3178 5435 Turonensis
3236 5350 3493 5437 ecciesiar
3521 5350 3716 5437 editus

279 5441 532 5502 manem
557 5423 863 5502 descripsi
877 5443 960 5502 ex_
972 5426 1158 5502 veteri
1189 5423 1952 5502 manuscriptocodiceBi-
2061 5426 2291 5502 incipit.
2326 5428 2402 5502 De
2433 5424 2640 5502 Odone
2698 5441 2840 5481 vero
2869 5424 3118 5502 ejusque
3175 5423 3427 5502 scriptis
3457 5439 3588 5502 non
3627 5427 3717 5482 est

282 5497 554 5574 gotjano,
583 5499 646 5574 in
671 5492 796 5571 quo
819 5501 875 5554 et
909 5498 1060 5554 alius
1085 5498 1360 5574 ejusdem
1393 5492 1583 5574 sancti
1603 5497 1732 5568 jam
1757 5495 1952 5574 editus
2063 5492 2250 5574 quod
2282 5497 2459 5574 plura
2483 5496 2766 5564 scribam,
2799 5492 2958 5574 cum
2998 5492 3241 5574 abunde
3273 5492 3596 5574 ΔΞιλιέῷςξειρῒ
3645 5507 3720 5561 ea

284 5564 348 5625 in
373 5564 742 5626 BibliOtheéa
771 5574 1010 5626 Patrum
1035 5564 1236 5625 sermo
1263 5564 1620 5636 habebatur,
1678 5584 1817 5624 eum
1841 5569 1958 5641 hac
2071 5564 2204 5641 quae
2235 5564 2350 5625 hoc
2392 5569 2477 5641 de;
2497 5569 2885 5641 argumento_
2898 5564 3288 5641 suppeditant
3336 5565 3719 5623 Bibliotheca

289 5641 626 5714 epigraphe
661 5659 673 5698 :
704 5645 942 5715 Sancta:
973 5648 1027 5699 et
1055 5641 1307 5713 egregiae
1335 5641 1764 5698 recordationis
1815 5640 1963 5696 Odo-
2072 5638 2312 5700 Patrum
2340 5643 2398 5698 et
2422 5638 2841 5698 Cluniacensis.
2868 5639 3120 5695 MARTEN.
