4134 6114
549 81 655 132 755

1263 443 1729 564 PROtEMlL’ll
1811 447 2148 564 ΤΟΝᾹΒΙΙ
2221 453 2233 566 1

2341 455 2480 566 llNl
2537 451 2830 570 000le
2903 453 3280 571 ABBATIS.

1333 70 1388 128 S.
1423 69 1683 128 ODONIS
1707 69 1994 128 ABBATIS
2027 71 2158 128 SEU
2199 71 2544 130 ALTERIUS
2587 75 2852 132 ODONIS
2883 75 3195 133 MONACHI
3813 101 3902 156 156

3237 311 3900 346 *ᾑ-ῌά--ῄ-

1735 685 1846 757 (Ex
1869 685 2078 746 codice
2105 687 2446 746 Cassinensi
2485 688 2690 746 saeculi
2717 691 2817 762 χι.)

759 861 1016 960 Incipit
1067 857 1376 972 formula
1414 871 1898 972 supertonos,
1933 863 2240 960 qualiter
2277 863 2768 972 unusquisque
2811 876 3060 972 cantor
3099 867 3168 942 in
3211 867 3517 946 ecclesia
3567 897 3761 972 agere

1233 955 1528 1032 debeat:
1561 959 1805 1034 Gloria
1835 987 1849 1035 :
1887 987 1922 1034 e
1946 955 2047 1035 ῐιο
2071 987 2120 1036 τι
2141 988 2182 1036 a
2206 987 2268 1054 ρ,
2309 964 2383 1038 id
2423 955 2530 1037 est
2561 991 2576 1038 :
2611 955 3049 1040 chulorum
3079 993 3311 1042 amen.

2061 1173 2474 1190 Ψ

630 1309 964 1388 Formnias,
994 1330 1148 1388 quas
1184 1311 1360 1373 vobis
1405 1313 1484 1373 ad
1543 1317 1913 1374 cantandum
1965 1317 2226 1376 scribere

557 1405 900 1480 procuravi,
928 1405 1182 1478 qualiter
1217 1404 1417 1462 omnis
1463 1411 1670 1462 cantor
1721 1408 1982 1464 ecclesiae
2029 1413 2225 1464 tenere

558 1491 776 1552 debeat
803 1499 1016 1551 tonum
1041 1494 1532 1568 antiphonarum,
1551 1495 1886 1552 ofﬁciorum
1919 1513 2028 1554 seu
2060 1513 2224 1554 com-

559 1585 943 1648 munionum,
963 1583 1054 1639 vel
1082 1581 1566 1656 qualemcunque
1597 1591 1838 1642 cantum
1872 1585 2034 1644 adire
2067 1591 2228 1660 pote-

557 1673 654 1744 rit,
677 1688 919 1730 summo
944 1687 1084 1728 cum
1110 1669 1307 1728 studio
1345 1671 1541 1742 legere
1586 1674 1838 1742 studeat,
1872 1677 1975 1748 qui
2025 1693 2226 1732 arcem

562 1760 892 1834 magisterii
915 1760 978 1816 in
1005 1759 1259 1816 ecclesia
1287 1763 1486 1817 tenere
1513 1762 1770 1820 voluerit
1799 1763 1858 1819 in
1889 1769 2090 1820 cantu.
2117 1765 2230 1820 Ad-

564 1857 784 1908 moneo
833 1853 1036 1907 autem
1091 1863 1305 1906 omnes
1353 1853 1650 1918 cantores,
1679 1851 1980 1926 praecipue
2027 1858 2228 1910 tamen

565 1957 689 2010 eos,
720 1939 824 2016 qui
853 1935 916 1996 in
945 1935 1200 1996 ecclesia
1225 1939 1488 2010 majores
1531 1955 1789 2014 prmessc
1839 1943 2136 2012 videntur,
2167 1947 2231 2000 ut

563 2029 830 2105 quotidie
856 2027 1107 2084 subditis
1133 2027 1261 2084 suis
1283 2027 1412 2084 haac
1439 2030 1718 2102 exempla
1763 2030 2036 2088 subtilius
2085 2033 2230 2088 sub-

565 2119 919 2184 ministrant,
945 2131 1022 2174 ne
1049 2115 1298 2190 quando
1327 2117 1674 2190 antiphona:
1697 2119 1758 2175 in
1777 2119 2030 2177 ecclesia
2052 2122 2232 2177 incoe-

563 2205 777 2284 perint,
809 2203 1162 2280 scrupulum
1195 2209 1480 2277 generent
1507 2205 1568 2262 in
1595 2207 1940 2281 incipientia
1986 2210 2227 2284 psalmi.

565 2297 624 2358 et
650 2313 758 2372 per
785 2297 1022 2355 diversa
1049 2295 1341 2370 incipiant
1371 2297 1632 2368 evagari.
1663 2297 2108 2356 Studiositatem
2129 2317 2232 2357 au-

563 2392 686 2446 tem
711 2388 1060 2461 quicunque
1087 2383 1311 2441 habere
1334 2385 1588 2442 voluerit
1623 2385 1684 2442 in
1733 2391 1934 2455 cantu,
1967 2389 2230 2460 quotidie

564 2475 836 2550 perlegat
861 2475 972 2530 has
1019 2471 1310 2529 formulas
1361 2477 1420 2529 et
1455 2473 1844 2542 diﬂ‘erentias,
1875 2491 2028 2548 quas
2057 2479 2120 2533 in
2172 2493 2233 2534 se

567 2563 814 2632 habent,
860 2565 917 2618 et
969 2561 1219 2634 quando
1275 2561 1527 2618 voluerit
1577 2563 1974 2636 antiphonam
2030 2565 2092 2621 in
2143 2583 2234 2623 ec-

569 2649 751 2709 clesia
773 2649 1056 2724 incipere,
1085 2664 1210 2705 non
1239 2653 1436 2706 teneat
1473 2649 1782 2708 introitum
1821 2651 1970 2724 ejus,
2001 2653 2108 2710 sed
2156 2655 2235 2712 ad

567 2739 756 2796 ﬁnem
783 2737 1144 2811 quantocius
1175 2741 1392 2806 currat,
1420 2741 1478 2794 et
1503 2737 1566 2793 in
1591 2739 1764 2809 cujus
1795 2743 1938 2796 tono
1967 2755 2103 2796 eam
2143 2741 2234 2796 in-

571 2827 816 2894 venerit,
855 2825 918 2882 in
968 2824 1157 2898 ipsius
1198 2839 1346 2881 sono
1403 2824 1649 2898 incipiat
1689 2825 2040 2898 psalmum:
2091 2827 2237 2900 quia

570 2920 710 2974 sunt
737 2915 1006 2990 plerique
1037 2913 1096 2971 in
1125 2913 1398 2980 ecclesia,
1423 2931 1494 2971 ex
1517 2929 1778 2988 quorum
1805 2931 2060 2973 numero
2084 2913 2238 2973 mul-

567 3009 662 3065 tos
692 3004 998 3080 conspexi,
1029 3003 1136 3079 qui
1163 3007 1409 3078 propter
1435 3005 1850 3076 arrogantiam
1881 3021 1944 3062 se
1983 3011 2237 3078 antepo-

567 3099 724 3154 nunt
745 3095 996 3158 caneris,
1028 3097 1084 3150 et
1129 3092 1356 3150 faciunt
1409 3110 1588 3150 suum
1631 3097 1863 3158 tonum,
1897 3097 1954 3150 et
2003 3095 2236 3180 dicunt,

565 3184 736 3258 quod
759 3183 894 3240 talis
921 3185 1101 3239 tonus
1121 3181 1195 3238 sit
1220 3185 1279 3237 et
1299 3181 1453 3246 talis,
1485 3185 1542 3238 et
1571 3183 1683 3255 ipsi
1721 3199 1828 3256 per
1879 3185 2086 3240 omnia
2127 3185 2237 3241 fal-

567 3265 738 3342 lunt;
767 3275 823 3329 et
849 3271 968 3328 hoc
1003 3285 1130 3327 non
1167 3267 1393 3327 faciunt
1447 3283 1559 3344 pro
1601 3272 1719 3328 alia
1767 3289 1972 3344 causa,
2002 3273 2118 3330 nisi
2174 3277 2240 3331 ut

569 3359 840 3432 magistri
868 3361 1200 3433 appareant
1223 3363 1358 3417 ante
1387 3359 1541 3417 illos.
1575 3361 1672 3418 Isti
1697 3359 1842 3418 tales
1898 3359 2035 3436 plus
2064 3361 2238 3420 dam-

567 3451 878 3508 nationem
907 3449 1022 3506 sibi
1051 3449 1266 3507 exinde
1287 3449 1626 3523 acquirunt,
1658 3466 1846 3522 quam
1866 3451 2235 3520 mercedem,

565 3541 714 3615 quia
739 3539 953 3597 beatus
980 3555 1144 3614 papa
1171 3539 1491 3611 Gregorius
1531 3555 1656 3596 non
1684 3539 1962 3597 inertiam
1995 3553 2058 3597 se
2111 3557 2236 3597 sec-

569 3633 729 3688 tatus
755 3627 937 3687 fuissc
961 3629 1128 3698 dixit,
1162 3629 1412 3703 quando
1462 3633 1704 3686 cantum
1745 3627 1940 3686 facere
1989 3631 2236 3702 studuit,

572 3719 680 3778 sed
715 3719 795 3778 ad
823 3718 1206 3777 credulorum
1235 3719 1472 3776 animos
1501 3717 1937 3776 demulcendos
1959 3717 2076 3777 hoc
2103 3719 2241 3778 fecit

569 3809 652 3867 ad
679 3809 927 3867 laudem
957 3807 1293 3866 Conditoris
1323 3809 1530 3866 nostri.

637 3895 843 3956 Nullus
873 3897 1131 3972 denique
1161 3901 1327 3970 putet
1355 3897 1522 3970 quod
1553 3911 1766 3952 omnes
1797 3895 2143 3972 antiphonee
2175 3899 2239 3956 in

571 4003 685 4045 suo
721 3985 1016 4062 principio
1055 4001 1118 4042 se
1165 3985 1528 4042 conveniant
1583 3999 1720 4042 cum
1765 3985 1931 4042 initio
1975 3987 2235 4062 psalmi;

2337 1323 2539 1378 autem
2569 1319 2915 1378 differentiis
2947 1325 3177 1394 septem
3207 1321 3611 1396 conscriptum
3633 1341 3748 1382 esse
3789 1343 3924 1384 mon-

2335 1413 2614 1466 stramus.
2659 1413 2949 1468 Octavum
3001 1425 3138 1467 vero
3184 1411 3248 1467 in
3296 1425 3401 1468 sex
3441 1411 3763 1470 diﬂerentiis
3805 1415 3924 1474 ﬁniri

2338 1499 2703 1555 censuimus.
2732 1499 3029 1574 Septimus
3047 1501 3143 1556 vel
3170 1505 3418 1557 octavus
3436 1503 3552 1558 fine
3569 1503 3815 1560 videntur
3830 1521 3927 1563 esse

2337 1587 2686 1660 concordes,
2711 1589 2818 1646 sed
2847 1589 3140 1664 principio
3173 1587 3412 1646 illorum
3441 1591 3761 1652 discordes:
3805 1596 3926 1652 unde

2337 1677 2594 1736 multum
2619 1680 2828 1736 volunt
2851 1681 3075 1738 habere
3107 1679 3392 1748 studium,
3421 1682 3526 1754 qui
3551 1682 3768 1740 illorum
3811 1687 3929 1740 anti-

2337 1768 2576 1840 phonas
2625 1769 2751 1824 sine
2805 1767 2948 1825 vitio
3001 1771 3262 1842 incipere
3305 1769 3613 1826 voluerint.
3650 1772 3929 1846 Aliquando

2339 1857 2521 1927 enim,
2549 1861 2614 1914 ut
2644 1871 2829 1931 supra
2854 1857 3186 1916 delibatum
3217 1863 3323 1928 est,
3355 1859 3418 1916 in
3447 1875 3554 1916 suo
3575 1859 3726 1918 initio
3751 1877 3802 1917 se
3827 1879 3932 1918 con-

2340 1945 2594 2004 cordant
2623 1965 2762 2005 cum
2789 1949 3045 2022 psalmo,
3077 1947 3280 2022 plures
3301 1953 3506 2007 autem
3530 1949 3590 2006 in
3627 1967 3726 2008 suo
3749 1949 3848 2008 ﬁne
3870 1953 3937 2008 in-

2343 2035 2633 2109 cipienda;
2663 2043 2804 2094 sunt

2488 2161 2806 2209 SEQUUNTUR
2838 2161 2978 2202 OCTO
3018 2161 3146 2202 TONl
3177 2162 3286 2202 CUM
3331 2161 3461 2204 SUIS
3491 2161 3828 2204 DIFFERBNTHS

2699 2253 2788 2309 De
2809 2259 2940 2310 octo
2967 2259 3182 2310 tonora
3211 2269 3320 2324 per
3359 2256 3640 2312 ordinem.

2325 2397 2336 2408 .
2417 2359 2455 2414 I.
2479 2357 2674 2416 Prima
2703 2359 3054 2430 differentia,
3089 2365 3265 2418 tonus
3309 2363 3540 2431 Dorius,
3581 2365 3634 2420 et
3678 2363 3935 2420 authentus

2343 2451 2576 2521 protus,
2609 2465 2727 2505 vox
2763 2451 2945 2522 odax,
2987 2455 3246 2508 metrum
3291 2469 3439 2509 vero
3481 2453 3754 2525 lychanos
3789 2453 3938 2526 hypa-

2343 2543 2480 2605 ton;
2516 2553 2816 2608 organum
2840 2546 3086 2608 anoton,
3123 2542 3490 2615 symphonia
3531 2542 3765 2600 varietas
3803 2543 3936 2616 preti,

2345 2626 2573 2683 chorda
2595 2641 2738 2683 vero
2765 2629 3023 2698 scembs,
3055 2630 3142 2686 uti
3173 2631 3442 2704 primum
3464 2637 3663 2688 tonum
3686 2631 3940 2704 incipiens,

2346 2719 2402 2772 et
2427 2717 2736 2774 schemata
2761 2719 2826 2774 ι).
2861 2719 3194 2792 Loquimur
3216 2721 3531 2793 quomodo
3557 2737 3826 2794 quemque
3862 2719 3940 2774 dif-

2347 2805 2626 2862 ferentias
2655 2807 2724 2878 [Γ.
2758 2823 3016 2881 quasque
3045 2807 3426 2882 differentiae]
3455 2827 3561 2884 per
3607 2809 3842 2881 singulas
3869 2825 3936 2864 as-

2349 2895 2614 2951 cendunt
2665 2899 2722 2952 et
2775 2897 3151 2954 descendunt
3219 2899 3492 2956 tonando
3547 2915 3678 2955 cum
3727 2898 3938 2954 vocibus.

2347 2983 2547 3040 Prima
2608 2983 2940 3044 differentia
2993 2985 3238 3044 inchoat
3265 2989 3328 3044 in
3380 2991 3592 3062 quarta
3637 2987 3815 3054 corda,
3841 3003 3940 3060 qua

2347 3075 2600 3129 vocatur
2625 3076 2867 3144 scembs,
2897 3079 2953 3132 et
2983 3075 3318 3134 serenando
3373 3078 3648 3136 ascendet
3689 3077 3745 3134 in
3781 3079 3942 3132 octava

2347 3177 2484 3233 quae
2513 3160 2726 3218 dicitur
2753 3165 2970 3235 kaphe,
3001 3169 3058 3221 et
3109 3168 3454 3224 serenando
3495 3166 3759 3224 ascendet
3795 3177 3942 3236 usque

2347 3251 2428 3306 ad
2457 3251 2709 3320 tertiam,
2741 3269 2878 3322 quas
2905 3253 3120 3312 dicitur
3149 3269 3234 3324 re,
3263 3261 3322 3312 et
3347 3271 3606 3330 repausa
3633 3256 3728 3311 ubi
3767 3253 3939 3325 incipit.

2347 3339 2558 3413 Incipit
2587 3347 2818 3399 cantus.
3585 3345 3588 3350 ’

2681 3433 2955 3490 Primum
2984 3435 3232 3506 quaerite
3255 3449 3514 3507 regnum
3537 3435 3664 3492 Dei.

2655 3523 2822 3580 Finit
2853 3523 3105 3592 primus,
3135 3523 3352 3593 incipit
3389 3523 3693 3581 secundus.

2419 3631 2484 3686 II.
2515 3627 2791 3687 Sectinda
2811 3641 2954 3684 vero
2974 3625 3303 3684 differentia
3337 3633 3520 3685 tonus
3541 3623 3889 3701 hypoiastius,
3909 3623 3949 3674 et

2347 3717 2542 3792 plagis
2570 3717 2746 3792 proti,
2779 3731 2898 3772 vox
2926 3716 3105 3784 odax,
3123 3721 3388 3773 metrum
3416 3733 3558 3774 vero
3587 3715 3846 3790 lychanos
3869 3709 3949 3779 hy-

2345 3813 2844 3882 paton,organon
2871 3811 3111 3878 ysaton,
3149 3807 3525 3879 symphonia
3553 3806 3788 3862 varietas
3805 3801 3948 3873 plagls

2345 3898 2524 3971 proti.
2543 3897 2778 3956 Chorda
2805 3909 2944 3952 vero
2969 3897 3226 3964 scembs,
3255 3901 3314 3952 et
3357 3897 3664 3953 schemata
3693 3897 3752 3950 D.
3785 3893 3948 3948 Secun-

2347 3987 2428 4044 da
2455 3986 2790 4043 differentia
2813 3985 3058 4042 inchoat
3086 3985 3148 4041 in
3164 4001 3308 4058 quat
3325 3989 3391 4043 ta
3421 3983 3663 4051 chorda,
3685 3995 3803 4057 quae
3822 3991 3950 4034 voca-

569 4077 865 4148 majorem
895 4079 1096 4132 autem
1127 4077 1359 4146 partem
1383 4073 1853 4145 antiphonarum
1883 4074 1944 4130 in
1987 4075 2108 4131 fine
2137 4091 2239 4132 vo-
2274 4063 2314 4120 C
2347 4079 2445 4132 tur
2474 4074 2733 4138 scembs,
2767 4079 2824 4130 et
2851 4073 3122 4130 ascendit
3149 4075 3210 4129 in
3249 4079 3424 4130 sexta
3470 4069 3709 4139 chorda,
3739 4083 3850 4142 qua
3887 4063 3948 4118 di-

569 4165 702 4221 lunt
729 4163 844 4220 sibi
885 4163 1147 4236 incipere
1195 4163 1530 4234 psalmum,
1579 4161 1730 4218 sicut
1786 4164 2156 4237 antiphona:
2193 4164 2240 4220 0

575 4251 810 4310 beatum
821 4253 1186 4322 pontiﬁcem,
1209 4265 1397 4324 quam
1423 4248 1595 4306 multi
1619 4248 1846 4307 faciunt
1867 4251 1942 4307 de
1968 4249 2236 4308 secundo

569 4343 747 4408 tono;
775 4337 882 4398 sed
901 4339 1133 4410 fallunt,
1177 4355 1316 4396 cum
1347 4337 1420 4396 sit
1457 4337 1532 4395 de
1585 4339 1782 4412 primo
1828 4343 1884 4397 et
1925 4341 2000 4398 de
2057 4341 2236 4416 septi-

571 4445 678 4489 ma
703 4429 1058 4488 differentia.
1089 4429 1182 4488 Sic
1209 4431 1268 4486 et
1296 4429 1427 4488 alite
1457 4429 1662 4486 multae
1699 4429 2066 4505 antiphona,
2099 4447 2236 4505 quae

571 4521 636 4579 in
660 4519 935 4578 formulis
960 4520 1326 4594 pmscriptaa
1357 4523 1518 4576 sunt.
1551 4519 1715 4577 Unde
1773 4520 2059 4594 praecipio
2105 4535 2237 4578 om-

570 4611 752 4670 nibus
776 4610 1120 4669 cantoribus
1149 4610 1254 4684 qui
1281 4609 1421 4666 huic
1447 4608 1560 4666 arti
1586 4611 1873 4682 praesunt,
1891 4613 1957 4664 ut
1983 4612 2120 4666 octo
2153 4615 2237 4667 to-

569 4717 704 4770 nos,
735 4717 892 4776 quos
909 4701 972 4756 in
995 4700 1194 4771 ﬁgura
1219 4703 1353 4756 octo
1378 4697 1822 4756 beatitudinum
1843 4697 2234 4771 exposuimus

573 4789 1010 4848 studiosissime
1035 4789 1394 4858 custodiant,
1419 4787 1566 4862 quia
1595 4787 1646 4844 si
1673 4787 1790 4845 hoc
1813 4787 2078 4858 fecerint,
2107 4805 2234 4846 non

571 4879 684 4936 erit
709 4877 822 4934 illis
849 4877 946 4934 hic
973 4877 1146 4933 labor
1171 4877 1502 4948 incassum,
1533 4876 1640 4933 sed
1669 4875 1840 4933 valde
1868 4875 2230 4949 proﬁcuum,

573 4971 633 5026 et
659 4959 830 5026 estin
861 4965 1110 5040 singulis
1139 4981 1351 5024 eorum
1379 4965 1728 5024 ditferentiis
1755 4965 1932 5026 valde
1963 4965 2122 5024 utilis
2139 4983 2234 5025 ra-

571 5058 676 5132 tio,
705 5057 814 5133 qui
842 5072 1084 5114 sensum
1115 5057 1374 5132 potuerit
1398 5071 1634 5130 capere.

643 5149 832 5210 Habet
859 5153 1062 5206 autem
1089 5149 1321 5222 primus
1351 5151 1529 5206 tonus
1573 5146 1782 5204 decem
1817 5145 2180 5205 differentias
2217 5167 2230 5219 ;

571 5239 874 5297 secundus
890 5237 1052 5295 enim
1061 5241 1240 5294 tonus
1251 5251 1459 5306 unam;
1473 5235 1676 5292 tertius
1687 5250 1831 5292 vero
1851 5238 2033 5292 tonus
2055 5235 2234 5309 quin-

570 5344 690 5402 que
709 5327 1055 5386 diﬂ'erentiis
1083 5329 1362 5383 constare
1386 5324 1642 5382 videtur.
1663 5325 1920 5389 Quartus
1957 5339 2101 5380 vero
2121 5339 2233 5380 no-

567 5433 707 5474 vem
721 5417 1148 5488 ﬁnirijubetur.
1166 5415 1418 5482 Quintus
1429 5413 1590 5470 enim
1619 5429 1730 5487 pro
1755 5413 1882 5469 sola
1902 5411 2235 5484 antiphona
2265 5415 2310 5470 D

562 5507 630 5564 in
641 5507 883 5564 duabus
901 5505 1137 5563 videtur
1162 5519 1290 5562 esse
1322 5506 1717 5562 constructus.
1747 5503 1958 5560 Sextus
1981 5501 2142 5557 enim
2171 5501 2234 5560 in

563 5594 700 5656 sola
711 5591 1046 5654 differentia
1059 5594 1335 5664 signatus
1355 5607 1487 5654 esse
1501 5591 1891 5666 dignoscitur.
1900 5589 2231 5664 Septimum

2347 4163 2498 4220 citur
2517 4167 2681 4232 neth,
2713 4169 2770 4220 et
2793 4162 3104 4220 descendit
3139 4162 3220 4220 ad
3271 4165 3566 4236 primam,
3599 4177 3726 4235 quas
3761 4159 3953 4214 vocatur

2349 4253 2480 4326 buc,
2507 4259 2566 4311 et
2591 4267 2854 4327 repausa
2873 4252 2978 4308 ubi
3007 4251 3214 4324 incipit
3241 4257 3484 4309 cantus.

2630 4343 2968 4400 Secundum
2998 4347 3196 4398 autem
3226 4343 3431 4399 simile
3454 4341 3542 4400 est
3571 4339 3724 4397 huic.

2653 4433 2820 4490 Finit
2843 4431 3139 4489 secundus
3161 4445 3184 4502 ;
3215 4429 3434 4504 incipit
3463 4431 3692 4490 tertius.
3926 4503 3934 4514 ο

2417 4524 2504 4576 III.
2529 4522 2718 4579 Tertia
2744 4521 2924 4591 igitur
2950 4519 3286 4578 differentia
3341 4526 3526 4578 tonus
3581 4516 3784 4576 Eolius
3821 4521 3956 4566 semi-

2341 4611 2540 4666 tonius
2561 4615 2618 4667 et
2647 4611 2967 4666 authentus
3007 4609 3316 4667 deuterus.
3345 4613 3474 4666 Vox
3519 4607 3724 4680 jubilo,
3747 4603 3950 4692 metruin

2341 4715 2483 4756 vero
2494 4697 2718 4772 hypate
2732 4715 2966 4766 meson,
2986 4713 3284 4770 organum
3305 4700 3382 4756 ch
3389 4689 3954 4768 amilon.Symphonia

2339 4789 2599 4846 varietas
2617 4788 2864 4862 deuteri,
2879 4787 3106 4846 chorda
3121 4806 3264 4846 vero
3295 4789 3518 4864 caphe,
3533 4791 3590 4844 et
3621 4783 3888 4841 schemata
3907 4775 3950 4851 Β,

2339 4877 2872 4936 Tertiadifferentia
2887 4879 3379 4936 inchoatinnona
3403 4877 3652 4947 chorda,
3665 4887 3788 4947 qua
3817 4877 3952 4924 reca—

2339 4969 2436 5024 tur
2473 4967 2682 5038 caphe,
2713 4971 2770 5024 et
2805 4967 3088 5025 ascendet
3117 4969 3196 5025 ad
3249 4968 3640 5024 undecimam
3695 4955 3946 5017 cho‘rdam,

2340 5071 2476 5130 quae
2488 5055 3069 5130 dicitursuggesse,et
3078 5057 3610 5130 descendetusque
3631 5053 3691 5109 in
3701 5047 3946 5124 quartam;

2341 5162 2478 5220 quis
2504 5145 2720 5204 dicitur
2747 5147 2988 5216 scembs,
3013 5153 3070 5204 et
3095 5163 3358 5220 repausa
3386 5145 3450 5203 in
3479 5143 3770 5202 schemata
3787 5135 3839 5192 Ε.

2963 5241 3108 5293 Item
3139 5241 3376 5294 cantus.

2558 5325 2759 5382 Tertia
2783 5325 2906 5382 dies
2935 5331 3042 5396 est,
3075 5326 3234 5398 quod
3273 5326 3401 5382 haec
3425 5325 3596 5394 facta
3633 5320 3778 5376 sunt.

2696 5411 2863 5468 Finit
2895 5415 3142 5484 tertius;
3179 5413 3394 5481 incipit
3417 5415 3682 5482 quartus.

2413 5503 2500 5558 IV.
2522 5503 2564 5569 Q
2573 5503 2742 5559 uarta
2755 5502 3010 5558 sumitur
3022 5507 3224 5560 autem
3239 5499 3575 5558 differentia
3595 5503 3755 5553 tonus
3774 5485 3942 5569 canitis

2343 5593 2399 5648 et
2420 5567 2613 5664 plagis
2641 5589 2890 5665 deuteri,
2916 5607 3032 5650 vox
3052 5591 3266 5666 jubilo,
3321 5591 3582 5650 metrum
3621 5595 3747 5641 vero
3762 5567 3942 5649 ΙιῙΡδίθ
