4096 6138
291 147 396 204 757

1589 142 1972 202 OPUSCULA
2013 145 2103 204 DE
2141 149 2424 211 MUSICA.

3615 147 3722 202 758

289 280 523 335 meson,
557 279 854 336 organum
883 264 1140 338 saipion,
1173 265 1538 342 symphonia
1552 266 1808 326 varietas
1829 266 1954 341 pla-
1981 271 2028 329 Α
2066 271 2227 339 neth,
2259 276 2317 330 et
2344 271 2612 329 ascendit
2645 283 2838 342 usque
2868 269 2945 328 ad
2975 271 3257 326 octavam
3283 283 3421 340 quae
3449 267 3724 324 nomina-

292 356 383 426 gis
415 354 662 411 deuteri.
698 355 930 411 Chorda
957 371 1098 412 vero
1144 372 1384 428 czmar,
1435 361 1492 412 et
1532 357 1840 414 schemata
1889 359 1949 414 E.

295 445 518 511 Quarta
544 447 743 500 autem
765 442 1096 502 differentia
1118 445 1371 504 sumitur
1391 445 1451 504 in
1471 445 1684 520 quinta
1704 445 1953 517 chorda,

291 549 430 607 quae
459 533 673 591 dicitur
701 548 950 607 camar;
983 538 1039 590 et
1063 535 1334 594 ascendit
1348 535 1428 594 ad
1454 535 1795 610 septimam,
1819 552 1955 608 quas

291 626 542 680 vocatur
569 622 794 689 uciche,
835 626 892 680 et
917 622 1226 682 descendit
1255 625 1335 684 ad
1367 625 1621 692 tertiam,
1651 641 1788 698 quae
1817 625 1957 684 dici-

293 716 390 771 tur
412 727 498 784 re,
526 715 584 769 et
610 726 870 785 repausa
897 712 1002 770 ubi
1030 713 1255 788 incipit.

919 823 1064 877 Item
1094 825 1326 880 cantus.

667 908 897 975 Quarta
927 912 1140 982 vigilia
1166 913 1326 969 venit
1355 913 1437 970 ad
1464 927 1577 969 eos.

605 997 771 1053 Finit
799 1005 1087 1072 quartus;
1123 1002 1332 1072 incipit
1365 1004 1630 1074 quintus.

366 1102 437 1158 V.
472 1101 687 1166 Quinta
717 1103 895 1174 igitur
937 1105 1268 1164 differentia
1313 1107 1570 1164 sumitur
1599 1112 1775 1164 tonus
1822 1123 1956 1179 par-

294 1208 531 1259 menus,
563 1198 622 1249 et
660 1194 980 1250 authentus
1013 1195 1200 1266 tritus,
1231 1213 1349 1254 vox
1376 1213 1520 1253 vero
1551 1196 1806 1264 excelsa,
1829 1213 1955 1252 me-

295 1286 456 1339 trum
510 1297 654 1338 vero
707 1287 1000 1357 parypate
1049 1301 1284 1357 meson,
1347 1301 1645 1357 organum
1698 1285 1952 1358 cuphos,

296 1370 660 1445 symphonia
688 1372 944 1428 varietas
971 1373 1341 1441 triti,chorda
1369 1375 1680 1445 verojasel,
1705 1379 1761 1431 et
1785 1375 1951 1430 sche-

296 1465 458 1517 mata
484 1463 548 1516 D.
583 1461 799 1526 Quinta
826 1478 969 1518 vero
1016 1463 1281 1520 imitatur
1324 1464 1402 1520 ad
1455 1469 1665 1520 octava
1707 1463 1954 1534 chorda,

295 1567 430 1624 quas
458 1554 700 1607 vocatur
728 1553 872 1620 asel,
905 1558 960 1608 et
989 1553 1325 1610 ascendens
1355 1553 1434 1610 ad
1454 1553 1794 1625 undecima,
1818 1569 1954 1626 quae

294 1641 509 1700 dicitur
536 1656 804 1713 sucgesse
829 1647 885 1700 et
909 1642 1280 1700 descendens
1310 1643 1389 1700 ad
1436 1643 1776 1714 undecima,
1817 1625 1954 1716 qua!
1995 1625 2035 1678 Β

293 1729 541 1788 discitur
569 1731 732 1802 neth,
765 1737 822 1788 et
846 1748 1108 1805 repensa
1136 1732 1198 1788 in
1229 1733 1535 1789 schemata
1565 1735 1620 1789 F.

998 1823 1241 1880 Cantus.

406 1910 676 1984 Quinque
699 1909 1028 1978 prudentes
1058 1912 1442 1967 intraverunt
1471 1911 1552 1968 ad
1582 1911 1845 1983 nuptias.

639 2001 804 2054 Finit
832 2002 1116 2071 quintus;
1148 2002 1357 2070 incipit
1387 2006 1612 2066 sextus,

368 2106 461 2161 Vl.
498 2106 673 2162 Sexta
703 2121 846 2175 ergo
877 2105 1210 2164 differentia
1226 2111 1404 2162 tonus
1434 2107 1758 2182 epyniceus
1786 2108 1956 2164 semi-

295 2193 513 2262 tonius,
545 2198 600 2250 et
625 2193 818 2266 plagis
868 2195 1002 2261 triti,
1043 2210 1160 2251 vox
1207 2195 1460 2264 excelsa,
1512 2199 1769 2251 metrum
1813 2211 1955 2252 vero

292 2287 586 2356 parypate
611 2299 843 2350 meson,
877 2298 1174 2352 organum
1215 2284 1433 2351 bubos,
1467 2285 1830 2357 symphonia
1855 2301 1955 2341 va-

239 2374 252 2388 '
292 2373 472 2428 rietas
500 2372 694 2446 plagis
716 2373 852 2440 triti,
885 2373 1112 2429 chorda
1139 2389 1282 2429 vero
1297 2375 1459 2442 neth,
1484 2377 1542 2430 et
1564 2375 1873 2430 schemata
1889 2377 1950 2429 F.

295 2463 471 2519 Sexta
516 2476 660 2532 ergo
697 2462 1016 2518 exoritura
1065 2466 1232 2518 sexta
1262 2462 1508 2531 chorda,
1558 2479 1694 2536 qua:
1740 2463 1954 2520 dicitur

2067 364 2159 417 tur
2185 363 2332 434 asel,
2361 367 2419 418 et
2446 361 2755 418 descendit
2785 375 2974 431 usque
3004 359 3067 416 in
3117 357 3350 415 tertiam
3395 374 3531 431 quas
3575 357 3722 414 dici-

2066 455 2158 508 tur
2187 466 2272 520 re,
2301 455 2358 510 et
2384 467 2644 524 repausa
2672 449 2733 505 in
2762 449 3072 505 schemata
3101 450 3160 504 F.

2763 557 3004 612 Cantus.

2367 647 2556 703 Sexta
2584 645 2736 702 hora
2759 645 2911 702 sedit
2937 657 3119 714 super
3140 647 3410 713 puteum.

2383 736 2551 791 Finit
2574 741 2774 792 sextus
2785 749 2808 806 ,'
2826 734 3040 803 incipit
3059 734 3361 803 septimus.

2135 845 2246 898 VII.
2311 842 2574 915 Septima
2616 841 2774 898 enim
2803 839 3137 897 differentia
3174 844 3352 896 tonus
3396 837 3638 910 adonta,
3667 843 3724 895 et

2065 932 2383 988 authentus
2406 932 2719 1000 tetrardus,
2733 947 2850 987 vox
2868 930 3186 999 stridentis,
3203 934 3258 985 et
3276 928 3724 984 metrumlicha-

2065 1036 2175 1075 nos
2205 1037 2436 1085 meson,
2469 1036 2764 1089 organum
2795 1019 3039 1088 strigon,
3074 1018 3435 1091 symphonia
3461 1017 3719 1072 varietas

2065 1107 2326 1177 tetrardi,
2345 1107 2571 1163 chorda
2599 1123 2740 1162 vero
2756 1122 3042 1178 sucgesse,
3064 1111 3120 1162 et
3144 1105 3413 1161 ascendit
3453 1104 3532 1160 ad
3575 1104 3722 1159 duo-

2065 1197 2382 1264 decimam,
2406 1213 2538 1270 quae
2564 1196 2778 1252 dicitur
2800 1212 2936 1266 nar,
2973 1199 3030 1252 et
3072 1194 3382 1250 descendit
3434 1194 3494 1250 in
3548 1193 3721 1266 septi-

2066 1302 2250 1355 mam,
2273 1302 2410 1358 quze
2435 1285 2650 1341 dicitur
2669 1286 2855 1352 viehe,
2881 1289 2936 1340 et
2955 1299 3213 1357 repausa
3233 1283 3293 1338 in
3325 1283 3632 1338 schemata
3653 1285 3716 1338 G.

2766 1378 3006 1431 Cantus.

2233 1467 2467 1535 Septem
2496 1472 2635 1521 sunt
2660 1467 2906 1535 spiritus
2937 1469 3078 1520 ante
3107 1463 3389 1519 thronum
3419 1462 3544 1517 Dei.

2374 1556 2538 1610 Finit
2558 1557 2873 1624 septimus:
2908 1554 3115 1622 incipit
3146 1559 3406 1608 octavus.

2135 1663 2270 1716 Vill.
2302 1662 2525 1718 Octava
2549 1677 2691 1716 vero
2721 1659 3052 1716 differentia
3077 1658 3282 1731 incipit
3323 1661 3500 1714 tonus
3547 1656 3719 1714 theti-

2065 1766 2177 1806 con
2199 1755 2255 1806 et
2279 1749 2471 1824 plagis
2501 1749 2761 1817 tetrardi,
2795 1765 2913 1806 vox
2934 1747 3253 1812 stridentis,
3282 1751 3559 1814 metrum,
3577 1761 3720 1802 vero

2060 1840 2334 1898 lichanos
2385 1855 2623 1911 meson,
2677 1854 2974 1910 organum
3031 1835 3290 1894 fonicon.
3351 1835 3722 1908 Symphonia

2062 1929 2318 1984 varietas
2347 1928 2540 2000 plagis
2571 1927 2802 1998 tetradi,
2830 1927 3056 1984 chorda
3076 1931 3278 1982 autem
3293 1925 3457 1992 neth,
3480 1929 3538 1980 et
3557 1925 3722 1980 sche-

2065 2021 2228 2073 mata
2261 2020 2315 2072 F.
2350 2019 2572 2073 Octava
2599 2033 2738 2072 vero
2782 2016 2960 2073 distat
2986 2016 3049 2071 in
3079 2020 3244 2071 sexta
3290 2013 3536 2080 chorda,
3585 2029 3722 2086 quas

2065 2110 2311 2162 vocatur
2342 2106 2502 2174 neth,
2534 2111 2590 2162 et
2620 2105 2887 2162 ascendit
2916 2105 2994 2161 ad
3023 2103 3429 2174 undecimam,
3472 2119 3607 2175 qua:
3638 2102 3724 2157 di-

2065 2196 2214 2252 citur
2236 2212 2521 2267 sucgesse,
2557 2200 2611 2251 et
2639 2195 2949 2251 descendit
2972 2195 3033 2250 in
3060 2198 3309 2261 sextam,
3353 2193 3456 2248 ubi
3495 2191 3718 2264 incipit,

2064 2289 2120 2341 et
2148 2301 2404 2358 repausa
2435 2285 2494 2341 in
2521 2286 2827 2342 schemata
2857 2285 2920 2339 G.

2780 2375 3018 2430 Cantus.

2511 2463 2652 2520 Octo
2685 2469 2822 2520 sunt
2857 2461 3266 2520 beatitudines.

1464 2809 2018 2929 INCIPIT
2107 2810 2538 2928 LIBER

385 3058 515 3140 Qui
557 3068 621 3126 et
664 3059 1117 3128 DIALOGUS
1156 3057 1424 3139 dicitur,
1467 3078 1508 3126 a
1538 3055 1792 3146 domno
1831 3055 2070 3124 Odone
2102 3057 2547 3146 compositus,
2591 3055 3020 3146 succinctim,
3071 3053 3394 3124 decenter
3424 3060 3628 3142 atque

1158 3147 1443 3214 honeste
1503 3146 1588 3215 ad
1645 3145 2007 3216 utilitatem
2064 3145 2444 3233 legentium
2504 3145 2852 3214 collectus.

1421 3357 1525 3430 (Ex
1552 3375 1666 3426 ms,
1709 3358 1982 3416 biblioth.
2015 3361 2158 3430 Reg.
2192 3358 2374 3416 Paris.
2403 3361 2590 3430 72H.)

1316 3683 1838 3774 INCIPIT
1953 3688 2687 3778 PROLOGUS.

362 3988 586 4046 Petistis
650 3988 892 4059 obnixe,
951 3987 1286 4044 charissimi
1362 3988 1590 4057 fratres,
1652 3993 1952 4060 quatenus
1981 3995 2021 4051 C
2057 3992 2497 4065 quinquaginta
2521 3993 2649 4064 jam
2679 3992 2853 4048 annis
2882 3992 2942 4047 in
2973 3989 3228 4047 canendi
3256 4004 3372 4044 usu
3418 3991 3475 4044 et
3513 3987 3714 4045 studio

288 4095 516 4154 paucas
544 4079 716 4136 vobis
744 4078 820 4135 de
845 4079 1079 4134 musica
1106 4077 1346 4148 regulas
1397 4077 1713 4146 traderem,
1771 4083 1951 4152 atque

291 4186 395 4227 eas
425 4169 867 4234 tantummodo,
915 4183 1072 4240 quas
1126 4167 1296 4240 pueri
1348 4171 1406 4223 et
1457 4167 1758 4240 simplices
1793 4168 1954 4223 sufﬁ-

290 4259 450 4316 ciant
477 4273 710 4331 capere,
739 4257 1082 4330 quibusque
1109 4256 1190 4312 ad
1214 4256 1496 4312 cantandi
1526 4256 1799 4330 peritiam
1823 4272 1954 4329 per-

291 4347 508 4406 fectam
526 4347 824 4416 velociter,
849 4349 970 4402 Deo
990 4345 1088 4417 adj
1098 4350 1336 4412 uvante,
1363 4345 1604 4402 valeant
1618 4343 1949 4420 pervenire.

289 4438 466 4505 Quod
490 4436 712 4493 idcirco
740 4435 992 4509 petistis,
1023 4451 1161 4508 qua:
1193 4436 1261 4506 [/.
1290 4435 1454 4508 quia]
1483 4452 1662 4508 posse
1687 4435 1813 4492 ﬁeri
1835 4435 1956 4509 ipsi

290 4527 541 4586 audistis
569 4532 627 4583 et
654 4525 1198 4598 vidistis,certisque
1223 4524 1460 4580 indiciis
1488 4525 1950 4598 comprobastis.

288 4618 610 4674 Vobiscum
640 4616 864 4689 quippe
889 4616 1121 4688 positus
1149 4617 1398 4687 tantum;
1431 4619 1788 4687 cooperante
1834 4618 1952 4672 Deo

289 4723 398 4781 per
425 4708 582 4763 hanc
607 4711 795 4762 artem
824 4705 1128 4778 quosdam
1158 4720 1333 4760 veros
1357 4719 1577 4777 pueros
1607 4719 1676 4760 ac
1698 4705 1952 4775 juvenes

289 4796 490 4863 docui,
523 4795 619 4851 alii
648 4794 862 4861 triduo,
895 4799 960 4849 ut
989 4794 1087 4850 alii
1117 4795 1182 4866 [L
1210 4798 1272 4850 ut
1291 4793 1388 4850 alii
1409 4793 1626 4862 triduo,
1651 4793 1773 4864 alii]
1804 4809 1952 4866 qua-

289 4885 508 4954 triduo,
527 4883 779 4956 quidam
814 4899 956 4939 vero
985 4883 1164 4938 unius
1192 4882 1592 4940 hebdomadas
1623 4883 1817 4956 spatio
1837 4883 1956 4939 hac

291 4979 416 5032 arte
445 4973 766 5041 exercitati,
812 4971 1206 5046 quamplures
1250 4973 1629 5045 antiphonas,
1683 4988 1806 5029 non
1848 4988 1952 5029 au-

289 5064 522 5122 dientes
553 5063 632 5119 ab
683 5062 904 5135 aliquo,
939 5061 1045 5117 sed
1073 5059 1334 5130 regulari
1381 5062 1803 5118 tantummodo
1845 5061 1950 5118 de-

291 5153 615 5226 scriptione
645 5151 903 5208 contenti
932 5166 1040 5224 per
1069 5166 1132 5206 se
1171 5149 1484 5219 discerent,
1516 5155 1572 5206 et
1597 5156 1732 5224 post
1759 5151 1950 5206 modi-

291 5259 430 5300 cum
491 5240 897 5298 indubitanter
940 5239 1290 5313 proferrent.
1338 5242 1464 5298 Non
1510 5239 1714 5296 multis
1737 5244 1951 5313 postea

2056 4081 2336 4138 inutiliter
2367 4085 2842 4155 permanserunt.

2129 4171 2380 4228 Sollicite
2409 4187 2652 4245 quoque
2683 4187 2751 4227 ac
2782 4171 3013 4228 curiose
3064 4167 3581 4238 investigantibus,
3631 4183 3712 4225 an

2057 4277 2164 4334 per
2175 4277 2387 4318 omnes
2408 4265 2619 4318 cantus
2631 4264 2835 4317 nostra
2853 4260 3076 4317 valeret
3094 4257 3384 4325 doctrina,
3400 4262 3712 4332 assumpto

2055 4351 2326 4423 quodam
2373 4350 2568 4418 fratre,
2611 4350 2716 4424 qui
2765 4349 2845 4406 ad
2903 4347 3415 4423 comparationem
3459 4346 3713 4404 aliorum

2057 4445 2371 4496 cantorum
2445 4439 2760 4496 videbatur
2827 4438 3146 4512 perfectus,
3225 4436 3712 4510 antiphonarium

2056 4531 2244 4586 sancti
2276 4531 2537 4600 Gregorii
2563 4529 3012 4601 diligentissime
3060 4526 3428 4598 investigavi,
3478 4526 3541 4583 in
3587 4541 3712 4599 quo

2055 4635 2208 4693 pene
2239 4621 2446 4676 omnia
2472 4620 2820 4691 regulariter
2850 4623 3006 4674 stare
3035 4616 3254 4673 inveni.
3301 4615 3502 4672 Pauca
3546 4630 3710 4682 vero,

2055 4725 2190 4780 qua:
2231 4709 2309 4765 ab
2356 4709 2644 4781 imperitis
2697 4705 3042 4763 cantoribus
3094 4709 3264 4760 erant
3313 4703 3538 4774 vitiata,
3588 4718 3711 4759 non

2055 4797 2256 4852 minus
2287 4798 2627 4871 aliquorum
2659 4801 2970 4852 cantorum
2999 4793 3362 4862 testimonio,
3402 4809 3589 4866 quam
3618 4808 3711 4848 re-

2055 4886 2208 4956 gulae
2236 4892 2374 4943 sunt
2397 4887 3041 4958 auctoritate_correpta
3060 4884 3128 4956 [/2
3159 4884 3463 4956 correcta].
3485 4883 3713 4941 Charis-

2055 4975 2210 5043 simi,
2241 4979 2442 5030 tamen
2473 4975 2532 5030 in
2564 4973 2986 5047 prolixioribus
3038 4973 3312 5030 cantibus
3382 4988 3595 5029 vocem
3632 4972 3713 5030 ad

2054 5064 2242 5120 altum
2293 5068 2502 5120 tonum
2563 5064 2977 5138 pertinentem,
3027 5067 3085 5120 et
3129 5063 3463 5136 superﬂuas
3517 5062 3710 5117 eleva-

2053 5154 2245 5210 tiones
2276 5158 2334 5209 et
2373 5153 2775 5226 depositiones
2805 5157 3012 5212 contra
3055 5152 3328 5224 regulam
3347 5149 3707 5208 invenimus.

2056 5242 2170 5300 Sed
2200 5259 2331 5317 quae
2362 5243 2428 5314 [f.
2460 5244 2624 5316 quia]
2644 5243 2776 5300 illos
2803 5247 3016 5300 cantus
3038 5241 3311 5300 omnium
3334 5255 3483 5295 usus
3501 5239 3712 5295 unani-

291 5330 544 5389 evolutis
603 5329 816 5387 diebus
859 5329 1056 5404 primo
1102 5327 1319 5388 intuitu
1363 5331 1422 5385 et
1472 5343 1546 5383 ex
1598 5327 1946 5400 improviso,
1978 5355 2022 5410 ι)
2056 5332 2228 5390 miter
2283 5332 2663 5403 defendebat,
2726 5332 3048 5389 emendare
3095 5347 3207 5388 nos
3257 5345 3380 5387 non
3423 5343 3713 5402 pressum-

293 5419 548 5494 quiquid
580 5435 686 5492 per
710 5423 1006 5476 musicam
1043 5416 1410 5491 descriptum
1457 5421 1603 5485 erat,
1643 5416 1770 5473 sine
1811 5417 1950 5474 vitio

294 5510 735 5577 decantabant;
766 5507 933 5581 quod
961 5507 1251 5564 hactenus
1285 5521 1639 5563 communes
1681 5511 1952 5565 cantores

294 5615 616 5674 nunquam
667 5598 861 5656 facere
907 5600 1247 5671 potuerant,
1295 5596 1444 5654 dum
1490 5596 1692 5670 plures
1743 5612 1954 5656 eorum

2056 5421 2310 5496 psimus.
2336 5424 2487 5480 Sane
2512 5439 2620 5497 per
2640 5421 2906 5492 singulos
2927 5421 3286 5485 notavimus,
3303 5435 3380 5476 ne
3399 5418 3711 5476 veritatem

2054 5511 2276 5584 regulae
2288 5514 2624 5584 quaerentes
2637 5509 2854 5566 dubios
2871 5508 3258 5566 redderemus
3268 5551 3281 5565 .

2132 5602 2261 5668 Quo
2292 5599 2449 5658 iacto
2485 5598 2702 5672 majori
2723 5596 3020 5655 desiderio
3043 5598 3280 5656 accensi
3319 5595 3711 5656 vehementis-
