4096 6138
396 163 500 215 759
1147 153 1200 208 S.
1245 152 1511 209 ODONlS
1549 145 1840 204 ABBATlS
1884 147 2014 203 SEU
2062 145 2400 204 ALTERIUS
2441 145 2700 202 ODONlS
2741 142 3076 199 MONACHI.
3719 141 3832 194 760

401 281 568 338 simis
610 278 887 352 precibus
917 293 987 332 ac
1015 276 1249 332 nisibus
1289 275 1596 344 institistis,
1651 275 1948 345 quatenus
1978 270 2058 326 ad
2084 277 2131 330 Α
2169 269 2310 326 artis
2365 268 2654 325 doctrina.
2710 266 3056 338 Cuicunque
3114 265 3315 337 itaque
3367 261 3678 336 placuerit,
3741 263 3832 318 in-

402 371 690 426 honorem
723 367 938 436 Dei,ac
966 365 1356 421 sanctissimae
1379 361 1676 434 genitricis
1699 361 1828 433 ejus
1844 359 2056 431 Mariae,
2169 359 2289 415 vito
2363 358 2568 414 labore
2634 355 2866 412 excolat
2909 359 3088 428 atque
3145 353 3470 409 circumeat
3519 368 3832 426 campum.

2172 447 2282 514 Qui
2312 451 2515 504 autem
2545 447 2660 502 hoc
2689 459 2946 518 parvum
2981 443 3080 500 Dei
3105 442 3335 500 donum
3366 441 3445 498 ab
3475 441 3608 514 ipso
3635 457 3842 515 perce-

2172 537 2277 610 pit,
2307 535 2565 609 simplici
2597 534 2908 592 satiabitur
2937 533 3152 590 fructu.
3190 532 3258 588 Ut
3286 535 3488 588 autem
3509 531 3730 586 melius
3759 529 3846 586 in-

2173 625 2446 696 telligetis
2470 626 2606 692 hoc,
2637 627 2696 680 et
2717 621 3054 679 necessaria
3083 637 3192 694 pro
3225 635 3372 676 vera
3397 617 3708 675 voluntate
3741 635 3846 674 ac-

2176 715 2423 789 cipiatis,
2455 730 2611 770 unus
2635 717 2900 769 vestrum
2927 711 3006 768 ad
3035 709 3529 780 interrogandum
3577 708 3675 765 vel
3717 707 3848 764 col-

2176 803 2547 876 loquendum
2579 801 2846 872 accedat,
2875 817 3014 874 quae
3043 804 3222 873 prout
3262 799 3550 855 Dominus
3579 797 3852 855 donave-

2179 895 2272 962 rit,
2303 891 2666 964 respondere
2693 906 2818 948 non
2845 889 3170 961 negligam.

403 459 466 514 in
496 458 667 529 cujus
695 455 1022 512 venerabili
1046 453 1323 510 coenobio
1353 453 1464 508 ista
1493 451 1739 520 ﬁebant,
1771 453 1828 505 et
1866 453 1933 505 ut
1975 463 2063 503 re-

408 547 562 619 gulae
605 546 834 614 ﬁerent,
883 550 1174 616 tanquam
1217 541 1458 598 utilibus
1515 541 1670 596 notis
1727 543 1916 596 totum
1959 553 2064 594 an-

409 635 816 710 tiphonarium
847 649 984 688 cum
1012 635 1292 688 tonorum
1307 629 1578 686 formulis
1607 627 2061 684 describeretur.

484 728 562 780 De
593 722 798 780 vestris
830 721 1007 791 igitur
1033 720 1315 793 precibus
1340 719 1671 785 conﬁdens,
1713 721 1771 772 et
1799 733 2067 772 commu-

413 815 505 870 nis
537 813 720 869 Patris
745 815 1046 884 przecepta
1080 809 1429 881 suspiciens,
1457 809 1572 863 hoc
1611 822 1762 878 opus
1790 806 2071 862 intermit-

416 909 534 960 tere
563 918 674 958 nec
703 900 862 966 volo,
896 916 1004 956 nec
1037 899 1225 956 valeo.
1259 901 1360 954 Est
1381 903 1582 954 autem
1625 896 1790 968 apud
1834 896 2070 968 sapien-

419 998 503 1048 tes
530 993 710 1062 hujus
745 989 944 1046 saeculi
999 988 1172 1045 valde
1221 987 1474 1044 difﬁcilis
1527 989 1584 1042 et
1634 984 1838 1058 ampla
1887 984 2071 1056 hujus

1063 1225 1470 1314 INCIPIT
1565 1224 1962 1312 MUSICA
2061 1221 2414 1309 DOMNI
2508 1220 2912 1310 ODONIS
2997 1240 3180 1315 (131).

1928 1383 2344 1398 ﬂ

1843 1486 2436 1558 SYNOPSIS.

506 1638 551 1691 l.
589 1638 666 1689 De
699 1635 1084 1690 monochordo
1114 1639 1344 1706 ejusque
1377 1652 1508 1688 usu.
1542 1635 1594 1690 2.
1627 1637 1698 1690 Et
1719 1651 2006 1690 mensura.
2031 1637 2088 1692 3.
2196 1635 2276 1689 De
2316 1634 2631 1689 elevations
2688 1640 2745 1688 et
2801 1635 3162 1706 depositione
3201 1635 3520 1688 modorum.
3587 1633 3670 1690 10.
3717 1635 3866 1688 Octo

429 1709 508 1761 De
533 1713 669 1762 tono
698 1713 754 1761 et
775 1706 1098 1761 semitonio.
1123 1705 1173 1760 4.
1205 1708 1282 1759 De
1323 1707 1734 1760 consonantiis.
1761 1709 1816 1761 ὃ.
1855 1707 1931 1759 De
1961 1723 2090 1760 con-
2199 1706 2372 1760 modi.
2409 1706 2492 1761 ll.
2516 1707 2692 1760 Primi
2717 1705 3158 1762 modi’formula.
3193 1706 3276 1760 12.
3295 1706 3534 1760 Secundi
3557 1706 3712 1759 modi
3743 1707 3868 1758 for-

423 1779 822 1848 junctionibus
844 1794 1066 1848 vocum.
1090 1779 1142 1848 6.
1168 1777 1236 1829 Τ(
1255 1778 1308 1828 ni
1334 1783 1390 1831 et
1409 1778 1676 1832 semitoni
1702 1778 1972 1832 discretio
2005 1795 2091 1830 se-
2199 1777 2368 1830 mula.
2409 1778 2491 1832 l3.
2517 1777 2698 1832 Tertii
2721 1779 2870 1831 modi
2915 1777 3193 1848 formula.
3215 1779 3293 1832 l4.
3331 1779 3530 1841 Quarti
3563 1777 3718 1830 modi
3755 1779 3864 1830 for-

431 1847 678 1903 cundum
699 1849 921 1904 modos.
949 1848 1002 1900 7.
1031 1847 1108 1900 De
1129 1847 1408 1902 limitibus
1431 1851 1746 1902 modorum.
1777 1851 1828 1902 8.
1849 1849 1990 1909 Quid
2011 1849 2091 1903 sit
2199 1848 2373 1902 mula.
2399 1847 2482 1902 15.
2512 1848 2700 1911 Quinti
2721 1849 2874 1902 modi
2893 1848 3160 1902 formula.
3182 1847 3262 1903 16.
3297 1848 3450 1901 Sexti
3469 1849 3621 1902 modi
3641 1848 3866 1902 formu-

433 1919 658 1996 modus,
677 1919 820 1972 unde
845 1919 1214 1988 dignoscatur
1231 1920 1487 1990 quisque,
1510 1918 2008 1988 distinguaturve?
2031 1921 2085 1974 9.
2199 1919 2275 1974 la.
2299 1921 2379 1974 l7.
2395 1921 2624 1991 Septimi
2639 1921 2790 1974 modi
2809 1920 3076 1974 formula.
3101 1919 3184 1975 18.
3199 1920 3394 1975 Octavi
3415 1919 3564 1974 modi
3585 1918 3862 1974 formula.

509 2147 559 2196 1.
587 2143 659 2197 D.
694 2139 844 2204 Quid
871 2144 959 2196 est
988 2141 1216 2197 musica
1236 2141 1264 2198 ?

503 2229 586 2285 Μ.
641 2228 931 2284 Veraciter
961 2229 1212 2284 canendi
1246 2229 1513 2303 scientia,
1545 2234 1601 2287 et
1645 2230 1831 2288 facilis
1875 2230 1954 2288 ad
2001 2247 2096 2288 ca-

434 2318 618 2375 nendi
648 2318 1074 2391 perfectionem
1105 2319 1220 2374 via.

507 2409 580 2463 D.
618 2407 977 2473 Quomodo?

507 2496 590 2551 Μ.
622 2494 780 2551 Sicut
812 2495 1096 2564 magister
1151 2512 1363 2552 omnes
1413 2497 1517 2553 tibi
1563 2497 1784 2554 litteras
1831 2497 2094 2570 primum

439 2583 696 2640 ostendit
725 2585 786 2638 in
817 2583 1042 2651 tabula,
1084 2584 1165 2640 ita
1195 2591 1250 2640 et
1276 2587 1543 2642 musicus
1597 2603 1808 2644 omnes
1861 2587 2094 2644 cantile-

439 2688 532 2726 nae
566 2687 741 2726 voces
772 2670 834 2725 in
855 2672 1268 2728 monochordo
1292 2672 1575 2730 insinuat.

510 2761 583 2814 D.
614 2759 794 2820 Quale
825 2763 914 2814 est
938 2758 1084 2814 illud
1118 2761 1600 2818 monochordum
1625 2765 1654 2819 ‘2

511 2849 591 2904 Μ.
627 2848 878 2918 Lignum
911 2849 1152 2920 longum
1178 2851 1322 2922 (132)
1353 2851 1718 2924 quadratum
1749 2853 1812 2910 in
1843 2853 2094 2912 modum

439 2954 658 3010 capsae,
686 2943 742 2994 et
770 2938 930 2994 intus
959 2955 1289 2996 concavum
1323 2941 1384 2996 in
1414 2943 1665 2999 modum
1707 2943 1968 3016 citharae,
2001 2961 2095 3000 su-

439 3042 548 3099 per
571 3029 738 3100 quod
765 3027 958 3100 posita
983 3027 1207 3084 chorda
1233 3035 1429 3100 sonat,
1476 3032 1648 3104 cujus
1679 3033 1878 3090 sonitu
1902 3033 2094 3091 varic-

441 3120 591 3172 tates
621 3133 842 3173 vocum
871 3117 1040 3173 facile
1080 3121 1559 3192 compreliendis.

511 3208 585 3260 D.
621 3205 935 3271 Quomodo
972 3207 1214 3280 ponitur
1242 3209 1379 3282 ipsa
1407 3211 1679 3268 chorda?
2203 3205 2326 3236 nu"
2359 3269 2369 3279 .

513 3296 597 3350 M.
630 3299 736 3350 Per
763 3295 1028 3352 mediam
1058 3268 1308 3370 capsam
1335 3299 1398 3354 in
1442 3299 1692 3372 longum
1735 3301 1894 3360 linea
1937 3306 2100 3360 recta
2208 3268 2604 3372 °°£‘s‘§e"fta'
2997 3359 3006 3370 .

443 3384 680 3440 ducitur
709 3389 765 3440 et
792 3385 992 3442 relicto
1038 3386 1116 3442 ab
1133 3359 1408 3462 .utroque
1457 3359 1649 3463 capite
1685 3359 1874 3450 unius,
1909 3359 2098 3450 unciae.
2278 3361 2333 3414 2'
2364 3361 2438 3415 θ’
2473 3359 2782 3432 Quaenam,
2814 3373 2962 3429 r030
2993 3359 3094 3418 illa
3122 3363 3211 3417 θεῖ
3243 3359 3388 3418 διἐῩ

445 3473 658 3545 spatio,
686 3473 748 3528 in
777 3474 988 3529 eadem
1026 3475 1184 3531 linea
1219 3477 1296 3533 ab
1323 3483 1575 3552 utraque
1625 3487 1790 3553 parte
1839 3489 2098 3555 punctus
2131 3505 2172 3561 ο
2279 3467 2362 3523 Μ·
2397 3467 2667 3524 Mensura
2696 3467 3130 3538 monoehordi;
3161 3468 3328 3542 (Ιυοά
3349 3469 3510 3526 enim
3531 3467 3688 3524 bene
3709 3483 3881 3524 men‘

2125 2145 2164 2200 Β
2271 2142 2344 2199 D.
2377 2141 2645 2199 Mirabile
2676 2145 2764 2198 est
2790 2139 2986 2210 valde,
3019 2139 3184 2214 quod
3205 2139 3370 2196 dicis.
3399 2138 3592 2197 Nostri
3609 2137 3866 2214 quidem

2202 2237 2476 2288 cantores
2505 2231 2582 2288 ad
2609 2235 2834 2288 tantam
2865 2231 3290 2306 perfectionem
3339 2245 3656 2302 nunquam
3710 2229 3870 2300 aspi-

2202 2335 2333 2378 rare
2362 2323 2703 2392 potuerunt.

2272 2427 2355 2483 Μ.
2389 2429 2746 2483 Erraverunt
2769 2426 2990 2500 potius,
3022 2426 3220 2494 frater,
3248 2429 3306 2482 et
3333 2425 3478 2480 dum
3523 2425 3690 2480 viam
3737 2441 3872 2480 non

2203 2515 2589 2589 quaesierunt,
2620 2519 2744 2573 toto
2773 2517 2908 2572 vita:
2939 2521 3208 2588 tempore
3237 2515 3297 2570 in
3352 2529 3582 2570 vanum
3627 2513 3876 2570 labora-

2203 2609 2434 2664 verunt.

2273 2715 2347 2770 D.
2407 2716 2536 2780 Qua
2579 2712 2806 2772 ratione
2856 2714 2986 2773 ﬁeri
3033 2719 3248 2790 potest,
3291 2720 3356 2772 ut
3403 2711 3636 2784 melius,
3677 2729 3876 2787 quam

2203 2801 2410 2876 homo,
2437 2804 2652 2862 doceat
2681 2805 2906 2862 chorda
2927 2807 2956 2863 ?

2271 2911 2353 2968 M.
2385 2914 2595 2980 Homo,
2627 2915 2806 2984 prout
2859 2911 3112 2968 voluerit
3157 2910 3254 2968 vel
3307 2911 3582 2985 potuerit,
3629 2913 3876 2976 cantat;

2202 3000 2429 3058 chorda
2458 3005 2660 3058 autem
2688 3016 2796 3074 per
2823 3000 3198 3074 supradictas
3221 2999 3443 3057 litteras
3473 3017 3509 3058 a
3537 2999 3868 3072 sapientis-

2204 3088 2369 3146 simis
2397 3087 2744 3146 hominibus
2770 3088 2870 3146 tali
2901 3091 2992 3146 est
3021 3094 3144 3146 arte
3174 3089 3470 3159 distincta,
3513 3094 3580 3144 ut
3623 3085 3876 3144 mentiri

2203 3195 2326 3236 non
2371 3181 2578 3253 possit,
2625 3196 2764 3236 cum
2815 3179 3129 3252 diligenter
3185 3179 3358 3236 fuerit
3411 3182 3730 3236 observata
3777 3177 3872 3234 vel

445 3561 706 3632 ponitur.
742 3565 805 3616 In
829 3562 1042 3618 relictis
1067 3579 1208 3620 vero
1238 3567 1442 3638 spatiis
1462 3567 1583 3623 duo
1600 3569 1873 3642 capitella
1897 3571 2102 3628 locan-

447 3653 561 3718 tur,
593 3665 728 3721 quas
757 3649 840 3706 ita
870 3651 1159 3707 chordam
1193 3670 1373 3727 super
1396 3654 1616 3712 lineam
1644 3673 2004 3732 suspensam
2025 3664 2104 3716 te-

446 3743 646 3806 neant,
681 3743 742 3796 ut
775 3743 938 3796 tanta
966 3741 1038 3797 sit
1067 3742 1294 3800 chorda
1321 3745 1472 3801 inter
1517 3751 1768 3820 utraque
1809 3749 2102 3822 capitella,

446 3831 676 3900 quanta
703 3833 758 3884 et
785 3829 963 3901 linea,
991 3847 1127 3904 quae
1155 3837 1210 3888 et
1235 3833 1347 3890 sub
1379 3835 1625 3892 chorda.

519 3937 591 3990 D.
626 3936 883 4001 Qualiter
911 3954 1033 3995 una
1061 3940 1288 3998 chorda
1315 3941 1536 4000 multas
1587 3947 1642 4002 et
1685 3945 1882 4003 varias
1926 3963 2106 4006 voces

447 4023 643 4080 reddit
665 4025 692 4080 ‘?

515 4115 601 4169 Μ.
635 4113 862 4171 Litterae
893 4117 986 4172 vel
1033 4121 1187 4174 notae
1227 4121 1450 4194 quibus
1497 4124 1706 4182 musici
1739 4131 2003 4200 utuntur,
2043 4131 2106 4185 in

447 4199 628 4271 linea,
659 4217 796 4291 quae
845 4209 932 4261 est
981 4207 1094 4262 sub
1141 4209 1386 4280 chorda,
1417 4229 1525 4285 per
1570 4215 1842 4272 ordinem
1895 4199 2106 4291 positaa

451 4293 590 4344 sunt
623 4307 635 4344 :
670 4289 938 4365 dumque
969 4295 1252 4354 modulus
1293 4300 1445 4356 inter
1489 4300 1713 4361 lineam
1764 4289 2106 4365 chor‘damu

449 4392 568 4449 que
625 4378 902 4451 decurrit,
962 4399 1070 4455 per
1121 4387 1334 4444 eadem
1389 4387 1612 4448 litteras
1664 4396 1958 4455 curtando
2015 4397 2108 4455 vel

449 4464 791 4536 elongando
823 4469 1048 4529 chorda
1077 4489 1320 4532 omnem
1351 4485 1594 4538 cantum
1631 4483 1980 4544 mirabiliter
2027 4489 2110 4546 fa-

451 4553 568 4650 cit:
600 4555 750 4650 (133)
780 4561 837 4650 et
863 4557 1011 4650 dum
1037 4563 1239 4634 pueris
1267 4581 1374 4638 per
1421 4567 1585 4640 ipsas
1631 4570 1853 4630 litteras
1904 4575 2109 4650 aliqua

451 4647 690 4700 notatur
717 4647 1066 4722 antiphona,
1101 4651 1331 4712 facilius
1363 4660 1420 4713 et
1446 4659 1659 4718 melius
1685 4678 1722 4719 a
1751 4663 1977 4724 chorda
2004 4647 2110 4725 —di-

451 4739 644 4804 scunt,
675 4751 862 4808 quam
893 4739 940 4795 si
969 4740 1048 4797 ab
1079 4742 1322 4802 homine
1351 4745 1514 4805 illam
1545 4749 1820 4810 audirent
1849 4773 1862 4810 :
1887 4759 1944 4813 et
1969 4762 2108 4830 post

2211 3563 2482 3614 suratum
2511 3562 2617 3626 est,
2651 3573 2968 3630 nunquam
2999 3558 3164 3615 fallit.

2281 3667 2354 3722 D.
2389 3667 2593 3721 Potero
2625 3664 2968 3740 simpliciter
2992 3666 3200 3740 paucis
3218 3666 3466 3723 forsitan
3487 3669 3690 3726 verbis
3711 3671 3880 3743 ipsas

2213 3771 2526 3812 mensuras
2559 3753 2916 3815 addiscere?

2283 3861 2366 3917 Μ.
2421 3861 2628 3934 Hodie,
2681 3863 3002 3936 adjuvante
3057 3868 3222 3925 Deo:
3271 3871 3506 3926 tantum
3559 3869 3884 3944 diligenter

2213 3950 2484 4008 ausculta
2541 3951 2705 4025 (134).
2769 3957 2831 4009 1n
2879 3955 3077 4027 primo
3129 3957 3322 4030 capite
3363 3959 3766 4016 monoehordi
3803 3957 3882 4015 ad

2213 4045 2525 4116 punctum,
2539 4057 2720 4115 quem
2741 4045 3016 4116 superius
3047 4045 3332 4118 diximus,
3347 4053 3385 4100 Γ
3400 4047 3682 4116 litteram,
3707 4048 3770 4105 id
3791 4052 3884 4104 est

2215 4133 2258 4188 G
2288 4147 2552 4201 graecum
2596 4147 2754 4205 pone
2781 4133 2952 4206 (I35),
2985 4135 3166 4207 [qure,
3211 4136 3504 4209 quoniam
3531 4153 3672 4194 raro
3705 4145 3794 4194 est
3821 4139 3880 4193 in

2215 4237 2349 4290 usu,
2381 4236 2416 4277 a
2445 4219 2647 4277 multis
2691 4237 2814 4278 non
2859 4215 3155 4296 habetur].
3205 4224 3293 4280 Ab
3333 4225 3460 4298 ipsa
3493 4231 3532 4278 Γ
3561 4243 3758 4300 usque
3803 4227 3884 4284 ad

2213 4319 2526 4384 punctum,
2557 4327 2740 4384 quem
2768 4311 2829 4368 in
2858 4313 2978 4368 ﬁne
3008 4313 3344 4386 posuimus,
3375 4331 3486 4387 per
3510 4331 3738 4372 novem
3757 4317 3884 4372 dili-

2217 4403 2421 4470 genter
2447 4399 2667 4468 divide,
2693 4405 2754 4458 et
2773 4401 2876 4458 ubi
2894 4401 3091 4475 prima
3110 4419 3274 4460 nona
3297 4419 3438 4476 pars
3459 4403 3664 4461 fecerit
3695 4405 3882 4462 ﬁnem

2217 4489 2425 4562 [prope
2455 4489 2533 4561 1‘],
2565 4493 2612 4545 A
2639 4487 2896 4546 litteram
2937 4491 3150 4560 scribe,
3205 4497 3262 4548 et
3307 4491 3436 4548 haec
3491 4492 3726 4549 dicetur
3767 4510 3886 4550 vox

2215 4577 2433 4652 prima.
2463 4578 2552 4634 Ab
2581 4578 2794 4636 eadem
2821 4578 3017 4652 prima
3045 4579 3238 4636 littera
3267 4584 3312 4636 Α
3345 4581 3618 4636 similiter
3645 4597 3758 4655 per
3779 4599 3886 4638 no-

2217 4683 2354 4724 vem
2381 4667 2600 4741 partire
2620 4683 2812 4740 usque
2837 4668 2918 4724 ad
2945 4667 3149 4730 ﬁnem.
3176 4673 3232 4724 et
3259 4668 3320 4724 in
3341 4683 3506 4725 nona
3533 4675 3706 4742 parte
3731 4671 3776 4723 Β
3795 4667 3886 4724 lit-

2217 4761 2408 4814 teram
2433 4771 2543 4830 pro
2563 4772 2710 4812 voce
2732 4757 2998 4813 secunda
3027 4773 3289 4830 appone.
3313 4757 3458 4814 Dein
3479 4757 3560 4814 ad
3583 4763 3774 4830 caput
3791 4773 3886 4814 re-

451 4835 784 4922 p‘aucorum
823 4831 1154 4922 _mensium
1186 4921 1196 4922 ί
1227 4839 1464 4909 tempus
1523 4842 1842 4912 exercitati,
1905 4845 2106 4906 ablata
2131 4865 2179 4922 ι)
2215 4850 2464 4914 vertere,
2497 4849 2554 4902 et
2577 4844 2776 4902 divide
2806 4861 2913 4919 per
2940 4852 3199 4920 quatuor
3225 4863 3256 4904 θ
3287 4852 3345 4916 Γ,
3363 4847 3890 4920 etprovocetertia

451 4909 700 4982 chorda,
751 4915 1052 5010 solo_visu
1099 4920 1506 4981 indubitanter
1555 4909 1884 5006 proferunt,
1937 4935 2106 5008 quod
2131 4909 2176 4922 U
2218 4938 2258 4993 C
2285 4909 2542 4992 litteram
2567 4933 2778 4991 scribe.
2806 4909 2854 4992 λ
2883 4909 3080 5008 prima
3109 4937 3157 4988 A
3189 4909 3458 4992 similiter
3485 4951 3594 5009 per
3619 4941 3892 5010 quatuor

449 5013 764 5072 nunquam
792 5006 1126 5067 audierunt.

521 5161 1433 5257 (131)L‘Qodexnymdobonensis
1475 5179 1636 5257 hunc
1681 5185 1918 5257 praefert
1965 5187 2105 5244 titu-

447 5231 592 5329 ldunmn
602 5231 877 5329 ξ.
893 5241 1188 5329 ρίίιέοςζιιε
1217 5231 2108 5329 ιξάὖῇᾖᾶὗᾶᾇηὲἰῖόἷῆᾦοεῗξξιέ

449 5303 966 5400 ᾳιῗηᾳῖξῖῖηῖιεὶσα.
1000 5303 1198 5374 Codex
1230 5303 2110 5400 εᾷιῇᾟιῇθξξξξὼ

449 5377 764 5466 galeam.
785 5399 954 5452 quem
985 5394 1310 5466 composuit
1363 5377 1793 5454 dominus—bdo—
1807 5377 2111 5458 abi'éé'iié

449 5449 855 5541 attempted,
895 5459 998 5526 qui
1017 5449 1423 5541 ΕηὶιΙιὶζνξάξοηί
1445 5449 2106 5541 ἆξεξιξινῖ.“λίῖᾷιῖ)ᾘιέέιῖ

449 5529 859 5611 vei'o‘saec.
893 5543 1021 5608 inn,
1055 5531 1191 5611 circ.
1223 5534 1305 5611 ita
1320 5536 1694 5611 inscribitur:
1725 5541 1944 5611 Incipit
1965 5543 2109 5600 Dia-

451 5585 619 5656 logus
646 5589 721 5648 de
753 5597 982 5660 musica
1006 5585 1165 5660 ἀὖὶέ
1180 5585 1694 5690 ’ἀὸῖνὶἦῖὃῖῖὂῆξέ
1725 5585 2106 5688 iii"1$‘.";o;2i;r

2216 5023 2440 5091 divide,
2457 5027 2514 5080 et
2537 5038 2649 5096 pro
2661 5039 2808 5081 voce
2833 5027 3048 5098 quarta
3075 5026 3118 5080 D
3139 5023 3396 5084 litteram
3417 5023 3632 5083 scribe.
3657 5025 3888 5082 Eodem

2220 5188 2633 5262 Cluniacensis
2665 5187 2934 5262 σωηοὸίίί,
2966 5203 3140 5260 quem
3165 5189 3569 5246 Enchin‘dion
3613 5189 3884 5262 appella-

2216 5261 2321 5326 vit,
2349 5261 2421 5316 ob
2447 5259 2790 5316 brevitatem
2817 5261 2972 5315 vita}.

2289 5333 2439 5406 (132)
2469 5330 2631 5406 Yien.
2664 5331 2878 5406 omittit
2903 5331 3168 5406 longum,
3189 5333 3318 5406 e_t_S.
3341 5332 3874 5406 Em.quadratum.

2291 5401 2436 5473 (133)
2474 5402 2791 5474 Sequentia
2812 5401 2874 5474 in
2909 5401 3066 5457 Vien.
3098 5401 3540 5461 desiderantur.

2289 5477 2308 5554 ς
2318 5477 2440 5554 131)
2461 5473 2663 5554 Religit.
2681 5473 2776 5553 hic
2806 5473 3022 5554 iterum
3063 5475 3373 5554 Viennens.

2290 5543 2431 5620 (135)
2461 5543 2699 5604 Uncinis
2721 5543 2954 5602 inclusa
2983 5561 3058 5602 ex
3085 5545 3504 5606 Admontensi.
