4096 6138
204 180 305 233 761
998 151 1002 154 ’
1527 171 1878 233 ορυεουιΑ

1996 171 2007 226 Ξ
2031 171 2307 232 MUSICA.

3512 169 3619 225 762

202 301 392 358 modo
423 304 463 358 Β
512 298 783 359 dividens
806 319 914 377 per
951 307 1231 377 quatuor,
1279 299 1547 359 invenies
1581 294 1858 372 quintam
1885 294 1934 352 Α
1974 296 2035 355 in
2080 296 2496 356 monochordo
2542 300 2693 355 inter
2740 299 2893 355 duas
2947 308 3124 353 voces
3160 289 3316 350 duos
3342 295 3621 362 tonos,et

205 392 270 446 E.
304 391 492 447 Tertia
522 408 765 465 quoque
812 395 851 447 C
900 394 1165 450 insinuat
1204 397 1437 449 sextam
1490 390 1745 446 litteram
1800 388 1857 441 F.

203 482 344 536 Post
371 480 500 538 haec
544 481 624 538 ad
662 488 698 535 Γ
736 488 1044 551 revertere,
1087 488 1144 539 et
1187 483 1265 539 ab
1294 482 1449 556 ipsa,
1483 484 1540 537 et
1582 478 1659 535 ab
1708 476 1858 546 aliis,

203 585 343 642 quae
375 576 711 644 sequuntur
738 587 847 645 per
870 573 1164 641 ordinem,
1184 572 1535 646 praedictam
1564 568 1786 624 lineam
1801 566 1863 621 in

204 658 361 715 duas
415 664 635 733 partes,
690 662 750 717 id
789 667 894 731 est,
942 679 1049 736 per
1076 662 1345 719 medium
1397 660 1615 726 divide,
1672 673 1862 730 usque

205 747 355 803 dum
394 749 623 806 habeas
670 764 845 807 voces
883 752 1340 825 quatuordecim
1385 750 1476 807 vel
1516 744 1861 823 quindecim

207 837 444 911 absque
471 844 508 891 Γ
535 844 592 895 et
620 839 767 897 dum
798 858 971 897 voces
998 858 1107 914 per
1135 842 1403 898 medium
1436 837 1725 906 diviseris,
1749 837 1863 892 dis-

210 928 431 984 similes
465 930 714 986 easdem
743 930 935 988 facere
967 931 1243 988 debebis.
1269 930 1442 987 Verbi
1473 928 1681 999 gratia,
1715 928 1862 983 dum

208 1035 246 1075 a
272 1025 309 1073 Γ
336 1035 443 1093 per
464 1020 733 1077 medium
764 1021 997 1092 dividis,
1023 1039 1133 1096 pro
1156 1028 1193 1075 Γ
1223 1021 1415 1078 scribe
1447 1022 1510 1089 G,
1529 1035 1639 1093 pro
1668 1022 1715 1075 Α
1735 1033 1862 1075 me-

208 1109 373 1166 diata
402 1125 561 1183 pone
588 1126 623 1166 a
655 1115 712 1167 et
735 1127 846 1184 pro
872 1114 916 1166 B
942 1113 1124 1169 aliam
1146 1124 1176 1174 zz
1205 1116 1262 1168 et
1288 1127 1402 1185 pro
1433 1110 1475 1165 C
1504 1107 1684 1165 aliam
1716 1125 1766 1176 c,
1810 1111 1867 1165 et

209 1213 325 1272 pro
349 1201 393 1253 D
422 1199 602 1256 aliam
622 1199 684 1272 d,
725 1204 783 1258 et
811 1217 921 1274 pro
956 1205 996 1258 E
1018 1201 1200 1259 aliam
1229 1216 1282 1269 θ,
1313 1204 1371 1257 et
1396 1215 1507 1273 pro
1547 1202 1585 1255 F
1612 1198 1793 1254 aliam
1821 1196 1862 1267 f,

214 1300 275 1354 et
299 1313 411 1371 pro
436 1298 477 1353 G
509 1296 691 1354 aliam
720 1313 777 1369 g,
794 1314 902 1373 pro
928 1299 1160 1356 aaliam
1198 1289 1370 1401 gnta
1393 1297 1709 1354 medietate
1738 1311 1865 1352 m0°

214 1407 511 1469 nochordi
559 1411 619 1468 in
650 1416 827 1470 antea
868 1413 1096 1471 eaedem
1140 1413 1256 1472 sint
1291 1414 1517 1481 litterae,
1558 1428 1694 1486 quas
1729 1415 1869 1468 sunt

209 1505 269 1558 et
296 1501 356 1557 in
382 1501 580 1575 prima
597 1505 783 1575 parte.
807 1504 1093 1560 Praeterea
1118 1519 1154 1561 a
1173 1519 1318 1561 voce
1345 1506 1511 1560 sexta
1537 1505 1576 1559 F
1597 1517 1704 1575 per
1719 1517 1868 1575 qua-

211 1595 346 1647 tuor
371 1590 570 1647 divide
591 1594 647 1647 et
674 1596 829 1648 retro
847 1605 877 1651 xz
907 1591 1089 1649 aliam
1104 1591 1144 1649 b
1163 1592 1486 1650 rotundam
1510 1606 1699 1665 pone:
1730 1606 1866 1663 quae

212 1680 409 1737 ambae
439 1696 548 1753 pro
597 1696 719 1738 una
756 1697 901 1738 voce
950 1682 1343 1755 accipiuntur,
1377 1685 1433 1738 et
1484 1697 1607 1737 una
1653 1679 1868 1735 dicitur

212 1785 375 1825 nona
402 1769 689 1835 secunda,
723 1774 779 1826 et
809 1774 1063 1844 utraque
1087 1772 1147 1826 in
1188 1772 1401 1827 eodem
1426 1774 1606 1827 cantu
1635 1768 1870 1839 regula-

212 1857 349 1914 riter
380 1875 503 1915 non
533 1859 888 1916 invenietur.
925 1862 1152 1931 Figura:
1182 1864 1383 1917 autem
1413 1864 1469 1916 et
1495 1875 1670 1916 voces
1703 1863 1759 1914 et
1778 1857 1871 1914 lit-

212 1952 347 2004 ιρι-ω
375 1965 485 2021 per
520 1949 796 2005 ordinem
841 1949 923 2006 ita
959 1954 1287 2022 ponuntur.
1334 1955 1388 2006 Γ.
1424 1954 1464 2005 I.
1493 1954 1558 2005 Α.
1594 1951 1658 2004 lI.
1683 1950 1746 2004 Β.
1781 1950 1870 2005 Ill.

215 2038 277 2092 C.
312 2038 426 2093 Illl.
460 2039 614 2094 D.V.
650 2041 711 2093 E.
740 2038 834 2094 Vl.
866 2039 1065 2095 F.Vll.
1108 2041 1173 2095 G.
1210 2041 1346 2094 VIII.
1382 2055 1414 2095 a
1443 2039 1530 2095 IX.
1573 2037 1770 2095 LbJX.
1804 2039 1872 2095 II.

214 2146 245 2194 π
275 2136 335 2192 x.
360 2152 412 2192 ο.
447 2138 535 2193 x1.
566 2136 627 2193 d.
669 2134 776 2194 XII.
811 2152 862 2194 e.
896 2137 1030 2193 x111.
1064 2135 1104 2193 ἰ.
1137 2137 1297 2194 x1111.
1322 2152 1378 2208 g.
1414 2139 1502 2194 xv

286 2255 357 2310 Β.
394 2257 511 2311 Deo
569 2253 810 2325 gratias.
843 2255 1001 2311 Bene
1047 2252 1329 2323 intelligo,
1362 2257 1421 2310 et
1475 2251 1641 2326 quod
1664 2267 1874 2308 mono-

216 2341 511 2398 chordum
543 2342 766 2398 amodo
795 2341 984 2397 sciam
1007 2341 1199 2398 facere
1221 2341 1481 2398 conﬁdo.

288 2435 339 2487 3.
373 2431 487 2487 Sed
515 2431 662 2503 quid
685 2431 833 2487 illud
854 2435 962 2499 est,
993 2430 1269 2499 obsecro,
1303 2431 1469 2503 quod
1496 2430 1556 2486 in
1585 2430 1874 2503 regulari-

218 2521 304 2573 ter
325 2522 672 2574 mensurato
698 2518 1118 2593 monochordo
1132 2518 1367 2574 minora
1393 2518 1557 2588 alibi,
1576 2518 1717 2574 alibi
1745 2535 1877 2575 ma-

212 2604 349 2676 jora
382 2621 451 2662 ac
477 2604 789 2662 intervalla
815 2606 969 2663 inter
998 2622 1180 2663 voces
1212 2606 1439 2679 aspicio
1469 2606 1497 2661 ‘2

288 2696 370 2751 Μ.
428 2695 614 2766 Majus
664 2695 929 2768 spatium
966 2695 1183 2752 dicitur
1224 2699 1424 2765 tonus,
1463 2700 1519 2751 et
1547 2700 1636 2751 est
1675 2712 1711 2751 a
1742 2702 1779 2749 Γ
1814 2696 1878 2752 in

215 2784 478 2857 primam
506 2790 573 2853 A,
606 2800 643 2841 a
670 2785 867 2858 prima
895 2789 941 2841 A
971 2785 1033 2841 in
1076 2784 1405 2841 secundam
1437 2787 1495 2841 Β.
1527 2784 1713 2841 Minus
1736 2800 1877 2842 vero

218 2874 504 2946 spatium,
546 2874 699 2931 sicut
726 2878 816 2931 est
839 2890 876 2931 a
917 2874 1188 2930 secunda
1214 2890 1362 2930 voce
1382 2875 1426 2926 Β
1470 2874 1533 2929 in
1556 2874 1785 2930 tertiam
1815 2877 1877 2944 C,

218 2964 604 3021 semitonium
638 2968 909 3031 vocatur,
933 2963 1159 3021 faciens
1200 2963 1653 3019 contractiorem
1684 2964 1877 3019 eleva-
1908 3002 1950 3059 Ο

218 3054 442 3109 tionem
474 3054 569 3110 vel
585 3054 1052 3127 depositionem.
1073 3053 1243 3111 Nulla
1265 3058 1466 3109 autem
1488 3068 1774 3109 mensura
1788 3053 1881 3109 vel

216 3158 473 3199 numero
500 3143 798 3199 semitonii
822 3143 1084 3215 spatium
1116 3141 1196 3198 ad
1213 3146 1421 3198 tonum
1452 3158 1647 3214 usque
1677 3158 1882 3215 perve-

217 3232 368 3301 niat,
394 3232 499 3288 sed
521 3249 662 3288 cum
681 3247 788 3298 per
815 3230 1232 3304 supradictam
1249 3230 1544 3286 rationem
1558 3230 1883 3287 divisiones

218 3320 376 3376 ﬁunt
402 3321 529 3377 suis
557 3320 725 3387 locis,
757 3320 881 3377 toni
911 3324 967 3377 et
990 3319 1306 3376 semitonia
1342 3318 1696 3376 formantur.
1734 3320 1884 3392 (136)

218 3410 439 3481 [Tonos
459 3413 663 3466 autem
693 3425 905 3465 omnes
931 3408 981 3464 si
996 3407 1077 3465 ad
1105 3412 1439 3464 extremum
1458 3413 1752 3482 punctum
1778 3409 1887 3464 du-

217 3501 402 3569 xeris,
434 3501 827 3557 novenariam
860 3500 921 3556 in
971 3498 1257 3556 omnibus
1296 3498 1651 3555 divisionem
1680 3500 1889 3557 inven-

222 3592 349 3645 tam
382 3588 714 3655 miraberis,
744 3588 899 3645 sicut
928 3604 964 3644 a
992 3594 1029 3639 Γ
1054 3587 1116 3642 in
1145 3586 1405 3659 primam
1447 3590 1516 3657 A,
1548 3591 1606 3643 et
1633 3604 1669 3644 a
1690 3589 1886 3660 prima

218 3682 270 3734 Α
299 3678 358 3734 in
378 3677 709 3735 secundam
726 3678 790 3746 Β,
811 3677 961 3733 sicut
980 3676 1255 3748 primitus
1272 3675 1498 3748 fecisti].
1534 3676 1732 3734 Prima
1744 3693 1885 3735 vero

222 3784 388 3825 nona
417 3767 458 3823 b
488 3772 545 3823 et
573 3766 841 3823 secunda
866 3781 1029 3822 nona
1053 3780 1082 3823 τε
1110 3765 1189 3822 ad
1216 3781 1280 3821 se
1304 3765 1559 3822 invicem
1581 3782 1777 3839 neque
1804 3771 1888 3822 to-

222 3873 372 3913 num
403 3872 599 3928 neque
629 3854 1014 3912 semitonium
1040 3854 1288 3922 faciunt,
1312 3854 1419 3910 sed
1445 3871 1483 3910 a
1506 3855 1703 3925 prima
1723 3872 1887 3913 nona

221 3946 267 4003 b
292 3946 371 4003 ad
400 3951 677 4002 octavam
703 3961 741 4001 a
767 3949 859 4001 est
873 3944 1282 4011 semitonium;
1310 3944 1389 4000 ad
1414 3943 1715 3999 decimam
1742 3961 1773 4000 c
1796 3956 1886 4002 to-

222 4054 359 4093 nus.
396 4035 671 4093 Secunda
692 4051 834 4091 vero
864 4046 1075 4092 [ιοηελε
1106 4033 1183 4089 ad
1213 4037 1487 4089 octavam
1518 4049 1554 4088 8.
1592 4050 1623 4090 θ
1654 4038 1888 4091 contra-

223 4125 314 4181 rio
333 4129 419 4181 est
439 4129 637 4193 tonus,
656 4123 736 4179 ad
770 4122 1071 4179 decimam
1085 4137 1223 4177 vero
1244 4138 1276 4177 c
1299 4121 1684 4177 semitonium
1708 4138 1886 4194 praes-

226 4220 330 4272 tat.
356 4215 505 4286 (137)
526 4214 785 4286 Ideoque
805 4228 928 4269 una
954 4228 1163 4268 earum
1194 4226 1432 4283 semper
1458 4208 1764 4283 superﬂua
1776 4215 1885 4277 est,

226 4310 285 4361 et
310 4306 371 4360 in
416 4319 802 4377 quocumque
832 4305 1011 4358 cantu
1041 4316 1225 4357 unam
1261 4300 1496 4372 recipis,
1528 4298 1709 4355 aliam
1740 4314 1886 4355 con-

230 4399 471 4461 temnis,
503 4409 579 4449 ne
598 4391 661 4448 in
691 4391 905 4448 eodem
932 4390 1087 4457 loco,
1107 4389 1274 4462 quod
1300 4388 1634 4444 absurdum
1663 4391 1771 4458 est,
1804 4392 1888 4443 to-

229 4500 381 4539 num
422 4486 479 4538 et
503 4481 888 4538 semitonium
916 4478 1113 4535 facere
1144 4476 1444 4548 videaris].

305 4574 379 4626 D.
412 4570 659 4628 Maxime
698 4567 1044 4625 mirandum
1075 4568 1163 4623 est
1189 4564 1358 4638 quod
1380 4580 1504 4621 non
1556 4563 1669 4620 nisi
1698 4580 1735 4620 a
1763 4570 1800 4616 Γ
1828 4581 1890 4619 m

232 4663 495 4736 primam
516 4665 583 4731 A,
615 4664 671 4716 et
696 4676 732 4716 a
752 4661 1005 4732 primoA
1031 4657 1093 4713 in
1119 4656 1449 4712 secundam
1482 4657 1521 4710 Β
1551 4670 1658 4728 per
1672 4669 1893 4710 novem

234 4751 432 4817 divisi,
481 4754 539 4807 et
566 4765 778 4806 omnes
809 4763 979 4820 aeque
1019 4750 1193 4803 tonos
1246 4745 1573 4801 novenaria
1618 4748 1893 4800 constare

235 4840 526 4896 divisione
582 4837 855 4911 probavi.
890 4836 1004 4893 Sed
1033 4850 1202 4904 rogo,
1236 4833 1285 4889 si
1334 4833 1462 4889 aliae
1509 4836 1650 4889 sunt
1678 4846 1893 4887 mono-

238 4929 448 4986 chordi
473 4928 816 4997 divisiones,
847 4930 905 4982 et
923 4925 971 4981 si
992 4925 1052 4981 in
1079 4923 1364 4981 omnibus
1393 4922 1490 4979 vel
1512 4921 1786 4996 pluribus
1807 4921 1893 4976 in-

238 5019 561 5075 veniantur
586 5016 752 5085 locis,
784 5014 1051 5073 ostende.

307 5130 364 5183 4.
395 5127 479 5183 Μ.
530 5124 677 5181 Tres
702 5126 1087 5196 sunt’praater
1137 5124 1345 5177 tonum
1372 5117 1717 5185 divisiones,
1757 5132 1895 5190 quas

234 5214 582 5273 naturalem
626 5228 866 5280 vocum,
902 5225 1089 5283 quam
1138 5222 1323 5280 supra
1361 5206 1505 5276 dixi,
1536 5205 1896 5278 positionem

240 5303 607 5361 custodiunt.
640 5302 837 5358 Prima
864 5295 1253 5374 quaternaria
1299 5298 1411 5365 est,
1444 5297 1689 5367 propter
1730 5293 1897 5365 quod

242 5397 303 5452 in
326 5398 589 5467 quatuor
610 5392 803 5447 divisa
844 5393 953 5455 est,
984 5393 1051 5445 ut
1080 5404 1115 5444 a
1141 5386 1339 5461 prima
1364 5388 1411 5440 Α
1439 5383 1500 5439 in
1530 5386 1805 5455 quartem
1828 5385 1894 5451 D,

244 5492 301 5542 et
329 5485 459 5540 haec
481 5483 663 5538 habet
686 5497 864 5537 voces
892 5484 1172 5551 quatuor,
1199 5473 1506 5531 intervalla
1533 5471 1663 5541 tria,
1685 5471 1745 5526 id
1785 5475 1897 5540 est,

248 5574 405 5633 duos
433 5578 608 5629 tonos
637 5576 695 5628 et
721 5587 911 5627 unum
944 5566 1349 5624 semitonium.
1380 5562 1735 5632 Ubicunque
1757 5574 1902 5631 ergo

318 5663 465 5741 (136)
499 5661 739 5720 Uncinis
768 5659 1001 5719 inclusa
1029 5673 1103 5717 ex
1132 5653 1548 5715 Admontensi.

1971 404 2161 443 unum
2192 389 2575 444 semitonium
2606 387 2895 455 invenies,
2927 386 3196 459 ipsarum
3226 383 3485 438 duarum
3514 396 3616 436 vo-

1972 493 2111 533 cum
2140 477 2514 533 intervallum
2543 476 2928 550 quaternaria
2964 473 3251 530 divisione
3283 485 3516 526 currere
3540 467 3620 524 ad

1970 567 2154 624 ﬁnem
2198 585 2393 642 usque
2440 566 2728 641 probabis
2776 569 2883 621 :et
2921 564 3055 620 ideo
3106 562 3501 629 diatessaron,
3555 557 3619 614 id

1973 662 2079 727 est,
2113 658 2187 713 de
2216 661 2475 730 quatuor
2498 671 2720 712 nomen
2749 653 2997 726 accepit.
3032 651 3306 709 Secunda
3338 665 3480 705 vero
3504 652 3618 704 ter-

1972 745 2142 803 naria
2171 749 2279 812 est,
2311 751 2429 802 uta
2450 746 2645 818 prima
2662 760 2804 800 voce
2820 742 2937 798 Ain
2966 740 3238 814 quintam
3266 742 3326 805 E,
3356 738 3416 794 in
3446 737 3619 807 cujus

1974 835 2167 909 spatio
2200 835 2575 909 continentur
2605 849 2783 889 voces
2812 830 3100 904 quinque,
3138 826 3448 883 intervalla
3476 840 3622 898 qua-

1978 930 2133 995 tuor,
2166 925 2223 980 id
2271 930 2361 981 est
2384 930 2500 981 tres
2544 923 2670 979 toni
2708 926 2765 978 et
2809 936 3001 976 unum
3054 916 3459 974 semitonium.
3488 912 3621 969 Ubi-

1977 1028 2215 1085 cunque
2250 1028 2392 1083 ergo
2439 1011 2660 1068 videris
2698 1010 2849 1066 inter
2895 1007 3048 1064 duas
3082 1020 3262 1062 voces
3292 1007 3411 1059 tres
3446 1005 3621 1056 tonos

1973 1107 2030 1160 et
2082 1118 2272 1157 unum
2329 1100 2732 1168 semitonium,
2776 1098 3046 1171 ipsarum
3100 1108 3318 1149 vocum
3362 1088 3624 1163 spatium

1975 1190 2158 1249 ternis
2212 1190 2290 1247 ad
2343 1190 2527 1246 ﬁnem
2578 1187 2862 1262 passibus
2909 1183 3107 1241 currit.
3140 1183 3395 1238 Vocatur
3423 1182 3624 1235 autem

1924 1290 1927 1293 ‘
1977 1282 2279 1354 diapente,
2311 1279 2373 1335 id
2398 1284 2505 1350 est,
2537 1278 2611 1335 de
2632 1277 2922 1351 quinque.
2953 1290 3024 1331 eo
3054 1271 3221 1345 quod
3257 1284 3437 1325 voces
3485 1268 3627 1321 sunt

1976 1367 2039 1423 in
2068 1367 2199 1439 ejus
2254 1367 2445 1440 spatio
2497 1366 2785 1440 quinque.
2829 1363 3019 1421 Tertia
3064 1374 3207 1417 vero
3252 1356 3465 1413 divisio
3512 1356 3624 1420 est,

1975 1472 2112 1529 quae
2140 1472 2247 1529 per
2275 1456 2398 1512 duo
2427 1454 2521 1511 vel
2548 1469 2654 1528 per
2684 1452 2954 1509 medium
2983 1448 3284 1510 dividitur,
3329 1447 3385 1501 et
3412 1441 3628 1499 dicitur

1975 1544 2293 1618 diapason,
2338 1542 2397 1599 id
2450 1547 2557 1613 est,
2607 1543 2683 1598 de
2730 1540 3030 1598 omnibus.
3086 1538 3271 1602 Hanc,
3326 1535 3390 1589 ut
3443 1544 3629 1602 supra

1979 1633 2207 1690 dictum
2255 1637 2364 1703 est,
2413 1648 2486 1687 ex
2535 1631 2864 1687 litterarum
2922 1625 3305 1683 similitudine
3355 1622 3629 1694 patenter

1981 1722 2278 1793 agnoscis,
2336 1726 2465 1777 uta
2519 1720 2717 1794 prima
2770 1724 2815 1774 A
2869 1718 2932 1773 in
2978 1720 3253 1772 octavam
3299 1727 3355 1767 a.
3387 1708 3630 1764 Constat

1983 1818 2183 1869 autem
2236 1810 2483 1867 vocibus
2532 1814 2685 1877 octo,
2736 1804 3058 1863 intervallis
3117 1804 3367 1873 septem,
3427 1796 3489 1852 id
3517 1798 3626 1856 est,

1981 1902 2139 1959 tonis
2170 1901 2458 1974 quinque,
2493 1896 2821 1954 semitoniis
2850 1892 3109 1950 duobus.
3142 1889 3415 1945 Continet
3451 1884 3631 1940 etiam

1984 2007 2174 2048 unum
2201 1973 2592 2046 diatessaron
2637 1991 2694 2042 et
2734 2001 2924 2040 unum
2962 1983 3260 2054 diapente.
3297 1973 3632 2049 AprimaA

1983 2081 2045 2137 in
2064 2084 2342 2153 quartam
2374 2081 2417 2134 D
2449 2079 2515 2134 ﬁt
2543 2077 2938 2140 diatessaron,
2963 2076 3020 2128 et
3048 2086 3085 2127 a
3111 2072 3329 2141 quarta
3355 2068 3398 2121 D
3447 2064 3509 2119 in
3530 2077 3631 2153 oc-

1983 2152 2186 2228 tavam
2218 2186 2255 2226 a
2283 2169 2562 2242 diapente
2596 2186 2608 2223 :
2643 2182 2679 2223 a
2704 2164 2901 2238 prima
2946 2166 2993 2218 Α
3021 2163 3083 2217 in
3112 2162 3391 2216 octavam
3418 2170 3455 2211 a
3500 2152 3632 2208 dia-

1982 2276 2181 2335 pason
2210 2258 2508 2316 invenitur
2527 2258 2643 2312 hoc
2668 2254 2852 2311 modo
2878 2271 2891 2309 :
2923 2257 2991 2322 Α,
3022 2254 3082 2322 Β,
3116 2251 3176 2315 C,
3210 2250 3275 2315 D,
3303 2246 3447 2314 E,F,
3478 2245 3543 2313 G,
3574 2258 3632 2299 a.

2053 2352 2127 2405 D.
2163 2353 2224 2405 In
2254 2346 2463 2421 paucis
2495 2344 2694 2401 verbis
2726 2343 2801 2399 de
2844 2337 3239 2397 divisionibus
3274 2348 3399 2389 non
3435 2345 3637 2405 pauca

1986 2453 2304 2509 cognosco.
2355 2435 2469 2493 Sed
2500 2450 2606 2490 cur
2635 2432 2862 2490 eaedem
2890 2431 3095 2487 litterae.
3127 2427 3187 2482 in
3237 2423 3434 2497 prima
3462 2423 3520 2476 et
3542 2434 3635 2475 se-

1992 2527 2193 2585 cunda
2222 2528 2392 2598 parte
2431 2523 2602 2591 ﬁant,
2636 2521 2844 2577 audire
2874 2516 3169 2574 desidero.

2056 2616 2139 2673 Μ.
2173 2618 2293 2671 Hoc
2334 2611 2468 2668 ideo
2498 2612 2565 2666 ﬁt
2583 2610 2728 2684 quia
2756 2624 2895 2665 cum
2945 2602 3223 2661 secundas
3249 2598 3437 2673 partis
3458 2610 3637 2652 voces

1990 2724 2027 2764 a
2057 2705 2313 2779 septima
2343 2705 2383 2759 G
2413 2702 2475 2758 in
2502 2705 2678 2757 antea
2717 2715 2754 2754 a
2783 2696 3031 2754 vocibus
3068 2693 3279 2767 prima:
3321 2687 3507 2761 partis
3531 2699 3640 2757 per

1989 2775 2285 2867 diapason
2315 2791 2545 2863 absque
2572 2804 2736 2844 nona
2770 2788 2812 2843 b
2849 2785 3047 2859 prima
3095 2780 3262 2847 ﬁant,
3308 2777 3461 2833 adeo
3489 2775 3641 2867 inter

1990 2901 2052 2941 se
2093 2862 2356 2953 utraque
2410 2862 2554 2951 pars
2609 2875 2953 2936 concordat,
3013 2876 3079 2927 ut
3124 2879 3503 2953 quaecunque
3552 2862 3641 2917 lit-

1990 2975 2128 3026 terte
2180 2947 2497 3038 in-prima
2577 2966 2746 3033 parte
2822 2963 3032 3015 tonum
3080 2953 3177 3010 vel
3233 2947 3639 3013 semitonium,

1992 3056 2083 3112 vel
2107 3034 2480 3110 diatessaron
2509 3048 2604 3104 vel
2628 3047 2905 3120 diapente
2930 3042 3025 3098 vel
3053 3041 3349 3113 diapason
3394 3034 3639 3094 faciunt.

1992 3142 2257 3201 similiter
2281 3144 2338 3196 et
2357 3140 2416 3195 in
2447 3136 2713 3194 secunda
2741 3137 2908 3207 parte
2934 3131 3127 3187 facere
3153 3123 3643 3198 comprobentur.

1995 3231 2165 3289 Verbi
2215 3228 2424 3301 gratia,
2484 3226 2681 3299 prima
2727 3226 2895 3297 parte
2949 3236 2986 3278 a
3041 3224 3078 3271 Γ
3128 3216 3208 3273 ad
3254 3220 3302 3271 Α
3352 3216 3441 3269 est
3485 3223 3645 3301 unus

1995 3296 2305 3391 tonus,ad
2336 3320 2379 3372 B
2408 3296 2552 3372 vero
2574 3318 2665 3370 est
2691 3296 2753 3369 in
2799 3315 2977 3367 tonus
3007 3312 3065 3365 et
3091 3312 3291 3373 tonus,
3322 3302 3384 3358 id
3398 3296 3644 3391 estadi-

1995 3386 2198 3478 tonus,
2228 3408 2308 3466 ad
2335 3410 2375 3465 C
2396 3406 2790 3472 diatessaron,
2822 3399 2902 3456 ad
2934 3402 2977 3456 D
3008 3397 3306 3469 diapente,
3339 3390 3418 3448 ad
3447 3391 3491 3446 G
3515 3386 3647 3478 diae

1994 3517 2208 3577 pason.
2243 3496 2519 3554 Similiter
2544 3498 2602 3551 et
2623 3493 2685 3549 in
2718 3489 2985 3548 secunda
3008 3489 3176 3561 parte
3200 3484 3276 3539 de
3315 3483 3357 3538 G
3383 3478 3464 3577 ad
3493 3494 3530 3534 a
3558 3477 3650 3532 est

1995 3571 2154 3647 unus
2201 3593 2403 3651 tonus,
2458 3584 2538 3640 ad
2583 3586 2607 3651 ἡ
2654 3580 3017 3654 quadratam
3072 3580 3251 3631 tonus
3324 3574 3383 3626 et
3449 3571 3647 3631 tonus,

2000 3682 2080 3737 ad
2120 3696 2151 3735 c
2201 3678 2597 3742 diatessaron,
2626 3671 2705 3729 ad
2734 3669 2775 3725 d
2800 3669 3100 3741 diapente,
3132 3662 3212 3720 ad
3241 3676 3280 3732 g
3306 3658 3603 3730 diapason
3633 3670 3648 3721 ;

2000 3770 2161 3825 unde
2184 3766 2269 3833 ﬁt,
2304 3769 2368 3819 ut
2396 3761 2596 3818 omnis
2624 3763 2835 3816 cantus
2866 3755 3133 3811 similiter
3163 3754 3227 3806 ut
3254 3749 3315 3805 in
3336 3746 3552 3820 prima,
3595 3744 3654 3833 et

1999 3858 2061 3913 in
2116 3829 2388 3911 secunda
2443 3853 2613 3923 parte
2671 3849 2958 3902 cantetur.
3018 3840 3131 3898 Sed
3198 3838 3415 3923 primze
3466 3829 3652 3905 partis

1999 3959 2181 4000 voces
2210 3942 2289 3998 ad
2336 3921 2513 3995 voces
2544 3932 2824 3991 secundae
2862 3928 3048 4003 partis
3076 3924 3252 3999 quasi
3290 3921 3487 3978 viriles
3514 3932 3654 3974 cum

2000 4030 2331 4107 puerilibus
2356 4025 2604 4083 vocibus
2633 4020 3005 4078 concorditer
3034 4017 3295 4071 cantant.

2072 4123 2146 4176 D.
2180 4117 2486 4190 Sapienter
2504 4112 2567 4168 id
2592 4112 2817 4167 factum
2846 4123 2975 4163 esse
3001 4100 3328 4178 perpendo.
3361 4100 3657 4190 Nunc-au-

2005 4215 2123 4267 tem
2159 4182 2412 4281 qualiter
2438 4205 2679 4259 cantum
2710 4202 2917 4254 notare
2947 4192 3196 4268 possim,
3227 4192 3303 4281 ut
3327 4200 3439 4256 ego
3485 4182 3655 4281 illum

2006 4270 2238 4369 absque
2268 4292 2555 4363 magistro
2585 4284 3118 4361 comprehendam,
3149 4279 3417 4352 primum
3447 4270 3655 4369 audire

2007 4359 2308 4459 exspecto,
2364 4359 2429 4437 ut
2475 4395 2615 4436 cum
2663 4359 2939 4448 exempla
2988 4369 3336 4442 regularum
3389 4359 3652 4459 dederis,

2005 4448 2145 4533 eum
2196 4472 2408 4529 melius
2483 4481 2933 4539 recognoscam,
2993 4467 3050 4517 et
3100 4459 3147 4515 si
3194 4456 3431 4531 penitus
3487 4448 3659 4539 quid-

2004 4579 2194 4637 quam
2244 4565 2442 4616 mente
2491 4536 2828 4622 excesserit,
2871 4552 2951 4609 ad
2998 4549 3148 4607 tales
3199 4549 3372 4602 notas
3420 4536 3658 4597 indubi-

2005 4656 2197 4710 tanter
2226 4663 2554 4705 recurram.

2076 4742 2159 4796 Μ.
2215 4739 2456 4795 Litteras
2513 4729 2930 4796 monochordi,
2989 4726 3142 4781 sicut
3199 4737 3306 4795 per
3357 4735 3460 4775 eas
3520 4731 3659 4771 can-

2005 4828 2186 4885 tilena
2213 4824 2507 4893 discurrit,
2539 4826 2676 4878 ante
2718 4818 2924 4874 oculos
2951 4830 3148 4888 pone;
3195 4815 3260 4865 ut
3289 4809 3339 4864 si
3383 4804 3658 4862 nondum

2005 4918 2129 4973 vim
2208 4916 2480 4988 ipsarum
2546 4911 2877 4966 litterarum
2954 4904 3129 4978 plene
3176 4899 3512 4969 cognoscis,
3573 4909 3658 4947 se-

2006 4985 2277 5065 cundum
2359 5002 2604 5060 easdem
2672 5000 2894 5055 litteras
2973 4992 3266 5051 chordam
3321 4985 3662 5061 percutiens

2007 5097 2087 5155 ab
2143 5098 2455 5167 ignorante
2511 5090 2803 5160 magistro
2858 5085 3108 5143 miriﬁce
3158 5080 3371 5139 audias
3417 5082 3474 5134 et
3559 5072 3663 5129 ad-

2008 5186 2226 5242 discas.

2078 5295 2150 5347 D.
2183 5293 2347 5358 Vere,
2369 5289 2642 5361 inquam,
2665 5284 3024 5354 magistrum
3038 5275 3376 5335 mirabilem
3401 5268 3549 5361 mihi
3564 5266 3662 5322 de-

2007 5381 2164 5449 disti,
2192 5380 2296 5452 qui
2343 5395 2379 5434 a
2426 5358 2523 5432 me
2572 5376 2763 5431 factus
2803 5388 2899 5429 me
2926 5371 3157 5427 doceat,
3186 5375 3403 5432 meque
3434 5358 3659 5452 docens

2005 5445 2313 5544 ipse'nihil
2343 5466 2557 5540 sapiat.
2602 5469 2727 5521 lmo
2779 5464 3019 5534 propter
3046 5450 3395 5544 patientiam
3440 5445 3662 5544 et

2008 5536 2296 5617 dientiam
2353 5536 2446 5613 sui
2473 5570 2613 5611 eum
2659 5550 2920 5607 maxime
2975 5541 3350 5615 amplector;
3398 5536 3665 5595 cantabit

2080 5649 2225 5722 (137)
2249 5647 2388 5704 Haec
2406 5660 2479 5703 ex
2506 5643 2792 5701 Admont.
