4096 6138
507 121 612 176 703

1289 115 1347 172 S.
1382 113 1647 171 ODONIS
1685 111 1984 174 ABBATIS
2011 110 2144 170 SEU
2168 108 2514 174 ALTERIUS
2533 112 2792 172 ODONIS
2821 113 3140 172 MONACHI

3815 123 3928 176 764

503 240 668 298 enim
709 238 858 298 mihi
905 237 1154 311 quando
1195 239 1467 311 voluero,
1497 243 1555 296 et
1581 251 1902 312 nunquam
1933 235 2008 294 de
2039 233 2164 298 mei.
2186 233 2238 296 Α
2268 235 2482 298 sitiens
2510 241 2566 296 et
2595 237 2912 312 divisione,
2959 238 3210 298 dicatur.
3239 239 3380 298 lllos
3405 241 3608 314 itaque
3645 247 3926 302 centones

509 345 724 388 sensus
749 328 1028 386 tarditate
1053 333 1398 388 commotus
1425 327 1778 386 verberibus
1809 325 1904 384 vel
1925 324 2158 398 injuriis

507 418 526 490 [
569 419 728 476 Vien.
761 417 984 489 virgis]
1013 417 1323 476 cruciabit.

575 509 660 566 Μ.
693 510 892 566 Bonus
937 507 1225 580 magister
1267 511 1375 574 est,
1405 506 1514 566 sed
1542 506 1888 578 diligentem
1923 504 2158 566 audito-

505 611 636 656 rem
653 596 922 670 requirit.

579 690 633 742 5.
663 686 737 746 Β.
784 685 852 744 In
897 683 1120 758 quibu
1157 686 1422 746 maxime
1467 685 1772 756 diligentia
1814 683 2160 744 adhibenda

507 778 599 834 est
624 775 653 836 ?

575 865 660 924 M.
694 868 764 922 In
799 864 1321 936 conjunctionibus
1351 881 1588 934 vocum,
1637 879 1776 938 quas
1824 878 2158 922 consonan-

511 955 626 1012 tias
655 953 882 1012 faciunt
910 954 1198 1024 diversas,
1232 959 1302 1012 ut
1323 957 1474 1012 sicut
1503 955 1756 1014 diversas
1782 958 1922 1012 sunt
1949 970 2020 1012 ac
2050 953 2162 1010 dif-

511 1043 784 1110 ferentes,
811 1042 894 1100 ita
915 1043 1278 1102 dissimiliter
1306 1049 1362 1102 et
1399 1043 1737 1104 diﬁerenter
1763 1059 2167 1115 unamquam-

509 1148 632 1206 que
659 1147 868 1190 earum
897 1137 1234 1205 opportune
1257 1134 1646 1206 pronuntiare
1674 1133 2026 1207 praevaleas.

581 1222 656 1278 D.
697 1222 852 1286 Quot
895 1225 1036 1280 sunt
1087 1222 1454 1286 diﬂ‘erantits.
1503 1239 1736 1298 precor,
1787 1222 2066 1294 edissere,
2109 1224 2167 1277 et

511 1310 938 1368 communibus
967 1311 1257 1384 exemplis
1287 1312 1558 1374 ostende.

579 1401 666 1456 Μ.
699 1405 812 1458 Sex
851 1405 991 1460 sunt
1029 1406 1154 1460 tam
1191 1403 1254 1462 in
1283 1403 1656 1476 depositione
1677 1419 1864 1476 quam
1891 1403 1952 1460 in
1975 1401 2168 1462 eleva-

509 1490 696 1549 tione.
735 1490 936 1548 Prima
963 1508 1183 1550 vocum
1212 1493 1554 1563 conjunctio
1585 1497 1694 1562 est,
1727 1509 1862 1550 cum
1885 1491 2000 1550 illae
2029 1491 2165 1548 duae

2265 323 2316 380 si
2343 324 2420 384 de
2467 326 2670 400 aliquo
2699 330 2884 386 cantu
2911 327 3387 400 interrogaveris,
3421 331 3596 402 cujus
3623 330 3796 390 modi
3835 331 3922 398 sit,

2263 415 2421 472 illico
2445 416 2998 491 respondentquod
3027 417 3322 490 nesciunt,
3350 435 3420 476 ac
3452 420 3504 480 si
3533 420 3798 492 perfecte
3827 437 3922 478 co-

2265 510 2640 576 gnoscerent.
2697 506 2870 574 Quod
2917 507 2967 564 si
2995 506 3076 566 ab
3117 507 3204 566 eis
3259 513 3712 579 argumentum,
3769 511 3924 568 unde

2265 592 2382 652 hoc
2409 596 2616 666 sciant,
2657 596 2990 670 quassieris,
3021 597 3350 658 titubantes
3395 599 3604 662 dicunt
3633 619 3650 658 :
3683 601 3836 674 quia
3861 602 3930 658 sit

2267 681 2476 742 similis
2543 685 2609 744 in
2675 687 2969 762 principio
3035 692 3094 746 et
3153 688 3215 746 in
3279 689 3402 746 ﬁne
3457 689 3587 748 aliis
3651 690 3930 750 cantibus

2269 772 2541 844 ejusdem
2565 776 2754 848 modi;
2787 793 2926 838 cum
2957 777 3032 834 de
3047 777 3213 838 nullo
3237 778 3488 838 omnino
3515 785 3722 849 cantu,
3757 781 3930 852 cujus

2269 862 2438 920 modi
2477 863 2570 938 sit,
2619 865 2876 938 sapiant,
2931 867 3286 936 nescientes,
3333 869 3502 940 quod
3545 869 3729 928 unius
3775 869 3934 926 vocis

2271 951 2691 1012 dissimilitudo
2727 955 2983 1016 modum
3032 961 3266 1016 mutare
3311 957 3653 1031 compellat,
3689 963 3756 1018 ut
3813 959 3936 1016 hac

2273 1042 2604 1116 antiphona
2651 1062 2664 1100 :
2711 1045 2758 1102 0
2788 1045 3024 1104 beatum
3063 1048 3414 1118 pontiﬁcem
3442 1053 3462 1104 !
3496 1065 3634 1121 quas
3679 1065 3834 1110 cum
3883 1049 3936 1105 in

2273 1130 2566 1205 principio
2623 1136 2682 1192 et
2733 1134 2852 1192 ﬁne
2900 1136 3150 1194 secundi
3205 1135 3372 1194 modi
3431 1141 3620 1206 esset,
3691 1142 3940 1212 propter

2274 1219 2429 1276 illius
2475 1225 2710 1282 tantum
2763 1224 2926 1286 vocis
2973 1223 3388 1294 elevationem,
3447 1227 3552 1286 ubi
3588 1228 3854 1288 dicitur:
3899 1229 3940 1284 0

2275 1311 2538 1368 Martine
2583 1313 2856 1380 dulcedo,
2895 1313 2958 1370 in
2991 1316 3187 1390 primo
3218 1319 3361 1388 tono
3395 1333 3430 1372 a
3470 1317 3702 1376 domno
3731 1317 3938 1376 Odone

2277 1399 2709 1458 curiosissisme
2735 1403 3173 1461 estemendata.
3205 1409 3470 1482 Itemque
3489 1407 3550 1462 in
3580 1407 3938 1481 antiphona:

2276 1491 2545 1562 Domine,
2568 1495 2674 1564 qui
2701 1496 2936 1564 operati
2957 1501 3118 1564 sunt,
3149 1495 3276 1551 haec
3304 1496 3643 1568 diligentius
3677 1498 3942 1572 probare

509 1595 690 1636 voces
709 1580 1066 1652 junguntur,
1088 1581 1240 1638 inter
1271 1597 1428 1654 quas
1453 1597 1646 1640 unum
1676 1587 1732 1642 et
1759 1581 2166 1658 semitonium,
2206 1593 2247 1650 Β
2277 1581 2518 1654 poteris;
2549 1599 2694 1639 nam
2745 1585 2796 1639 si
2844 1601 2976 1642 eam
3007 1585 3259 1658 incipias
3309 1587 3374 1642 in
3423 1593 3588 1644 sexto
3633 1589 3850 1658 modo,
3881 1593 3944 1644 ut

513 1740 578 1792 ut
607 1753 646 1794 a
683 1669 892 1810 quiante
917 1738 979 1794 iu
1005 1671 1256 1810 sexltam,
1300 1756 1436 1814 quae
1467 1739 1856 1798 consonantia
1886 1740 2167 1802 omnibus

513 1827 872 1886 contractior
902 1833 958 1884 et
982 1829 1233 1886 strictior
1258 1835 1366 1904 est,
1397 1835 1463 1888 ut
1491 1831 1687 1906 prima
1711 1831 1958 1890 elevatio
1986 1832 2170 1904 hujus

515 1985 856 2060 antiphonaa
891 2006 903 2048 :
937 1922 1084 2048 ἕως
1122 1922 1226 2064 Est,
1255 1923 1388 2066 qche
1431 1922 1772 2048 ηξεὲἱτῗῑςέλη
1793 1991 2167 2068 depositione

513 2161 655 2202 vero
687 2163 795 2221 per
836 2149 1368 2224 reciprocationem
1415 2151 1498 2207 ita
1550 2169 1562 2207 :
1625 2081 1887 2208 Vifiigzgs
1906 2083 2164 2209 steEllaEi.

516 2237 790 2294 Secunda
819 2255 960 2298 vero
983 2245 1090 2312 est,
1121 2257 1259 2298 cum
1290 2241 1443 2298 inter
1463 2242 1617 2298 duas
1655 2259 1834 2299 voces
1857 2247 1948 2299 est
1967 2247 2166 2309 tonus,

511 2399 578 2454 ut
602 2413 639 2454 a
667 2328 840 2456 testia
867 2399 926 2456 in
957 2333 1237 2474 quegtam
1263 2403 1325 2458 in
1347 2403 1680 2460 elevations
1709 2403 1790 2460 ita
1831 2423 1844 2460 :
1898 2337 2036 2461 Ngm
2069 2336 2168 2460 aliis

511 2489 876 2631 Belinqgam,
901 2564 1014 2617 etc.
1047 2564 1114 2618 In
1133 2563 1507 2636 depositione
1535 2579 1680 2622 vero
1705 2563 1790 2622 sic
1839 2582 1854 2622 :
1897 2497 2168 2636 229223

802 2721 992 2780 Tertia
1019 2695 1127 2794 est,
1167 2739 1308 2784 cum
1331 2723 1485 2784 inter
1509 2725 1662 2784 duas
1699 2741 1875 2784 voces
1907 2731 2084 2790 tonus
2115 2731 2172 2784 et

513 2887 900 2948 semitonium
926 2889 1326 2954 differentiam
1356 2893 1602 2970 faciunt,
1630 2899 1696 2954 ut
1714 2895 1866 2954 inter
1891 2819 2170 2971 quagtam

513 3050 569 3108 et
606 2979 835 3110 sextiam
857 3049 972 3108 hoc
987 3052 1172 3110 modo
1191 3051 1254 3112 in
1277 3053 1633 3114 elevations:
1656 2987 1918 3118 Jgagiges
1944 3063 2164 3116 autem.

511 3209 577 3264 In
603 3207 972 3282 depositione
991 3211 1106 3270 ita:
1128 3145 1200 3270 [Et
1235 3145 1379 3287 (E5113.
1425 3217 1648 3283 Quarta
1685 3233 1825 3274 vero
1867 3221 1973 3286 est,
2029 3234 2169 3275 cum

1965 3307 2012 3360 F

509 3367 665 3424 inter
691 3383 904 3427 vocem
930 3376 988 3428 et
1012 3387 1224 3430 vocem
1261 3374 1385 3432 duo
1431 3380 1570 3434 sunt
1597 3377 1743 3450 toni,
1771 3383 1838 3434 ut
1863 3395 1900 3436 a
1919 3383 2086 3435 sexta
2105 3379 2165 3434 in

513 3473 812 3600 octasam,
843 3529 907 3588 in
919 3530 1252 3590 elevations
1273 3534 1392 3592 ita:
1421 3469 1638 3594 Adire
1665 3483 1860 3596 tnglta
1877 3471 2082 3600 ἓαὺθο.
2102 3542 2166 3594 In

514 3687 888 3774 depositione
923 3693 1040 3752 hoc
1085 3694 1308 3754 modo:
1341 3627 1498 3756 ἓεῖθ
1525 3642 1748 3758 3⁸1ξὲ2.
1812 3699 2030 3766 Quinta
2062 3713 2170 3774 per

511 3773 888 3840 diatessaron
917 3779 1002 3852 ﬁt,
1035 3785 1100 3838 ut
1128 3798 1166 3840 a
1205 3783 1404 3857 prima
1434 3788 1484 3842 A
1510 3787 1572 3844 in
1593 3791 1872 3862 quartam
1903 3790 1946 3850 D
1978 3787 2039 3846 in
2060 3773 2171 3844 ele-

513 3939 751 3996 vatione
792 3941 910 4000 hoc
939 3942 1124 4002 modo
1159 3961 1172 4001 :
1215 3875 1400 4002 {gallae
1429 3945 1838 4006 honorandus.
1868 3946 2168 4022 Depositio

515 4115 655 4157 vero
673 4101 1025 4174 hujusmodi
1038 4108 1126 4162 est
1149 4123 1161 4160 :
1180 4035 1517 4164 ιςὲεαῗιιίῗπι
1529 4111 1745 4164 autem.
1768 4109 1943 4168 Sexta
1963 4109 2165 4164 autem

513 4204 622 4264 per
640 4189 940 4266 diapente,
971 4199 1037 4250 ut
1065 4212 1102 4252 a
1130 4199 1346 4272 quarta
1375 4200 1418 4252 D
1449 4196 1510 4252 in
1541 4202 1814 4256 octavam
1838 4214 1893 4264 a,
1935 4201 2000 4253 ut
2029 4201 2116 4253 est
2149 4214 2162 4253 :

549 4280 634 4334 Da
697 4279 778 4336 ba
892 4297 930 4338 a
985 4283 1078 4340 GG

2278 1671 2448 1732 multi
2473 1672 2751 1744 probant,
2782 1673 2842 1732 in
2888 1676 2928 1730 F
2955 1673 3167 1744 littera,
3201 1690 3324 1732 non
3349 1675 3714 1752 discrepabit
3759 1677 3844 1734 ab
3875 1693 3944 1734 eo

2277 1761 2483 1830 modo,
2512 1779 2704 1838 usque
2734 1763 2812 1819 ad
2855 1763 3262 1832 semitonium,
3293 1765 3463 1840 quod
3500 1770 3587 1822 est
3643 1767 3706 1822 in
3737 1767 3944 1824 taber-

2277 1851 2496 1908 naculo
2527 1857 2648 1921 tuo,
2677 1852 2738 1908 in
2767 1869 2888 1910 una
2937 1853 3194 1926 syllaba.
3231 1853 3344 1911 Sed
3400 1855 3543 1930 quia
3585 1855 3648 1911 in
3707 1873 3830 1912 usu
3861 1859 3945 1914 ita

2277 1945 2384 2008 est,
2403 1945 2460 2000 et
2481 1941 2632 2000 bene
2664 1947 2854 2012 sonat,
2884 1943 3194 2002 emendari
3219 1960 3344 2006 non
3373 1943 3570 2002 debet.
3607 1946 3722 2004 Sed
3743 1947 3946 2020 inqui-

2275 2047 2481 2088 ramus
2512 2048 2588 2090 an
2611 2032 2857 2089 forsitan
2882 2034 2944 2089 in
2976 2033 3093 2090 alio
3121 2039 3262 2091 tono
3309 2035 3648 2108 incipiatur,
3691 2041 3940 2112 totaque

2277 2116 2338 2172 in
2389 2135 2460 2174 eo
2490 2119 2674 2176 modo
2731 2137 3000 2177 consona
3047 2122 3410 2190 inveniatur,
3443 2139 3704 2196 eamque
3735 2141 3944 2182 emen-

2278 2206 2410 2262 dari
2437 2223 2591 2279 opus
2643 2223 2767 2266 non
2797 2209 2890 2265 sit.
2937 2211 3135 2283 Incipe
3163 2210 3366 2284 itaque
3393 2227 3530 2270 eam
3561 2212 3622 2268 in
3649 2215 3694 2269 G
3721 2213 3940 2284 littera,

2277 2296 2393 2352 hoc
2422 2301 2528 2366 est,
2555 2297 2618 2354 in
2639 2301 2854 2354 octavo
2883 2299 3086 2367 modo,
3120 2303 3178 2356 et
3205 2300 3553 2370 regulariter
3575 2301 3640 2358 in
3669 2317 3744 2358 eo
3783 2309 3940 2359 stare

2277 2384 2586 2456 probabis.
2625 2386 2789 2442 Unde
2837 2386 3092 2460 quidam
3119 2387 3432 2462 incipiunt,
3483 2391 3757 2456 Domine,
3791 2391 3946 2448 sicut

2278 2473 2490 2528 amodo
2533 2474 2665 2530 dico
2695 2475 2874 2531 vobis.
2925 2478 3007 2532 Ex
3051 2492 3176 2548 quo
3205 2477 3754 2550 comprehenditur,
3799 2481 3946 2552 quia

2279 2559 2590 2632 imperitus
2645 2563 2915 2620 musicus
2967 2567 3075 2635 est,
3107 2565 3212 2638 qui
3257 2565 3432 2622 facile
3489 2582 3561 2622 ac
3601 2582 3946 2640 praesump-

2279 2653 2450 2706 tuose
2463 2650 2666 2724 plures
2689 2656 2901 2709 cantus
2929 2653 3230 2725 emendat,
3263 2655 3378 2712 nisi
3405 2655 3572 2729 prius
3593 2671 3704 2728 per
3723 2671 3942 2713 omnes

2279 2740 2496 2797 modos
2541 2742 3004 2814 investigaverit,
3035 2744 3084 2800 si
3128 2745 3377 2802 forsitan
3401 2745 3465 2802 in
3513 2745 3722 2819 aliquo
3783 2751 3946 2804 stare

2281 2829 2488 2901 possit;
2542 2845 2652 2886 nec
2709 2847 3078 2905 magnopere
3129 2832 3204 2888 de
3259 2833 3648 2891 similitudine
3677 2835 3944 2892 aliorum

2281 2920 2588 2986 cantuum,
2639 2919 2746 2976 sed
2773 2918 2850 2976 de
2877 2920 3139 2990 regulari
3167 2921 3410 2978 veritate
3435 2925 3619 2978 curet.
3677 2922 3860 2988 Quod
3895 2923 3946 2978 si

2279 3005 2426 3064 nulli
2463 3009 2603 3064 tono
2643 3008 2858 3082 placet,
2889 3009 3228 3066 secundum
3253 3025 3394 3068 eum
3415 3015 3624 3067 tonum
3657 3011 3948 3068 emende-

2278 3097 2394 3166 tur,
2427 3095 2488 3154 in
2512 3111 2637 3170 quo
2691 3097 2896 3154 minus
2921 3098 3212 3156 dissonat.
3243 3103 3432 3172 Atque
3481 3099 3597 3156 hoc
3625 3099 3944 3157 observari

2277 3183 2476 3252 debet,
2507 3189 2574 3242 ut
2615 3186 2969 3244 emendatus
3019 3191 3234 3245 cantus
3269 3191 3373 3244 aut
3402 3187 3714 3244 decentius
3743 3195 3940 3256 sonet,

2279 3277 2384 3332 aut
2411 3289 2446 3330 a
2471 3274 2654 3348 priori
2677 3275 3062 3332 similitudine
3083 3291 3303 3349 parum
3323 3276 3642 3350 discrepet.

2347 3365 2419 3420 D.
2447 3365 2605 3421 Bene
2630 3364 2705 3420 de
2727 3365 3008 3422 inertium
3025 3371 3338 3422 cantorum
3349 3381 3550 3422 errore
3571 3381 3672 3422 me
3693 3369 3940 3424 cautum

2276 3452 2482 3522 fecisti,
2515 3469 2626 3510 nec
2647 3469 2772 3510 non
2801 3454 2982 3512 etiam
3009 3454 3086 3511 de
3101 3453 3392 3526 regularis
3414 3455 3822 3514 monochordi
3849 3473 3942 3513 cu-

2275 3541 2436 3598 riosa
2477 3542 2955 3613 investigatione,
3003 3559 3076 3601 ac
3113 3545 3478 3616 regularium
3509 3549 3808 3602 cantuum
3839 3561 3940 3619 ap-

2275 3631 2650 3704 probatione,
2685 3631 3048 3690 falsorumve
3077 3635 3518 3706 emendatione,
3547 3634 3768 3692 utiliter
3817 3651 3944 3692 sen'

2279 3737 2438 3792 sum,
2461 3725 2640 3794 prout
2667 3726 2920 3796 oportet,
2947 3724 3382 3796 exercentibus,
3413 3725 3550 3782 licet
3576 3725 3792 3798 paucis
3819 3741 3942 3782 ver-

2277 3811 2390 3880 bis,
2411 3827 2536 3868 non
2565 3811 2870 3870 modicam
2895 3813 3114 3870 dedisti
3131 3813 3438 3886 peritiam.

2348 3907 2401 3956 7.
2423 3902 2864 3974 Verumtamen,
2887 3906 3038 3974 quot
3061 3901 3313 3960 vocibus
3341 3905 3554 3960 cantus
3583 3901 3716 3960 ﬁeri
3737 3903 3934 3972 debet,

2275 3987 2374 4060 adj
2383 4005 2560 4058 unge.

2346 4080 2432 4138 Μ.
2461 4078 2566 4135 Alii
2595 4082 2872 4136 asserunt
2897 4085 3052 4150 octo,
3081 4080 3180 4139 alii
3205 4097 3450 4154 novem,
3475 4081 3576 4139 alii
3595 4081 3832 4140 decem.

2347 4169 2420 4224 Β.
2447 4170 2639 4234 Quare
2665 4173 2798 4225 octo
2825 4169 2852 4225 ‘I

2348 4259 2432 4315 Μ.
2475 4261 2715 4331 Propter
2739 4237 3034 4330 majorem
3072 4260 3450 4330 divisionem,
3481 4260 3544 4316 id
3571 4265 3680 4328 est,
3735 4261 3936 4334 diapa-

513 4349 784 4408 Primum
831 4356 1094 4423 quamve.
1134 4355 1198 4411 ln
1225 4353 1616 4428 depositione,
1649 4360 1714 4414 ut
1753 4371 1790 4414 a
1825 4357 1996 4414 tertia
2023 4359 2066 4416 c
2105 4357 2167 4416 in
2193 4349 2231 4354 “
2280 4365 2430 4416 son;
2463 4350 2586 4405 sive
2627 4349 2772 4422 quia
2806 4351 2971 4423 apud
3017 4351 3298 4424 antiquos
3338 4357 3474 4410 octo
3507 4351 3672 4408 sonis
3695 4353 3932 4409 cithar!»B

1403 4445 1596 4501 GCD

513 4527 834 4601 septimam
863 4531 929 4598 G,
967 4530 1082 4587 hoc
1111 4531 1296 4588 modo
1329 4549 1342 4587 ε
1379 4531 1592 4590 Canite
1617 4533 1758 4590 tuba
1786 4549 1811 4590 ,ο
1839 4533 1966 4590 alias
1993 4549 2169 4606 regu-

511 4617 666 4675 lares
691 4635 910 4676 vocum
941 4620 1394 4694 conjunctiones
1435 4637 1740 4695 nusquam
1769 4623 2163 4695 reperiuntur.

583 4711 636 4763 6.
661 4711 724 4763 in
753 4709 1094 4766 maximum
1125 4727 1283 4784 saepe
1311 4727 1574 4768 errorem
1595 4711 1877 4782 vulgares
1891 4717 2166 4769 cantores

509 4794 818 4868 labuntur,
862 4799 1005 4872 quia
1047 4799 1170 4856 vim
1201 4801 1326 4856 toni
1355 4805 1413 4857 et
1449 4800 1746 4858 semitonii
1790 4801 2168 4875 aliarumque

511 4888 1046 4945 consonantiarum
1119 4890 1367 4946 minime
1415 4890 1813 4964 perpendunt.
1877 4890 1941 4946 Id
2003 4891 2166 4947 enim

513 4977 928 5050 unusquisque
958 4993 1169 5034 eorum
1199 4979 1379 5050 eligit,
1410 4979 1577 5053 quod
1609 4980 1874 5053 primum
1918 4981 2167 5036 auribus

509 5064 817 5138 placuerit,
847 5066 938 5122 vel
950 5067 1118 5140 quod
1139 5067 1372 5124 facilius
1404 5069 1482 5125 ad
1511 5069 1864 5125 discendum
1897 5085 2167 5141 pronun-

510 5155 863 5212 tiandumve
916 5158 1276 5229 provenerit;
1329 5159 1515 5232 ﬁtque
1568 5175 1830 5230 magnus
1883 5173 2049 5216 error
2105 5159 2166 5214 in

509 5245 715 5302 multis
765 5245 1060 5315 cantibus,
1109 5249 1284 5320 cujus
1333 5248 1502 5304 modi
1545 5247 1680 5305 sint.
1723 5249 1928 5304 Medos
1967 5251 2169 5304 autem

509 5335 647 5392 dico
695 5335 772 5394 de
823 5335 1109 5393 omnibus
1169 5341 1304 5394 octo
1353 5337 1508 5394 tonis
1556 5341 1612 5394 et
1651 5337 1850 5393 modis
1893 5336 2166 5394 omnium

511 5429 822 5496 cantuum,
847 5427 954 5500 qui
985 5427 1048 5484 in
1075 5427 1348 5484 formulis
1375 5443 1483 5501 per
1503 5427 1776 5483 ordinem
1805 5425 1977 5492 ﬁunt,
2007 5439 2082 5482 ne
2121 5424 2170 5480 si

513 5516 687 5570 tonos
709 5515 953 5588 dixeris,
983 5517 1279 5575 dubitatio
1307 5517 1433 5588 ﬁat,
1475 5532 1554 5573 an
1581 5515 1658 5574 de
1701 5515 1856 5572 tonis
1885 5513 2167 5572 formula-

511 5617 670 5676 rum,
699 5617 780 5661 an
807 5603 884 5660 de
905 5606 1082 5677 tonis,
1113 5607 1220 5680 qui
1257 5606 1586 5666 novenaria
1619 5605 1922 5665 tactisunt
1959 5603 2160 5678 dispo—

2275 4437 2519 4495 ﬁebant.

2345 4530 2420 4584 D.
2453 4531 2648 4594 Quare
2675 4543 2894 4586 novem
2919 4529 2947 4584 τ

2347 4619 2429 4674 Μ.
2485 4620 2726 4691 Pr0pter
2775 4618 2869 4674 bis
2929 4617 3230 4692 diapente,
3293 4635 3432 4693 quae
3496 4635 3724 4678 novem
3783 4621 3934 4676 voci-

2275 4707 2392 4763 bus
2435 4705 2806 4762 terminatur.
2857 4710 3007 4763 Nam
3053 4723 3196 4766 cum
3247 4724 3284 4764 a
3342 4713 3380 4761 I‘
3437 4708 3500 4764 in
3555 4713 3847 4782 quartam
3887 4709 3932 4762 si

2277 4798 2556 4869 diapente
2609 4812 2824 4862 unum,
2881 4783 3062 4870 atque
3110 4797 3188 4854 ab
3233 4797 3448 4854 eadem
3497 4803 3722 4871 quarta
3775 4799 3822 4854 D
3877 4799 3928 4854 in

2277 4891 2556 4943 octavam
2597 4901 2635 4942 a
2663 4885 2848 4956 aliud,
2879 4901 2916 4942 a
2963 4893 3000 4938 Γ
3027 4887 3090 4942 in
3127 4903 3164 4944 a
3209 4893 3488 4946 octavam
3533 4903 3758 4944 novem
3803 4893 3932 4944 sunt

2277 4989 2476 5030 V0088.

2347 5065 2420 5122 D.
2447 5064 2642 5130 Quare
2665 5063 2876 5122 decem
2905 5065 2934 5126 ‘I

2347 5155 2430 5214 Μ.
2483 5157 2726 5226 Propter
2765 5154 3032 5218 Davidici
3067 5155 3480 5222 Auctoritatem
3527 5155 3820 5230 psalterii,
3845 5153 3926 5210 vel

2275 5243 2422 5318 quia
2445 5243 2508 5302 in
2535 5241 2748 5300 decem
2776 5242 3027 5300 vocibus
3053 5247 3139 5304 ter
3187 5245 3562 5310 diatessaron
3587 5247 3882 5310 invenitur
3911 5260 3924 5296 ε

2277 5349 2314 5392 a
2343 5340 2380 5388 Γ
2425 5333 2584 5394 enim
2615 5333 2677 5390 in
2729 5333 2960 5394 tertiam
2995 5335 3036 5390 C
3063 5349 3255 5392 unum
3305 5335 3682 5402 diatessaron
3733 5340 3820 5392 est
3852 5353 3866 5402 ;
3893 5349 3926 5388 a

2277 5424 2446 5482 tertia
2475 5425 2514 5482 C
2535 5422 2594 5482 in
2627 5427 2858 5480 sextam
2883 5424 2924 5476 F
2953 5422 3119 5480 aliud
3147 5424 3488 5494 invenitur;
3519 5441 3556 5486 a
3611 5427 3780 5482 sexta
3809 5427 3846 5480 Ρ
3869 5423 3922 5478 in

2275 5529 2504 5574 nonam
2549 5512 2810 5585 primam
2863 5514 2908 5568 B
2938 5513 3178 5572 tertium
3219 5517 3446 5574 restat:
3491 5517 3552 5572 et
3569 5513 3708 5574 ideo
3739 5530 3776 5574 a
3807 5513 3922 5568 I‘in

2277 5619 2505 5662 nonam
2525 5602 2786 5678 primum
2807 5605 2853 5666 Β
2871 5603 3084 5668 decem
3111 5609 3508 5674 numerantur
3533 5619 3734 5676 VM.
