4096 6138
282 137 392 191 765

1590 131 1958 191 OPUSCULA
1994 129 2086 186 DE
2123 131 2405 192 HUSlCA.

3591 155 3696 210 766

341 259 417 316 D.
449 260 713 316 Possunt
735 275 870 317 esse
907 264 965 317 et
990 260 1308 334 pauciores
1340 275 1522 317 voces
1551 258 1615 316 in
1647 260 1829 314 cantu
1853 254 1882 310 ‘t
1957 256 2002 312 A
2125 257 2414 348 secundo,
2436 266 2652 334 quarto
2681 269 2739 322 et
2759 272 2946 340 sexto,
2974 272 3034 326 et
3060 274 3297 341 octavo,
3314 272 3481 330 nulla
3503 274 3694 348 depo-

344 367 428 424 Μ.
462 371 716 425 Possunt
739 370 942 441 utique
964 369 1233 442 quinque
1263 368 1357 424 vel
1385 372 1649 440 quatuor
1677 384 1690 434 ;
1719 365 1825 421 sed
1854 363 1934 420 ita

273 457 540 527 quidem,
571 463 637 514 ut
682 461 740 514 et
784 459 1050 531 quinque
1080 459 1386 531 diapente,
1427 461 1485 514 et
1511 462 1774 532 quatuor
1801 453 1932 512 dia-

270 551 544 604 tessaron
571 547 846 604 reddant.

341 655 418 710 D.
449 651 682 710 Prolata
706 651 877 727 ratio,
907 654 964 712 et
992 671 1145 729 pene
1176 655 1450 713 omnium
1475 657 1762 713 cantuum
1793 655 1936 710 atte-

272 743 556 801 stationes
585 743 1070 818 probantverum
1096 763 1246 815 esse,
1278 746 1444 819 quod
1467 745 1632 802 dicis.
1655 743 1808 811 Quid
1831 759 1933 800 au-

272 837 392 890 tem
415 832 489 888 sit
519 837 721 902 tonus,
745 851 929 906 quem
947 836 1166 909 saepius
1191 835 1444 893 modum
1467 851 1652 891 vocas
1673 847 1926 906 expone.

345 925 400 978 8.
429 923 510 978 Μ
545 925 740 979 Tonus
768 925 862 979 vel
887 925 1105 981 modus
1127 931 1213 981 est
1243 925 1468 996 regula,
1497 941 1634 997 quae
1664 924 1739 979 de
1765 921 1931 980 omni

271 1016 453 1067 cantu
472 1011 534 1066 in
564 1011 683 1068 ﬁne
714 1012 1021 1084 dijudicat.
1045 1018 1191 1070 Nam
1222 1014 1339 1070 nisi
1368 1014 1567 1069 scieris
1595 1012 1930 1081 ﬁnem,non

268 1099 494 1174 poteris
523 1115 906 1171 cognoscere,
942 1103 1043 1159 ubi
1071 1103 1272 1177 incipi,
1304 1103 1394 1160 vel
1423 1106 1760 1177 quantuum
1812 1100 1928 1157 ele-

268 1189 398 1246 vari
424 1189 515 1245 vel
544 1190 767 1264 deponi
797 1191 1011 1249 debeat
1039 1198 1269 1249 cantus.

341 1299 415 1354 D.
451 1299 642 1364 Quam
672 1299 947 1369 regulam
977 1301 1162 1357 sumit
1190 1285 1553 1374 principium
1583 1316 1620 1356 a
1645 1299 1764 1356 ﬁne
1794 1299 1822 1354 ?

340 1407 423 1461 Μ.
456 1408 644 1462 Omne
682 1407 1044 1480 principium
1095 1409 1430 1465 secundum
1471 1408 1787 1481 praedictas
1825 1423 1928 1463 sex

269 1495 696 1552 consonantias
727 1513 838 1552 suo
864 1497 968 1553 ﬁni
999 1498 1364 1554 concordare
1395 1497 1591 1553 debet.
1617 1495 1786 1552 Nulla
1810 1512 1930 1552 vox

269 1588 464 1658 potest
490 1585 750 1658 incipere
782 1591 1046 1658 cantum,
1077 1588 1186 1642 nisi
1215 1589 1348 1660 ipsa
1379 1587 1469 1642 vel
1495 1586 1690 1641 ﬁnalis
1718 1586 1808 1651 sit,
1838 1585 1928 1640 vel
1958 1612 1999 1666 Β

272 1678 559 1729 consonet
611 1675 775 1730 ﬁnali
805 1692 912 1749 per
964 1677 1229 1750 aliquam
1259 1677 1333 1732 de
1365 1692 1468 1731 sex
1498 1675 1923 1731 consonantiis.

271 1765 337 1819 Et
378 1780 755 1836 quaecunque
803 1782 980 1821 voces
1038 1783 1144 1838 per
1200 1767 1446 1822 easdem
1500 1764 1927 1820 consonantias

269 1856 528 1924 possunt
551 1854 868 1910 convenire
895 1855 1021 1924 ﬁni,
1058 1855 1118 1910 in
1148 1854 1375 1910 eisdem
1406 1867 1648 1926 quoque
1676 1850 1927 1906 vocibus

269 1941 486 2013 poterit
534 1941 717 2014 incipi
771 1949 984 1999 cantus
1032 1941 1188 1998 illius
1231 1943 1388 2007 ﬁnis,
1437 1945 1706 2014 excepto,
1762 1939 1928 2012 quod

273 2036 507 2101 cantus,
562 2031 667 2104 qui
723 2031 927 2089 ﬁnitur
982 2033 1042 2089 in
1100 2050 1243 2090 voce
1282 2032 1493 2106 quinta
1537 2034 1598 2103 E,
1650 2047 1786 2104 quas
1841 2033 1929 2086 est

273 2119 471 2192 prima
509 2121 805 2176 semitonii
858 2122 917 2177 in
973 2122 1140 2178 tertio
1187 2122 1390 2191 modo,
1425 2136 1581 2192 saepe
1629 2118 1929 2174 invenitur

273 2207 532 2281 incipere
601 2210 658 2265 in
737 2227 881 2267 voce
950 2210 1184 2268 decima
1251 2214 1310 2282 C,
1374 2227 1509 2284 quae
1571 2209 1650 2265 ab
1715 2205 1925 2264 eadem

271 2299 481 2371 quinta
529 2301 569 2354 E
618 2316 740 2355 uno
785 2300 1086 2374 diapente,
1120 2317 1362 2375 unoque
1417 2299 1730 2356 semitonio
1761 2295 1925 2352 elon-

272 2392 462 2458 gatur.

345 2477 754 2536 Distinctiones
785 2495 1050 2552 quoque,
1081 2478 1140 2535 id
1171 2483 1259 2536 est
1288 2479 1438 2548 loca,
1475 2478 1534 2534 in
1579 2479 1802 2553 quibus
1833 2496 1924 2535 re-

271 2580 600 2638 pausamus
621 2568 682 2624 in
704 2573 906 2639 cantu,
921 2573 974 2624 et
991 2567 1053 2624 in
1070 2568 1290 2641 quibus
1311 2571 1556 2625 cantum
1572 2567 1922 2641 dividimus,

269 2655 330 2712 in
347 2655 575 2712 eisdem
592 2657 842 2714 vocibus
856 2658 1074 2714 debere
1089 2656 1241 2714 ﬁniri
1261 2658 1320 2714 in
1339 2674 1705 2731 unoquoque
1717 2658 1922 2726 modo,

268 2746 330 2802 in
360 2746 579 2819 quibus
609 2751 861 2821 possunt
886 2747 1067 2820 incipi
1097 2752 1310 2804 cantus
1342 2749 1471 2819 ejus
1503 2745 1687 2816 modi,
1731 2747 1924 2803 mani-

271 2833 486 2891 festum
517 2839 621 2892 est.
653 2839 719 2891 Et
763 2835 866 2892 ubi
892 2835 1106 2891 melius
1151 2839 1204 2892 et
1245 2835 1464 2908 saepius
1495 2835 1700 2908 incipit
1737 2852 1924 2891 unus-

270 2924 525 2998 quisque
541 2926 780 2994 modus,
805 2926 887 2982 ibi
908 2925 1124 2983 melius
1149 2930 1204 2982 et
1228 2925 1534 2982 decentius
1557 2942 1698 2982 suas
1724 2925 1927 2982 distin-

270 3015 494 3071 ctiones
524 3014 785 3089 incipere
815 3016 911 3072 vel
937 3015 1106 3072 ﬁnire
1137 3015 1463 3072 consuevit.
1493 3015 1694 3072 Plures
1723 3020 1923 3072 autem

270 3102 678 3160 distinctiones
703 3105 763 3160 in
787 3121 921 3161 eam
943 3121 1172 3173 vocem,
1191 3119 1327 3177 qua
1344 3104 1596 3161 modum
1624 3105 1921 3175 terminat,

268 3193 487 3249 debere
510 3193 688 3265 ﬁniri,
709 3195 974 3265 magistri
1004 3195 1279 3262 tradunt;
1307 3211 1384 3251 ne
1415 3195 1464 3250 si
1494 3195 1554 3250 in
1585 3195 1699 3250 alia
1722 3195 1925 3267 aliqua

267 3297 414 3338 voce
457 3282 658 3354 plures
687 3283 1116 3351 distinctiones,
1150 3300 1338 3358 quam
1366 3284 1428 3340 in
1475 3284 1626 3356 ipsa,
1659 3284 1828 3350 ﬁant,
1860 3286 1922 3341 in

267 3372 545 3428 eamdem
574 3389 818 3446 quoque
864 3377 920 3429 et
961 3377 1204 3430 cantum
1251 3373 1407 3429 ﬁniri
1453 3378 1753 3446 expetant,
1786 3379 1843 3430 et
1885 3391 1922 3432 a

263 3461 451 3517 modo
483 3461 545 3517 in
567 3478 689 3534 quo
711 3461 966 3531 fuerant,
998 3464 1219 3518 mutari
1249 3461 1628 3534 compellant.
1661 3463 1751 3518 Ad
1779 3479 1920 3519 eum

264 3549 525 3622 denique
573 3551 824 3607 modum
862 3551 1058 3621 magis
1089 3554 1299 3608 canths
1329 3552 1601 3624 pertinet,
1633 3552 1712 3608 ad
1735 3568 1918 3625 quem

264 3655 389 3695 suae
428 3640 834 3698 distinctiones
886 3641 1147 3714 amplius
1177 3646 1423 3698 currunt
1494 3645 1641 3698 Nam
1674 3645 1732 3697 et
1760 3642 1920 3714 prin-

265 3730 421 3802 cipia
446 3731 662 3802 saapius
693 3736 748 3787 et
776 3731 1082 3788 decentius
1106 3732 1166 3787 in
1183 3732 1397 3788 eadem
1425 3747 1592 3800 voce,
1624 3747 1758 3804 quae
1783 3747 1920 3788 can-

263 3823 391 3876 tum
445 3821 743 3887 terminat,
789 3821 1192 3878 inveniuntur.
1245 3821 1420 3877 Dictse
1449 3821 1535 3876 rei
1578 3821 1918 3893 exemplum

263 3909 326 3964 in
355 3908 470 3965 hac
500 3909 832 3982 antiphona
858 3910 1317 3982 comprobabis:
1353 3911 1562 3967 Tribus
1584 3913 1920 3981 miraculis;

264 4014 400 4054 ecce
433 4014 554 4055 una
583 3999 880 4056 distinctio
913 4018 925 4055 :
970 4000 1264 4056 Ornatam
1289 4001 1442 4056 diem
1473 4005 1746 4056 sanctum
1771 4001 1918 4056 coli-

263 4103 430 4156 mus;
457 4103 591 4144 ecce
624 4088 774 4144 alia:
807 4089 1000 4146 Hodie
1027 4090 1203 4146 stella
1230 4105 1433 4160 magos
1461 4089 1636 4145 duxit
1664 4089 1745 4144 ad
1767 4105 1920 4158 prm-

264 4179 530 4249 sepium;
554 4194 689 4234 ecce
719 4179 888 4234 tertia
912 4179 1151 4238 :.Hudie
1171 4180 1372 4234 vinum
1395 4194 1470 4236 ea;
1498 4194 1657 4250 aqua
1685 4180 1917 4247 factum

264 4273 350 4322 est
375 4268 456 4323 ad
475 4271 752 4338 nuptias;
773 4285 908 4324 ecce
930 4273 1146 4342 quarta
1171 4287 1182 4322 :
1216 4270 1410 4325 Hodie
1433 4285 1469 4325 a
1489 4271 1724 4324 Joanne
1747 4270 1920 4325 Cleri-

263 4362 389 4413 stus
437 4358 734 4428 baptizari
776 4361 1005 4415 voluit:
1066 4375 1201 4414 ecce
1230 4359 1458 4415 ultima.
1495 4358 1666 4414 Vides
1693 4359 1913 4430 itaque,

261 4446 416 4501 utin
467 4447 724 4516 regulari
758 4453 937 4504 cantu
994 4447 1196 4520 plures
1251 4447 1662 4504 distinctiones
1712 4447 1774 4503 in
1804 4463 1915 4502 suo

261 4538 405 4590 tono
457 4535 745 4608 incipiant
771 4540 827 4593 et
855 4536 1160 4607 ﬁniantur,
1214 4542 1277 4593 ut
1307 4541 1361 4594 et
1414 4537 1477 4592 in
1524 4537 1737 4593 eadem
1771 4550 1915 4592 voce

261 4628 473 4678 cantus
501 4623 789 4696 incipiant
817 4630 874 4681 et
901 4626 1207 4682 ﬁniantur.

333 4735 386 4786 9.
415 4731 486 4787 D.
521 4735 605 4788 Ita
655 4748 807 4798 esse,
854 4736 920 4788 ut
959 4733 1193 4801 asseris,
1236 4731 1662 4802 magistrorum
1712 4738 1913 4789 canto-

259 4837 395 4877 rum
425 4821 648 4895 ubique
676 4823 1022 4879 auctoritate
1049 4823 1404 4879 defenditur.
1439 4826 1654 4879 Verum
1693 4823 1765 4878 de
1797 4824 1913 4879 ele-

259 4912 494 4967 vatione
525 4917 580 4968 et
600 4912 990 4985 depositione,
1015 4929 1199 4986 quam
1223 4912 1392 4969 aﬁne
1418 4913 1688 4984 regulam
1713 4917 1928 4970 sumat-

259 5004 494 5072 cantus,
534 5017 913 5075 presequere.

329 5109 412 5166 Μ.
445 5113 508 5166 In
546 5110 736 5166 acutis
773 5109 865 5167 vel
904 5108 1141 5166 elevatis
1181 5108 1475 5177 cantibus,
1521 5114 1586 5166 ut
1614 5109 1674 5164 in
1714 5111 1911 5182 primo

258 5199 449 5267 tertio,
492 5200 703 5272 quinto
731 5204 789 5256 et
817 5199 1072 5272 septimo
1114 5202 1274 5258 tono.
1306 5197 1506 5253 nullus
1534 5204 1744 5254 cantus
1775 5199 1912 5271 plus

256 5303 294 5344 a
323 5303 435 5343 suo
472 5287 611 5357 ﬁne,
640 5301 825 5362 quam
855 5289 933 5346 ad
962 5293 1239 5345 octavam
1267 5302 1478 5343 vocem
1497 5287 1679 5344 debet
1707 5303 1912 5344 ascen-

255 5376 420 5442 dere,
451 5377 510 5432 in
541 5395 663 5450 qua
689 5394 832 5434 voce
859 5378 1072 5434 eadem
1101 5382 1190 5434 est
1217 5377 1428 5443 littera,
1457 5393 1594 5448 quae
1615 5377 1745 5431 etin
1767 5376 1908 5445 ﬁne;

253 5470 500 5539 propter
551 5468 880 5535 divisionis,
923 5483 1058 5540 qua:
1101 5467 1397 5539 diapason
1443 5466 1657 5522 dicitur
1702 5467 1908 5538 praeci-

2044 344 2177 437 sitio
2207 346 2461 437 alicujus
2489 352 2650 407 vocis
2679 360 2813 412 ante
2842 357 3027 415 ﬁnem
3056 359 3410 434 invenietur,
3442 344 3695 437 qum—ad

2040 434 2226 491 ﬁnem
2252 435 2457 508 ipsum
2496 442 2830 500 secundum
2866 462 2968 503 sex
2998 451 3317 520 pradictas
3355 434 3696 512 con—sonan-

2040 523 2153 580 tias
2172 541 2297 582 non
2306 526 2886 600 jungatur.Elevatio
2905 553 3046 594 vero
3061 554 3271 598 eorum
3293 558 3330 600 a
3349 543 3470 601 ﬁne
3491 560 3698 605 secun-

2039 613 2204 708 dum‘
2219 616 2464 708 easdem
2493 625 2922 682 consonantiae
2951 626 3032 682 ad
3058 629 3329 705 quinque
3353 649 3526 690 voces
3556 650 3696 708 pro-

2040 703 2324 796 greditur.
2355 707 2695 781 Aliquando
2733 716 2936 770 autem
2965 715 3044 771 ad
3085 703 3316 776 sextam
3342 737 3533 795 usque
3555 703 3696 796 pro-

2039 791 2212 848 cedit.
2243 797 2306 849 In
2334 796 2558 868 quibus
2576 803 2777 856 autem
2796 802 3049 859 vocibus
3073 807 3347 864 omnium
3372 791 3694 869 modorum

2036 885 2249 936 cantus
2295 885 2629 943 secundum
2684 895 3045 960 praesentem
3082 909 3261 950 usum
3301 897 3518 968 saepius
3557 900 3697 956 inci-

2037 969 2226 1042 piant,
2259 971 2319 1027 in
2348 989 2556 1031 eorum
2589 977 2862 1035 formulis
2891 981 3252 1053 pervidebis.

2115 1079 2199 1131 10.
2258 1078 2329 1133 D.
2385 1080 2682 1146 Quoniam
2728 1083 3000 1158 probasti
3049 1089 3322 1146 omnium
3371 1090 3695 1150 modorum

2039 1169 2250 1221 cantus
2292 1181 2328 1224 a
2357 1168 2475 1225 ﬁne
2501 1171 2774 1242 regulam
2807 1191 3062 1244 sumere,
3091 1194 3213 1252 quo
3244 1179 3360 1236 sint
3387 1178 3501 1254 ipsi
3530 1182 3695 1239 modi

2037 1254 2131 1310 vel
2162 1254 2306 1326 toni,
2339 1262 2577 1333 tempus
2612 1266 2697 1318 est
2728 1261 2943 1322 dicere.

2115 1345 2195 1402 M.
2231 1348 2497 1412 Quatuor
2525 1367 2656 1408 esse
2687 1355 2902 1411 modos
2932 1356 3181 1430 quidam
3213 1359 3444 1432 putant.

2109 1456 2184 1509 D.
2217 1456 2410 1520 Quare
2440 1458 2467 1513 ?

2107 1564 2190 1617 Μ.
2223 1564 2374 1628 Quia
2398 1566 2598 1620 omnis
2627 1569 2919 1637 regularis
2951 1577 3161 1628 cantus
3187 1574 3249 1630 in
3278 1580 3539 1648 quatuor
3569 1593 3697 1633 mo-

2035 1652 2327 1708 nochordi
2354 1654 2598 1710 vocibus
2626 1655 2782 1712 ﬁniri
2810 1664 3020 1730 potest.

2112 1762 2183 1815 1).
2217 1761 2358 1826 Quae
2387 1767 2525 1818 sunt
2561 1763 2672 1819 illae
2702 1778 2880 1821 voces
2907 1767 2940 1823 ?

2106 1868 2188 1923 Μ.
2222 1869 2443 1934 Quarta
2496 1873 2559 1939 D,
2595 1871 2654 1928 in
2685 1889 2871 1945 quam
2902 1875 3255 1934 terminatur
3295 1879 3536 1948 modus,
3587 1882 3694 1954 qui

2036 1956 2250 2012 dicitur
2275 1961 2595 2017 authentus
2619 1964 2913 2034 protus,id
2935 1969 3042 2028 est,
3065 1971 3272 2022 auctor
3293 1967 3387 2024 vel
3412 1969 3694 2042 princeps

2034 2047 2287 2119 primus.
2321 2049 2538 2117 Quinta
2572 2052 2613 2106 E
2655 2051 2715 2106 in
2754 2069 2878 2124 qua
2906 2054 3263 2111 terminatur
3292 2057 3533 2130 modus,
3585 2058 3695 2132 qui

2036 2135 2250 2191 dicitur
2275 2137 2594 2194 authentus
2615 2140 2917 2209 deuterus,
2941 2142 3002 2198 id
3031 2147 3138 2211 est,
3171 2150 3379 2201 auctor
3403 2147 3498 2202 vel
3527 2147 3691 2220 prin-

2037 2240 2177 2296 ceps
2223 2227 2543 2284 secundus.
2575 2229 2748 2284 Sexta
2788 2231 2846 2297 F,
2878 2229 2939 2285 in
2969 2247 3154 2304 quam
3211 2234 3562 2290 terminatur
3587 2250 3692 2290 au-

2038 2315 2275 2370 thentus
2305 2317 2495 2387 tritus,
2529 2318 2591 2373 id
2615 2323 2722 2387 est,
2747 2324 2954 2376 auctor
2974 2325 3032 2377 et
3058 2323 3340 2396 princeps
3371 2323 3597 2380 tertius.
3627 2327 3694 2380 Et

2039 2403 2299 2476 septima
2328 2409 2391 2474 G,
2439 2407 2501 2462 in
2531 2424 2716 2482 quam
2753 2409 3102 2467 terminatur
3132 2414 3452 2470 authentus
3483 2418 3691 2471 tetrar-

2037 2494 2174 2564 dus,
2207 2495 2268 2550 id
2297 2499 2406 2563 est,
2449 2501 2656 2554 auctor
2683 2499 2778 2555 vel
2807 2499 3087 2574 princeps
3139 2506 3408 2576 quartus.
3443 2503 3510 2560 Hi
3538 2519 3690 2578 qua-

2035 2589 2169 2641 tuor
2195 2590 2397 2643 autem
2422 2587 2772 2646 dividuntur
2799 2589 2861 2647 in
2886 2596 3046 2650 octo.

2103 2694 2176 2748 D.
2210 2693 2401 2756 Quare
2427 2695 2454 2750 ?

2105 2802 2188 2856 Μ.
2222 2800 2469 2873 Propter
2487 2801 2751 2859 elevatos
2767 2807 2822 2860 et
2842 2805 3099 2862 humiles
3119 2809 3354 2862 cantus.
3379 2810 3528 2863 Nam
3549 2822 3690 2864 cum

2033 2894 2246 2946 acutus
2268 2889 2361 2945 vel
2391 2890 2654 2947 elevatus
2675 2891 2850 2949 fuerit
2871 2898 3083 2950 cantus
3103 2895 3165 2950 in
3189 2895 3471 2951 authento
3493 2900 3688 2968 proto,

1956 2969 1997 3025 Β
2033 2977 2249 3034 dicitur
2299 2978 2518 3034 modus
2573 2980 2894 3036 authentus
2952 2985 3186 3054 protus.
3230 2982 3287 3039 Si
3323 2999 3466 3040 vero
3515 2983 3691 3040 fuerit

2032 3068 2235 3137 gravis
2261 3071 2318 3124 et
2344 3068 2588 3124 humilis
2618 3069 2679 3125 in
2708 3070 2924 3127 eodem
2955 3072 3260 3140 authento,
3305 3076 3500 3145 proto,
3543 3073 3690 3129 dici-

2033 3160 2129 3213 tur
2153 3156 2336 3230 plaga
2360 3157 2534 3230 proti.

2103 3268 2175 3321 D.
2211 3268 2406 3332 Quare
2432 3266 2648 3324 dicitur
2674 3267 2858 3341 plaga
2888 3268 3043 3341 proti
3074 3269 3102 3325 ?

2099 3375 2183 3430 Μ.
2218 3373 2396 3444 Plaga
2424 3376 2599 3447 proti,
2617 3376 2680 3432 id
2700 3380 2788 3433 est
2814 3393 2955 3449 pars
2978 3377 3155 3450 primi
3183 3375 3415 3446 dicitur,
3431 3391 3503 3434 eo
3518 3377 3687 3452 quod

2028 3463 2270 3519 ﬁniatur
2287 3464 2350 3520 in
2363 3464 2640 3520 eamdem
2656 3468 2910 3538 partem,
2933 3465 2994 3521 id
3006 3470 3112 3534 est,
3128 3467 3328 3523 locum
3357 3466 3454 3524 vel
3477 3483 3687 3523 vocem

2027 3558 2308 3626 quartam
2337 3557 2383 3610 D
2411 3555 2830 3623 monochordi,
2859 3556 2921 3611 in
2959 3571 3083 3629 qua
3106 3556 3310 3613 ﬁnitur
3337 3560 3396 3614 et
3431 3558 3685 3614 authen-

2030 3646 2124 3699 tus
2167 3650 2399 3723 protus.
2445 3643 2718 3701 Similiter
2756 3660 2897 3700 cum
2929 3650 3140 3702 acutus
3177 3644 3354 3702 fuerit
3381 3649 3594 3702 cantus
3623 3645 3687 3702 in

2028 3739 2315 3796 authento
2373 3735 2641 3797 deutero,
2702 3732 2919 3790 dicitur
2975 3735 3297 3790 authentus
3352 3734 3682 3805 deuterus;

2029 3828 2123 3883 sin
2173 3829 2374 3882 autem
2429 3822 2648 3895 planus
2694 3821 2869 3877 fuerit
2923 3826 3156 3890 cantus,
3225 3821 3407 3894 plaga
3457 3823 3686 3880 deuteri

2027 3912 2457 3970 nominabitur.
2507 3909 2730 3965 Eodem
2759 3908 2944 3964 modo
2970 3909 3264 3966 diceretur
3292 3909 3368 3966 de
3398 3911 3684 3967 authento

2028 4005 2162 4061 trito
2215 4002 2397 4074 plaga
2449 3999 2585 4068 triti,
2641 4003 2698 4056 et
2753 3998 2829 4054 de
2886 3999 3173 4054 authento
3211 3999 3471 4055 tetrardo
3501 3999 3684 4072 plaga

2029 4091 2290 4150 tetrardi.
2334 4087 2714 4147 Consuetudo
2755 4090 2958 4144 autem
3005 4087 3271 4159 tradidit,
3319 4087 3516 4144 dicere
3570 4103 3682 4160 pro

2029 4183 2312 4239 authento
2338 4182 2512 4251 proto
2545 4182 2601 4233 et
2628 4177 2810 4250 plaga
2851 4177 3004 4249 proti
3052 4177 3304 4233 modum
3330 4178 3594 4250 primum
3626 4182 3684 4235 et

2030 4270 2363 4328 secundum
2393 4287 2406 4337 ;
2439 4271 2495 4323 et
2519 4283 2628 4339 pro
2659 4267 2945 4322 authento
2973 4266 3218 4322 deutero
3240 4271 3296 4323 et
3322 4267 3504 4340 plaga
3531 4268 3679 4324 deu-

2027 4361 2132 4418 teri
2159 4361 2412 4416 modum
2438 4357 2675 4413 tertium
2707 4359 2765 4412 et
2801 4360 3088 4428 quartum
3118 4374 3128 4411 :
3159 4361 3216 4414 et
3241 4372 3352 4430 pro
3391 4357 3679 4415 authento

2027 4450 2158 4505 trito
2189 4452 2246 4505 et
2274 4449 2455 4520 plaga
2483 4447 2613 4518 ejus
2642 4445 2894 4502 modum
2923 4445 3201 4518 quintum
3228 4449 3286 4501 et
3317 4448 3552 4501 sextum
3577 4463 3591 4500 :
3624 4451 3682 4503 et

2024 4530 2134 4610 pro
2188 4535 2518 4593 authentho
2572 4533 2863 4591 tretrardo
2911 4538 2969 4588 et
3019 4533 3199 4606 plaga
3245 4534 3376 4604 ejus
3425 4533 3679 4589 modum

2021 4627 2350 4700 septimum
2375 4629 2434 4681 et
2459 4629 2767 4680 octavum.
2812 4623 2994 4693 Igitur
3023 4627 3158 4678 octo
3187 4627 3327 4678 sunt
3355 4621 3540 4688 modi,
3572 4638 3680 4694 per

2021 4734 2176 4790 quos
2216 4715 2383 4772 omni
2409 4713 2707 4770 cantilena
2733 4712 3074 4768 discurrens
3103 4715 3238 4768 octo
3283 4711 3678 4768 dissimilibus

2022 4806 2412 4879 qualitatibus
2443 4803 2725 4859 variatur.

2092 4914 2164 4966 D.
2201 4908 2728 4976 Quemadmodum
2752 4911 2959 4980 potero
2986 4921 3195 4962 eorum
3226 4905 3590 4964 differentias
3621 4911 3678 4964 et

2022 5001 2486 5059 communitates
2517 5000 2824 5056 advertere
2845 4999 2875 5056 ‘.’

2091 5111 2173 5166 Μ.
2202 5111 2308 5164 Per
2328 5112 2501 5164 tonos
2525 5112 2582 5163 et
2607 5105 2941 5164 semitonia.
2981 5105 3088 5162 Ubi
3109 5103 3407 5161 enimtoni
3427 5107 3486 5160 et
3504 5101 3675 5157 semi-

2019 5199 2183 5256 tonia
2200 5195 2379 5254 simul
2399 5193 2569 5266 ﬁunt,
2584 5195 2668 5253 ibi
2685 5197 2742 5252 et
2762 5195 3004 5269 reliqum
3021 5193 3428 5251 consonantia;
3449 5189 3673 5245 similes

2017 5290 2205 5345 ﬁunt:
2249 5287 2596 5360 ubicunque
2623 5285 2787 5342 enim
2815 5285 2942 5340 duo
2970 5283 3094 5339 toni
3123 5287 3182 5338 et
3207 5295 3398 5336 unum
3425 5277 3669 5334 semito-

2017 5380 2186 5436 nium
2216 5377 2452 5444 fuerint,
2485 5375 2568 5432 ibi
2596 5375 3039 5431 etdiatessaron
3065 5370 3204 5435 erit;
3239 5371 3296 5423 et
3321 5366 3670 5439 ubicunque

2017 5475 2131 5526 tres
2155 5468 2276 5524 toni
2303 5466 2617 5522 semitonio
2638 5461 3049 5526 adhaerebunt,
3065 5457 3142 5512 ibi
3163 5460 3220 5511 et
3244 5455 3521 5527 diapente
3545 5471 3666 5512 non

251 5571 445 5630 puam
478 5558 892 5630 quantitatem,
925 5555 1109 5613 habet
1137 5557 1298 5612 idem
1327 5561 1537 5613 cantus
1565 5559 1698 5612 ante
1723 5556 1909 5613 ﬁnem
2013 5557 2219 5613 deerit.
2247 5555 2521 5613 Similiter
2542 5557 2600 5610 et
2625 5553 2701 5610 de
2729 5548 2975 5622 reliquis
2996 5545 3404 5604 consonantiis
3433 5547 3669 5617 oportet

252 5659 466 5703 vocem
494 5661 701 5705 unam.
734 5647 808 5706 At
834 5660 977 5704 vero
1002 5644 1064 5704 in
1091 5644 1511 5704 humilioribus
1541 5643 1912 5718 cantibus,ut
1985 5644 2257 5717 intelligi.
