4090 6122
455 175 562 231 767

1219 165 1275 222 S.
1318 166 1576 223 ODONIS
1613 166 1905 222 ABBATIS
1946 165 2076 222 SEU
2113 166 2452 224 ALTERIUS
2490 165 2751 224 ODONIS
2789 164 3100 221 MXMACHI

3768 166 3903 218 768

528 296 603 352 D.
633 298 755 364 Age
785 306 946 362 ergo,
967 289 1237 359 obsecro,
1264 293 1322 346 et
1345 289 1419 346 de
1443 289 1673 368 modis,
1694 305 1830 363 quae
1851 303 2111 361 sequun-
2146 311 2193 364 Α
2220 305 2328 362 per
2345 292 2522 346 tonos
2553 293 2609 346 et
2653 287 2972 345 semitonia
2997 286 3080 343 ita
3112 303 3125 342 :
3159 289 3298 359 post
3350 285 3534 342 ﬁnem
3566 285 3766 358 primo
3801 292 3899 343 to-

459 389 576 455 tur,
603 381 839 440 edicito.

533 475 616 528 11.
645 471 730 527 Μ.
763 469 994 526 Primus
1025 473 1202 526 tonus
1228 467 1434 524 ﬁnitur
1450 467 1511 523 in
1539 482 1686 524 voce
1715 471 1950 541 quarta,
1976 482 2111 540 pro-

2220 395 2336 435 nus
2365 379 2643 448 occurrit,
2697 377 2914 433 deinde
2968 376 3375 446 semitonium,
3422 380 3482 431 et
3509 375 3634 431 duo
3665 376 3795 431 toni
3825 392 3901 432 ac

2220 468 2434 525 iterum
2465 466 2871 538 semitonium,
2902 470 2961 522 et
2984 465 3108 522 duo
3133 464 3258 522 toni
3292 482 3305 521 :
3333 465 3657 538 deponitur
3684 481 3834 522 vero
3861 482 3900 522 a

459 560 733 633 ceditque
763 558 824 615 in
850 559 1255 627 undecimam,
1278 557 1337 614 in
1368 573 1490 630 qua
1507 560 1602 614 est
1616 557 1828 614 eadem
1857 557 2050 614 littera
2071 556 2113 612 d
2221 555 2340 613 ﬁne
2368 556 2447 614 ad
2472 572 2684 613 vocem
2706 555 2937 612 tertiam
2964 558 3108 611 tono
3133 570 3278 624 uno,
3308 554 3424 610 hoc
3469 554 3657 610 modo
3689 555 3850 626 (138)
3883 573 3898 610 :

727 687 944 741 Forma

735 755 860 811 toni
889 760 929 810 l.

533 880 790 946 Quidam
817 883 1018 936 autem
1038 879 1484 936 decachordum
1520 879 1730 937 volunt
1757 878 1974 948 facere,
2007 878 2116 934 ad-

460 970 790 1043 jiciuntque
841 984 1051 1025 vocem
1109 984 1318 1040 unam,
1368 968 1699 1025 secundam
1755 971 1814 1024 Β.
1851 968 1965 1027 Sed
1993 983 2118 1024 non

465 1061 554 1114 est
579 1057 641 1113 in
667 1073 801 1127 usu,
834 1060 899 1112 ut
928 1057 1006 1113 ad
1058 1074 1194 1114 eam
1222 1057 1454 1130 primus
1496 1057 1836 1130 deponatur
1877 1058 2114 1114 modus.

465 1145 674 1219 Incipit
719 1149 922 1202 autem
967 1151 1178 1202 cantus
1235 1146 1506 1218 ejusdem
1537 1146 1702 1202 modi
1740 1145 1802 1202 in
1834 1149 1895 1218 C,
1927 1151 1993 1202 ut
2031 1146 2121 1202 :0

470 1235 702 1290 beatum
722 1235 1062 1303 pontiﬁcem
1096 1233 1348 1306 :stnpius
1391 1234 1453 1289 in
1502 1237 1567 1302 D,
1599 1235 1846 1306 quando
1900 1234 2119 1307 princi-

464 1323 634 1397 pium
664 1339 804 1379 cum
831 1323 952 1379 ﬁne
973 1323 1318 1387 concordat,
1337 1328 1401 1380 ut
1424 1340 1436 1378 :
1456 1325 1610 1380 Ecce
1629 1339 1842 1382 nomen
1857 1325 2118 1380 Domini.

469 1416 531 1468 In
560 1414 602 1468 Ε
623 1428 886 1485 quoque,
919 1413 1029 1469 sed
1055 1429 1214 1483 raro,
1240 1416 1308 1468 ut
1330 1430 1342 1468 :
1364 1413 1630 1470 Gaudete
1656 1415 1721 1469 in
1748 1415 2000 1469 Domino
2026 1413 2121 1476 :in

471 1503 529 1572 F,
561 1502 667 1556 ut:
699 1501 826 1570 Ipsi
876 1502 1008 1568 soli,
1041 1501 1103 1556 in
1161 1503 1204 1557 G
1251 1516 1514 1573 quoque,
1549 1505 1650 1556 ut:
1690 1501 1904 1558 Canite
1941 1501 2119 1568 tuba;

818 1628 1029 1682 Forma

800 1696 844 1749 Il
891 1696 1016 1752 toni

1115 719 1176 774 C.
1219 722 1298 774 to.
1377 721 1441 774 D.
1474 722 1554 775 to.
1632 721 1693 774 E.
1731 720 1886 776 Sem.
1967 721 2024 774 F.
2057 722 2138 774 to.
2215 718 2281 772 G.
2314 723 2392 775 to.
2428 735 2483 774 a.
2525 721 2682 776 Sem.
2714 718 2777 774 b.
2851 721 2874 774 β
2911 719 3066 774 Sem.
3144 717 3205 771 C.
3239 720 3300 773 to
3381 689 3392 827 Ι
3485 714 3526 770 d
3630 685 3644 829 Ι

2227 879 2290 935 in
2315 895 2351 936 a
2370 879 2572 948 etiam,
2604 882 2671 935 ut
2704 895 2719 936 :
2753 879 2952 936 Veniet
2978 879 3290 949 Dominus,
3329 883 3433 934 aut
3460 880 3586 935 Exi
3611 880 3752 935 cito.

2304 972 2389 1024 l2.
2434 967 2744 1024 Secundus
2799 971 3000 1024 autem
3039 970 3219 1022 tonus
3277 967 3546 1023 similiter
3588 966 3808 1022 ﬁnitur
3853 967 3919 1022 in

2229 1057 2508 1114 eamdem
2537 1073 2749 1113 vocem
2781 1059 2846 1127 D,
2881 1060 2939 1113 et
2989 1055 3263 1113 ascendit
3313 1073 3451 1113 cum
3499 1071 3573 1112 eo
3599 1072 3805 1129 usque
3835 1055 3920 1112 ad

2229 1163 2456 1204 nonam
2486 1146 2749 1219 primam
2786 1146 2849 1216 b,
2892 1145 2972 1201 ad
3027 1144 3326 1202 decimam
3362 1161 3505 1201 vero
3533 1145 3630 1202 vel
3657 1145 3922 1201 undeci-

2231 1250 2400 1290 mam
2425 1249 2550 1290 non
2578 1233 2866 1307 pervenit.
2902 1232 3231 1305 Deponitur
3261 1248 3404 1289 vero
3431 1249 3468 1289 a
3487 1231 3610 1290 ﬁne
3672 1238 3830 1288 tono
3864 1238 3924 1288 et

2235 1321 2554 1377 semitonio
2592 1325 2650 1377 et
2677 1324 2820 1377 tono
2850 1336 3046 1393 usque
3076 1319 3156 1376 ad
3181 1319 3440 1392 primam
3467 1325 3535 1389 Α,
3569 1320 3922 1393 aliquando

2236 1414 2458 1480 autem,
2488 1409 2594 1466 sed
2631 1425 2789 1477 raro,
2830 1412 2889 1466 et
2915 1409 3032 1466 alio
3059 1413 3202 1466 tono
3234 1425 3425 1482 usque
3448 1409 3530 1465 ad
3551 1424 3838 1480 gamma,
3864 1415 3924 1465 et

2235 1499 2390 1554 ﬁunt
2417 1498 2659 1555 chordae
2681 1499 2890 1555 decem
2916 1499 3031 1554 hoc
3061 1497 3246 1555 modo
3275 1499 3427 1569 (139)
3457 1515 3471 1554 :

1127 1619 3555 1770 ΙΓι¹Α1.ιΒε.ΙΟι.ΙΙ)ι.ΙΕε.11ε“1.Ιϐ.ῑ.Ιε,ῐ.Ι1).Ι

543 1819 736 1876 Habet
764 1821 962 1894 itaque
1016 1825 1317 1880 secundus
1373 1831 1550 1881 tonus
1590 1831 1646 1893 Γ,
1681 1831 1736 1881 et
1764 1825 2026 1898 primam
2056 1831 2125 1894 Α,
2167 1829 2206 1883 Β
2238 1825 2634 1882 formularum
2655 1823 2967 1879 varietates
2988 1826 3045 1878 et
3063 1821 3430 1878 differentias
3457 1821 3915 1877 discernuntur.

473 1913 530 1965 et
559 1908 887 1965 secundam
915 1913 973 1978 Β,
998 1928 1151 1984 quas
1201 1929 1326 1970 non
1375 1914 1558 1970 habet
1604 1915 1834 1988 primus
1869 1933 1882 1970 :
1933 1919 1991 1971 et
2015 1915 2132 1988 pri-

474 2013 612 2054 mus
665 1998 843 2055 habet
895 2000 1194 2058 decimam
1251 2020 1303 2074 c,
1346 2009 1402 2060 et
1433 2003 1818 2060 undecimam
1871 2005 1932 2072 d,
1973 2020 2128 2078 quas

475 2101 598 2142 non
624 2086 809 2144 habet
837 2090 1158 2147 secundus.
1195 2094 1341 2149 Sunt
1393 2092 1859 2149 autem'horum
1889 2092 2132 2166 plurimi

476 2177 708 2244 cantus,
741 2175 845 2247 qui
876 2177 953 2232 ad
982 2183 1020 2229 Γ
1045 2183 1101 2234 et
1119 2179 1380 2252 primam
1405 2183 1452 2235 Α
1495 2185 1552 2236 et
1580 2180 1912 2237 secundam
1940 2184 1978 2236 Β
2010 2197 2132 2237 non

476 2262 880 2336 deponuntur,
936 2266 1012 2322 ad
1061 2267 1363 2324 decimam
1427 2268 1518 2324 vel
1559 2268 1955 2326 undecimam
2010 2285 2133 2326 non

478 2351 804 2425 elevantur,
827 2354 902 2410 de
939 2357 1162 2428 quibus
1186 2357 1437 2413 dubium
1471 2362 1577 2425 est,
1605 2373 1682 2412 an
1711 2357 1910 2430 primi,
1934 2375 2012 2415 an
2045 2375 2134 2414 se-

479 2440 662 2496 cundi
692 2441 809 2498 sint
839 2443 960 2498 toni
985 2461 998 2498 :
1032 2461 1293 2516 quorum
1321 2445 1432 2500 ista
1471 2446 1746 2501 discretio
1777 2451 1888 2502 est.
1920 2447 2007 2502 Ad
2035 2463 2136 2504 oc-

480 2532 686 2586 tavam
715 2534 772 2586 et
820 2547 1045 2588 nonam
1077 2533 1125 2589 si
1154 2549 1276 2590 non
1328 2534 1679 2598 ascendunt,
1712 2535 2035 2592 certissime
2063 2537 2138 2592 de

481 2621 625 2673 tono
670 2619 936 2676 secundo
985 2626 1142 2676 sunt.
1176 2625 1359 2679 Erunt
1410 2623 1612 2695 itaque
1642 2629 1855 2680 octava
1891 2629 1947 2680 et
1976 2642 2138 2682 nona

486 2705 794 2778 utriusque
826 2723 1200 2775 communes,
1230 2710 1308 2766 ad
1328 2727 1484 2784 quas
1511 2711 1659 2768 dum
1690 2717 1901 2769 cantus
1931 2729 2139 2769 ascen-

483 2793 590 2864 dit,
622 2794 672 2851 si
699 2795 803 2852 diu
827 2797 890 2853 in
914 2798 998 2854 eis
1029 2805 1398 2872 permaneat,
1434 2801 1556 2857 sive
1588 2803 1756 2858 tertio
1786 2803 1876 2858 vel
1924 2807 2140 2876 quarto

485 2898 588 2939 eas
643 2887 1020 2956 repercutiat,
1079 2892 1183 2945 aut
1237 2889 1284 2944 si
1337 2888 1400 2945 in
1443 2894 1656 2947 octava
1679 2890 1944 2964 incipiat,
1976 2890 2142 2947 modi

485 2973 593 3029 erit
644 2974 844 3047 primi.
929 2977 1028 3033 Sin
1075 2983 1278 3034 autem
1333 2979 1395 3034 in
1445 2979 1825 3036 inferioribus
1874 2981 2140 3054 incipiat,

485 3065 544 3118 et
573 3064 909 3120 secundum
939 3067 1336 3139 quantitatem
1365 3068 1710 3140 antiphonas
1740 3069 2040 3125 rarissime
2063 3069 2142 3125 ad

2239 1915 2532 1987 Principia
2563 1916 2764 1969 autem
2795 1911 3042 1967 secundi
3071 1911 3196 1967 toni
3227 1915 3366 1966 sunt
3402 1911 3465 1966 in
3497 1916 3555 1980 I‘,
3583 1915 3649 1966 ut
3677 1927 3691 1964 :
3738 1910 3920 1965 Educ

2240 2005 2313 2062 de
2336 2019 2613 2070 carcere;
2665 2001 2726 2057 in
2779 2006 2846 2067 A,
2897 2000 3236 2056 ut:0mnes
3273 1999 3690 2070 patriarchae;
3741 1999 3808 2054 in
3855 2001 3915 2063 C,

2243 2098 2308 2150 ut
2339 2112 2351 2150 :
2384 2095 2599 2150 Nonne
2627 2107 2730 2148 cor
2749 2095 3021 2146 nostrum
3040 2105 3066 2161 ,°
3092 2090 3156 2146 in
3214 2093 3278 2154 D,
3321 2095 3387 2146 ut
3417 2109 3430 2146 :
3455 2091 3612 2146 Ecce
3639 2090 3705 2144 in
3741 2088 3916 2144 nubi-

2246 2185 2400 2250 bus;
2444 2182 2505 2238 in
2538 2184 2600 2252 E,
2631 2185 2698 2237 ut
2723 2181 3055 2236 Animalia.
3100 2180 3256 2236 Ecce
3303 2179 3506 2235 Maria
3533 2194 3557 2249 ,'
3602 2179 3668 2233 in
3709 2180 3769 2243 F,
3808 2180 3870 2232 ut
3900 2196 3913 2232 :

2247 2273 2427 2340 Quem
2459 2271 2707 2328 vidistis.
2739 2272 2804 2324 In
2838 2274 2874 2321 1‘
2898 2284 3055 2338 vero,
3087 2269 3149 2338 Β,
3171 2268 3267 2324 vel
3295 2270 3358 2336 E,
3380 2267 3477 2324 vel
3505 2270 3570 2335 G,
3605 2267 3920 2323 rarissima

2245 2359 2521 2432 exempla
2560 2358 2838 2430 reperies.

2316 2451 2390 2505 D.
2421 2452 2500 2504 De
2552 2446 2731 2520 primi
2761 2451 2819 2502 et
2842 2445 3091 2502 secundi
3135 2445 3493 2503 discretione
3523 2443 3783 2511 suﬁicit;
3841 2442 3922 2498 ad

2247 2537 2484 2609 reliqua
2513 2534 2967 2608 properandum
2989 2538 3099 2590 est.

2325 2630 2407 2682 13.
2465 2626 2548 2680 Μ.
2631 2624 2856 2680 Tertius
2923 2622 3144 2680 modus
3225 2622 3288 2678 in
3353 2623 3628 2696 quintam
3713 2621 3922 2676 ﬁnitur

2248 2729 2461 2770 vocem
2509 2712 2570 2768 in
2623 2715 2664 2768 E
2711 2711 2990 2780 litteram,
3020 2711 3411 2786 proceditque
3442 2727 3565 2766 uno
3609 2710 3920 2783 diapason

2252 2817 2443 2874 usque
2488 2800 2568 2856 ad
2623 2800 2902 2856 eamdem
2940 2801 3199 2857 litteram
3237 2816 3267 2858 e
3318 2804 3558 2857 acutam
3590 2814 3704 2872 per
3744 2804 3919 2854 tonos

2252 2907 2323 2947 ac
2373 2890 2687 2946 semitonia
2742 2890 2866 2946 ita:
2897 2890 3093 2963 primo
3153 2906 3470 2946 assumens
3500 2889 3918 2954 semitonium,

2253 2980 2470 3037 deinde
2500 2985 2615 3036 tres
2646 2985 2820 3036 tonos
2853 2997 2924 3036 ac
2973 2981 3357 3037 semitonium
3396 2983 3451 3036 et
3510 2979 3668 3034 duos
3699 2984 3875 3034 tonos
3903 2997 3916 3032 :

2254 3068 2570 3139 deponitur
2599 3084 2740 3124 vero
2770 3084 2806 3124 a
2837 3067 2956 3123 ﬁne
3003 3069 3082 3125 ad
3129 3072 3410 3142 quartam
3441 3072 3584 3124 tono
3615 3083 3763 3136 uno,
3809 3066 3919 3121 hoc

484 3150 616 3207 illas
641 3153 950 3226 ascendat,
983 3155 1230 3212 secundi
1281 3155 1390 3212 erit
1431 3156 1616 3213 modi.
1665 3157 1946 3230 Alioquin
1971 3158 2145 3229 juxta
2257 3157 2441 3214 modo
2473 3158 2623 3226 (140)
2659 3174 2671 3213 :

587 3278 801 3333 Forma

575 3346 644 3400 IlI
684 3348 826 3404 toni.

893 3279 2102 3429 IDt.|ss.lFt.th.|at.|

564 3481 718 3535 Sane
763 3481 1094 3538 secundam
1146 3501 1372 3543 nonam
1403 3492 1426 3555 ει
1453 3487 1589 3543 ideo
1641 3487 1968 3555 adamavit,
1999 3485 2145 3558 quia
2185 3495 2224 3550 C
2255 3486 2389 3543 fecit
2415 3503 2604 3560 prope
2633 3487 2817 3544 ﬁnem
2849 3492 2965 3543 tres
2999 3491 3194 3555 tonos,
3227 3485 3485 3559 ideoque
3515 3501 3748 3541 nonam
3807 3483 3917 3556 pri-

490 3567 569 3624 ad
598 3568 726 3638 ejus
754 3568 938 3625 ﬁnem
969 3571 1247 3645 diapente
1268 3581 1358 3631 est
1384 3594 1396 3631 :
1431 3574 1694 3631 maxime
1738 3579 1937 3631 autem
1986 3573 2142 3641 ideo,

490 3656 635 3728 quia
684 3657 763 3712 ad
818 3659 1225 3719 acutissimam
1281 3664 1433 3736 ejus,
1477 3663 1541 3720 id
1569 3668 1724 3731 este,
1770 3663 2145 3719 diatessaron

491 3745 704 3802 reddit.
735 3747 886 3813 Quia
923 3755 1124 3808 autem
1157 3768 1342 3826 prope
1378 3753 1563 3809 ﬁnem
1598 3757 1713 3810 tres
1742 3752 1926 3809 habet
1951 3756 2144 3823 tonos,

491 3833 554 3889 in
603 3835 994 3895 descensione
1051 3840 1145 3896 vel
1199 3843 1549 3898 ascensione
1603 3843 1804 3915 potius
1851 3839 2142 3910 saliendo,

492 3938 679 3995 quam
724 3925 1075 3995 gradiendo,
1135 3929 1316 3986 vadit.
1348 3930 1568 3987 Usitata
1609 3934 1808 3987 autem
1839 3929 1968 4000 ejus
1987 3927 2147 4000 prin-

494 4013 649 4086 cipia
705 4019 845 4088 sunt
889 4017 1018 4073 haec
1051 4035 1064 4073 :
1092 4018 1155 4074 in
1201 4023 1264 4092 E,
1319 4025 1382 4076 ut
1415 4039 1427 4076 :
1455 4021 1705 4090 Quando
1733 4025 1911 4075 natus
1941 4031 2040 4089 es;
2083 4017 2145 4073 in

495 4101 556 4167 F,
600 4104 666 4156 ut
697 4118 710 4157 :
734 4103 912 4160 Nunc
964 4107 1085 4162 scio
1113 4120 1136 4178 ,'
1163 4108 1258 4164 vel
1286 4109 1347 4164 in
1402 4110 1468 4176 G,
1497 4113 1562 4164 ut
1589 4126 1602 4164 :
1631 4109 1830 4163 Multa
1859 4107 2095 4178 quidem
2129 4122 2143 4174 ;

493 4185 556 4242 in
606 4203 665 4258 a,
721 4193 786 4245 ut
836 4208 848 4246 :
886 4192 1024 4260 Quis
1053 4195 1210 4252 Deus
1247 4212 1503 4268 magnus
1531 4213 1553 4253 .·
1581 4196 1644 4252 in
1697 4212 1748 4263 c,
1795 4199 1858 4250 ut
1897 4212 1910 4250 :
1947 4194 2145 4250 Tertia

494 4275 618 4332 dies
646 4281 747 4334 est.

570 4366 654 4420 14.
688 4368 944 4431 Quartus
971 4376 1172 4428 autem
1202 4374 1442 4438 modus,
1475 4374 1620 4448 quia
1637 4373 1856 4448 planus
1881 4375 1993 4443 est,
2023 4387 2146 4428 non

535 4497 2537 4652 At.|Bs.|Ct.lDt.|Es.|Ft.|Gt.!at.|b.,,|hs.l
2621 4560 2652 4600 c

2255 3591 2421 3631 mam
2463 3577 2496 3632 ὁ
2544 3576 2889 3649 assumpsit,
2949 3575 3336 3649 ascenditque
3396 3573 3476 3630 ad
3532 3573 3836 3629 decimam
3867 3588 3914 3636 c.

2255 3663 2486 3719 habens
2535 3669 2673 3737 post
2719 3665 2905 3722 ﬁnem
2957 3665 3342 3721 semitonium
3404 3668 3462 3719 et
3510 3662 3669 3718 duos
3723 3666 3916 3727 tonos,

2255 3750 2472 3828 deinde
2525 3753 2908 3810 semitonium
2961 3758 3017 3810 et
3100 3757 3330 3810 tonum.
3386 3751 3714 3824 Deponitur
3781 3765 3918 3806 vero

2255 3857 2292 3897 a
2333 3840 2453 3897 ﬁne
2505 3842 2745 3898 duobus
2801 3843 2957 3899 tonis
3015 3842 3094 3899 ad
3148 3842 3381 3898 tertiam
3442 3844 3504 3910 C,
3563 3840 3916 3913 plerumque

2256 3935 2458 3987 autem
2513 3932 2592 3988 ad
2643 3932 2976 3989 secundam
3029 3935 3069 3988 Β
3117 3935 3174 3988 et
3223 3931 3486 4004 primam
3542 3936 3590 3986 Α
3619 3935 3798 3985 acuto
3835 3944 3916 3982 se-

2256 4019 2505 4076 mitonio
2576 4033 2634 4077 et
2716 4024 2859 4077 tono
2916 4039 2928 4076 :
2983 4021 3128 4094 quia
3205 4021 3283 4078 ad
3336 4037 3513 4076 suum
3573 4019 3759 4074 ﬁnem
3830 4034 3916 4072 se-

2255 4109 2457 4165 cunda
2515 4113 2554 4165 Β
2609 4109 2806 4166 reddit
2859 4110 3259 4180 diatessaron,
3329 4114 3387 4166 et
3433 4109 3631 4181 prima
3680 4110 3727 4162 Λ
3792 4106 3913 4162 dia-

2256 4201 2432 4268 pente
2525 4198 2984 4255 consonantiam
3062 4197 3278 4269 reddit,
3376 4197 3652 4269 ﬁuntque
3741 4211 3917 4250 voces

2256 4285 2462 4342 decem
2536 4303 2643 4360 per
2690 4292 2866 4345 tonos
2923 4304 2994 4344 ac
3043 4287 3360 4344 semitonia
3408 4286 3755 4342 incedentes
3810 4285 3917 4340 hoc

2258 4375 2442 4430 modo
2486 4379 2629 4448 (141)
2663 4394 2677 4433 :

2790 4512 3003 4564 Forma
3043 4507 3054 4646 Ι

2790 4581 2852 4633 [ll
2886 4579 3029 4635 toni.

2755 4581 2852 4633 IIII
2886 4579 3029 4635 toni.

572 4702 864 4777 Principia
889 4705 1020 4777 ejus
1051 4706 1394 4764 invenintur
1420 4709 1483 4765 in
1542 4713 1603 4782 C,
1648 4716 1716 4768 ut
1741 4730 1754 4768 :
1786 4713 1979 4768 Hodie
2005 4715 2154 4768 nata
2187 4713 2229 4766 Β
2342 4712 2703 4769 Discernitur
2730 4717 2979 4786 quartus
3018 4729 3054 4768 a
3082 4711 3272 4779 tertio,
3296 4710 3441 4782 quia
3470 4713 3725 4782 quartus
3745 4709 3921 4764 habet

503 4797 586 4846 est
603 4805 626 4862 ,°
653 4792 713 4848 in
738 4797 802 4865 D,
837 4798 902 4850 ut
933 4812 946 4851 :
979 4797 1305 4854 Benedicta
1335 4804 1400 4854 tu
1425 4817 1438 4868 ;
1470 4799 1533 4856 in
1564 4803 1628 4862 E.
1653 4805 1718 4858 ut
1753 4819 1766 4856 :
1793 4801 2000 4859 Gaude
2025 4801 2158 4858 Ma-

454 4959 462 4966 _
507 4893 646 4978 ria;
675 4881 737 4936 in
768 4885 826 4953 F,
861 4887 970 4940 ut:
1021 4887 1326 4944 Anxiatus
1368 4895 1452 4945 est
1480 4902 1505 4962 ,'
1529 4890 1593 4946 in
1632 4892 1696 4959 G,
1748 4895 1856 4947 ut:
1893 4891 1939 4947 Ο
1966 4907 2165 4984 mors;

506 4967 567 5022 in
593 4983 651 5038 a,
683 4975 749 5025 ut
779 4989 792 5026 :
820 4975 1025 5029 Rectos
1054 4975 1236 5033 decet.

580 5057 730 5130 (138)
757 5059 1039 5127 Admont,
1076 5063 1242 5120 addit
1267 5065 1378 5123 hos
1407 5082 1613 5125 versus
1646 5086 1660 5126 :

578 5149 666 5229 ἑά
694 5155 960 5229 quartam
988 5169 1180 5229 vocem
1205 5155 1424 5226 primus
1455 5161 1663 5214 statuit
1692 5160 1804 5214 sibi
1835 5160 2051 5229 sedem,

579 5220 780 5303 gertia
807 5239 917 5303 vox
939 5220 1295 5303 subsit,_vox
1326 5230 1510 5285 altera
1537 5236 1746 5301 quarta
1771 5222 2041 5303 supersit,

581 5293 659 5348 Ut
685 5301 849 5351 sonet
868 5296 1092 5351 intense
1117 5293 1476 5356 diatessaron
1508 5293 1573 5356 et
1594 5293 1876 5374 diapente.

585 5384 734 5454 (139)
771 5383 1053 5455 Admont,
1086 5385 1254 5444 addit
1279 5405 1293 5445 :

587 5471 807 5542 accipit
831 5480 890 5529 et
918 5477 1109 5531 sedem
1141 5477 1355 5534 residet
1371 5479 1656 5533 secundus
1688 5480 1920 5542 ibidem,

587 5541 881 5636 (figijéonat
903 5547 1191 5632 intonsum
1221 5549 1482 5636 diapente
1528 5558 1807 5636 sonatque
1837 5541 2160 5616 remissum,

591 5611 752 5670 Adde
778 5631 953 5688 super
981 5620 1243 5691 primam,
1277 5611 1333 5678 ei
1355 5623 1444 5678 vis
1473 5611 1807 5694 procedere,
1838 5638 2068 5681 nonam.

2269 4802 2528 4874 primam
2565 4806 2634 4864 A.
2661 4807 2718 4858 et
2745 4801 3076 4857 secundam
3112 4803 3169 4869 Β,
3197 4804 3254 4854 et
3281 4800 3516 4854 tertiam
3549 4800 3782 4869 C,quas
3807 4813 3918 4853 non

2268 4891 2449 4946 habet
2489 4890 2690 4946 tertius
2723 4907 2736 4945 :
2771 4893 2828 4946 et
2883 4891 3086 4946 tertius
3126 4887 3310 4944 habet
3360 4886 3750 4942 undecimam
3780 4887 3840 4952 Il,
3871 4891 3922 4941 et

2269 4979 2587 5036 duodecim
2605 4995 2814 5052 e,quas
2837 4994 2960 5034 non
2977 4977 3158 5034 habet
3171 4975 3627 5049 quartus.Quod
3653 4976 3704 5031 si
3727 4975 3920 5048 aliqua

2340 5071 2487 5138 (140)
2525 5069 2804 5136 Admont,
2836 5069 3004 5126 addit
3030 5086 3042 5124 :

2341 5158 2574 5212 Tertius
2607 5158 2666 5211 in
2697 5175 2886 5213 vocem
2919 5157 3182 5228 quintam
3207 5155 3415 5228 statuit
3442 5154 3552 5228 sibi
3584 5154 3799 5216 sedem,

2343 5231 2667 5300 Quartaque
2688 5246 2797 5284 vox
2827 5225 3036 5291 subsit,
3070 5244 3182 5283 vox
3207 5225 3621 5300 alterapquinta
3650 5227 3916 5298 supersit.

2344 5302 2422 5358 Ut
2452 5298 2622 5357 sonat
2648 5301 2870 5356 intense
2899 5300 3260 5355 diatessaron
3291 5303 3348 5354 et
3379 5298 3667 5370 diapente.

2344 5392 2494 5463 (141)
2532 5389 2812 5457 Admont,
2871 5388 3083 5446 addit:

2346 5481 2595 5543 Quartus
2625 5481 2694 5534 ab
2719 5482 2828 5536 hac
2859 5479 2994 5535 sede
3022 5480 3266 5548 primam
3301 5477 3598 5533 descendit
3625 5477 3696 5530 ad
3728 5493 3920 5548 usque,

2349 5552 2454 5608 Cui
2486 5559 2655 5609 sonat
2678 5553 2968 5608 intonsum
3009 5549 3370 5608 diatessaron
3406 5554 3575 5621 atque
3603 5549 3919 5621 remissum,

2353 5623 2682 5691 Quamlibet
2704 5641 2774 5681 ex
2802 5624 2968 5680 nonis
2995 5623 3387 5696 decimamque
3417 5620 3594 5695 super
3622 5620 3885 5679 eoeiabie.
