4096 6138
211 140 317 194 769

1478 139 1844 197 OPUSCULA
1882 140 1974 197 DE
2012 141 2294 198 MUSICA.

3523 160 3630 214 770

211 261 546 353 antiphona
564 276 758 353 neque
771 261 884 353 has
893 261 1070 353 tertii,
1088 260 1431 353 neque-illas
1444 261 1627 353 habet
1645 261 1865 335 quarti,
1896 269 1943 320 Α
1975 279 2164 336 quam
2189 279 2426 320 veraces
2445 264 2830 326 inveniuntur
2847 271 2982 328 libri
3011 273 3274 333 maxime
3295 276 3442 334 dum
3471 295 3629 353 saepe

214 353 323 408 sed
364 352 424 408 in
455 351 691 408 decima
719 367 750 408 c
790 351 1054 425 incipiat,
1084 354 1180 407 ut:
1225 351 1365 407 Vivo
1391 366 1516 423 ego,
1545 352 1636 406 vel
1661 366 1867 406 secun-

211 443 358 498 dam
401 457 629 497 nonam
681 444 782 497 ut:
832 441 986 497 Ecce
1015 440 1305 512 quomodo
1350 441 1682 510 computati
1705 445 1868 507 sunt,

212 529 474 603 amplius
518 528 741 598 diligat,
774 528 923 586 tertii
978 528 1086 585 erit
1129 527 1340 597 modi;
1386 527 1534 586 alias
1563 527 1624 584 in
1654 531 1870 601 quarto

212 623 489 695 ponetur,
519 618 567 673 si
597 617 726 690 ejus
756 617 1026 674 formulas
1056 616 1421 674 differentias
1450 617 1734 674 imitatur.
1760 615 1873 673 Vo-

213 710 346 767 lunt
371 711 574 765 autem
599 706 848 780 quidam
878 711 1092 780 quarto
1113 705 1298 763 modo
1319 707 1397 763 ad
1419 705 1872 762 similitudinem

215 797 365 856 tertii
395 795 724 853 secundam
771 811 999 852 nonam
1047 795 1426 863 tribuere,.eo
1454 793 1623 869 quod
1653 793 1726 851 sit
1751 793 1876 851 dia-

213 891 392 963 pente
414 885 492 943 ad
521 885 703 941 ﬁnem
732 884 898 956 ejus:
930 885 1126 958 prima
1151 900 1292 941 vero
1323 901 1486 942 nona
1517 884 1550 940 b
1580 882 1659 939 ad
1687 881 1874 940 ﬁnem

216 979 349 1050 ejus
393 974 559 1032 nulla
602 974 997 1032 consonantia
1047 974 1140 1032 sit.
1175 973 1289 1032 Sed
1318 989 1442 1031 non
1488 973 1682 1045 magis
1713 989 1875 1030 com-

215 1081 466 1123 munem
495 1079 678 1120 usum
728 1063 914 1120 secuti
954 1079 1190 1120 sumus.
1219 1062 1562 1119 Invenimus
1587 1066 1876 1136 praeterea

212 1156 276 1213 in
306 1152 741 1212 difficilioribus
762 1152 1037 1209 cantibus
1061 1152 1236 1224 jungi
1264 1153 1432 1210 tertio
1465 1151 1648 1210 modo
1674 1157 1731 1208 et
1759 1155 1874 1208 ter-

216 1247 362 1304 tiam
392 1260 604 1301 vocem
634 1245 694 1312 C,
729 1246 796 1300 ut
845 1243 917 1299 sit
946 1242 1393 1300 decachordum
1421 1260 1435 1311 ;
1480 1241 1649 1316 quod
1674 1246 1876 1298 tamen

215 1352 358 1393 cum
413 1333 717 1390 rarissime
763 1332 891 1398 ﬁat,
919 1332 1241 1388 abusivum
1291 1347 1420 1388 esse
1477 1347 1599 1388 non
1643 1329 1872 1386 dubito.

217 1428 419 1497 Neque
445 1422 605 1479 enim
636 1437 670 1478 a
709 1420 879 1477 tertia
905 1421 966 1488 C,
1000 1420 1061 1476 in
1107 1419 1531 1476 duodecimam
1562 1434 1611 1490 e,
1634 1422 1723 1475 ter
1751 1417 1878 1474 dia-

217 1519 488 1571 tessaron
530 1509 864 1567 secundum
911 1509 1260 1582 praedictam
1309 1507 1672 1566 decachordi
1700 1523 1876 1580 regu-

215 1601 342 1660 lam
371 1601 686 1658 invenitur.

289 1693 360 1747 D.
393 1692 542 1748 Cum
572 1687 744 1744 multi
773 1687 888 1744 sint
909 1685 1308 1759 grammatici,
1332 1689 1437 1742 aut
1456 1685 1578 1758 vix,
1596 1687 1700 1742 aut
1727 1698 1878 1740 nun-

301 1828 1408 1978 Es|Ft|Gt|at|b,,|hs

301 1821 1481 1982 Elethtlatlb,,|hs|

1521 1823 2183 1980 οιιαιιεειίι

1980 367 2039 407 ιιι
2068 368 2276 408 eorum
2329 354 2748 412 emendatione
2773 358 3120 433 laboretur;
3170 366 3383 422 musici
3428 373 3630 425 autem

1977 441 2266 514 perpauci
2310 441 2709 512 inveniuntur,
2758 451 2816 502 et
2841 463 2948 520 per
2976 452 3166 510 multa
3200 453 3330 525 jam
3361 459 3634 529 tempora

1979 529 2400 602 antiphonaria
2441 532 2761 590 emendata
2808 550 2932 592 non
2977 545 3151 596 sunt:
3205 557 3328 600 non
3371 549 3462 602 est
3489 561 3632 616 ergo

1982 617 2223 684 mirum,
2255 618 2306 674 si
2331 619 2393 675 in
2423 620 2626 678 multis
2662 621 2809 679 locis
2849 623 3074 682 falsitas
3104 629 3458 690 inveniatur.
3485 636 3634 690 Tan-

1982 709 2130 772 tum,
2163 723 2394 780 precor,
2423 709 2694 780 regulam
2726 716 2783 768 et
2806 728 3194 773 communem
3225 736 3402 778 usum
3427 738 3632 795 prose-

1980 810 2164 866 quere
2193 811 2206 850 :
2238 812 2374 869 quae
2405 797 2565 854 enim
2594 799 2894 858 rarissime
2923 801 3098 873 ﬁunt,
3129 805 3349 862 nullius
3375 808 3516 865 artis
3542 827 3634 867 so-

1979 882 2059 939 let
2084 884 2293 954 regula
2330 886 2672 959 reprobare.

2057 976 2140 1027 15.
2181 973 2262 1028 Μ.
2290 973 2540 1040 Quintus
2579 981 2780 1035 autem
2808 979 3027 1038 modus
3070 980 3132 1037 in
3170 987 3399 1040 sextam
3446 987 3486 1044 F
3526 989 3636 1043 ter-

1983 1060 2262 1129 minatur,
2296 1065 2354 1118 et
2381 1065 2734 1122 acutissima
2752 1067 2802 1139 ej
2815 1084 2882 1123 us
2908 1067 3144 1127 decima
3173 1071 3341 1129 tertia
3363 1073 3403 1142 Γ
3421 1072 3638 1130 eadem

1982 1147 2173 1206 littera
2201 1150 2510 1222 ﬁguratur,
2543 1169 2802 1228 cumque
2830 1162 2996 1214 sexta
3026 1161 3066 1215 F
3108 1160 3187 1216 ad
3237 1161 3498 1234 primam
3537 1179 3640 1219 no-

1984 1253 2128 1293 nam
2160 1237 2212 1306 b,
2241 1237 2318 1294 ad
2344 1237 2644 1297 decimam
2675 1243 2908 1300 tertiam
2928 1246 2980 1315 f,
3015 1245 3294 1320 diapente
3319 1250 3551 1316 reddat,
3576 1250 3639 1306 in

1983 1327 2195 1399 quinto
2221 1327 2315 1384 vel
2345 1334 2510 1386 sexto
2537 1331 2732 1403 prima
2761 1349 2922 1390 nona
2949 1334 2983 1390 b
3013 1335 3250 1394 valebit.
3284 1339 3533 1395 Habebit
3555 1356 3641 1397 er-

1987 1431 2064 1488 go
2113 1431 2219 1488 per
2269 1417 2542 1475 ordinem
2590 1425 2763 1478 tonos
2815 1422 2968 1480 duos
3018 1429 3073 1481 et
3117 1427 3521 1498 semitonium,
3569 1445 3641 1485 ac

1986 1503 2203 1561 deinde
2251 1509 2423 1562 tonos
2468 1513 2584 1564 tres
2627 1515 2684 1566 et
2738 1509 3014 1568 ultimum
3071 1515 3454 1572 semitonium
3506 1521 3640 1574 octo

1987 1592 2254 1662 vocibus,
2286 1593 2368 1650 ita
2397 1596 2548 1666 (142)
2568 1613 2581 1652 :

2295 1838 2507 1894 Forma
2539 1810 2606 1811 ψ

2297 1909 2340 1962 ν
2359 1908 2502 1964 toni.
2619 1810 2634 2000 Ι

2295 1838 2507 1894 Forma

2297 1909 2340 1962 V
2359 1908 2502 1964 toni.

293 2037 516 2094 Usitata
540 2036 669 2107 ejus
689 2032 984 2108 principia
1009 2037 1150 2089 sunt
1175 2032 1337 2088 haec:
1384 2031 1447 2087 in
1475 2031 1538 2098 F,
1572 2034 1673 2087 ut:
1707 2031 1878 2086 Hau-
1920 2035 1962 2090 D
1991 2031 2093 2104 pio
2116 2048 2227 2090 nec
2255 2033 2496 2090 incessu
2523 2037 2664 2106 post
2693 2049 2754 2090 se
2784 2035 3063 2108 respexit.

219 2126 426 2196 rietis;
448 2124 510 2180 in
539 2125 602 2192 G,
635 2137 810 2179 raro:
845 2121 980 2178 Non
1011 2136 1112 2177 vos
1140 2120 1499 2191 relinquam,
1530 2118 1590 2174 in
1616 2134 1674 2186 a,
1703 2119 1882 2186 Quin-

223 2229 342 2286 que
361 2213 707 2284 prudentes,
739 2211 799 2266 in
831 2225 884 2281 c,
913 2210 1067 2266 Ecce
1107 2209 1394 2264 Dominus
1424 2208 1700 2264 inveniet.
1735 2210 1882 2262 Nam

223 2302 372 2375 quia
403 2307 612 2358 tonum
642 2303 779 2358 ante
808 2299 992 2355 ﬁnem
1022 2313 1144 2354 non
1179 2296 1408 2364 habuit,
1442 2311 1550 2352 nec
1582 2296 1642 2351 in
1669 2294 1884 2369 princi-

2068 2126 2149 2178 16.
2183 2123 2391 2179 Sextus
2417 2126 2618 2178 autem
2648 2123 2869 2180 modus
2896 2141 3036 2180 cum
3051 2140 3122 2181 eo
3148 2125 3416 2196 graditur
3437 2127 3517 2184 ad
3537 2145 3647 2185 un-

1991 2207 2290 2266 decimam
2321 2209 2382 2279 d,
2406 2208 2511 2265 sed
2554 2209 2875 2282 deponitur
2916 2227 2952 2269 a
2983 2213 3291 2268 communi
3319 2213 3437 2270 ﬁne
3468 2215 3645 2272 semi-

1993 2297 2156 2353 tonio
2173 2302 2231 2354 et
2250 2298 2490 2354 duobus
2513 2298 2666 2354 tonis
2688 2299 2765 2355 ad
2788 2299 3023 2356 tertium
3047 2305 3107 2372 C,
3122 2302 3236 2358 hoc
3256 2303 3440 2359 modo
3465 2305 3642 2377 (143):

234 2428 2224 2608 |Ct|Dt|Es|Fthtlatlb,,|hslct
2334 2414 2792 2611 άικῆοξίξιῖι

274 2651 342 2704 Et
395 2648 548 2705 sicut
605 2647 852 2721 quintus
897 2645 1081 2702 habet
1121 2643 1552 2700 duodecimam
1596 2658 1646 2713 e,
1691 2646 1749 2698 et
1780 2646 1888 2698 ter-

233 2737 380 2794 tiam
410 2737 710 2794 decimam
732 2737 784 2806 Γ,
813 2750 970 2808 quas
1007 2749 1132 2789 non
1160 2731 1343 2788 habet
1380 2735 1583 2788 sextus
1609 2748 1624 2798 ;
1654 2730 1737 2786 ita
1761 2746 1888 2786 sex-

234 2832 332 2883 tus
351 2826 532 2882 habet
552 2825 783 2882 tertiam
815 2825 878 2894 C,
897 2826 1174 2896 quartam
1206 2823 1250 2876 Ι)
1277 2823 1336 2876 et
1354 2819 1631 2892 quintam
1653 2821 1714 2889 E,
1732 2833 1886 2890 quas

231 2931 359 2972 non
405 2915 587 2972 habet
613 2914 881 2987 quintus,
912 2910 1029 2967 nisi
1075 2908 1243 2984 quod
1287 2907 1615 2980 aliquando
1644 2907 1890 2980 quintus

231 3003 516 3060 miscetur
538 3000 1038 3065 sexto,declinans
1063 2999 1124 3054 in
1148 3001 1428 3071 quartam
1444 2999 1484 3051 D
1502 2997 1686 3068 ﬁtque
1712 2994 1889 3051 deca-

231 3092 681 3150 chordum.Sed
704 3093 820 3148 hoc
849 3088 1121 3155 inveniri,
1144 3086 1406 3144 maxime
1432 3085 1493 3141 in
1525 3083 1888 3158 antiphonis,
1929 3069 1970 3124 C
2002 3090 2160 3143 sunt.
2188 3089 2382 3143 Unum
2413 3069 2565 3144 sicut
2607 3105 2876 3162 coeperas
2922 3090 2997 3146 de
3045 3092 3298 3164 septimo
3341 3069 3399 3150 et
3441 3098 3654 3152 octavo

229 3201 371 3241 raro
412 3184 719 3254 contingit.
753 3185 976 3238 Horum
1019 3184 1221 3236 autem
1265 3177 1374 3233 erit
1426 3176 1540 3232 ista
1588 3174 1888 3231 discretio.

228 3274 383 3330 Cum
433 3290 543 3330 nec
586 3271 880 3346 depositio
909 3269 1077 3336 sexti,
1109 3283 1220 3324 nec
1270 3271 1394 3322 tota
1437 3263 1688 3321 elevatio
1719 3263 1894 3320 fuerit

229 3364 447 3438 quinti,
479 3364 525 3419 si
551 3363 612 3419 in
641 3361 877 3418 decima
906 3376 937 3416 c
977 3357 1243 3431 incipiat,
1275 3359 1333 3412 et
1355 3371 1491 3412 eam
1521 3353 1616 3410 vel
1654 3352 1895 3409 undeci-

230 3470 404 3511 mam
429 3455 470 3510 ιι
493 3455 666 3527 juxta
693 3449 1089 3525 quantitatem
1117 3463 1292 3503 suam
1323 3461 1484 3518 saepe
1512 3442 1889 3518 repercutiat,

232 3545 483 3616 quintus
551 3543 660 3599 erit
725 3540 976 3607 modus;
1037 3537 1085 3594 si
1133 3541 1335 3593 autem
1406 3550 1530 3591 non
1583 3532 1890 3602 ascendat,

230 3633 350 3688 nisi
396 3633 475 3690 ad
522 3647 750 3688 nonam
800 3629 1061 3703 primam
1109 3627 1164 3694 b,
1211 3625 1441 3681 dicetur
1491 3627 1714 3691 sextus,
1767 3621 1892 3678 sive

233 3739 344 3796 per
378 3721 671 3796 principia
707 3720 1093 3776 discernetur.
1127 3715 1239 3772 Vix
1288 3719 1489 3770 autem
1540 3718 1740 3768 sextus
1779 3711 1892 3766 nisi

231 3815 301 3870 in
356 3829 466 3869 suo
536 3810 655 3867 ﬁne
718 3807 943 3882 incipit,
999 3810 1100 3862 ut:
1149 3804 1402 3862 Verbum
1455 3817 1597 3860 caro
1657 3803 1891 3871 factum

229 3909 340 3971 est,
383 3905 486 3958 aut
525 3899 588 3956 in
633 3914 690 3967 a,
742 3902 842 3954 ut:
907 3896 1040 3952 Vidi
1087 3894 1430 3960 Dominum,
1476 3893 1580 3948 aut
1632 3889 1694 3944 in
1741 3903 1888 3944 voce

236 4008 293 4208 [

293 4019 2158 4184 FtIthatlb,,lhslctldtleslftlgtl
2227 4081 2264 4121 ει

1995 2643 2206 2716 quinta
2227 2646 2301 2716 E,
2330 2650 2436 2702 ut:
2481 2647 2752 2716 Domine,
2795 2647 2859 2703 in
2898 2647 3221 2718 auxilium,
3250 2652 3355 2704 aut
3397 2649 3459 2705 in
3501 2667 3650 2708 voce

1997 2737 2213 2802 quarta
2259 2736 2320 2794 Ι).
2355 2739 2453 2790 ut:
2496 2735 2565 2791 Si
2599 2751 2703 2806 ego
2747 2751 2920 2792 verus
2969 2736 3216 2805 Christi,
3249 2742 3352 2795 aut
3395 2738 3457 2794 in
3502 2756 3651 2797 voce

1999 2820 2167 2876 tertia
2194 2824 2254 2890 C,
2287 2826 2385 2878 ut:
2418 2824 2790 2880 Decantabat
2833 2827 3113 2895 populus.

2068 2909 2140 2964 D.
2177 2909 2365 2979 Utilia,
2397 2911 2520 2966 imo
2551 2917 2607 2968 et
2636 2912 2969 2969 necessaria
3011 2913 3344 2986 probantur
3381 2917 3460 2973 ad
3497 2934 3650 2990 prte-

2001 2997 2184 3054 sentis
2204 2999 2420 3055 erroris
2450 3001 2992 3073 exprobrationem,
3012 3001 3086 3058 de
3108 3004 3304 3059 modis
3334 3021 3470 3077 quin
3495 3007 3654 3064 dicta

2001 3179 2143 3231 tono
2173 3177 2514 3250 cupientem
2544 3178 2751 3234 audire
2777 3194 2900 3235 non
2929 3179 3189 3236 differas.

2076 3271 2159 3320 17.
2191 3267 2276 3321 Μ.
2302 3268 2601 3340 Septimus
2627 3268 2847 3324 modus
2875 3267 2936 3324 in
2957 3285 3170 3326 vocem
3196 3270 3517 3344 septimam
3545 3275 3656 3328 ter-

2002 3355 2281 3425 minatur,
2327 3357 2502 3428 cujus
2546 3358 2892 3416 acutissima
2930 3365 3018 3416 est
3068 3359 3304 3418 decima
3351 3367 3566 3435 quarta
3592 3381 3654 3435 g,

1999 3460 2136 3518 quas
2184 3461 2325 3502 cum
2372 3447 2491 3504 ﬁne
2540 3448 2753 3504 eodem
2810 3448 3151 3506 charactere
3180 3449 3516 3508 denotatur.
3551 3452 3657 3509 Hic

2000 3535 2252 3591 assumit
2276 3552 2503 3594 nonam
2533 3537 2863 3595 secundam
2890 3547 2939 3605 ﬁ.
2968 3543 3033 3595 ut
3059 3538 3277 3596 habeat
3297 3540 3452 3596 duos
3484 3545 3658 3598 tonos

1999 3629 2138 3696 post
2159 3625 2361 3694 ﬁnem,
2380 3632 2520 3699 post
2543 3643 2697 3700 quos
2718 3632 2776 3684 et
2795 3628 3182 3684 semitonium
3211 3634 3269 3685 et
3295 3628 3452 3686 duos
3485 3635 3658 3687 tonos

1999 3711 2212 3770 iterum
2267 3715 2670 3772 semitonium.
2724 3716 3047 3789 Deponitur
3099 3733 3240 3774 vero
3289 3735 3326 3774 a
3367 3719 3487 3775 ﬁne
3517 3723 3658 3776 tono

1999 3817 2143 3872 uno,
2175 3803 2290 3860 hoc
2321 3804 2505 3861 modo
2537 3807 2719 3874 (144):

2654 3999 2759 4175 Π

2442 4024 2654 4077 Forma

2420 4094 2509 4146 VII
2540 4091 2681 4147 toni.

309 4247 481 4316 Quod
520 4247 569 4302 si
599 4241 1046 4302 decachordum
1081 4240 1319 4313 placeat
1344 4237 1559 4304 facere,
1594 4251 1718 4290 uno
1746 4251 1886 4292 eum
1929 4237 1974 4291 D
2007 4257 2198 4299 unum
2242 4243 2494 4299 modum
2539 4243 2618 4300 ab
2666 4242 2784 4300 alio
2831 4240 3170 4314 discrepare
3209 4239 3470 4309 scimus;
3515 4241 3664 4302 nihil

231 4337 551 4396 semitonio
594 4334 794 4391 adhuc
835 4332 911 4388 de
955 4331 1075 4386 ﬁne
1118 4329 1354 4403 depone
1400 4325 1479 4382 ad
1526 4325 1798 4398 quintam
1830 4327 1893 4395 Ε,

230 4445 359 4487 non
410 4433 614 4484 tamen
655 4424 771 4480 hoc
822 4421 1160 4494 frequenter
1207 4415 1494 4474 invenies.
1549 4413 1896 4470 Notandum

233 4521 327 4575 est
373 4519 571 4574 autem
603 4511 770 4586 quod
816 4511 865 4566 si
918 4509 971 4566 ei
1019 4507 1217 4582 prima
1248 4519 1411 4562 nona
1443 4503 1475 4558 b
1508 4502 1892 4570 concedatur,

232 4605 384 4664 nihil
435 4606 638 4674 restat,
668 4600 782 4658 nisi
838 4603 902 4656 ut
946 4615 984 4656 a
1041 4598 1188 4670 (145)
1241 4597 1407 4650 sexta
1455 4591 1535 4648 ad
1577 4606 1715 4647 eam
1765 4589 1893 4646 dia-

231 4702 507 4755 tessaron
560 4693 684 4760 ﬁat,
743 4689 968 4762 eritque
1025 4703 1132 4760 per
1178 4684 1385 4742 omnia
1436 4681 1687 4757 primus,
1752 4679 1898 4754 quia

230 4784 485 4844 habebit
537 4787 745 4838 tonum
802 4783 860 4835 et
904 4775 1310 4843 semitonium,
1344 4790 1414 4830 ac
1465 4770 1684 4828 deinde
1739 4769 1896 4826 duos

233 4880 295 4933 et
339 4871 722 4930 semitonium
794 4871 850 4924 et
922 4867 1075 4922 duos
1132 4869 1328 4933 tonos,
1382 4867 1440 4918 et
1491 4859 1812 4934 deponitur
1859 4874 1897 4920 a

231 4964 354 5020 ﬁne
409 4967 549 5019 tono
599 4975 752 5028 uno,
806 4956 958 5012 sicut
1012 4955 1072 5010 in
1128 4954 1324 5026 primo
1391 4951 1618 5007 dictum
1665 4953 1777 5015 est,
1835 4951 1897 5004 et

224 5055 358 5126 jam
391 5068 512 5108 non
549 5048 658 5105 erit
685 5046 994 5120 septimus,
1027 5042 1128 5098 sed
1163 5041 1415 5113 primus.
1463 5043 1590 5094 Non
1619 5037 1804 5103 enim,
1831 5039 1898 5092 ut

232 5125 566 5199 stultissimi
598 5141 872 5194 cantores
905 5135 1136 5206 putant,
1172 5129 1459 5200 gravitate
1488 5126 1583 5184 vel
1613 5125 1892 5182 acumine

304 5257 1022 5338 (142)Αάιιιοιιι.εδιείἀὶιιε⁶
1077 5332 1084 5338 _
1229 5329 1236 5338 ι
1292 5328 1298 5338 ¹
1353 5322 1386 5338 ο,

343 5319 679 5390 Ᾰάἐθιιαω
713 5348 906 5387 vocem
933 5328 1160 5400 quintus
1190 5322 1398 5400 statuit
1428 5321 1538 5375 sibi
1569 5319 1781 5400 sedem:

342 5406 623 5476 Nullaque
648 5420 756 5459 vox
786 5391 996 5476 subsit,
1025 5416 1128 5452 vox
1152 5395 1331 5476 altera
1360 5399 1524 5476 sexta
1552 5391 1833 5476 supersit,

345 5479 421 5532 Ut
449 5466 614 5532 sonet
639 5477 860 5530 intense
887 5466 1244 5526 diatessaron
1283 5474 1341 5521 et
1361 5466 1645 5535 diapente.

306 5552 460 5623 (143)
491 5549 772 5623 Admont.
801 5543 968 5602 addit
992 5559 1010 5623 :_
1037 5615 1050 5623 _
1151 5613 1165 5623 ‘
1463 5609 1496 5623 η
1525 5608 1535 5618 θ

343 5608 567 5690 Accipit
594 5625 648 5674 et
678 5617 866 5670 sedem
901 5613 1205 5690 resideudo
1233 5626 1428 5690 sextus
1461 5608 1696 5687 ibidem.

343 5693 448 5746 Cui
467 5686 631 5744 sonat
658 5692 944 5742 intensum
973 5686 1333 5738 diatessaron
1361 5686 1531 5750 atque
1565 5686 1886 5741 remissum,

346 5763 447 5817 His
472 5761 785 5833 superadde
829 5764 1027 5814 tonum
1057 5755 1273 5810 faciens
1298 5752 1602 5824 procedere
1634 5761 1886 5802 cursum.

2006 4333 2168 4389 enim
2210 4332 2479 4406 impedit,
2521 4346 2949 4406 quemcunque
2999 4329 3256 4387 volueris
3307 4329 3581 4398 modum,
3615 4329 3664 4386 si

2008 4426 2178 4479 acute
2206 4421 2302 4478 vel
2354 4423 2609 4493 graviter
2637 4420 3050 4478 decantaveris
3076 4438 3090 4488 ;
3142 4419 3251 4477 sed
3280 4423 3562 4476 tonorum
3592 4435 3665 4476 ac

2009 4511 2484 4580 semitoniorum,
2517 4511 2740 4586 quibus
2779 4514 2836 4568 et
2881 4509 3013 4566 altae
3055 4508 3464 4566 consonantia
3493 4508 3663 4577 ﬁant,

2006 4601 2241 4658 diversa
2270 4601 2484 4674 positio
2529 4601 2797 4657 diversos
2827 4599 2906 4656 ab
2936 4597 3191 4655 invicem
3227 4613 3298 4654 ac
3327 4596 3666 4653 differentes

2006 4691 2223 4748 modos
2275 4690 2661 4747 constituunt.
2722 4692 3058 4761 lterumque
3125 4687 3172 4742 si
3242 4701 3365 4742 una
3429 4689 3666 4742 tantum

2006 4795 2153 4836 voce
2221 4779 2552 4851 depravata
2621 4775 2862 4832 ﬁniatur
2931 4775 2993 4830 in
3066 4777 3276 4830 octava
3347 4789 3402 4842 a,
3453 4788 3665 4829 rursus

2006 4870 2072 4927 ﬁt
2136 4883 2243 4940 per
2316 4865 2523 4922 omnia
2583 4864 2854 4937 primus:
2911 4861 3159 4919 habebit
3215 4861 3376 4918 enim
3447 4877 3484 4918 a
3547 4860 3667 4918 ﬁne

2008 4963 2217 5014 tonum
2274 4959 2332 5010 et
2381 4952 2786 5022 semitonium,
2835 4956 2892 5008 et
2963 4951 3119 5007 duos
3174 4950 3368 5021 ionos,
3425 4954 3484 5008 et
3537 4951 3669 5007 reli-

2007 5063 2150 5120 qua,
2225 5060 2361 5116 quae
2443 5046 2585 5098 sunt
2664 5040 2861 5114 primi.
2948 5039 3242 5114 Principia
3317 5039 3448 5112 ejus
3531 5041 3671 5094 sunt

2006 5137 2172 5192 haec:
2224 5133 2285 5189 in
2340 5135 2378 5188 [ε’
2425 5132 2524 5188 vix
2571 5131 2830 5205 reperies
2879 5129 3246 5205 exemplum,
3291 5132 3393 5186 ut:
3442 5128 3556 5196 Qui
3581 5141 3669 5182 re-

2072 5243 2217 5316 (tﬁi)
2246 5239 2553 5316 ‘Admont.
2588 5237 2788 5316 addit:

2105 5300 2392 5383 Septimus
2425 5311 2752 5382 imparilem
2785 5325 3044 5383 numero_
3077 5307 3280 5360 statuit
3311 5302 3422 5357 sibi
3454 5300 3667 5383 sedem,

2103 5372 2384 5453 Sextaque
2405 5372 2738 5444 voisubsit,
2764 5397 2873 5436 vox
2900 5379 3380 5453 septimasumma
3412 5372 3669 5442 supersit

2103 5456 2181 5511 Ut
2207 5448 2371 5509 sonet
2401 5457 2624 5507 intense
2657 5454 3017 5506 diatessaron
3045 5453 3103 5500 et
3137 5448 3424 5516 diapente.

2068 5529 2218 5599 (145)
2261 5525 2442 5599 Adm.
2463 5541 2500 5580 a
2531 5523 2878 5599 duodecima
2906 5535 2956 5599 e.
2991 5517 3072 5599 a_d
3099 5532 3249 5599 eam,
3295 5516 3668 5599 diatessaron

2102 5588 2231 5668 ﬁat,
2272 5602 2325 5654 et
2362 5596 2443 5653 ad
2475 5597 2739 5652 semitam
2791 5589 3210 5657 contrahatur,
3257 5588 3506 5660 eritque,
3556 5590 3666 5642 etc.
