  <div class='ocr_page' id='page_1' title='image "/cluster/home/n/w/nwhite01/storage/ocr_20150623/133/hvd.32044054759949/391.png"; bbox 0 0 4096 6138; ppageno 0'>
   <div class='ocr_carea' id='block_1_1' title="bbox 437 141 535 196">
    <p class='ocr_par' dir='ltr' id='par_1_1' title="bbox 437 141 535 196">
     <span class='ocr_line' id='line_1_1' title="bbox 437 141 535 196; baseline 0 -1"><span class='ocrx_word' id='word_1_1' title='bbox 437 141 535 196; x_wconf 78' lang='grc'>771</span> 
     </span>
    </p>
   </div>
   <div class='ocr_carea' id='block_1_2' title="bbox 1199 125 3078 189">
    <p class='ocr_par' dir='ltr' id='par_1_2' title="bbox 1199 125 3078 189">
     <span class='ocr_line' id='line_1_2' title="bbox 1199 125 3078 189; baseline -0.004 -2"><span class='ocrx_word' id='word_1_2' title='bbox 1199 133 1255 188; x_wconf 93' lang='lat' dir='ltr'>S.</span> <span class='ocrx_word' id='word_1_3' title='bbox 1298 131 1553 189; x_wconf 90' lang='lat' dir='ltr'><strong>ODONIS</strong></span> <span class='ocrx_word' id='word_1_4' title='bbox 1589 127 1882 187; x_wconf 82' lang='lat' dir='ltr'>ABBATIS</span> <span class='ocrx_word' id='word_1_5' title='bbox 1923 127 2054 186; x_wconf 85' lang='lat' dir='ltr'>SEU</span> <span class='ocrx_word' id='word_1_6' title='bbox 2090 125 2428 186; x_wconf 69' lang='lat' dir='ltr'>ALTERIUS</span> <span class='ocrx_word' id='word_1_7' title='bbox 2467 127 2725 186; x_wconf 86' lang='lat' dir='ltr'>ODONIS</span> <span class='ocrx_word' id='word_1_8' title='bbox 2763 126 3078 184; x_wconf 78' lang='lat' dir='ltr'>MONACHI</span> 
     </span>
    </p>
   </div>
   <div class='ocr_carea' id='block_1_3' title="bbox 3757 123 3867 177">
    <p class='ocr_par' dir='ltr' id='par_1_3' title="bbox 3757 123 3867 177">
     <span class='ocr_line' id='line_1_3' title="bbox 3757 123 3867 177; baseline -0.009 0"><span class='ocrx_word' id='word_1_9' title='bbox 3757 123 3867 177; x_wconf 69' lang='grc' dir='ltr'>τη</span> 
     </span>
    </p>
   </div>
   <div class='ocr_carea' id='block_1_4' title="bbox 435 243 3870 333">
    <p class='ocr_par' dir='ltr' id='par_1_4' title="bbox 435 243 3870 333">
     <span class='ocr_line' id='line_1_4' title="bbox 435 243 3870 333; baseline -0.006 -15"><span class='ocrx_word' id='word_1_10' title='bbox 435 261 545 333; x_wconf 79' lang='lat' dir='ltr'>gm‘</span> <span class='ocrx_word' id='word_1_11' title='bbox 569 262 786 327; x_wconf 79' lang='lat' dir='ltr'>claves,</span> <span class='ocrx_word' id='word_1_12' title='bbox 820 261 877 313; x_wconf 89' lang='lat' dir='ltr'>et</span> <span class='ocrx_word' id='word_1_13' title='bbox 901 257 1194 313; x_wconf 79' lang='lat' dir='ltr'>Memento</span> <span class='ocrx_word' id='word_1_14' title='bbox 1233 257 1389 327; x_wconf 82' lang='lat' dir='ltr'>mei;</span> <span class='ocrx_word' id='word_1_15' title='bbox 1433 255 1496 311; x_wconf 88' lang='lat' dir='ltr'>in</span> <span class='ocrx_word' id='word_1_16' title='bbox 1527 258 1589 324; x_wconf 89' lang='lat' dir='ltr'>G,</span> <span class='ocrx_word' id='word_1_17' title='bbox 1621 259 1722 312; x_wconf 89' lang='lat' dir='ltr'>ut:</span> <span class='ocrx_word' id='word_1_18' title='bbox 1768 255 2093 324; x_wconf 83' lang='lat' dir='ltr'>Assumpta</span> <span class='ocrx_word' id='word_1_19' title='bbox 2127 263 2176 314; x_wconf 81' lang='grc' dir='ltr'><strong>Α</strong></span> <span class='ocrx_word' id='word_1_20' title='bbox 2278 255 2362 310; x_wconf 75' lang='grc'><strong>18.</strong></span> <span class='ocrx_word' id='word_1_21' title='bbox 2397 254 2651 311; x_wconf 83' lang='lat' dir='ltr'>Octavus</span> <span class='ocrx_word' id='word_1_22' title='bbox 2699 253 2902 308; x_wconf 87' lang='lat' dir='ltr'>autem</span> <span class='ocrx_word' id='word_1_23' title='bbox 2949 247 3171 305; x_wconf 88' lang='lat' dir='ltr'>modus</span> <span class='ocrx_word' id='word_1_24' title='bbox 3207 243 3478 322; x_wconf 79' lang='lat' dir='ltr'>procedit</span> <span class='ocrx_word' id='word_1_25' title='bbox 3517 261 3658 301; x_wconf 90' lang='lat' dir='ltr'>cum</span> <span class='ocrx_word' id='word_1_26' title='bbox 3689 245 3870 316; x_wconf 69' lang='lat' dir='ltr'>septi-</span> 
     </span>
    </p>
   </div>
   <div class='ocr_carea' id='block_1_5' title="bbox 437 345 2094 418">
    <p class='ocr_par' dir='ltr' id='par_1_5' title="bbox 437 345 2094 418">
     <span class='ocr_line' id='line_1_5' title="bbox 437 345 2094 418; baseline -0.005 -11"><span class='ocrx_word' id='word_1_27' title='bbox 437 357 522 407; x_wconf 86' lang='lat' dir='ltr'>est</span> <span class='ocrx_word' id='word_1_28' title='bbox 559 351 800 418; x_wconf 81' lang='lat' dir='ltr'>Maria;</span> <span class='ocrx_word' id='word_1_29' title='bbox 844 347 905 402; x_wconf 91' lang='lat' dir='ltr'>in</span> <span class='ocrx_word' id='word_1_30' title='bbox 949 361 984 402; x_wconf 90' lang='lat' dir='ltr'>a</span> <span class='ocrx_word' id='word_1_31' title='bbox 1022 361 1158 402; x_wconf 89' lang='lat' dir='ltr'>raro</span> <span class='ocrx_word' id='word_1_32' title='bbox 1204 345 1491 416; x_wconf 85' lang='lat' dir='ltr'>invenies,</span> <span class='ocrx_word' id='word_1_33' title='bbox 1525 349 1592 401; x_wconf 91' lang='lat' dir='ltr'>ut</span> <span class='ocrx_word' id='word_1_34' title='bbox 1619 361 1839 401; x_wconf 91' lang='lat' dir='ltr'>comm.</span> <span class='ocrx_word' id='word_1_35' title='bbox 1869 345 2094 400; x_wconf 89' lang='lat' dir='ltr'>Domus</span> 
     </span>
    </p>
   </div>
   <div class='ocr_carea' id='block_1_6' title="bbox 437 433 2093 506">
    <p class='ocr_par' dir='ltr' id='par_1_6' title="bbox 437 433 2093 506">
     <span class='ocr_line' id='line_1_6' title="bbox 437 433 2093 506; baseline -0.004 -12"><span class='ocrx_word' id='word_1_36' title='bbox 437 453 585 505; x_wconf 86' lang='lat' dir='ltr'>mea,</span> <span class='ocrx_word' id='word_1_37' title='bbox 613 437 676 494; x_wconf 91' lang='lat' dir='ltr'>in</span> <span class='ocrx_word' id='word_1_38' title='bbox 700 443 732 502; x_wconf 66' lang='lat' dir='ltr'>it</span> <span class='ocrx_word' id='word_1_39' title='bbox 757 436 928 492; x_wconf 71' lang='lat' dir='ltr'>Dixit</span> <span class='ocrx_word' id='word_1_40' title='bbox 955 436 1274 502; x_wconf 79' lang='lat' dir='ltr'>Dominus;</span> <span class='ocrx_word' id='word_1_41' title='bbox 1304 435 1367 490; x_wconf 93' lang='lat' dir='ltr'>in</span> <span class='ocrx_word' id='word_1_42' title='bbox 1403 452 1456 506; x_wconf 90' lang='lat' dir='ltr'>c,</span> <span class='ocrx_word' id='word_1_43' title='bbox 1489 435 1816 492; x_wconf 81' lang='lat' dir='ltr'>Benedicta</span> <span class='ocrx_word' id='word_1_44' title='bbox 1844 434 2004 502; x_wconf 80' lang='lat' dir='ltr'>ﬁlia;</span> <span class='ocrx_word' id='word_1_45' title='bbox 2031 433 2093 488; x_wconf 93' lang='lat' dir='ltr'>in</span> 
     </span>
    </p>
   </div>
   <div class='ocr_carea' id='block_1_7' title="bbox 435 526 1136 594">
    <p class='ocr_par' dir='ltr' id='par_1_7' title="bbox 435 526 1136 594">
     <span class='ocr_line' id='line_1_7' title="bbox 435 526 1136 594; baseline -0.007 -10"><span class='ocrx_word' id='word_1_46' title='bbox 435 527 494 594; x_wconf 87' lang='lat' dir='ltr'>d,</span> <span class='ocrx_word' id='word_1_47' title='bbox 527 529 606 584; x_wconf 83' lang='lat' dir='ltr'>sit</span> <span class='ocrx_word' id='word_1_48' title='bbox 633 540 850 582; x_wconf 82' lang='lat' dir='ltr'><em>nomen</em></span> <span class='ocrx_word' id='word_1_49' title='bbox 876 526 1136 582; x_wconf 71' lang='lat' dir='ltr'>Domini.</span> 
     </span>
    </p>
   </div>
   <div class='ocr_carea' id='block_1_8' title="bbox 509 675 2030 838">
    <p class='ocr_par' dir='ltr' id='par_1_8' title="bbox 509 675 2030 838">
     <span class='ocr_line' id='line_1_8' title="bbox 509 675 2030 838; baseline -0.005 -57"><span class='ocrx_word' id='word_1_50' title='bbox 509 675 2030 838; x_wconf 60' lang='lat' dir='ltr'>CtlDtlEletIthatlbnlhs</span> 
     </span>
    </p>
   </div>
   <div class='ocr_carea' id='block_1_9' title="bbox 441 655 2127 866">
    <p class='ocr_par' dir='ltr' id='par_1_9' title="bbox 441 663 2094 866">
     <span class='ocr_line' id='line_1_9' title="bbox 441 663 2094 866; baseline -0.004 -85"><span class='ocrx_word' id='word_1_51' title='bbox 441 663 2094 866; x_wconf 68' lang='lat' dir='ltr'>lCtlDtlEletIGtIatlb,,lhsl</span> 
     </span>
    </p>
   </div>
   <div class='ocr_carea' id='block_1_10' title="bbox 513 913 2095 992">
    <p class='ocr_par' dir='ltr' id='par_1_10' title="bbox 513 913 2095 992">
     <span class='ocr_line' id='line_1_10' title="bbox 513 913 2095 992; baseline -0.004 -17"><span class='ocrx_word' id='word_1_52' title='bbox 513 921 704 992; x_wconf 86' lang='lat' dir='ltr'><strong>Supra</strong></span> <span class='ocrx_word' id='word_1_53' title='bbox 732 917 994 972; x_wconf 81' lang='lat' dir='ltr'>diximus</span> <span class='ocrx_word' id='word_1_54' title='bbox 1024 917 1224 972; x_wconf 88' lang='lat' dir='ltr'>autem</span> <span class='ocrx_word' id='word_1_55' title='bbox 1268 913 1618 988; x_wconf 91' lang='lat' dir='ltr'>hujusmodi</span> <span class='ocrx_word' id='word_1_56' title='bbox 1648 913 2095 971; x_wconf 90' lang='lat' dir='ltr'>decachordum</span> 
     </span>
    </p>
   </div>
   <div class='ocr_carea' id='block_1_11' title="bbox 437 1003 2096 1077">
    <p class='ocr_par' dir='ltr' id='par_1_11' title="bbox 437 1003 2096 1077">
     <span class='ocr_line' id='line_1_11' title="bbox 437 1003 2096 1077; baseline -0.004 -12"><span class='ocrx_word' id='word_1_57' title='bbox 437 1013 526 1065; x_wconf 88' lang='lat' dir='ltr'>ter</span> <span class='ocrx_word' id='word_1_58' title='bbox 555 1008 930 1064; x_wconf 81' lang='lat' dir='ltr'>diatessaron</span> <span class='ocrx_word' id='word_1_59' title='bbox 954 1019 1078 1060; x_wconf 94' lang='lat' dir='ltr'>non</span> <span class='ocrx_word' id='word_1_60' title='bbox 1103 1003 1346 1072; x_wconf 87' lang='lat' dir='ltr'>habere,</span> <span class='ocrx_word' id='word_1_61' title='bbox 1379 1003 1636 1077; x_wconf 89' lang='lat' dir='ltr'>ideoque</span> <span class='ocrx_word' id='word_1_62' title='bbox 1667 1020 1790 1060; x_wconf 94' lang='lat' dir='ltr'>non</span> <span class='ocrx_word' id='word_1_63' title='bbox 1815 1003 2096 1076; x_wconf 82' lang='lat' dir='ltr'>recipitur</span> 
     </span>
    </p>
   </div>
   <div class='ocr_carea' id='block_1_12' title="bbox 439 1093 2095 1170">
    <p class='ocr_par' dir='ltr' id='par_1_12' title="bbox 439 1093 2095 1170">
     <span class='ocr_line' id='line_1_12' title="bbox 439 1093 2095 1170; baseline -0.002 -16"><span class='ocrx_word' id='word_1_64' title='bbox 439 1103 714 1170; x_wconf 73' lang='lat' dir='ltr'>utraque,</span> <span class='ocrx_word' id='word_1_65' title='bbox 747 1095 808 1152; x_wconf 91' lang='lat' dir='ltr'>id</span> <span class='ocrx_word' id='word_1_66' title='bbox 837 1099 940 1163; x_wconf 88' lang='lat' dir='ltr'>est,</span> <span class='ocrx_word' id='word_1_67' title='bbox 977 1093 1325 1150; x_wconf 89' lang='lat' dir='ltr'>acutissima</span> <span class='ocrx_word' id='word_1_68' title='bbox 1354 1109 1383 1150; x_wconf 90' lang='lat' dir='ltr'>e</span> <span class='ocrx_word' id='word_1_69' title='bbox 1409 1093 1562 1165; x_wconf 89' lang='lat' dir='ltr'>ejus,</span> <span class='ocrx_word' id='word_1_70' title='bbox 1586 1097 1642 1148; x_wconf 89' lang='lat' dir='ltr'>et</span> <span class='ocrx_word' id='word_1_71' title='bbox 1671 1093 2034 1164; x_wconf 87' lang='lat' dir='ltr'>gravissima</span> <span class='ocrx_word' id='word_1_72' title='bbox 2055 1095 2095 1150; x_wconf 89' lang='lat' dir='ltr'>C</span> 
     </span>
    </p>
   </div>
   <div class='ocr_carea' id='block_1_13' title="bbox 441 1182 2096 1260">
    <p class='ocr_par' dir='ltr' id='par_1_13' title="bbox 441 1182 2096 1260">
     <span class='ocr_line' id='line_1_13' title="bbox 441 1182 2096 1260; baseline -0.004 -16"><span class='ocrx_word' id='word_1_73' title='bbox 441 1189 571 1260; x_wconf 92' lang='lat' dir='ltr'>ejus</span> <span class='ocrx_word' id='word_1_74' title='bbox 600 1183 778 1243; x_wconf 86' lang='lat' dir='ltr'>simul</span> <span class='ocrx_word' id='word_1_75' title='bbox 807 1185 867 1240; x_wconf 91' lang='lat' dir='ltr'>in</span> <span class='ocrx_word' id='word_1_76' title='bbox 893 1201 1014 1240; x_wconf 91' lang='lat' dir='ltr'>uno</span> <span class='ocrx_word' id='word_1_77' title='bbox 1041 1182 1374 1256; x_wconf 91' lang='lat' dir='ltr'>eodemque</span> <span class='ocrx_word' id='word_1_78' title='bbox 1405 1187 1604 1254; x_wconf 87' lang='lat' dir='ltr'>cantu,</span> <span class='ocrx_word' id='word_1_79' title='bbox 1631 1189 1696 1240; x_wconf 89' lang='lat' dir='ltr'>ut</span> <span class='ocrx_word' id='word_1_80' title='bbox 1725 1183 2096 1256; x_wconf 82' lang='lat' dir='ltr'>quibusdam</span> 
     </span>
    </p>
   </div>
   <div class='ocr_carea' id='block_1_14' title="bbox 2127 683 2389 836">
    <p class='ocr_par' dir='ltr' id='par_1_14' title="bbox 2127 683 2389 836">
     <span class='ocr_line' id='line_1_14' title="bbox 2127 683 2389 836; baseline 0.004 -61"><span class='ocrx_word' id='word_1_81' title='bbox 2127 683 2389 836; x_wconf 68' lang='lat' dir='ltr'>ctldt</span> 
     </span>
    </p>
   </div>
   <div class='ocr_carea' id='block_1_15' title="bbox 2203 334 3870 416">
    <p class='ocr_par' dir='ltr' id='par_1_15' title="bbox 2203 334 3870 416">
     <span class='ocr_line' id='line_1_15' title="bbox 2203 334 3870 416; baseline -0.005 -18"><span class='ocrx_word' id='word_1_82' title='bbox 2203 359 2304 398; x_wconf 90' lang='lat' dir='ltr'>mo</span> <span class='ocrx_word' id='word_1_83' title='bbox 2333 359 2526 416; x_wconf 86' lang='lat' dir='ltr'>usque</span> <span class='ocrx_word' id='word_1_84' title='bbox 2558 343 2637 400; x_wconf 92' lang='lat' dir='ltr'>ad</span> <span class='ocrx_word' id='word_1_85' title='bbox 2665 341 3092 398; x_wconf 81' lang='lat' dir='ltr'>duodecimam</span> <span class='ocrx_word' id='word_1_86' title='bbox 3122 353 3171 411; x_wconf 88' lang='lat' dir='ltr'>e,</span> <span class='ocrx_word' id='word_1_87' title='bbox 3203 338 3521 410; x_wconf 86' lang='lat' dir='ltr'>deponitur</span> <span class='ocrx_word' id='word_1_88' title='bbox 3552 337 3758 391; x_wconf 88' lang='lat' dir='ltr'>autem</span> <span class='ocrx_word' id='word_1_89' title='bbox 3791 334 3870 390; x_wconf 88' lang='lat' dir='ltr'>ad</span> 
     </span>
    </p>
   </div>
   <div class='ocr_carea' id='block_1_16' title="bbox 2203 425 3872 504">
    <p class='ocr_par' dir='ltr' id='par_1_16' title="bbox 2203 425 3872 504">
     <span class='ocr_line' id='line_1_16' title="bbox 2203 425 3872 504; baseline -0.005 -14"><span class='ocrx_word' id='word_1_90' title='bbox 2203 435 2436 491; x_wconf 86' lang='lat' dir='ltr'>tertiam</span> <span class='ocrx_word' id='word_1_91' title='bbox 2465 437 2524 504; x_wconf 89' lang='lat' dir='ltr'>C,</span> <span class='ocrx_word' id='word_1_92' title='bbox 2547 440 2690 492; x_wconf 89' lang='lat' dir='ltr'>tono</span> <span class='ocrx_word' id='word_1_93' title='bbox 2712 438 2768 490; x_wconf 89' lang='lat' dir='ltr'>et</span> <span class='ocrx_word' id='word_1_94' title='bbox 2797 431 3114 490; x_wconf 89' lang='lat' dir='ltr'>semitonio</span> <span class='ocrx_word' id='word_1_95' title='bbox 3135 435 3192 487; x_wconf 89' lang='lat' dir='ltr'>et</span> <span class='ocrx_word' id='word_1_96' title='bbox 3211 429 3452 486; x_wconf 90' lang='lat' dir='ltr'>duobus</span> <span class='ocrx_word' id='word_1_97' title='bbox 3477 429 3654 496; x_wconf 89' lang='lat' dir='ltr'>tonis,</span> <span class='ocrx_word' id='word_1_98' title='bbox 3681 425 3872 498; x_wconf 88' lang='lat' dir='ltr'>ﬁtque</span> 
     </span>
    </p>
   </div>
   <div class='ocr_carea' id='block_1_17' title="bbox 2203 521 3230 594">
    <p class='ocr_par' dir='ltr' id='par_1_17' title="bbox 2203 521 3230 594">
     <span class='ocr_line' id='line_1_17' title="bbox 2203 521 3230 594; baseline -0.004 -14"><span class='ocrx_word' id='word_1_99' title='bbox 2203 525 2652 582; x_wconf 90' lang='lat' dir='ltr'>decachordum</span> <span class='ocrx_word' id='word_1_100' title='bbox 2683 525 2800 581; x_wconf 91' lang='lat' dir='ltr'>hoc</span> <span class='ocrx_word' id='word_1_101' title='bbox 2829 521 3013 579; x_wconf 91' lang='lat' dir='ltr'>modo</span> <span class='ocrx_word' id='word_1_102' title='bbox 3047 522 3189 594; x_wconf 76' lang='grc'>(146)</span> <span class='ocrx_word' id='word_1_103' title='bbox 3217 539 3230 576; x_wconf 92' lang='lat'><strong>:</strong></span> 
     </span>
    </p>
   </div>
   <div class='ocr_carea' id='block_1_18' title="bbox 2685 678 2902 731">
    <p class='ocr_par' dir='ltr' id='par_1_18' title="bbox 2685 678 2902 731">
     <span class='ocr_line' id='line_1_18' title="bbox 2685 678 2902 731; baseline 0.005 -2"><span class='ocrx_word' id='word_1_104' title='bbox 2685 678 2902 731; x_wconf 90' lang='lat' dir='ltr'>Forma</span> 
     </span>
    </p>
   </div>
   <div class='ocr_carea' id='block_1_19' title="bbox 2490 737 2932 802">
    <p class='ocr_par' dir='ltr' id='par_1_19' title="bbox 2490 737 2932 802">
     <span class='ocr_line' id='line_1_19' title="bbox 2490 737 2932 802; baseline 0 0"><span class='ocrx_word' id='word_1_105' title='bbox 2490 737 2522 776; x_wconf 76' lang='grc' dir='ltr'>θ</span> <span class='ocrx_word' id='word_1_106' title='bbox 2579 737 2589 802; x_wconf 95' lang='grc' dir='ltr'><strong>Ι</strong></span> <span class='ocrx_word' id='word_1_107' title='bbox 2635 749 2754 802; x_wconf 85' lang='lat' dir='ltr'>VIII</span> <span class='ocrx_word' id='word_1_108' title='bbox 2787 746 2932 802; x_wconf 90' lang='lat' dir='ltr'>toni.</span> 
     </span>
    </p>
   </div>
   <div class='ocr_carea' id='block_1_20' title="bbox 2981 651 2994 842">
    <p class='ocr_par' dir='ltr' id='par_1_20' title="bbox 2981 651 2994 842">
     <span class='ocr_line' id='line_1_20' title="bbox 2981 651 2994 842; baseline 0 0"><span class='ocrx_word' id='word_1_109' title='bbox 2981 651 2994 842; x_wconf 81' lang='grc' dir='ltr'>ἱ</span> 
     </span>
    </p>
   </div>
   <div class='ocr_carea' id='block_1_21' title="bbox 2207 903 3884 982">
    <p class='ocr_par' dir='ltr' id='par_1_21' title="bbox 2207 903 3884 982">
     <span class='ocr_line' id='line_1_21' title="bbox 2207 903 3884 982; baseline -0.005 -12"><span class='ocrx_word' id='word_1_110' title='bbox 2207 914 2374 970; x_wconf 90' lang='lat' dir='ltr'>modi</span> <span class='ocrx_word' id='word_1_111' title='bbox 2405 913 2860 970; x_wconf 83' lang='lat' dir='ltr'>similitudinem</span> <span class='ocrx_word' id='word_1_112' title='bbox 2887 915 3063 982; x_wconf 83' lang='lat' dir='ltr'>tenet,</span> <span class='ocrx_word' id='word_1_113' title='bbox 3095 927 3236 968; x_wconf 91' lang='lat' dir='ltr'>cum</span> <span class='ocrx_word' id='word_1_114' title='bbox 3267 912 3324 966; x_wconf 90' lang='lat' dir='ltr'>et</span> <span class='ocrx_word' id='word_1_115' title='bbox 3351 907 3488 964; x_wconf 89' lang='lat' dir='ltr'>ﬁnis</span> <span class='ocrx_word' id='word_1_116' title='bbox 3521 907 3764 981; x_wconf 85' lang='lat' dir='ltr'>septimi</span> <span class='ocrx_word' id='word_1_117' title='bbox 3797 903 3884 962; x_wconf 86' lang='lat' dir='ltr'>ad</span> 
     </span>
    </p>
   </div>
   <div class='ocr_carea' id='block_1_22' title="bbox 2208 1000 3881 1078">
    <p class='ocr_par' dir='ltr' id='par_1_22' title="bbox 2208 1000 3881 1078">
     <span class='ocr_line' id='line_1_22' title="bbox 2208 1000 3881 1078; baseline -0.007 -15"><span class='ocrx_word' id='word_1_118' title='bbox 2208 1021 2454 1074; x_wconf 81' lang='lat' dir='ltr'>gamma</span> <span class='ocrx_word' id='word_1_119' title='bbox 2504 1003 2806 1078; x_wconf 86' lang='lat' dir='ltr'>diapason</span> <span class='ocrx_word' id='word_1_120' title='bbox 2849 1003 3144 1060; x_wconf 76' lang='lat' dir='ltr'>concinet.</span> <span class='ocrx_word' id='word_1_121' title='bbox 3199 1000 3397 1056; x_wconf 88' lang='lat' dir='ltr'>Prima</span> <span class='ocrx_word' id='word_1_122' title='bbox 3443 1013 3690 1072; x_wconf 90' lang='lat' dir='ltr'>quoque</span> <span class='ocrx_word' id='word_1_123' title='bbox 3731 1012 3881 1068; x_wconf 79' lang='lat' dir='ltr'>vox,</span> 
     </span>
    </p>
   </div>
   <div class='ocr_carea' id='block_1_23' title="bbox 2205 1091 3886 1168">
    <p class='ocr_par' dir='ltr' id='par_1_23' title="bbox 2205 1091 3886 1168">
     <span class='ocr_line' id='line_1_23' title="bbox 2205 1091 3886 1168; baseline -0.005 -18"><span class='ocrx_word' id='word_1_124' title='bbox 2205 1095 2348 1166; x_wconf 86' lang='lat' dir='ltr'>quia</span> <span class='ocrx_word' id='word_1_125' title='bbox 2376 1094 2558 1150; x_wconf 86' lang='lat' dir='ltr'>habet</span> <span class='ocrx_word' id='word_1_126' title='bbox 2599 1099 2736 1168; x_wconf 91' lang='lat' dir='ltr'>post</span> <span class='ocrx_word' id='word_1_127' title='bbox 2765 1109 2828 1148; x_wconf 90' lang='lat' dir='ltr'>se</span> <span class='ocrx_word' id='word_1_128' title='bbox 2858 1097 3087 1159; x_wconf 88' lang='lat' dir='ltr'>tonum,</span> <span class='ocrx_word' id='word_1_129' title='bbox 3125 1094 3272 1148; x_wconf 84' lang='lat' dir='ltr'>ante&#39;</span> <span class='ocrx_word' id='word_1_130' title='bbox 3291 1106 3352 1146; x_wconf 91' lang='lat' dir='ltr'>se</span> <span class='ocrx_word' id='word_1_131' title='bbox 3381 1105 3524 1144; x_wconf 88' lang='lat' dir='ltr'>vero</span> <span class='ocrx_word' id='word_1_132' title='bbox 3553 1092 3774 1144; x_wconf 88' lang='lat' dir='ltr'>tonum</span> <span class='ocrx_word' id='word_1_133' title='bbox 3823 1091 3886 1142; x_wconf 87' lang='lat' dir='ltr'>et</span> 
     </span>
    </p>
   </div>
   <div class='ocr_carea' id='block_1_24' title="bbox 2204 1177 3888 1254">
    <p class='ocr_par' dir='ltr' id='par_1_24' title="bbox 2204 1177 3888 1254">
     <span class='ocr_line' id='line_1_24' title="bbox 2204 1177 3888 1254; baseline -0.005 -16"><span class='ocrx_word' id='word_1_134' title='bbox 2204 1183 2586 1240; x_wconf 88' lang='lat' dir='ltr'>semitonium</span> <span class='ocrx_word' id='word_1_135' title='bbox 2615 1187 2670 1238; x_wconf 88' lang='lat' dir='ltr'>et</span> <span class='ocrx_word' id='word_1_136' title='bbox 2698 1182 2852 1238; x_wconf 89' lang='lat' dir='ltr'>duos</span> <span class='ocrx_word' id='word_1_137' title='bbox 2879 1185 3073 1252; x_wconf 90' lang='lat' dir='ltr'>tonos,</span> <span class='ocrx_word' id='word_1_138' title='bbox 3103 1178 3282 1254; x_wconf 85' lang='lat' dir='ltr'>primi</span> <span class='ocrx_word' id='word_1_139' title='bbox 3313 1177 3480 1236; x_wconf 91' lang='lat' dir='ltr'>modi</span> <span class='ocrx_word' id='word_1_140' title='bbox 3507 1177 3707 1248; x_wconf 85' lang='lat' dir='ltr'>legem</span> <span class='ocrx_word' id='word_1_141' title='bbox 3743 1193 3888 1231; x_wconf 87' lang='lat' dir='ltr'>cus-</span> 
     </span>
    </p>
   </div>
   <div class='ocr_carea' id='block_1_25' title="bbox 441 1251 3884 1350">
    <p class='ocr_par' dir='ltr' id='par_1_25' title="bbox 441 1251 3884 1350">
     <span class='ocr_line' id='line_1_25' title="bbox 441 1251 3884 1350; baseline -0.003 -19"><span class='ocrx_word' id='word_1_142' title='bbox 441 1251 652 1350; x_wconf 75' lang='lat' dir='ltr'>placet.</span> <span class='ocrx_word' id='word_1_143' title='bbox 683 1273 1069 1348; x_wconf 87' lang='lat' dir='ltr'>Perspicuum</span> <span class='ocrx_word' id='word_1_144' title='bbox 1099 1277 1186 1328; x_wconf 88' lang='lat' dir='ltr'>est</span> <span class='ocrx_word' id='word_1_145' title='bbox 1214 1251 1414 1328; x_wconf 70' lang='lat' dir='ltr'>autem</span> <span class='ocrx_word' id='word_1_146' title='bbox 1447 1251 1613 1346; x_wconf 89' lang='lat' dir='ltr'>quod</span> <span class='ocrx_word' id='word_1_147' title='bbox 1644 1251 1891 1328; x_wconf 80' lang='lat' dir='ltr'>octavus</span> <span class='ocrx_word' id='word_1_148' title='bbox 1919 1276 2095 1328; x_wconf 88' lang='lat' dir='ltr'>tonus</span> <span class='ocrx_word' id='word_1_149' title='bbox 2133 1251 2176 1306; x_wconf 80' lang='grc' dir='ltr'>Β</span> <span class='ocrx_word' id='word_1_150' title='bbox 2207 1272 2390 1328; x_wconf 88' lang='lat' dir='ltr'>todit:</span> <span class='ocrx_word' id='word_1_151' title='bbox 2437 1272 2596 1328; x_wconf 90' lang='lat' dir='ltr'>unde</span> <span class='ocrx_word' id='word_1_152' title='bbox 2623 1271 2822 1344; x_wconf 89' lang='lat' dir='ltr'>prima</span> <span class='ocrx_word' id='word_1_153' title='bbox 2851 1286 2973 1326; x_wconf 91' lang='lat' dir='ltr'>non</span> <span class='ocrx_word' id='word_1_154' title='bbox 3005 1251 3131 1326; x_wconf 83' lang='lat' dir='ltr'>sine</span> <span class='ocrx_word' id='word_1_155' title='bbox 3180 1284 3364 1325; x_wconf 88' lang='lat' dir='ltr'>causa</span> <span class='ocrx_word' id='word_1_156' title='bbox 3410 1265 3570 1324; x_wconf 89' lang='lat' dir='ltr'>dicta</span> <span class='ocrx_word' id='word_1_157' title='bbox 3621 1269 3732 1322; x_wconf 88' lang='lat' dir='ltr'>est.</span> <span class='ocrx_word' id='word_1_158' title='bbox 3775 1267 3884 1322; x_wconf 84' lang='lat' dir='ltr'>Se-</span> 
     </span>
    </p>
   </div>
   <div class='ocr_carea' id='block_1_26' title="bbox 439 1359 2098 1438">
    <p class='ocr_par' dir='ltr' id='par_1_26' title="bbox 439 1359 2098 1438">
     <span class='ocr_line' id='line_1_26' title="bbox 439 1359 2098 1438; baseline -0.003 -17"><span class='ocrx_word' id='word_1_159' title='bbox 439 1366 503 1421; x_wconf 92' lang='lat' dir='ltr'>in</span> <span class='ocrx_word' id='word_1_160' title='bbox 527 1364 897 1438; x_wconf 87' lang='lat' dir='ltr'>depositione</span> <span class='ocrx_word' id='word_1_161' title='bbox 924 1380 960 1420; x_wconf 90' lang='lat' dir='ltr'>a</span> <span class='ocrx_word' id='word_1_162' title='bbox 987 1363 1106 1418; x_wconf 96' lang='lat' dir='ltr'>ﬁne</span> <span class='ocrx_word' id='word_1_163' title='bbox 1127 1377 1232 1434; x_wconf 91' lang='lat' dir='ltr'>per</span> <span class='ocrx_word' id='word_1_164' title='bbox 1255 1361 1460 1418; x_wconf 88' lang='lat' dir='ltr'>omnia</span> <span class='ocrx_word' id='word_1_165' title='bbox 1485 1361 1560 1418; x_wconf 89' lang='lat' dir='ltr'>sit</span> <span class='ocrx_word' id='word_1_166' title='bbox 1585 1362 1909 1418; x_wconf 90' lang='lat' dir='ltr'>secundus.</span> <span class='ocrx_word' id='word_1_167' title='bbox 1926 1359 2098 1428; x_wconf 86' lang='lat' dir='ltr'>Quod</span> 
     </span>
    </p>
   </div>
   <div class='ocr_carea' id='block_1_27' title="bbox 443 1451 2097 1524">
    <p class='ocr_par' dir='ltr' id='par_1_27' title="bbox 443 1451 2097 1524">
     <span class='ocr_line' id='line_1_27' title="bbox 443 1451 2097 1524; baseline -0.003 -14"><span class='ocrx_word' id='word_1_168' title='bbox 443 1455 491 1510; x_wconf 92' lang='lat' dir='ltr'>si</span> <span class='ocrx_word' id='word_1_169' title='bbox 519 1455 572 1512; x_wconf 90' lang='lat' dir='ltr'>ei</span> <span class='ocrx_word' id='word_1_170' title='bbox 600 1455 663 1511; x_wconf 92' lang='lat' dir='ltr'>in</span> <span class='ocrx_word' id='word_1_171' title='bbox 687 1453 1013 1510; x_wconf 87' lang='lat' dir='ltr'>elevatione</span> <span class='ocrx_word' id='word_1_172' title='bbox 1039 1451 1236 1524; x_wconf 87' lang='lat' dir='ltr'>prima</span> <span class='ocrx_word' id='word_1_173' title='bbox 1264 1467 1428 1506; x_wconf 88' lang='lat' dir='ltr'>nona</span> <span class='ocrx_word' id='word_1_174' title='bbox 1465 1451 1496 1506; x_wconf 89' lang='lat' dir='ltr'><strong><em>b</em></strong></span> <span class='ocrx_word' id='word_1_175' title='bbox 1529 1451 1790 1519; x_wconf 86' lang='lat' dir='ltr'>daretur,</span> <span class='ocrx_word' id='word_1_176' title='bbox 1818 1455 1884 1508; x_wconf 90' lang='lat' dir='ltr'>ut</span> <span class='ocrx_word' id='word_1_177' title='bbox 1911 1451 2097 1506; x_wconf 89' lang='lat' dir='ltr'>habe-</span> 
     </span>
    </p>
   </div>
   <div class='ocr_carea' id='block_1_28' title="bbox 439 1539 2097 1609">
    <p class='ocr_par' dir='ltr' id='par_1_28' title="bbox 439 1539 2097 1609">
     <span class='ocr_line' id='line_1_28' title="bbox 439 1539 2097 1609; baseline -0.002 -11"><span class='ocrx_word' id='word_1_178' title='bbox 439 1547 528 1600; x_wconf 91' lang='lat' dir='ltr'>ret</span> <span class='ocrx_word' id='word_1_179' title='bbox 573 1547 786 1599; x_wconf 91' lang='lat' dir='ltr'>tonum</span> <span class='ocrx_word' id='word_1_180' title='bbox 834 1546 889 1598; x_wconf 91' lang='lat' dir='ltr'>et</span> <span class='ocrx_word' id='word_1_181' title='bbox 942 1539 1345 1608; x_wconf 88' lang='lat' dir='ltr'>semitonium,</span> <span class='ocrx_word' id='word_1_182' title='bbox 1377 1544 1434 1596; x_wconf 90' lang='lat' dir='ltr'>et</span> <span class='ocrx_word' id='word_1_183' title='bbox 1463 1543 1596 1594; x_wconf 89' lang='lat' dir='ltr'>tuos</span> <span class='ocrx_word' id='word_1_184' title='bbox 1648 1543 1824 1596; x_wconf 85' lang='lat' dir='ltr'>tonos</span> <span class='ocrx_word' id='word_1_185' title='bbox 1873 1555 1910 1595; x_wconf 92' lang='lat' dir='ltr'>a</span> <span class='ocrx_word' id='word_1_186' title='bbox 1955 1539 2097 1609; x_wconf 89' lang='lat' dir='ltr'>ﬁne,</span> 
     </span>
    </p>
   </div>
   <div class='ocr_carea' id='block_1_29' title="bbox 443 1627 2097 1700">
    <p class='ocr_par' dir='ltr' id='par_1_29' title="bbox 443 1627 2097 1700">
     <span class='ocr_line' id='line_1_29' title="bbox 443 1627 2097 1700; baseline -0.004 -12"><span class='ocrx_word' id='word_1_187' title='bbox 443 1633 708 1688; x_wconf 90' lang='lat' dir='ltr'>etiamin</span> <span class='ocrx_word' id='word_1_188' title='bbox 736 1630 1064 1687; x_wconf 88' lang='lat' dir='ltr'>elevatione</span> <span class='ocrx_word' id='word_1_189' title='bbox 1091 1631 1472 1700; x_wconf 89' lang='lat' dir='ltr'>permaneret</span> <span class='ocrx_word' id='word_1_190' title='bbox 1493 1629 1815 1684; x_wconf 90' lang='lat' dir='ltr'>secundus.</span> <span class='ocrx_word' id='word_1_191' title='bbox 1850 1627 1965 1683; x_wconf 90' lang='lat' dir='ltr'>Sed</span> <span class='ocrx_word' id='word_1_192' title='bbox 1993 1627 2097 1682; x_wconf 92' lang='lat' dir='ltr'>de-</span> 
     </span>
    </p>
   </div>
   <div class='ocr_carea' id='block_1_30' title="bbox 441 1717 2101 1790">
    <p class='ocr_par' dir='ltr' id='par_1_30' title="bbox 441 1717 2101 1790">
     <span class='ocr_line' id='line_1_30' title="bbox 441 1717 2101 1790; baseline -0.001 -14"><span class='ocrx_word' id='word_1_193' title='bbox 441 1721 694 1777; x_wconf 87' lang='lat' dir='ltr'>ridenda</span> <span class='ocrx_word' id='word_1_194' title='bbox 721 1719 1000 1775; x_wconf 89' lang='lat' dir='ltr'>inertium</span> <span class='ocrx_word' id='word_1_195' title='bbox 1029 1722 1344 1774; x_wconf 85' lang='lat' dir='ltr'>cantorum</span> <span class='ocrx_word' id='word_1_196' title='bbox 1376 1717 1720 1788; x_wconf 88' lang='lat' dir='ltr'>scurrilitas,</span> <span class='ocrx_word' id='word_1_197' title='bbox 1749 1734 1885 1790; x_wconf 63' lang='lat' dir='ltr'>quae</span> <span class='ocrx_word' id='word_1_198' title='bbox 1916 1717 1990 1774; x_wconf 91' lang='lat' dir='ltr'>de</span> <span class='ocrx_word' id='word_1_199' title='bbox 2015 1722 2101 1774; x_wconf 92' lang='lat' dir='ltr'>to-</span> 
     </span>
    </p>
   </div>
   <div class='ocr_carea' id='block_1_31' title="bbox 443 1805 2098 1879">
    <p class='ocr_par' dir='ltr' id='par_1_31' title="bbox 443 1805 2098 1879">
     <span class='ocr_line' id='line_1_31' title="bbox 443 1805 2098 1879; baseline -0.003 -14"><span class='ocrx_word' id='word_1_200' title='bbox 443 1825 664 1865; x_wconf 88' lang='lat' dir='ltr'>norum</span> <span class='ocrx_word' id='word_1_201' title='bbox 705 1807 1056 1864; x_wconf 84' lang='lat' dir='ltr'>discretione</span> <span class='ocrx_word' id='word_1_202' title='bbox 1105 1805 1189 1862; x_wconf 88' lang='lat' dir='ltr'>nil</span> <span class='ocrx_word' id='word_1_203' title='bbox 1233 1807 1443 1862; x_wconf 86' lang='lat' dir='ltr'>sentit:</span> <span class='ocrx_word' id='word_1_204' title='bbox 1489 1806 1550 1862; x_wconf 91' lang='lat' dir='ltr'>id</span> <span class='ocrx_word' id='word_1_205' title='bbox 1581 1807 1780 1862; x_wconf 89' lang='lat' dir='ltr'>solum</span> <span class='ocrx_word' id='word_1_206' title='bbox 1811 1807 2098 1879; x_wconf 84' lang='lat' dir='ltr'>sequitur,</span> 
     </span>
    </p>
   </div>
   <div class='ocr_carea' id='block_1_32' title="bbox 445 1895 2104 1970">
    <p class='ocr_par' dir='ltr' id='par_1_32' title="bbox 445 1895 2104 1970">
     <span class='ocr_line' id='line_1_32' title="bbox 445 1895 2104 1970; baseline -0.001 -17"><span class='ocrx_word' id='word_1_207' title='bbox 445 1897 609 1970; x_wconf 92' lang='lat' dir='ltr'>quod</span> <span class='ocrx_word' id='word_1_208' title='bbox 658 1897 859 1970; x_wconf 89' lang='lat' dir='ltr'>aliquo</span> <span class='ocrx_word' id='word_1_209' title='bbox 897 1896 1081 1952; x_wconf 90' lang='lat' dir='ltr'>modo</span> <span class='ocrx_word' id='word_1_210' title='bbox 1128 1911 1302 1952; x_wconf 88' lang='lat' dir='ltr'>aures</span> <span class='ocrx_word' id='word_1_211' title='bbox 1346 1895 1590 1952; x_wconf 90' lang='lat' dir='ltr'>delinire</span> <span class='ocrx_word' id='word_1_212' title='bbox 1640 1896 1902 1952; x_wconf 88' lang='lat' dir='ltr'>videtur:</span> <span class='ocrx_word' id='word_1_213' title='bbox 1951 1897 2104 1952; x_wconf 85' lang='lat' dir='ltr'>sicut</span> 
     </span>
    </p>
   </div>
   <div class='ocr_carea' id='block_1_33' title="bbox 445 1984 2102 2060">
    <p class='ocr_par' dir='ltr' id='par_1_33' title="bbox 445 1984 2102 2060">
     <span class='ocr_line' id='line_1_33' title="bbox 445 1984 2102 2060; baseline 0 -18"><span class='ocrx_word' id='word_1_214' title='bbox 445 1987 550 2060; x_wconf 92' lang='lat' dir='ltr'>qui</span> <span class='ocrx_word' id='word_1_215' title='bbox 577 1985 1008 2057; x_wconf 72' lang='lat' dir='ltr'>gastrimargiae</span> <span class='ocrx_word' id='word_1_216' title='bbox 1053 1985 1401 2054; x_wconf 89' lang='lat' dir='ltr'>inserviunt,</span> <span class='ocrx_word' id='word_1_217' title='bbox 1433 2001 1542 2058; x_wconf 90' lang='lat' dir='ltr'>per</span> <span class='ocrx_word' id='word_1_218' title='bbox 1577 1985 1800 2042; x_wconf 85' lang='lat' dir='ltr'>falsam</span> <span class='ocrx_word' id='word_1_219' title='bbox 1831 1984 2102 2042; x_wconf 86' lang='lat' dir='ltr'>dulcedi-</span> 
     </span>
    </p>
   </div>
   <div class='ocr_carea' id='block_1_34' title="bbox 445 2073 2103 2146">
    <p class='ocr_par' dir='ltr' id='par_1_34' title="bbox 445 2073 2103 2146">
     <span class='ocr_line' id='line_1_34' title="bbox 445 2073 2103 2146; baseline -0.001 -14"><span class='ocrx_word' id='word_1_220' title='bbox 445 2091 588 2132; x_wconf 88' lang='lat' dir='ltr'>nem</span> <span class='ocrx_word' id='word_1_221' title='bbox 614 2093 822 2134; x_wconf 81' lang='lat' dir='ltr'>veram</span> <span class='ocrx_word' id='word_1_222' title='bbox 847 2075 1181 2132; x_wconf 86' lang='lat' dir='ltr'>sobrietatis</span> <span class='ocrx_word' id='word_1_223' title='bbox 1223 2074 1498 2146; x_wconf 87' lang='lat' dir='ltr'>regulam</span> <span class='ocrx_word' id='word_1_224' title='bbox 1537 2073 1770 2132; x_wconf 89' lang='lat' dir='ltr'>fallunt.</span> <span class='ocrx_word' id='word_1_225' title='bbox 1805 2076 2103 2132; x_wconf 86' lang='lat' dir='ltr'>Invenitur</span> 
     </span>
    </p>
   </div>
   <div class='ocr_carea' id='block_1_35' title="bbox 445 2163 2102 2240">
    <p class='ocr_par' dir='ltr' id='par_1_35' title="bbox 445 2163 2102 2240">
     <span class='ocr_line' id='line_1_35' title="bbox 445 2163 2102 2240; baseline -0.001 -18"><span class='ocrx_word' id='word_1_226' title='bbox 445 2171 752 2240; x_wconf 83' lang='lat' dir='ltr'>praeterea,</span> <span class='ocrx_word' id='word_1_227' title='bbox 783 2182 924 2222; x_wconf 87' lang='lat' dir='ltr'>cum</span> <span class='ocrx_word' id='word_1_228' title='bbox 950 2169 1195 2222; x_wconf 88' lang='lat' dir='ltr'>octavus</span> <span class='ocrx_word' id='word_1_229' title='bbox 1226 2165 1304 2221; x_wconf 90' lang='lat' dir='ltr'>ad</span> <span class='ocrx_word' id='word_1_230' title='bbox 1333 2167 1616 2238; x_wconf 76' lang='lat' dir='ltr'>quartam</span> <span class='ocrx_word' id='word_1_231' title='bbox 1645 2168 1688 2220; x_wconf 95' lang='lat' dir='ltr'>D</span> <span class='ocrx_word' id='word_1_232' title='bbox 1707 2163 2102 2234; x_wconf 87' lang='lat' dir='ltr'>descendens,</span> 
     </span>
    </p>
   </div>
   <div class='ocr_carea' id='block_1_36' title="bbox 447 2253 2101 2328">
    <p class='ocr_par' dir='ltr' id='par_1_36' title="bbox 447 2253 2101 2328">
     <span class='ocr_line' id='line_1_36' title="bbox 447 2253 2101 2328; baseline -0.001 -17"><span class='ocrx_word' id='word_1_233' title='bbox 447 2255 744 2314; x_wconf 85' lang='lat' dir='ltr'>decimam</span> <span class='ocrx_word' id='word_1_234' title='bbox 769 2255 1002 2312; x_wconf 83' lang='lat' dir='ltr'>tertiam</span> <span class='ocrx_word' id='word_1_235' title='bbox 1023 2257 1075 2324; x_wconf 86' lang='lat' dir='ltr'>f,</span> <span class='ocrx_word' id='word_1_236' title='bbox 1107 2270 1242 2328; x_wconf 71' lang='lat' dir='ltr'>quae</span> <span class='ocrx_word' id='word_1_237' title='bbox 1265 2254 1401 2326; x_wconf 88' lang='lat' dir='ltr'>jure</span> <span class='ocrx_word' id='word_1_238' title='bbox 1427 2257 1518 2310; x_wconf 90' lang='lat' dir='ltr'>est</span> <span class='ocrx_word' id='word_1_239' title='bbox 1547 2253 1818 2326; x_wconf 88' lang='lat' dir='ltr'>septima,</span> <span class='ocrx_word' id='word_1_240' title='bbox 1837 2257 2101 2326; x_wconf 87' lang='lat' dir='ltr'>appetat,</span> 
     </span>
    </p>
   </div>
   <div class='ocr_carea' id='block_1_37' title="bbox 447 2344 2100 2418">
    <p class='ocr_par' dir='ltr' id='par_1_37' title="bbox 447 2344 2100 2418">
     <span class='ocr_line' id='line_1_37' title="bbox 447 2344 2100 2418; baseline -0.002 -16"><span class='ocrx_word' id='word_1_241' title='bbox 447 2362 517 2402; x_wconf 90' lang='lat' dir='ltr'>ac</span> <span class='ocrx_word' id='word_1_242' title='bbox 547 2347 596 2401; x_wconf 88' lang='lat' dir='ltr'>si</span> <span class='ocrx_word' id='word_1_243' title='bbox 623 2345 1069 2402; x_wconf 89' lang='lat' dir='ltr'>decachordum</span> <span class='ocrx_word' id='word_1_244' title='bbox 1093 2344 1366 2414; x_wconf 88' lang='lat' dir='ltr'>regulare</span> <span class='ocrx_word' id='word_1_245' title='bbox 1403 2347 1570 2400; x_wconf 90' lang='lat' dir='ltr'>tanta</span> <span class='ocrx_word' id='word_1_246' title='bbox 1610 2344 2100 2418; x_wconf 71' lang='lat' dir='ltr'>praesumptione,</span> 
     </span>
    </p>
   </div>
   <div class='ocr_carea' id='block_1_38' title="bbox 446 2432 2099 2505">
    <p class='ocr_par' dir='ltr' id='par_1_38' title="bbox 446 2432 2099 2505">
     <span class='ocr_line' id='line_1_38' title="bbox 446 2432 2099 2505; baseline -0.002 -14"><span class='ocrx_word' id='word_1_247' title='bbox 446 2435 581 2491; x_wconf 90' lang='lat' dir='ltr'>licet</span> <span class='ocrx_word' id='word_1_248' title='bbox 607 2451 766 2502; x_wconf 90' lang='lat' dir='ltr'>raro,</span> <span class='ocrx_word' id='word_1_249' title='bbox 799 2435 1091 2490; x_wconf 87' lang='lat' dir='ltr'>restituat.</span> <span class='ocrx_word' id='word_1_250' title='bbox 1113 2432 1412 2505; x_wconf 90' lang='lat' dir='ltr'>Principia</span> <span class='ocrx_word' id='word_1_251' title='bbox 1442 2433 1572 2504; x_wconf 89' lang='lat' dir='ltr'>ejus</span> <span class='ocrx_word' id='word_1_252' title='bbox 1599 2437 1738 2489; x_wconf 88' lang='lat' dir='ltr'>sunt</span> <span class='ocrx_word' id='word_1_253' title='bbox 1760 2433 1888 2488; x_wconf 59' lang='lat' dir='ltr'>haec</span> <span class='ocrx_word' id='word_1_254' title='bbox 1913 2433 2062 2504; x_wconf 84' lang='grc'><strong>(147)</strong></span> <span class='ocrx_word' id='word_1_255' title='bbox 2085 2450 2099 2488; x_wconf 89' lang='lat'><strong>:</strong></span> 
     </span>
    </p>
   </div>
   <div class='ocr_carea' id='block_1_39' title="bbox 447 2519 2103 2591">
    <p class='ocr_par' dir='ltr' id='par_1_39' title="bbox 447 2519 2103 2591">
     <span class='ocr_line' id='line_1_39' title="bbox 447 2519 2103 2591; baseline 0.001 -15"><span class='ocrx_word' id='word_1_256' title='bbox 447 2521 510 2576; x_wconf 92' lang='lat' dir='ltr'>in</span> <span class='ocrx_word' id='word_1_257' title='bbox 541 2523 600 2588; x_wconf 86' lang='lat' dir='ltr'>C,</span> <span class='ocrx_word' id='word_1_258' title='bbox 635 2527 700 2577; x_wconf 92' lang='lat' dir='ltr'>ut</span> <span class='ocrx_word' id='word_1_259' title='bbox 722 2540 734 2577; x_wconf 90' lang='lat'>:</span> <span class='ocrx_word' id='word_1_260' title='bbox 758 2522 1020 2578; x_wconf 79' lang='lat' dir='ltr'>Stabunt</span> <span class='ocrx_word' id='word_1_261' title='bbox 1039 2522 1214 2590; x_wconf 82' lang='lat' dir='ltr'>justi,</span> <span class='ocrx_word' id='word_1_262' title='bbox 1246 2521 1308 2575; x_wconf 92' lang='lat' dir='ltr'>in</span> <span class='ocrx_word' id='word_1_263' title='bbox 1339 2523 1406 2590; x_wconf 90' lang='lat' dir='ltr'>D,</span> <span class='ocrx_word' id='word_1_264' title='bbox 1440 2524 1538 2576; x_wconf 89' lang='lat' dir='ltr'>ut:</span> <span class='ocrx_word' id='word_1_265' title='bbox 1573 2521 1795 2590; x_wconf 77' lang='lat' dir='ltr'>Angeli</span> <span class='ocrx_word' id='word_1_266' title='bbox 1821 2519 2103 2591; x_wconf 83' lang='lat' dir='ltr'>Domini;</span> 
     </span>
    </p>
   </div>
   <div class='ocr_carea' id='block_1_40' title="bbox 2207 1353 3884 1432">
    <p class='ocr_par' dir='ltr' id='par_1_40' title="bbox 2207 1353 3884 1432">
     <span class='ocr_line' id='line_1_40' title="bbox 2207 1353 3884 1432; baseline -0.004 -16"><span class='ocrx_word' id='word_1_267' title='bbox 2207 1359 2408 1416; x_wconf 86' lang='lat' dir='ltr'>cunda</span> <span class='ocrx_word' id='word_1_268' title='bbox 2433 1377 2576 1416; x_wconf 90' lang='lat' dir='ltr'>vero</span> <span class='ocrx_word' id='word_1_269' title='bbox 2611 1377 2750 1416; x_wconf 90' lang='lat' dir='ltr'>cum</span> <span class='ocrx_word' id='word_1_270' title='bbox 2776 1359 3116 1432; x_wconf 86' lang='lat' dir='ltr'>deponatur</span> <span class='ocrx_word' id='word_1_271' title='bbox 3146 1363 3280 1430; x_wconf 90' lang='lat' dir='ltr'>post</span> <span class='ocrx_word' id='word_1_272' title='bbox 3319 1372 3380 1412; x_wconf 90' lang='lat' dir='ltr'>se</span> <span class='ocrx_word' id='word_1_273' title='bbox 3411 1355 3652 1411; x_wconf 87' lang='lat' dir='ltr'>duobus</span> <span class='ocrx_word' id='word_1_274' title='bbox 3685 1353 3884 1422; x_wconf 84' lang='lat' dir='ltr'>tonis,</span> 
     </span>
    </p>
   </div>
   <div class='ocr_carea' id='block_1_41' title="bbox 2207 1442 3886 1511">
    <p class='ocr_par' dir='ltr' id='par_1_41' title="bbox 2207 1442 3886 1511">
     <span class='ocr_line' id='line_1_41' title="bbox 2207 1442 3886 1511; baseline -0.003 -6"><span class='ocrx_word' id='word_1_275' title='bbox 2207 1453 2264 1505; x_wconf 92' lang='lat' dir='ltr'>et</span> <span class='ocrx_word' id='word_1_276' title='bbox 2292 1454 2428 1506; x_wconf 86' lang='lat' dir='ltr'>ante</span> <span class='ocrx_word' id='word_1_277' title='bbox 2457 1449 2719 1506; x_wconf 88' lang='lat' dir='ltr'>elevetur</span> <span class='ocrx_word' id='word_1_278' title='bbox 2746 1447 3062 1504; x_wconf 89' lang='lat' dir='ltr'>semitonio</span> <span class='ocrx_word' id='word_1_279' title='bbox 3088 1450 3144 1504; x_wconf 88' lang='lat' dir='ltr'>et</span> <span class='ocrx_word' id='word_1_280' title='bbox 3172 1445 3411 1502; x_wconf 90' lang='lat' dir='ltr'>duobus</span> <span class='ocrx_word' id='word_1_281' title='bbox 3439 1442 3886 1511; x_wconf 86' lang='lat' dir='ltr'>tonis,iterum-</span> 
     </span>
    </p>
   </div>
   <div class='ocr_carea' id='block_1_42' title="bbox 2207 1531 3885 1609">
    <p class='ocr_par' dir='ltr' id='par_1_42' title="bbox 2207 1531 3885 1609">
     <span class='ocr_line' id='line_1_42' title="bbox 2207 1531 3885 1609; baseline -0.002 -17"><span class='ocrx_word' id='word_1_282' title='bbox 2207 1553 2325 1609; x_wconf 89' lang='lat' dir='ltr'>que</span> <span class='ocrx_word' id='word_1_283' title='bbox 2353 1537 2669 1594; x_wconf 89' lang='lat' dir='ltr'>semitonio</span> <span class='ocrx_word' id='word_1_284' title='bbox 2701 1541 2756 1592; x_wconf 92' lang='lat' dir='ltr'>et</span> <span class='ocrx_word' id='word_1_285' title='bbox 2781 1540 2944 1606; x_wconf 90' lang='lat' dir='ltr'>tono,</span> <span class='ocrx_word' id='word_1_286' title='bbox 2979 1535 3260 1592; x_wconf 87' lang='lat' dir='ltr'>usitatam</span> <span class='ocrx_word' id='word_1_287' title='bbox 3284 1533 3484 1606; x_wconf 83' lang='lat' dir='ltr'>quarti</span> <span class='ocrx_word' id='word_1_288' title='bbox 3503 1531 3668 1590; x_wconf 89' lang='lat' dir='ltr'>modi</span> <span class='ocrx_word' id='word_1_289' title='bbox 3698 1547 3885 1602; x_wconf 83' lang='lat' dir='ltr'>regu-</span> 
     </span>
    </p>
   </div>
   <div class='ocr_carea' id='block_1_43' title="bbox 2207 1621 3886 1700">
    <p class='ocr_par' dir='ltr' id='par_1_43' title="bbox 2207 1621 3886 1700">
     <span class='ocr_line' id='line_1_43' title="bbox 2207 1621 3886 1700; baseline -0.004 -17"><span class='ocrx_word' id='word_1_290' title='bbox 2207 1627 2332 1684; x_wconf 89' lang='lat' dir='ltr'>lam</span> <span class='ocrx_word' id='word_1_291' title='bbox 2363 1631 2576 1684; x_wconf 88' lang='lat' dir='ltr'>servat.</span> <span class='ocrx_word' id='word_1_292' title='bbox 2612 1627 2807 1684; x_wconf 88' lang='lat' dir='ltr'>Tertia</span> <span class='ocrx_word' id='word_1_293' title='bbox 2837 1630 3124 1700; x_wconf 59' lang='lat' dir='ltr'>praeterea</span> <span class='ocrx_word' id='word_1_294' title='bbox 3156 1628 3370 1694; x_wconf 88' lang='lat' dir='ltr'>C,cum</span> <span class='ocrx_word' id='word_1_295' title='bbox 3391 1627 3528 1698; x_wconf 89' lang='lat' dir='ltr'>post</span> <span class='ocrx_word' id='word_1_296' title='bbox 3557 1639 3620 1680; x_wconf 86' lang='lat' dir='ltr'>se</span> <span class='ocrx_word' id='word_1_297' title='bbox 3645 1621 3886 1680; x_wconf 82' lang='lat' dir='ltr'>habeat</span> 
     </span>
    </p>
   </div>
   <div class='ocr_carea' id='block_1_44' title="bbox 2210 1711 3886 1786">
    <p class='ocr_par' dir='ltr' id='par_1_44' title="bbox 2210 1711 3886 1786">
     <span class='ocr_line' id='line_1_44' title="bbox 2210 1711 3886 1786; baseline -0.004 -14"><span class='ocrx_word' id='word_1_298' title='bbox 2210 1717 2594 1772; x_wconf 90' lang='lat' dir='ltr'>semitonium</span> <span class='ocrx_word' id='word_1_299' title='bbox 2623 1719 2679 1772; x_wconf 90' lang='lat' dir='ltr'>et</span> <span class='ocrx_word' id='word_1_300' title='bbox 2708 1715 2862 1772; x_wconf 93' lang='lat' dir='ltr'>duos</span> <span class='ocrx_word' id='word_1_301' title='bbox 2890 1720 3086 1786; x_wconf 90' lang='lat' dir='ltr'>tonos,</span> <span class='ocrx_word' id='word_1_302' title='bbox 3105 1718 3242 1772; x_wconf 88' lang='lat' dir='ltr'>ante</span> <span class='ocrx_word' id='word_1_303' title='bbox 3269 1731 3328 1769; x_wconf 89' lang='lat' dir='ltr'>se</span> <span class='ocrx_word' id='word_1_304' title='bbox 3349 1729 3491 1768; x_wconf 88' lang='lat' dir='ltr'>vero</span> <span class='ocrx_word' id='word_1_305' title='bbox 3515 1711 3670 1768; x_wconf 90' lang='lat' dir='ltr'>duos</span> <span class='ocrx_word' id='word_1_306' title='bbox 3695 1715 3886 1767; x_wconf 91' lang='lat' dir='ltr'>tonos</span> 
     </span>
    </p>
   </div>
   <div class='ocr_carea' id='block_1_45' title="bbox 2210 1799 3886 1876">
    <p class='ocr_par' dir='ltr' id='par_1_45' title="bbox 2210 1799 3886 1876">
     <span class='ocr_line' id='line_1_45' title="bbox 2210 1799 3886 1876; baseline -0.004 -14"><span class='ocrx_word' id='word_1_307' title='bbox 2210 1810 2268 1862; x_wconf 92' lang='lat' dir='ltr'>et</span> <span class='ocrx_word' id='word_1_308' title='bbox 2321 1805 2724 1876; x_wconf 90' lang='lat' dir='ltr'>semitonium,</span> <span class='ocrx_word' id='word_1_309' title='bbox 2759 1821 2829 1862; x_wconf 92' lang='lat' dir='ltr'>ac</span> <span class='ocrx_word' id='word_1_310' title='bbox 2871 1804 3090 1860; x_wconf 92' lang='lat' dir='ltr'>deinde</span> <span class='ocrx_word' id='word_1_311' title='bbox 3141 1809 3258 1862; x_wconf 89' lang='lat' dir='ltr'>tres</span> <span class='ocrx_word' id='word_1_312' title='bbox 3307 1807 3504 1871; x_wconf 86' lang='lat' dir='ltr'>tonos,</span> <span class='ocrx_word' id='word_1_313' title='bbox 3536 1801 3728 1874; x_wconf 85' lang='lat' dir='ltr'>quinti</span> <span class='ocrx_word' id='word_1_314' title='bbox 3783 1799 3886 1856; x_wconf 88' lang='lat' dir='ltr'>vel</span> 
     </span>
    </p>
   </div>
   <div class='ocr_carea' id='block_1_46' title="bbox 2212 1889 3888 1968">
    <p class='ocr_par' dir='ltr' id='par_1_46' title="bbox 2212 1889 3888 1968">
     <span class='ocr_line' id='line_1_46' title="bbox 2212 1889 3888 1968; baseline -0.003 -18"><span class='ocrx_word' id='word_1_315' title='bbox 2212 1895 2358 1950; x_wconf 77' lang='lat' dir='ltr'>sexti</span> <span class='ocrx_word' id='word_1_316' title='bbox 2383 1895 2742 1968; x_wconf 86' lang='lat' dir='ltr'>proprietate</span> <span class='ocrx_word' id='word_1_317' title='bbox 2772 1893 3029 1950; x_wconf 81' lang='lat' dir='ltr'>fulcitur.</span> <span class='ocrx_word' id='word_1_318' title='bbox 3057 1896 3186 1950; x_wconf 87' lang='lat' dir='ltr'>Jam</span> <span class='ocrx_word' id='word_1_319' title='bbox 3215 1908 3354 1948; x_wconf 85' lang='lat' dir='ltr'>vero</span> <span class='ocrx_word' id='word_1_320' title='bbox 3385 1895 3658 1948; x_wconf 80' lang='lat' dir='ltr'>octavam</span> <span class='ocrx_word' id='word_1_321' title='bbox 3687 1905 3724 1946; x_wconf 85' lang='grc' dir='ltr'><em>α</em></span> <span class='ocrx_word' id='word_1_322' title='bbox 3755 1889 3888 1964; x_wconf 86' lang='lat' dir='ltr'>pri-</span> 
     </span>
    </p>
   </div>
   <div class='ocr_carea' id='block_1_47' title="bbox 2209 1980 3886 2054">
    <p class='ocr_par' dir='ltr' id='par_1_47' title="bbox 2209 1980 3886 2054">
     <span class='ocr_line' id='line_1_47' title="bbox 2209 1980 3886 2054; baseline -0.002 -12"><span class='ocrx_word' id='word_1_323' title='bbox 2209 2003 2382 2042; x_wconf 90' lang='lat' dir='ltr'>mum</span> <span class='ocrx_word' id='word_1_324' title='bbox 2409 1986 2612 2042; x_wconf 88' lang='lat' dir='ltr'>locum</span> <span class='ocrx_word' id='word_1_325' title='bbox 2640 1990 2840 2042; x_wconf 88' lang='lat' dir='ltr'>tenere</span> <span class='ocrx_word' id='word_1_326' title='bbox 2877 1985 3136 2042; x_wconf 87' lang='lat' dir='ltr'>dicimus</span> <span class='ocrx_word' id='word_1_327' title='bbox 3163 1983 3246 2040; x_wconf 88' lang='lat' dir='ltr'>ad</span> <span class='ocrx_word' id='word_1_328' title='bbox 3277 1982 3724 2040; x_wconf 83' lang='lat' dir='ltr'>similitudinem</span> <span class='ocrx_word' id='word_1_329' title='bbox 3759 1980 3886 2054; x_wconf 75' lang='lat' dir='ltr'>pri-</span> 
     </span>
    </p>
   </div>
   <div class='ocr_carea' id='block_1_48' title="bbox 2212 2072 3886 2147">
    <p class='ocr_par' dir='ltr' id='par_1_48' title="bbox 2212 2072 3886 2147">
     <span class='ocr_line' id='line_1_48' title="bbox 2212 2072 3886 2147; baseline -0.001 -15"><span class='ocrx_word' id='word_1_330' title='bbox 2212 2092 2348 2146; x_wconf 67' lang='lat' dir='ltr'>mae,</span> <span class='ocrx_word' id='word_1_331' title='bbox 2401 2077 2573 2146; x_wconf 88' lang='lat' dir='ltr'>cujus</span> <span class='ocrx_word' id='word_1_332' title='bbox 2623 2079 2712 2132; x_wconf 88' lang='lat' dir='ltr'>est</span> <span class='ocrx_word' id='word_1_333' title='bbox 2757 2073 3072 2147; x_wconf 87' lang='lat' dir='ltr'>diapason.</span> <span class='ocrx_word' id='word_1_334' title='bbox 3123 2073 3408 2146; x_wconf 80' lang='lat' dir='ltr'>Alioquin</span> <span class='ocrx_word' id='word_1_335' title='bbox 3459 2072 3509 2128; x_wconf 87' lang='lat' dir='ltr'>si</span> <span class='ocrx_word' id='word_1_336' title='bbox 3557 2087 3690 2128; x_wconf 88' lang='lat' dir='ltr'>eam</span> <span class='ocrx_word' id='word_1_337' title='bbox 3729 2086 3886 2130; x_wconf 83' lang='lat' dir='ltr'>cum</span> 
     </span>
    </p>
   </div>
   <div class='ocr_carea' id='block_1_49' title="bbox 2211 2160 3886 2239">
    <p class='ocr_par' dir='ltr' id='par_1_49' title="bbox 2211 2160 3886 2239">
     <span class='ocr_line' id='line_1_49' title="bbox 2211 2160 3886 2239; baseline -0.002 -17"><span class='ocrx_word' id='word_1_338' title='bbox 2211 2167 2410 2239; x_wconf 85' lang='lat' dir='ltr'>prima</span> <span class='ocrx_word' id='word_1_339' title='bbox 2439 2181 2602 2222; x_wconf 87' lang='lat' dir='ltr'>nona</span> <span class='ocrx_word' id='word_1_340' title='bbox 2646 2166 2678 2220; x_wconf 87' lang='lat' dir='ltr'><strong><em>b</em></strong></span> <span class='ocrx_word' id='word_1_341' title='bbox 2713 2163 3074 2238; x_wconf 87' lang='lat' dir='ltr'>perpendas,</span> <span class='ocrx_word' id='word_1_342' title='bbox 3107 2163 3353 2222; x_wconf 83' lang='lat' dir='ltr'>habebit</span> <span class='ocrx_word' id='word_1_343' title='bbox 3387 2162 3448 2218; x_wconf 90' lang='lat' dir='ltr'>in</span> <span class='ocrx_word' id='word_1_344' title='bbox 3493 2160 3886 2235; x_wconf 77' lang='lat' dir='ltr'>depositione</span> 
     </span>
    </p>
   </div>
   <div class='ocr_carea' id='block_1_50' title="bbox 2213 2251 3886 2324">
    <p class='ocr_par' dir='ltr' id='par_1_50' title="bbox 2213 2251 3886 2324">
     <span class='ocr_line' id='line_1_50' title="bbox 2213 2251 3886 2324; baseline -0.002 -12"><span class='ocrx_word' id='word_1_345' title='bbox 2213 2259 2444 2324; x_wconf 85' lang='lat' dir='ltr'>tonum,</span> <span class='ocrx_word' id='word_1_346' title='bbox 2475 2255 2536 2310; x_wconf 92' lang='lat' dir='ltr'>in</span> <span class='ocrx_word' id='word_1_347' title='bbox 2565 2254 2895 2310; x_wconf 90' lang='lat' dir='ltr'>elevatione</span> <span class='ocrx_word' id='word_1_348' title='bbox 2923 2269 3068 2312; x_wconf 90' lang='lat' dir='ltr'>vero</span> <span class='ocrx_word' id='word_1_349' title='bbox 3109 2251 3516 2322; x_wconf 88' lang='lat' dir='ltr'>semitonium,</span> <span class='ocrx_word' id='word_1_350' title='bbox 3547 2255 3603 2308; x_wconf 88' lang='lat' dir='ltr'>et</span> <span class='ocrx_word' id='word_1_351' title='bbox 3633 2255 3754 2308; x_wconf 86' lang='lat' dir='ltr'>tres</span> <span class='ocrx_word' id='word_1_352' title='bbox 3789 2257 3886 2308; x_wconf 84' lang='lat' dir='ltr'>to-</span> 
     </span>
    </p>
   </div>
   <div class='ocr_carea' id='block_1_51' title="bbox 2211 2340 3887 2413">
    <p class='ocr_par' dir='ltr' id='par_1_51' title="bbox 2211 2340 3887 2413">
     <span class='ocr_line' id='line_1_51' title="bbox 2211 2340 3887 2413; baseline -0.003 -13"><span class='ocrx_word' id='word_1_353' title='bbox 2211 2361 2325 2400; x_wconf 88' lang='lat' dir='ltr'>nos</span> <span class='ocrx_word' id='word_1_354' title='bbox 2351 2345 2430 2401; x_wconf 87' lang='lat' dir='ltr'>ad</span> <span class='ocrx_word' id='word_1_355' title='bbox 2455 2344 2907 2400; x_wconf 84' lang='lat' dir='ltr'>similitudinem</span> <span class='ocrx_word' id='word_1_356' title='bbox 2937 2343 3108 2400; x_wconf 87' lang='lat' dir='ltr'>tertii.</span> <span class='ocrx_word' id='word_1_357' title='bbox 3127 2343 3326 2398; x_wconf 86' lang='lat' dir='ltr'>Prima</span> <span class='ocrx_word' id='word_1_358' title='bbox 3347 2358 3512 2398; x_wconf 88' lang='lat' dir='ltr'>nona</span> <span class='ocrx_word' id='word_1_359' title='bbox 3543 2341 3576 2396; x_wconf 93' lang='lat' dir='ltr'><strong><em>b</em></strong></span> <span class='ocrx_word' id='word_1_360' title='bbox 3597 2341 3662 2396; x_wconf 91' lang='lat' dir='ltr'>in</span> <span class='ocrx_word' id='word_1_361' title='bbox 3689 2340 3887 2413; x_wconf 85' lang='lat' dir='ltr'>depo-</span> 
     </span>
    </p>
   </div>
   <div class='ocr_carea' id='block_1_52' title="bbox 2212 2430 3886 2495">
    <p class='ocr_par' dir='ltr' id='par_1_52' title="bbox 2212 2430 3886 2495">
     <span class='ocr_line' id='line_1_52' title="bbox 2212 2430 3886 2495; baseline -0.001 -6"><span class='ocrx_word' id='word_1_362' title='bbox 2212 2435 2422 2492; x_wconf 86' lang='lat' dir='ltr'>sitione</span> <span class='ocrx_word' id='word_1_363' title='bbox 2444 2434 2704 2490; x_wconf 88' lang='lat' dir='ltr'>continet</span> <span class='ocrx_word' id='word_1_364' title='bbox 2726 2433 3112 2490; x_wconf 87' lang='lat' dir='ltr'>semitonium</span> <span class='ocrx_word' id='word_1_365' title='bbox 3135 2436 3193 2489; x_wconf 90' lang='lat' dir='ltr'>et</span> <span class='ocrx_word' id='word_1_366' title='bbox 3215 2436 3351 2490; x_wconf 91' lang='lat' dir='ltr'>tuos</span> <span class='ocrx_word' id='word_1_367' title='bbox 3384 2435 3580 2495; x_wconf 86' lang='lat' dir='ltr'>tonos,</span> <span class='ocrx_word' id='word_1_368' title='bbox 3605 2430 3688 2487; x_wconf 90' lang='lat' dir='ltr'>ad</span> <span class='ocrx_word' id='word_1_369' title='bbox 3716 2431 3886 2488; x_wconf 83' lang='lat' dir='ltr'>simi-</span> 
     </span>
    </p>
   </div>
   <div class='ocr_carea' id='block_1_53' title="bbox 2209 2521 3886 2594">
    <p class='ocr_par' dir='ltr' id='par_1_53' title="bbox 2209 2521 3886 2594">
     <span class='ocr_line' id='line_1_53' title="bbox 2209 2521 3886 2594; baseline 0 -14"><span class='ocrx_word' id='word_1_370' title='bbox 2209 2524 2524 2580; x_wconf 88' lang='lat' dir='ltr'>litudinem</span> <span class='ocrx_word' id='word_1_371' title='bbox 2555 2524 2738 2592; x_wconf 83' lang='lat' dir='ltr'>sexti;</span> <span class='ocrx_word' id='word_1_372' title='bbox 2787 2523 2850 2579; x_wconf 91' lang='lat' dir='ltr'>in</span> <span class='ocrx_word' id='word_1_373' title='bbox 2879 2523 3206 2580; x_wconf 84' lang='lat' dir='ltr'>elevatione</span> <span class='ocrx_word' id='word_1_374' title='bbox 3243 2539 3379 2582; x_wconf 85' lang='lat' dir='ltr'>vero</span> <span class='ocrx_word' id='word_1_375' title='bbox 3411 2522 3533 2580; x_wconf 88' lang='lat' dir='ltr'>sive</span> <span class='ocrx_word' id='word_1_376' title='bbox 3565 2521 3710 2594; x_wconf 86' lang='lat' dir='ltr'>quia</span> <span class='ocrx_word' id='word_1_377' title='bbox 3759 2525 3886 2580; x_wconf 83' lang='lat' dir='ltr'>tres</span> 
     </span>
    </p>
   </div>
   <div class='ocr_carea' id='block_1_54' title="bbox 449 2605 3886 2686">
    <p class='ocr_par' dir='ltr' id='par_1_54' title="bbox 449 2605 3886 2686">
     <span class='ocr_line' id='line_1_54' title="bbox 449 2605 3886 2686; baseline 0.001 -22"><span class='ocrx_word' id='word_1_378' title='bbox 449 2609 512 2664; x_wconf 90' lang='lat' dir='ltr'>in</span> <span class='ocrx_word' id='word_1_379' title='bbox 543 2613 600 2680; x_wconf 88' lang='lat' dir='ltr'>F,</span> <span class='ocrx_word' id='word_1_380' title='bbox 629 2613 727 2666; x_wconf 87' lang='lat' dir='ltr'>ut:</span> <span class='ocrx_word' id='word_1_381' title='bbox 755 2609 1015 2677; x_wconf 69' lang='lat' dir='ltr'>Zachae;</span> <span class='ocrx_word' id='word_1_382' title='bbox 1048 2609 1111 2664; x_wconf 92' lang='lat' dir='ltr'>in</span> <span class='ocrx_word' id='word_1_383' title='bbox 1131 2611 1194 2676; x_wconf 87' lang='lat' dir='ltr'>G,</span> <span class='ocrx_word' id='word_1_384' title='bbox 1229 2612 1330 2665; x_wconf 90' lang='lat' dir='ltr'>ut:</span> <span class='ocrx_word' id='word_1_385' title='bbox 1360 2609 1534 2666; x_wconf 64' lang='lat' dir='ltr'>Juda’</span> <span class='ocrx_word' id='word_1_386' title='bbox 1557 2615 1614 2665; x_wconf 81' lang='lat' dir='ltr'>et</span> <span class='ocrx_word' id='word_1_387' title='bbox 1633 2609 2012 2672; x_wconf 68' lang='lat' dir='ltr'>Jerusalem;</span> <span class='ocrx_word' id='word_1_388' title='bbox 2041 2608 2106 2664; x_wconf 91' lang='lat' dir='ltr'>in</span> <span class='ocrx_word' id='word_1_389' title='bbox 2143 2605 2183 2662; x_wconf 90' lang='lat' dir='ltr'>C</span> <span class='ocrx_word' id='word_1_390' title='bbox 2213 2614 2337 2670; x_wconf 86' lang='lat' dir='ltr'>toni</span> <span class='ocrx_word' id='word_1_391' title='bbox 2367 2617 2721 2686; x_wconf 88' lang='lat' dir='ltr'>sequuntur,</span> <span class='ocrx_word' id='word_1_392' title='bbox 2747 2613 2873 2670; x_wconf 83' lang='lat' dir='ltr'>sive</span> <span class='ocrx_word' id='word_1_393' title='bbox 2899 2613 3094 2683; x_wconf 88' lang='lat' dir='ltr'>magis</span> <span class='ocrx_word' id='word_1_394' title='bbox 3121 2613 3270 2686; x_wconf 86' lang='lat' dir='ltr'>quia</span> <span class='ocrx_word' id='word_1_395' title='bbox 3289 2612 3458 2670; x_wconf 88' lang='lat' dir='ltr'>nulla</span> <span class='ocrx_word' id='word_1_396' title='bbox 3490 2612 3886 2684; x_wconf 81' lang='lat' dir='ltr'>sequentium</span> 
     </span>
    </p>
   </div>
   <div class='ocr_carea' id='block_1_55' title="bbox 451 2697 2106 2768">
    <p class='ocr_par' dir='ltr' id='par_1_55' title="bbox 451 2697 2106 2768">
     <span class='ocr_line' id='line_1_55' title="bbox 451 2697 2106 2768; baseline 0.001 -16"><span class='ocrx_word' id='word_1_397' title='bbox 451 2711 510 2768; x_wconf 89' lang='lat' dir='ltr'>a,</span> <span class='ocrx_word' id='word_1_398' title='bbox 541 2700 641 2752; x_wconf 90' lang='lat' dir='ltr'>ut:</span> <span class='ocrx_word' id='word_1_399' title='bbox 675 2697 966 2768; x_wconf 80' lang='lat' dir='ltr'>Apertum</span> <span class='ocrx_word' id='word_1_400' title='bbox 987 2703 1072 2754; x_wconf 80' lang='lat' dir='ltr'>est</span> <span class='ocrx_word' id='word_1_401' title='bbox 1083 2710 1107 2768; x_wconf 84' lang='lat'>,°</span> <span class='ocrx_word' id='word_1_402' title='bbox 1132 2697 1194 2754; x_wconf 92' lang='lat' dir='ltr'>in</span> <span class='ocrx_word' id='word_1_403' title='bbox 1221 2713 1272 2764; x_wconf 89' lang='lat' dir='ltr'>c,</span> <span class='ocrx_word' id='word_1_404' title='bbox 1302 2700 1403 2753; x_wconf 90' lang='lat' dir='ltr'>ut:</span> <span class='ocrx_word' id='word_1_405' title='bbox 1435 2697 1589 2754; x_wconf 84' lang='lat' dir='ltr'>Ecce</span> <span class='ocrx_word' id='word_1_406' title='bbox 1617 2699 1869 2756; x_wconf 79' lang='lat' dir='ltr'>ancilla.</span> <span class='ocrx_word' id='word_1_407' title='bbox 1895 2703 1962 2754; x_wconf 90' lang='lat' dir='ltr'>1n</span> <span class='ocrx_word' id='word_1_408' title='bbox 1989 2698 2106 2754; x_wconf 86' lang='lat' dir='ltr'>hoc</span> 
     </span>
    </p>
   </div>
   <div class='ocr_carea' id='block_1_56' title="bbox 451 2785 2106 2859">
    <p class='ocr_par' dir='ltr' id='par_1_56' title="bbox 451 2785 2106 2859">
     <span class='ocr_line' id='line_1_56' title="bbox 451 2785 2106 2859; baseline 0.002 -18"><span class='ocrx_word' id='word_1_409' title='bbox 451 2790 653 2841; x_wconf 89' lang='lat' dir='ltr'>autem</span> <span class='ocrx_word' id='word_1_410' title='bbox 681 2785 862 2842; x_wconf 88' lang='lat' dir='ltr'>distat</span> <span class='ocrx_word' id='word_1_411' title='bbox 897 2791 1141 2842; x_wconf 88' lang='lat' dir='ltr'>octavus</span> <span class='ocrx_word' id='word_1_412' title='bbox 1169 2803 1208 2843; x_wconf 92' lang='lat' dir='ltr'>a</span> <span class='ocrx_word' id='word_1_413' title='bbox 1233 2785 1490 2858; x_wconf 90' lang='lat' dir='ltr'>septimo</span> <span class='ocrx_word' id='word_1_414' title='bbox 1520 2787 1686 2859; x_wconf 87' lang='lat' dir='ltr'>quod</span> <span class='ocrx_word' id='word_1_415' title='bbox 1716 2791 1964 2844; x_wconf 89' lang='lat' dir='ltr'>octavus</span> <span class='ocrx_word' id='word_1_416' title='bbox 1994 2787 2106 2844; x_wconf 83' lang='lat' dir='ltr'>ha-</span> 
     </span>
    </p>
   </div>
   <div class='ocr_carea' id='block_1_57' title="bbox 451 2874 2107 2948">
    <p class='ocr_par' dir='ltr' id='par_1_57' title="bbox 451 2874 2107 2948">
     <span class='ocr_line' id='line_1_57' title="bbox 451 2874 2107 2948; baseline 0.001 -18"><span class='ocrx_word' id='word_1_417' title='bbox 451 2874 550 2932; x_wconf 89' lang='lat' dir='ltr'>bet</span> <span class='ocrx_word' id='word_1_418' title='bbox 577 2875 810 2932; x_wconf 87' lang='lat' dir='ltr'>tertiam</span> <span class='ocrx_word' id='word_1_419' title='bbox 839 2879 900 2946; x_wconf 85' lang='lat' dir='ltr'>C,</span> <span class='ocrx_word' id='word_1_420' title='bbox 930 2879 1210 2948; x_wconf 88' lang='lat' dir='ltr'>quartam</span> <span class='ocrx_word' id='word_1_421' title='bbox 1240 2875 1304 2942; x_wconf 93' lang='lat' dir='ltr'>D,</span> <span class='ocrx_word' id='word_1_422' title='bbox 1338 2879 1396 2932; x_wconf 90' lang='lat' dir='ltr'>et</span> <span class='ocrx_word' id='word_1_423' title='bbox 1423 2875 1698 2948; x_wconf 88' lang='lat' dir='ltr'>quintam</span> <span class='ocrx_word' id='word_1_424' title='bbox 1729 2879 1768 2931; x_wconf 90' lang='lat' dir='ltr'><strong>E</strong></span> <span class='ocrx_word' id='word_1_425' title='bbox 1798 2893 1953 2948; x_wconf 90' lang='lat' dir='ltr'>quas</span> <span class='ocrx_word' id='word_1_426' title='bbox 1983 2891 2107 2932; x_wconf 92' lang='lat' dir='ltr'>non</span> 
     </span>
    </p>
   </div>
   <div class='ocr_carea' id='block_1_58' title="bbox 451 2965 2106 3040">
    <p class='ocr_par' dir='ltr' id='par_1_58' title="bbox 451 2965 2106 3040">
     <span class='ocr_line' id='line_1_58' title="bbox 451 2965 2106 3040; baseline 0.001 -20"><span class='ocrx_word' id='word_1_427' title='bbox 451 2965 634 3022; x_wconf 85' lang='lat' dir='ltr'>habet</span> <span class='ocrx_word' id='word_1_428' title='bbox 662 2966 950 3040; x_wconf 87' lang='lat' dir='ltr'>septimus</span> <span class='ocrx_word' id='word_1_429' title='bbox 975 2984 988 3034; x_wconf 89' lang='lat'><strong>;</strong></span> <span class='ocrx_word' id='word_1_430' title='bbox 1019 2971 1076 3022; x_wconf 90' lang='lat' dir='ltr'>et</span> <span class='ocrx_word' id='word_1_431' title='bbox 1103 2966 1398 3039; x_wconf 86' lang='lat' dir='ltr'>septimus</span> <span class='ocrx_word' id='word_1_432' title='bbox 1443 2966 1625 3022; x_wconf 80' lang='lat' dir='ltr'>habet</span> <span class='ocrx_word' id='word_1_433' title='bbox 1663 2965 1962 3023; x_wconf 84' lang='lat' dir='ltr'>decimam</span> <span class='ocrx_word' id='word_1_434' title='bbox 1992 2971 2106 3022; x_wconf 87' lang='lat' dir='ltr'>ter-</span> 
     </span>
    </p>
   </div>
   <div class='ocr_carea' id='block_1_59' title="bbox 453 3053 2107 3128">
    <p class='ocr_par' dir='ltr' id='par_1_59' title="bbox 453 3053 2107 3128">
     <span class='ocr_line' id='line_1_59' title="bbox 453 3053 2107 3128; baseline 0.001 -18"><span class='ocrx_word' id='word_1_435' title='bbox 453 3053 599 3110; x_wconf 89' lang='lat' dir='ltr'>tiam</span> <span class='ocrx_word' id='word_1_436' title='bbox 615 3055 660 3124; x_wconf 85' lang='lat' dir='ltr'><strong><em>f</em></strong></span> <span class='ocrx_word' id='word_1_437' title='bbox 681 3058 737 3112; x_wconf 88' lang='lat' dir='ltr'>et</span> <span class='ocrx_word' id='word_1_438' title='bbox 765 3054 1064 3112; x_wconf 89' lang='lat' dir='ltr'>decimam</span> <span class='ocrx_word' id='word_1_439' title='bbox 1093 3059 1372 3127; x_wconf 85' lang='lat' dir='ltr'>quartam</span> <span class='ocrx_word' id='word_1_440' title='bbox 1399 3071 1461 3128; x_wconf 83' lang='lat' dir='ltr'>g,</span> <span class='ocrx_word' id='word_1_441' title='bbox 1493 3070 1646 3128; x_wconf 89' lang='lat' dir='ltr'>quas</span> <span class='ocrx_word' id='word_1_442' title='bbox 1671 3055 1806 3126; x_wconf 90' lang='lat' dir='ltr'>jure</span> <span class='ocrx_word' id='word_1_443' title='bbox 1831 3071 1958 3112; x_wconf 90' lang='lat' dir='ltr'>non</span> <span class='ocrx_word' id='word_1_444' title='bbox 1997 3055 2107 3112; x_wconf 88' lang='lat' dir='ltr'>ha-</span> 
     </span>
    </p>
   </div>
   <div class='ocr_carea' id='block_1_60' title="bbox 453 3143 850 3202">
    <p class='ocr_par' dir='ltr' id='par_1_60' title="bbox 453 3143 850 3202">
     <span class='ocr_line' id='line_1_60' title="bbox 453 3143 850 3202; baseline 0 -3"><span class='ocrx_word' id='word_1_445' title='bbox 453 3143 553 3200; x_wconf 90' lang='lat' dir='ltr'>bet</span> <span class='ocrx_word' id='word_1_446' title='bbox 581 3149 850 3202; x_wconf 89' lang='lat' dir='ltr'>octavus.</span> 
     </span>
    </p>
   </div>
   <div class='ocr_carea' id='block_1_61' title="bbox 523 3233 2110 3308">
    <p class='ocr_par' dir='ltr' id='par_1_61' title="bbox 523 3233 2110 3308">
     <span class='ocr_line' id='line_1_61' title="bbox 523 3233 2110 3308; baseline -0.001 -16"><span class='ocrx_word' id='word_1_447' title='bbox 523 3237 680 3292; x_wconf 88' lang='lat' dir='ltr'>Sane</span> <span class='ocrx_word' id='word_1_448' title='bbox 705 3235 770 3290; x_wconf 94' lang='lat' dir='ltr'>in</span> <span class='ocrx_word' id='word_1_449' title='bbox 812 3234 905 3290; x_wconf 89' lang='lat' dir='ltr'>his</span> <span class='ocrx_word' id='word_1_450' title='bbox 939 3233 1216 3292; x_wconf 89' lang='lat' dir='ltr'>cantibus</span> <span class='ocrx_word' id='word_1_451' title='bbox 1243 3234 1349 3306; x_wconf 92' lang='lat' dir='ltr'>qui</span> <span class='ocrx_word' id='word_1_452' title='bbox 1391 3233 1544 3290; x_wconf 89' lang='lat' dir='ltr'>inter</span> <span class='ocrx_word' id='word_1_453' title='bbox 1573 3234 1769 3292; x_wconf 88' lang='lat' dir='ltr'>octavi</span> <span class='ocrx_word' id='word_1_454' title='bbox 1791 3235 2110 3308; x_wconf 87' lang='lat' dir='ltr'>depositio-</span> 
     </span>
    </p>
   </div>
   <div class='ocr_carea' id='block_1_62' title="bbox 453 3323 2108 3396">
    <p class='ocr_par' dir='ltr' id='par_1_62' title="bbox 453 3323 2108 3396">
     <span class='ocr_line' id='line_1_62' title="bbox 453 3323 2108 3396; baseline 0.001 -17"><span class='ocrx_word' id='word_1_455' title='bbox 453 3340 594 3380; x_wconf 89' lang='lat' dir='ltr'>nem</span> <span class='ocrx_word' id='word_1_456' title='bbox 621 3327 680 3378; x_wconf 89' lang='lat' dir='ltr'>et</span> <span class='ocrx_word' id='word_1_457' title='bbox 701 3323 940 3396; x_wconf 87' lang='lat' dir='ltr'>septimi</span> <span class='ocrx_word' id='word_1_458' title='bbox 967 3323 1359 3380; x_wconf 88' lang='lat' dir='ltr'>elevationem</span> <span class='ocrx_word' id='word_1_459' title='bbox 1383 3323 1570 3380; x_wconf 87' lang='lat' dir='ltr'>medii</span> <span class='ocrx_word' id='word_1_460' title='bbox 1599 3328 1755 3391; x_wconf 89' lang='lat' dir='ltr'>sunt,</span> <span class='ocrx_word' id='word_1_461' title='bbox 1791 3327 1856 3380; x_wconf 90' lang='lat' dir='ltr'>ut</span> <span class='ocrx_word' id='word_1_462' title='bbox 1881 3324 1944 3380; x_wconf 91' lang='lat' dir='ltr'>in</span> <span class='ocrx_word' id='word_1_463' title='bbox 1969 3324 2108 3380; x_wconf 90' lang='lat' dir='ltr'>reli-</span> 
     </span>
    </p>
   </div>
   <div class='ocr_carea' id='block_1_63' title="bbox 454 3411 2108 3485">
    <p class='ocr_par' dir='ltr' id='par_1_63' title="bbox 454 3411 2108 3485">
     <span class='ocr_line' id='line_1_63' title="bbox 454 3411 2108 3485; baseline 0 -17"><span class='ocrx_word' id='word_1_464' title='bbox 454 3413 588 3485; x_wconf 90' lang='lat' dir='ltr'>quis</span> <span class='ocrx_word' id='word_1_465' title='bbox 618 3428 861 3485; x_wconf 87' lang='lat' dir='ltr'>quoque</span> <span class='ocrx_word' id='word_1_466' title='bbox 889 3412 1086 3467; x_wconf 90' lang='lat' dir='ltr'>modis</span> <span class='ocrx_word' id='word_1_467' title='bbox 1115 3411 1342 3468; x_wconf 85' lang='lat' dir='ltr'>dictum</span> <span class='ocrx_word' id='word_1_468' title='bbox 1371 3416 1481 3482; x_wconf 91' lang='lat' dir='ltr'>est,</span> <span class='ocrx_word' id='word_1_469' title='bbox 1513 3413 1850 3470; x_wconf 87' lang='lat' dir='ltr'>secundum</span> <span class='ocrx_word' id='word_1_470' title='bbox 1879 3413 2108 3468; x_wconf 90' lang='lat' dir='ltr'>formu-</span> 
     </span>
    </p>
   </div>
   <div class='ocr_carea' id='block_1_64' title="bbox 453 3500 2108 3573">
    <p class='ocr_par' dir='ltr' id='par_1_64' title="bbox 453 3500 2108 3573">
     <span class='ocr_line' id='line_1_64' title="bbox 453 3500 2108 3573; baseline 0.001 -17"><span class='ocrx_word' id='word_1_471' title='bbox 453 3501 650 3558; x_wconf 90' lang='lat' dir='ltr'>larum</span> <span class='ocrx_word' id='word_1_472' title='bbox 674 3501 1007 3568; x_wconf 86' lang='lat' dir='ltr'>varietates,</span> <span class='ocrx_word' id='word_1_473' title='bbox 1031 3500 1090 3555; x_wconf 92' lang='lat' dir='ltr'>in</span> <span class='ocrx_word' id='word_1_474' title='bbox 1119 3516 1244 3573; x_wconf 90' lang='lat' dir='ltr'>quo</span> <span class='ocrx_word' id='word_1_475' title='bbox 1274 3505 1416 3558; x_wconf 91' lang='lat' dir='ltr'>tono</span> <span class='ocrx_word' id='word_1_476' title='bbox 1441 3507 1746 3568; x_wconf 87' lang='lat' dir='ltr'>maneant,</span> <span class='ocrx_word' id='word_1_477' title='bbox 1769 3503 2108 3560; x_wconf 88' lang='lat' dir='ltr'>discernen-</span> 
     </span>
    </p>
   </div>
   <div class='ocr_carea' id='block_1_65' title="bbox 456 3589 2109 3662">
    <p class='ocr_par' dir='ltr' id='par_1_65' title="bbox 456 3589 2109 3662">
     <span class='ocr_line' id='line_1_65' title="bbox 456 3589 2109 3662; baseline 0 -16"><span class='ocrx_word' id='word_1_478' title='bbox 456 3595 570 3646; x_wconf 90' lang='lat' dir='ltr'>tur.</span> <span class='ocrx_word' id='word_1_479' title='bbox 599 3593 702 3644; x_wconf 89' lang='lat' dir='ltr'>Per</span> <span class='ocrx_word' id='word_1_480' title='bbox 731 3590 896 3662; x_wconf 89' lang='lat' dir='ltr'>ipsas</span> <span class='ocrx_word' id='word_1_481' title='bbox 927 3589 1088 3644; x_wconf 88' lang='lat' dir='ltr'>enim</span> <span class='ocrx_word' id='word_1_482' title='bbox 1110 3589 1422 3646; x_wconf 86' lang='lat' dir='ltr'>varietates</span> <span class='ocrx_word' id='word_1_483' title='bbox 1448 3590 1920 3662; x_wconf 89' lang='lat' dir='ltr'>uniuscujusque</span> <span class='ocrx_word' id='word_1_484' title='bbox 1944 3591 2109 3648; x_wconf 80' lang='lat' dir='ltr'>modi</span> 
     </span>
    </p>
   </div>
   <div class='ocr_carea' id='block_1_66' title="bbox 455 3678 1396 3751">
    <p class='ocr_par' dir='ltr' id='par_1_66' title="bbox 455 3678 1396 3751">
     <span class='ocr_line' id='line_1_66' title="bbox 455 3678 1396 3751; baseline 0 -17"><span class='ocrx_word' id='word_1_485' title='bbox 455 3678 750 3751; x_wconf 90' lang='lat' dir='ltr'>principia</span> <span class='ocrx_word' id='word_1_486' title='bbox 777 3678 1007 3751; x_wconf 91' lang='lat' dir='ltr'>liquido</span> <span class='ocrx_word' id='word_1_487' title='bbox 1037 3678 1396 3751; x_wconf 89' lang='lat' dir='ltr'>pervidebis.</span> 
     </span>
    </p>
   </div>
   <div class='ocr_carea' id='block_1_67' title="bbox 527 3769 2110 3842">
    <p class='ocr_par' dir='ltr' id='par_1_67' title="bbox 527 3769 2110 3842">
     <span class='ocr_line' id='line_1_67' title="bbox 527 3769 2110 3842; baseline 0.003 -20"><span class='ocrx_word' id='word_1_488' title='bbox 527 3771 596 3823; x_wconf 91' lang='lat' dir='ltr'>D.</span> <span class='ocrx_word' id='word_1_489' title='bbox 631 3771 784 3824; x_wconf 89' lang='lat' dir='ltr'>Dum</span> <span class='ocrx_word' id='word_1_490' title='bbox 804 3769 902 3825; x_wconf 88' lang='lat' dir='ltr'>vix</span> <span class='ocrx_word' id='word_1_491' title='bbox 930 3786 1159 3842; x_wconf 90' lang='lat' dir='ltr'>paucos</span> <span class='ocrx_word' id='word_1_492' title='bbox 1207 3773 1416 3824; x_wconf 89' lang='lat' dir='ltr'>cantus</span> <span class='ocrx_word' id='word_1_493' title='bbox 1443 3769 1536 3826; x_wconf 89' lang='lat' dir='ltr'>his</span> <span class='ocrx_word' id='word_1_494' title='bbox 1563 3770 1786 3841; x_wconf 87' lang='lat' dir='ltr'>regulis</span> <span class='ocrx_word' id='word_1_495' title='bbox 1817 3771 2110 3827; x_wconf 83' lang='lat' dir='ltr'>contraire</span> 
     </span>
    </p>
   </div>
   <div class='ocr_carea' id='block_1_68' title="bbox 453 3859 2104 3933">
    <p class='ocr_par' dir='ltr' id='par_1_68' title="bbox 453 3859 2104 3933">
     <span class='ocr_line' id='line_1_68' title="bbox 453 3859 2104 3933; baseline 0.001 -19"><span class='ocrx_word' id='word_1_496' title='bbox 453 3859 735 3930; x_wconf 81' lang='lat' dir='ltr'>invenio;</span> <span class='ocrx_word' id='word_1_497' title='bbox 784 3875 1115 3933; x_wconf 89' lang='lat' dir='ltr'>eorumque</span> <span class='ocrx_word' id='word_1_498' title='bbox 1162 3860 1526 3932; x_wconf 88' lang='lat' dir='ltr'>paucitatem</span> <span class='ocrx_word' id='word_1_499' title='bbox 1575 3865 1652 3926; x_wconf 91' lang='lat' dir='ltr'>et,</span> <span class='ocrx_word' id='word_1_500' title='bbox 1685 3865 1750 3916; x_wconf 91' lang='lat' dir='ltr'>ut</span> <span class='ocrx_word' id='word_1_501' title='bbox 1777 3861 1857 3917; x_wconf 88' lang='lat' dir='ltr'>ita</span> <span class='ocrx_word' id='word_1_502' title='bbox 1887 3860 2104 3930; x_wconf 89' lang='lat' dir='ltr'>dicam,</span> 
     </span>
    </p>
   </div>
   <div class='ocr_carea' id='block_1_69' title="bbox 2213 2701 3887 2775">
    <p class='ocr_par' dir='ltr' id='par_1_69' title="bbox 2213 2701 3887 2775">
     <span class='ocr_line' id='line_1_69' title="bbox 2213 2701 3887 2775; baseline -0.001 -15"><span class='ocrx_word' id='word_1_503' title='bbox 2213 2704 2586 2760; x_wconf 84' lang='lat' dir='ltr'>diatessaron</span> <span class='ocrx_word' id='word_1_504' title='bbox 2613 2703 2668 2758; x_wconf 91' lang='lat' dir='ltr'>ei</span> <span class='ocrx_word' id='word_1_505' title='bbox 2697 2703 2940 2760; x_wconf 88' lang='lat' dir='ltr'>caritate</span> <span class='ocrx_word' id='word_1_506' title='bbox 2969 2701 3378 2773; x_wconf 88' lang='lat' dir='ltr'>conjungitur,</span> <span class='ocrx_word' id='word_1_507' title='bbox 3409 2719 3548 2775; x_wconf 69' lang='lat' dir='ltr'>quae</span> <span class='ocrx_word' id='word_1_508' title='bbox 3577 2701 3887 2774; x_wconf 85' lang='lat' dir='ltr'>principa-</span> 
     </span>
    </p>
   </div>
   <div class='ocr_carea' id='block_1_70' title="bbox 2212 2790 3886 2862">
    <p class='ocr_par' dir='ltr' id='par_1_70' title="bbox 2212 2790 3886 2862">
     <span class='ocr_line' id='line_1_70' title="bbox 2212 2790 3886 2862; baseline -0.001 -14"><span class='ocrx_word' id='word_1_509' title='bbox 2212 2793 2282 2848; x_wconf 89' lang='lat' dir='ltr'>lis</span> <span class='ocrx_word' id='word_1_510' title='bbox 2307 2798 2395 2850; x_wconf 88' lang='lat' dir='ltr'>est</span> <span class='ocrx_word' id='word_1_511' title='bbox 2424 2791 2838 2860; x_wconf 85' lang='lat' dir='ltr'>consonantia,</span> <span class='ocrx_word' id='word_1_512' title='bbox 2865 2791 3087 2848; x_wconf 91' lang='lat' dir='ltr'>nullius</span> <span class='ocrx_word' id='word_1_513' title='bbox 3126 2791 3250 2848; x_wconf 85' lang='lat' dir='ltr'>toni</span> <span class='ocrx_word' id='word_1_514' title='bbox 3293 2791 3632 2862; x_wconf 81' lang='lat' dir='ltr'>regularem</span> <span class='ocrx_word' id='word_1_515' title='bbox 3677 2790 3886 2848; x_wconf 85' lang='lat' dir='ltr'>simili-</span> 
     </span>
    </p>
   </div>
   <div class='ocr_carea' id='block_1_71' title="bbox 2215 2881 3886 2955">
    <p class='ocr_par' dir='ltr' id='par_1_71' title="bbox 2215 2881 3886 2955">
     <span class='ocr_line' id='line_1_71' title="bbox 2215 2881 3886 2955; baseline 0 -17"><span class='ocrx_word' id='word_1_516' title='bbox 2215 2883 2482 2939; x_wconf 88' lang='lat' dir='ltr'>tudinem</span> <span class='ocrx_word' id='word_1_517' title='bbox 2511 2885 2686 2939; x_wconf 81' lang='lat' dir='ltr'>tenet.</span> <span class='ocrx_word' id='word_1_518' title='bbox 2721 2885 2922 2955; x_wconf 88' lang='lat' dir='ltr'>Neque</span> <span class='ocrx_word' id='word_1_519' title='bbox 2949 2881 3132 2939; x_wconf 87' lang='lat' dir='ltr'>etiam</span> <span class='ocrx_word' id='word_1_520' title='bbox 3163 2897 3272 2954; x_wconf 92' lang='lat' dir='ltr'>per</span> <span class='ocrx_word' id='word_1_521' title='bbox 3299 2881 3600 2954; x_wconf 85' lang='lat' dir='ltr'>diapason</span> <span class='ocrx_word' id='word_1_522' title='bbox 3621 2895 3660 2938; x_wconf 87' lang='lat' dir='ltr'>a</span> <span class='ocrx_word' id='word_1_523' title='bbox 3685 2887 3886 2953; x_wconf 82' lang='lat' dir='ltr'>postc-</span> 
     </span>
    </p>
   </div>
   <div class='ocr_carea' id='block_1_72' title="bbox 2215 2971 3886 3044">
    <p class='ocr_par' dir='ltr' id='par_1_72' title="bbox 2215 2971 3886 3044">
     <span class='ocr_line' id='line_1_72' title="bbox 2215 2971 3886 3044; baseline 0 -17"><span class='ocrx_word' id='word_1_524' title='bbox 2215 2973 2470 3029; x_wconf 89' lang='lat' dir='ltr'>rioribus</span> <span class='ocrx_word' id='word_1_525' title='bbox 2497 2972 2626 3028; x_wconf 84' lang='lat' dir='ltr'>ﬁeri</span> <span class='ocrx_word' id='word_1_526' title='bbox 2645 2975 2873 3044; x_wconf 88' lang='lat' dir='ltr'>potest;</span> <span class='ocrx_word' id='word_1_527' title='bbox 2901 2971 3157 3044; x_wconf 88' lang='lat' dir='ltr'>ideoque</span> <span class='ocrx_word' id='word_1_528' title='bbox 3185 2986 3384 3044; x_wconf 88' lang='lat' dir='ltr'>neque</span> <span class='ocrx_word' id='word_1_529' title='bbox 3403 2975 3656 3027; x_wconf 89' lang='lat' dir='ltr'>cantum</span> <span class='ocrx_word' id='word_1_530' title='bbox 3677 2985 3886 3043; x_wconf 80' lang='lat' dir='ltr'>neque</span> 
     </span>
    </p>
   </div>
   <div class='ocr_carea' id='block_1_73' title="bbox 2215 3059 3884 3134">
    <p class='ocr_par' dir='ltr' id='par_1_73' title="bbox 2215 3059 3884 3134">
     <span class='ocr_line' id='line_1_73' title="bbox 2215 3059 3884 3134; baseline 0 -17"><span class='ocrx_word' id='word_1_531' title='bbox 2215 3061 2657 3117; x_wconf 85' lang='lat' dir='ltr'>distinctionem</span> <span class='ocrx_word' id='word_1_532' title='bbox 2685 3062 2748 3116; x_wconf 92' lang='lat' dir='ltr'>in</span> <span class='ocrx_word' id='word_1_533' title='bbox 2793 3076 2866 3116; x_wconf 90' lang='lat' dir='ltr'>ea</span> <span class='ocrx_word' id='word_1_534' title='bbox 2893 3059 3256 3134; x_wconf 89' lang='lat' dir='ltr'>principium</span> <span class='ocrx_word' id='word_1_535' title='bbox 3285 3060 3380 3116; x_wconf 86' lang='lat' dir='ltr'>vel</span> <span class='ocrx_word' id='word_1_536' title='bbox 3417 3059 3602 3116; x_wconf 88' lang='lat' dir='ltr'>ﬁnem</span> <span class='ocrx_word' id='word_1_537' title='bbox 3647 3059 3884 3118; x_wconf 80' lang='lat' dir='ltr'>habere</span> 
     </span>
    </p>
   </div>
   <div class='ocr_carea' id='block_1_74' title="bbox 2215 3149 3089 3222">
    <p class='ocr_par' dir='ltr' id='par_1_74' title="bbox 2215 3149 3089 3222">
     <span class='ocr_line' id='line_1_74' title="bbox 2215 3149 3089 3222; baseline -0.003 -16"><span class='ocrx_word' id='word_1_538' title='bbox 2215 3149 2522 3222; x_wconf 82' lang='lat' dir='ltr'>probabis,</span> <span class='ocrx_word' id='word_1_539' title='bbox 2555 3149 2670 3205; x_wconf 87' lang='lat' dir='ltr'>nisi</span> <span class='ocrx_word' id='word_1_540' title='bbox 2697 3149 2842 3205; x_wconf 87' lang='lat' dir='ltr'>vitio</span> <span class='ocrx_word' id='word_1_541' title='bbox 2871 3149 2936 3204; x_wconf 90' lang='lat' dir='ltr'>id</span> <span class='ocrx_word' id='word_1_542' title='bbox 2963 3149 3089 3206; x_wconf 84' lang='lat' dir='ltr'>ﬁat.</span> 
     </span>
    </p>
   </div>
   <div class='ocr_carea' id='block_1_75' title="bbox 2283 3253 3886 3320">
    <p class='ocr_par' dir='ltr' id='par_1_75' title="bbox 2283 3253 3886 3320">
     <span class='ocr_line' id='line_1_75' title="bbox 2283 3253 3886 3320; baseline -0.001 -10"><span class='ocrx_word' id='word_1_543' title='bbox 2283 3254 2560 3312; x_wconf 88' lang='lat' dir='ltr'>Secunda</span> <span class='ocrx_word' id='word_1_544' title='bbox 2585 3271 2747 3311; x_wconf 91' lang='lat' dir='ltr'>nona</span> <span class='ocrx_word' id='word_1_545' title='bbox 2773 3261 2805 3320; x_wconf 58' lang='grc' dir='ltr'>π</span> <span class='ocrx_word' id='word_1_546' title='bbox 2833 3254 2912 3311; x_wconf 87' lang='lat' dir='ltr'>ad</span> <span class='ocrx_word' id='word_1_547' title='bbox 2939 3254 3392 3312; x_wconf 89' lang='lat' dir='ltr'>similitudinem</span> <span class='ocrx_word' id='word_1_548' title='bbox 3413 3253 3696 3310; x_wconf 68' lang='lat' dir='ltr'>secundm</span> <span class='ocrx_word' id='word_1_549' title='bbox 3717 3254 3886 3310; x_wconf 81' lang='lat' dir='ltr'>vocis</span> 
     </span>
    </p>
   </div>
   <div class='ocr_carea' id='block_1_76' title="bbox 2219 3343 3886 3418">
    <p class='ocr_par' dir='ltr' id='par_1_76' title="bbox 2219 3343 3886 3418">
     <span class='ocr_line' id='line_1_76' title="bbox 2219 3343 3886 3418; baseline -0.001 -16"><span class='ocrx_word' id='word_1_550' title='bbox 2219 3347 2280 3415; x_wconf 89' lang='grc' dir='ltr'><strong>Β,</strong></span> <span class='ocrx_word' id='word_1_551' title='bbox 2310 3361 2346 3402; x_wconf 91' lang='lat' dir='ltr'>a</span> <span class='ocrx_word' id='word_1_552' title='bbox 2383 3361 2505 3418; x_wconf 90' lang='lat' dir='ltr'>qua</span> <span class='ocrx_word' id='word_1_553' title='bbox 2533 3361 2642 3418; x_wconf 89' lang='lat' dir='ltr'>per</span> <span class='ocrx_word' id='word_1_554' title='bbox 2669 3344 2964 3416; x_wconf 91' lang='lat' dir='ltr'>diapason</span> <span class='ocrx_word' id='word_1_555' title='bbox 2991 3344 3147 3402; x_wconf 87' lang='lat' dir='ltr'>facta</span> <span class='ocrx_word' id='word_1_556' title='bbox 3184 3348 3293 3412; x_wconf 90' lang='lat' dir='ltr'>est,</span> <span class='ocrx_word' id='word_1_557' title='bbox 3325 3344 3522 3416; x_wconf 86' lang='lat' dir='ltr'>quarti</span> <span class='ocrx_word' id='word_1_558' title='bbox 3545 3343 3886 3413; x_wconf 82' lang='lat' dir='ltr'>imaginem</span> 
     </span>
    </p>
   </div>
   <div class='ocr_carea' id='block_1_77' title="bbox 2215 3434 3884 3493">
    <p class='ocr_par' dir='ltr' id='par_1_77' title="bbox 2215 3434 3884 3493">
     <span class='ocr_line' id='line_1_77' title="bbox 2215 3434 3884 3493; baseline -0.001 -1"><span class='ocrx_word' id='word_1_559' title='bbox 2215 3439 2392 3493; x_wconf 89' lang='lat' dir='ltr'>tenet.</span> <span class='ocrx_word' id='word_1_560' title='bbox 2429 3436 2671 3491; x_wconf 89' lang='lat' dir='ltr'>Decima</span> <span class='ocrx_word' id='word_1_561' title='bbox 2717 3451 2858 3492; x_wconf 90' lang='lat' dir='ltr'>vero</span> <span class='ocrx_word' id='word_1_562' title='bbox 2902 3451 2932 3490; x_wconf 89' lang='lat' dir='ltr'>c</span> <span class='ocrx_word' id='word_1_563' title='bbox 2981 3436 3060 3492; x_wconf 90' lang='lat' dir='ltr'>ad</span> <span class='ocrx_word' id='word_1_564' title='bbox 3103 3434 3554 3492; x_wconf 87' lang='lat' dir='ltr'>similitudinem</span> <span class='ocrx_word' id='word_1_565' title='bbox 3599 3435 3788 3492; x_wconf 64' lang='lat' dir='ltr'>tertia</span> <span class='ocrx_word' id='word_1_566' title='bbox 3839 3437 3884 3490; x_wconf 76' lang='grc' dir='ltr'><strong>Ο</strong></span> 
     </span>
    </p>
   </div>
   <div class='ocr_carea' id='block_1_78' title="bbox 2217 3523 3884 3596">
    <p class='ocr_par' dir='ltr' id='par_1_78' title="bbox 2217 3523 3884 3596">
     <span class='ocr_line' id='line_1_78' title="bbox 2217 3523 3884 3596; baseline 0.001 -16"><span class='ocrx_word' id='word_1_567' title='bbox 2217 3525 2543 3580; x_wconf 87' lang='lat' dir='ltr'>concordat</span> <span class='ocrx_word' id='word_1_568' title='bbox 2569 3524 2842 3596; x_wconf 85' lang='lat' dir='ltr'>septimo.</span> <span class='ocrx_word' id='word_1_569' title='bbox 2877 3523 3033 3580; x_wconf 76' lang='lat' dir='ltr'>Alias</span> <span class='ocrx_word' id='word_1_570' title='bbox 3063 3531 3264 3580; x_wconf 90' lang='lat' dir='ltr'>autem</span> <span class='ocrx_word' id='word_1_571' title='bbox 3313 3525 3361 3579; x_wconf 88' lang='lat' dir='ltr'>si</span> <span class='ocrx_word' id='word_1_572' title='bbox 3395 3523 3664 3580; x_wconf 88' lang='lat' dir='ltr'>secunda</span> <span class='ocrx_word' id='word_1_573' title='bbox 3715 3539 3884 3582; x_wconf 74' lang='lat' dir='ltr'>nona</span> 
     </span>
    </p>
   </div>
   <div class='ocr_carea' id='block_1_79' title="bbox 2217 3611 3886 3685">
    <p class='ocr_par' dir='ltr' id='par_1_79' title="bbox 2217 3611 3886 3685">
     <span class='ocr_line' id='line_1_79' title="bbox 2217 3611 3886 3685; baseline 0 -18"><span class='ocrx_word' id='word_1_574' title='bbox 2217 3616 2240 3680; x_wconf 62' lang='grc' dir='ltr'>ὴ</span> <span class='ocrx_word' id='word_1_575' title='bbox 2269 3613 2552 3684; x_wconf 90' lang='lat' dir='ltr'>privetur,</span> <span class='ocrx_word' id='word_1_576' title='bbox 2579 3612 2825 3669; x_wconf 90' lang='lat' dir='ltr'>habebit</span> <span class='ocrx_word' id='word_1_577' title='bbox 2871 3617 3006 3685; x_wconf 88' lang='lat' dir='ltr'>post</span> <span class='ocrx_word' id='word_1_578' title='bbox 3037 3629 3098 3668; x_wconf 90' lang='lat' dir='ltr'>se</span> <span class='ocrx_word' id='word_1_579' title='bbox 3141 3617 3374 3682; x_wconf 89' lang='lat' dir='ltr'>tonum,</span> <span class='ocrx_word' id='word_1_580' title='bbox 3407 3611 3796 3668; x_wconf 87' lang='lat' dir='ltr'>semitonium</span> <span class='ocrx_word' id='word_1_581' title='bbox 3825 3615 3886 3668; x_wconf 76' lang='lat' dir='ltr'>et</span> 
     </span>
    </p>
   </div>
   <div class='ocr_carea' id='block_1_80' title="bbox 2217 3701 3880 3770">
    <p class='ocr_par' dir='ltr' id='par_1_80' title="bbox 2217 3701 3880 3770">
     <span class='ocr_line' id='line_1_80' title="bbox 2217 3701 3880 3770; baseline 0 -13"><span class='ocrx_word' id='word_1_582' title='bbox 2217 3703 2370 3757; x_wconf 92' lang='lat' dir='ltr'>duos</span> <span class='ocrx_word' id='word_1_583' title='bbox 2394 3705 2587 3770; x_wconf 88' lang='lat' dir='ltr'>tonos,</span> <span class='ocrx_word' id='word_1_584' title='bbox 2610 3707 2744 3758; x_wconf 89' lang='lat' dir='ltr'>ante</span> <span class='ocrx_word' id='word_1_585' title='bbox 2767 3717 2828 3757; x_wconf 90' lang='lat' dir='ltr'>se</span> <span class='ocrx_word' id='word_1_586' title='bbox 2851 3717 2994 3758; x_wconf 90' lang='lat' dir='ltr'>vero</span> <span class='ocrx_word' id='word_1_587' title='bbox 3021 3702 3175 3758; x_wconf 88' lang='lat' dir='ltr'>duos</span> <span class='ocrx_word' id='word_1_588' title='bbox 3196 3707 3371 3759; x_wconf 88' lang='lat' dir='ltr'>tonos</span> <span class='ocrx_word' id='word_1_589' title='bbox 3391 3707 3448 3758; x_wconf 90' lang='lat' dir='ltr'>et</span> <span class='ocrx_word' id='word_1_590' title='bbox 3468 3701 3880 3768; x_wconf 87' lang='lat' dir='ltr'>semitonium,</span> 
     </span>
    </p>
   </div>
   <div class='ocr_carea' id='block_1_81' title="bbox 2219 3790 3880 3864">
    <p class='ocr_par' dir='ltr' id='par_1_81' title="bbox 2219 3790 3880 3864">
     <span class='ocr_line' id='line_1_81' title="bbox 2219 3790 3880 3864; baseline -0.001 -17"><span class='ocrx_word' id='word_1_591' title='bbox 2219 3790 2298 3847; x_wconf 91' lang='lat' dir='ltr'>ad</span> <span class='ocrx_word' id='word_1_592' title='bbox 2315 3790 2829 3864; x_wconf 86' lang='lat' dir='ltr'>comparationem</span> <span class='ocrx_word' id='word_1_593' title='bbox 2855 3791 3072 3859; x_wconf 89' lang='lat' dir='ltr'>octavi,</span> <span class='ocrx_word' id='word_1_594' title='bbox 3091 3807 3126 3847; x_wconf 89' lang='lat' dir='ltr'>a</span> <span class='ocrx_word' id='word_1_595' title='bbox 3147 3792 3320 3862; x_wconf 88' lang='lat' dir='ltr'>cujus</span> <span class='ocrx_word' id='word_1_596' title='bbox 3345 3791 3466 3847; x_wconf 89' lang='lat' dir='ltr'>ﬁne</span> <span class='ocrx_word' id='word_1_597' title='bbox 3491 3790 3880 3848; x_wconf 83' lang='lat' dir='ltr'>diatessaron</span> 
     </span>
    </p>
   </div>
   <div class='ocr_carea' id='block_1_82' title="bbox 2222 3879 3882 3954">
    <p class='ocr_par' dir='ltr' id='par_1_82' title="bbox 2222 3879 3882 3954">
     <span class='ocr_line' id='line_1_82' title="bbox 2222 3879 3882 3954; baseline 0.001 -19"><span class='ocrx_word' id='word_1_598' title='bbox 2222 3881 2436 3950; x_wconf 87' lang='lat' dir='ltr'>signat.</span> <span class='ocrx_word' id='word_1_599' title='bbox 2471 3880 2729 3953; x_wconf 73' lang='lat' dir='ltr'>Reliquae</span> <span class='ocrx_word' id='word_1_600' title='bbox 2757 3897 2902 3937; x_wconf 82' lang='lat' dir='ltr'>vero</span> <span class='ocrx_word' id='word_1_601' title='bbox 2931 3895 3070 3954; x_wconf 65' lang='lat' dir='ltr'>quas</span> <span class='ocrx_word' id='word_1_602' title='bbox 3101 3885 3434 3953; x_wconf 86' lang='lat' dir='ltr'>sequuntur</span> <span class='ocrx_word' id='word_1_603' title='bbox 3463 3897 3576 3954; x_wconf 92' lang='lat' dir='ltr'>pro</span> <span class='ocrx_word' id='word_1_604' title='bbox 3605 3879 3882 3936; x_wconf 82' lang='lat' dir='ltr'>similitu-</span> 
     </span>
    </p>
   </div>
   <div class='ocr_carea' id='block_1_83' title="bbox 453 3949 2105 4044">
    <p class='ocr_par' dir='ltr' id='par_1_83' title="bbox 453 3949 2105 4025">
     <span class='ocr_line' id='line_1_83' title="bbox 453 3949 2105 4025; baseline 0.002 -21"><span class='ocrx_word' id='word_1_605' title='bbox 453 3949 732 4006; x_wconf 84' lang='lat' dir='ltr'>furtivam</span> <span class='ocrx_word' id='word_1_606' title='bbox 781 3950 1252 4021; x_wconf 85' lang='lat' dir='ltr'>singularitatem</span> <span class='ocrx_word' id='word_1_607' title='bbox 1301 3966 1336 4006; x_wconf 91' lang='lat' dir='ltr'>a</span> <span class='ocrx_word' id='word_1_608' title='bbox 1376 3951 1914 4025; x_wconf 68' lang='lat' dir='ltr'>praesumptor-ibus</span> <span class='ocrx_word' id='word_1_609' title='bbox 1945 3951 2105 4008; x_wconf 85' lang='lat' dir='ltr'>vitia-</span> 
     </span>
    </p>
   </div>
   <div class='ocr_carea' id='block_1_84' title="bbox 2217 3949 3884 4044">
    <p class='ocr_par' dir='ltr' id='par_1_84' title="bbox 2222 3949 3884 4044">
     <span class='ocr_line' id='line_1_84' title="bbox 2222 3949 3884 4044; baseline 0.001 -18"><span class='ocrx_word' id='word_1_610' title='bbox 2222 3949 2359 4026; x_wconf 82' lang='lat' dir='ltr'>dine</span> <span class='ocrx_word' id='word_1_611' title='bbox 2387 3949 2718 4026; x_wconf 79' lang='lat' dir='ltr'>litterarum</span> <span class='ocrx_word' id='word_1_612' title='bbox 2749 3970 2918 4028; x_wconf 85' lang='lat' dir='ltr'>facile</span> <span class='ocrx_word' id='word_1_613' title='bbox 2950 3949 3404 4044; x_wconf 73' lang='lat' dir='ltr'>perpenduntur</span> <span class='ocrx_word' id='word_1_614' title='bbox 3427 3989 3440 4041; x_wconf 90' lang='lat'><strong>;</strong></span> <span class='ocrx_word' id='word_1_615' title='bbox 3463 3949 3650 4044; x_wconf 39' lang='lat' dir='ltr'>&quot;quod</span> <span class='ocrx_word' id='word_1_616' title='bbox 3680 3987 3884 4028; x_wconf 83' lang='lat' dir='ltr'>mons-</span> 
     </span>
    </p>
   </div>
   <div class='ocr_carea' id='block_1_85' title="bbox 453 4039 1838 4113">
    <p class='ocr_par' dir='ltr' id='par_1_85' title="bbox 453 4039 1838 4113">
     <span class='ocr_line' id='line_1_85' title="bbox 453 4039 1838 4113; baseline 0.003 -19"><span class='ocrx_word' id='word_1_617' title='bbox 453 4039 649 4113; x_wconf 88' lang='lat' dir='ltr'>tisque</span> <span class='ocrx_word' id='word_1_618' title='bbox 671 4040 1016 4097; x_wconf 91' lang='lat' dir='ltr'>cantoribus</span> <span class='ocrx_word' id='word_1_619' title='bbox 1044 4041 1266 4098; x_wconf 89' lang='lat' dir='ltr'>factam</span> <span class='ocrx_word' id='word_1_620' title='bbox 1297 4057 1426 4097; x_wconf 89' lang='lat' dir='ltr'>esse</span> <span class='ocrx_word' id='word_1_621' title='bbox 1453 4057 1576 4098; x_wconf 92' lang='lat' dir='ltr'>non</span> <span class='ocrx_word' id='word_1_622' title='bbox 1606 4041 1838 4098; x_wconf 83' lang='lat' dir='ltr'>dubito.</span> 
     </span>
    </p>
   </div>
   <div class='ocr_carea' id='block_1_86' title="bbox 523 4129 2116 4200">
    <p class='ocr_par' dir='ltr' id='par_1_86' title="bbox 523 4129 2116 4200">
     <span class='ocr_line' id='line_1_86' title="bbox 523 4129 2116 4200; baseline 0.001 -16"><span class='ocrx_word' id='word_1_623' title='bbox 523 4130 608 4184; x_wconf 83' lang='grc' dir='ltr'><strong>Μ.</strong></span> <span class='ocrx_word' id='word_1_624' title='bbox 637 4129 862 4200; x_wconf 80' lang='lat' dir='ltr'>Regula</span> <span class='ocrx_word' id='word_1_625' title='bbox 881 4129 1040 4186; x_wconf 87' lang='lat' dir='ltr'>enim</span> <span class='ocrx_word' id='word_1_626' title='bbox 1063 4134 1151 4186; x_wconf 89' lang='lat' dir='ltr'>est</span> <span class='ocrx_word' id='word_1_627' title='bbox 1172 4146 1494 4186; x_wconf 86' lang='lat' dir='ltr'>commune</span> <span class='ocrx_word' id='word_1_628' title='bbox 1525 4131 1882 4187; x_wconf 84' lang='lat' dir='ltr'>mandatum</span> <span class='ocrx_word' id='word_1_629' title='bbox 1911 4131 2116 4188; x_wconf 86' lang='lat' dir='ltr'>unius-</span> 
     </span>
    </p>
   </div>
   <div class='ocr_carea' id='block_1_87' title="bbox 455 4219 2112 4292">
    <p class='ocr_par' dir='ltr' id='par_1_87' title="bbox 455 4219 2112 4292">
     <span class='ocr_line' id='line_1_87' title="bbox 455 4219 2112 4292; baseline 0.001 -18"><span class='ocrx_word' id='word_1_630' title='bbox 455 4219 746 4291; x_wconf 85' lang='lat' dir='ltr'>cujusque</span> <span class='ocrx_word' id='word_1_631' title='bbox 775 4220 950 4289; x_wconf 85' lang='lat' dir='ltr'>artis;</span> <span class='ocrx_word' id='word_1_632' title='bbox 983 4236 1120 4292; x_wconf 63' lang='lat' dir='ltr'>quae</span> <span class='ocrx_word' id='word_1_633' title='bbox 1143 4220 1226 4276; x_wconf 91' lang='lat' dir='ltr'>ita</span> <span class='ocrx_word' id='word_1_634' title='bbox 1253 4220 1582 4290; x_wconf 83' lang='lat' dir='ltr'>singularia</span> <span class='ocrx_word' id='word_1_635' title='bbox 1607 4225 1746 4277; x_wconf 89' lang='lat' dir='ltr'>sunt</span> <span class='ocrx_word' id='word_1_636' title='bbox 1773 4221 2112 4278; x_wconf 88' lang='lat' dir='ltr'>secundum</span> 
     </span>
    </p>
   </div>
   <div class='ocr_carea' id='block_1_88' title="bbox 455 4307 1645 4380">
    <p class='ocr_par' dir='ltr' id='par_1_88' title="bbox 455 4307 1645 4380">
     <span class='ocr_line' id='line_1_88' title="bbox 455 4307 1645 4380; baseline 0.002 -16"><span class='ocrx_word' id='word_1_637' title='bbox 455 4307 824 4364; x_wconf 86' lang='lat' dir='ltr'>artiﬁcialem</span> <span class='ocrx_word' id='word_1_638' title='bbox 844 4309 1117 4380; x_wconf 81' lang='lat' dir='ltr'>regulam</span> <span class='ocrx_word' id='word_1_639' title='bbox 1145 4325 1269 4366; x_wconf 91' lang='lat' dir='ltr'>non</span> <span class='ocrx_word' id='word_1_640' title='bbox 1294 4310 1645 4366; x_wconf 86' lang='lat' dir='ltr'>consistunt.</span> 
     </span>
    </p>
   </div>
   <div class='ocr_carea' id='block_1_89' title="bbox 521 4398 2114 4474">
    <p class='ocr_par' dir='ltr' id='par_1_89' title="bbox 521 4398 2114 4474">
     <span class='ocr_line' id='line_1_89' title="bbox 521 4398 2114 4474; baseline 0.003 -22"><span class='ocrx_word' id='word_1_641' title='bbox 521 4398 599 4452; x_wconf 92' lang='lat' dir='ltr'>D.</span> <span class='ocrx_word' id='word_1_642' title='bbox 633 4398 748 4454; x_wconf 90' lang='lat' dir='ltr'>Sed</span> <span class='ocrx_word' id='word_1_643' title='bbox 773 4413 1004 4470; x_wconf 88' lang='lat' dir='ltr'>precor,</span> <span class='ocrx_word' id='word_1_644' title='bbox 1034 4403 1096 4454; x_wconf 89' lang='lat' dir='ltr'>ut</span> <span class='ocrx_word' id='word_1_645' title='bbox 1133 4399 1476 4456; x_wconf 88' lang='lat' dir='ltr'>secundum</span> <span class='ocrx_word' id='word_1_646' title='bbox 1505 4400 1983 4474; x_wconf 88' lang='lat' dir='ltr'>uniuscujusque</span> <span class='ocrx_word' id='word_1_647' title='bbox 2011 4416 2114 4457; x_wconf 85' lang='lat' dir='ltr'>vo-</span> 
     </span>
    </p>
   </div>
   <div class='ocr_carea' id='block_1_90' title="bbox 456 4483 2112 4560">
    <p class='ocr_par' dir='ltr' id='par_1_90' title="bbox 456 4483 2112 4560">
     <span class='ocr_line' id='line_1_90' title="bbox 456 4483 2112 4560; baseline 0.002 -18"><span class='ocrx_word' id='word_1_648' title='bbox 456 4483 541 4542; x_wconf 85' lang='lat' dir='ltr'>cis</span> <span class='ocrx_word' id='word_1_649' title='bbox 573 4485 934 4558; x_wconf 83' lang='lat' dir='ltr'>positionem</span> <span class='ocrx_word' id='word_1_650' title='bbox 983 4503 1182 4560; x_wconf 82' lang='lat' dir='ltr'>pauca</span> <span class='ocrx_word' id='word_1_651' title='bbox 1229 4487 1428 4544; x_wconf 87' lang='lat' dir='ltr'>adhuc</span> <span class='ocrx_word' id='word_1_652' title='bbox 1475 4487 1550 4545; x_wconf 90' lang='lat' dir='ltr'>de</span> <span class='ocrx_word' id='word_1_653' title='bbox 1603 4489 1930 4546; x_wconf 86' lang='lat' dir='ltr'>modorum</span> <span class='ocrx_word' id='word_1_654' title='bbox 1981 4489 2112 4560; x_wconf 88' lang='lat' dir='ltr'>lege</span> 
     </span>
    </p>
   </div>
   <div class='ocr_carea' id='block_1_91' title="bbox 458 4575 816 4648">
    <p class='ocr_par' dir='ltr' id='par_1_91' title="bbox 458 4575 816 4648">
     <span class='ocr_line' id='line_1_91' title="bbox 458 4575 816 4648; baseline 0.011 -18"><span class='ocrx_word' id='word_1_655' title='bbox 458 4575 592 4648; x_wconf 87' lang='lat' dir='ltr'>subj</span> <span class='ocrx_word' id='word_1_656' title='bbox 601 4591 816 4647; x_wconf 77' lang='lat' dir='ltr'>nugas.</span> 
     </span>
    </p>
   </div>
   <div class='ocr_carea' id='block_1_92' title="bbox 519 4665 2114 4740">
    <p class='ocr_par' dir='ltr' id='par_1_92' title="bbox 519 4665 2114 4740">
     <span class='ocr_line' id='line_1_92' title="bbox 519 4665 2114 4740; baseline 0.002 -18"><span class='ocrx_word' id='word_1_657' title='bbox 519 4666 606 4723; x_wconf 80' lang='grc' dir='ltr'><strong>Μ.</strong></span> <span class='ocrx_word' id='word_1_658' title='bbox 637 4665 908 4724; x_wconf 87' lang='lat' dir='ltr'>Petitioni</span> <span class='ocrx_word' id='word_1_659' title='bbox 957 4671 1074 4724; x_wconf 69' lang='lat' dir='ltr'>tua:</span> <span class='ocrx_word' id='word_1_660' title='bbox 1119 4667 1353 4740; x_wconf 85' lang='lat' dir='ltr'>justum</span> <span class='ocrx_word' id='word_1_661' title='bbox 1393 4671 1484 4724; x_wconf 89' lang='lat' dir='ltr'>est</span> <span class='ocrx_word' id='word_1_662' title='bbox 1531 4667 1915 4740; x_wconf 86' lang='lat' dir='ltr'>respondere.</span> <span class='ocrx_word' id='word_1_663' title='bbox 1960 4669 2114 4726; x_wconf 80' lang='lat' dir='ltr'>Una-</span> 
     </span>
    </p>
   </div>
   <div class='ocr_carea' id='block_1_93' title="bbox 453 4757 2112 4832">
    <p class='ocr_par' dir='ltr' id='par_1_93' title="bbox 453 4757 2112 4832">
     <span class='ocr_line' id='line_1_93' title="bbox 453 4757 2112 4832; baseline 0.002 -20"><span class='ocrx_word' id='word_1_664' title='bbox 453 4771 711 4829; x_wconf 66' lang='lat' dir='ltr'>quasque</span> <span class='ocrx_word' id='word_1_665' title='bbox 740 4759 901 4814; x_wconf 88' lang='lat' dir='ltr'>enim</span> <span class='ocrx_word' id='word_1_666' title='bbox 927 4773 1048 4815; x_wconf 79' lang='lat' dir='ltr'>vox</span> <span class='ocrx_word' id='word_1_667' title='bbox 1077 4757 1331 4830; x_wconf 81' lang='lat' dir='ltr'>alicujus</span> <span class='ocrx_word' id='word_1_668' title='bbox 1375 4758 1861 4832; x_wconf 84' lang='lat' dir='ltr'>supradictorum</span> <span class='ocrx_word' id='word_1_669' title='bbox 1901 4759 2112 4816; x_wconf 90' lang='lat' dir='ltr'>modo-</span> 
     </span>
    </p>
   </div>
   <div class='ocr_carea' id='block_1_94' title="bbox 452 4845 2109 4922">
    <p class='ocr_par' dir='ltr' id='par_1_94' title="bbox 452 4845 2109 4922">
     <span class='ocr_line' id='line_1_94' title="bbox 452 4845 2109 4922; baseline 0.004 -23"><span class='ocrx_word' id='word_1_670' title='bbox 452 4859 590 4899; x_wconf 90' lang='lat' dir='ltr'>rum</span> <span class='ocrx_word' id='word_1_671' title='bbox 619 4845 1066 4904; x_wconf 82' lang='lat' dir='ltr'>similitudinem</span> <span class='ocrx_word' id='word_1_672' title='bbox 1112 4851 1308 4917; x_wconf 89' lang='lat' dir='ltr'>tenet;</span> <span class='ocrx_word' id='word_1_673' title='bbox 1351 4851 1417 4904; x_wconf 92' lang='lat' dir='ltr'>ut</span> <span class='ocrx_word' id='word_1_674' title='bbox 1463 4863 1709 4918; x_wconf 87' lang='lat' dir='ltr'>gamma</span> <span class='ocrx_word' id='word_1_675' title='bbox 1735 4849 1811 4920; x_wconf 66' lang='grc' dir='ltr'>(Γ)</span> <span class='ocrx_word' id='word_1_676' title='bbox 1840 4848 2109 4922; x_wconf 89' lang='lat' dir='ltr'>quidem,</span> 
     </span>
    </p>
   </div>
   <div class='ocr_carea' id='block_1_95' title="bbox 454 4932 2111 5011">
    <p class='ocr_par' dir='ltr' id='par_1_95' title="bbox 454 4932 2111 5011">
     <span class='ocr_line' id='line_1_95' title="bbox 454 4932 2111 5011; baseline 0.004 -23"><span class='ocrx_word' id='word_1_677' title='bbox 454 4932 599 5005; x_wconf 88' lang='lat' dir='ltr'>quia</span> <span class='ocrx_word' id='word_1_678' title='bbox 625 4934 807 4992; x_wconf 86' lang='lat' dir='ltr'>habet</span> <span class='ocrx_word' id='word_1_679' title='bbox 833 4941 970 4994; x_wconf 84' lang='lat' dir='ltr'>ante</span> <span class='ocrx_word' id='word_1_680' title='bbox 1001 4954 1063 4993; x_wconf 91' lang='lat' dir='ltr'>se</span> <span class='ocrx_word' id='word_1_681' title='bbox 1101 4937 1256 4992; x_wconf 92' lang='lat' dir='ltr'>duos</span> <span class='ocrx_word' id='word_1_682' title='bbox 1281 4941 1479 5008; x_wconf 85' lang='lat' dir='ltr'>tonos,</span> <span class='ocrx_word' id='word_1_683' title='bbox 1511 4941 1648 5010; x_wconf 89' lang='lat' dir='ltr'>post</span> <span class='ocrx_word' id='word_1_684' title='bbox 1685 4954 1841 5011; x_wconf 88' lang='lat' dir='ltr'>quos</span> <span class='ocrx_word' id='word_1_685' title='bbox 1869 4940 2111 4995; x_wconf 86' lang='lat' dir='ltr'>semito-</span> 
     </span>
    </p>
   </div>
   <div class='ocr_carea' id='block_1_96' title="bbox 454 5021 2115 5099">
    <p class='ocr_par' dir='ltr' id='par_1_96' title="bbox 454 5021 2115 5099">
     <span class='ocr_line' id='line_1_96' title="bbox 454 5021 2115 5099; baseline 0.004 -22"><span class='ocrx_word' id='word_1_686' title='bbox 454 5021 646 5092; x_wconf 90' lang='lat' dir='ltr'>nium,</span> <span class='ocrx_word' id='word_1_687' title='bbox 678 5026 736 5081; x_wconf 87' lang='lat' dir='ltr'>et</span> <span class='ocrx_word' id='word_1_688' title='bbox 778 5023 933 5080; x_wconf 90' lang='lat' dir='ltr'>duos</span> <span class='ocrx_word' id='word_1_689' title='bbox 971 5029 1148 5082; x_wconf 86' lang='lat' dir='ltr'>tonos</span> <span class='ocrx_word' id='word_1_690' title='bbox 1203 5026 1498 5099; x_wconf 85' lang='lat' dir='ltr'>adjungit,</span> <span class='ocrx_word' id='word_1_691' title='bbox 1529 5043 1599 5084; x_wconf 89' lang='lat' dir='ltr'>ac</span> <span class='ocrx_word' id='word_1_692' title='bbox 1629 5027 1848 5083; x_wconf 86' lang='lat' dir='ltr'>deinde</span> <span class='ocrx_word' id='word_1_693' title='bbox 1877 5027 2115 5084; x_wconf 82' lang='lat' dir='ltr'>semito-</span> 
     </span>
    </p>
   </div>
   <div class='ocr_carea' id='block_1_97' title="bbox 451 5111 2114 5190">
    <p class='ocr_par' dir='ltr' id='par_1_97' title="bbox 451 5111 2114 5190">
     <span class='ocr_line' id='line_1_97' title="bbox 451 5111 2114 5190; baseline 0.002 -21"><span class='ocrx_word' id='word_1_694' title='bbox 451 5111 624 5170; x_wconf 86' lang='lat' dir='ltr'>nium</span> <span class='ocrx_word' id='word_1_695' title='bbox 651 5117 986 5187; x_wconf 76' lang='lat' dir='ltr'>taliumque</span> <span class='ocrx_word' id='word_1_696' title='bbox 1057 5115 1326 5188; x_wconf 88' lang='lat' dir='ltr'>apponit,</span> <span class='ocrx_word' id='word_1_697' title='bbox 1369 5131 1494 5172; x_wconf 91' lang='lat' dir='ltr'>non</span> <span class='ocrx_word' id='word_1_698' title='bbox 1547 5116 1844 5175; x_wconf 89' lang='lat' dir='ltr'>immerito</span> <span class='ocrx_word' id='word_1_699' title='bbox 1875 5115 2114 5190; x_wconf 87' lang='lat' dir='ltr'>septimi</span> 
     </span>
    </p>
   </div>
   <div class='ocr_carea' id='block_1_98' title="bbox 527 5261 1228 5334">
    <p class='ocr_par' dir='ltr' id='par_1_98' title="bbox 527 5261 1228 5334">
     <span class='ocr_line' id='line_1_98' title="bbox 527 5261 1228 5334; baseline -0.001 -16"><span class='ocrx_word' id='word_1_700' title='bbox 527 5262 680 5334; x_wconf 75' lang='grc'>(146)</span> <span class='ocrx_word' id='word_1_701' title='bbox 711 5261 993 5320; x_wconf 73' lang='lat' dir='ltr'>Admont.</span> <span class='ocrx_word' id='word_1_702' title='bbox 1023 5261 1228 5318; x_wconf 87' lang='lat' dir='ltr'>addit:</span> 
     </span>
    </p>
   </div>
   <div class='ocr_carea' id='block_1_99' title="bbox 561 5351 1902 5421">
    <p class='ocr_par' dir='ltr' id='par_1_99' title="bbox 561 5351 1902 5421">
     <span class='ocr_line' id='line_1_99' title="bbox 561 5351 1902 5421; baseline 0.001 -17"><span class='ocrx_word' id='word_1_703' title='bbox 561 5353 788 5421; x_wconf 84' lang='lat' dir='ltr'>Accipit</span> <span class='ocrx_word' id='word_1_704' title='bbox 817 5355 874 5406; x_wconf 88' lang='lat' dir='ltr'>et</span> <span class='ocrx_word' id='word_1_705' title='bbox 895 5352 1090 5406; x_wconf 78' lang='lat' dir='ltr'>sedem</span> <span class='ocrx_word' id='word_1_706' title='bbox 1121 5351 1383 5406; x_wconf 81' lang='lat' dir='ltr'>residens</span> <span class='ocrx_word' id='word_1_707' title='bbox 1411 5355 1643 5408; x_wconf 78' lang='lat' dir='ltr'>octavus</span> <span class='ocrx_word' id='word_1_708' title='bbox 1671 5352 1902 5419; x_wconf 89' lang='lat' dir='ltr'>ibidem,</span> 
     </span>
    </p>
   </div>
   <div class='ocr_carea' id='block_1_100' title="bbox 564 5422 2109 5546">
    <p class='ocr_par' dir='ltr' id='par_1_100' title="bbox 564 5422 2109 5546">
     <span class='ocr_line' id='line_1_100' title="bbox 564 5422 2109 5546; baseline 0.002 -73"><span class='ocrx_word' id='word_1_709' title='bbox 564 5422 667 5476; x_wconf 90' lang='lat' dir='ltr'>Cui</span> <span class='ocrx_word' id='word_1_710' title='bbox 700 5431 868 5480; x_wconf 88' lang='lat' dir='ltr'>sonat</span> <span class='ocrx_word' id='word_1_711' title='bbox 889 5425 1178 5479; x_wconf 77' lang='lat' dir='ltr'>intonsum</span> <span class='ocrx_word' id='word_1_712' title='bbox 1203 5424 1464 5495; x_wconf 85' lang='lat' dir='ltr'>diapente</span> <span class='ocrx_word' id='word_1_713' title='bbox 1481 5430 1752 5546; x_wconf 53' lang='lat' dir='ltr'>sonatjue</span> <span class='ocrx_word' id='word_1_714' title='bbox 1781 5423 2109 5477; x_wconf 83' lang='lat' dir='ltr'>remissum.</span> 
     </span>
     <span class='ocr_line' id='line_1_101' title="bbox 565 5493 2049 5546; baseline 0 0"><span class='ocrx_word' id='word_1_715' title='bbox 565 5493 632 5546; x_wconf 80' lang='lat' dir='ltr'>Et</span> <span class='ocrx_word' id='word_1_716' title='bbox 663 5497 984 5546; x_wconf 78' lang='lat' dir='ltr'>euneradde</span> <span class='ocrx_word' id='word_1_717' title='bbox 1007 5503 1228 5546; x_wconf 80' lang='lat' dir='ltr'>tonum-</span> <span class='ocrx_word' id='word_1_718' title='bbox 1259 5496 1436 5546; x_wconf 73' lang='lat' dir='ltr'>facies</span> <span class='ocrx_word' id='word_1_719' title='bbox 1463 5513 1636 5546; x_wconf 72' lang='lat' dir='ltr'>uroce</span> <span class='ocrx_word' id='word_1_720' title='bbox 1681 5512 1776 5546; x_wconf 84' lang='lat' dir='ltr'>ere</span> <span class='ocrx_word' id='word_1_721' title='bbox 1799 5511 2049 5546; x_wconf 85' lang='lat' dir='ltr'>cursum.</span> 
     </span>
    </p>
   </div>
   <div class='ocr_carea' id='block_1_101' title="bbox 565 5493 2049 5566">
    <p class='ocr_par' dir='ltr' id='par_1_101' title="bbox 565 5493 2049 5566">
     <span class='ocr_line' id='line_1_102' title="bbox 565 5493 2049 5566; baseline -0.001 -20"><span class='ocrx_word' id='word_1_722' title='bbox 565 5493 632 5546; x_wconf 85' lang='lat' dir='ltr'>Et</span> <span class='ocrx_word' id='word_1_723' title='bbox 663 5497 984 5564; x_wconf 80' lang='lat' dir='ltr'>euperadde</span> <span class='ocrx_word' id='word_1_724' title='bbox 1007 5503 1228 5564; x_wconf 80' lang='lat' dir='ltr'>tonum,</span> <span class='ocrx_word' id='word_1_725' title='bbox 1259 5493 1436 5550; x_wconf 67' lang='lat' dir='ltr'>facies</span> <span class='ocrx_word' id='word_1_726' title='bbox 1463 5493 1776 5566; x_wconf 80' lang='lat' dir='ltr'>procedere</span> <span class='ocrx_word' id='word_1_727' title='bbox 1799 5511 2049 5562; x_wconf 85' lang='lat' dir='ltr'>cursum,</span> 
     </span>
    </p>
   </div>
   <div class='ocr_carea' id='block_1_102' title="bbox 521 5597 2112 5688">
    <p class='ocr_par' dir='ltr' id='par_1_102' title="bbox 521 5597 2112 5688">
     <span class='ocr_line' id='line_1_103' title="bbox 521 5597 2112 5688; baseline 0.004 -34"><span class='ocrx_word' id='word_1_728' title='bbox 521 5597 674 5672; x_wconf 76' lang='grc'>(147)</span> <span class='ocrx_word' id='word_1_729' title='bbox 701 5600 894 5662; x_wconf 84' lang='lat' dir='ltr'>Adam</span> <span class='ocrx_word' id='word_1_730' title='bbox 917 5603 1031 5688; x_wconf 79' lang='lat' dir='ltr'>ita:</span> <span class='ocrx_word' id='word_1_731' title='bbox 1064 5603 1126 5661; x_wconf 89' lang='lat' dir='ltr'>in</span> <span class='ocrx_word' id='word_1_732' title='bbox 1157 5605 1219 5676; x_wconf 91' lang='lat' dir='ltr'>C,</span> <span class='ocrx_word' id='word_1_733' title='bbox 1251 5609 1350 5662; x_wconf 88' lang='lat' dir='ltr'>ut:</span> <span class='ocrx_word' id='word_1_734' title='bbox 1384 5621 1490 5662; x_wconf 83' lang='lat' dir='ltr'>nos</span> <span class='ocrx_word' id='word_1_735' title='bbox 1517 5605 1625 5676; x_wconf 86' lang='lat' dir='ltr'>qui</span> <span class='ocrx_word' id='word_1_736' title='bbox 1649 5603 1924 5674; x_wconf 75' lang='lat' dir='ltr'>vivimus,</span> <span class='ocrx_word' id='word_1_737' title='bbox 1954 5603 2112 5660; x_wconf 82' lang='lat' dir='ltr'>Dum</span> 
     </span>
    </p>
   </div>
   <div class='ocr_carea' id='block_1_103' title="bbox 2221 4059 2736 4131">
    <p class='ocr_par' dir='ltr' id='par_1_103' title="bbox 2221 4059 2736 4131">
     <span class='ocr_line' id='line_1_104' title="bbox 2221 4059 2736 4131; baseline 0.002 -14"><span class='ocrx_word' id='word_1_738' title='bbox 2221 4063 2336 4117; x_wconf 87' lang='lat' dir='ltr'>trat</span> <span class='ocrx_word' id='word_1_739' title='bbox 2365 4061 2493 4116; x_wconf 66' lang='lat' dir='ltr'>haec</span> <span class='ocrx_word' id='word_1_740' title='bbox 2523 4059 2736 4131; x_wconf 88' lang='lat' dir='ltr'>ﬁgura.</span> 
     </span>
    </p>
   </div>
   <div class='ocr_carea' id='block_1_104' title="bbox 2223 4184 3664 4266">
    <p class='ocr_par' dir='ltr' id='par_1_104' title="bbox 2223 4184 3664 4266">
     <span class='ocr_line' id='line_1_105' title="bbox 2223 4184 3664 4266; baseline 0.001 -24"><span class='ocrx_word' id='word_1_741' title='bbox 2223 4189 2293 4244; x_wconf 86' lang='lat' dir='ltr'>V.</span> <span class='ocrx_word' id='word_1_742' title='bbox 2373 4191 2432 4246; x_wconf 88' lang='lat' dir='ltr'>C.</span> <span class='ocrx_word' id='word_1_743' title='bbox 2475 4187 2572 4243; x_wconf 84' lang='lat' dir='ltr'>VI.</span> <span class='ocrx_word' id='word_1_744' title='bbox 2604 4187 2715 4244; x_wconf 87' lang='lat' dir='ltr'>VII.</span> <span class='ocrx_word' id='word_1_745' title='bbox 2758 4188 2820 4243; x_wconf 91' lang='lat' dir='ltr'>G.</span> <span class='ocrx_word' id='word_1_746' title='bbox 2855 4185 2996 4244; x_wconf 86' lang='lat' dir='ltr'>VIII.</span> <span class='ocrx_word' id='word_1_747' title='bbox 3029 4188 3074 4242; x_wconf 94' lang='grc' dir='ltr'>Ι.</span> <span class='ocrx_word' id='word_1_748' title='bbox 3107 4187 3168 4244; x_wconf 88' lang='lat' dir='ltr'>d.</span> <span class='ocrx_word' id='word_1_749' title='bbox 3201 4188 3268 4244; x_wconf 89' lang='lat' dir='ltr'>II.</span> <span class='ocrx_word' id='word_1_750' title='bbox 3471 4191 3512 4244; x_wconf 91' lang='grc' dir='ltr'><strong>Ι.</strong></span> <span class='ocrx_word' id='word_1_751' title='bbox 3537 4184 3565 4266; x_wconf 66' lang='grc' dir='ltr'>ξ</span> <span class='ocrx_word' id='word_1_752' title='bbox 3595 4189 3664 4245; x_wconf 91' lang='lat' dir='ltr'>II.</span> 
     </span>
    </p>
   </div>
   <div class='ocr_carea' id='block_1_105' title="bbox 2370 4277 3836 4350">
    <p class='ocr_par' dir='ltr' id='par_1_105' title="bbox 2370 4277 3836 4350">
     <span class='ocr_line' id='line_1_106' title="bbox 2370 4277 3836 4350; baseline 0 -16"><span class='ocrx_word' id='word_1_753' title='bbox 2370 4280 2431 4334; x_wconf 93' lang='grc' dir='ltr'>Β.</span> <span class='ocrx_word' id='word_1_754' title='bbox 2473 4277 2589 4333; x_wconf 92' lang='lat' dir='ltr'>IIlI.</span> <span class='ocrx_word' id='word_1_755' title='bbox 2654 4279 2718 4334; x_wconf 88' lang='lat' dir='ltr'>V.</span> <span class='ocrx_word' id='word_1_756' title='bbox 2761 4280 2818 4334; x_wconf 87' lang='lat' dir='ltr'>F.</span> <span class='ocrx_word' id='word_1_757' title='bbox 2853 4277 2938 4334; x_wconf 88' lang='lat' dir='ltr'>V1.</span> <span class='ocrx_word' id='word_1_758' title='bbox 3015 4279 3078 4336; x_wconf 87' lang='lat' dir='ltr'>V.</span> <span class='ocrx_word' id='word_1_759' title='bbox 3113 4294 3164 4334; x_wconf 92' lang='lat' dir='ltr'>c.</span> <span class='ocrx_word' id='word_1_760' title='bbox 3206 4280 3269 4336; x_wconf 86' lang='lat' dir='ltr'>V.</span> <span class='ocrx_word' id='word_1_761' title='bbox 3300 4277 3654 4350; x_wconf 80' lang='lat' dir='ltr'>VIII.VIl.g.</span> <span class='ocrx_word' id='word_1_762' title='bbox 3683 4277 3836 4334; x_wconf 72' lang='lat' dir='ltr'>VIII.</span> 
     </span>
    </p>
   </div>
   <div class='ocr_carea' id='block_1_106' title="bbox 2222 4367 3770 4426">
    <p class='ocr_par' dir='ltr' id='par_1_106' title="bbox 2222 4367 3770 4426">
     <span class='ocr_line' id='line_1_107' title="bbox 2222 4367 3770 4426; baseline 0.002 -4"><span class='ocrx_word' id='word_1_763' title='bbox 2222 4369 2263 4426; x_wconf 95' lang='lat' dir='ltr'>l.</span> <span class='ocrx_word' id='word_1_764' title='bbox 2365 4371 2433 4424; x_wconf 89' lang='lat' dir='ltr'>A.</span> <span class='ocrx_word' id='word_1_765' title='bbox 2465 4367 2533 4422; x_wconf 89' lang='lat' dir='ltr'>II.</span> <span class='ocrx_word' id='word_1_766' title='bbox 2625 4367 2713 4424; x_wconf 91' lang='lat' dir='ltr'>III.</span> <span class='ocrx_word' id='word_1_767' title='bbox 2757 4371 2818 4424; x_wconf 90' lang='lat' dir='ltr'>E.</span> <span class='ocrx_word' id='word_1_768' title='bbox 2851 4367 2967 4426; x_wconf 90' lang='lat' dir='ltr'>IIII.</span> <span class='ocrx_word' id='word_1_769' title='bbox 3107 4369 3169 4424; x_wconf 57' lang='grc' dir='ltr'><strong>Α.</strong></span> <span class='ocrx_word' id='word_1_770' title='bbox 3201 4369 3247 4424; x_wconf 89' lang='grc' dir='ltr'><strong>Ι.</strong></span> <span class='ocrx_word' id='word_1_771' title='bbox 3457 4368 3578 4424; x_wconf 91' lang='lat' dir='ltr'>IIII.</span> <span class='ocrx_word' id='word_1_772' title='bbox 3603 4367 3647 4426; x_wconf 83' lang='lat' dir='ltr'>f.</span> <span class='ocrx_word' id='word_1_773' title='bbox 3681 4369 3770 4426; x_wconf 82' lang='lat' dir='ltr'>VI.</span> 
     </span>
    </p>
   </div>
   <div class='ocr_carea' id='block_1_107' title="bbox 2221 4456 3794 4516">
    <p class='ocr_par' dir='ltr' id='par_1_107' title="bbox 2221 4456 3794 4516">
     <span class='ocr_line' id='line_1_108' title="bbox 2221 4456 3794 4516; baseline -0.001 -3"><span class='ocrx_word' id='word_1_774' title='bbox 2221 4457 2334 4514; x_wconf 83' lang='lat' dir='ltr'>VII.</span> <span class='ocrx_word' id='word_1_775' title='bbox 2365 4463 2423 4514; x_wconf 91' lang='grc' dir='ltr'>Γ.</span> <span class='ocrx_word' id='word_1_776' title='bbox 2465 4456 2600 4514; x_wconf 85' lang='lat' dir='ltr'>VIII.</span> <span class='ocrx_word' id='word_1_777' title='bbox 2677 4456 2719 4512; x_wconf 88' lang='grc' dir='ltr'><strong>Ι.</strong></span> <span class='ocrx_word' id='word_1_778' title='bbox 2761 4459 2828 4514; x_wconf 84' lang='grc' dir='ltr'>Ι).</span> <span class='ocrx_word' id='word_1_779' title='bbox 2860 4457 2930 4512; x_wconf 91' lang='grc' dir='ltr'>ΙΙ.</span> <span class='ocrx_word' id='word_1_780' title='bbox 3033 4457 3078 4514; x_wconf 86' lang='grc'><strong>1.</strong></span> <span class='ocrx_word' id='word_1_781' title='bbox 3115 4473 3170 4514; x_wconf 85' lang='lat' dir='ltr'>a.</span> <span class='ocrx_word' id='word_1_782' title='bbox 3203 4457 3273 4512; x_wconf 92' lang='lat' dir='ltr'>II.</span> <span class='ocrx_word' id='word_1_783' title='bbox 3299 4457 3394 4516; x_wconf 91' lang='grc' dir='ltr'><strong>ΙΙΙ.</strong></span> <span class='ocrx_word' id='word_1_784' title='bbox 3451 4459 3520 4514; x_wconf 86' lang='grc' dir='ltr'><strong>ΙΙ.</strong></span> <span class='ocrx_word' id='word_1_785' title='bbox 3600 4457 3794 4516; x_wconf 83' lang='lat' dir='ltr'>c.1111.</span> 
     </span>
    </p>
   </div>
   <div class='ocr_carea' id='block_1_108' title="bbox 2291 4580 3886 4656">
    <p class='ocr_par' dir='ltr' id='par_1_108' title="bbox 2291 4580 3886 4656">
     <span class='ocr_line' id='line_1_109' title="bbox 2291 4580 3886 4656; baseline -0.001 -17"><span class='ocrx_word' id='word_1_786' title='bbox 2291 4585 2377 4639; x_wconf 85' lang='lat' dir='ltr'><strong>Ex</strong></span> <span class='ocrx_word' id='word_1_787' title='bbox 2405 4582 2499 4639; x_wconf 86' lang='lat' dir='ltr'>his</span> <span class='ocrx_word' id='word_1_788' title='bbox 2529 4597 2668 4655; x_wconf 71' lang='lat' dir='ltr'>quae</span> <span class='ocrx_word' id='word_1_789' title='bbox 2683 4581 2842 4638; x_wconf 86' lang='lat' dir='ltr'>dicta</span> <span class='ocrx_word' id='word_1_790' title='bbox 2863 4585 3022 4651; x_wconf 90' lang='lat' dir='ltr'>sunt,</span> <span class='ocrx_word' id='word_1_791' title='bbox 3037 4580 3740 4656; x_wconf 82' lang='lat' dir='ltr'>assiduusperscrutator</span> <span class='ocrx_word' id='word_1_792' title='bbox 3757 4585 3886 4638; x_wconf 67' lang='lat' dir='ltr'>tu:</span> 
     </span>
    </p>
   </div>
   <div class='ocr_carea' id='block_1_109' title="bbox 2220 4670 3888 4746">
    <p class='ocr_par' dir='ltr' id='par_1_109' title="bbox 2220 4670 3888 4746">
     <span class='ocr_line' id='line_1_110' title="bbox 2220 4670 3888 4746; baseline 0.002 -19"><span class='ocrx_word' id='word_1_793' title='bbox 2220 4670 2296 4727; x_wconf 85' lang='lat' dir='ltr'>de</span> <span class='ocrx_word' id='word_1_794' title='bbox 2319 4672 2690 4745; x_wconf 85' lang='lat' dir='ltr'>tonis,quam</span> <span class='ocrx_word' id='word_1_795' title='bbox 2709 4673 2783 4728; x_wconf 89' lang='lat' dir='ltr'>de</span> <span class='ocrx_word' id='word_1_796' title='bbox 2799 4673 3042 4746; x_wconf 82' lang='lat' dir='ltr'>reliquis</span> <span class='ocrx_word' id='word_1_797' title='bbox 3063 4673 3245 4746; x_wconf 89' lang='lat' dir='ltr'>hujus</span> <span class='ocrx_word' id='word_1_798' title='bbox 3267 4671 3410 4729; x_wconf 82' lang='lat' dir='ltr'>artis</span> <span class='ocrx_word' id='word_1_799' title='bbox 3435 4672 3662 4743; x_wconf 80' lang='lat' dir='ltr'>regulis</span> <span class='ocrx_word' id='word_1_800' title='bbox 3673 4672 3888 4730; x_wconf 73' lang='lat' dir='ltr'>divina</span> 
     </span>
    </p>
   </div>
   <div class='ocr_carea' id='block_1_110' title="bbox 2222 4759 3890 4835">
    <p class='ocr_par' dir='ltr' id='par_1_110' title="bbox 2222 4759 3890 4835">
     <span class='ocr_line' id='line_1_111' title="bbox 2222 4759 3890 4835; baseline 0.001 -19"><span class='ocrx_word' id='word_1_801' title='bbox 2222 4761 2408 4830; x_wconf 84' lang='lat' dir='ltr'>gratia</span> <span class='ocrx_word' id='word_1_802' title='bbox 2418 4761 2439 4832; x_wconf 94' lang='lat' dir='ltr'>j</span> <span class='ocrx_word' id='word_1_803' title='bbox 2451 4765 2666 4816; x_wconf 85' lang='lat' dir='ltr'>uvante</span> <span class='ocrx_word' id='word_1_804' title='bbox 2688 4761 2805 4818; x_wconf 89' lang='lat' dir='ltr'>alia</span> <span class='ocrx_word' id='word_1_805' title='bbox 2819 4762 3186 4835; x_wconf 86' lang='lat' dir='ltr'>quamplura</span> <span class='ocrx_word' id='word_1_806' title='bbox 3197 4759 3692 4832; x_wconf 87' lang='lat' dir='ltr'>intelliget.Quod</span> <span class='ocrx_word' id='word_1_807' title='bbox 3707 4760 3759 4817; x_wconf 86' lang='lat' dir='ltr'>si</span> <span class='ocrx_word' id='word_1_808' title='bbox 3777 4763 3890 4818; x_wconf 66' lang='grc' dir='ltr'>ω</span> 
     </span>
    </p>
   </div>
   <div class='ocr_carea' id='block_1_111' title="bbox 2219 4849 3886 4924">
    <p class='ocr_par' dir='ltr' id='par_1_111' title="bbox 2219 4849 3886 4924">
     <span class='ocr_line' id='line_1_112' title="bbox 2219 4849 3886 4924; baseline 0 -18"><span class='ocrx_word' id='word_1_809' title='bbox 2219 4849 2587 4920; x_wconf 85' lang='lat' dir='ltr'>negligenter</span> <span class='ocrx_word' id='word_1_810' title='bbox 2611 4850 2752 4921; x_wconf 88' lang='lat' dir='ltr'>agit,</span> <span class='ocrx_word' id='word_1_811' title='bbox 2784 4855 2888 4908; x_wconf 89' lang='lat' dir='ltr'>aut</span> <span class='ocrx_word' id='word_1_812' title='bbox 2908 4852 3023 4908; x_wconf 91' lang='lat' dir='ltr'>hoc</span> <span class='ocrx_word' id='word_1_813' title='bbox 3044 4867 3167 4908; x_wconf 88' lang='lat' dir='ltr'>non</span> <span class='ocrx_word' id='word_1_814' title='bbox 3193 4866 3302 4924; x_wconf 90' lang='lat' dir='ltr'>per</span> <span class='ocrx_word' id='word_1_815' title='bbox 3323 4851 3595 4907; x_wconf 85' lang='lat' dir='ltr'>divinam</span> <span class='ocrx_word' id='word_1_816' title='bbox 3623 4849 3886 4907; x_wconf 75' lang='lat' dir='ltr'>illustra-</span> 
     </span>
    </p>
   </div>
   <div class='ocr_carea' id='block_1_112' title="bbox 2221 4938 3886 5015">
    <p class='ocr_par' dir='ltr' id='par_1_112' title="bbox 2221 4938 3886 5015">
     <span class='ocr_line' id='line_1_113' title="bbox 2221 4938 3886 5015; baseline 0.001 -19"><span class='ocrx_word' id='word_1_817' title='bbox 2221 4939 2466 5010; x_wconf 91' lang='lat' dir='ltr'>tionem,</span> <span class='ocrx_word' id='word_1_818' title='bbox 2497 4938 2604 4995; x_wconf 88' lang='lat' dir='ltr'>sed</span> <span class='ocrx_word' id='word_1_819' title='bbox 2633 4939 2726 4996; x_wconf 86' lang='lat' dir='ltr'>sui</span> <span class='ocrx_word' id='word_1_820' title='bbox 2756 4957 2969 4997; x_wconf 88' lang='lat' dir='ltr'>sensus</span> <span class='ocrx_word' id='word_1_821' title='bbox 3021 4941 3298 4998; x_wconf 84' lang='lat' dir='ltr'>acumine</span> <span class='ocrx_word' id='word_1_822' title='bbox 3343 4957 3406 4997; x_wconf 91' lang='lat' dir='ltr'>se</span> <span class='ocrx_word' id='word_1_823' title='bbox 3445 4955 3662 5013; x_wconf 82' lang='lat' dir='ltr'>capere</span> <span class='ocrx_word' id='word_1_824' title='bbox 3695 4955 3886 5015; x_wconf 66' lang='lat' dir='ltr'>posse</span> 
     </span>
    </p>
   </div>
   <div class='ocr_carea' id='block_1_113' title="bbox 2219 5029 3886 5105">
    <p class='ocr_par' dir='ltr' id='par_1_113' title="bbox 2219 5029 3886 5105">
     <span class='ocr_line' id='line_1_114' title="bbox 2219 5029 3886 5105; baseline 0.002 -21"><span class='ocrx_word' id='word_1_825' title='bbox 2219 5030 2690 5103; x_wconf 62' lang='lat' dir='ltr'>praesumpserit,</span> <span class='ocrx_word' id='word_1_826' title='bbox 2715 5035 2818 5087; x_wconf 86' lang='lat' dir='ltr'>aut</span> <span class='ocrx_word' id='word_1_827' title='bbox 2843 5047 3234 5105; x_wconf 87' lang='lat' dir='ltr'>nequaquam</span> <span class='ocrx_word' id='word_1_828' title='bbox 3260 5029 3566 5100; x_wconf 85' lang='lat' dir='ltr'>intelliget,</span> <span class='ocrx_word' id='word_1_829' title='bbox 3583 5035 3713 5100; x_wconf 86' lang='lat' dir='ltr'>aut,</span> <span class='ocrx_word' id='word_1_830' title='bbox 3735 5031 3886 5087; x_wconf 74' lang='lat' dir='ltr'>dum</span> 
     </span>
    </p>
   </div>
   <div class='ocr_carea' id='block_1_114' title="bbox 2220 5119 3884 5195">
    <p class='ocr_par' dir='ltr' id='par_1_114' title="bbox 2220 5119 3884 5195">
     <span class='ocr_line' id='line_1_115' title="bbox 2220 5119 3884 5195; baseline 0.001 -19"><span class='ocrx_word' id='word_1_831' title='bbox 2220 5133 2344 5177; x_wconf 88' lang='lat' dir='ltr'>non</span> <span class='ocrx_word' id='word_1_832' title='bbox 2371 5119 2549 5178; x_wconf 85' lang='lat' dir='ltr'>refert</span> <span class='ocrx_word' id='word_1_833' title='bbox 2573 5121 2798 5191; x_wconf 87' lang='lat' dir='ltr'>gratias</span> <span class='ocrx_word' id='word_1_834' title='bbox 2829 5121 3128 5192; x_wconf 86' lang='lat' dir='ltr'>Donatori,</span> <span class='ocrx_word' id='word_1_835' title='bbox 3161 5120 3468 5194; x_wconf 81' lang='lat' dir='ltr'>efﬁcietur,</span> <span class='ocrx_word' id='word_1_836' title='bbox 3499 5119 3673 5195; x_wconf 89' lang='lat' dir='ltr'>quod</span> <span class='ocrx_word' id='word_1_837' title='bbox 3701 5121 3884 5192; x_wconf 82' lang='lat' dir='ltr'>absit,</span> 
     </span>
    </p>
   </div>
   <div class='ocr_carea' id='block_1_115' title="bbox 2221 5279 3886 5354">
    <p class='ocr_par' dir='ltr' id='par_1_115' title="bbox 2221 5279 3886 5354">
     <span class='ocr_line' id='line_1_116' title="bbox 2221 5279 3886 5354; baseline -0.001 -17"><span class='ocrx_word' id='word_1_838' title='bbox 2221 5281 2448 5338; x_wconf 80' lang='lat' dir='ltr'>venerit</span> <span class='ocrx_word' id='word_1_839' title='bbox 2469 5281 2861 5354; x_wconf 65' lang='lat' dir='ltr'>Paraclitus;</span> <span class='ocrx_word' id='word_1_840' title='bbox 2885 5281 2950 5338; x_wconf 91' lang='lat' dir='ltr'>in</span> <span class='ocrx_word' id='word_1_841' title='bbox 2977 5284 3043 5350; x_wconf 88' lang='lat' dir='ltr'>D,</span> <span class='ocrx_word' id='word_1_842' title='bbox 3075 5285 3178 5354; x_wconf 78' lang='lat' dir='ltr'>ut;</span> <span class='ocrx_word' id='word_1_843' title='bbox 3207 5279 3472 5354; x_wconf 77' lang='lat' dir='ltr'>Spiritus</span> <span class='ocrx_word' id='word_1_844' title='bbox 3509 5283 3792 5352; x_wconf 81' lang='lat' dir='ltr'>Domini;</span> <span class='ocrx_word' id='word_1_845' title='bbox 3825 5281 3886 5336; x_wconf 87' lang='lat' dir='ltr'>in</span> 
     </span>
    </p>
   </div>
   <div class='ocr_carea' id='block_1_116' title="bbox 2223 5353 3886 5425">
    <p class='ocr_par' dir='ltr' id='par_1_116' title="bbox 2223 5353 3886 5425">
     <span class='ocr_line' id='line_1_117' title="bbox 2223 5353 3886 5425; baseline 0.002 -17"><span class='ocrx_word' id='word_1_846' title='bbox 2223 5355 2282 5425; x_wconf 85' lang='lat' dir='ltr'>E,</span> <span class='ocrx_word' id='word_1_847' title='bbox 2319 5356 2417 5408; x_wconf 91' lang='lat' dir='ltr'>ut:</span> <span class='ocrx_word' id='word_1_848' title='bbox 2450 5353 3115 5425; x_wconf 72' lang='lat' dir='ltr'>Ornaverunt/aciem;</span> <span class='ocrx_word' id='word_1_849' title='bbox 3165 5353 3227 5408; x_wconf 92' lang='lat' dir='ltr'>in</span> <span class='ocrx_word' id='word_1_850' title='bbox 3250 5353 3315 5422; x_wconf 22' lang='lat' dir='ltr'>7F,</span> <span class='ocrx_word' id='word_1_851' title='bbox 3345 5357 3444 5410; x_wconf 88' lang='lat' dir='ltr'>ut:</span> <span class='ocrx_word' id='word_1_852' title='bbox 3487 5355 3886 5424; x_wconf 80' lang='lat' dir='ltr'>Jucundare;</span> 
     </span>
    </p>
   </div>
   <div class='ocr_carea' id='block_1_117' title="bbox 2223 5423 3884 5496">
    <p class='ocr_par' dir='ltr' id='par_1_117' title="bbox 2223 5423 3884 5496">
     <span class='ocr_line' id='line_1_118' title="bbox 2223 5423 3884 5496; baseline 0.001 -18"><span class='ocrx_word' id='word_1_853' title='bbox 2223 5423 2283 5478; x_wconf 94' lang='lat' dir='ltr'>in</span> <span class='ocrx_word' id='word_1_854' title='bbox 2310 5425 2374 5494; x_wconf 85' lang='lat' dir='ltr'>G,</span> <span class='ocrx_word' id='word_1_855' title='bbox 2405 5429 2468 5479; x_wconf 90' lang='lat' dir='ltr'>ut</span> <span class='ocrx_word' id='word_1_856' title='bbox 2497 5443 2508 5478; x_wconf 92' lang='lat'>:</span> <span class='ocrx_word' id='word_1_857' title='bbox 2539 5426 2612 5480; x_wconf 73' lang='lat' dir='ltr'>In</span> <span class='ocrx_word' id='word_1_858' title='bbox 2645 5425 2757 5480; x_wconf 81' lang='lat' dir='ltr'>illa</span> <span class='ocrx_word' id='word_1_859' title='bbox 2787 5423 2923 5496; x_wconf 81' lang='lat' dir='ltr'>die;</span> <span class='ocrx_word' id='word_1_860' title='bbox 2953 5425 3015 5482; x_wconf 90' lang='lat' dir='ltr'>in</span> <span class='ocrx_word' id='word_1_861' title='bbox 3045 5423 3102 5494; x_wconf 85' lang='lat' dir='ltr'>a,</span> <span class='ocrx_word' id='word_1_862' title='bbox 3139 5429 3200 5482; x_wconf 88' lang='lat' dir='ltr'>ut</span> <span class='ocrx_word' id='word_1_863' title='bbox 3225 5443 3237 5480; x_wconf 93' lang='lat'><strong>:</strong></span> <span class='ocrx_word' id='word_1_864' title='bbox 3285 5425 3580 5496; x_wconf 75' lang='lat' dir='ltr'>Completi</span> <span class='ocrx_word' id='word_1_865' title='bbox 3607 5433 3750 5482; x_wconf 76' lang='lat' dir='ltr'>sunt</span> <span class='ocrx_word' id='word_1_866' title='bbox 3769 5439 3790 5496; x_wconf 80' lang='lat'><em>;</em></span> <span class='ocrx_word' id='word_1_867' title='bbox 3823 5423 3884 5480; x_wconf 86' lang='lat' dir='ltr'>in</span> 
     </span>
    </p>
   </div>
   <div class='ocr_carea' id='block_1_118' title="bbox 2223 5497 2745 5566">
    <p class='ocr_par' dir='ltr' id='par_1_118' title="bbox 2223 5497 2745 5566">
     <span class='ocr_line' id='line_1_119' title="bbox 2223 5497 2745 5566; baseline -0.002 -15"><span class='ocrx_word' id='word_1_868' title='bbox 2223 5511 2271 5562; x_wconf 91' lang='lat' dir='ltr'>c,</span> <span class='ocrx_word' id='word_1_869' title='bbox 2307 5500 2401 5550; x_wconf 84' lang='lat' dir='ltr'>ut:</span> <span class='ocrx_word' id='word_1_870' title='bbox 2437 5497 2608 5566; x_wconf 83' lang='lat' dir='ltr'>Ecce,</span> <span class='ocrx_word' id='word_1_871' title='bbox 2638 5501 2745 5552; x_wconf 89' lang='lat' dir='ltr'>etc.</span> 
     </span>
    </p>
   </div>
  </div>
