4090 6122
187 108 305 164 777

1515 101 1879 160 OPUSCULA
1922 100 2012 156 DE
2051 101 2307 158 MUSICA

3510 107 3620 159 778

191 232 510 288 decimum
538 247 682 291 vero
708 247 760 301 c,
791 232 1012 304 quibus
1039 231 1118 286 ita
1138 228 1422 285 utendum
1443 230 1552 293 est,
1575 230 1639 282 ut
1663 240 1853 298 quan-
1891 227 1938 280 Α
1967 225 2146 282 trario
2173 241 2313 282 cum
2345 241 2380 282 a
2411 227 2678 283 secunda
2727 227 2814 298 (Β)
2858 241 3005 282 voce
3044 225 3103 280 in
3155 224 3428 297 quintam
3470 228 3554 298 (E)
3587 245 3622 284 a

190 321 281 376 do
313 337 348 376 a
380 320 493 376 etb
522 320 906 376 semitonium
931 321 1215 388 jungunt,
1266 333 1301 372 a
1331 316 1368 371 h
1391 319 1466 371 ad
1498 332 1529 370 c
1559 313 1855 383 intelligas

193 414 436 476 tonum,
469 414 524 464 et
549 408 796 481 quando
817 408 857 462 b
887 424 1024 462 cum
1049 423 1079 461 c
1111 405 1493 461 semitonium
1530 403 1682 469 velit,
1717 402 1794 457 ab
1823 417 1859 457 a

193 515 398 572 usque
430 499 551 565 adt;
582 503 789 554 tonum
818 512 945 553 esse
966 513 1089 552 non
1122 495 1356 551 dubites
1391 512 1403 549 :
1441 509 1701 567 quorum
1742 491 1858 564 pri-

191 605 341 644 mus
406 587 541 643 ideo
595 587 843 659 positus,
914 601 987 641 ne
1043 603 1078 642 a
1110 590 1277 642 sexta
1321 586 1528 640 voceF
1557 597 1748 654 usque
1781 579 1859 635 ad

193 691 429 733 nonam
460 681 484 742 ὴ
513 680 628 731 tres
678 675 942 730 continui
992 675 1112 730 toni
1161 675 1585 729 invenirentur.
1637 669 1858 726 Eadem

193 765 430 822 ratione
461 764 764 820 secundus
797 764 1106 829 formatur,
1135 780 1210 818 ne
1240 762 1479 817 duobus
1509 765 1645 834 post
1683 775 1746 814 se
1776 774 1861 813 se-

196 853 527 929 quentibus
565 854 720 910 tonis
747 858 802 910 et
835 854 1038 910 tertius
1072 852 1415 918 adhaereret,
1468 850 1618 906 sicut
1659 847 1720 904 in
1748 849 1863 904 hac

197 945 402 1014 ﬁgura
426 942 777 1016 conspicies.

449 1096 826 1152 Diatessaron

460 1183 818 1241 FGab
1050 1183 1060 1258 |
1291 1189 1617 1258 'che

448 1275 818 1330 TTTS
1050 1275 1061 1336 I
1282 1280 1618 1336 STTT

1267 1369 1640 1426 Diatessaron

282 1529 568 1582 Praeterea
616 1523 931 1580 sciendum
989 1528 1076 1580 est
1103 1525 1246 1596 quia
1277 1539 1385 1596 pro
1420 1521 1618 1596 prima
1645 1535 1793 1576 voce
1825 1518 1864 1575 b

209 1621 267 1671 et
297 1619 321 1682 'q
353 1614 544 1686 accipi
573 1613 812 1678 debent,
845 1613 904 1668 id
935 1616 1022 1669 est
1051 1628 1234 1682 nona,
1268 1609 1546 1684 quamvis
1581 1608 1774 1665 divisa
1804 1608 1864 1664 in

209 1720 439 1760 nonam
467 1703 727 1776 primam
745 1707 803 1758 et
831 1703 890 1758 in
920 1717 1147 1758 nonam
1177 1700 1530 1768 secundam,
1582 1715 1656 1754 ne
1686 1697 1868 1772 pluri-

211 1810 383 1850 mum
409 1808 669 1848 errorem
701 1791 972 1848 videatur
1000 1791 1215 1847 inferre
1247 1807 1258 1845 :
1296 1795 1358 1845 ut
1391 1794 1480 1845 est
1500 1788 1666 1855 illud,
1699 1785 1868 1860 quod

209 1883 584 1941 diatessaron
655 1881 734 1936 ab
791 1884 1005 1937 octava
1066 1880 1294 1936 chorda
1358 1880 1418 1934 in
1486 1877 1869 1934 undecimam

209 1974 484 2047 quinque
508 1987 686 2028 voces
706 1971 927 2028 habere
956 1969 1276 2034 videretur,
1307 1968 1474 2042 quod
1503 1966 1739 2040 penitus
1761 1965 1871 2022 ab-

213 2062 468 2120 surdum
497 2065 602 2117 est.
638 2059 991 2132 Exemplum
1023 2064 1222 2116 autem
1253 2058 1434 2129 hujus
1465 2055 1762 2112 semitonii
1787 2058 1877 2110 est

211 2153 398 2224 hujus
423 2149 768 2223 antiphonaa
808 2149 1004 2221 prima
1033 2147 1279 2204 elevatio
1310 2165 1322 2201 :
1367 2147 1622 2217 Vigilate
1650 2146 1870 2201 animo.

213 2239 558 2299 Notandum
589 2243 790 2295 autem
821 2237 896 2293 de
919 2237 1258 2304 semitonio,
1290 2235 1456 2308 quod
1486 2234 1682 2290 solum
1739 2232 1872 2289 nul-

214 2331 345 2388 lum
407 2329 611 2386 utilem
659 2332 870 2384 tonum
919 2327 1116 2383 valeat
1161 2325 1428 2399 implere,
1467 2324 1570 2380 sed
1595 2325 1874 2394 junctum

215 2425 362 2477 tono
414 2417 715 2492 prolixum
770 2417 900 2488 ejus
955 2416 1214 2488 spatium
1263 2413 1632 2470 moderatur.
1675 2416 1874 2469 Tonus

215 2525 362 2566 vero
392 2507 692 2564 invenitur
719 2509 973 2578 utroque
1018 2521 1131 2560 suo
1157 2504 1410 2560 termino
1442 2502 1573 2558 soni
1617 2500 1881 2557 dulcedi-

115 2611 118 2614 '
218 2601 716 2671 nemjraestans;
778 2599 842 2651 ut
891 2611 1029 2650 cum
1060 2593 1273 2649 dicitur
1313 2594 1579 2661 Oremus,
1620 2590 1723 2646 ubi
1754 2605 1878 2645 non

217 2687 518 2745 invenitur
574 2685 688 2741 nisi
721 2699 875 2740 unus
906 2688 1103 2750 tonus,
1135 2683 1239 2754 qui
1294 2699 1329 2738 a
1386 2686 1555 2736 sexta
1603 2680 1664 2736 in
1705 2678 1883 2752 septi-

220 2796 390 2835 mam
423 2791 627 2832 vocem
669 2775 794 2830 suis
826 2773 1091 2830 terminis
1115 2772 1417 2840 definitur,
1463 2771 1622 2826 hanc
1647 2771 1878 2842 eupho-

219 2869 390 2924 niam
439 2882 550 2922 sua
600 2863 972 2937 depositione
1025 2877 1095 2918 ac
1153 2861 1480 2916 elevatione
1540 2858 1876 2932 perﬁciens.

221 2961 354 3014 Duo
377 2971 620 3030 quoque
649 2934 917 3026 aliquam
945 2951 1403 3008 consonantiam
1431 2949 1712 3020 reddunt,
1745 2963 1880 3021 quae
1922 2934 1962 2990 Ο

223 3051 438 3106 cantus
466 3061 589 3102 non
613 3043 864 3111 dicitur;
898 3041 1042 3116 quia
1070 3045 1284 3097 cantus
1322 3056 1444 3096 non
1502 3039 1700 3095 minus
1729 3055 1880 3112 qua-

224 3144 363 3195 tuor
392 3151 608 3192 vocum
631 3132 821 3207 spatio
851 3131 1214 3204 adimpletur
1247 3149 1258 3186 :
1286 3130 1458 3201 cujus
1485 3144 1674 3199 genus
1716 3145 1880 3202 sym-

226 3227 467 3302 phoniae
497 3225 872 3280 diatessaron
893 3225 1161 3283 vocatur,
1194 3219 1256 3275 id
1309 3223 1414 3287 est,
1476 3219 1550 3274 de
1601 3223 1878 3291 quatuor,

229 3316 542 3374 continens
572 3313 727 3369 duos
758 3311 942 3384 [Lips.
968 3311 1030 3366 in
1058 3326 1122 3366 se
1161 3309 1341 3379 duos]
1392 3312 1586 3376 tonos,
1648 3307 1886 3364 semito-

229 3405 400 3462 nium
424 3418 566 3460 vero
594 3417 804 3467 unum,
829 3400 945 3456 hoc
973 3401 1063 3455 est
1109 3395 1418 3454 intervalla
1471 3395 1578 3451 tria
1622 3398 1680 3450 et
1707 3409 1885 3449 voces

230 3498 509 3568 quatuor.
553 3494 684 3548 Haac
743 3494 945 3546 autem
1003 3485 1366 3561 symphonia
1395 3485 1601 3542 divina
1630 3482 1885 3557 disposi-

232 3585 391 3640 tione
449 3581 602 3638 adeo
649 3579 1020 3654 quadratura
1063 3576 1424 3648 congaudet,
1453 3580 1517 3633 ut
1542 3579 1599 3632 et
1627 3578 1887 3647 quatuor

231 3673 295 3730 in
325 3689 435 3729 suo
475 3671 669 3744 spatio
694 3685 872 3726 voces
903 3667 1223 3734 contineat,
1247 3671 1305 3723 et
1328 3664 1716 3740 quaternaria
1744 3663 1890 3720 divi-

234 3763 401 3819 sione
452 3761 575 3815 ﬁat.
626 3762 776 3815 Nam
845 3757 894 3812 si
946 3773 981 3813 a
1033 3757 1231 3829 prima
1276 3772 1424 3812 voce
1479 3771 1584 3828 per
1629 3757 1892 3827 quatuor

234 3854 428 3906 totum
453 3846 721 3902 diviseris
772 3845 982 3918 primae
1022 3845 1208 3917 partis
1263 3843 1546 3916 spatium,
1598 3843 1891 3898 diatessa-

234 3955 347 3996 ron
399 3936 744 3994 nominabis
779 3953 792 3991 :
827 3935 999 4006 cujus
1052 3935 1202 3990 ratio
1248 3934 1377 3990 haec
1431 3938 1539 4001 est,
1600 3933 1649 3988 si
1700 3934 1887 4006 [Lips.

2133 1889 2514 2031 υιςιξῖξξξη
2647 1889 2657 2028 Ι
2767 1927 2813 1978 Α
2888 1925 2931 1978 n
3007 1923 3051 1976 ρ
3127 1940 3157 1978 c
3233 1922 3273 1978 ἰ.

2127 2057 2504 2184 “rasas:
2643 2058 2653 2195 I
2759 2096 2801 2146 Β
2877 2098 2916 2149 ε
2991 2111 3028 2150 ει
3100 2094 3141 2149 ά
3215 2110 3271 2165 ε-

2215 2313 2250 2353 a
2280 2301 2448 2354 tertia
2651 2240 2662 2428 Ι
3068 2237 3144 2431 lg
3169 2309 3610 2441 W—

1965 315 2175 386 quinta
2201 316 2288 386 (E)
2319 315 2379 370 in
2404 319 2682 372 octavam
2706 318 2786 386 (a)
2817 315 2895 370 ab
2918 320 3129 370 octava
3144 315 3204 370 in
3235 314 3621 373 undecimam

1966 404 2052 475 (d)
2084 404 2163 459 ab
2184 404 2504 461 undecima
2531 405 2610 476 (d)
2630 399 2706 460 'in
2737 409 3016 476 quartam
3043 405 3341 460 decimam
3375 407 3453 477 (g)
3486 423 3621 478 quas

1967 499 2058 550 est
2085 494 2314 562 ultima,
2347 495 2524 568 quasi
2552 499 2812 567 quatuor
2851 494 3135 567 passibus
3165 497 3365 565 currit,
3398 497 3458 552 in
3498 497 3626 552 sola

1969 581 2177 638 ultima
2205 588 2371 656 parte
2406 584 2674 640 medium
2706 582 3088 638 semitonium
3120 585 3400 651 continet,
3441 602 3625 657 quem

1967 672 2028 728 in
2059 672 2189 728 aliis
2223 673 2392 746 ponit
2421 673 2482 729 in
2510 673 2720 746 capite.
2754 674 2901 729 Cum
2929 688 3070 727 vero
3101 688 3138 727 a
3166 674 3336 730 tertia
3364 691 3513 730 voce
3540 676 3623 746 (C)

1968 762 2029 818 in
2080 768 2308 819 sextam
2359 765 2447 836 (F)
2479 780 2514 819 a
2558 767 2724 819 sexta
2752 764 2828 835 (F)
2860 763 2920 818 in
2965 762 3225 834 primam
3273 779 3499 820 nonam
3543 765 3625 836 (b)

1968 852 2369 925 progreditur,
2398 869 2594 925 neque
2620 853 2679 908 in
2704 852 2920 924 primo,
2955 867 3152 924 neque
3179 851 3239 907 in
3268 853 3490 922 medio,
3523 853 3629 909 sed

1969 941 2032 997 in
2054 941 2172 997 fine
2203 942 2586 998 semitonium
2617 942 2831 1012 signat,
2863 943 2941 1014 (a.
2977 941 3058 1011 b.)
3092 945 3157 997 ut
3187 942 3254 1011 (c)
3289 942 3532 998 mutatis
3569 941 3628 997 in

1974 1029 2088 1085 hac
2119 1031 2272 1087 trina
2292 1031 2580 1088 divisione
2601 1031 2885 1088 lateribus
2906 1029 3082 1086 valde
3105 1030 3263 1086 hanc
3292 1029 3630 1086 mirabilem

1975 1119 2098 1174 duo
2129 1120 2250 1176 toni
2281 1120 2750 1194 semitoniusque
2789 1118 3128 1176 conﬁciant.
3164 1119 3630 1185 Quomodocun-

1976 1224 2094 1280 que
2121 1209 2280 1265 enim
2298 1209 2451 1265 duos
2482 1215 2654 1266 tonos
2683 1208 3188 1280 semitoniumque
3220 1209 3624 1278 conjunxeris,

1977 1295 2351 1369 diatessaron
2379 1297 2743 1353 nominabis.

2048 1389 2333 1443 Prasterea
2379 1392 2468 1443 est
2514 1387 2630 1444 alia
2653 1387 3049 1454 diatessaron,
3101 1403 3137 1442 a
3173 1386 3442 1443 secunda
3471 1403 3634 1442 nona

1977 1475 2047 1546 (ἢ)
2077 1491 2269 1548 usque
2312 1475 2390 1531 ad
2416 1475 2840 1532 duodecimam
2868 1477 2942 1546 (e)
2984 1479 3048 1530 ut
3077 1474 3242 1530 nulla
3267 1491 3382 1530 vox
3412 1475 3637 1532 suavis-

1909 1581 1948 1635 Β
1979 1563 2132 1620 sima
2179 1565 2308 1636 ejus
2363 1564 2817 1638 participatione
2865 1563 3151 1636 privetur,
3213 1563 3363 1620 sicut
3413 1564 3474 1620 in
3521 1565 3637 1621 hac

1977 1653 2174 1724 ﬁgura
2197 1658 2460 1710 notatur.

2133 1887 2514 1968 Diatessaron

2192 1975 2228 2013 a
2266 1974 2462 2031 prima

2127 2056 2504 2112 Diatessaron

2160 2144 2196 2183 a
2226 2128 2491 2184 secunda

2138 2227 2516 2284 Diatessaron

2215 2313 2250 2353 a
2280 2298 2448 2354 tertia

2647 1889 3273 2028 lADGcf.

2643 2058 3271 2195 lBEadg.

2759 2233 2798 2286 C
2876 2233 2912 2286 γ
2986 2230 3078 2286 bl
3180 2235 3452 2285 tessaron

2060 2521 2244 2590 Hujus
2269 2520 2614 2594 exemplum
2645 2526 2731 2578 est
2755 2540 2767 2578 :
2788 2523 3129 2580 Secundum
3155 2530 3356 2580 autem
3385 2527 3442 2578 et
3466 2524 3642 2580 item:

1989 2607 2263 2664 Christus
2294 2610 2496 2666 vincit.
2561 2610 2834 2667 Christus
2865 2618 3096 2682 regnat.
3144 2612 3419 2668 Christus
3467 2612 3648 2682 impe-

1986 2703 2106 2754 rat.
2138 2699 2266 2753 Rex
2296 2705 2512 2755 noster.
2543 2703 2608 2755 In
2637 2700 2750 2755 hac
2802 2701 2962 2755 enim
3019 2701 3338 2757 harmonia
3370 2701 3564 2772 major
3593 2704 3650 2756 et

1989 2786 2188 2842 minor
2212 2803 2349 2854 vox,
2383 2787 2442 2842 id
2469 2793 2575 2851 est,
2607 2789 2820 2861 quinta
2849 2790 2937 2860 (E)
2965 2794 3022 2845 et
3070 2794 3281 2846 octava
3330 2791 3403 2862 (a)
3431 2790 3648 2846 diates-

1992 2891 2170 2932 saron
2228 2875 2468 2933 duobus
2518 2877 2675 2933 tonis
2735 2883 2791 2934 et
2819 2878 3157 2948 semitonio,
3189 2883 3254 2934 ut
3281 2879 3510 2935 dictum
3540 2883 3646 2947 est,

1991 2965 2259 3039 implent.
2287 2966 2340 3022 Si
2369 2966 2447 3022 ad
2486 2967 2643 3022 hanc
2673 2983 2863 3023 unum
2897 2972 3129 3024 tantum
3157 2971 3388 3035 tonum,
3425 2969 3529 3040 qui
3561 2973 3651 3023 est

1992 3071 2029 3112 a
2058 3059 2275 3128 quarta
2309 3058 2396 3127 (D)
2425 3055 2486 3111 in
2507 3057 2783 3128 quintam
2813 3057 2900 3129 (E)
2923 3057 3230 3128 adjeceris,
3256 3057 3534 3130 diapente
3567 3057 3651 3112 ni-

1990 3145 2317 3201 hilominus
2347 3146 2773 3219 symphoniam
2799 3146 3136 3203 mirabilem
3161 3147 3521 3219 pervidebis.

2067 3235 2348 3308 Diapente
2366 3240 2566 3292 autem
2597 3235 2830 3306 dicitur,
2865 3237 2925 3291 id
2978 3241 3088 3307 est,
3147 3236 3222 3292 de
3257 3237 3549 3309 quinque,
3581 3251 3652 3292 eo

1992 3323 2159 3397 quod
2188 3325 2456 3398 quinque
2479 3325 2700 3382 habeat
2729 3341 2928 3393 voces,
2961 3330 3018 3382 et
3044 3341 3080 3382 a
3105 3325 3304 3397 prima
3336 3326 3420 3398 (A)
3454 3325 3654 3382 termi-

1994 3419 2169 3471 netur
2196 3413 2256 3470 in
2286 3414 2562 3486 quintam
2587 3414 2694 3486 (E).
2728 3414 3013 3470 Deﬁnitur
3042 3420 3242 3470 autem
3287 3416 3467 3486 [Lips.
3496 3413 3656 3470 Ι)ίῶ-

1996 3502 2156 3558 nitur
2182 3507 2382 3558 autem
2429 3503 2564 3575 ipsa
2602 3503 2814 3575 quinta
2863 3505 2912 3574 e]
2946 3504 3123 3560 totius
3149 3504 3227 3560 ab
3257 3504 3460 3577 aliqua
3485 3519 3654 3573 voce,

1997 3590 2078 3648 ad
2103 3607 2290 3664 quam
2321 3596 2726 3664 comparatur,
2759 3592 3052 3648 divisione
3076 3593 3332 3648 ternaria
3361 3611 3372 3660 ;
3427 3597 3492 3648 ut
3521 3609 3659 3648 cum

1998 3680 2210 3753 quinta
2242 3681 2376 3752 [vox
2405 3681 2554 3751 (I53)
2586 3685 2971 3752 comparatur
3019 3681 3094 3736 ad
3142 3681 3401 3753 primam
3460 3699 3471 3734 :
3520 3680 3664 3736 deti-

1999 3767 2160 3824 nitur
2219 3772 2420 3823 autem
2476 3768 2607 3840 ipsa
2651 3769 2862 3840 quinta
2889 3768 3067 3824 totius
3097 3769 3337 3824 chordae
3379 3785 3414 3824 a
3439 3769 3657 3840 prima,

2001 3855 2293 3912 divisione
2345 3857 2621 3922 ternaria,
2671 3871 2808 3928 quae
2852 3855 3132 3928 diapente
3162 3857 3417 3927 dicitur],
3451 3861 3506 3912 et
3531 3856 3664 3912 ubi-

2005 3959 2244 4015 cunque
2289 3947 2427 4000 ante
2473 3943 2566 4000 vel
2618 3948 2756 4015 post
2797 3943 3174 4000 diatessaron
3206 3946 3529 4001 occurrerit
3559 3945 3665 4000 ad-

233 4028 425 4102 quod]
507 4026 702 4099 prima
781 4040 920 4094 vox,
1007 4027 1356 4096 comparata
1449 4023 1527 4079 8d
1614 4027 1894 4095 quartam
2000 4032 2247 4103 junctus
2281 4030 2333 4086 ei
2362 4031 2512 4103 (154)
2542 4031 2914 4089 diatessaron
2940 4033 3220 4104 diapente
3246 4033 3402 4088 facit.
3430 4035 3670 4089 Constat

238 4119 420 4190 [Lips.
461 4131 518 4173 a.
575 4117 925 4187 comparata
965 4111 1044 4168 ad
1101 4115 1380 4184 quartam
1411 4111 1474 4182 ἀ]
1527 4111 1713 4167 habet
1760 4127 1896 4166 eam
2009 4123 2210 4176 autem
2249 4119 2496 4176 vocibus
2519 4121 2789 4194 quinque
2819 4121 2974 4177 tonis
3004 4121 3214 4192 tribus,
3245 4127 3303 4178 et
3356 4121 3670 4178 semitonio

239 4212 425 4265 totam
475 4206 537 4262 in
567 4221 651 4276 se,
673 4208 732 4261 et
749 4220 818 4260 eo
850 4201 1130 4276 amplius,
1188 4206 1487 4274 quantum
1545 4206 1633 4258 est
1682 4205 1877 4274 quartt

2010 4211 2071 4265 in
2100 4209 2424 4266 intervallis
2454 4209 2723 4266 videlicet
2777 4213 3039 4283 quatuor
3084 4211 3188 4266 :in
3229 4210 3486 4266 deﬁnitis
3529 4226 3672 4266 vero

241 4315 383 4373 pars
412 4297 600 4370 ipsius
632 4293 842 4369 prima:
881 4293 1007 4349 sive
1051 4291 1222 4348 tertia
1276 4307 1419 4365 pars
1449 4297 1676 4365 quartae
1711 4309 1724 4347 :
1768 4291 1877 4347 haec

2011 4298 2264 4355 vocibus
2321 4299 2456 4356 loca
2486 4299 2751 4356 continet
2798 4316 3038 4364 novem,
3079 4299 3153 4356 de
3183 4300 3405 4373 quibus
3443 4299 3504 4354 in
3537 4314 3674 4371 sep-

245 4387 458 4444 eadem
513 4385 891 4441 diatessaron
944 4385 1037 4438 est
1101 4381 1284 4453 [Lip8.
1317 4381 1478 4438 deest
1507 4381 1612 4456 est]
1665 4380 1744 4438 ad
1771 4397 1902 4438 am-
2014 4391 2159 4456 tem,
2235 4405 2374 4444 cum
2425 4389 2487 4445 in
2548 4389 2746 4462 primo
2805 4393 2862 4446 et
2913 4389 3122 4446 ultimo
3173 4394 3383 4446 tonum
3433 4387 3673 4452 habeat,

248 4476 557 4552 pliandam
584 4474 676 4531 sui
697 4471 959 4530 nominis
979 4471 1332 4542 dignitatem
1383 4487 1420 4528 a
1468 4471 1666 4544 prima
1692 4472 1779 4542 (A)
1809 4471 1905 4527 vel
2018 4477 2364 4551 quicunque
2415 4477 2652 4535 ablatus
2709 4478 2905 4549 fuerit,
2965 4483 3102 4552 post
3157 4477 3526 4535 ablati'onem
3557 4467 3680 4532 dia-

252 4565 522 4624 secunda
558 4564 645 4636 (B)
695 4578 843 4620 voce
873 4561 1227 4634 procedens,
1281 4576 1353 4616 ac
1383 4560 1600 4616 deinde
1636 4577 1698 4617 se
1727 4560 1801 4617 de
1827 4576 1877 4616 se

2019 4572 2292 4624 tessaron
2345 4568 2724 4625 remanebit:
2760 4568 2911 4624 sicut
2959 4568 3260 4640 diapente,
3317 4567 3482 4639 quod
3531 4571 3619 4621 est
3650 4582 3687 4622 a

254 4656 510 4728 metipsa
533 4653 898 4710 constituens
954 4649 1034 4708 ad
1083 4649 1268 4706 ﬁnem
1310 4666 1506 4724 usque
1533 4651 1626 4706 bis
1651 4655 1912 4724 quatuor
2020 4657 2218 4730 prima
2239 4657 2330 4728 (A)
2368 4657 2430 4713 in
2457 4657 2732 4730 quintam
2764 4660 2851 4728 (Ε)
2879 4657 2938 4712 in
2958 4657 3153 4729 primo
3183 4661 3242 4712 et
3267 4656 3476 4711 ultimo
3503 4655 3687 4711 habet

257 4747 493 4804 sibimet
515 4744 648 4801 loca
672 4741 1032 4800 vendicavit.
1061 4743 1209 4797 Nam
1239 4757 1276 4797 a
1300 4741 1498 4814 prima
1530 4741 1617 4812 (A)
1648 4741 1708 4796 in
1738 4757 1916 4814 quar-
2023 4751 2254 4804 tonum.
2306 4746 2362 4802 Si
2391 4747 2570 4815 igitur
2603 4752 2832 4809 tonum,
2873 4747 2974 4818 qui
3023 4746 3255 4818 primus
3297 4749 3408 4813 est,
3443 4761 3688 4818 separa-

258 4834 492 4906 tam(D)
515 4848 638 4888 una
664 4831 1036 4887 diatessaro-i
1073 4834 1200 4897 est;
1244 4845 1280 4885 a
1328 4833 1546 4902 quarta
1575 4832 1668 4898 (D)
1698 4830 1828 4903 ipsa
1854 4831 1914 4886 in
2025 4835 2202 4906 veris,
2237 4852 2273 4890 a
2331 4835 2597 4890 secunda
2627 4836 2712 4906 (Β)
2766 4837 2828 4891 in
2879 4835 3156 4908 quintam
3187 4836 3275 4906 (E)
3315 4834 3691 4891 diatessaron

260 4923 578 4998 septimam
608 4922 697 4993 (G)
729 4919 950 4986 altera;
1004 4935 1040 4974 a
1064 4935 1187 4990 qua
1227 4919 1287 4973 in
1344 4918 1644 4975 decimam
1677 4920 1749 4991 (c)
1799 4925 1917 4976 ter-
2027 4922 2366 4980 remanebit
2398 4941 2410 4978 :
2441 4923 2489 4978 si
2547 4939 2688 4978 vero
2744 4923 3020 4980 ultimum
3077 4923 3272 4993 tollas,
3305 4939 3341 4979 a
3379 4923 3575 4996 prima
3601 4927 3692 4990 (A)

260 5015 385 5082 tia;
441 5029 478 5068 a
529 5010 764 5067 decima
809 5023 950 5064 vero
1005 5005 1078 5078 (c)
1135 5007 1196 5062 in
1246 5007 1481 5063 tertiam
1524 5007 1822 5065 decimam
1854 5009 1918 5081 (ἰ)
2030 5013 2092 5069 in
2141 5015 2422 5085 quartam
2499 5013 2589 5083 (D)
2647 5029 2819 5085 aaque
2894 5012 3262 5069 diatessaron
3341 5012 3694 5068 remanebit.

262 5108 496 5178 quarta,
555 5100 780 5172 ubique
827 5100 1042 5170 praeter
1091 5095 1364 5152 ultimam
1410 5097 1470 5152 in
1514 5098 1714 5154 medio
1745 5104 1918 5156 tono-
2036 5100 2392 5173 Hujusmodi
2448 5105 2649 5157 autem
2711 5101 2989 5175 diapente
3049 5102 3111 5158 in
3169 5101 3286 5157 hac
3346 5102 3543 5169 ﬁgura
3595 5114 3701 5152 no-

264 5211 398 5251 rum
425 5192 685 5248 duorum
738 5186 1121 5244 semitonium
1169 5188 1438 5258 portans.
1475 5187 1548 5242 At
1577 5203 1718 5244 vero
1746 5204 1926 5245 econ-
2039 5191 2194 5250 tabis
2226 5191 2392 5263 (I55).

341 5352 489 5422 (I33)
527 5352 682 5420 Lips.
707 5346 974 5422 uncinis
1003 5344 1234 5422 inclusa
1277 5345 1358 5401 ita
1401 5345 1584 5422 habet
1617 5365 1628 5401 :
1682 5350 1722 5401 E
1753 5350 1930 5422 totius

280 5417 524 5477 onoma-
549 5417 814 5489 dprima
846 5423 891 5472 Α
913 5417 1201 5489 divisione
1241 5420 1534 5489 ternarta,
1565 5434 1694 5488 quae
1724 5421 1934 5475 divisio

281 5495 562 5563 diapente
589 5487 831 5546 dicitur.
865 5487 979 5565 sed
1029 5487 1260 5565 absque
1317 5487 1502 5565 dubio
1535 5487 1621 5543 est
1646 5506 1813 5565 error
1843 5508 1936 5548 ca-
2049 5487 2160 5549 nec
2186 5487 2258 5549 ex
2285 5487 2594 5565 Lipsiensi.
2628 5493 2737 5565 ubi
2765 5491 2999 5565 deﬁcit,
3039 5489 3366 5565 emendari
3397 5489 3552 5544 valet
3581 5506 3592 5541 :
3631 5489 3711 5543 ita

282 5558 453 5633 lami,
476 5568 795 5633 nosterque
828 5559 1014 5615 codex
1042 5558 1194 5614 bene
1241 5560 1421 5615 habet
1462 5560 1667 5632 quoad
1713 5561 1937 5619 ultima.
2052 5569 2253 5621 autem
2302 5558 2654 5634 corrigenda
2687 5562 2937 5626 videtur,
2972 5560 3050 5614 uti
3110 5579 3144 5614 α
3175 5561 3348 5616 nobis
3381 5566 3572 5632 posita
3602 5565 3708 5614 est.

751 5652 992 5704 PATROL.
1036 5649 1278 5704 CXXXIII
3229 5655 3295 5703 25

2117 5351 2262 5420 (liii)
2298 5354 2378 5406 Ita
2407 5355 2682 5422 uterque:
2707 5351 3073 5405 sedomnino
3095 5346 3476 5422 inserendum
3507 5353 3700 5402 tonus.

2122 5418 2262 5493 (I35)
2295 5423 2505 5490 Figura
2561 5418 2688 5478 haec
2744 5423 2815 5493 in_
2867 5425 3072 5493 nostro
3105 5418 3566 5493 cod._mendosa
3597 5424 3705 5493 est,
