4096 6138
394 155 498 207 779

701 297 708 366 Ι
1099 293 1380 366 Diapente
1708 365 1735 366 η
1773 263 2040 366 *ψ’-’ξ
2085 259 2130 310 Α

473 457 707 528 muml
805 467 948 522 AT.
1023 465 1176 544 es.
1267 463 1407 516 cr.
1488 461 1628 514 υτ.
1755 457 1764 522 ι
1887 457 2005 544 E.__

523 553 1202 638 WT
1269 561 1406 616 ES.
1475 559 1622 638 ΕΤ.
1758 561 1765 624 ι
1880 553 1922 606 G

501 651 1624 736 πἿἾῖθεῖίτῗξςηξΤ.
1761 653 1768 722 ι
1886 651 1946 706 d.

491 753 855 834 WW1?!)
896 763 954 816 T.
1047 761 1184 814 es.
1271 758 1410 812 FT.
1491 753 1667 834 ατη
1747 753 1924 834 ἐμὲ

519 851 959 930 V.—TﬁaT.
1064 851 1630 922 qS.c.T.dT.
1768 851 1776 920 |
1895 867 1924 904 e

493 951 633 1014 vi?
697 961 704 1030 ι
827 974 858 1012 c
896 960 958 1012 T.
1052 953 1090 1010 d
1129 957 1191 1010 Τ.
1267 967 1318 1006 e.
1364 953 1417 1008 s.
1505 951 1630 1030 ετ.
1679 951 1928 1030 Wlmg

827 960 958 1012 cT.
1052 953 1191 1010 d'l‘.
1267 953 1417 1008 e.S.
1505 950 1630 1005 fT.

1675 1027 2016 1039 υ*-

697 1057 704 1064 .
809 1057 849 1064 -ε
892 1058 931 1064 .._
1050 1056 1079 1064 ι’.
1124 1055 1163 1064 ..ι
1287 1040 1294 1041 7
1305 1040 1330 1042 ἡ
1349 1053 1389 1064 ηε
1495 1049 1509 1064 ⁴Ι
1578 1051 1607 1064 ιἹ
1661 1040 1667 1042 ὴ
1768 1049 1774 1064 Ι
1902 1063 1910 1064 κ

491 1059 614 1114 VII.

469 1193 723 1264 Excepto
784 1204 904 1244 uno
951 1201 986 1243 a
1015 1185 1226 1260 quinta
1257 1183 1337 1256 (E)
1371 1181 1430 1238 in
1469 1197 1694 1238 nonam
1719 1181 2048 1237 secundam

395 1283 486 1352 (ἐξ),
514 1295 648 1353 quae
697 1279 758 1334 in
807 1275 1003 1350 primo
1032 1273 1414 1331 semitonium
1462 1271 1642 1328 habet
1674 1287 1812 1327 cum
1837 1269 2050 1343 reliqui

393 1373 454 1428 in
505 1370 702 1443 primo
732 1371 788 1424 et
817 1367 1024 1423 ultimo
1073 1369 1286 1422 tonum
1337 1361 1602 1418 habeant
1635 1379 1646 1416 :
1682 1365 1738 1417 et
1792 1359 1976 1417 altera
2015 1377 2050 1415 a

395 1475 556 1516 nona
585 1458 784 1532 prima
812 1455 893 1528 (b)
926 1455 986 1510 in
1009 1451 1242 1510 tertiam
1281 1451 1600 1518 decimam,
1631 1449 1736 1506 ubi
1788 1453 2054 1506 econtra-

395 1550 483 1606 rio
515 1545 901 1603 semitonium
925 1542 1222 1599 invenitur
1250 1539 1312 1596 in
1342 1539 1569 1596 ultimo.

697 1064 706 1127 |
809 1064 849 1110 Ε
891 1064 950 1110 Τ.
1044 1064 1186 1108 U'l'.
1276 1064 1408 1106 a'i'.
1495 1064 1632 1104 ne.
1767 1064 1774 1117 |
1889 1064 1940 1102 c.

467 1689 651 1760 Hujus
669 1691 870 1746 autem
891 1685 1168 1758 diapente
1183 1683 1460 1756 exempla
1481 1681 1670 1738 multa
1685 1681 1963 1753 reperies,
1977 1680 2053 1736 de

1499 1775 1710 1830 DEDC
1772 1775 1816 1826 D
1892 1776 2018 1828 DD

397 1869 618 1942 quibus
649 1871 741 1924 est
765 1867 913 1923 illud
945 1880 1188 1922 carmen
1219 1864 1400 1920 Boetii
1441 1881 1454 1918 :
1503 1863 1598 1918 Bel
1645 1861 1705 1918 la
1743 1862 1836 1918 bis
1857 1861 2056 1935 quinis

399 1955 1305 2016 CDEFEDCEDCDDD
1383 1951 2057 2008 DDEFGGFDCFF

399 2051 683 2122 operatus
714 2045 888 2102 annis
919 2044 1074 2100 ultor
1091 2042 1320 2098 Atrides
1349 2041 1616 2114 Phrygiae
1644 2039 1830 2098 ruinis
1861 2039 2057 2097 fratris

399 2137 510 2191 ED
571 2136 610 2188 C
665 2135 1131 2190 DDEFEDD

399 2225 654 2280 amissos
685 2223 983 2278 thalamos
1015 2221 1220 2295 piavit.
1257 2225 1318 2276 In
1349 2237 1470 2293 qua
1521 2219 1780 2276 melodia
1820 2219 2059 2288 gravior

397 2329 513 2370 vox
565 2312 732 2368 tertia
790 2311 898 2384 (Ο),
932 2309 1163 2368 acutior
1219 2325 1359 2364 vero
1415 2309 1670 2380 septima
1711 2311 1752 2364 G
1786 2315 1890 2374 est,
1920 2327 2056 2381 qum

399 2418 520 2458 uno
551 2402 829 2474 diapente
855 2401 1215 2471 junguntur,
1275 2399 1555 2471 Diapente
1583 2399 1696 2454 hoc
1746 2405 1853 2468 est,
1883 2400 2056 2468 cujus

399 2491 638 2560 gravior
679 2507 798 2545 vox
849 2493 1014 2544 tanta
1043 2503 1328 2543 mensura
1366 2493 1605 2560 superat
1652 2487 1978 2542 acutiorem
2004 2493 2060 2543 et

401 2579 790 2651 posteriorem
828 2593 1060 2648 vocem,
1095 2579 1323 2648 quanta
1353 2581 1440 2630 est
1481 2576 1646 2632 tertia
1685 2591 1824 2648 pars
1873 2575 2060 2650 ipsius

402 2669 710 2738 gravioris,
737 2667 834 2722 vel
857 2665 1060 2722 media
1087 2665 1432 2739 posterioris
1465 2685 1476 2721 :
1510 2667 1654 2738 quia
1709 2681 1846 2720 cum
1897 2665 2060 2740 prior

397 2756 622 2812 habeat
669 2755 778 2811 tria
831 2754 1024 2828 spatia
1075 2755 1154 2811 ad
1183 2755 1385 2821 ﬁnem,
1428 2753 1720 2828 posterior
1745 2771 1882 2810 vero
1913 2754 2059 2810 duo-

399 2845 516 2901 bus
541 2845 762 2901 horum
796 2843 1002 2917 spatiis
1032 2845 1310 2900 contenta
1341 2847 1450 2899 est.

1157 144 1211 198 S.
1257 139 1512 196 ODONIS
1553 134 1842 192 ABBATIS
1884 132 2012 188 SEU
2052 129 2394 185 ALTEBIUS
2431 129 2688 186 ODO‘NIS
2727 127 3038 184 MONACHI

3699 123 3808 176 780

2837 281 3134 352 Uiapason

2199 1287 3764 1376 ""“iin;—_l—‘s—TT—e—‘
3823 1282 3836 1584 Ι

2193 1387 3780 1496 W

2359 1506 2424 1558 VI
2435 1545 2447 1558 .
2625 1507 2632 1576 |
2801 1507 2844 1558 G
3018 1521 3046 1560 c
3579 1523 3618 1576 g

2881 479 3160 552 Diapente

2881 479 3160 552 Diapente

2786 595 3090 702 '\
3225 594 3268 646 D
3301 589 3536 660 iapente

2777 723 3271 968 [Marork
3311 805 3674 900 7%

2775 907 3027 968 +———4
3063 895 3182 960 /
3313 887 3344 920 ί
3371 907 3613 962 Diatess.

2790 997 2834 1048 Α
3005 995 3047 1048 D
3229 995 3270 1048 E
3595 1011 3632 1050 a

2747 1114 2926 1199 _I)__
3000 1111 3040 1166 G
3240 1126 3278 1166 a
3573 1111 3614 1168 d

2792 1209 2832 1262 C
2997 1209 3038 1262 F
3243 1211 3284 1262 G
3583 1228 3614 1262 c

2273 891 2490 943 li‘ormu

2325 987 2380 1042 la
2421 987 2459 1039 Ι.

2229 1095 3278 1181 ——ll.—_|-——I)G—a

2361 1210 2450 1264 III.
2619 1211 2627 1280 ι
2792 1209 2832 1262 c
2997 1209 3038 1262 F
3243 1211 3284 1265 G
3583 1228 3614 1268 c

2199 1287 3614 1376 ""“iit’IT—l—i—ﬁ—T

2199 1389 3606 1477 '_V-._[_F——F—c—_f

2625 1507 2632 1576 |
2801 1507 2844 1558 G
3018 1521 3046 1560 c
3252 1505 3292 1560 d
3579 1523 3618 1576 g
3823 1488 3834 1596 Ι

2359 1506 2447 1558 VI.

2093 1628 2132 1680 Β
2235 1624 2382 1680 Sunt
2411 1627 2612 1678 autem
2651 1622 3004 1693 hujusmodi
3029 1621 3310 1678 iormulas
3339 1639 3466 1686 sex.
3497 1624 3556 1679 in
3603 1625 3844 1696 quibus

2164 1711 2468 1780 omnibus,
2530 1710 2682 1768 sicut
2732 1711 2792 1766 in
2839 1711 3056 1782 prima,
3108 1711 3394 1782 praedicta
3447 1711 3652 1781 regula
3703 1713 3842 1769 fixa

2164 1803 2388 1856 manet.

2237 1891 2434 1946 Restat
2479 1895 2767 1961 praeterea
2823 1905 3014 1946 unum
3063 1889 3422 1962 diapasona
3451 1891 3838 1963 secunda(B)

2165 1979 2226 2034 in
2274 1979 2606 2036 secundam
2657 1994 2886 2036 nonam
2915 1979 3002 2050 ('1)
3031 1995 3070 2036 a
3115 1979 3420 2052 prioribus
3449 1981 3838 2054 discrepans,

2166 2069 2310 2140 quia
2336 2083 2372 2124 a
2403 2069 2670 2124 secunda
2691 2069 2973 2142 diapente
2999 2085 3122 2124 non
3152 2069 3464 2126 invenitur.
3499 2073 3598 2126 Est
3619 2075 3840 2127 autem

2165 2157 2226 2212 in
2259 2157 2372 2212 hac
2413 2157 2780 2229 symphonia
2807 2157 3096 2220 divinum.
3123 2158 3288 2230 quod
3321 2158 3518 2230 prima
3545 2175 3664 2216 vox
3693 2161 3842 2230 ejus

2169 2251 2227 2300 ct
2277 2245 2482 2302 ultima
2533 2251 2654 2302 tam
2693 2247 2952 2302 mirabili
2999 2247 3286 2304 suavitate
3339 2249 3728 2310 concordant.
3767 2255 3842 2306 ut

2169 2336 2445 2392 eamdem
2499 2352 2707 2392 vocem
2731 2353 2851 2392 una
2891 2340 3070 2408 atque
3103 2336 3287 2392 altera
3318 2353 3532 2394 sonare
3559 2337 3692 2392 vide
3723 2352 3840 2392 an-

2171 2429 2298 2493 tur;
2331 2425 2464 2486 licct
2493 2429 2688 2498 prima
2733 2426 2936 2492 virilis,
2967 2431 3024 2482 et
3051 2426 3260 2484 ultima
3303 2427 3377 2484 sit
3425 2427 3668 2500 puerilis
3700 2445 3712 2480 :
3745 2426 3840 2482 ita

2168 2513 2326 2569 enim
2370 2514 2760 2580 concordant,
2801 2531 2872 2570 ac
2920 2515 2972 2570 si
3013 2514 3099 2570 vir
3157 2531 3296 2570 cum
3327 2531 3518 2586 puero
3543 2513 3836 2572 eamdem

2168 2603 2491 2660 melodiam
2515 2603 2715 2670 simili,
2751 2609 3046 2675 quantum
3061 2603 3297 2660 diversa
3342 2609 3558 2660 natura
3577 2604 3838 2676 permit-

2169 2691 2252 2758 tit,
2283 2707 2425 2746 voce
2451 2692 2856 2763 pronuntient.
2889 2693 3052 2750 Unde
3085 2692 3172 2762 ﬁt,
3231 2697 3296 2748 ut
3343 2693 3590 2764 quando
3619 2699 3838 2748 canto-

2165 2795 2292 2836 rem
2351 2779 2496 2836 alter
2551 2780 2852 2852 prae-cedit,
2901 2781 3170 2854 alterque
3211 2781 3618 2854 subsequitur,
3675 2782 3836 2838 nihil

2166 2869 2332 2924 aliud
2379 2875 2550 2926 sonet
2601 2885 2757 2926 unus
2795 2885 2982 2942 quam
3029 2869 3196 2942 alter,
3245 2887 3381 2943 quas
3411 2871 3728 2944 diapason,
3765 2871 3836 2928 id

473 2985 674 3043 Tertia
702 3003 844 3044 vero
875 2986 1241 3060 symphonia
1270 2986 1586 3060 diapason,
1617 2985 1678 3042 id
1709 2989 1820 3058 est,
1846 2984 2054 3058 dupla,
2096 2979 2136 3034 C
2166 2963 2276 3030 est,
2309 2964 2524 3060 ροβεινθι
2549 2975 2667 3016 νοΧ
2687 2965 3078 3060 ’Πυιξὶθνθιιιινι
3135 2961 3394 3034 Ideoque
3443 2961 3670 3060 factum
3690 2967 3832 3060 est,

403 3077 522 3134 sive
575 3077 650 3134 de
705 3077 948 3134 duobus
1001 3076 1366 3134 nominatur.
1428 3076 1610 3148 [Lips.
1661 3076 1956 3149 diapason
1984 3092 2058 3132 ex

401 3171 535 3222 octo
557 3166 809 3224 vocibus
834 3167 1116 3238 constat]
1174 3166 1412 3232 Quoties
1439 3167 1634 3236 major
1665 3181 1780 3222 vox
1808 3165 1902 3222 bis
1933 3169 2060 3222 tan-

401 3259 530 3312 tum
579 3257 764 3314 habet
821 3256 896 3312 de
955 3255 1201 3324 chorda,
1259 3271 1444 3327 quam
1495 3255 1712 3323 minor,
1747 3255 1870 3310 sive
1917 3271 2058 3311 cum

403 3344 600 3416 major
655 3361 773 3400 vox
821 3361 929 3418 per
973 3343 1266 3410 medium,
1321 3343 1380 3398 id
1431 3348 1542 3410 est,
1582 3344 1644 3399 in
1674 3345 1828 3400 duas
1857 3347 2060 3416 partes

402 3433 617 3502 divisa,
659 3433 841 3490 aliam
860 3449 1070 3490 vocem
1099 3434 1394 3498 terminat,
1425 3433 1574 3489 sicut
1623 3439 1713 3490 est
1743 3435 1832 3504 (Α)
1863 3434 2062 3506 prima

391 3523 484 3582 ad
533 3527 810 3579 octavam
857 3523 957 3594 (a).
1011 3523 1096 3580 Fit
1151 3526 1350 3578 autem
1409 3524 1531 3577 haec
1561 3523 1854 3596 diapason
1906 3523 2058 3578 dua-

402 3611 520 3668 bus
579 3611 936 3684 supradictis
995 3609 1396 3684 symphoniis,
1449 3611 1510 3666 id
1541 3615 1644 3676 est,
1687 3611 2058 3668 diatessaron

403 3703 460 3756 et
487 3699 766 3772 diapente
819 3699 900 3756 ad
958 3716 1022 3756 se
1076 3699 1334 3756 invicem
1364 3699 1674 3773 copulatis.
1711 3699 2060 3774 Ubicunque

403 3787 566 3844 enim
631 3787 1004 3846 diatessaron
1083 3793 1140 3844 et
1213 3788 1514 3862 diapente,
1587 3789 1712 3846 sive
1779 3789 2062 3862 diapente

403 3881 460 3934 et
531 3877 906 3934 diatessaron
987 3877 1392 3949 conjunxeris,
1445 3877 1740 3950 diapason
1787 3877 2058 3951 plenissi-

401 3982 568 4022 mam
627 3966 964 4040 pervidebis
1019 3969 1202 4037 [Lips.
1261 3967 1608 4040 pernotabis
1662 3971 1720 4024 et
1772 3966 2052 4037 videbis].

403 4058 472 4112 Ut
493 4072 630 4112 cum
671 4071 706 4111 a
736 4055 932 4128 prima
959 4055 1022 4114 in
1047 4059 1332 4128 quartam
1382 4057 1476 4127 (D)
1495 4056 1970 4120 titdiatessaron,
2001 4061 2060 4114 et

401 4162 439 4204 a
458 4150 674 4220 quarta
723 4146 784 4202 in
816 4151 1094 4204 octavam
1126 4147 1202 4218 (a)
1231 4147 1530 4219 diapente,
1585 4163 1621 4204 a
1656 4147 1852 4220 prima
1883 4147 1972 4220 (A)
1993 4147 2058 4204 in

401 4239 680 4292 octavam
711 4236 788 4308 (a)
819 4236 1140 4309 diapason,
1171 4236 1232 4292 id
1261 4240 1368 4302 est,
1411 4236 1702 4294 medietas
1729 4236 1939 4309 primae
1965 4237 2056 4309 (A)

2164 3047 2332 3122 quod
2371 3048 2434 3104 in
2465 3049 2880 3106 monochorda
2921 3065 3302 3122 unaquteque
3355 3065 3472 3106 vox
3501 3049 3580 3106 ab
3607 3057 3836 3108 octava

2167 3155 2298 3208 sua,
2356 3153 2543 3210 quam
2617 3137 2817 3194 medio
2887 3138 3116 3206 dividit,
3175 3139 3392 3196 eodem
3455 3139 3832 3208 charactere,

2165 3226 2444 3306 quamvis
2471 3225 2744 3282 dissimili
2789 3227 3098 3297 ﬁguretur.
3135 3227 3298 3284 Unde
3341 3227 3442 3285 illa
3470 3243 3605 3298 vox,
3633 3245 3832 3302 quam

2165 3317 2426 3387 primam
2457 3331 2684 3372 nonam
2715 3315 2800 3382 ib)
2834 3316 3114 3386 dicimus,
3141 3317 3288 3374 nulli
3317 3317 3588 3390 priorum
3611 3318 3832 3374 similis

2166 3405 2444 3474 cernitur,
2503 3405 2644 3476 quia
2695 3405 2862 3461 nulla
2911 3405 3184 3477 priorum
3241 3406 3480 3462 sibimet
3527 3406 3834 3479 diapason

2167 3495 2448 3550 charitate
2501 3495 2862 3563 famulatur;
2913 3495 3018 3552 sed
3065 3496 3210 3568 quia
3257 3497 3642 3554 semitonium
3683 3514 3832 3554 cum

2166 3587 2378 3640 octava
2405 3582 2679 3652 faciebat,
2713 3583 3012 3642 semitonii
3041 3585 3286 3642 nomine
3315 3585 3654 3643 decoratur.

2237 3673 2359 3744 (De)
2399 3673 2697 3744 diapason
2723 3677 2926 3732 autem
2958 3675 3326 3747 symphonia
3379 3675 3528 3732 illud
3557 3676 3738 3732 etiam
3769 3683 3832 3734 et

2165 3762 2426 3831 vulgaris
2451 3762 2706 3832 musica,
2733 3762 2932 3820 ﬁstula
2960 3763 3250 3833 videlicet,
3280 3767 3338 3822 et
3360 3765 3590 3822 cithara
3611 3765 3738 3822 sive
3757 3767 3830 3822 ﬁo

2165 3851 2310 3908 dula
2338 3853 2600 3926 probant
2630 3871 2642 3908 :
2667 3853 2834 3926 quod
2863 3853 3010 3910 satis
3037 3853 3398 3910 commodus
3451 3861 3666 3912 cantus
3713 3861 3826 3924 est,

2165 3941 2310 4013 quia
2335 3958 2456 3998 una
2479 3942 2795 4014 diapason,
2819 3942 2880 3998 id
2905 3949 3016 4014 est,
3039 3947 3172 4000 octo
3195 3943 3444 4000 vocibus
3463 3945 3826 4002 continetur.

2167 4029 2576 4088 Ecclesiastica
2599 4035 2800 4088 autem
2829 4032 3204 4090 consuetudo
3229 4033 3491 4102 tradidit,
3543 4039 3607 4090 ut
3635 4051 3678 4090 a
3703 4035 3828 4092 ﬁne

2168 4136 2280 4176 suo
2313 4121 2514 4178 nullus
2547 4125 2760 4178 cantus
2791 4122 3122 4196 plusquam
3152 4122 3230 4180 ad
3259 4127 3536 4180 octavam
3565 4129 3782 4196 surgat
3811 4143 3828 4182 :

2165 4209 2332 4281 quod
2357 4226 2496 4266 cum
2523 4209 2608 4279 ﬁt,
2639 4210 2802 4268 idem
2829 4215 3040 4266 cantus
3068 4211 3252 4281 [Lipa
3281 4211 3346 4268 id
3373 4217 3481 4282 est,
3515 4229 3656 4270 cum
3687 4231 3832 4272 can-

2091 4337 2136 4390 Β
2166 4299 2286 4370 tus]
2317 4299 2396 4355 ad
2409 4303 2682 4358 octavam
2713 4299 2886 4358 aﬁne
2911 4301 3234 4371 consurgit,
3265 4302 3572 4362 rarissime
3593 4309 3650 4360 et
3675 4319 3832 4362 non-

2165 4389 2278 4444 nisi
2307 4388 2368 4444 in
2395 4389 2816 4462 prolixioribus
2837 4389 3114 4448 cantibus
3132 4391 3268 4464 plus
3295 4408 3334 4450 a
3351 4393 3618 4450 secunda
3647 4410 3686 4450 a
3705 4395 3828 4451 ﬁne

475 4465 644 4554 Illud,
677 4469 877 4523 autem
907 4471 994 4522 est
1045 4467 1404 4532 notandum,
1453 4467 1619 4542 (111οά
1676 4485 1748 4526 ea
1777 4485 1890 4526 VOX
1937 4467 2050 4542 (D).
2164 4477 2508 4536 descendat.
2567 4481 2708 4546 Quae
2762 4479 2946 4550 [Lipa
2999 4479 3186 4552 quod]
3239 4481 3288 4536 si
3325 4481 3598 4554 defuerit,
3629 4499 3828 4540 unum

399 4571 536 4630 quae
580 4553 656 4614 ad
705 4555 964 4630 primam
1033 4557 1122 4630 (Α)
1166 4559 1257 4613 est
1318 4557 1710 4630 diatessaron,
1765 4557 1842 4615 ad
1896 4563 2054 4616 Octa-
2163 4570 2394 4626 tantum
2442 4567 2739 4640 diapason
2774 4567 2868 4623 ille
2915 4571 3128 4624 cantus
3171 4568 3436 4626 habebit.
3493 4553 3640 4644 (£576)
3687 4573 3828 4645 Ipsa

398 4659 536 4702 vam
593 4645 673 4718 (a)
730 4649 1080 4720 comparata
1136 4647 1414 4720 diapente
1465 4647 1641 4716 fac“;
1683 4651 1740 4704 et
1783 4649 1872 4718 (Ε)
1917 4666 2053 4722 quae
2163 4675 2304 4716 vero
2335 4657 2646 4714 descensio
2677 4674 2714 4714 a
2745 4656 2864 4714 ﬁne
2889 4673 3019 4716 esse
3059 4673 3182 4716 non
3211 4659 3412 4726 debet,
3441 4659 3560 4718 nisi
3613 4679 3650 4720 a
3703 4663 3828 4720 ﬁne

398 4733 478 4823 4d
533 4735 794 4808 Primam
844 4737 936 4808 (Α)
991 4739 1079 4793 est
1135 4737 1434 4810 diapente:
1495 4735 1574 4793 ad
1632 4741 1910 4795 Octavam
1987 4737 2055 4796 ﬁt
2163 4748 2242 4806 ad
2287 4748 2484 4820 ipsam
2529 4745 2884 4815 secundam,
2939 4747 3000 4804 in
3052 4763 3236 4820 quam
3271 4747 3614 4821 deponitur,
3642 4766 3830 4823 epos-

396 4822 807 4912 diateSSal‘On;
842 4829 897 4882 8t
947 4825 1095 4882 inlld
1153 4825 1434 4902 Spatium,
1475 4829 1641 4901 (ἰυοά
1691 4828 1756 4885 ﬁt
1807 4827 2052 4900 signatis
2161 4839 2318 4896 deus
2341 4835 2679 4894 inveniatur
2707 4839 2882 4894 tonus
2909 4855 2922 4906 ;
2951 4837 3158 4894 sivero
3177 4839 3564 4898 semitonium
3623 4822 3826 4912 fuerit,

396 4927 432 4967 a
499 4909 707 5002 prima,
735 4913 1106 4970 diatessaron
1153 4919 1208 4972 et
1264 4916 1563 4989 diapente,
1621 4921 1796 4975 tonus
1846 4921 1934 4976 est
1988 4919 2050 4976 in
2159 4927 2384 4984 inutilis
2432 4925 2557 4982 erit.
2599 4925 2928 4997 Epogdous
2973 4943 3114 4984 vero
3165 4931 3344 4986 tonus
3393 4929 3472 4986 ad
3521 4909 3828 5002 diapason

395 4999 594 5055 medio
652 5001 946 5076 diapason
1001 5003 1353 5061 consistens.
1414 5007 1542 5072 Quo
1597 5005 1818 5080 ablato,
1869 5011 1924 5064 et
1949 5025 2047 5064 su—
2153 5016 2398 5087 junctus
2425 5014 2650 5088 ubique
2675 5014 2774 5072 bis
2811 5014 3098 5088 diapente
3127 5017 3448 5088 constituit,
3479 5018 3544 5075 id
3583 4999 3694 5084 est,
3725 5037 3828 5078 vo-

393 5105 504 5161 pra
559 5089 614 5145 et
660 5089 816 5147 infra
873 5091 1244 5150 diatessaron
1300 5095 1541 5152 notatur
1619 5096 1678 5152 in
1743 5099 1862 5154 tota
1919 5097 2048 5154 dia—
2159 5119 2258 5160 ces
2281 5119 2518 5160 novem.
2569 5102 2914 5160 Invenimus
2945 5107 3148 5160 autem
3171 5121 3332 5174 raro,
3367 5105 3514 5162 etin
3543 5107 3828 5180 prolixio-

391 5195 608 5252 pason,
657 5182 810 5239 sicut
837 5181 1066 5256 liquido
1095 5183 1157 5238 in
1183 5183 1297 5240 hac
1327 5185 1524 5256 figura
1553 5189 1922 5258 pernotatur.
2155 5193 2322 5250 ribus
2351 5193 2648 5262 cantibus,
2682 5192 2892 5250 decem
2913 5209 3114 5262 voces,
3159 5193 3330 5267 quod
3371 5195 3634 5252 Davidici
3657 5197 3824 5270 psal—

2155 5283 2282 5339 terii
2313 5283 2658 5340 auctoritate
2685 5281 3040 5339 defenditur.
3071 5284 3134 5338 In
3160 5284 3383 5356 quibus
3423 5291 3626 5342 tamen
3659 5286 3822 5359 plus-

2157 5389 2346 5444 quam
2391 5373 2469 5430 ιιι)
2521 5376 2735 5429 octava
2787 5373 2970 5428 aﬁne
3019 5389 3142 5428 non
3170 5374 3414 5430 ascendi
3461 5375 3658 5442 debet,
3715 5375 3818 5430 sed

2152 5463 2348 5534 potius
2371 5467 2506 5520 ante
2523 5463 2708 5518 ﬁnem
2728 5461 2829 5518 illa
2843 5463 3252 5534 augmentatio
3277 5461 3598 5522 notabitur.
3615 5467 3818 5538 Neque

391 5539 704 5666 htggggttn
733 5541 865 5614 Lips
889 5543 1017 5598 huic
1049 5543 1390 5600 inseruntur
1420 5559 1432 5598 :
1465 5559 1596 5600 cum
1620 5557 1756 5602 vero
1797 5553 1848 5603 et
1887 5547 2048 5607 dicta
2073 5555 2334 5610 ascen-sio
2376 5559 2430 5611 ct
2471 5553 2765 5610 descensio
2803 5551 3018 5624 aderit,
3057 5553 3142 5610 bis
3163 5553 3441 5624 diapente
3463 5561 3676 5614 cantus
3713 5555 3820 5614 ille

401 4325 740 4382 necessario
768 4325 1047 4398 recipitur
1073 4327 1254 4396 [Lips.
1282 4326 1612 4399 reperitur].
