4090 6122
232 93 331 146 781

1543 92 1913 150 OPUSCULA.
1950 90 2042 148 DE
2081 91 2338 148 MUSICA

3555 104 3660 160 782

230 213 396 271 enim
418 214 536 270 hoc
556 214 786 288 absque
804 217 1040 272 numeri
1065 216 1292 272 ratione
1319 219 1377 272 et
1395 217 1743 274 auctoritate
1765 217 1886 286 agi-
1925 236 1973 288 Α
2001 221 2138 271 sunt
2170 231 2348 272 voces
2394 218 2472 274 ad
2521 233 2678 290 opus
2708 220 2892 291 [Lipa.
2925 220 3006 278 ad
3035 220 3152 279 hoc
3202 224 3398 296 opus],
3429 223 3659 284 habea.

230 305 360 360 tur:
397 319 535 359 cum
564 305 772 361 decem
802 305 1040 360 chordae
1082 305 1271 360 tribus
1300 305 1675 362 diatessaron
1706 306 1887 362 conti—

229 393 366 448 nuis
396 393 768 460 decorentur,
801 399 1067 466 excepto,
1102 411 1241 449 cum
1294 394 1665 451 diatessaron
1711 411 1746 450 a
1781 400 1888 450 ter-

229 481 311 540 tia
337 499 482 538 voce
513 485 684 553 ﬁunt,
713 483 773 538 in
799 483 1021 555 quibus
1054 485 1222 539 tertia
1252 483 1626 540 diatessaron
1653 484 1888 554 regula-

231 569 371 624 riter
409 586 534 625 non
581 570 896 638 invenitur,
930 587 1117 626 unum
1172 571 1521 643 hujusmodi
1570 571 1891 628 decachor-

229 657 378 714 dum
407 663 529 714 tam
563 659 968 731 superﬂuitate
997 677 1185 733 quam
1206 661 1714 719 irrationabilitate
1738 661 1894 732 judi-

231 752 400 804 catur
428 748 852 819 incongruum.

306 914 478 978 Raro,
538 910 948 966 amantissime
1005 910 1208 983 lector,
1259 911 1594 969 secundum
1644 911 1893 984 antiqua

232 1005 553 1074 praecepta,
581 999 1028 1072 multorumque
1061 1000 1488 1071 magistrorum
1517 1002 1808 1072 instituta,
1836 1004 1894 1056 et

235 1089 572 1144 secundum
618 1104 1005 1146 communem
1047 1088 1246 1161 plures
1274 1090 1390 1158 his,
1423 1107 1578 1163 quas
1609 1090 1891 1159 designa-

235 1177 454 1244 vimus,
477 1192 656 1232 voces
686 1177 1051 1233 necessarias
1082 1178 1434 1249 postulabis.
1458 1179 1742 1245 Quamvis
1765 1179 1893 1234 haac

234 1283 372 1324 raro
423 1267 826 1333 inveniantur,
857 1282 979 1323 non
1036 1274 1238 1324 tamen
1291 1270 1528 1341 penitus
1558 1268 1896 1339 ignoranda

236 1362 418 1413 sunt:
469 1357 628 1412 unde
667 1357 729 1412 in
777 1357 1192 1414 monochordo
1224 1363 1362 1414 ante
1401 1358 1660 1431 primam
1710 1374 1895 1414 unam

235 1463 448 1502 vocem
478 1445 828 1519 ponendam
850 1447 1024 1518 (esse)
1048 1448 1414 1515 censuimus,
1444 1464 1631 1519 quam
1653 1453 1896 1521 propter

234 1554 442 1594 rarum
472 1554 675 1607 usum,
695 1542 752 1592 et
773 1536 1120 1609 praedictam
1144 1539 1434 1593 rationem
1467 1554 1589 1593 non
1611 1537 1893 1610 primam,

238 1626 346 1683 sed
360 1626 554 1695 magis
578 1625 928 1697 adjunctam
951 1630 1466 1698 vocamus.i\'eque
1485 1627 1644 1682 enim
1661 1642 1768 1698 per
1779 1625 1896 1699 pri-
1936 1606 1976 1660 Β

237 1734 408 1772 mam
422 1716 674 1772 litteram
697 1715 1109 1786 designamus,
1125 1717 1227 1771 sed
1246 1733 1348 1788 per
1369 1718 1638 1772 Graecum
1653 1731 1899 1785 gamma

239 1813 278 1860 Γ
307 1806 691 1879 depingimus
719 1824 732 1873 ;
766 1821 837 1860 eo
864 1806 1030 1877 quod
1057 1806 1312 1877 septima
1339 1805 1682 1861 Latinorum
1707 1805 1899 1861 littera

239 1901 390 1966 (est),
423 1913 554 1969 quae
581 1900 796 1952 octava
826 1895 904 1951 ab
935 1895 1065 1969 ipsa
1113 1896 1172 1950 in
1203 1896 1617 1952 monochordo
1648 1910 1900 1965 cognos-

237 1986 411 2054 citur,
444 1985 699 2041 similem
753 1985 1050 2055 virtutem,
1081 1984 1231 2040 sicut
1275 1999 1521 2054 gamma
1553 1985 1716 2057 apud
1750 1987 1902 2040 Grae-

239 2091 370 2144 cos,
399 2075 564 2148 apud
589 2090 700 2130 nos
740 2073 962 2130 habere
1008 2074 1298 2129 videatur.
1327 2074 1440 2129 Sed
1470 2090 1611 2129 cum
1655 2088 1902 2144 gamma

239 2166 303 2222 in
337 2166 528 2237 capite
558 2163 798 2220 chordae
828 2163 1120 2236 posueris,
1145 2163 1471 2219 novenaria
1499 2161 1795 2218 divisione
1818 2161 1901 2218 lo-

242 2271 386 2311 cum
430 2254 638 2326 primae
685 2253 915 2323 (vocis),
947 2268 1133 2324 quam
1181 2251 1466 2317 diximus,
1496 2257 1632 2310 ante
1661 2251 1903 2308 notabis

243 2344 427 2415 [Lips.
459 2341 837 2416 annotabis];
890 2341 1114 2414 eritque
1164 2358 1200 2398 a
1245 2357 1491 2411 gamma
1520 2338 1599 2398 ad
1643 2341 1904 2415 primam

243 2438 446 2495 tonus,
479 2433 557 2488 ad
597 2432 829 2487 tertiam
876 2447 1018 2487 vero
1058 2431 1454 2499 diatessaron,
1507 2429 1586 2487 ad
1630 2430 1906 2487 ultimam

243 2538 406 2587 vero,
440 2537 576 2593 quae
606 2537 642 2577 a
672 2521 925 2593 septima
955 2521 1201 2577 alteram
1252 2521 1550 2594 diapason
1584 2518 1743 2589 facit,
1775 2521 1909 2593 ipsa

246 2625 498 2682 gamma
526 2611 619 2666 bis
648 2610 948 2683 diapason
974 2610 1092 2666 dici
1120 2611 1352 2684 poterit.

321 2705 605 2756 Praeterea
635 2700 963 2772 aliquando
985 2701 1198 2757 vitiosa
1227 2707 1281 2758 et
1312 2701 1575 2757 maxime
1593 2698 1908 2756 lasciviens

245 2797 307 2848 et
343 2791 599 2846 nimium
651 2790 905 2846 delicata
956 2791 1271 2846 harmonia
1310 2791 1502 2863 plura,
1535 2807 1723 2864 quam
1754 2789 1906 2846 dixi-

246 2897 408 2949 mus,
438 2880 750 2936 semitonia
775 2880 1004 2952 quaerit,
1038 2884 1094 2935 et
1117 2897 1252 2953 quae
1279 2897 1390 2937 nos
1437 2896 1784 2953 possumus,
1816 2895 1908 2936 re-

245 2973 416 3028 nuit:
463 2969 630 3043 quod
672 2971 867 3040 magis
911 2970 1125 3040 corrigi
1165 2987 1351 3044 quam
1406 2969 1625 3027 imitari
1655 2972 1907 3042 oportet.
1950 2963 1990 3019 C

249 3059 601 3118 Cavendum
629 3062 718 3113 est
747 3063 966 3126 autem,
994 3075 1069 3114 ne
1099 3073 1207 3130 per
1227 3059 1439 3115 musici
1466 3058 1762 3114 incuriam
1794 3059 1911 3114 hoc

249 3152 374 3216 ﬁat,
408 3165 547 3205 cum
578 3151 822 3204 cantum
857 3147 1040 3214 aliter,
1065 3165 1251 3221 quam
1281 3148 1650 3221 compositus
1680 3153 1790 3213 est,
1821 3147 1912 3203 in-

249 3239 432 3313 cipiat
458 3244 637 3311 atque
667 3237 962 3312 perﬁciat;
989 3239 1122 3310 ipsa
1151 3238 1312 3294 enim
1343 3238 1737 3308 dissonantia,
1765 3237 1914 3294 sicut

251 3328 522 3400 magistri
556 3328 834 3401 probant,
867 3333 1200 3402 repugnat:
1229 3344 1426 3402 neque
1455 3334 1592 3402 post
1642 3328 1795 3385 duos
1827 3332 1913 3385 to-

253 3438 370 3478 nos
421 3419 604 3486 aliud,
639 3435 826 3492 quam
853 3419 1233 3476 semitonium
1261 3438 1273 3489 ;
1306 3435 1500 3492 neque
1527 3423 1662 3492 post
1683 3417 1917 3475 semito-

255 3511 428 3567 nium
459 3509 643 3579 aliud,
674 3525 862 3582 quam
912 3509 1065 3565 duos
1125 3512 1295 3566 tonos
1343 3508 1562 3565 debere
1604 3509 1767 3582 poni.
1799 3510 1915 3564 Nos

250 3605 481 3671 autem,
512 3598 656 3672 quia
696 3599 901 3655 evitari
942 3615 1064 3655 non
1116 3602 1312 3672 potest
1341 3599 1570 3667 vitium,
1601 3597 1713 3654 nisi
1744 3597 1918 3654 fuerit

252 3691 586 3761 cognitum,
618 3689 885 3761 quinque
915 3689 1266 3761 hujusmodi
1317 3690 1651 3758 semitonia,
1686 3689 1793 3746 sed
1823 3704 1920 3744 ex-

253 3784 350 3834 tra
378 3776 692 3850 prmﬁxam
720 3777 1015 3846 regulam,
1046 3777 1109 3832 in
1137 3777 1554 3834 monochordo
1593 3778 1915 3850 ponimus:

251 3883 452 3922 unum
483 3865 728 3938 quidem
773 3870 913 3937 post
940 3867 1222 3940 primam,
1255 3884 1290 3923 a
1319 3884 1442 3940 quo
1474 3867 1552 3924 ad
1581 3866 1764 3923 ﬁnem
1794 3881 1920 3922 me-

249 3955 394 4011 dius
423 3953 519 4010 ille
553 3958 688 4027 post
737 3959 1011 4011 octavam
1063 3960 1178 4011 stat
1221 3957 1550 4011 semitonus
1585 3973 1598 4010 :
1645 3971 1779 4028 quae
1810 3970 1922 4010 nos

248 4060 502 4119 quoque
529 4042 851 4116 recipimus
878 4061 891 4111 ;
945 4048 1192 4116 uterque
1224 4049 1424 4100 tamen
1457 4044 1751 4101 semitonii
1785 4044 1922 4101 cha-

247 4140 503 4202 ractere,
537 4133 645 4189 sed
692 4133 984 4201 dissimili,
1014 4134 1324 4189 formatur.
1357 4133 1514 4190 Alter
1541 4149 1784 4207 quoque
1815 4132 1922 4207 qui

254 4226 340 4283 ab
383 4225 534 4297 ipso,
567 4224 670 4296 qui
702 4228 790 4279 est
818 4227 955 4296 post
987 4229 1285 4286 octavam,
1320 4224 1554 4280 medius
1585 4223 1780 4295 simili,
1813 4221 1922 4281 sed

1997 322 2153 361 mus.
2189 308 2348 372 Quas
2378 306 2428 361 si
2457 308 2536 364 ab
2566 314 2782 367 octava
2831 311 3061 369 chorda
3102 311 3426 370 dividimus
3468 317 3656 388 [Lips.

1997 410 2207 450 omnes
2253 411 2431 452 voces
2463 397 2541 453 ad
2572 398 2958 456 undecimam
3011 401 3214 457 medio
3259 403 3417 460 dicto
3445 405 3658 461 dividi-

1997 485 2180 555 mus],
2213 483 2385 542 facile
2427 486 2800 544 invenimus:
2848 491 2905 545 et
2952 490 3414 566 quibuscunque
3459 495 3657 550 modis

1995 587 2173 628 voces
2201 573 2280 630 ab
2329 579 2540 632 octava
2568 575 2647 632 ad
2686 575 3073 646 undecimam
3121 579 3199 636 ad
3249 597 3389 638 suas
3425 583 3656 655 priores

1998 668 2448 735 comparantur,
2482 665 2709 722 eisdem
2734 666 2934 722 modis
2963 671 3021 723 et
3046 667 3171 724 ista:
3212 686 3386 727 suam
3412 673 3658 744 positio-

1998 766 2136 807 nem
2187 754 2552 811 custodiunt.
2584 757 2712 812 Non
2757 756 2954 813 solum
3009 761 3211 814 autem
3260 758 3408 832 istae,
3450 762 3556 818 sed
3603 767 3662 819 et

1998 856 2375 916 quaecunque
2404 860 2519 900 vox
2570 845 2664 912 sit,
2697 845 2942 902 easdem
2994 845 3434 919 propositiones
3475 851 3656 922 [Lips

1999 931 2435 1005 proportiones]
2459 933 2536 990 ad
2567 934 2678 990 sibi
2706 935 3012 1008 proximas
3025 951 3200 992 voces
3215 936 3484 1007 habebit,
3507 955 3660 1012 quas

2000 1018 2182 1076 habet
2209 1025 2265 1077 et
2292 1021 2446 1094 ipsa,
2478 1037 2515 1080 a
2543 1039 2668 1096 qua
2697 1023 2997 1096 diapason
3018 1026 3536 1097 congratulatione
3560 1028 3662 1085 de-

2001 1115 2258 1166 coratur.
2297 1112 2458 1168 Unde
2484 1114 2549 1169 ﬁt
2577 1118 2639 1169 ut
2669 1115 2867 1171 omnis
2907 1121 3140 1185 cantus,
3170 1115 3219 1172 si
3247 1116 3325 1173 ab
3357 1133 3478 1175 una
3506 1117 3660 1175 bene

2002 1201 2207 1272 incipit
2231 1203 2511 1274 quamvis
2539 1202 2731 1260 altiori
2777 1221 2944 1274 voce,
2979 1210 3033 1262 et
3078 1205 3156 1262 ab
3205 1207 3345 1276 alia,
3375 1225 3512 1281 quae
3540 1209 3664 1266 dia-

2002 1305 2196 1362 pason
2239 1307 2378 1346 cum
2408 1292 2509 1348 illa
2537 1293 2696 1362 facit,
2731 1311 2902 1367 aeque
2931 1295 3114 1368 incipi
3159 1311 3230 1351 ac
3279 1298 3579 1368 progredi,
3615 1299 3664 1354 si

2002 1395 2222 1435 vocum
2268 1381 2602 1452 permiserit
2645 1382 2829 1454 [Lips.
2869 1387 3292 1457 permanserit]
3336 1388 3660 1460 quantitas,

2001 1472 2210 1543 possit.
2235 1472 2397 1528 Unde
2425 1489 2545 1529 non
2576 1474 2874 1532 immerito
2905 1475 3131 1532 eisdem
3156 1476 3362 1534 litteris
3391 1479 3588 1551 prima
3609 1483 3665 1536 et

2003 1559 2214 1618 ultima
2244 1577 2356 1616 vox
2387 1561 2690 1636 diapason
2709 1564 3076 1634 designatur.
3104 1569 3420 1638 Propterea
3435 1567 3664 1624 eaedem

2003 1649 2228 1716 litterae,
2259 1667 2392 1724 quae
2448 1657 2588 1708 sunt
2633 1669 2671 1709 a
2718 1653 2915 1726 prima
2961 1655 3022 1709 in
3063 1656 3404 1727 septimam,
3435 1657 3666 1714 caedem

2004 1740 2154 1795 ﬁunt
2187 1755 2223 1795 a
2279 1742 2533 1812 septima
2580 1741 2641 1797 in
2681 1742 2978 1812 ultimam,
3009 1749 3066 1800 et
3094 1744 3221 1816 ipse
3272 1744 3497 1814 litterae,
3528 1761 3664 1818 quae

2007 1827 2159 1883 ﬁunt
2187 1827 2265 1883 ab
2296 1832 2510 1886 octava
2527 1829 2586 1884 in
2620 1829 3026 1895 undecimam,
3059 1835 3394 1904 sequuntur
3421 1837 3559 1906 post
3583 1832 3670 1888 ul-

2009 1917 2240 1982 timam,
2273 1924 2337 1974 ut
2366 1918 2482 1974 sint
2527 1923 2642 1976 tres
2687 1920 2927 1976 ordines
2977 1921 3256 1976 similium
3313 1921 3664 1979 litterarum.

2009 2008 2238 2062 Primus
2259 2008 2418 2063 enim
2441 2024 2645 2064 versus
2663 2009 2998 2082 majoribus
3018 2015 3259 2068 notatur
3280 2011 3668 2086 litteris,qua-

2008 2097 2095 2154 les
2126 2098 2187 2153 in
2216 2097 2511 2171 principio
2543 2099 2972 2157 sententiarum
3000 2116 3225 2174 ponere
3256 2099 3540 2158 solemus.
3576 2103 3672 2158 Se-

2011 2186 2245 2242 cundus
2274 2204 2416 2244 vero
2441 2205 2648 2245 versus
2671 2189 3006 2246 minoribus
3029 2189 3236 2247 litteris
3257 2195 3313 2246 et
3328 2189 3448 2246 alia
3475 2190 3672 2262 ﬁgura

2012 2274 2303 2343 formatis,
2334 2278 2617 2350 qualibus
2646 2295 2752 2352 per
2779 2285 2966 2336 totam
2994 2279 3130 2336 libri
3160 2279 3376 2336 seriem
3425 2279 3671 2349 utimur,

2015 2364 2388 2423 describitur.
2421 2368 2645 2425 Tertius
2696 2386 2837 2426 vero
2872 2386 3105 2440 versus,
3137 2369 3281 2442 quia
3325 2371 3672 2443 superﬂuus

2017 2454 2293 2526 creditur,
2330 2458 2669 2514 Graecarum
2696 2459 2894 2531 potius
2923 2458 3255 2515 litterarum
3281 2458 3478 2515 forma
3505 2462 3674 2516 nota-

2017 2548 2129 2611 tur,
2153 2544 2384 2601 habens
2412 2563 2592 2604 voces
2622 2547 2924 2621 quinque;
2959 2548 3034 2604 de
3061 2547 3283 2621 quibus
3315 2547 3437 2604 duo
3464 2547 3545 2604 ad
3573 2564 3676 2606 ea-

2016 2651 2152 2689 rum
2183 2635 2652 2708 similitudinem,
2679 2653 2941 2711 quarum
2969 2637 3270 2712 diapason
3299 2637 3677 2695 dimensione

2015 2722 2188 2794 ﬁunt,
2215 2741 2324 2798 pro
2354 2741 2477 2781 una
2505 2726 2880 2800 accipiuntur
2902 2727 3114 2796 littera,
3145 2728 3429 2801 quamvis
3458 2727 3677 2784 divisa.

2019 2813 2201 2884 Cujus
2231 2815 2533 2872 sententiae
2563 2816 2687 2872 haec
2714 2816 2912 2886 ﬁgura
2935 2822 3045 2873 est.

2703 3059 3008 3134 Diapason

2616 3195 2854 3251 Primus
2881 3211 3089 3252 versus

2451 3477 2490 3532 g
2562 3478 2600 3518 a
2670 3467 2696 3530 ιι
2770 3477 2802 3518 c
2874 3460 2916 3518 d
2989 3477 3022 3519 e
3094 3461 3121 3518 f
3191 3477 3250 3533 g.
3641 3459 3686 3739 J

2620 3551 2844 3608 Tertius
2881 3566 3089 3608 versus

2478 3644 2523 3696 Α
2599 3643 2638 3696 Β
2711 3645 2736 3707 h
2815 3643 2862 3697 Κ
2936 3647 3002 3697 Λ.
3079 3641 3227 3711 (157)

2033 3023 2152 3034 -οα

2703 3059 3008 3134 Diapason

2616 3195 2854 3251 Primus
2881 3211 3089 3252 versus

2432 3285 3287 3342 FABCDEFG

2583 3371 2892 3430 Secundus
2928 3387 3137 3430 versus

2451 3460 3250 3533 gahcdefg.

2620 3551 2844 3608 Tertius
2881 3566 3089 3608 versus

2478 3644 2523 3696 Α
2599 3643 2638 3696 Β
2711 3645 2736 3707 ιη
2815 3643 2862 3697 Κ
2936 3647 3002 3697 Α.
3079 3641 3227 3711 (157)

2041 3693 2042 3702 η
2478 3643 3002 3707 ΑΒΗΚΛ.

2102 3869 2271 3939 Satis,
2295 3873 2590 3943 quantum
2620 3867 2713 3924 his
2743 3865 3042 3935 convenit,
3071 3865 3175 3940 qui
3205 3869 3310 3922 aut
3333 3865 3504 3939 pueri
3528 3866 3691 3936 sunt,

2033 3965 2135 4019 aut
2159 3959 2265 4034 qui
2300 3957 2638 4014 liberalium
2680 3955 2897 4014 artium
2928 3955 3236 4012 scientiam
3286 3971 3409 4012 non
3442 3971 3691 4028 accepe-

2034 4053 2190 4117 runt,
2218 4045 2292 4103 de
2325 4043 2720 4102 monochordi
2761 4042 3121 4101 formatione
3167 4043 3394 4100 dictum
3435 4048 3544 4099 est.
3577 4041 3693 4099 Sed

2035 4155 2174 4195 cum
2224 4135 2481 4194 occurrit
2527 4133 2854 4202 memoriae,
2908 4149 3096 4206 quare
3151 4131 3336 4205 [Lz'ps.
3377 4132 3692 4205 memoria,

2035 4228 2200 4302 quia]
2233 4223 2618 4282 stultissimus
2649 4222 3181 4294 grammaticorum
3208 4225 3296 4280 est
3324 4221 3692 4296 sapientissi-

258 4318 464 4374 Graeco
486 4313 828 4370 charactere
849 4313 1294 4386 pingitur,ltem
1319 4318 1747 4388 postquartam
1770 4313 1922 4371 alius
1961 4323 2004 4378 ι)
2034 4335 2172 4374 mus
2197 4315 2576 4382 rusticorum,
2609 4328 2796 4370 unam
2846 4312 3170 4369 formulam
3224 4311 3366 4369 satis
3418 4309 3696 4382 intelligi-

257 4407 522 4472 notatur,
546 4402 650 4476 qui
678 4401 756 4459 ab
778 4419 868 4470 eo,
888 4403 992 4476 qui
1025 4407 1110 4460 est
1140 4407 1274 4477 post
1303 4403 1584 4478 primam,
1610 4403 1927 4478 quaternia

258 4492 555 4551 divisione
587 4491 914 4564 colligitur;
953 4508 989 4548 a
1013 4508 1136 4565 quo
1183 4492 1336 4550 alius
1366 4497 1502 4566 post
1539 4493 1928 4550 undecimam

259 4582 502 4640 medius
531 4579 848 4639 invenitur.
885 4580 1000 4639 Sed
1033 4582 1216 4640 ambo
1255 4583 1317 4639 hi
1366 4582 1744 4657 aspirationis
1775 4583 1928 4640 litte-

261 4689 335 4730 ra
363 4670 534 4740 ﬁunt,
563 4671 669 4727 sed
698 4669 970 4729 dissimili
999 4691 1011 4740 ;
1063 4687 1250 4746 quare
1304 4672 1485 4730 Graeci
1523 4685 1632 4746 per
1660 4687 1795 4730 eam
1841 4671 1930 4729 lit-

264 4768 460 4821 teram
489 4759 884 4817 hemitonium
932 4761 1136 4819 dicunt
1187 4767 1243 4819 et
1271 4762 1558 4819 scribunt.
1589 4765 1669 4820 De
1711 4760 1932 4836 quibus

266 4868 432 4919 eum,
463 4851 568 4923 qui
590 4855 677 4906 est
706 4854 843 4924 post
865 4857 1165 4924 octavam,
1195 4852 1290 4910 vel
1317 4852 1585 4911 medium
1615 4853 1746 4927 ejus
1793 4849 1935 4911 recl-

267 4942 499 5017 pimus,
532 4939 680 4996 alios
728 4941 928 5014 potius
982 4941 1305 5013 cavendos,
1334 4959 1520 5016 quam
1559 4943 1934 5017 recipiendos

273 5045 616 5088 monemus.
651 5029 942 5087 Addimus
981 5034 1270 5105 praeterea
1307 5037 1568 5106 quatuor
1598 5049 1772 5090 voces
1802 5034 1940 5106 post

274 5121 573 5189 ultimam,
604 5121 729 5177 sive
759 5125 1004 5196 propter
1035 5122 1374 5194 superfluos
1405 5126 1638 5195 cantus,
1668 5139 1823 5196 quos
1850 5127 1938 5180 ta-

278 5225 420 5266 men
452 5213 555 5265 aut
579 5208 679 5265 vix
709 5213 813 5266 aut
841 5225 1157 5283 nunquam
1189 5209 1448 5282 reperies
1489 5209 1567 5266 ad
1597 5225 1699 5266 eas
1729 5226 1940 5268 ascen-

281 5297 449 5354 dere:
488 5295 609 5354 sive
641 5303 975 5371 propterea,
1009 5302 1074 5352 ut
1103 5297 1352 5371 quando
1385 5303 1691 5355 cantorem
1718 5315 1940 5371 praece-

285 5387 424 5444 dere
448 5403 596 5444 voce
628 5389 820 5445 altiori
850 5388 1171 5457 voluimus,
1191 5406 1567 5463 quaecunque
1591 5391 1943 5448 necessaria:

693 5499 990 5552 ABCD

2034 4408 2219 4465 bilem
2249 4403 2328 4463 ad
2357 4401 2752 4460 monochordi
2794 4418 3144 4459 mensuram
3173 4399 3587 4475 adjungimus,
3617 4417 3693 4457 ne

2035 4503 2093 4555 et
2118 4491 2357 4553 invidia:
2387 4509 2735 4565 arguamur,
2768 4495 2874 4550 aut
2891 4491 3185 4549 rusticum
3210 4494 3417 4548 nostra
3447 4489 3700 4547 Charita-

2037 4591 2090 4646 te
2118 4584 2441 4661 privemus.
2476 4581 2598 4638 Hoc
2625 4584 2829 4638 autem
2869 4584 2957 4637 est
2983 4579 3352 4653 hujusmodi.
3387 4583 3453 4637 In
3500 4579 3699 4654 primo

2036 4675 2287 4752 quidem
2312 4690 2485 4731 versu
2513 4687 2725 4730 omnes
2754 4668 3152 4727 monochordi
3198 4669 3423 4726 litteras
3469 4685 3576 4744 per
3605 4684 3702 4726 or-

2039 4767 2244 4824 dinem
2283 4763 2603 4836 ponimus:
2655 4759 2716 4816 in
2775 4757 3044 4815 secundo
3092 4773 3234 4814 vero
3286 4774 3484 4828 versu,
3517 4772 3704 4816 nove-

2041 4852 2212 4914 naria
2256 4851 2548 4909 divisione
2590 4847 2715 4917 ﬁat,
2741 4847 3019 4922 proxima
3076 4846 3466 4916 subnotatur;
3514 4862 3709 4922 quam

2043 4941 2383 5017 partionem
2444 4935 2790 5012 epogdoum
2843 4940 3055 4993 tonum
3108 4934 3371 4993 diximus
3425 4935 3703 4994 nomina-

2045 5033 2114 5090 ri.
2163 5036 2228 5088 In
2275 5029 2444 5087 tertio
2491 5043 2672 5084 versu
2726 5041 3103 5100 quaecunque
3152 5023 3231 5083 ab
3289 5025 3493 5100 aliqua
3541 5025 3705 5099 prio-"-

2047 5122 2128 5179 ris
2180 5135 2390 5177 versus
2447 5132 2555 5190 per
2627 5119 2888 5189 quatuor
2961 5113 3262 5186 dividitur,
3316 5118 3381 5172 ut
3445 5113 3710 5170 invenia-

2053 5217 2146 5269 tur
2198 5205 2470 5280 inferius,
2523 5222 2559 5262 a
2617 5205 2812 5281 priore
2875 5203 3232 5261 indirectum
3285 5199 3710 5258 descendendo

2055 5299 2454 5370 cognoscitur.
2488 5295 2696 5353 Itidem
2748 5296 2809 5351 in
2855 5296 3072 5366 quarto
3118 5289 3374 5346 ternaria
3421 5286 3715 5346 divisione

2058 5393 2239 5464 [Lips.
2261 5387 2499 5458 divisio]
2521 5403 2556 5442 a
2587 5383 2885 5459 prioribus
2908 5379 3221 5436 invenitur.
3251 5381 3311 5432 In
3337 5377 3548 5451 quinto
3575 5393 3715 5435 vero

363 5565 512 5638 (257)
557 5568 664 5624 Pro
703 5571 747 5623 A
789 5569 828 5623 Β
868 5566 908 5620 C
949 5569 992 5623 D
1033 5563 1354 5640 duplicatis
1392 5566 1596 5624 litteris
1636 5569 1698 5625 in
1740 5568 1911 5628 tertia
1948 5568 2140 5630 classe
2180 5582 2488 5626 ascensus.
