4090 6122
263 194 365 246 785

1561 197 1925 255 OPUSCULA
1964 202 2054 257 DE
2094 206 2381 266 MUSICA.

3572 219 3680 272 ’786

262 315 534 411 nentiam
593 315 884 411 reddunt;
912 317 1077 411 quod
1125 318 1297 389 juxta
1343 319 1608 392 aliquem
1663 319 1914 376 modum
1955 328 2004 380 Α
2030 332 2290 398 quatuor
2320 331 2448 388 sola
2476 333 2655 388 unius
2685 334 2848 390 vocis
2875 335 3222 408 repetitione
3251 336 3428 394 simul
3470 339 3680 411 posita

264 405 558 461 musicam
574 405 873 498 syllabam
900 408 1212 464 nominare
1235 414 1746 481 possumus.ltem
1768 411 1919 467 sicut
2026 415 2432 476 inveniuntur.
2469 420 2582 478 Sed
2616 425 2676 476 ut
2711 421 2772 476 in
2816 405 3088 494 plurimis
3125 425 3378 495 negotiis
3429 405 3680 498 constat,

265 494 391 550 sola
417 494 650 567 syllaba
709 499 811 550 aut
854 495 990 550 duae
1033 496 1126 552 vel
1175 501 1292 552 tres
1344 497 1438 554 vel
1482 498 1661 555 etiam
1718 499 1920 572 plures

265 599 450 638 unam
481 587 710 654 partem
755 582 1072 640 locutionis
1120 585 1365 655 faciunt,
1397 603 1534 660 quae
1584 587 1814 660 aliquid
1843 588 1919 644 si-

264 671 526 741 gniﬁcat,
556 675 619 727 ut
649 689 660 726 :
692 688 850 728 mors
879 681 960 729 est
993 675 1137 745 vita,
1167 677 1390 746 gloria,
1429 676 1762 748 benignitas
1795 678 1922 734 bea-

266 760 458 816 titudo
489 776 510 816 :
539 759 621 816 ita
635 776 878 833 quoque
909 766 966 818 et
995 779 1118 820 una
1146 763 1241 820 vel
1271 764 1406 821 duae
1437 765 1531 822 vel
1559 765 1761 838 plures
1786 783 1921 822 mu-

265 850 400 906 sicae
417 848 666 922 syllabae
687 853 898 906 tonum
928 851 1304 910 diatessaron
1333 854 1614 928 diapente
1638 855 1922 927 jungunt,

264 953 526 1011 quarum
551 937 699 994 dum
729 944 786 994 et
813 939 1142 997 melodium
1172 943 1460 999 sentimus
1480 947 1538 1000 et
1574 960 1924 1001 mensuram

265 1026 658 1098 intelligentes
675 1028 1252 1098 miramur,musicie
1274 1036 1497 1105 partes,
1528 1049 1665 1106 quae
1697 1033 1924 1106 aliquid

265 1116 624 1186 signiﬁcant,
644 1134 765 1173 non
787 1119 1115 1190 incongrue
1133 1121 1604 1178 nominavimus.
1621 1121 1923 1179 Distinctio

263 1221 406 1261 vero
452 1205 514 1262 in
563 1207 794 1264 musica
837 1213 942 1276 est,
974 1214 1270 1282 quantum
1319 1209 1394 1266 de
1423 1211 1694 1284 quolibet
1743 1215 1924 1268 cantu

264 1296 714 1368 contfnuamus,
737 1315 872 1371 qua:
901 1299 1004 1355 ubi
1029 1317 1148 1356 vox
1171 1301 1546 1372 requieverit,
1579 1301 1925 1374 pronuntia-

264 1390 378 1442 tur.
417 1389 556 1441 Item
606 1388 756 1442 sicut
782 1404 903 1443 una
933 1404 1072 1460 pars
1127 1388 1444 1446 locutionis
1492 1397 1595 1448 aut
1650 1391 1786 1446 duae
1831 1390 1924 1446 vel

264 1473 467 1546 plures
497 1490 740 1530 sensum
793 1476 1127 1547 perﬁciunt,
1161 1481 1217 1532 et
1251 1479 1604 1535 sententiam
1628 1479 1923 1548 integram

265 1563 805 1636 comprehendunt,
842 1569 904 1620 ut
928 1581 1065 1620 cum
1097 1566 1231 1622 dico
1269 1567 1416 1638 quid
1440 1569 1596 1637 facis
1618 1573 1646 1624 ?
1674 1583 1922 1640 respon-

2030 505 2080 561 si
2100 523 2305 564 rarum
2336 509 2451 566 hoc
2481 510 2673 572 fuerit,
2707 511 3128 582 amplectetur;
3157 514 3360 586 sepius
3405 515 3565 572 enim
3595 533 3684 573 re-

2031 596 2283 668 petitum
2313 597 2620 655 fastidium
2671 599 2995 669 generabit.
3034 604 3162 658 Non
3194 603 3390 659 solum
3413 604 3549 673 hoc,
3578 605 3685 661 sed

2032 690 2089 742 et
2130 687 2329 742 omnis
2379 687 2623 743 musicae
2667 689 3066 746 consonantia
3108 689 3356 748 discreta
3399 693 3685 766 replicata

2032 774 2296 845 diligitur
2316 781 2377 832 at
2407 793 2548 832 vero
2583 795 2596 832 :
3322 769 3326 776 ’

2095 863 2250 914 Omne
2277 873 2420 914 nocet
2439 865 2674 919 nimium.
2699 863 2904 929 prodest
2932 864 3056 915 satis
3084 879 3229 915 omne
3254 867 3556 920 modestum.

2105 945 2350 1002 Duabus
2370 951 2658 1020 praaterea
2686 945 2938 1003 vocibus
2967 950 3229 1019 quatuor
3252 948 3450 1004 modis
3472 949 3537 1006 ﬁt
3556 966 3687 1006 mu-

2032 1035 2158 1092 sica
2186 1035 2455 1108 syllaba;
2483 1037 2681 1092 omnis
2710 1035 2872 1092 enim
2922 1052 3034 1092 vox
3069 1041 3174 1093 aut
3213 1037 3292 1093 ad
3322 1037 3684 1110 proximam,

2032 1125 2094 1181 id
2146 1130 2254 1197 est,
2287 1125 2618 1182 secundam
2667 1141 2705 1181 a
2751 1141 2834 1192 se,
2887 1129 2992 1181 aut
3039 1125 3117 1181 ad
3164 1126 3418 1199 tertiam,
3455 1131 3560 1184 aut
3607 1127 3687 1184 ad

2031 1220 2333 1288 quartam,
2366 1215 2489 1271 sive
2527 1214 2607 1271 ad
2651 1214 2926 1288 quintam
2970 1215 3180 1286 juncta
3225 1217 3687 1273 consonantiam

2032 1305 2246 1361 reddit.
2271 1308 2390 1361 Hoc
2420 1309 2621 1362 autem
2654 1321 2825 1378 aeque
2853 1305 2919 1361 ﬁt
2946 1305 3008 1361 in
3047 1305 3419 1378 depositione
3449 1306 3542 1362 vel
3568 1306 3686 1362 ele-

2033 1395 2273 1450 vatione
2305 1412 2318 1450 :
2353 1394 2460 1450 sed
2489 1395 2566 1451 ad
2598 1394 2934 1450 secundum
2963 1394 3203 1450 duobus
3250 1395 3447 1451 modis
3475 1395 3542 1452 ﬁt
3571 1395 3688 1451 ele-

2033 1484 2189 1540 vatio
2238 1487 2294 1540 et
2331 1483 2644 1557 depositio,
2689 1483 2752 1538 id
2798 1486 2904 1550 est,
2957 1485 3273 1541 semitonio
3319 1489 3377 1542 et
3427 1488 3602 1541 tono:
3634 1488 3692 1540 et

2034 1573 2385 1629 semitonius
2432 1572 2677 1646 quidem
2731 1573 3090 1628 contractior
3127 1577 3236 1629 est.
3289 1577 3488 1646 Neque
3527 1573 3690 1630 enim

266 1652 374 1708 des
428 1654 577 1722 lego,
606 1655 726 1709 sive
759 1655 1065 1710 lectionem
1092 1657 1288 1724 ﬁrmo,
1321 1657 1440 1713 sive
1491 1658 1760 1728 aliquam
1791 1672 1922 1713 sen-
1963 1682 2004 1736 Β
2034 1661 2416 1717 medietatem
2448 1660 2627 1716 unius
2667 1659 2793 1716 toni
2815 1661 2878 1716 in
2905 1676 3018 1716 suo
3044 1661 3258 1733 spatio,
3291 1677 3415 1734 quo
3453 1661 3692 1734 deposi-

261 1742 513 1797 tentiam
547 1757 749 1812 quaero
778 1758 801 1798 .'
832 1741 914 1798 ita
961 1759 1104 1812 una,
1137 1743 1273 1799 duae
1312 1743 1404 1800 vel
1455 1745 1657 1817 plures
1709 1761 1780 1802 ex
1827 1745 1922 1801 his

267 1831 515 1886 musicae
544 1831 814 1904 partibus
843 1832 1226 1903 versiculum,
1261 1834 1656 1906 antiphonam
1680 1834 1776 1890 vel
1799 1850 1923 1891 res-

265 1920 622 1992 ponsorium
654 1921 988 1992 perficiunt,
1020 1937 1130 1977 nec
1171 1927 1373 1978 tamen
1421 1940 1671 1980 suorum
1709 1940 1922 1981 nume-

265 2025 472 2064 rorum
505 2009 1005 2078 signiﬁcationem
1034 2011 1332 2067 amittunt.
1363 2015 1426 2068 Et
1455 2011 1606 2069 sicut
1635 2013 1836 2069 multae
1867 2018 1925 2070 et

265 2098 512 2153 diversae
545 2099 847 2154 sententiae
866 2100 944 2155 ad
971 2099 1256 2156 volumen
1277 2117 1466 2174 usque
1497 2107 1920 2159 concrescunt:

265 2188 348 2244 ita
404 2188 605 2243 multae
651 2192 708 2243 et
753 2187 1006 2244 diversae
1067 2189 1376 2246 cantilenae
1435 2192 1924 2265 antiphonarium

267 2277 586 2332 cumulatae
642 2278 976 2348 perﬁciunt.
1026 2281 1106 2334 Ex
1159 2295 1280 2352 quo
1330 2280 1640 2352 probatur,
1669 2281 1835 2354 quod
1865 2284 1920 2339 S.

267 2369 430 2437 Papa
463 2366 778 2435 Gregorius
820 2367 955 2440 plus
1008 2368 1294 2423 omnibus
1326 2385 1431 2442 per
1461 2369 1730 2426 divinam
1785 2387 1920 2440 gra-

267 2456 414 2512 tiam
445 2456 626 2527 hujus
657 2456 797 2511 artis
848 2457 1203 2514 industriam
1256 2458 1329 2514 sit
1377 2459 1650 2532 adeptus.
1697 2463 1845 2516 Nam
1876 2461 1923 2516 si

267 2545 630 2617 perpendas,
659 2545 834 2601 valde
864 2546 1134 2602 mirabile
1178 2552 1284 2615 est,
1312 2549 1478 2620 quod
1524 2549 1586 2604 in
1615 2550 1925 2605 nocturnis

268 2634 632 2707 reponsoriis
663 2635 1180 2691 somnolentaruni
1215 2653 1383 2692 more
1414 2638 1677 2706 gravitor
1705 2642 1762 2694 et
1807 2638 1926 2694 dis-

269 2723 460 2778 solute
514 2723 592 2777 ad
639 2723 1010 2792 vigilandum
1053 2740 1165 2779 nos
1195 2725 1510 2782 exhortare
1558 2725 1829 2783 videtur:
1862 2727 1925 2782 in

272 2811 617 2885 antiphonis
645 2829 784 2869 vero
816 2813 995 2885 plane
1017 2817 1074 2869 et
1103 2814 1361 2870 suaviter
1391 2819 1601 2883 sonat;
1634 2815 1694 2870 in
1725 2815 1925 2872 introi-

273 2901 344 2958 tis
375 2903 514 2972 [leg.
548 2901 906 2974 introitibus]
934 2919 1072 2958 vero
1100 2904 1277 2976 quasi
1323 2920 1469 2960 voce
1514 2904 1817 2977 prteconia
1847 2905 1926 2960 ad

271 2991 543 3046 divinum
593 2990 814 3047 clamat
865 2990 1172 3048 ofﬁcium:
1225 2991 1285 3048 in
1341 2994 1612 3049 Aileluia
1669 2992 1928 3050 suaviter

271 3079 528 3150 gaudet:
562 3079 622 3135 in
654 3085 843 3136 tractu
868 3096 1010 3136 vero
1039 3086 1096 3137 et
1126 3081 1473 3150 gradalibus
1502 3081 1680 3155 plane
1705 3086 1762 3139 et
1793 3099 1928 3156 pro-

270 3173 438 3225 tense
488 3169 919 3242 humiliataque
948 3186 1094 3226 voce
1125 3170 1399 3227 incedere
1452 3171 1704 3227 videtur.
1739 3175 1799 3227 ln
1829 3171 1926 3229 Of-

270 3258 530 3314 ferendis
585 3274 721 3314 vero
769 3263 828 3314 et
873 3275 1083 3315 earum
1131 3260 1418 3327 versibus,
1449 3260 1832 3334 maximeque
1866 3261 1928 3317 in

273 3348 831 3417 Communionibus,
865 3353 1162 3420 quantum
1214 3350 1276 3405 in
1326 3351 1440 3407 hac
1483 3355 1606 3407 arte
1656 3349 1925 3419 valuerit,

271 3438 580 3511 patefecit;
614 3442 700 3492 est
731 3437 889 3492 enim
923 3437 983 3492 in
1031 3438 1117 3493 eis
1168 3439 1522 3494 omnimoda
1568 3439 1749 3510 hujus
1788 3439 1929 3496 artis

273 3527 542 3594 elevatio,
575 3528 891 3600 depositio,
919 3528 1263 3601 duplicatio,
1288 3529 1543 3586 dulcedo
1564 3545 1929 3599 cognoscen-

275 3617 452 3683 tibus,
481 3616 653 3673 labor
677 3617 1064 3687 discentibus,
1096 3619 1392 3691 valdeque
1441 3619 1519 3674 ab
1571 3619 1700 3675 aliis
1739 3619 1926 3674 canti-

271 3706 388 3761 bus
433 3705 780 3778 discrepans
854 3705 1007 3761 mira
1054 3707 1368 3779 depositio,
1418 3713 1476 3762 et
1521 3723 1644 3762 non
1694 3711 1926 3763 tantum

272 3795 606 3850 secundum
651 3796 945 3850 musicam
993 3795 1148 3861 facti,
1181 3813 1365 3868 quam
1399 3797 1646 3852 musicae
1677 3796 1929 3852 auctori-

273 3887 458 3936 tatem
478 3885 532 3936 et
569 3887 925 3950 argumenta
955 3888 1322 3953 praestantes.
1359 3887 1610 3938 Sanctus
1631 3899 1772 3938 vero
1794 3885 1931 3938 Am-

271 3969 510 4024 brosius
551 3969 608 4024 in
660 3969 787 4024 sola
835 3969 1150 4026 dulcedine
1196 3971 1541 4026 mirabiliter
1588 3970 1882 4027 laboravit
1911 3989 1958 4026 :.

271 4058 494 4130 aliique
527 4073 714 4130 quam
745 4057 1003 4130 plurimi,
1029 4063 1207 4131 prout
1235 4074 1270 4114 a
1293 4059 1544 4113 Domino
1575 4064 1934 4133 acceperunt

267 4147 464 4204 divisa
491 4163 762 4215 munera,
783 4148 912 4218 ejus
943 4147 1373 4220 gazophylacio
1399 4147 1794 4204 contulerunt.
1828 4147 1926 4204 llle

269 4240 476 4293 autem
499 4236 762 4292 maxime
784 4235 1116 4293 auctoritati
1142 4235 1404 4292 ecclesiae
1433 4236 1801 4304 contradicit,
1825 4237 1930 4309 qui

267 4331 516 4399 propter
556 4325 811 4382 aliorum
859 4331 1070 4382 cantus
1109 4325 1382 4381 divinum
1415 4328 1473 4382 Β.
1507 4326 1768 4396 Gregorii
1817 4325 1926 4383 do-

268 4433 421 4472 num
445 4415 681 4489 penitus
707 4415 1116 4488 praatermittit.
1144 4419 1292 4471 Nam
1314 4431 1453 4470 cum
1474 4415 1591 4472 alia
1617 4421 1756 4472 sunt
1771 4415 1926 4472 acci-

269 4504 515 4577 pienda,
550 4505 695 4560 tanti
729 4510 926 4560 tamen
954 4504 1140 4576 patris
1189 4504 1512 4560 auctoritas
1543 4520 1928 4578 summopere

269 4599 361 4650 est
413 4593 775 4650 veneranda.
810 4597 923 4650 Nos
967 4599 1167 4650 autem
1221 4610 1343 4649 non
1388 4593 1610 4650 carnali
1661 4593 1926 4661 scientia,

269 4683 378 4738 sed
410 4683 470 4738 in
501 4699 570 4738 eo
619 4683 846 4755 spiritu,
876 4700 998 4756 quo
1028 4683 1154 4754 ipse
1181 4683 1448 4740 imbutus
1489 4688 1596 4751 est,
1628 4683 1931 4738 conﬁden-

272 4778 382 4836 tes,
432 4788 689 4844 quzeque
739 4773 817 4828 ad
857 4773 1039 4842 hujus
1085 4773 1224 4828 artis
1277 4772 1528 4828 celerem
1576 4772 1932 4844 proveniant

270 4862 567 4929 notitiam,
601 4864 751 4917 sicut
777 4862 1086 4933 caepimus,
1115 4878 1551 4934 exsequamur:
1583 4869 1639 4918 et
1659 4861 1824 4934 quod
1855 4861 1930 4916 de

271 4952 520 5008 musicae
567 4951 888 5025 alphabeto
948 4952 1092 5006 satis
1134 4952 1359 5006 dictum
1407 4956 1514 5018 est,
1563 4952 1636 5007 de
1683 4951 1930 5023 syllabis

270 5041 508 5096 videam
519 5041 630 5111 us.]

345 5132 495 5198 (161)
527 5129 748 5185 Musica
777 5127 1030 5201 syllaba,
1063 5144 1198 5199 qua:
1230 5144 1354 5183 una
1388 5128 1513 5184 ﬁeri
1563 5145 1708 5185 voce
1739 5128 1929 5185 credi-

273 5225 387 5287 tur,
434 5219 623 5275 multa
670 5218 1039 5290 expositione
1094 5233 1214 5271 non
1268 5217 1513 5286 indiget,
1563 5217 1708 5290 quia
1762 5217 1931 5290 quod

273 5327 465 5366 unum
497 5314 602 5376 est,
637 5308 776 5364 satis
802 5311 982 5381 patet.
1017 5307 1138 5362 Hoc
1161 5311 1360 5362 tamen
1393 5305 1452 5361 in
1480 5322 1551 5362 ea
1576 5307 1789 5363 intueri
1820 5324 1928 5380 po-

275 5404 406 5469 test,
438 5399 602 5472 quod
652 5398 1008 5470 plerumque
1049 5394 1194 5462 sola,
1227 5395 1581 5469 plerumque
1625 5396 1930 5469 duplicata

275 5489 368 5543 vel
396 5488 686 5561 triplicata
705 5503 821 5542 vox
848 5485 1141 5556 syllabam
1166 5485 1358 5540 facere
1389 5485 1666 5541 creditur.
1689 5489 1766 5542 De
1786 5502 1924 5558 qua-

272 5576 433 5634 libus
464 5577 643 5633 etiam
673 5575 921 5648 syllabis
968 5573 1337 5646 quandoque
1369 5573 1506 5630 duce
1535 5574 1629 5632 vel
1659 5579 1776 5630 tres
1825 5579 1930 5633 aut

350 5666 500 5737 (l6t)
523 5667 737 5720 lterum
763 5661 958 5736 pergit
981 5662 1320 5732 Lipsiensis.

2033 1751 2258 1807 tionem
2287 1756 2346 1806 et
2373 1749 2766 1807 elevationem
2788 1749 2927 1806 facit
2955 1749 3178 1806 habere
3202 1749 3469 1806 videtur:
3494 1765 3691 1822 neque

2034 1841 2213 1897 etiam
2252 1840 2441 1913 aequis
2477 1855 2871 1896 numerorum
2915 1839 3202 1912 passibus
3231 1855 3407 1895 suam
3448 1838 3694 1912 positio-
3727 1840 3733 1846 ”

2034 1945 2174 1986 nem
2205 1929 2354 1985 tueri
2385 1928 2576 1996 valet;
2612 1944 2768 1984 unus
2817 1931 2875 1984 et
2897 1928 3280 2002 imperfectus
3312 1931 3418 1994 est,
3451 1931 3509 1984 et
3560 1927 3691 1998 ejus

2033 2018 2283 2075 elevatio
2340 2017 2434 2073 vel
2483 2016 2780 2090 depositio
2829 2017 2981 2073 sicut
3025 2017 3087 2072 in
3129 2015 3358 2072 chorda
3397 2015 3484 2085 ﬁt,
3519 2016 3602 2074 ita
3628 2016 3690 2072 in

2032 2123 2179 2164 voce
2222 2121 2552 2179 parumper
2585 2105 2860 2178 protendi
2894 2104 3092 2176 debet,
3125 2104 3280 2160 sicut
3318 2104 3502 2175 hujus
3545 2104 3696 2160 anti-

2035 2197 2254 2270 phonae
2304 2195 2502 2268 prima
2553 2193 2802 2251 elevatio
2853 2197 3190 2249 monstrat:
3229 2192 3497 2249 Jubilate
3546 2195 3688 2250 Deo.

2035 2291 2183 2344 Nam
2235 2302 2372 2342 cum
2405 2284 2676 2357 aquinta
2723 2299 2865 2339 voce
2895 2283 2957 2338 in
3011 2285 3237 2338 sextam
3289 2281 3690 2354 progrederis,

2035 2374 2386 2448 huiusmodi
2411 2373 2801 2429 elevationem
2835 2371 3150 2427 semitonio
3190 2370 3318 2426 ﬁeri
3340 2371 3690 2441 cognoscis;

2033 2464 2471 2538 depositionem
2500 2478 2640 2518 vero
2669 2462 2800 2533 ejus
2829 2459 3210 2532 reciprocatis
3253 2459 3504 2515 vocibus
3558 2473 3692 2530 per-

2035 2554 2294 2624 notabis,
2317 2558 2381 2608 ut
2409 2552 2470 2608 in
2496 2553 2609 2608 hac
2635 2551 2966 2624 antiphona
2999 2568 3012 2605 :
3045 2551 3206 2605 Laus
3235 2551 3356 2604 Deo
3385 2549 3581 2604 Patri.

2107 2643 2197 2698 Fit
2251 2645 2539 2714 praeterea
2597 2638 2892 2695 semitonii
2949 2636 3185 2709 syllaba
3233 2640 3362 2691 tum
3414 2635 3690 2708 simplex,

2037 2737 2165 2789 tum
2204 2730 2576 2803 composita;
2610 2731 2667 2784 et
2717 2726 2975 2800 simplex
3021 2725 3268 2798 quidem
3313 2728 3420 2791 est,
3463 2723 3524 2780 in
3572 2739 3694 2796 qua

2037 2819 2222 2876 semel
2243 2823 2496 2891 utraque
2527 2816 2755 2873 chorda
2804 2819 3000 2882 sonat,
3026 2814 3145 2870 sive
3176 2814 3236 2868 in
3286 2812 3448 2869 arsin
3479 2813 3602 2869 sive
3631 2812 3694 2869 in

2036 2909 2251 2976 thesin,
2287 2908 2402 2963 hoc
2432 2909 2524 2962 est
2569 2904 2963 2961 elevationem
3003 2907 3058 2958 et
3101 2901 3558 2974 depositionem,
3588 2901 3694 2958 ha-

2036 2999 2185 3054 bens
2208 3000 2439 3053 tantum
2469 2995 2622 3050 duas
2648 3009 2820 3049 voces
2847 2997 2902 3048 et
2927 2991 3082 3046 duos
3111 2994 3330 3046 motus.
3351 2989 3696 3062 Composita

2037 3103 2180 3143 vero
2211 3089 2320 3152 est,
2350 3099 2487 3157 quae
2512 3083 2650 3139 licet
2685 3081 2842 3138 duas
2886 3084 3122 3136 tantum
3150 3094 3329 3135 voces
3357 3078 3599 3145 habeat,
3630 3078 3693 3134 in

2038 3176 2262 3233 eisdem
2321 3178 2524 3231 tamen
2580 3176 2696 3228 tres
2753 3170 3014 3228 continet
3082 3173 3303 3236 motus,
3360 3185 3499 3224 cum
3570 3183 3695 3224 una

2037 3280 2246 3323 earum
2277 3263 2370 3320 bis
2404 3267 2599 3326 sonat,
2631 3264 2811 3334 atque
2837 3258 2953 3316 alia
2990 3257 3207 3325 semel;
3239 3257 3307 3312 ﬁt
3335 3259 3537 3313 autem
3567 3271 3694 3313 mo-

2037 3355 2128 3411 dis
2159 3370 2284 3410 sex.
2308 3356 2458 3409 Nam
2493 3366 2631 3406 cum
2658 3347 2898 3419 gravior
2925 3347 3039 3414 bis,
3073 3351 3130 3403 et
3159 3345 3454 3418 posterior
3482 3344 3691 3412 semel,

2038 3462 2108 3502 ac
2130 3443 2348 3501 deinde
2378 3458 2514 3514 quae
2543 3440 2784 3512 gravior
2813 3443 2920 3508 est,
2950 3437 3044 3493 bis
3075 3439 3498 3510 prosequatur,
3528 3433 3694 3491 modi

2039 3538 2176 3590 sunt
2206 3533 2349 3588 duo.
2379 3531 2435 3588 Si
2460 3533 2662 3586 autem
2690 3527 2982 3601 posterior
3003 3525 3095 3581 bis
3127 3529 3318 3594 sonet,
3347 3529 3405 3580 et
3433 3523 3512 3579 ad
3540 3523 3696 3596 prio-

2035 3639 2164 3679 rem
2193 3637 2316 3676 una
2341 3618 2725 3693 percussione
2755 3614 3104 3682 descendat,
3124 3629 3330 3669 rursus
3359 3612 3526 3668 modi
3557 3614 3696 3668 sunt

2037 3713 2135 3770 alii
2165 3712 2308 3768 duo.
2340 3708 2559 3766 Deinde
2590 3707 2638 3763 si
2659 3705 3003 3778 simpliciter
3031 3703 3108 3760 ad
3131 3703 3460 3759 secundam
3491 3717 3696 3758 ascen-

2038 3802 2162 3870 dat,
2189 3813 2474 3870 moxque,
2511 3796 2590 3852 ad
2639 3793 3025 3866 semetipsam
3073 3793 3278 3848 redeat
3324 3792 3521 3864 prima
3569 3791 3694 3846 sive

2038 3887 2433 3954 descendens,
2467 3883 2732 3940 secunda
2783 3881 2863 3938 ad
2901 3881 3163 3954 primam
3210 3895 3353 3935 mox
3393 3877 3470 3934 ad
3503 3894 3694 3935 seme-

2040 3978 2261 4050 tipsam
2291 3976 2574 4039 recurrat,
2609 3970 2774 4026 modi
2800 3969 2953 4025 ﬁunt
3003 3968 3101 4024 alii
3139 3969 3280 4023 duo.
3316 3970 3462 4024 Cum
3493 3971 3695 4022 autem

2039 4066 2103 4122 in
2155 4063 2506 4135 uniquoque
2573 4058 2951 4131 superiorum
3018 4055 3341 4112 modorum
3394 4053 3693 4122 eamdem,

2041 4153 2147 4210 ubi
2178 4151 2400 4212 ﬁnitur,
2438 4147 2824 4222 repercutias,
2871 4145 2993 4201 sive
3048 4145 3126 4200 ad
3164 4143 3413 4200 alteram
3460 4142 3694 4211 redeas,

2040 4240 2348 4316 quaternis
2392 4237 2655 4294 motibus
2705 4240 2760 4292 et
2805 4234 3044 4292 duabus
3086 4233 3336 4291 vocibus
3391 4230 3697 4288 notabitur

2041 4330 2296 4405 syllaba.

2115 4419 2344 4487 Quibus
2393 4417 2474 4474 ita
2502 4415 2730 4489 positis,
2775 4414 2823 4470 si
2853 4429 3039 4469 unam
3087 4412 3182 4468 vel
3221 4411 3469 4469 alteram
3500 4426 3696 4484 reper-

2043 4510 2252 4576 cutias,
2303 4507 2520 4581 quinos
2576 4504 2754 4561 etiam
2804 4502 3146 4576 pervidebis
3203 4506 3404 4558 motus
3451 4518 3463 4555 :
3516 4504 3696 4572 atque

2042 4598 2156 4653 hoc
2202 4596 2279 4652 ad
2325 4594 2586 4669 plurima
2629 4591 3036 4666 protendetur.
3084 4589 3264 4646 Nobis
3320 4594 3522 4645 autem
3577 4602 3697 4643 me-

2039 4685 2155 4742 lius
2204 4685 2418 4758 placet,
2459 4687 2523 4738 ut
2568 4697 2779 4737 omnes
2827 4680 2889 4735 hi
2941 4684 3138 4735 motus
3176 4680 3256 4734 ita
3299 4677 3698 4749 disponantur

2039 4778 2102 4832 in
2159 4775 2446 4848 syllabas,
2473 4777 2772 4846 quatenus
2801 4770 2946 4842 ipsae
2978 4768 3226 4841 syllabae
3258 4767 3380 4822 sive
3418 4781 3541 4822 uno
3573 4765 3697 4822 sive

2041 4864 2283 4920 duobus
2335 4864 2455 4918 sive
2509 4859 2689 4916 ternis
2742 4859 3158 4914 contineantur
3196 4856 3476 4922 motibus,
3529 4853 3698 4927 quod

2040 4958 2097 5009 et
2151 4951 2396 5008 rationis
2449 4946 2848 5008 commodius.
2889 4951 2947 5002 et
2987 4946 3354 5002 discentibus
3407 4943 3699 5019 probatur

2041 5042 2263 5098 utilius.
2335 5045 2400 5096 Et
2476 5039 2711 5113 quoties
2790 5036 3141 5109 hujusmodi
3221 5035 3696 5093 continuationes

2040 5129 2448 5196 inveniuntur,
2481 5126 3006 5200 multiplicationes
3033 5126 3231 5199 potius
3261 5123 3529 5180 dicendae
3561 5123 3699 5174 sunt

2044 5219 2435 5292 syllabarum.
2467 5220 2661 5284 Quare
2723 5233 2882 5290 saepe
2941 5215 3229 5286 contingit
3266 5211 3542 5268 eamdem
3575 5207 3697 5279 syl-

2040 5306 2246 5364 labam
2296 5305 2587 5378 duplicari
2619 5308 2676 5361 et
2706 5304 3010 5377 triplicari,
3041 5307 3098 5357 et
3145 5300 3410 5356 diversas
3435 5295 3696 5350 duarum

2041 5413 2262 5455 vocum
2294 5395 2562 5470 syllabas
2592 5393 2994 5466 multipliciter
3022 5388 3185 5462 poni.
3219 5385 3391 5452 Quod
3444 5400 3584 5441 cum
3605 5383 3694 5456 ﬁt,

2041 5485 2104 5542 id
2148 5492 2236 5542 est
2292 5501 2428 5542 cum
2469 5481 2681 5557 paucis
2728 5479 2977 5536 vocibus
3020 5480 3076 5533 et
3122 5473 3393 5548 pluribus
3433 5472 3695 5530 motibus

2040 5574 2453 5650 multiplicatio
2499 5571 2566 5628 ﬁt
2612 5568 3006 5642 syllabarum,
3035 5581 3169 5640 quae
3215 5567 3354 5621 tunc
3386 5561 3696 5620 continua-
