4096 6138
511 231 620 284 787

1222 222 1278 278 s.
1332 185 1588 280 cnoms
1627 222 1916 277 ABBATIS
1959 221 2087 276 seu
2128 218 2464 275 amemus
2503 221 2759 278 ODONIS
2800 221 3132 278 MONACHL
3771 229 3850 280 ηδε

515 352 622 407 tim
651 347 968 422 profertur,
1011 347 1245 418 partem
1273 347 1532 403 musicat
1571 347 1958 402 nominamus
1987 363 2000 396 :
2036 359 2172 416 quae
2204 345 2252 400 Α
2283 343 2480 399 omnis
2505 343 2750 400 intentio
2777 343 2855 399 illi
2879 343 3096 399 servire
3123 342 3407 400 videatur.
3435 343 3716 416 Euphonia
3732 349 3854 404 enim

516 456 658 514 pars
687 439 748 494 in
776 435 1039 509 syllabas
1071 451 1263 492 unum
1292 437 1388 494 vel
1415 437 1571 494 duos
1598 442 1699 494 aut
1723 441 1840 494 tres
1881 435 2173 492 habentes

517 532 718 587 motus
749 525 1101 583 resolvatur.

589 615 852 684 Qualiter
881 619 1084 671 autem
1112 614 1228 688 ipsi
1253 618 1454 671 motus
1483 615 1910 689 dispertiantur
1938 615 1999 670 in
2051 612 2172 686 syl-

513 707 712 779 labas,
741 708 1059 764 cantorum
1113 703 1340 776 judicio
1387 707 1446 762 et
1493 705 1628 760 usui
1674 703 2078 778 praetermitto,
2111 707 2176 759 ut

520 813 660 853 cum
718 792 1073 866 hujusmodi
1115 809 1258 865 pars
1302 793 1498 865 fuerit,
1545 794 1606 850 in
1653 794 1875 866 quibus
1923 799 2174 866 utraque

521 885 750 944 chorda
779 886 981 952 sonet;
1013 896 1089 938 ne
1111 897 1250 938 cum
1277 881 1392 938 hoc
1418 898 1576 956 saepe
1599 882 1684 954 ﬁt,
1717 883 2022 939 fastidium
2074 898 2174 952 ge-

519 977 706 1032 neret.
761 971 1101 1046 Aliquando
1157 972 1420 1045 primum
1489 977 1722 1029 motum
1777 989 1888 1046 pro
1937 971 2178 1046 syllaba

522 1081 665 1132 una,
699 1065 757 1120 et
785 1065 1100 1136 sequentes
1131 1065 1247 1118 tres
1275 1077 1386 1135 pro
1415 1061 1530 1118 alia
1557 1081 1568 1128 ;
1602 1063 1930 1136 aliquando
1976 1066 2177 1118 autem

522 1155 678 1211 duos
715 1152 779 1208 in
807 1167 949 1220 una,
989 1155 1046 1207 et
1088 1150 1242 1206 duos
1290 1150 1352 1206 in
1385 1151 1568 1208 altera
1615 1155 1816 1207 motus
1849 1153 2132 1224 ponimus
2162 1171 2173 1208 :

525 1240 852 1314 aliquando
879 1255 1024 1294 vero
1049 1238 1280 1311 priores
1309 1243 1426 1295 tres
1454 1245 1657 1296 motus
1687 1256 1797 1313 pro
1829 1257 1972 1309 una,
2006 1244 2062 1296 et
2087 1257 2179 1295 so-

521 1330 648 1386 lum
677 1333 962 1403 quartum
999 1343 1110 1402 pro
1142 1327 1259 1384 alia
1305 1327 1542 1400 syllaba
1592 1315 1947 1402 accipimus.
1989 1332 2179 1401 Atque

523 1419 602 1475 ad
643 1417 807 1474 hunc
855 1417 1110 1474 modum
1139 1417 1213 1473 de
1241 1417 1486 1490 reliquis
1531 1417 1803 1490 partibus
1845 1417 2176 1489 judicabit:

523 1511 690 1564 tanta
718 1507 879 1563 enim
913 1506 1336 1562 dissimilitudo
1359 1506 1477 1562 hoc
1526 1511 1881 1576 argumento
1911 1505 2038 1561 ﬁeri
2067 1521 2180 1578 po-

519 1601 652 1666 test,
679 1599 745 1653 ut
774 1597 1058 1653 eumdem
1102 1599 1346 1652 cantum
1389 1609 1543 1668 pene
1575 1595 1760 1651 alium
1805 1596 2053 1652 reddere
2097 1595 2180 1651 vi-

521 1687 736 1743 deatur
759 1689 816 1742 et
846 1683 1101 1740 difﬁcilis
1133 1684 1209 1740 sit
1239 1687 1450 1740 cantus
1500 1689 1556 1740 et
1607 1683 1807 1739 minus
1854 1683 2176 1740 delectans.
2207 1703 2251 1757 Β

525 1775 584 1833 Si
613 1776 743 1845 ejus
787 1771 1054 1846 syllabas
1093 1777 1150 1829 et
1175 1776 1375 1845 partes
1415 1789 1484 1829 ac
1520 1773 1929 1829 distinctiones
1959 1773 2180 1830 similes

523 1863 758 1934 feceris,
791 1863 923 1934 ejus
954 1861 1364 1919 difﬁcultatem
1415 1861 1539 1918 tolli
1567 1865 1624 1918 et
1670 1861 2050 1920 dulcedinem
2081 1881 2181 1920 au-

525 1953 650 2024 geri
695 1951 975 2008 videbis:
1031 1951 1198 2024 quod
1241 1952 1503 2008 maxime
1551 1953 1752 2026 pueris
1800 1953 2091 2010 convenit.
2125 1953 2184 2011 Si

521 2057 665 2099 vero
686 2040 865 2098 nimis
892 2039 1182 2098 delicatus
1205 2039 1380 2098 fuerit
1405 2043 1462 2098 et
1485 2041 1693 2110 facilis,
1722 2042 1997 2099 faciendo
2025 2043 2184 2099 simi-

521 2133 838 2190 litudinem
869 2132 932 2188 in
965 2131 1213 2205 syllabis
1251 2131 1543 2204 partibus,
1580 2137 1638 2188 et
1681 2133 2029 2202 gravitatem
2081 2150 2184 2206 ap-

520 2236 734 2294 pones,
777 2225 833 2276 et
882 2219 1278 2276 difﬁciliorem
1329 2220 1564 2290 reddes,
1616 2225 1672 2277 et
1720 2221 1884 2293 quod
1923 2221 2183 2294 plurima

519 2309 872 2384 repetitione
901 2309 1104 2381 ﬁebat,
1139 2309 1446 2366 fastidium
1478 2309 1730 2366 auferes.
1775 2311 1889 2367 Sed
1918 2327 1994 2367 ne
2047 2310 2182 2383 quis

521 2401 762 2457 invidus
799 2403 1006 2456 nostra
1033 2399 1149 2455 hoc
1175 2399 1501 2455 intentione
1529 2405 1968 2473 praesumptum
1993 2405 2180 2474 putet,

519 2489 1024 2563 Antiphonarium
1050 2487 1385 2544 beatissimi
1434 2489 1698 2558 Gregorii
1729 2492 1785 2545 et
1814 2494 2016 2545 noster
2040 2489 2186 2546 ami-

521 2595 629 2634 cus
651 2581 943 2650 opponat,
961 2577 1026 2632 in
1051 2591 1194 2650 quo,
1216 2593 1616 2650 quiscumque
1633 2577 2183 2650 dicimus,probare

519 2665 926 2738 multipliciter
943 2681 1298 2738 possumus.
1325 2665 1698 2722 Omnimodis
1717 2667 1834 2722 hoc
1864 2665 2184 2723 observan-

519 2755 670 2812 dum
693 2758 802 2822 est,
833 2757 899 2810 ut
925 2754 1019 2810 his
1063 2755 1285 2826 regulis
1331 2754 1414 2811 ita
1451 2759 1714 2827 utamur,
1747 2760 2047 2829 quatenus
2077 2773 2179 2812 eu-

517 2843 812 2919 phoniam
840 2843 1184 2901 nullatenus
1215 2843 1616 2914 offendamus,
1646 2861 1786 2902 cum
1829 2845 2011 2917 hujus
2042 2845 2183 2902 artis

1117 3251 1287 3392 ἷξε

641 3283 785 3340 Τοηὶ
867 3283 876 3355 |
941 3301 980 3355 g
1017 3299 1053 3340 a

1617 3325 1895 3392 |"hl|

639 3051 786 3108 Toni
869 3051 2928 3124 II‘AICDIDEIFGIISemit.|BC]EF|ab

638 3150 784 3207 Toni
869 3151 2234 3224 |GA|cdjde|fg||SemiL|
2325 3155 2494 3224 ne]
2581 3151 2988 3239 eflAtq_

1445 3284 1545 3342 bc
1617 3251 1627 3342 !
1687 3287 1726 3341 B
1785 3253 1808 3342 ii
1865 3255 1896 3342 Η
1951 3251 2234 3342 εθωῑι.1

2285 436 2499 490 Graece.
2563 435 2763 491 Latine
2823 435 2973 490 bona
3030 435 3319 490 sonoritas
3375 433 3765 507 interpretatur,
3813 437 3856 494 id

2285 528 2372 579 est
2423 523 2839 592 consonantia,
2868 529 2922 580 et
2952 524 3149 580 omnis
3180 524 3405 580 musica
3432 523 3502 580 de
3531 528 3859 584 consonantia

2285 617 2512 670 tractat.

2355 702 2500 758 Toni
2529 706 2751 766 autem,
2782 706 2847 759 ut
2873 702 3156 772 diximus,
3181 701 3506 775 protensior
3533 705 3692 776 atque
3717 703 3859 776 perfe-

2286 791 2432 848 ctior
2483 791 2728 848 elevatio
2760 795 2817 848 et
2863 791 3157 864 depositio
3215 795 3323 861 est,
3355 795 3411 847 et
3457 793 3520 847 ut
3567 791 3641 848 ita
3685 792 3859 863 dicam,

2287 881 2636 938 semitonius
2662 886 2750 938 est
2773 881 3178 955 imperfectus,
3199 885 3374 936 tonus
3401 896 3538 936 vero
3566 881 3858 956 superﬂuus.

2289 973 2406 1030 Sed
2434 971 2582 1029 dum
2634 973 2811 1029 unius
2850 972 3218 1046 imperfectio
3271 972 3503 1028 alterius
3549 972 3862 1046 superﬂuita-

2287 1065 2431 1130 tem,
2459 1063 2581 1119 sive
2621 1063 2860 1118 alterius
2911 1061 3289 1136 superfluitas
3345 1061 3574 1117 alterius
3613 1061 3862 1134 imperfec-

2291 1151 2514 1206 tionem
2539 1151 2906 1216 moderatur,
2931 1151 3193 1224 perfecta
3221 1150 3546 1206 modulatio
3575 1167 3640 1207 ex
3666 1155 3864 1224 utroque

2287 1239 2470 1295 latere
2499 1240 2835 1313 perﬁcitur;
2868 1244 2925 1296 et
2955 1257 3142 1296 unum
3173 1239 3418 1314 quidem
3447 1239 3534 1295 vel
3558 1239 3694 1295 duos
3735 1245 3864 1296 tonos

2291 1329 2520 1402 absque
2543 1330 2878 1400 semitonio,
2909 1346 3099 1402 quam
3126 1328 3502 1385 semitonium
3529 1328 3731 1404 absque
3761 1333 3865 1385 tono

2289 1419 2352 1473 in
2398 1419 2791 1476 consonantia
2835 1418 2998 1491 poni,
3033 1417 3226 1488 magis
3255 1417 3559 1474 sonoritati
3581 1421 3632 1473 et
3667 1417 3865 1473 auctori-

2291 1508 2396 1564 tati
2425 1508 2635 1580 placet.
2669 1508 3024 1582 Exemplum
3059 1513 3256 1564 autem
3287 1509 3411 1564 toni
3439 1511 3525 1564 est
3551 1507 3606 1563 in
3627 1507 3726 1562 hac
3757 1507 3865 1563 anti-

2292 1598 2500 1672 phona
2568 1599 2766 1670 prima
2842 1599 3238 1654 consonantia
3289 1615 3301 1654 :
3361 1599 3617 1670 Angelus
3669 1599 3864 1652 Dom-ini.

2297 1687 2702 1759 Quoscunque
2728 1691 2928 1742 autem
2983 1688 3199 1742 modos
3232 1687 3594 1760 syllabarum
3621 1685 3866 1740 semitonio

2293 1775 2421 1832 ﬁeri
2450 1776 2733 1842 diximus,
2765 1776 3072 1832 decentius
3091 1793 3160 1832 ac
3187 1776 3552 1850 frequentius
3581 1775 3692 1830 ﬁeri
3714 1773 3870 1830 conﬁr-

2295 1881 2536 1921 mamus
2565 1883 2577 1933 ;
2607 1865 2769 1921 unde
2801 1865 2848 1920 si
2881 1865 3192 1938 superiora
3222 1865 3298 1921 de
3325 1864 3626 1920 semitonio
3651 1863 3864 1928 retineas,

2293 1953 2702 2010 necessarium
2734 1954 2809 2010 de
2839 1959 2979 2010 tono
3012 1955 3272 2028 amplius
3301 1971 3425 2010 non
3476 1953 3734 2028 requiras.
3759 1950 3867 2006 Illud

2293 2042 2476 2098 modo
2507 2041 2642 2098 licet
2689 2043 2956 2098 maxima
2996 2059 3140 2098 cura
3187 2043 3547 2118 perpendas,
3573 2047 3632 2099 ut
3664 2041 3705 2096 si
3729 2054 3866 2095 unum

2289 2132 2418 2202 jam
2474 2131 2857 2187 semitonium
2902 2133 2990 2187 vel
3041 2136 3252 2188 tonum
3285 2132 3607 2200 cognoscis,
3632 2147 3694 2186 ex
3731 2128 3866 2201 ipsius

2296 2220 2683 2276 similitudine
2715 2221 2863 2276 alios
2899 2219 3143 2286 colligas
3170 2241 3180 2288 ;
3217 2221 3446 2278 eaedem
3475 2221 3680 2294 quippe
3705 2231 3866 2273 vocum

2295 2309 2542 2380 syllabae
2559 2313 2614 2366 et
2631 2311 3037 2366 consonantizr
3065 2311 3217 2366 sicut
3241 2311 3304 2366 in
3319 2327 3460 2380 uno,
3483 2310 3560 2366 ita
3575 2310 3628 2365 in
3653 2305 3867 2362 omnibus

2294 2399 2693 2466 inveniuntur,
2719 2399 2778 2454 in
2811 2399 2976 2454 nullo
3003 2400 3437 2473 discrepantes,
3455 2399 3563 2455 nisi
3589 2397 3733 2472 quod
3755 2409 3867 2451 unus

2293 2491 2473 2543 tonus
2523 2487 2640 2543 alio
2669 2491 2812 2544 tono
2844 2489 3085 2558 gravior
3127 2489 3218 2544 vel
3252 2489 3480 2546 acutior
3526 2489 3727 2545 existat.
3751 2481 3867 2540 Unde

2295 2581 2361 2633 ut
2391 2577 2506 2633 alia
2536 2593 2605 2632 ex
2639 2577 2768 2632 aliis
2795 2578 3080 2649 colligens
3117 2577 3351 2635 facilius
3381 2579 3498 2636 vim
3526 2574 3868 2634 cohaerentium

2295 2671 2476 2740 atque
2507 2667 2708 2741 aliqua
2767 2668 3150 2725 similitudine
3183 2669 3652 2726 convenientium
3679 2680 3866 2736 cognos-

2298 2773 2423 2822 cas,
2453 2757 2548 2812 bis
2580 2756 2821 2813 duabus
2853 2757 3061 2828 ﬁguris
3083 2763 3260 2815 tonos
3283 2763 3340 2816 et
3367 2757 3690 2816 semitonios
3711 2753 3864 2828 depin~

2299 2861 2514 2916 glmus.

2928 3033 3020 3160 Π

2485 3251 2496 3390 ἲ

600 3501 748 3554 Cum
779 3497 942 3554 enim
967 3498 1119 3554 sicut
1141 3498 1204 3554 in
1235 3514 1379 3566 uno,
1413 3499 1496 3556 ita
1519 3499 1583 3556 in
1607 3500 1758 3572 aliis,
1791 3501 1926 3556 licet
1953 3503 2187 3557 mutata
2215 3501 2256 3556 C
2293 3498 2630 3570 semitonio,
2659 3501 2764 3556 aut
2801 3515 2873 3556 ea
2901 3515 3038 3572 qua:
3067 3499 3133 3554 ﬁt
3162 3498 3408 3556 duobus
3456 3497 3620 3560 tonis,
3650 3497 3735 3550 aut
3767 3495 3865 3546 tono

527 3603 672 3644 voce
730 3591 1022 3656 cantetur,
1054 3588 1229 3645 valde
1281 3589 1386 3646 tibi
1416 3589 1680 3664 proderit
1708 3590 1925 3646 talibus
1977 3590 2187 3660 ﬁguris

529 3676 797 3734 studium
852 3676 1160 3748 adhibere,
1192 3682 1258 3734 ut
1299 3679 1348 3734 si
1409 3693 1620 3734 omnes
1671 3683 1843 3736 tonos
1873 3683 1927 3736 et
1955 3679 2189 3736 semito-

526 3766 662 3822 nios
691 3764 968 3822 semotim
997 3765 1226 3824 discere
1253 3767 1526 3824 laborem
1555 3771 1753 3840 putas,
1785 3768 1989 3839 agnita
2030 3767 2186 3824 simi-

527 3854 778 3912 litudine
805 3853 970 3911 velut
994 3871 1184 3912 unum
1204 3856 1457 3926 habeas,
1479 3863 1777 3930 quatenus
1799 3857 1878 3914 ad
1903 3857 2187 3914 cantandi

527 3943 805 4018 peritiam
832 3943 1013 4001 ﬂante
1042 3945 1145 4000 Dei
1171 3945 1390 4019 Spiritu
1419 3945 1676 4017 graviter
1704 3947 2028 4019 pertingas.

599 4034 892 4092 Praaterea
919 4050 1058 4090 cum
1083 4033 1288 4107 aliqua
1322 4052 1438 4093 vox
1465 4035 1546 4092 ad
1573 4036 1806 4092 tertiam
1838 4052 1874 4092 a
1903 4053 1967 4092 se
1983 4036 2188 4108 jungi-

528 4125 644 4194 tur,
675 4123 918 4180 duobus
973 4123 1091 4180 hoc
1117 4123 1316 4180 modis
1345 4124 1473 4182 ﬁeri
1526 4125 1903 4198 perhibetur;
1929 4125 1993 4182 in
2035 4125 2189 4198 ejus-

527 4209 698 4268 modi
753 4211 914 4266 enim
971 4211 1382 4269 consonantiis
1429 4212 1669 4283 gravior
1721 4218 1900 4285 atque
1937 4213 2184 4282 acutior,

531 4301 636 4354 aut
663 4301 806 4354 tono
845 4302 903 4355 et
931 4299 1266 4367 semitonio,
1301 4303 1406 4356 aut
1433 4300 1676 4356 duobus
1705 4301 1858 4356 tonis
1885 4317 1922 4357 a
1951 4317 2012 4357 se
2041 4301 2188 4358 invi-

530 4401 663 4442 cem
715 4386 1084 4444 dividuntur.
1139 4390 1205 4444 Et
1258 4404 1328 4444 ea
1403 4388 1670 4460 quidem,
1725 4405 1862 4462 quas
1935 4393 2076 4446 tono
2131 4394 2189 4447 et

529 4473 846 4530 semitonio
871 4473 940 4530 ﬁt
979 4475 1335 4532 contractior
1364 4479 1453 4532 est
1501 4475 1617 4532 hoc
1665 4477 1848 4534 modo
1879 4495 1890 4532 :
1920 4479 2184 4535 Joannes

527 4568 727 4620 autem
757 4579 892 4620 cum
918 4563 1202 4620 audisset.
1253 4565 1396 4630 Quae
1425 4581 1566 4622 vero
1597 4565 1837 4622 duobus
1863 4566 2018 4622 tonis
2047 4583 2184 4640 pro-

525 4652 770 4725 tensior,
821 4657 884 4709 ut
931 4652 994 4709 in
1051 4653 1166 4710 hac
1214 4654 1547 4728 antiphona
1595 4654 1794 4728 prima
1844 4656 2180 4728 depositio:

529 4742 800 4816 Quinque
815 4743 1173 4814 prudentes.
1203 4743 1506 4816 Quidquid
1549 4748 1750 4800 autem
1805 4744 2079 4818 superius
2109 4743 2184 4800 de

525 4833 670 4888 tono
732 4835 790 4918 et
843 4832 1161 4890 semitonio
1208 4832 1436 4890 dictum
1485 4836 1592 4904 est,
1645 4833 1720 4889 de
1775 4833 1891 4890 hoc
1939 4849 2185 4908 quoque
2209 4863 2255 4918 Β

521 4918 711 4975 modo
741 4917 991 4990 dicitur;
1019 4921 1136 4978 nisi
1161 4921 1330 4994 quod
1373 4923 1689 4996 praesentis
1719 4922 1886 4980 modi
1935 4923 2184 4996 syllabas

523 5022 651 5064 non
673 5006 851 5075 adeo,
885 5012 950 5066 ut
977 5009 1336 5083 superiores,
1363 5011 1747 5086 multiplicari
1775 5013 2178 5070 inveniuntur.

525 5095 642 5156 Sed
665 5101 965 5170 quantum
993 5097 1090 5156 hic
1119 5099 1340 5158 modus
1365 5100 1470 5158 illo
1509 5105 1597 5160 est
1647 5101 2004 5176 protensior,
2055 5105 2183 5158 tan-

521 5189 652 5246 tum
691 5187 756 5246 in
786 5187 1236 5264 replicationem
1265 5193 1324 5248 et
1347 5190 1908 5266 multiplicationem
1953 5191 2184 5250 eveniet

515 5293 731 5338 rarior.

591 5369 740 5426 Cum
771 5370 973 5426 autem
997 5383 1116 5426 vox
1171 5368 1250 5425 ad
1275 5371 1560 5442 quartam
1587 5385 1624 5426 a
1649 5385 1713 5426 se
1772 5369 2176 5442 conjungitur,

517 5459 762 5528 propter
789 5456 1162 5516 diatessaron
1210 5457 1560 5531 dignitatem
1601 5458 1885 5515 omnibus
1918 5458 2180 5531 superio-

515 5559 654 5600 rum
677 5543 1051 5616 syllabarum
1077 5546 1341 5604 modulis
1375 5547 1708 5604 decoratur.
1759 5547 1874 5602 Sed
1925 5546 2079 5602 sicut
2102 5545 2178 5602 de

514 5646 588 5688 ea
617 5647 752 5704 quas
773 5637 862 5688 est
882 5633 960 5689 ad
984 5635 1238 5703 tertiam,
1261 5635 1546 5703 diximus,
1575 5635 1656 5692 ita
1679 5651 1926 5709 quoque
1955 5633 2030 5691 de
2059 5634 2177 5691 hac

515 5719 922 5794 perhibemus.
956 5723 1151 5796 Quare
1178 5725 1479 5796 quantum
1505 5737 1598 5792 ea,
1631 5739 1766 5798 quas
1794 5723 1861 5782 ﬁt
1893 5726 2036 5783 tono
2081 5723 2176 5784 vel

2291 3593 2348 3644 et
2377 3588 2711 3656 semitonio,
2741 3588 2976 3646 videtur
3005 3591 3352 3662 expansior,
3386 3593 3609 3646 tantum
3653 3577 3868 3652 multipli-

2293 3679 2524 3734 catione
2555 3693 2626 3734 ac
2653 3678 3036 3751 replicatione
3063 3679 3274 3736 rariori
3307 3683 3580 3736 contenta
3597 3679 3692 3732 est.
3720 3671 3870 3740 Hujus-

2291 3767 2460 3823 modi
2489 3765 2650 3823 enim
2677 3766 2974 3840 syllabam
3006 3768 3225 3842 saepius
3257 3772 3520 3842 repetere
3547 3765 3746 3836 absque
3769 3757 3868 3814 alte-

2291 3856 2414 3912 rius
2467 3855 2914 3930 interpositione
2945 3856 3192 3912 minime
3223 3857 3540 3914 debemus.
3575 3853 3733 3910 Distat
3753 3845 3866 3903 enim

2292 3945 2355 4002 in
2383 3945 2484 4016 huj
2497 3944 2732 4001 usmodi
2763 3944 2996 4018 syllaba
3025 3962 3144 4002 vox
3175 3945 3255 4002 ab
3291 3946 3476 4002 altera
3523 3941 3735 4000 duobus
3761 3931 3868 3992 tonis

2293 4038 2350 4092 et
2379 4033 2715 4106 semitonio,
2747 4034 2862 4090 hoc
2887 4039 2996 4100 est,
3028 4035 3409 4094 diatessaron
3462 4027 3804 4110 symphonia:
3827 4025 3870 4076 ut

2293 4125 2383 4178 est
2409 4121 2760 4194 hujusmodi
2790 4122 3086 4195 depositio
3120 4142 3132 4178 :
3163 4123 3430 4194 Spiritus
3455 4126 3696 4180 sanctus.
3733 4114 3786 4170 Ut
3801 4120 3870 4164 au-

2296 4215 2416 4266 tem
2449 4210 2638 4268 tribus
2666 4211 2822 4266 tonis
2845 4211 2998 4268 inter
3031 4227 3095 4268 se
3120 4212 3420 4284 differant,
3447 4227 3554 4268 nec
3583 4195 3868 4264 sonoritatis,

2295 4315 2405 4356 nec
2429 4299 2778 4358 auctoritate
2809 4301 3030 4371 regulae
3056 4301 3325 4370 fulcitur;
3363 4301 3425 4356 id
3453 4303 3555 4362 est,
3587 4311 3710 4354 cum
3737 4286 3870 4346 tribus

2297 4391 2451 4448 tonis
2477 4395 2536 4446 et
2577 4390 2894 4447 semitonio
2921 4391 2998 4447 ab
3029 4391 3132 4447 illa
3165 4396 3499 4466 separatur.
3527 4393 3664 4446 Nam
3689 4386 3741 4438 ut
3763 4377 3869 4466 dtIO'

2291 4478 2409 4536 bus
2453 4479 2607 4536 tonis
2637 4484 2694 4536 et
2749 4481 2992 4538 duobus
3025 4465 3352 4538 semitoniis
3385 4480 3445 4536 id
3491 4478 3608 4544 ﬁat,
3637 4465 3869 4561 rarissime

2294 4566 2627 4636 invenitur;
2655 4569 2898 4642 ponitur
2928 4569 3088 4626 enim
3137 4567 3488 4640 hujusmodi
3539 4561 3744 4640 syllaba
3773 4565 3869 4607 stm-

2293 4654 2425 4728 plex
2455 4656 2761 4730 duplicata
2807 4662 3010 4714 autem
3065 4673 3220 4726 raro,
3253 4657 3370 4714 hoc
3415 4654 3591 4712 modo
3619 4669 3634 4706 :
3661 4646 3866 4730 Primunf

2295 4721 2564 4816 quaerite:
2597 4745 2685 4802 Fit
2721 4749 2922 4802 autem
2951 4745 3185 4818 syllaba
3207 4721 3280 4802 iet
3328 4744 3514 4800 tribus
3545 4737 3776 4796 vocibus,
3796 4721 3868 4782 sed

2293 4830 2356 4887 in
2403 4832 2671 4902 singulos
2703 4837 2936 4890 tantum
2987 4841 3187 4890 motus
3215 4831 3590 4896 habentibus,
3622 4831 3730 4882 tum
3771 4829 3868 4873 con-

2293 4921 2462 4978 tinua
2513 4924 2640 4976 tum
2698 4921 3046 4996 interrupta.
3097 4926 3163 4980 Et
3209 4923 3492 4979 continua
3537 4915 3750 4992 quidem
3789 4905 3866 5003 est.

2291 5009 2580 5082 quoniam
2608 5009 2753 5082 ipsae
2777 5017 2891 5067 tres
2915 5028 3094 5068 voces
3125 5017 3188 5068 ut
3215 5013 3276 5067 in
3303 5005 3692 5067 monochordo
3711 4997 3864 5090 posita!

2293 5105 2454 5169 sunt,
2485 5100 2568 5158 ita
2595 5100 2658 5158 in
2689 5117 2810 5160 una
2857 5102 3094 5175 syllaba
3118 5097 3446 5176 ponuntur,
3469 5097 3625 5156 nulla
3643 5095 3698 5150 in
3719 5082 3864 5176 medio

2291 5192 2674 5246 remanente:
2699 5189 2866 5262 quod
2893 5189 2954 5246 in
2977 5205 3048 5246 ea
3075 5175 3328 5263 syllaba,
3350 5189 3414 5246 in
3441 5189 3680 5262 quatuor
3703 5175 3766 5234 ad
3789 5175 3864 5265 ἱεῖς

2291 5277 2435 5336 tiam
2459 5257 2752 5350 jungitur,
2784 5283 3044 5350 notatur,
3077 5257 3126 5336 si
3157 5278 3424 5336 secunda
3459 5257 3596 5350 quae
3641 5257 3862 5350 remansit

2287 5346 2492 5426 media
2515 5346 2878 5426 assumatur.
2914 5346 3076 5426 Unde
3105 5369 3193 5439 ﬁt,
3225 5373 3288 5426 ut
3317 5346 3551 5424 sicutin
3571 5361 3660 5418 illa
3687 5346 3861 5428 sylla-ba

2291 5461 2394 5513 aut
2446 5457 2568 5514 duo
2623 5457 2744 5514 toni
2797 5461 2899 5514 aut
2955 5461 3130 5514 tonus
3177 5462 3234 5513 et
3283 5453 3620 5512 semitonius
3651 5441 3860 5502 differen-

2287 5545 2432 5604 tiam
2479 5545 2760 5616 facerent,
2787 5545 2867 5602 ita
2897 5549 2954 5602 et
2981 5545 3044 5602 in
3089 5547 3204 5604 hac
3255 5560 3492 5620 quoque
3542 5537 3736 5608 eadem
3759 5525 3856 5582 dm?

2287 5635 2516 5708 species
2577 5635 2972 5704 inveniantur,
3029 5641 3148 5694 tres
3185 5635 3344 5694 enim
3397 5631 3670 5690 continua:
3723 5623 3854 5708 φοοδ

2285 5701 2388 5783 aut
2410 5723 2566 5782 duos
2595 5727 2789 5796 tonos,
2821 5728 2922 5783 aut
2953 5701 3161 5784 tonum
3191 5729 3248 5785 et
3271 5719 3633 5781 semitonium
3671 5701 3852 5767 duobus
