4090 6122
224 194 328 250 ’793

1519 210 1882 267 OPUSCULA
1922 212 2012 267 DE
2053 211 2331 270 MUSICA.

3533 223 3636 279 794

224 332 363 373 cum
390 318 688 379 similibus
715 324 920 383 litteris
945 330 1208 402 primum
1234 336 1290 388 et
1319 333 1656 391 secundum
1686 351 1927 391 versum
1957 350 2064 408 per
2095 340 2229 394 octo
2252 353 2432 394 voces
2461 344 2744 397 notamus
2775 343 2889 399 hoc
2925 343 3106 399 modo
3141 362 3152 399 :

1081 531 1687 587 TTSTTSTT

907 609 1868 815 IWI

1072 725 1694 798 Gabcdefg
1858 719 1868 815 Ι

1072 725 1694 798 Gabcdefg
1858 719 1868 819 Ι

2213 537 2723 594 TSTTSTT

2213 544 2723 594 'I‘STTSTT

2194 614 2976 694 mm

2194 636 2798 694 ABCDEFGa

3143 687 3150 826 1

291 1047 372 1099 Ex
424 1044 538 1113 his,
591 1063 726 1119 qua
774 1053 1104 1105 monstrata
1147 1053 1305 1119 sunt,
1337 1050 1598 1123 reliquas
1629 1067 1871 1124 quoque
1900 1054 1949 1108 Α
1985 1053 2332 1124 contiguum
2363 1057 2584 1127 locum,
2609 1061 2758 1116 sicut
2787 1061 3033 1132 clangor
3055 1064 3354 1121 tubarum.
3383 1066 3636 1122 Subtiles

212 1131 632 1190 similitudines
678 1135 944 1208 prudens
987 1137 1170 1194 lector
1217 1138 1505 1196 advertat.
1561 1143 1638 1196 Ea
1687 1141 1868 1211 enim,

207 1238 349 1294 qua
383 1239 488 1294 per
541 1241 602 1280 se
655 1226 977 1300 quisquam
1037 1245 1248 1301 capere
1278 1231 1486 1302 possit,
1524 1247 1630 1304 per
1668 1232 1872 1308 ompia

208 1311 512 1383 persequi,
545 1314 807 1371 otiosum
835 1322 942 1386 est,
983 1318 1214 1374 Amodo
1244 1335 1380 1391 qua
1411 1320 1484 1376 de
1515 1321 1785 1392 partibus
1815 1325 1872 1377 et

206 1399 692 1458 distinctionibus
739 1404 977 1460 divinus
1010 1407 1258 1479 Spiritus
1299 1409 1560 1465 revelare
1591 1410 1869 1479 dignabi-

206 1493 326 1555 tur,
383 1489 598 1546 eodem
651 1492 976 1563 adjuvante
1029 1496 1228 1567 potius
1283 1498 1622 1571 exemplare
1680 1514 1868 1570 quam

205 1581 462 1635 tractare
489 1595 796 1636 conemur.

280 1667 427 1738 (162)
449 1667 668 1725 Musica
698 1685 770 1725 ex
802 1669 991 1726 musis
1019 1672 1666 1748 sumpsitprincipium,
1698 1675 1866 1748 ipsa-

202 1771 324 1830 que
372 1774 561 1813 musa
593 1773 707 1828 apo
757 1766 819 1816 tu
850 1777 1014 1817 musa
1058 1764 1203 1834 (163)
1251 1764 1562 1836 appellata
1614 1771 1771 1833 sunt,
1805 1766 1865 1821 id

203 1850 318 1913 est,
360 1862 396 1902 a
445 1848 791 1920 quaerendo,
848 1850 1013 1922 quod
1074 1867 1178 1923 per
1227 1851 1410 1925 ipsas,
1444 1854 1594 1910 sicut
1637 1855 1866 1927 antiqui

200 1935 540 2007 voluerunt,
569 1937 654 1993 vis
685 1939 1023 1995 carminum
1060 1943 1117 1996 et
1145 1942 1307 1997 vocis
1339 1943 1669 2000 modulatio
1699 1961 1865 2016 qua-

200 2029 450 2081 reretur.
490 2027 707 2082 Musica
740 2033 833 2084 est
861 2029 1106 2086 scientia
1135 2030 1289 2088 bene
1334 2032 1683 2088 modulandi
1715 2050 1866 2106 qua-

203 2119 340 2170 tuor
361 2117 696 2172 consistens
726 2118 1019 2190 partibus,
1045 2119 1105 2175 id
1134 2125 1239 2188 est,
1264 2121 1636 2192 harmonica,
1661 2125 1865 2196 rhyth-

203 2204 382 2272 mica,
415 2207 685 2269 metrica,
714 2208 1018 2277 organica.
1061 2209 1210 2279 (164)
1239 2211 1593 2268 Harmonica
1623 2217 1710 2268 est
1739 2229 1864 2269 mo-

202 2293 433 2350 dulatio
462 2296 646 2366 vocis,
671 2301 726 2353 et
755 2297 1078 2354 concordia
1116 2299 1513 2371 plurimorum
1553 2318 1861 2372 sonorum,

1983 1159 2160 1198 voces
2182 1151 2336 1215 sunt,
2369 1147 2589 1219 quibus
2619 1149 2766 1221 (169)
2794 1156 2881 1206 θεῖ
2909 1153 3173 1224 spiritus,
3201 1154 3409 1227 quales
3439 1155 3634 1211 infan-

1982 1233 2128 1288 tium
2154 1235 2247 1290 vel
2278 1237 2597 1294 mulierum
2636 1239 2728 1295 vel
2775 1245 3211 1310 agrotantium,
3247 1245 3396 1300 sicut
3418 1245 3479 1299 in
3505 1261 3636 1300 ner-

1979 1323 2100 1380 vis:
2133 1340 2278 1381 nam
2328 1327 2730 1386 subtilissima
2787 1332 3024 1387 chordae
3059 1333 3300 1389 subtiles
3329 1351 3399 1390 ac
3430 1339 3636 1390 tenues

1980 1428 2162 1467 sonos
2190 1415 2481 1472 emittunt.
2519 1417 2774 1488 Pingues
2799 1425 2940 1476 sunt
2969 1437 3165 1488 voces,
3198 1421 3446 1493 quando
3473 1422 3637 1495 spiri-

1978 1505 2072 1556 tus
2103 1503 2326 1558 multus
2359 1505 2534 1561 simul
2587 1508 2904 1577 egreditur,
2935 1510 3085 1566 sicut
3131 1511 3413 1566 virorum.
3449 1515 3634 1566 Acuta

1977 1606 2092 1646 vox
2123 1595 2211 1647 θεῖ
2237 1594 2431 1648 tenuis
2488 1600 2542 1650 et
2581 1596 2718 1661 alta,
2770 1597 2920 1653 sicut
2963 1599 3023 1654 in
3085 1601 3280 1655 cordis
3335 1601 3631 1657 videmus.

1978 1681 2134 1734 Dura
2160 1696 2275 1735 vox
2313 1687 2419 1748 est,
2459 1700 2594 1756 qua
2637 1685 2921 1741 violenter
2949 1688 3158 1744 emittit
3195 1705 3432 1755 sonum,
3485 1689 3635 1745 sicut

1977 1769 2303 1826 tonitruum
2335 1776 2390 1828 et
2421 1773 2574 1829 sicut
2602 1774 2834 1830 incudis
2884 1792 3092 1844 sonus,
3131 1779 3365 1849 quoties
3411 1778 3631 1833 durum

1976 1857 2228 1914 malleus
2253 1862 2506 1932 percutit
2565 1862 2809 1920 ferrum.
2837 1869 3064 1938 Aspera
3107 1881 3222 1922 vox
3255 1871 3312 1921 et
3351 1882 3554 1936 rauca,
3576 1870 3630 1921 et

1975 1963 2110 2020 qua
2153 1949 2513 2021 dispergitur
2568 1967 2674 2024 per
2726 1955 2872 2025 (170)
2927 1960 3170 2011 mutuos
3221 1959 3279 2011 et
3315 1955 3632 2011 dissimiles

1975 2037 2204 2109 pulsus.
2248 2041 2415 2095 Caca
2478 2056 2589 2096 vox
2621 2046 2730 2110 est,
2759 2059 2893 2114 qua
2926 2060 3067 2099 mox
3096 2047 3162 2098 ut
3189 2045 3408 2100 emissa
3435 2043 3627 2111 fuerit,

1976 2127 2331 2195 conticescit,
2382 2134 2559 2200 atque
2609 2131 2898 2187 suffocata
2955 2148 3345 2205 nequaquam
3391 2133 3630 2203 longius

1974 2214 2340 2286 producitur,
2371 2215 2522 2272 sicut
2548 2222 2638 2272 est
2681 2217 2740 2272 in
2766 2218 3066 2275 ﬁctilibus.
3095 2219 3343 2276 Vinnola
3394 2236 3513 2275 vox
3543 2223 3630 2276 est

1974 2303 2169 2360 mollis
2200 2310 2378 2376 atque
2408 2305 2702 2373 ﬂexibilis,
2726 2313 2781 2364 et
2810 2309 3049 2364 vinnola
3080 2309 3238 2365 dicta
3267 2326 3304 2365 a
3333 2309 3533 2374 vinno,
3564 2309 3626 2364 id

201 2383 293 2439 vel
325 2385 643 2458 coaptatio,
673 2402 806 2458 quae
832 2386 1095 2444 decernit
1117 2387 1180 2444 in
1210 2389 1371 2445 sonis
1398 2394 1633 2446 acutem
1657 2395 1713 2446 et
1733 2407 1862 2460 gra—
1894 2409 1934 2462 Β
1971 2399 2077 2462 θεῖ,
2103 2394 2378 2450 cincinzxo
2406 2395 2660 2452 molliter
2678 2397 2856 2453 ﬂexo.
2881 2398 3138 2454 Perfecta
3164 2403 3365 2454 autem
3395 2402 3487 2454 est
3511 2414 3628 2454 vox

198 2488 376 2540 vem;
429 2478 486 2530 et
534 2475 785 2548 pertinet
834 2475 913 2532 ad
979 2493 1209 2540 omnes,
1261 2478 1364 2550 qui
1415 2495 1560 2534 voce
1617 2481 1862 2552 propria

200 2568 450 2633 canunt,
475 2568 531 2620 et
564 2580 710 2620 voce
764 2569 821 2621 et
849 2565 1124 2622 cantibus
1174 2571 1421 2624 constat.
1455 2571 1598 2639 (165)
1636 2572 1765 2624 Hac
1789 2586 1862 2626 ex

199 2651 408 2708 animo
439 2657 495 2709 et
522 2669 772 2727 corpore
801 2658 1035 2711 motum
1057 2656 1216 2726 facit,
1241 2660 1297 2713 et
1325 2673 1397 2713 ex
1419 2661 1585 2714 motu
1619 2675 1857 2714 sonum.

201 2744 287 2796 Ex
317 2758 441 2815 quo
468 2742 760 2814 colligitur
801 2744 1050 2813 musica,
1081 2762 1218 2818 qua
1246 2747 1307 2802 in
1333 2747 1576 2803 homine
1605 2765 1724 2804 vox
1753 2765 1860 2822 ap-

197 2829 478 2903 pellatur.
521 2834 644 2888 Vox
696 2839 784 2889 est
835 2849 936 2890 aer
981 2833 1350 2906 verberatus,
1377 2835 1539 2891 unde
1582 2841 1639 2892 et
1682 2839 1861 2894 verba

195 2919 653 2994 dicta.'Proprie
677 2937 791 2978 vox
822 2926 909 2978 est
937 2923 1254 2978 hominum
1284 2924 1376 2980 vel
1434 2925 1707 2980 omnium
1739 2927 1860 2981 ani-

196 3009 529 3066 mantium:
561 3027 702 3066 nam
733 3013 877 3082 (166)
900 3012 1169 3082 abusive,
1197 3029 1318 3069 non
1337 3013 1577 3086 proprie
1600 3015 1860 3071 sonitum

193 3114 411 3154 vocem
443 3100 661 3167 vocari,
695 3105 786 3156 ut:
815 3117 933 3158 vox
963 3102 1149 3171 tuba;
1175 3101 1296 3158 vel:
1326 3103 1562 3172 fractas
1587 3104 1669 3160 ad
1697 3105 1859 3159 litto-

191 3202 272 3244 ra
303 3202 503 3258 voces;
531 3204 677 3245 nam
700 3191 959 3262 proprie,
993 3194 1088 3246 ut:
1125 3191 1350 3248 littorez'
1373 3200 1589 3249 sonant
1605 3194 1854 3263 scopuli.

192 3277 376 3332 Vocis
409 3277 636 3350 species
667 3283 806 3335 sunt
833 3279 1054 3336 multa.

274 3367 646 3440 Symphonia
695 3369 841 3440 (167)
872 3373 960 3425 θεῖ
1004 3369 1167 3426 vocis
1195 3374 1736 3443 temperamentum
1785 3388 1858 3428 ex

193 3455 370 3526 gravi
397 3460 454 3512 et
477 3461 654 3513 acuto
681 3457 1188 3514 concordantibus
1242 3459 1422 3525 sonis,
1450 3459 1571 3518 sive
1597 3459 1659 3514 in
1692 3475 1855 3530 voce,

193 3545 326 3600 sive
356 3545 416 3600 in
448 3545 614 3613 ﬂatu,
648 3547 770 3603 sive
799 3547 859 3602 in
892 3547 1098 3619 pulsu:
1133 3564 1240 3620 per
1268 3548 1425 3603 hanc
1457 3549 1682 3621 quippe
1721 3565 1857 3604 acu-

190 3634 376 3689 tiores
419 3634 838 3709 gravioresque
869 3636 1258 3705 concordant,
1286 3637 1368 3692 ita
1413 3643 1476 3692 ut
1523 3637 1567 3693 si
1595 3637 1729 3710 quis
1779 3637 1856 3694 ab

1971 2482 2109 2550 alta,
2135 2484 2336 2538 suavis
2364 2489 2418 2538 et
2447 2483 2605 2540 clara
2631 2503 2644 2551 ;
2687 2485 2825 2555 alta,
2860 2491 2923 2542 ut
2952 2488 3012 2542 in
3044 2487 3300 2542 sublime
3327 2485 3582 2541 sufﬁciat
3609 2503 3624 2552 ;

1970 2570 2151 2642 clara,
2185 2577 2248 2626 ut
2270 2588 2446 2628 aures
2481 2573 2806 2645 adimpleat
2834 2593 2846 2629 :
2883 2576 3109 2645 suavis,
3140 2581 3204 2632 ut
3251 2575 3488 2631 animos
3517 2590 3624 2629 au-

1969 2660 2256 2716 dientium
2288 2660 2578 2718 blandiat.
2622 2661 2677 2717 Si
2707 2678 2779 2718 ex
2805 2663 2896 2719 his
2927 2663 3154 2736 aliquid
3184 2663 3454 2725 defuerit,
3487 2678 3624 2736 per-

1970 2747 2122 2804 fecta
2140 2766 2260 2804 vox
2288 2765 2410 2806 non
2436 2751 2564 2806 erit.

2041 2838 2334 2908 Organica
2364 2845 2473 2906 est,
2507 2857 2641 2913 qua
2667 2857 2738 2897 ex
2767 2841 2910 2898 ﬂatu
2952 2842 3223 2898 consistit
3273 2842 3335 2897 in
3364 2841 3455 2896 his
3485 2855 3623 2913 qua

1971 2925 2180 2998 spiritu
2208 2926 2454 2983 reﬂante
2485 2929 2783 3001 completa
2812 2929 2870 2984 in
2911 2945 3130 2984 sonum
3155 2929 3315 2985 vocis
3346 2927 3624 2984 animan-

1970 3018 2082 3082 tur,
2107 3018 2171 3070 ut
2196 3018 2335 3070 sunt
2359 3015 2538 3086 tuba,
2569 3017 2800 3083 fistula,
2834 3017 3074 3083 calami,
3103 3031 3358 3087 organa,
3388 3016 3623 3088 pando-

1969 3102 2076 3171 ria,
2107 3108 2165 3158 et
2193 3103 2286 3158 his
2315 3104 2530 3161 similia
2555 3105 2969 3161 instrumenta.
2996 3105 3267 3161 lntlatilia
3295 3109 3454 3168 sunt,
3485 3119 3622 3175 qua

1970 3191 2180 3263 spiritu
2208 3191 2455 3248 reﬂante
2483 3192 2781 3264 completa
2809 3193 2868 3248 in
2904 3209 3121 3249 sonum
3158 3193 3320 3248 vocis
3351 3191 3627 3248 animan-

1971 3283 2083 3346 tur,
2116 3284 2180 3336 ut
2207 3285 2348 3336 sunt
2375 3295 2623 3350 organa.
2655 3282 2960 3351 Organum
3014 3285 3102 3336 est
3123 3279 3490 3337 vocabulum
3521 3294 3623 3348 ge-

1967 3367 2168 3424 nerale
2217 3369 2490 3424 omnium
2537 3385 2821 3425 vasorum
2862 3370 3253 3426 musicorum.
3286 3368 3460 3425 Tuba
3506 3367 3624 3440 pri-

1968 3473 2136 3512 mum
2167 3473 2202 3513 a
2230 3458 2546 3529 Tyrrhenis
2593 3448 2856 3526 inventa,
2901 3475 3036 3530 qua
3069 3456 3470 3513 adhibebatur
3500 3471 3623 3512 non

1969 3545 2167 3602 solum
2215 3547 2274 3600 in
2334 3546 2572 3618 praliis,
2607 3547 2712 3602 sed
2769 3548 2829 3602 in
2869 3547 3152 3602 omnibus
3183 3545 3344 3602 festis
3385 3545 3618 3600 diebus.

1969 3635 2246 3693 Calamus
2302 3636 2482 3692 arbor
2534 3641 2622 3692 est
2682 3653 2717 3692 a
2764 3636 3036 3705 ealendo,
3068 3635 3130 3691 id
3185 3640 3292 3701 est,
3335 3633 3622 3689 ﬁndendo

189 3737 270 3776 ea
298 3721 676 3792 dissonuerit,
711 3739 956 3779 sensum
988 3725 1228 3780 auditus
1257 3724 1543 3782 offendat.
1578 3727 1681 3783 Cui
1713 3742 1856 3782 con-
1887 3767 1929 3820 Ο
1966 3741 2164 3795 voces,
2193 3731 2424 3781 vocata.
2461 3726 2678 3782 Fistula
2709 3726 2886 3793 dicta,
2920 3725 3087 3798 quod
3116 3741 3325 3781 vocem
3353 3724 3618 3780 emittat:

188 3809 379 3866 traria
409 3814 496 3865 est
523 3810 872 3882 diaphonia,
896 3811 956 3867 id
982 3817 1087 3878 est,
1121 3828 1298 3868 voces
1337 3813 1743 3885 discrepantes
1767 3815 1858 3871 vel
1891 3809 1926 3820 ν
1969 3815 2065 3869 fon
2102 3816 2282 3886 (φώνη,
2307 3815 2524 3886 phone)
2555 3817 2772 3884 Graece,
2798 3815 2997 3870 Latine
3025 3831 3140 3871 v0.7;
3165 3831 3178 3880 ;
3213 3813 3386 3869 stolia
3409 3813 3617 3868 missa.

189 3898 478 3953 dissona.
516 3899 826 3971 Euphonia
853 3905 940 3956 est
965 3901 1228 3957 suavitas
1261 3902 1454 3957 vocis:
1487 3903 1613 3958 hac
1648 3909 1703 3958 et
1730 3919 1853 3958 me-

191 3988 289 4044 los
323 4002 358 4042 a
409 3987 700 4043 suavitate
733 3993 786 4044 et
837 3988 989 4044 mele
1045 3989 1223 4044 dicta.
1255 3991 1551 4046 Diastema
1579 3997 1666 4046 est
1694 3992 1857 4047 vocis

187 4077 459 4149 spatium
516 4077 828 4150 quoddam
859 4093 932 4133 ex
961 4077 1205 4133 duobus
1235 4079 1328 4134 vel
1379 4079 1653 4152 pluribus
1693 4082 1857 4137 sonis

188 4170 490 4239 aptatum.
526 4167 709 4222 Diesis
740 4171 826 4224 est
874 4167 1136 4241 spatium
1185 4168 1498 4242 quoddam
1553 4175 1608 4226 et
1636 4170 1857 4226 deduc-

187 4257 388 4312 tiones
416 4255 794 4320 modulandi,
817 4260 996 4329 atque
1026 4262 1339 4327 vergentes
1372 4258 1445 4314 de
1475 4274 1596 4314 uno
1629 4259 1688 4314 in
1711 4259 1857 4315 alte-

185 4361 332 4401 rum
363 4360 600 4400 sonum.
629 4347 826 4400 Tonus
849 4351 936 4401 est
975 4350 1152 4402 acuta
1176 4347 1506 4403 enuntiatio
1541 4349 1739 4417 vocis;
1769 4354 1858 4405 est

184 4434 354 4490 enim
384 4433 715 4489 harmonia
769 4433 1116 4490 differentia
1143 4439 1198 4491 et
1246 4435 1575 4506 quantitas,
1609 4453 1743 4508 qua
1791 4437 1854 4492 in

183 4522 354 4578 vocis
379 4528 631 4578 accentu
679 4522 773 4578 vel
805 4528 1006 4579 tenore
1064 4525 1349 4580 consistit.
1375 4529 1668 4580 Accentus
1709 4527 1854 4596 (168)

187 4615 284 4667 θεῖ
305 4609 544 4666 inﬂexio
568 4611 753 4683 vocis,
781 4628 925 4668 nam
958 4628 1142 4668 sonus
1164 4617 1257 4668 est
1298 4613 1562 4668 directus
1591 4631 1603 4679 ;
1638 4629 1854 4685 prace-

186 4698 279 4754 dit
305 4703 506 4754 autem
545 4714 728 4754 sonus
759 4704 1022 4755 cantum.
1050 4700 1213 4756 Arsis
1245 4705 1333 4756 est
1363 4701 1528 4756 vocis
1577 4701 1849 4769 elevatio,

186 4786 308 4841 hoc
338 4790 444 4856 est,
493 4785 747 4843 initium.
787 4787 988 4843 Thesis
1019 4794 1105 4843 est
1135 4789 1300 4845 vocis
1325 4789 1563 4862 positio,
1598 4791 1711 4846 hoc
1741 4795 1850 4858 est,

186 4874 350 4930 ﬁnis.
373 4875 598 4931 Suaves
649 4891 828 4931 voces
882 4883 1021 4932 sunt
1047 4877 1297 4933 subtiles
1328 4877 1422 4933 vel
1455 4878 1765 4946 sublimes,
1798 4883 1856 4936 et

189 4962 406 5035 spissa
437 4963 612 5019 clara
638 4969 818 5036 atque
862 4969 1071 5019 acuta.
1108 4965 1440 5038 Perspicua
1485 4982 1662 5022 voces
1693 4972 1850 5034 sunt,

185 5067 330 5124 qua
357 5051 598 5124 longius
619 5053 1069 5125 protrahuntur,
1094 5053 1173 5109 ita
1201 5058 1266 5109 ut
1288 5069 1533 5110 omnem
1563 5054 1855 5128 impleant

262 5248 408 5321 (162)
429 5248 763 5321 Sequentia
789 5263 863 5321 ex
894 5248 1141 5316 lsidoro,
1173 5247 1507 5321 Hugbaldo,
1538 5249 1854 5306 Aureliano

189 5321 247 5372 et
277 5318 638 5376 Cassiodoro
668 5319 747 5375 ab
773 5319 890 5375 alio
945 5335 1132 5376 quam
1163 5323 1373 5376 Ottone
1431 5320 1669 5375 fuerunt
1694 5337 1852 5376 com-

190 5388 375 5460 pilata
401 5394 459 5446 et
487 5390 725 5462 adjecta
754 5407 826 5462 ex
849 5388 1116 5446 Guidone
1137 5391 1317 5448 etiam
1347 5390 1602 5446 Aretino.

262 5465 412 5528 (163)
445 5461 576 5528 Vid,
594 5461 895 5517 Aureliani
922 5463 1159 5518 Musiea.

261 5534 410 5601 (161)
443 5533 521 5588 De
549 5533 640 5588 his
661 5533 817 5588 conf.
852 5532 1225 5588 Aurelianus.

261 5605 409 5670 (165)
439 5604 572 5657 Han
593 5619 664 5658 ex
691 5604 934 5660 Isidoro.

261 5606 388 5670 (165
439 5605 572 5657 Han
593 5619 664 5658 ex
691 5605 934 5660 Isidoro.

260 5605 411 5746 (166)
469 5674 735 5738 Isidorus
787 5675 872 5737 ita
923 5674 1139 5733 habet:
1176 5690 1314 5732 nam
1345 5677 1407 5731 in
1447 5675 1585 5731 aliis
1613 5675 1854 5732 abusive

1969 3905 2097 3956 Haec
2136 3917 2172 3956 a
2202 3901 2482 3956 Mercurio
2534 3901 2748 3956 dicitur
2776 3902 3038 3970 inventa,
3070 3901 3163 3956 vel
3193 3917 3228 3956 a
3260 3904 3484 3971 Fauno,
3515 3900 3620 3972 qui

1967 3991 2162 4044 Graec
2194 3992 2440 4043 Pannon
2470 3989 2704 4058 dicitur,
2728 3989 2820 4044 vel
2843 3989 2920 4044 ab
2948 3990 3051 4044 Ido
3078 3993 3314 4060 pastore
3342 3988 3622 4057 Agrigen-

1964 4078 2089 4132 tino
2116 4093 2188 4130 ex
2218 4075 2427 4132 Sicilia.
2459 4077 2602 4147 (171)
2634 4076 2929 4132 Pandoria
2955 4076 3032 4132 ab
3051 4077 3357 4132 inventore
3383 4079 3616 4131 vocata.

1967 4163 2092 4220 Fuit
2113 4163 2272 4219 enim
2290 4163 2454 4236 apud
2471 4163 2718 4234 gentiles
2735 4166 2859 4220 Pan
2875 4164 3024 4220 deus
3041 4163 3484 4236 pastoralis,qui
3505 4163 3622 4235 pri-

1966 4269 2134 4308 mum
2153 4252 2423 4326 dispares
2441 4252 2707 4309 calamos
2724 4253 2804 4309 ad
2832 4258 3076 4310 cantum
3095 4253 3355 4310 studiose
3373 4252 3616 4326 aptavit.

2039 4341 2395 4414 Rhythmica
2416 4345 2524 4411 est,
2555 4358 2691 4414 qua
2739 4342 2919 4415 pulsu
2965 4343 3287 4414 digitorum
3334 4357 3618 4397 numeros

1966 4430 2191 4502 recipit,
2222 4435 2280 4486 et
2309 4431 2552 4504 requirit
2584 4431 2644 4486 in
2689 4431 3079 4487 concursione
3108 4431 3431 4487 verborum
3472 4431 3536 4502 [Α
3551 4433 3616 4500 1.,

1965 4520 2372 4576 incursionem
2403 4521 2648 4592 requirit
2699 4521 3066 4592 verborum],
3099 4526 3300 4576 utrum
3345 4520 3498 4576 bene
3527 4536 3619 4575 so-

1965 4625 2080 4665 nus
2109 4625 2187 4664 an
2213 4609 2371 4665 male
2396 4609 2724 4676 cohareat;
2748 4610 3050 4682 pertinens
3071 4609 3149 4665 ad
3165 4625 3381 4665 nervos
3403 4613 3460 4665 et
3487 4609 3619 4682 pul-

1967 4715 2091 4768 sus,
2121 4697 2420 4754 tensibilia
2473 4698 2840 4754 chordarum
2886 4697 2986 4754 ﬁla
3030 4697 3145 4753 sub
3194 4701 3317 4752 arte
3347 4697 3616 4766 religata.

1963 4803 2100 4859 qua
2133 4787 2210 4842 ad
2239 4787 2491 4842 modum
2521 4786 2726 4858 plectri
2754 4803 3044 4859 percussa
3068 4786 3334 4842 mulcent
3379 4786 3619 4842 aurium

1963 4875 2385 4932 delectabiliter
2406 4891 2669 4932 sensum.
2702 4879 2765 4932 In
2785 4876 3006 4950 quibus
3035 4881 3172 4932 sunt
3188 4876 3414 4950 species
3437 4877 3619 4932 citha-

1961 4980 2167 5020 rarum
2219 4965 2616 5020 diversarum.
2679 4966 2928 5022 Cithara
2974 4970 3030 5021 et
3059 4966 3318 5038 psalterii
3354 4970 3620 5040 repertor

1963 5051 2182 5108 exstitit
2208 5052 2395 5108 Tubal
2415 5052 2489 5108 de
2521 5053 2698 5126 stirpe
2726 5053 2868 5108 Cain
2895 5071 2907 5121 ;
2934 5053 3027 5110 vel
3050 5053 3260 5126 Apollo
3283 5053 3616 5110 secundum

1962 5249 2356 5329 nop‘proprie
2375 5250 2609 5329 sonitus
2631 5256 3044 5329 vox‘vocatur.
3106 5319 3140 5329 Π

2035 5317 2175 5400 (167)
2201 5317 2342 5400 liae
2369 5319 2488 5376 fere
2517 5320 2596 5376 ad
2642 5321 2827 5376 verba
2855 5338 2926 5376 ex
2949 5319 3266 5375 Aureliano
3295 5317 3618 5388 desumpta

1962 5395 2019 5446 et
2043 5408 2107 5446 ex
2141 5391 2389 5446 Isidoro.

2033 5464 2181 5538 (168)
2211 5462 2346 5538 Isid.
2387 5461 2424 5516 1.
2459 5478 2533 5530 c.,
2568 5468 2779 5538 cantus
2802 5468 2893 5538 est
2933 5460 3185 5538 iri/ligio,
3217 5462 3326 5513 etc.

2034 5528 2174 5612 (166)
2211 5532 2370 5612 Isid,
2403 5528 2630 5586 nonest
2659 5533 2926 5612 spiritus,
2951 5528 3611 5612 melius-cx'contextu.

2031 5600 2180 5676 (170)
2200 5604 2332 5658 Isid.
2354 5600 2393 5657 Ι.
2412 5619 2463 5658 c.
2480 5618 2592 5672 per
2606 5603 2862 5656 minutos
2880 5603 2961 5656 est
2984 5600 3364 5656 indissimiles
3375 5602 3613 5672 pulsus.

2030 5678 2178 5745 (171)
2212 5674 2352 5729 Vide
2376 5674 2438 5729 in
2455 5672 2767 5728 Isidorum.
