4096 6138
455 219 561 270 ’795

1194 216 1249 271 S.
1292 216 1549 273 ODONIS
1585 216 1886 272 ABBATIS
1926 215 2057 272 SEU
2095 216 2435 274 ALTERIUS
2473 219 2734 276 ODONIS
2773 218 3090 274 MONACHI

3771 221 3875 272 796

459 326 711 394 Graacos.
746 337 995 394 Cithara:
1036 339 1232 397 forma
1269 341 1438 396 initio
1479 341 1706 413 pectori
1745 341 2016 396 humano
2043 341 2116 396 si-
2145 342 2192 394 Α
2229 341 2345 414 pis,
2377 334 2578 399 relicta
2621 347 2711 398 est
2765 347 2822 397 et
2873 343 3150 412 testudo;
3177 357 3314 415 qua;
3361 357 3501 398 cum
3559 341 3892 415 putrefacta

460 427 614 482 milis
643 426 822 482 fuisse
851 427 1120 499 traditur,
1153 429 1442 501 quoniam
1486 431 1572 486 uti
1601 446 1718 486 vox
1749 445 1820 484 ex
1857 433 2116 502 pectore,

459 516 540 572 ita
568 531 638 571 ex
666 515 798 588 ipsa
845 521 1056 572 cantus
1080 517 1222 574 ﬁat:
1258 535 1402 574 nam
1432 523 1640 592 pectus
1679 518 1890 576 Dorica
1911 518 2119 588 lingua

460 605 687 661 cithara
712 605 947 661 dicitur.
990 607 1156 662 Hanc
1191 612 1418 664 veteres
1449 608 1755 666 Iidiculam
1781 608 1876 664 vel
1903 607 2123 664 ﬁdicen

459 695 944 753 nominaverunt.
1005 697 1262 769 Antiqua
1321 699 1547 758 cithara
1605 703 1832 771 septem
1881 697 2119 754 chordis

461 790 606 854 erat,
640 789 696 842 et
741 791 970 858 septem
1011 787 1274 844 habebat
1315 789 1664 844 discrimina
1706 805 1943 856 vocum,
1985 788 2119 844 ideo

461 874 629 946 quod
649 873 816 929 nulla
842 874 1067 931 chorda
1095 876 1304 932 vicinae
1339 877 1576 934 chordae
1621 877 1876 932 similem
1901 893 2120 932 sonum

461 963 772 1019 reddebat.
825 963 1059 1020 Chorda
1113 981 1148 1021 a
1179 966 1357 1022 corde
1417 967 1593 1035 dicta,
1627 966 1771 1039 quia
1828 965 1981 1020 sicut
2036 969 2123 1021 est

464 1052 674 1124 pulsus
730 1053 923 1110 cordis
975 1053 1036 1110 in
1092 1059 1348 1126 pectore,
1393 1045 1475 1112 ita
1520 1056 1730 1128 pulsus
1771 1054 2014 1110 chordae
2059 1055 2121 1110 in

465 1141 711 1198 cithara.
743 1144 856 1198 Has
902 1142 1142 1214 primun
1201 1145 1518 1201 Mercurius
1575 1143 1842 1200 instituit.
1905 1146 2121 1215 Lyram

463 1246 706 1304 quoque
735 1231 849 1286 hoc
879 1232 1062 1288 modo
1091 1233 1350 1290 invenit:
1396 1250 1535 1289 cum
1576 1232 1920 1303 regrediens
1959 1231 2120 1288 Nilus

463 1321 526 1376 in
555 1337 696 1378 suos
724 1325 958 1380 meatus
987 1322 1153 1380 varia
1181 1323 1468 1381 animalia
1495 1323 1835 1396 reliquisset
1863 1322 1926 1378 in
1955 1337 2119 1378 cam-

2228 435 2400 500 esset,
2434 435 2489 487 et
2519 431 2681 487 nervi
2711 433 2842 504 ejus
2869 433 3090 488 extenti
3119 432 3274 488 intra
3306 433 3538 488 corium
3565 435 3888 489 remansis

2232 525 2378 586 sent,
2409 537 2445 577 a
2475 521 2756 578 Mercurio
2803 537 3086 594 percussa
3119 538 3340 577 sonum
3369 522 3562 578 dedit:
3599 523 3682 578 ad
3727 524 3894 592 cujus

2229 610 2490 682 speciem
2522 611 2839 668 Mercurius
2872 612 3068 684 lyram
3086 611 3240 668 fecit.
3259 611 3742 668 Percussionales
3765 619 3896 668 sunt

2229 699 2530 755 acitabula
2549 715 2718 756 aenea
2737 701 2833 756 vel
2852 705 3156 769 argentea,
3180 717 3316 774 quae
3329 716 3618 773 percussa
3643 717 3896 756 suavem

2227 788 2488 844 reddunt
2517 789 2858 845 tintinnum.
2895 790 3146 846 Sistrum
3180 789 3286 845 Isis
3335 790 3544 860 regina
3587 791 3898 863 Λεωτρϋο-

2226 893 2363 932 rum
2389 877 2635 948 invenit,
2667 881 2724 934 et
2753 878 2832 934 ab
2859 894 2930 936 ea
2959 879 3206 936 dictum.

2298 966 2531 1022 Metrica
2547 971 2651 1034 est,
2671 983 2807 1040 qua:
2829 984 3144 1024 mensuras
3167 967 3538 1024 diversorum
3559 973 3900 1024 metrorum

2228 1055 2526 1126 probabili
2578 1056 2808 1113 ratione
2861 1057 3185 1126 cognoscit.
3215 1059 3603 1115 Authenticus
3661 1063 3896 1132 protus,

2229 1144 2518 1214 magister
2547 1145 2640 1200 vel
2669 1149 2877 1201 auctor
2901 1146 3132 1218 primus
3157 1163 3170 1201 :
3217 1147 3498 1202 deuterus
3545 1146 3894 1203 secundus:

2227 1232 2397 1288 tritus
2439 1233 2684 1290 tertius:
2726 1234 3024 1290 tetrardus
3075 1239 3344 1308 quartus.
3401 1234 3564 1306 Plagi
3613 1251 3770 1308 pars
3813 1235 3898 1290 vel

2228 1321 2537 1378 inferiores
2563 1338 2792 1378 eorum.
2823 1325 3103 1396 Parapter
3141 1323 3642 1396 circummqualis.

3791 1507 3886 1522 ﬂ

1269 1633 1883 1753 REGUL/E
1969 1630 2428 1754 DOMNl
2521 1631 3072 1756 ODONIS

1482 1879 1622 1964 DE
1704 1879 2652 1968 ItHYTHMIMACl—IIA
2721 1847 2866 1919 “72>

1979 2065 2382 2080 m—

541 2194 934 2266 Sesquialtera
997 2195 1306 2269 proportio
1361 2200 1472 2267 est,
1519 2194 1768 2270 quando
1831 2209 2119 2250 numerus
2159 2195 2199 2248 Β
2233 2199 2388 2250 retro
2417 2194 2681 2252 minores
2710 2195 2914 2264 nigros
2933 2197 3066 2250 octo
3091 2194 3347 2252 existant
3373 2194 3642 2265 majores
3667 2194 3802 2252 albi
3833 2212 3900 2252 ex

465 2285 661 2356 major
687 2285 948 2342 continet
975 2285 1036 2342 in
1067 2302 1129 2344 sc
1157 2289 1348 2342 totum
1379 2303 1700 2342 numerum
1739 2285 2034 2342 minorem
2065 2287 2121 2340 et

465 2373 596 2444 ejus
649 2373 895 2432 alteram
927 2379 1182 2448 partem,
1215 2380 1280 2432 ut
1301 2379 1370 2432 Vl
1401 2377 1478 2432 ad
1525 2379 1659 2432 VIII.
1692 2375 2122 2447 Sesquiquarta

467 2462 773 2535 proportio
799 2467 907 2530 est,
933 2463 1182 2535 quando
1236 2463 1431 2534 major
1460 2479 1748 2518 numerus
1774 2463 2034 2518 continet
2059 2461 2120 2516 in

468 2566 530 2606 se
559 2555 750 2608 totum
771 2551 1064 2608 minorem
1090 2567 1410 2608 numerum
1435 2555 1492 2607 et
1521 2552 1649 2624 ejus
1681 2556 1962 2624 quartam
1981 2566 2122 2622 par-

469 2643 609 2708 tem,
643 2644 708 2696 ut
758 2643 842 2696 XX
894 2639 972 2696 ad
1027 2643 1177 2698 XXV.
1233 2641 1610 2713 Sesquisexta
1657 2639 1963 2714 proportio
2013 2643 2118 2708 est,

469 2727 720 2798 quando
749 2727 948 2797 major
984 2744 1273 2784 numerus
1320 2729 1580 2786 continet
1605 2730 1668 2786 in
1698 2746 1760 2786 se
1791 2733 1979 2784 totum
2009 2728 2122 2784 mi-

467 2831 678 2872 norem
733 2832 1055 2876 numerum
1085 2821 1142 2874 et
1189 2817 1320 2890 ejus
1360 2823 1588 2874 sextam
1619 2823 1872 2891 partem,
1903 2822 1964 2874 ul
1993 2819 2122 2874 XXX

469 2904 548 2962 ad
603 2907 797 2964 XXXV.
863 2905 1292 2978 Sesquioctava
1345 2907 1653 2980 proportio
1709 2916 1814 2974 est,
1874 2906 2122 2980 quando

469 2993 664 3064 major
683 3009 972 3052 numerus
998 2997 1188 3052 totum
1219 2995 1278 3052 in
1309 3011 1372 3052 se
1403 2995 1668 3052 continet
1687 2995 1985 3052 minorem
2015 3011 2122 3052 nu—

467 3098 703 3140 merum
753 3087 810 3140 et
863 3084 993 3156 ejus
1047 3089 1326 3142 octavam
1379 3089 1631 3158 partem,
1692 3089 1757 3142 ut
1813 3087 1984 3142 LXXII
2047 3083 2124 3140 ad

469 3174 682 3230 LXXXI.
729 3173 1110 3244 Sesquitertia
1157 3175 1464 3246 proportio
1521 3178 1630 3244 est,
1651 3174 1900 3246 quando
1929 3173 2126 3245 major

467 3277 757 3320 numerus
787 3263 1048 3320 continet
1099 3263 1160 3320 in
1192 3279 1254 3320 se
1299 3266 1490 3320 totum
1541 3263 1837 3320 minorem
1891 3267 1948 3320 et
1996 3263 2125 3333 ejus

469 3352 702 3410 tertiam
731 3357 983 3424 partem,
1007 3357 1074 3412 ut
1125 3355 1236 3410 XVI
1267 3353 1346 3410 ad
1387 3357 1497 3412 XII.
1536 3353 1962 3426 Sesquiquinta
1993 3368 2126 3424 pro-

468 3441 663 3513 portio
709 3445 818 3508 est,
849 3441 1097 3513 quando
1125 3442 1320 3512 major
1355 3458 1643 3500 numerus
1671 3442 1934 3498 continet
1957 3442 2021 3498 in
2051 3457 2126 3497 ne

469 3533 664 3586 totum
726 3529 1024 3588 minorem
1085 3535 1144 3588 et
1207 3532 1336 3602 ejus
1403 3532 1677 3603 quintam
1741 3537 1992 3604 partem,
2061 3535 2126 3587 ut

473 3621 668 3676 XXXVI
695 3617 776 3673 ad
794 3621 940 3676 XXX.
960 3619 1424 3692 Sesquiseptima
1439 3621 1744 3693 proportio
1762 3625 1848 3678 est
1877 3620 2125 3693 quando

473 3708 671 3778 major
697 3723 986 3767 numerus
1023 3708 1286 3766 continet
1313 3709 1374 3764 in
1405 3726 1467 3766 se
1513 3713 1702 3766 totum
1739 3709 2035 3766 minorem
2075 3711 2131 3764 et

472 3797 602 3868 ejus
641 3795 962 3870 septimam
1007 3803 1258 3871 partem,
1289 3802 1356 3856 ut
1405 3801 1557 3856 LXIV
1593 3799 1672 3856 ad
1721 3802 1850 3857 LVI.
1894 3799 2130 3872 Sesqui-

473 3901 638 3942 nona
663 3887 972 3958 proportio
1015 3891 1121 3954 est,
1152 3887 1400 3960 quando
1448 3888 1643 3958 major
1669 3904 1959 3944 numerus
1987 3903 2128 3944 con-

475 3973 698 4032 tinetin
735 3991 797 4031 se
827 3978 1016 4034 totum
1048 3976 1342 4034 minorem
1369 3981 1425 4034 et
1465 3978 1592 4049 ejus
1625 3993 1852 4034 nonam
1875 3980 2130 4049 partem,

475 4067 540 4122 ut
567 4066 608 4120 C
635 4063 715 4122 ad
741 4067 849 4124 XC.

1131 4225 1218 4282 De
1247 4225 1476 4282 tabula.

552 4363 634 4418 Sit
663 4363 869 4420 tabula
898 4363 976 4421 ad
1021 4363 1398 4422 latitudinem
1437 4365 1812 4438 longitudine
1859 4363 2136 4421 distincta

479 4451 730 4523 campis,
775 4468 955 4525 super
981 4467 1104 4526 qua
1135 4470 1205 4509 ex
1229 4453 1510 4512 alterutra
1537 4459 1705 4527 parte
1735 4454 2136 4527 disponantur

479 4539 540 4595 in
593 4539 816 4596 ultimis
863 4541 1008 4597 locis
1066 4557 1277 4599 omnes
1331 4543 1557 4616 species
1608 4543 1789 4599 trium
1825 4559 2133 4613 generum,

478 4629 840 4703 multiplicis,
907 4631 1461 4704 superparticularis
1517 4637 1572 4688 et
1628 4631 2136 4706 superpartientis,

479 4735 672 4792 usque
711 4719 792 4777 ad
816 4719 1136 4794 decuplam
1167 4722 1637 4795 proportionem,
1667 4724 1748 4779 ita
1776 4727 1841 4778 ut
1867 4721 2006 4777 hinc
2031 4737 2138 4794 ap-

477 4815 733 4882 pareant
775 4829 910 4884 quaa
959 4811 1514 4870 denominationem
1544 4813 1770 4869 habent
1794 4829 1868 4869 ex
1895 4811 2048 4886 pari,
2081 4816 2138 4868 et

479 4899 620 4954 hinc
672 4915 806 4971 quae
854 4917 927 4956 ex
953 4901 1204 4973 impari:
1239 4907 1373 4959 octo
1419 4903 1578 4959 enim
1626 4903 1890 4959 minores
1920 4902 2040 4959 albi
2069 4917 2142 4959 ex
2173 4894 2220 4950 Ι)

483 5003 698 5058 genere
747 4996 1166 5062 proponantur
1211 4991 1540 5064 multiplici,
1575 4992 1764 5066 dupli,
1797 4991 2139 5066 quadrupli,

485 5077 766 5152 sescupli,
815 5081 1058 5154 octupli.
1115 5082 1212 5137 His
1261 5087 1646 5154 opponantur
1693 5087 1825 5138 octo
1883 5083 2144 5138 minores

483 5168 636 5240 nigri
668 5168 939 5241 ejusdem
971 5169 1224 5240 generis,
1267 5169 1446 5241 tripli,
1499 5170 1832 5243 quincupli,
1866 5169 2144 5242 septupli,

481 5258 752 5331 nonupli.
823 5261 996 5314 Retro
1077 5258 1338 5314 minores

2230 2298 2444 2352 genere
2487 2283 3028 2357 superparticulari,
3061 2287 3126 2340 ut
3153 2282 3508 2355 sesquitertii
3533 2283 3738 2354 juncti
3789 2283 3902 2340 sint

2229 2372 2437 2446 triplis,
2466 2373 2864 2446 sesquiquinti
2891 2373 3253 2446 quincuplis,
3285 2371 3734 2445 sesquiseptimi
3767 2389 3898 2445 sep-

2230 2462 2430 2536 tuplis,
2489 2463 2838 2535 sesquinoni
2892 2463 3194 2535 nonuplis.
3251 2466 3424 2520 Retro
3487 2462 3706 2518 rubros
3761 2469 3898 2520 octo

2229 2551 2488 2608 existant
2537 2551 2798 2606 minores
2840 2551 2996 2620 nigri
3043 2567 3116 2608 ex
3142 2567 3358 2620 genere
3407 2551 3896 2624 superpartienti,

2231 2644 2297 2696 ut
2328 2640 2896 2712 superbipartientes
2937 2641 3130 2710 juncti
3173 2642 3289 2698 sint
3323 2640 3760 2713 sesquialteris,
3797 2659 3896 2696 su-

2230 2729 2878 2804 perquadripartientes
2895 2730 3349 2804 sesquiquartis,
3369 2731 3898 2802 supersesquipar—

2231 2815 2440 2874 tientes
2487 2819 2893 2892 sesquisextis,
2924 2819 3544 2892 superoctipartientes
3587 2820 3898 2892 sesquioc-

2233 2907 2402 2964 tavis.
2439 2909 2581 2966 Item
2605 2913 2761 2964 retro
2806 2908 2928 2964 albi
2957 2908 3222 2966 minores
3250 2913 3386 2964 octo
3415 2907 3669 2966 existant
3688 2923 3772 2964 ex
3801 2924 3902 2978 ge-

2231 3013 2374 3054 nere
2423 2998 2900 3070 superpartienti,
2931 3003 2996 3054 ut
3051 2997 3633 3072 supertripartientes
3689 2997 3906 3054 adhes-

2233 3091 2405 3144 reant
2429 3087 2832 3160 sesquitertiis,
2858 3087 3636 3162 superquinquepartientes
3665 3087 3906 3160 sesqui-

2234 3175 2479 3248 quintis,
2527 3176 3190 3248 superseptipartientes
3249 3175 3748 3249 sesquiseptimis,
3809 3193 3908 3232 su-

2236 3264 2816 3336 pernonipartientes
2849 3265 3252 3338 sesquinonis.

2311 3425 2406 3481 His
2429 3424 2511 3482 ita
2532 3423 2836 3496 dispositis
2863 3424 3111 3496 legitimi
3139 3425 3286 3482 ﬁant
3334 3427 3555 3480 tractus
3581 3440 3654 3480 ex
3683 3423 3908 3481 alteru-

2241 3518 2328 3572 tra
2361 3519 2525 3586 parte
2575 3515 2933 3582 alternatim,
2985 3519 3048 3570 ut
3100 3513 3456 3587 multiplices
3495 3514 3818 3570 trahantur
3845 3514 3904 3568 in

2240 3603 2572 3659 secundum
2608 3607 2744 3660 ante
2787 3607 2963 3674 retro,
3014 3603 3414 3676 dextrorsum,
3465 3601 3906 3670 sinistrorsum,

2239 3689 2635 3762 angulariter:
2693 3691 3263 3766 superparticulares
3303 3691 3363 3746 in
3393 3690 3662 3764 tertium,
3695 3707 3912 3764 super-

2238 3779 2558 3856 partientes
2585 3780 2648 3836 in
2699 3785 3004 3854 quartum.
3034 3779 3406 3853 Quicumque
3436 3795 3724 3836 numerus
3761 3795 3912 3836 con-

2241 3869 2432 3926 trariae
2476 3869 2663 3942 partis
2705 3885 3028 3924 numerum
3074 3869 3137 3924 in
3166 3885 3276 3924 suo
3302 3867 3567 3939 legitimo
3605 3885 3796 3924 cursu
3825 3867 3910 3924 of-

2242 3959 2446 4030 fendit,
2481 3958 2646 4016 illum
2676 3960 2782 4031 qui
2835 3959 2907 4014 sit
2949 3959 3222 4030 ejusdem
3265 3958 3613 4032 quantitatis
3649 3958 3906 4014 auferat.

2245 4049 2300 4106 Si
2341 4064 2627 4104 numerus
2677 4047 3148 4120 circumponitur
3203 4047 3514 4104 contrariae
3557 4047 3772 4120 partis,
3807 4048 3912 4120 qui

2242 4135 2616 4210 multiplicati
2647 4140 2704 4192 et
2749 4135 3067 4208 compositi
3096 4133 3358 4191 efﬁciant
3386 4135 3910 4208 circumpositum,

2244 4227 2562 4284 auferatur.
2595 4227 2945 4300 Quicunque
2989 4227 3300 4283 contrariis
3347 4227 3534 4300 partis
3581 4243 3912 4284 numerum

2245 4317 2327 4372 sic
2357 4315 2624 4380 offendit,
2665 4321 2731 4373 ut
2775 4316 3080 4390 quantitas
3135 4315 3610 4388 interjacentium
3667 4333 3916 4391 campo-

2245 4423 2381 4464 rum
2409 4407 2472 4464 in
2501 4423 2562 4463 se
2619 4405 3012 4480 multiplicata
3078 4405 3359 4462 contrarii
3399 4405 3638 4462 numeri
3695 4405 3916 4463 reddat

2249 4512 2573 4566 summam,
2607 4500 2663 4554 et
2690 4495 2938 4554 auferat.
2963 4494 3084 4552 Tali
3111 4495 3333 4570 praedae
3358 4495 3676 4568 subjacent
3694 4512 3915 4554 omnes

2247 4587 2468 4660 pariter
2494 4589 2714 4658 partes,
2747 4589 2848 4641 aut
2871 4585 3093 4658 pariter
3119 4583 3400 4658 impares,
3433 4583 3528 4640 vel
3559 4583 3816 4640 secundi
3865 4589 3922 4640 et

2251 4674 2597 4748 compositi;
2652 4673 2758 4730 sed
2783 4673 2962 4746 primi
3006 4677 3062 4729 et
3091 4672 3408 4748 compositi
3453 4675 3752 4744 vagentur
3783 4675 3918 4744 tuti,

2251 4779 2374 4822 non
2400 4762 2481 4818 ita
2503 4762 2619 4818 sint
2648 4761 3006 4818 adversariis
3036 4761 3434 4834 circumsepti,
3477 4765 3542 4818 ut
3578 4777 3688 4834 per
3735 4761 3922 4834 legiti-

2253 4869 2384 4908 mos
2443 4867 2652 4906 cursus
2701 4867 2823 4906 non
2854 4851 3087 4924 possint
3135 4849 3408 4908 evadere.
3455 4851 3618 4906 Hanc
3677 4849 3920 4910 foveam

2255 4939 2690 4998 arithmeticam
2731 4939 3059 4997 incidentes
3086 4938 3379 4998 auferant.

2327 5085 2392 5136 In
2403 5081 2503 5136 illa
2522 5085 2710 5154 parte,
2730 5081 2836 5136 ubi
2853 5097 2926 5137 ex
2947 5080 3078 5154 pari
3097 5079 3325 5136 habent
3339 5079 3766 5137 denominatas
3789 5095 3924 5153 pro-

2255 5169 2699 5243 portiones,est
2749 5171 2879 5240 XCI,
2907 5169 3215 5242 pyramis:
3265 5185 3452 5242 quam
3507 5170 3555 5224 si
3609 5186 3724 5226 sua
3761 5170 3924 5226 basis

1444 5258 1616 5316 albos
1689 5263 1822 5317 octo
1895 5258 2148 5314 existant
2259 5263 2478 5328 XXXVI,
2509 5275 2647 5332 quae
2673 5258 2886 5316 militat
2911 5259 2973 5318 in
3002 5257 3366 5315 adversariis
3393 5259 3626 5326 castris,
3661 5273 3770 5332 per
3787 5259 3924 5329 legi-

479 5347 649 5404 rubri
677 5363 750 5404 ex
779 5363 996 5419 genere
1054 5347 1599 5420 superparticulari,
1631 5350 1713 5404 ita
1765 5351 1828 5404 ut
1859 5347 2150 5421 sesquial-

487 5437 594 5490 teri
617 5437 962 5495 adhaareant
986 5435 1205 5510 duplis,
1234 5437 1603 5512 sequiquarti
1627 5435 2002 5510 quadruplis,
2030 5453 2149 5491 ses-

2261 5349 2475 5406 timum
2517 5353 2776 5405 tractum
2827 5352 2931 5404 aut
2977 5347 3142 5404 basis
3166 5347 3352 5404 latera
3404 5363 3542 5404 cum
3593 5349 3926 5422 quantitate

2264 5454 2618 5511 camporum
2643 5437 3118 5509 interjacentium
3147 5436 3541 5512 multiplicata
3569 5438 3772 5494 basim
3805 5436 3924 5493 em-

485 5525 746 5598 quisexti
815 5526 1124 5598 sescuplis,
1201 5525 1601 5599 sesquioctavi
1665 5525 1940 5598 octuplis.
2008 5530 2154 5582 Item
2267 5527 2481 5584 cientia
2495 5525 3223 5596 oﬁ'endant,auferant.lta
3237 5525 3432 5586 ﬁatde
3453 5525 3926 5600 CXC,pyramide

559 5649 698 5720 (172)
728 5645 863 5706 Vid.
894 5649 969 5706 de
997 5649 1215 5708 eodem
1245 5651 1604 5724 argmenta
1637 5649 1903 5710 Isidorus
1929 5653 1987 5712 et
2013 5651 2400 5716 Hucbaldus.
