4090 6122
175 183 278 236 797

1477 173 1848 231 OPUSCULA
1885 172 1977 228 DE
2014 173 2291 231 IUSICA.

3482 175 3590 232 ἠε

170 307 258 360 ter
283 307 470 367 curta.
501 305 672 376 cujus
700 303 862 360 basis
889 305 1060 360 LXIV.
1094 305 1226 359 Non
1276 300 1473 358 solum
1526 299 1621 356 his
1669 297 1826 353 basi-
1851 298 1899 352 Α
1937 297 2054 353 oim
2083 313 2191 372 per
2217 303 2479 372 quatuor
2505 300 2568 355 in
2595 303 2811 372 quarto
2837 315 3076 373 campo,
3108 299 3231 355 sive
3279 313 3387 372 per
3432 301 3593 355 octo-

170 391 286 448 bus
308 397 500 449 XXXVI
531 398 588 449 et
616 396 768 449 LXIV
799 393 1145 466 pyramides
1175 391 1542 459 auferantur,
1566 387 1672 444 sed
1697 387 1818 459 qui-

174 498 413 555 cunque
437 482 674 538 numeri
703 498 842 538 cum
870 482 1201 555 quantitate
1249 479 1579 553 spatiorum
1635 475 1828 532 multi-

174 572 375 644 plicati
398 571 643 628 easdem
665 572 841 628 bases
867 571 1150 640 efﬁciant,
1164 571 1438 629 auferant
1455 567 1824 643 pyramides,

175 665 231 718 et
252 659 430 716 simul
450 676 662 716 omnes
694 664 1057 729 tetragonos,
1087 661 1312 733 quibus
1339 662 1633 715 constant.

247 750 355 817 Qui
386 748 572 806 tendit
601 749 679 805 ad
721 749 1055 821 victoriam,
1085 765 1469 822 summopere
1502 747 1738 804 studeat
1766 745 1826 802 in

177 840 366 913 capite
412 839 741 895 adversarii
770 839 1100 897 maximam
1149 844 1205 896 et
1233 838 1559 912 perfectam
1589 838 1829 894 harmo-

173 931 340 986 niam
369 929 750 1001 constituere,
783 945 920 1002 quae
958 934 1220 1002 quatuor
1247 933 1531 986 constans
1560 926 1828 984 terminis

175 1023 420 1075 caeteras
448 1018 510 1074 in
541 1034 602 1074 se
627 1019 891 1074 continet
914 1023 1052 1089 tres,
1076 1018 1522 1090 geometricam,
1545 1017 1826 1073 arithme-

175 1109 376 1179 ticam,
403 1109 843 1179 harmonicam,
873 1112 929 1164 et
976 1109 1220 1182 insuper
1256 1108 1672 1181 proportiones
1701 1122 1827 1176 om-

173 1198 346 1252 nium
372 1198 744 1254 musicarum
775 1198 1299 1270 symphoniarum.
1325 1197 1382 1254 Si
1401 1197 1527 1253 haec
1555 1196 1683 1252 fieri
1704 1211 1829 1251 non

172 1287 381 1360 possit,
418 1287 685 1342 terminis
737 1289 867 1359 ejus
915 1303 1023 1361 per
1061 1288 1335 1360 praedam
1364 1303 1487 1343 non
1519 1285 1828 1359 acquisitis

169 1380 278 1432 aut
305 1391 412 1448 per
460 1375 755 1431 incuriam
783 1376 1048 1448 perditis,
1093 1375 1351 1432 sufﬁciat
1397 1375 1470 1430 ad
1517 1374 1829 1430 victoriam

170 1462 547 1521 arithmetica
577 1467 634 1519 et
657 1463 1030 1532 harmonioa,
1061 1480 1322 1536 quarum
1352 1468 1604 1536 utraque
1634 1479 1708 1518 ex
1737 1461 1831 1517 tri-

168 1554 290 1610 bus
319 1556 604 1610 constans
630 1553 919 1624 terminis,
953 1553 1238 1619 maximo,
1282 1552 1504 1622 medio,
1535 1551 1787 1607 minimo
1812 1568 1826 1619 ;

169 1643 298 1698 sive
330 1657 438 1715 per
467 1642 722 1712 angulos
748 1642 857 1698 ﬁat
910 1642 972 1698 in
999 1642 1313 1698 directum.
1347 1645 1474 1697 Non
1522 1641 1686 1714 prius
1715 1639 1831 1695 vic-

173 1733 325 1789 toria
345 1732 625 1802 tituletur,
645 1732 792 1787 dum
813 1731 1046 1788 alienus
1067 1732 1284 1805 aliquis
1307 1731 1593 1788 terminos
1619 1746 1830 1786 earum

170 1823 364 1896 possit
393 1822 844 1895 interrumpere.
879 1821 986 1888 Qui
1037 1822 1270 1895 primus
1323 1821 1583 1894 ponitur,
1613 1820 1834 1876 indicet

173 1912 542 1981 adversario,
591 1911 760 1967 illum
817 1927 928 1968 nec
983 1912 1158 1968 licere
1207 1916 1417 1985 postea
1451 1926 1522 1966 ex
1569 1910 1670 1965 illo
1698 1909 1831 1966 loco

171 2001 349 2068 trahi,
381 2016 490 2056 nec
533 2000 612 2056 ab
643 1999 989 2056 adversario
1017 2000 1256 2056 auferri.
1313 2003 1378 2055 In
1416 2005 1671 2071 utraque
1721 2003 1833 2055 ter-

173 2090 324 2146 mini
376 2089 692 2148 abundant
748 2089 1122 2146 arithmetici.
1177 2089 1674 2146 Harmonicorum
1726 2103 1834 2161 per

171 2179 445 2253 praedam
497 2195 655 2235 unus
707 2179 1114 2252 acquirendus
1159 2183 1291 2235 est:
1326 2195 1508 2252 quem
1565 2179 1832 2251 primum

169 2285 384 2343 pones,
417 2285 489 2325 ex
519 2269 766 2326 nomine
796 2268 1025 2325 indices
1074 2269 1441 2338 adversario,
1468 2271 1529 2324 in
1560 2267 1659 2324 tali
1687 2283 1829 2323 cau-

172 2359 334 2414 tione
362 2374 574 2432 pones,
603 2362 670 2414 ut
713 2357 887 2414 illum
918 2359 1117 2415 adhuc
1161 2358 1364 2414 nullus
1409 2357 1832 2430 ponendorum

171 2449 367 2523 possit
391 2448 772 2520 interrepere.

247 2542 434 2594 Nemo
461 2538 757 2594 existimet
805 2554 899 2594 me
928 2537 1240 2594 inconfuse
1270 2542 1327 2594 et
1353 2536 1689 2594 inordinate
1721 2538 1834 2593 hos

178 2626 445 2684 calculos
475 2626 784 2699 posuisse:
815 2627 917 2683 sed
939 2642 1172 2683 memor
1190 2631 1625 2700 praeceptorum
1656 2626 1834 2681 trium

183 2716 369 2783 Baetii,
415 2716 640 2788 quibus
665 2717 828 2772 hunc
879 2716 1224 2772 conﬂictum
1256 2715 1590 2772 secundum
1621 2715 1835 2771 eadem

173 2823 276 2862 me
331 2807 630 2878 posuisse,
661 2806 846 2862 modo
895 2805 1164 2876 neglecto
1208 2812 1452 2878 propter
1489 2805 1833 2860 evitandam

177 2897 676 2953 numerositatem
731 2896 1090 2964 monadum,
1142 2895 1416 2964 diabum,
1467 2895 1748 2968 tradium,
1778 2899 1835 2951 et

175 2990 527 3042 caeterarum
600 2984 1030 3055 geniturarum.
1095 2984 1205 3050 Qui
1261 2983 1473 3056 quaerit
1535 2983 1832 3039 binariam
1859 3007 1906 3060 Β

176 3074 528 3137 monadem,
557 3074 606 3130 si
632 3075 953 3130 ternariam
985 3073 1252 3146 triplicet,
1287 3073 1336 3128 si
1383 3072 1832 3145 quaternariam

174 3163 600 3237 quadruplicet
639 3163 689 3218 si
729 3163 1071 3236 quinariam
1120 3162 1530 3236 quintuplicet,
1564 3162 1614 3216 si
1656 3177 1832 3218 sena~

171 3253 331 3310 riam
363 3252 718 3326 sescuplicet
746 3253 825 3308 ab
855 3252 1132 3309 hostibus
1162 3252 1432 3324 undique
1459 3251 1833 3308 circumven-

171 3349 274 3400 tus
337 3344 672 3417 captivatur
739 3359 916 3404 unus,
969 3346 1231 3414 quatuor
1303 3357 1442 3397 cum
1519 3341 1836 3414 pyramide

173 3433 443 3488 eadunt;
478 3431 646 3488 aliter
674 3436 935 3504 quatuor
963 3431 1225 3488 obsideri
1252 3435 1526 3504 possunt.
1554 3430 1833 3486 Senarius

168 3539 287 3596 per
308 3522 631 3578 ternarium
661 3523 721 3577 in
753 3520 1019 3577 secundo
1035 3537 1254 3594 campo
1274 3520 1466 3576 cadit:
1490 3525 1834 3576 octonarius

165 3626 287 3684 per
319 3610 661 3680 adjunctos,
691 3609 966 3665 videlicet
989 3609 1258 3682 quinque
1287 3611 1344 3664 et
1372 3612 1489 3663 tres
1523 3625 1536 3663 :
1573 3611 1830 3662 sextem-

164 3699 373 3755 decim
401 3715 508 3772 per
537 3715 757 3754 novem
789 3703 846 3755 et
876 3704 1103 3771 septem
1137 3717 1150 3754 :
1181 3697 1421 3768 triginta
1443 3714 1545 3753 sex
1575 3712 1682 3768 per
1731 3711 1834 3750 no-

161 3791 494 3847 venarium
520 3790 581 3844 in
612 3795 847 3861 quarto,
880 3790 1002 3845 sive
1028 3790 1245 3844 eadem
1270 3789 1631 3861 quantitate:
1667 3802 1834 3842 sexa—

161 3881 344 3951 ginta
365 3882 625 3949 quatuor
645 3877 856 3933 eadem
885 3878 1236 3950 quantitate,
1260 3877 1382 3932 sive
1402 3893 1510 3948 per
1534 3875 1834 3930 sexdecim

161 3972 237 4025 in
261 3970 480 4040 quarto
505 3984 518 4021 :
542 3967 907 4022 novenarius
934 3983 1041 4039 per
1064 3966 1389 4022 ternarium
1408 3965 1468 4019 in
1493 3964 1683 4028 tertio,
1708 3963 1834 4020 sive

167 4057 393 4115 eadem
426 4055 756 4130 quantitate
781 4074 792 4110 :
826 4055 1038 4124 viginti
1064 4055 1333 4128 quinque
1352 4069 1460 4127 per
1485 4053 1753 4127 quinque
1774 4053 1836 4109 in

168 4145 389 4219 quinto
424 4163 436 4200 :
472 4144 816 4217 quindecim
843 4160 950 4217 per
979 4143 1324 4216 quinarium
1352 4143 1414 4198 in
1447 4142 1614 4199 tertio
1647 4156 1836 4213 :qua-

168 4236 456 4307 draginta
485 4235 608 4292 duo
633 4251 741 4309 per
772 4235 1180 4308 septenarium
1231 4235 1292 4289 in
1319 4238 1485 4290 sexto
1520 4252 1532 4288 :
1574 4232 1838 4307 quadra-

172 4326 345 4396 ginta
373 4342 593 4381 novem
617 4325 679 4381 in
701 4325 957 4398 septimo
989 4342 1001 4379 :
1034 4323 1413 4397 septuaginta
1441 4323 1564 4378 duo
1594 4340 1700 4396 per
1729 4339 1837 4378 no-
1864 4367 1910 4421 Β

170 4415 490 4471 venarium
521 4415 582 4470 in
607 4419 821 4471 octavo
856 4432 868 4469 :
901 4413 1202 4485 octoginta
1231 4417 1289 4469 et
1335 4428 1494 4468 unus
1518 4429 1625 4486 per
1650 4429 1835 4468 nove-

171 4504 417 4561 narium
466 4504 527 4559 in
581 4520 744 4559 nono
790 4520 1008 4577 campo
1038 4521 1050 4558 :
1081 4502 1429 4576 quindecim
1475 4518 1583 4576 per
1632 4501 1744 4558 tria
1774 4501 1836 4557 in

173 4594 411 4666 quinto,
447 4594 570 4650 sive
600 4610 709 4666 per
735 4594 1079 4665 quinarium
1099 4593 1162 4648 in
1192 4593 1361 4652 tertio
1387 4611 1400 4652 :
1434 4591 1837 4666 quadraginta

177 4683 451 4755 quinque
483 4698 590 4755 per
617 4683 1012 4739 novenarium
1041 4683 1103 4738 in
1133 4682 1344 4755 quinto
1369 4699 1381 4736 :
1407 4685 1650 4738 centum
1670 4697 1835 4737 sexa-

177 4773 347 4843 ginta
377 4789 597 4828 novem
651 4789 759 4846 per
787 4773 1154 4830 tricesimum
1193 4771 1252 4828 in
1280 4776 1517 4844 quarto,
1546 4776 1602 4827 et
1638 4787 1836 4828 rema-

175 4867 324 4918 nent
383 4863 786 4935 quadraginta
833 4878 1092 4919 novem:
1129 4866 1367 4918 centum
1396 4862 1838 4934 quinquaginta

177 4957 298 5008 tres
331 4967 440 5024 per
465 4951 669 5021 viginti
721 4952 990 5024 quinque
1016 4951 1077 5006 in
1109 4954 1295 5018 sexto,
1329 4950 1615 5022 adjuncto
1646 4955 1838 5006 terna-

171 5041 316 5096 rio:
351 5039 591 5096 ducenti
639 5039 943 5109 octoginta
997 5053 1215 5097 novem
1267 5053 1373 5110 per
1395 5039 1839 5111 quinquaginta

171 5146 286 5187 sex
309 5130 372 5185 in
395 5131 628 5203 quinto,
659 5135 718 5188 et
745 5132 1059 5186 remanent
1084 5144 1324 5186 novem.

253 5218 546 5287 Binarius,
571 5218 903 5291 quinarins,
931 5216 1306 5290 septenarius
1328 5215 1407 5272 ab
1436 5216 1712 5273 hostibus
1733 5216 1839 5276 cir-

171 5308 506 5375 cumventi,
556 5307 705 5364 dum
759 5308 1013 5364 evadere
1059 5308 1388 5378 nequeunt,
1438 5305 1836 5377 captivantur.

175 5395 545 5455 Novenarius
561 5395 956 5452 novenarium
976 5395 1037 5450 in
1055 5409 1165 5450 suo
1179 5393 1447 5462 legitimo
1467 5409 1665 5456 cursu,
1681 5397 1834 5448 octo-

176 5486 349 5556 ginta
378 5502 538 5542 unus
576 5501 682 5558 per
712 5484 1106 5542 novenarium
1135 5484 1197 5540 in
1225 5483 1555 5540 novenario
1581 5501 1592 5537 :
1628 5481 1837 5538 sexde-

251 5596 404 5720 (tt'73)
433 5593 569 5649 Ηεθο
597 5607 672 5648 ex
701 5591 930 5648 Isidoro
969 5590 1049 5648 ad
1072 5590 1324 5648 verbum
1354 5588 1475 5646 fere
1514 5588 1838 5660 desumpta

251 5679 296 5720 .n
330 5707 342 5720 .

179 5679 322 5720 sunt
330 5707 342 5720 .

1936 388 2174 444 narium
2212 407 2224 444 :
2263 389 2586 445 duodecim
2643 405 2751 461 per
2802 390 3105 446 binarium
3154 389 3216 445 in
3247 393 3434 452 sexto,
3465 389 3589 444 sive

1935 491 2044 548 per
2069 478 2523 549 quaternarium
2552 480 2614 534 in
2645 477 2815 534 tertio
2840 496 2853 534 :
2885 479 3123 548 triginta
3149 495 3252 535 sex
3283 494 3392 550 per
3420 493 3590 533 sena-

1934 566 2092 622 rium
2140 567 2200 622 in
2251 571 2415 623 sexto
2449 567 2728 638 :triginta
2756 567 2818 623 in
2859 568 3070 640 quinto
3105 585 3117 623 :
3149 567 3590 640 quinquaginta

1935 672 2044 712 sex
2073 673 2181 730 per
2200 657 2578 713 octonarium
2599 657 2659 712 in
2683 657 2968 730 septimo:
2995 657 3306 727 sexaginta
3332 660 3592 728 quatuor

1935 745 1996 802 in
2027 750 2241 804 octavo
2272 761 2379 819 per
2402 747 2798 813 octonarium,
2832 746 2955 802 sive
2983 745 3196 802 eadem
3221 746 3586 818 quantitate:

1936 836 2268 906 nonaginta
2307 851 2416 909 per
2462 836 2859 893 novenarium
2887 835 2950 892 in
2979 834 3217 892 decimo
3270 849 3506 906 campo,
3535 839 3593 891 et

1934 939 2044 996 per
2072 923 2443 980 vicenarium
2471 923 2534 980 in
2561 925 2808 997 quinto:
2841 923 3051 995 viginti
3105 926 3240 980 octo
3293 937 3404 994 per
3444 936 3591 994 qua-

1935 1013 2265 1071 ternarium
2291 1015 2352 1070 in
2383 1015 2638 1088 septimo
2667 1031 2680 1070 2
2713 1013 3116 1086 quadraginta
3139 1027 3360 1068 novem
3388 1011 3452 1066 in
3481 1027 3591 1066 suo

1936 1102 2202 1173 legitimo
2256 1107 2469 1171 tractu,
2498 1104 2620 1159 ive
2675 1119 2782 1176 per
2835 1103 3152 1174 adjunctos
3190 1100 3594 1175 quadraginta

1937 1192 2204 1264 quinque
2233 1196 2290 1248 et
2311 1195 2573 1264 quatuor
2603 1209 2617 1249 :
2652 1191 2965 1261 sexaginta
3001 1206 3103 1246 sex
3132 1206 3241 1264 per
3270 1189 3590 1260 adjunctos

1937 1281 2249 1352 sexaginta
2279 1287 2540 1354 quatuor
2585 1286 2642 1337 et
2692 1282 2868 1348 duos,
2902 1281 3028 1337 sive
3053 1296 3161 1352 per
3204 1278 3482 1336 sexdecin
3529 1278 3587 1333 in

1936 1375 2174 1442 quarto,
2205 1375 2552 1428 remanente
2582 1370 2838 1435 binario,
2871 1375 3113 1427 centum
3169 1367 3381 1439 viginti
3432 1382 3592 1422 unus

1936 1473 2044 1530 per
2092 1459 2394 1514 sexdecim
2444 1459 2505 1515 in
2562 1459 2837 1531 septimo,
2881 1458 3167 1530 adjuncto
3220 1456 3590 1513 novenario:

1938 1550 2179 1602 centum
2219 1547 2423 1617 viginti
2469 1563 2577 1620 per
2624 1547 2835 1617 viginti
2862 1548 2924 1603 in
2977 1550 3143 1603 sexto
3177 1564 3190 1602 :
3222 1545 3465 1602 ducenti
3515 1544 3594 1600 vi-

1855 1654 1901 1716 C
1939 1637 2087 1708 ginti
2116 1637 2387 1709 quinque
2416 1652 2524 1710 per
2556 1637 2760 1707 viginti
2789 1637 3057 1710 quinque
3081 1637 3143 1692 in
3166 1650 3350 1692 nono.

2010 1779 2159 1835 Sunt
2184 1778 2440 1842 numeri,
2473 1779 2617 1847 (173)
2649 1779 2755 1853 qui
2785 1778 3209 1835 consonantias
3239 1781 3462 1840 creant,
3499 1776 3595 1832 vel

1937 1884 2046 1942 per
2075 1885 2231 1940 quos
2261 1867 2407 1944 ipsa;
2437 1867 2858 1925 discernuntur
2885 1867 3320 1936 consonantiaa,
3338 1869 3596 1923 tantum-

1940 1957 2125 2013 modo
2183 1973 2308 2026 sex,
2336 1956 2398 2013 id
2453 1961 2563 2025 est,
2596 1957 2888 2031 epitritus,
2936 1957 3252 2022 hemolius,
3303 1954 3592 2029 duplaris,

1940 2045 2219 2118 triplaris,
2281 2046 2710 2120 quadruplaris
2766 2051 2824 2104 et
2875 2046 3208 2120 epogdous.
3240 2049 3336 2104 Est
3391 2048 3595 2100 autem

1941 2135 2230 2208 epitritus,
2259 2151 2398 2191 cum
2451 2135 2526 2190 de
2576 2135 2818 2195 duobus
2868 2135 3136 2191 numeris
3181 2134 3377 2206 major
3413 2132 3597 2188 habet

1941 2230 2132 2282 totum
2189 2225 2504 2292 minorem,
2533 2229 2591 2281 et
2616 2224 2863 2297 insuper
2887 2225 3016 2296 ejus
3063 2223 3296 2280 tertiam
3338 2226 3594 2295 partem,

1940 2319 2005 2372 ut
2052 2319 2193 2370 sunt
2239 2318 2498 2386 quatuor
2528 2313 2605 2370 ad
2637 2318 2796 2381 tres;
2829 2329 2974 2370 nam
3031 2313 3090 2368 in
3139 2316 3400 2384 quatuor
3457 2312 3598 2364 sunt

1941 2408 2078 2474 tres,
2107 2406 2164 2460 et
2210 2403 2382 2460 tertia
2435 2420 2576 2476 pars
2629 2403 2828 2470 trium,
2862 2402 2921 2459 id
2976 2407 3085 2472 est,
3117 2401 3333 2458 unitas.
3372 2403 3450 2455 De
3480 2399 3595 2454 hoc

1940 2493 2206 2549 nascitur
2256 2491 2640 2564 symphonia,
2687 2508 2823 2564 quae
2870 2492 2930 2550 in
2978 2490 3212 2548 musica
3261 2488 3598 2562 appellatur

1940 2583 2332 2638 diatessaron.
2368 2581 2693 2638 Hemiolius
2715 2587 2821 2652 est,
2847 2597 2988 2637 cum
3009 2581 3084 2636 de
3111 2579 3353 2635 duobus
3384 2593 3597 2634 nume-

1939 2671 2020 2727 ris
2051 2672 2244 2741 major
2270 2670 2454 2725 habet
2481 2670 2775 2725 minorem
2804 2673 2860 2724 et
2887 2669 3137 2742 insuper
3163 2669 3292 2738 ejus
3311 2666 3599 2721 medieta-

1941 2763 2083 2826 tem,
2113 2763 2177 2814 ut
2207 2758 2323 2813 sint
2355 2758 2463 2813 tria
2489 2757 2566 2812 ad
2599 2758 2758 2825 duo;
2791 2773 2934 2813 nam
2967 2758 3028 2812 in
3059 2757 3248 2833 tribus
3282 2760 3420 2810 sunt
3449 2754 3594 2824 duo,

1941 2851 2000 2903 et
2028 2846 2228 2903 media
2254 2863 2395 2919 pars
2420 2846 2700 2912 duorum,
2726 2845 2945 2901 unitas.
2978 2844 3326 2916 Appellatur
3349 2843 3446 2898 hic
3484 2859 3598 2898 nu-

1942 2951 2146 2992 merus
2176 2935 2236 2991 in
2278 2934 2652 2991 arithmetica
2702 2933 3109 3006 sesquialtera,
3144 2932 3249 2987 sed
3303 2931 3600 3003 diapason

1944 3026 2098 3097 (174)
2129 3023 2497 3096 symphonia
2525 3027 2776 3078 vocatur
2804 3021 2864 3077 in
2894 3023 3146 3077 musica.
3183 3020 3458 3093 Duplaris
3487 3037 3600 3075 nu-

1944 3129 2146 3173 merus
2177 3117 2284 3180 est,
2319 3127 2457 3171 cum
2486 3111 2562 3166 de
2591 3110 2831 3166 duobus
2862 3110 3128 3165 numeris
3166 3109 3364 3164 minor
3388 3108 3447 3163 in
3475 3124 3602 3164 ma-

1939 3202 2133 3273 jorem
2165 3199 2258 3256 bis
2283 3203 2656 3267 numeratur,
2689 3203 2753 3254 ut
2784 3202 2925 3254 sunt
2952 3202 3212 3271 quatuor
3233 3197 3312 3252 ad
3341 3197 3485 3252 duo.
3519 3199 3602 3251 Ex

1941 3291 2057 3346 hoc
2073 3289 2310 3361 duplari
2326 3289 2592 3344 nascitur
2607 3287 2996 3360 symphonia,
3011 3287 3107 3344 cui
3130 3302 3353 3343 nomen
3370 3291 3461 3342 est
3479 3286 3604 3342 dia-

1942 3395 2156 3452 pason.
2189 3378 2468 3451 Triplaris
2501 3382 2723 3441 autem,
2760 3395 2898 3433 cum
2928 3378 3003 3433 de
3053 3377 3294 3433 duobus
3334 3375 3601 3432 numeris

1944 3469 2251 3525 minoriter
2303 3468 2365 3523 in
2394 3468 2688 3538 majorem
2720 3471 3090 3537 numeratur,
3129 3472 3194 3523 ut
3220 3471 3359 3522 sunt
3384 3465 3496 3523 tria
3524 3465 3604 3521 ad

1937 3574 2156 3614 unum.
2189 3559 2271 3612 Ex
2315 3557 2430 3612 hoc
2481 3555 2704 3629 triplari
2752 3556 3017 3612 nascitur
3049 3555 3435 3628 symphonia,
3465 3569 3602 3626 quae

1943 3647 2157 3703 dicitur
2185 3647 2486 3719 diapason
2539 3651 2600 3701 et
2651 3645 2950 3720 diapente.
2982 3645 3414 3718 Quadruplaris
3459 3659 3602 3700 vero

1943 3752 2231 3791 numerus
2280 3737 2386 3801 est,
2421 3750 2561 3790 cum
2604 3733 2678 3790 de
2709 3733 2950 3789 duobus
3002 3733 3268 3790 numeris
3316 3733 3514 3788 minor
3539 3732 3604 3787 in

1941 3824 2237 3893 majorem
2284 3823 2496 3893 quater
2543 3825 2910 3884 numeratur,
2944 3826 3009 3876 ut
3051 3827 3189 3876 sunt
3235 3825 3494 3893 quatuor
3524 3819 3605 3876 ad

1948 3928 2134 3968 unum
2162 3927 2174 3965 :
2209 3909 2313 3983 qui
2341 3925 2631 3965 numerus
2661 3909 2798 3964 facit
2828 3910 3280 3982 symphoniam,
3302 3925 3438 3983 quae
3460 3907 3603 3963 dici-

1946 4007 2042 4058 tur
2064 4000 2156 4055 bis
2186 3999 2504 4070 diapason.
2530 3997 2852 4069 Epogdous
2881 4013 3171 4052 numerus
3188 4001 3292 4061 est,
3320 3997 3424 4068 qui
3449 3996 3605 4052 intra

1944 4107 2009 4147 se
2039 4089 2223 4144 habet
2251 4103 2572 4142 numerum
2595 4086 2912 4152 minorem,
2930 4090 2986 4143 et
3012 4087 3141 4157 ejus
3162 4090 3441 4141 octavam
3471 4100 3603 4156 par-

1948 4183 2086 4240 tem,
2118 4181 2181 4232 ut
2230 4180 2368 4230 sunt
2412 4189 2630 4231 novem
2674 4173 2754 4229 ad
2783 4179 2960 4243 octo;
2993 4174 3138 4247 quia
3166 4173 3227 4229 in
3273 4171 3604 4229 novenario

1950 4271 2088 4324 sunt
2139 4269 2294 4335 octo,
2319 4267 2375 4320 et
2430 4265 2676 4336 insuper
2726 4267 2940 4320 octava
2963 4279 3125 4336 pars,
3158 4263 3219 4318 id
3245 4265 3353 4332 est,
3384 4261 3601 4317 unitas.

2021 4413 2248 4468 Senum
2301 4426 2440 4466 vero
2489 4415 2699 4466 tonum
2771 4409 3089 4477 minorem,
3145 4425 3329 4481 quem
3381 4411 3606 4463 veteres

1949 4500 2333 4556 semitonium
2385 4504 2625 4560 vocant.
2687 4499 2800 4556 Sed
2869 4515 2993 4555 non
3049 4498 3130 4555 ita
3187 4497 3605 4570 accipiendum

1948 4593 2057 4656 est.
2111 4594 2176 4650 ut
2231 4589 2516 4651 dimidius
2573 4593 2751 4645 tonus
2821 4591 3218 4660 computetur,
3277 4588 3422 4658 quia
3495 4601 3606 4640 nec

1948 4679 2363 4736 semivocalem
2394 4680 2453 4734 in
2482 4678 2687 4735 litteris
2727 4693 2837 4750 pro
2885 4677 3203 4732 medietate
3250 4674 3476 4731 vocalis
3505 4689 3604 4730 ac-

1949 4770 2224 4843 cipimus.
2281 4766 2502 4824 Deinde
2554 4772 2731 4823 tonus
2777 4782 2886 4839 per
2931 4769 3214 4822 naturam
3259 4765 3350 4821 sui
3388 4764 3450 4819 in
3481 4763 3605 4820 duo

1945 4858 2254 4931 aequaliter
2283 4855 2466 4912 dividi
2496 4870 2618 4912 non
2671 4859 2866 4928 potest
2897 4873 2910 4910 2
2955 4871 3094 4910 cum
3125 4855 3286 4910 enim
3317 4869 3389 4910 ex
3427 4868 3611 4909 nove-

1948 4948 2117 5004 nario
2169 4961 2424 5002 numero
2481 4948 2734 5012 constet,
2793 4959 3015 5000 novem
3072 4944 3232 4999 enim
3287 4958 3605 5016 nunquam

1948 5041 2096 5106 (175)
2130 5035 2440 5108 aequaliter
2484 5033 2856 5101 dividuntur,
2890 5037 3067 5090 tonus
3109 5032 3296 5088 dividi
3342 5033 3404 5088 in
3451 5031 3608 5087 duas

1949 5125 2300 5182 medietates
2348 5138 2473 5179 non
2529 5124 2672 5193 (non
2716 5124 2932 5190 omitt.)
2962 5126 3240 5190 recusat;
3275 5121 3382 5178 sed
3436 5119 3608 5175 semi-

1947 5218 2043 5274 ton
2054 5213 2180 5272 ium
2209 5215 2580 5272 vocaverunt
2600 5227 2822 5270 sonum
2855 5227 2891 5268 a
2919 5216 3063 5268 tono
3086 5211 3605 5278 minorem,quem

1947 5307 2072 5360 tam
2113 5317 2301 5375 parvo
2347 5302 2568 5358 distare
2613 5301 3123 5375 comprehensum
3168 5302 3279 5363 est,
3306 5300 3606 5368 quantum

1948 5392 2008 5448 hi
2038 5390 2272 5448 numeri
2313 5390 2465 5446 inter
2503 5406 2569 5446 se
2609 5390 2855 5457 distant,
2885 5389 2948 5449 id
2993 5391 3102 5453 est,
3127 5383 3370 5440 ducenti
3425 5382 3604 5454 quin-

1948 5481 2241 5554 quaginta
2323 5484 2439 5535 tres
2514 5483 2572 5536 et
2632 5476 2876 5534 ducenti
2959 5471 3403 5546 quinquaginta
3478 5487 3602 5529 sex.

2047 5589 2171 5660 174)
2200 5587 2400 5660 melius
2421 5601 2498 5642 ex
2517 5585 2743 5641 Isidoro
2768 5582 3066 5660 diapente.

2049 5653 2173 5727 175')
2204 5658 2367 5728 lsid.,
2394 5673 2601 5714 novem
2627 5671 2666 5713 a
2683 5657 2946 5727 quatuor
2975 5666 3307 5733 nunquam,
3338 5653 3448 5710 etc.
