4134 6114
144 130 237 183 801
670 128 675 133 ’
1476 119 1840 177 OPUSCULA
1877 121 1967 175 DE
2005 121 2286 183 MIISICA.
3474 135 3578 190 802

142 255 229 307 est
254 249 330 304 ita
357 244 778 320 multiplicatio
811 244 986 311 LXIV,
1017 248 1079 300 et
1107 245 1284 302 simul
1325 245 1457 302 tolle
1485 244 1671 300 latera
1700 244 1805 300 ba-
1846 248 1893 302 A
1924 261 2047 300 suae
2071 246 2411 306 basis.Tres
2464 250 2690 309 residui
2729 253 2961 309 numeri
2995 258 3038 322 l,
3062 258 3152 323 III,
3178 256 3244 327 II,
3266 256 3403 313 ideo
3452 270 3577 311 non

144 341 240 407 sis,
274 338 329 393 id
355 340 444 393 est
474 349 694 391 omnes
742 348 1060 403 numeros,
1088 336 1194 406 qui
1235 334 1388 391 infra
1436 333 1809 389 octonarium
1920 344 2315 396 numerantur
2335 340 2397 395 in
2429 339 2762 412 pyramide,
2782 342 2925 412 quia
2953 343 3047 399 isti
3084 350 3364 417 quatuor,
3395 345 3458 401 id
3489 348 3579 401 est

140 445 247 503 per
284 444 341 483 se
386 423 886 497 multiplicantur,
914 420 979 477 id
1024 433 1120 479 est
1164 427 1352 492 XLIX;
1400 423 1620 485 XXXVI,
1663 425 1813 494 XXV,
1923 426 2096 493 XLIX,
2130 430 2347 492 XXXVI,
2381 427 2538 494 XXV,
2566 429 2697 496 XVI,
2727 426 2883 490 basi,
2924 429 2986 484 id
3015 435 3102 486 est
3145 435 3319 501 LXIV,
3365 448 3576 506 super-

143 520 289 585 XVI;
319 530 460 571 nam
489 512 712 586 septies
743 515 975 583 septem
1006 510 1240 567 faciunt
1266 515 1436 578 XLIX,
1470 511 1662 567 sexies
1712 527 1815 567 sex
1924 513 2100 585 positi
2119 515 2341 573 faciunt
2365 517 2561 590 ipsam
2590 515 2969 588 pyramidem
2999 520 3143 574 CXC.
3178 524 3245 577 Et
3267 521 3413 594 quia
3450 520 3579 587 istis

144 608 353 673 XXXVI,
401 601 731 676 quinquies
775 598 1053 673 quinque
1111 602 1261 670 XXV,
1302 605 1514 673 quater
1557 605 1815 672 quatuor
1922 602 2111 660 tribus
2146 609 2232 670 III,
2270 611 2310 662 Il
2339 611 2394 662 et
2432 608 2474 673 I,
2515 620 2639 661 non
2684 604 2931 674 indiget,
2965 606 3178 663 dicitur
3214 610 3342 681 ipsa
3394 626 3578 683 pyra-

144 695 357 752 faciunt
394 695 527 759 XVI,
556 691 699 747 ideo
743 706 851 763 per
907 704 970 744 se
1018 688 1512 763 multiplicantur.
1550 691 1813 762 Pyramis
1921 692 2035 748 mis
2090 697 2179 750 ter
2228 699 2414 751 curta.
2445 697 2614 750 Juvet
2670 693 2839 759 scire,
2889 694 3142 766 qualiter
3193 714 3331 754 cum
3379 699 3579 755 mino-

144 801 265 841 non
293 787 482 857 potest
508 797 621 854 per
680 774 870 835 uirum
912 793 1246 835 numerum
1287 778 1665 851 multiplicari
1711 784 1814 836 aut
1919 780 2086 836 ribus
2111 798 2331 839 noceas
2356 781 2711 853 majoribus,
2760 797 2885 837 non
2913 783 3318 856 parvipendas
3352 787 3464 843 has
3493 803 3584 843 re-

147 869 529 944 circumponi,
558 868 699 925 ideo
737 867 920 924 debet
956 865 1084 922 tolli
1118 881 1231 938 per
1260 866 1811 940 multiplicationem
1921 869 2115 941 gulas.

177 1171 487 1183 ———

174 1742 453 1752 mc.—

310 1072 1942 1182 msﬁﬁ'

310 1191 343 1245 II
445 1191 453 1261 |
550 1189 656 1244 IIII
744 1190 752 1259 ι
850 1188 946 1242 IIII
1077 1187 1087 1257 ι
1230 1188 1343 1244 XVI
1456 1191 1464 1259 ι
1599 1190 1669 1243 VI
1772 1192 1942 1260 [XXX

1077 1187 1087 1257 I
1230 1188 1343 1244 XVI
1456 1191 1464 1259 Ι
1599 1190 1669 1243 VI
1772 1192 1781 1260 I
1814 1192 2031 1247 XXXVI
2068 1194 2076 1262 Ι
2182 1193 2297 1247 VIII
2331 1194 2339 1261 Ι
2374 1191 2533 1248 LXIV

301 1191 343 1245 II
445 1191 453 1261 |
550 1189 656 1244 IIII
744 1190 752 1259 |
850 1188 946 1242 IIII
1077 1187 1087 1257 |
1230 1188 1343 1244 XVI
1456 1191 1464 1259 Ι
1599 1190 1669 1243 VI
1772 1192 2076 1262 [XXXVII
2182 1191 2533 1261 VIIIILXIV

290 1310 364 1363 Ex
425 1309 566 1379 part
593 1304 838 1377 parium
864 1308 1005 1359 sunt
1036 1301 1098 1359 hi
1123 1303 1388 1375 pedites.
1427 1307 2006 1379 Superparticulares
2035 1308 2149 1373 isti,
2185 1307 2246 1363 id
2274 1312 2364 1363 est
2396 1310 2598 1381 medii,
2629 1311 2735 1384 qui
2763 1314 2821 1366 et
2849 1311 3119 1367 comites.

246 1521 356 1575 VIII
457 1521 465 1589 ι
592 1519 659 1573 VI
783 1520 792 1587 ι
896 1519 1026 1573 XXV
1130 1519 1140 1587 ι
1232 1521 1332 1575 xx
1421 1520 1429 1589 ι
1513 1519 1750 1575 XLVIIII
1785 1521 1792 1589 ι
1827 1520 1959 1576 XLII
2032 1522 2039 1589 ι
2125 1522 2315 1575 LXXXI
2384 1523 2393 1591 ι
2464 1523 2641 1578 LXXII

293 1642 801 1718 Superpartientes
832 1641 1115 1698 dicuntur
1145 1642 1407 1699 maximi
1432 1643 1537 1716 qui
1566 1647 1623 1699 et
1658 1643 1700 1699 d
1729 1660 1863 1700 Ices.

159 1740 3032 1833 {WE-Bm]

2930 1755 3034 1951 ﬂ

226 2077 734 2153 Superbipartiens
788 2081 879 2134 est
924 2079 1056 2135 XXV
1084 2077 1162 2133 ad
1210 2081 1347 2147 XV;
1413 2079 1596 2136 habet
1651 2079 1812 2135 enim
1848 2083 1887 2136 Β
1927 2079 1976 2134 si
2009 2077 2246 2133 dividas
2299 2079 2409 2135 XCI
2462 2078 2523 2133 in
2575 2082 2823 2151 septem,
2867 2097 3246 2156 unaquaeque
3296 2098 3437 2155 pars
3487 2081 3603 2138 erit

156 2172 299 2234 XXV,
329 2171 413 2226 XV
438 2170 500 2224 in
523 2184 607 2231 se,
636 2171 693 2223 et
718 2166 845 2238 ejus
883 2171 1088 2240 partes
1128 2166 1304 2235 duas,
1356 2169 1418 2224 id
1446 2173 1534 2225 est
1575 2171 1635 2225 X.
1674 2170 1818 2234 Quae
1940 2166 2087 2233 XIII;
2119 2183 2378 2238 quarum
2408 2166 2668 2239 partium
2700 2170 2813 2223 XIII
2840 2186 3026 2226 unam
3055 2170 3265 2242 abjice,
3294 2175 3351 2227 et
3397 2188 3597 2228 rema-

157 2250 375 2317 X'adde
412 2259 489 2315 ad
542 2259 650 2327 XV,
699 2260 756 2313 et
792 2260 976 2312 erunt
1019 2258 1170 2313 XXV.
1223 2258 1828 2331 Superquatuorpar-
1940 2259 2087 2312 nent
2116 2256 2363 2311 LXXVIII
2391 2274 2404 2310 :
2428 2272 2563 2327 quae
2586 2272 2924 2330 superpone
2960 2260 3074 2316 illis
3111 2263 3241 2327 XCI,
3273 2265 3330 2317 et
3374 2260 3603 2319 faciunt

160 2350 304 2406 tiens
333 2352 418 2404 est
458 2347 656 2403 LXXXI
682 2345 761 2402 ad
814 2347 967 2417 XLV,
997 2344 1147 2417 quia
1201 2347 1402 2403 LXXXI
1457 2347 1645 2403 habet
1695 2349 1830 2403 XLV
1944 2346 2160 2400 CLXIX.
2191 2345 2782 2416 Superoctopartiens
2803 2352 2889 2404 est
2917 2348 3243 2406 CCLXXXIX
3273 2349 3352 2406 ad
3384 2350 3557 2407 CLIII
3584 2370 3599 2421 ;

158 2439 217 2495 in
247 2454 327 2505 se,
358 2441 414 2494 et
441 2436 569 2508 ejus
599 2438 860 2509 quatuor
882 2439 1125 2508 partes;
1171 2451 1320 2490 nam
1349 2435 1397 2491 si
1423 2435 1662 2492 dividas
1686 2436 1830 2492 XLV
1943 2451 2081 2508 quae
2114 2434 2272 2491 CLIII
2305 2432 2354 2488 si
2374 2432 2436 2488 in
2461 2449 2675 2489 novem
2698 2434 2953 2507 dividas,
2981 2439 3449 2512 uniuscujusque
3468 2456 3606 2513 par-

159 2528 218 2584 in
243 2527 505 2601 quinque
530 2528 752 2599 partes,
784 2539 1173 2598 unaquaeque
1216 2539 1361 2596 pars
1403 2525 1512 2580 erit
1564 2540 1831 2581 novena-
1944 2524 2018 2579 tis
2048 2522 2156 2579 erit
2182 2521 2319 2578 XVII
2355 2538 2368 2576 :
2419 2526 2557 2578 tunc
2609 2523 2811 2581 omitte
2862 2543 3054 2583 unum
3106 2529 3263 2600 XVII,
3293 2532 3351 2584 et
3402 2543 3605 2586 rema-

161 2619 298 2689 rius,
329 2633 586 2690 quarum
616 2630 807 2671 unum
853 2614 1254 2670 novenarium
1286 2613 1504 2685 abjice,
1538 2619 1595 2669 et
1628 2630 1832 2670 rema-
1946 2618 2092 2669 nent
2149 2613 2407 2667 CXXXVI.
2469 2615 2583 2669 Hos
2661 2612 2817 2670 adde
2869 2617 2946 2672 ad
3000 2618 3182 2686 CLIII,
3250 2621 3307 2673 et
3378 2616 3609 2676 faciunt

166 2714 301 2765 nent
327 2709 543 2769 XXXVI,
575 2722 712 2779 quae
742 2705 996 2761 XXXVIsi
1024 2702 1105 2759 ad
1126 2704 1258 2758 XLV
1283 2703 1608 2772 addideris,
1634 2705 1833 2759 LXXXI
1949 2702 2295 2760 CCLXXXIX.
2332 2702 2415 2755 Ex
2451 2704 2619 2774 parte
2665 2701 2986 2777 imparium
3040 2710 3178 2762 sunt
3225 2705 3454 2780 pedites
3507 2707 3608 2765 isti

167 2794 981 2870 faciunt.Supersexpartiens
1003 2797 1096 2849 est
1126 2792 1325 2850 CLXIX
1363 2794 1443 2850 ad
1480 2794 1628 2850 XCI:
1680 2808 1833 2849 nam
1951 2788 2211 2849 numeri.

180 3332 454 3343 ._———._

230 3244 233 3247 ’
350 3232 929 3308 Superparticulares
959 3233 1100 3286 sunt
1122 3228 1221 3285 isti
1254 3229 1508 3297 numeri,
1544 3228 1607 3284 id
1638 3232 1726 3284 est
1754 3230 1949 3286 medii
1980 3231 2039 3283 et
2068 3227 2338 3284 comites.

306 3324 2824 3424 ﬁam—TW

306 3467 395 3506 XVI
499 3461 508 3519 ι
620 3466 696 3504 XII
802 3448 811 3518 Ι
927 3462 1039 3502 XXX
1140 3446 1149 3514 Ι
1249 3460 1361 3500 xxv
1482 3446 1491 3515 |
1587 3459 1740 3499 LXIIII
1845 3446 1855 3514 |
2011 3460 2107 3501 LVI
2229 3446 2238 3515 |
2378 3462 2409 3502 C
2547 3447 2556 3518 |
2660 3464 2732 3505 xc

2845 3331 2860 3531 ι

315 3566 712 3640 Supertientes
738 3567 876 3620 sunt
903 3561 1022 3629 isti,
1053 3561 1114 3617 id
1146 3563 1253 3631 est,
1280 3560 1464 3617 medii
1491 3564 1549 3617 et
1574 3558 1846 3627 maximi,
1878 3560 1995 3635 qui
2021 3565 2078 3617 et
2097 3560 2298 3618 duces.

1221 3667 1488 3677 —-———————

202 3674 2878 3766 ﬁaemmagmgggﬁsmm

272 3783 375 3848 XXX
488 3789 497 3861 Ι
616 3806 690 3845 XV
792 3788 803 3858 Ι
909 3802 1073 3842 LXXXI
1188 3785 1197 3855 |
1325 3801 1430 3841 XLV
1562 3783 1572 3848 Ι
1680 3797 1853 3840 CLXIX
1963 3786 1971 3855 Ι
2076 3802 2163 3842 XCI
2264 3787 2273 3856 Ι
2341 3788 2647 3858 CCLXXXIX|
2735 3803 2862 3844 CLIII

202 3674 770 3766 Eperbipartiens
803 3690 813 3761 Ι
848 3686 1524 3760 Superquadripartiens
1558 3688 1566 3755 |
1603 3685 2226 3760 Supersextipartiens
2258 3690 2265 3759 |
2298 3689 2878 3761 Superoctipartiens

1197 3862 2076 3875 Ἀ

246 4012 772 4087 Supertripartiens
825 4013 918 4067 est
970 4010 1124 4066 XLIX
1173 4007 1253 4065 ad
1309 4010 1516 4064 XXVIII
1557 4023 1572 4075 ;
1623 4008 1839 4078 quater
1870 4010 1911 4065 C
1949 4008 2089 4079 (leg.
2113 4010 2732 4083 superseptipartiens)
2766 4014 2858 4067 est
2886 4011 3110 4069 CCXXV
3136 4010 3215 4068 ad
3251 4012 3420 4082 CXX;
3470 4028 3615 4070 nam

178 4104 340 4163 enim
368 4103 467 4157 VII
497 4101 722 4159 faciunt
757 4102 997 4159 XXVIII:
1050 4113 1311 4171 quarum
1362 4097 1458 4153 VII
1515 4110 1706 4152 unam
1754 4094 1845 4151 di-
1959 4097 2011 4153 si
2043 4101 2168 4155 CXX
2189 4098 2249 4154 in
2280 4104 2414 4156 octo
2446 4099 2705 4173 partiris,
2736 4116 3119 4174 unaquaeque
3164 4117 3307 4174 pars
3360 4103 3466 4160 erit
3489 4106 3613 4173 XV;

180 4194 375 4262 mitte,
432 4198 490 4249 et
544 4194 856 4249 remanent
912 4192 1041 4257 XXI,
1100 4203 1256 4260 quos
1317 4201 1664 4260 superpone
1734 4184 1848 4241 illis
1960 4192 2222 4258 quarum
2251 4203 2438 4245 unam
2467 4191 2555 4246 XV
2583 4189 2807 4253 omitte,
2835 4193 2894 4246 et
2929 4193 3240 4247 remanent
3283 4194 3406 4249 CV:
3465 4207 3620 4264 quos

181 4283 415 4352 XXVIII,
446 4286 505 4338 et
557 4280 784 4339 faciunt
832 4279 1006 4337 XLIX.
1066 4274 1532 4349 Superquinque
1586 4271 1852 4346 partiens
1962 4274 2011 4329 si
2055 4275 2135 4332 ad
2164 4280 2289 4334 CXX
2342 4278 2723 4352 apposueris,
2779 4284 2951 4336 erunt
3003 4280 3201 4338 CXXV.
3262 4280 3621 4354 Supernoni-

183 4378 278 4430 est
313 4373 465 4430 CXXI
514 4371 591 4427 ad
635 4372 788 4427 LXVI
836 4372 984 4426 Nam
1019 4368 1173 4423 LXVI
1223 4365 1271 4420 si
1317 4363 1595 4420 diviseris
1638 4362 1699 4418 in
1748 4377 1851 4418 sex
1959 4365 2227 4437 partiens
2258 4367 2499 4424 CCCLXI
2531 4367 2610 4423 ad
2640 4369 2810 4437 CXC;
2843 4384 2991 4425 nam
3021 4371 3148 4427 CXC
3192 4369 3241 4426 si
3285 4370 3516 4427 dividas
3557 4370 3620 4426 in

185 4460 453 4534 aequales
484 4463 700 4533 partes,
729 4471 1113 4531 unaquaque
1139 4470 1285 4528 pars
1315 4453 1425 4510 erit
1454 4454 1520 4510 XI
1546 4471 1560 4521 ;
1589 4467 1851 4525 quarum
1960 4453 2172 4511 decem
2200 4460 2420 4529 partes,
2455 4456 2747 4529 cujusque
2776 4458 2963 4529 partis
2994 4458 3102 4515 erit
3127 4462 3234 4515 XIX
3258 4477 3271 4515 :
3327 4459 3377 4514 si
3427 4474 3618 4514 unum

184 4550 453 4623 partium
486 4564 672 4605 unam
697 4548 761 4604 XI
788 4546 988 4618 rejice,
1042 4550 1100 4601 et
1125 4546 1440 4601 remanent
1473 4545 1559 4598 LV
1582 4559 1595 4597 :
1618 4556 1774 4614 quos
1805 4540 1853 4596 si
1962 4544 2071 4600 XIX
2100 4544 2415 4618 abjeceris,
2446 4550 2759 4602 remanent
2788 4546 2985 4603 CLXXI
3021 4564 3034 4616 ;
3064 4563 3219 4620 quos
3249 4548 3297 4603 si
3322 4548 3511 4604 addas
3541 4546 3620 4603 ad

187 4639 497 4698 addideris
546 4638 621 4695 ad
670 4639 851 4706 LXVI,
912 4635 1140 4693 faciunt
1193 4635 1363 4691 CXXI.
1400 4629 1854 4706 Superpartiens
1964 4633 2093 4690 CXC
2119 4634 2384 4691 efﬁciunt
2412 4635 2675 4693 CCCLX].

238 4860 771 4935 Supertripartiens
803 4861 812 4931 |
845 4856 1573 4931 Superquinquepartiens
1605 4857 1615 4927 |
1650 4855 2263 4928 Superseptipartiens
2296 4860 2305 4928 |
2338 4857 2938 4931 Supernovipartiens

232 4961 511 5029 ,XLVIInl
570 4960 813 5029 XXVIII|
945 4972 1074 5013 CXXI
1202 4958 1211 5027 |
1341 4972 1469 5011 LXVI
1600 4955 1608 5025 |
1713 4970 1886 5011 CCXXV
1989 4954 1997 5024 |
2104 4971 2208 5011 CXX
2305 4957 2314 5025 Ι
2419 4973 2521 5013 CXC
2624 4958 2632 5027 |
2737 4973 2896 5013 CCLXI

193 4846 205 5052 Ι
238 4860 771 4935 Supertripartiens
803 4861 812 4931 |
845 4856 1573 4931 Superquinquepartiens

232 4961 511 5029 ,XLVIInl
570 4975 742 5015 XXVIII
804 4960 813 5029 |
945 4972 1074 5013 CXXI
1202 4958 1211 5027 |
1341 4972 1469 5011 LXVI

945 4975 1074 5013 CXXI
1202 4975 1211 5027 |
1342 4975 1469 5011 LXVI
1600 4975 1608 5025 ι
1713 4975 1885 5011 CCXXV
1989 4975 1997 5024 |
2104 4975 2208 5011 CXX
2305 4975 2314 5025 ι
2419 4975 2521 5013 CXC
2624 4975 2632 5027 ι
2737 4975 2962 5033 CCLXI|

262 5180 795 5254 Rbythmimachia
814 5183 1430 5275 Grzecemumerotum
1448 5192 1854 5275 pugnanpo-
1891 5187 1934 5240 Ι)
1966 5176 2194 5247 ciebus,
2218 5176 2456 5275 scilicet
2503 5177 2866 5251 multiplicis,
2908 5178 3484 5275 superparticularis,
3525 5195 3623 5233 su-

182 5271 363 5327 nitur
395 5271 609 5327 Latine.
653 5271 796 5327 Inde
822 5274 1025 5327 autem
1071 5264 1581 5342 rhythmimachia
1624 5264 1858 5334 dicitur,
1967 5266 2407 5339 perpartientis,
2440 5283 2634 5341 usque
2657 5268 2734 5325 ad
2759 5267 3028 5340 decuplaa
3049 5267 3447 5340 proportionis
3468 5284 3626 5324 sum-

183 5357 374 5432 quod
418 5358 606 5415 instar
632 5359 886 5431 geminae
926 5358 1075 5416 aciei
1108 5356 1364 5414 invicem
1402 5355 1559 5412 bello
1585 5354 1862 5410 certantis
1969 5371 2138 5412 mam
2168 5355 2480 5411 contrariis
2508 5357 2779 5430 partibus
2809 5356 3064 5429 propriis
3111 5355 3411 5426 progressi
3460 5374 3491 5411 e
3544 5374 3630 5412 se-

185 5448 255 5504 in
288 5446 504 5503 tabula
551 5449 629 5504 ad
670 5449 785 5505 hoc
824 5452 988 5522 apta,
1015 5448 1176 5504 velut
1226 5447 1286 5502 in
1340 5445 1609 5519 quadam
1664 5444 1864 5516 campi
1971 5444 2152 5501 dibus
2176 5444 2524 5514 conﬂigunt.
2553 5450 2701 5502 Nam
2731 5444 3003 5518 quisquis
3033 5442 3180 5498 scire
3203 5445 3358 5512 velit,
3390 5446 3537 5518 quid
3565 5449 3626 5504 in

183 5536 929 5611 planitie,parimparque
950 5535 1457 5608 numerus,quasi
1477 5532 1730 5589 invicem
1746 5531 1864 5587 dis-
1975 5549 2037 5588 se
2080 5532 2525 5590 arithmeticalis
2565 5535 2858 5591 contineat
2886 5531 3127 5604 pagina,
3176 5532 3402 5592 inventi
3448 5536 3629 5609 hujus

188 5626 494 5696 sentiunt,
517 5631 574 5684 et
595 5627 814 5699 singuli
841 5645 981 5686 cum
1021 5627 1142 5684 suis
1186 5625 1365 5683 trium
1408 5639 1695 5697 generum
1735 5637 1866 5695 spe-
1975 5621 2203 5694 inspice
2232 5622 2295 5677 in
2316 5621 2522 5679 tabula
2556 5642 2568 5678 :
