4090 6122
166 51 259 103 805

163 261 267 330 IV;
299 264 602 323 continent
647 283 911 341 namque
961 273 1070 327 XVI
1113 277 1325 344 quater
1353 277 1808 346 quaternarium

161 349 216 404 in
246 367 322 406 se.
374 353 570 409 Sexies
612 372 715 412 sex
759 362 899 413 sunt
939 362 1153 426 XXXVI,
1190 377 1324 418 ecce
1372 365 1706 437 sexcuplos,
1747 366 1807 422 id

160 444 258 506 est,
290 444 484 498 XXXVI
514 443 592 498 ad
622 443 724 499 VI:
760 447 986 503 habent
1016 450 1177 505 enim
1206 452 1409 508 XXXVI
1437 453 1499 508 in
1531 471 1593 509 se
1612 455 1805 510 sexies

161 544 269 583 sex.
298 530 486 586 Octies
516 538 649 589 octo
681 540 819 590 sunt
841 538 1013 606 LXIV,
1043 553 1179 595 ecce
1205 540 1396 598 habes
1427 543 1724 616 octuplus,
1745 545 1808 601 id

159 621 240 672 est
261 620 566 689 sexaginta
593 627 852 694 quatuor
883 625 960 680 ad
989 632 1158 697 octo;
1193 631 1497 689 continent
1539 650 1805 706 namque

161 707 304 760 LXIV
331 706 391 762 in
422 723 482 764 se
511 711 693 766 octies
722 717 876 769 octo.
913 716 974 769 In
1021 718 1440 776 constitutione
1479 727 1677 778 autem
1724 727 1807 779 ta—

158 795 306 852 bulze
360 798 579 854 horum
627 817 865 874 semper
919 804 1115 875 binos,
1169 809 1691 883 multiplicatorem
1749 818 1809 870 et

159 884 607 957 multiplicatum
637 892 1014 961 conjunctius
1055 897 1284 969 campis
1311 899 1420 954 sibi
1449 899 1708 969 institue,
1742 906 1808 958 ut

159 971 315 1028 verbi
344 975 534 1043 gratia
580 978 652 1030 IV
683 994 821 1035 cum
869 983 938 1050 II,
967 985 1075 1039 XVI
1131 1001 1268 1041 cum
1299 990 1386 1057 1V,
1421 992 1614 1045 XXXVI
1663 1008 1802 1046 cum

155 1063 240 1124 VI,
272 1063 427 1118 LXIV
457 1080 596 1120 cum
627 1066 775 1138 VIII,
808 1073 1239 1130 concordantes
1295 1077 1539 1134 studeas
1583 1081 1802 1136 consti‘

153 1152 328 1211 tuere,
363 1155 494 1209 Haec
521 1153 773 1212 breviter
795 1175 1164 1218 memorasse
1204 1165 1461 1222 sufficiat
1489 1168 1562 1223 de
1587 1183 1802 1239 genere

151 1239 454 1312 multiplici
479 1260 491 1297 :
519 1243 650 1313 jam
679 1246 906 1319 aliquid
937 1252 1251 1309 enucleare
1272 1270 1562 1312 conemur
1598 1258 1672 1314 de
1700 1275 1800 1315 su-

149 1330 613 1400 perparticulari.

221 1507 778 1580 Superparticularis
799 1513 1014 1571 dicitur
1037 1531 1325 1575 numerus
1355 1536 1609 1580 numero
1640 1541 1799 1581 com-
1825 1542 1870 1595 Β

148 1599 407 1666 paratus,
441 1598 674 1669 quoties
705 1603 900 1673 major
927 1604 990 1659 in
1026 1621 1087 1661 se
1127 1609 1432 1666 continent
1474 1627 1796 1670 numerum

146 1684 456 1752 minorem,
485 1692 542 1743 et
565 1688 811 1762 insuper
839 1692 968 1763 ejus
984 1693 1250 1767 aliquam
1275 1703 1528 1770 partem.
1552 1701 1604 1758 Si
1635 1703 1796 1760 enim

142 1773 336 1842 major
367 1787 654 1832 numerus
685 1778 980 1836 minorem
1039 1785 1231 1840 totum
1259 1786 1504 1860 habeat,
1537 1794 1593 1846 et
1629 1790 1795 1847 insu-

144 1875 251 1932 per
293 1863 422 1933 ejus
473 1863 762 1937 medium,
807 1868 1141 1940 hemiolios,
1174 1873 1237 1929 id
1288 1879 1395 1946 est,
1444 1880 1796 1951 sesquialter

142 1954 416 2018 vocatur;
461 1952 510 2008 si
553 1955 686 2026 ejus
743 1957 997 2029 tertiam,
1048 1963 1478 2035 sesquitertius.
1521 1968 1796 2025 Similiter

139 2054 248 2110 per
293 2056 506 2096 omnes
555 2059 864 2113 numeros,
923 2065 1114 2122 usque
1169 2052 1318 2108 dum
1371 2055 1594 2112 habeat
1658 2059 1789 2130 ejus

138 2144 362 2184 nonam
383 2137 636 2203 partem,
654 2135 758 2206 qui
773 2141 1025 2193 vocatur
1046 2143 1470 2213 sesquinonus.
1499 2149 1565 2201 Ut
1589 2152 1792 2205 autem

136 2220 408 2275 omnium
459 2227 719 2293 quatuor
759 2228 1220 2298 proportionum
1251 2249 1286 2288 a
1312 2235 1558 2304 paribus
1581 2253 1789 2309 proce-

135 2307 402 2363 dentium
461 2310 689 2383 priores
746 2315 1024 2387 acquiras
1079 2311 1387 2392 numeros,
1449 2307 1786 2399 per—ipsos

131 2413 310 2469 pares
349 2401 623 2470 superius
665 2403 1022 2476 multiplices
1060 2409 1402 2480 adjacentes
1441 2415 1569 2484 ejus
1593 2415 1784 2473 multi-

131 2484 290 2557 plica
337 2501 641 2561 numeros,
669 2491 784 2548 hoc
839 2499 944 2560 est,
973 2511 1081 2568 per
1101 2499 1169 2566 II,
1204 2501 1300 2571 III,
1333 2501 1430 2571 IV,
1456 2502 1524 2570 V,
1561 2507 1643 2573 VI,
1674 2507 1782 2575 VII,

128 2590 239 2646 per
264 2575 399 2646 VIII,
432 2581 514 2645 IX,
549 2579 663 2635 hoc
693 2582 911 2637 modo:
948 2586 1042 2640 Bis
1068 2590 1183 2642 tres
1232 2589 1459 2647 faciunt
1504 2609 1644 2648 sex:
1676 2595 1786 2652 iste

130 2668 222 2719 est
294 2665 458 2736 prior
532 2670 940 2742 sesquialteraa
1005 2679 1407 2748 proportionis
1474 2697 1782 2740 numerus.

128 2756 349 2818 Quater
375 2758 419 2811 V
444 2760 699 2822 suntXX,
724 2764 780 2816 et
807 2762 903 2817 hic
919 2762 1082 2834 prior
1102 2768 1559 2840 sesquiquartaa.
1588 2774 1786 2830 Sexies

126 2848 359 2915 septem
416 2849 570 2917 XLII,
630 2849 724 2905 hic
795 2855 887 2906 est
940 2854 1103 2924 prior
1159 2858 1542 2930 sesquisextze
1596 2864 1787 2920 Octies

123 2948 350 2989 novem
382 2940 518 2992 sunt
552 2939 746 3008 LXXII,
781 2943 838 2996 et
861 2941 958 2997 hic
979 2943 1142 3015 prior
1171 2949 1599 3020 sesquioctavze
1645 2969 1785 3026 pro—

121 3023 415 3094 portionis
441 3040 748 3083 numerus.

202 3201 260 3257 Si
290 3216 432 3259 vero
462 3203 693 3261 facilius
723 3210 781 3262 et
810 3211 1146 3267 naturalius
1203 3215 1449 3272 eosdem
1498 3235 1785 3280 numeros

114 3290 270 3346 velis
324 3293 601 3364 reperire,
661 3311 872 3354 omnes
924 3315 1122 3372 pares,
1179 3320 1333 3376 quos
1389 3311 1665 3382 superius
1722 3315 1784 3370 in

110 3379 436 3453 multiplici
484 3399 699 3453 genere
758 3387 1028 3458 singulos
1068 3391 1128 3447 in
1179 3411 1308 3450 sese
1356 3379 1782 3472 multiplicasti,

106 3468 649 3541 multiplicatorem
702 3480 758 3532 et
799 3477 1258 3552 multiplicatum
1315 3468 1610 3562 compone
1658 3468 1782 3549 sic;

100 3555 199 3611 ad
244 3560 701 3630 sesquialteram
730 3565 777 3617 II
835 3571 891 3622 et
944 3568 1018 3620 IV
1043 3569 1252 3642 junge,
1283 3577 1338 3629 et
1389 3555 1542 3633 ﬁunt
1567 3581 1671 3648 VI;
1706 3582 1784 3637 ad

100 3648 605 3721 sesquiquartam
636 3653 712 3706 IV
765 3660 821 3711 et
848 3659 980 3727 XVI,
1015 3664 1070 3715 et
1095 3667 1268 3718 erunt
1292 3667 1406 3732 XX;
1441 3667 1521 3722 ad
1558 3671 1786 3743 sesqui.

94 3741 353 3793 sextam
384 3741 448 3793 Vl
479 3745 537 3795 et
562 3745 782 3812 XXXVI,
808 3749 866 3801 et
899 3748 1052 3804 ﬁunt
1080 3753 1484 3823 quadraginta
1513 3758 1635 3815 duo
1661 3741 1784 3827 {ad

91 3825 605 3896 sesquioctavam
635 3829 763 3884 VIII
794 3837 850 3888 et
895 3836 1066 3906 LXIV,
1100 3839 1253 3897 fiunt
1303 3845 1494 3901 LXXII.
1530 3849 1595 3902 Et
1638 3825 1784 3922 quia

85 3917 395 3988 ipsarum
444 3920 902 3990 proportionum
928 3925 1175 4000 priores,
1209 3934 1274 3986 ut
1299 3930 1382 3988 ita
1407 3932 1627 4008 dicam,
1655 3917 1783 4011 syl-

86 4002 293 4060 labas
324 4003 582 4078 adeptus
615 4024 698 4080 es,
742 4016 975 4083 oportet
1003 4015 1181 4073 etiam
1212 4023 1277 4074 ut
1304 4037 1512 4078 earum
1546 4002 1650 4082 tibi
1682 4002 1782 4085 ac-

86 4092 326 4166 quiras
355 4097 855 4167 proportionales.
883 4101 1012 4158 Istis
1049 4105 1244 4177 igitur,
1269 4126 1423 4182 quos
1451 4113 1556 4170 tibi
1577 4117 1780 4190 acqui-

89 4181 264 4249 sisti,
287 4185 556 4240 numeris
588 4187 838 4258 singulis
867 4194 1051 4248 totam
1074 4181 1306 4267 partem
1335 4201 1426 4257 sui
1446 4204 1776 4277 adjungere

88 4275 444 4341 memento,
469 4281 654 4347 quota
706 4278 886 4370 fuerit
908 4281 1061 4355 ipsa,
1104 4285 1180 4342 de
1231 4303 1354 4361 qua
1393 4275 1609 4368 agitur,
1636 4275 1777 4370 pro-

91 4360 334 4434 portio.
366 4361 544 4419 Verbi
577 4367 807 4435 gratia:
843 4369 894 4426 si
926 4372 1122 4442 agitur
1149 4375 1223 4432 de
1251 4360 1666 4455 iisesquialtera,
1702 4388 1784 4445 al-

91 4458 328 4518 teram,
354 4451 414 4507 id
442 4458 550 4521 est,
583 4457 850 4515 mediam
878 4468 1110 4534 partem
1157 4466 1247 4522 sui
1298 4451 1595 4545 adjunge;
1625 4451 1672 4531 si
1703 4478 1778 4534 de

91 4539 561 4613 sesquiquarta,
592 4551 873 4617 quartam
895 4566 908 4605 :
929 4551 976 4606 si
997 4551 1071 4608 de
1101 4539 1774 4636 sesquisextafsextam;

89 4627 157 4683 si
215 4627 294 4684 de
343 4633 778 4705 sesquioctava,
830 4645 1125 4698 octavam.
1171 4627 1294 4702 Hoc
1352 4627 1574 4721 autem,
1609 4656 1778 4726 quod

82 4715 270 4787 dico,
304 4717 391 4774 sic
420 4720 556 4776 ﬁet:
591 4727 847 4794 senario,
875 4744 1057 4801 quem
1089 4735 1487 4808 sesquialterae
1526 4715 1778 4816 propor-

87 4807 290 4863 tionis
320 4809 580 4881 priorem
615 4813 869 4890 adeptus
913 4819 1037 4892 (es),
1063 4807 1443 4885 medietatem
1476 4807 1670 4902 suam,
1709 4835 1774 4890 id

81 4901 214 4964 est,
249 4900 366 4954 tres
397 4900 610 4992 adjice,
645 4907 703 4960 et
729 4905 883 4963 ﬁunt
907 4910 993 4978 IX,
1023 4913 1125 4984 qui
1171 4919 1261 4972 est
1307 4900 1770 4992 proportionalis

81 4985 196 5052 ei;
262 4991 627 5048 novenarius
669 4994 829 5050 enim
886 4996 1068 5055 habet
1113 4985 1328 5060 totum_
1361 4985 1440 5059 VI
1485 5009 1547 5065 in
1600 5028 1683 5078 se,
1717 5018 1773 5071 et

75 5075 240 5144 ejus
286 5077 691 5150 medietatem,
743 5083 804 5140 id
854 5089 940 5143 est
1000 5090 1346 5149 ternarium.
1381 5096 1526 5152 Ecce
1580 5075 1770 5158 habes

70 5163 439 5237 perfectam
488 5173 942 5244 sesquialteram
998 5182 1472 5256 proportionem,
1502 5185 1565 5242 id
1597 5193 1684 5246 est
1704 5192 1770 5248 IX

69 5253 182 5310 ad
213 5256 309 5310 Vl.
345 5257 620 5350 Similiter
648 5263 728 5318 ad
775 5267 880 5335 XX,
913 5282 1096 5338 quem
1145 5253 1578 5346 sesquiquartaa
1608 5279 1770 5350 prio-

68 5356 234 5396 rem
293 5347 627 5418 acquisisti,
677 5352 940 5424 adjunge
983 5362 1263 5428 quartam
1292 5367 1526 5434 partem
1567 5347 1679 5432 sui,
1708 5369 1768 5424 id

67 5434 190 5485 est
220 5433 479 5523 V,pﬁunt
505 5439 655 5509 XXV,
687 5441 791 5513 qui
822 5449 908 5500 est
938 5443 989 5500 ei
1041 5433 1540 5523 proportionalis;
1586 5455 1768 5515 habet

67 5519 270 5576 enim
299 5521 430 5579 XXV
459 5529 650 5584 totum
677 5531 786 5584 XX
809 5529 870 5587 in
894 5549 954 5590 sc
973 5519 1182 5608 etejus
1208 5546 1488 5612 quartam
1506 5519 1762 5621 partem,

1118 126 1122 130 ,
1450 64 1816 122 oruscum
1853 67 1945 123 DE
1984 69 2262 128 MUSICA.

163 176 410 244 quatuor
439 178 579 231 sunt
606 178 739 246 XVI,
789 194 926 235 ecce
951 182 1348 255 quadruplos,
1378 185 1439 240 id
1465 190 1553 243 est
1580 189 1696 244 XVI
1727 189 1806 246 ad
1835 195 1882 246 A
1917 189 1980 247 id
2006 197 2098 249 est
2135 196 2203 250 V.
2237 199 2382 254 Ecce
2409 205 2496 258 est
2534 207 2798 276 perfecta

3469 103 3578 162 800

2833 215 3250 290 sesquiquana
3268 228 3576 298 proportio

1918 279 1979 336 id
2009 286 2097 338 est
2126 287 2257 340 XXV
2283 287 2362 344 ad
2390 292 2495 347 XX.
2525 293 2616 348 Sic
2642 295 2717 351 de
2747 298 2898 357 aliis.

1993 409 2159 463 Nunc
2187 411 2264 466 ad
2315 419 2818 489 superpartientes
2856 442 3140 487 numeros
3173 439 3570 498 transeamus.

1921 496 2165 555 Constat
2228 502 2388 558 enim
2458 508 2603 578 quia
2661 511 2859 582 major
2931 532 3222 579 numerus
3276 529 3572 588 minorem

1915 584 2156 643 duabus
2188 590 2368 646 tertiis
2417 601 2826 669 supercrescit,
2859 619 2997 661 cum
3041 608 3258 669 dicitur
3301 619 3571 692 superbi~

1914 676 2198 746 partiens,
2246 681 2558 741 subaudiri
2607 690 2806 746 tertias
2851 708 3098 754 necesse
3143 706 3250 758 est.
3283 676 3434 771 Quia
3467 711 3572 782 igi-

1917 767 2011 820 tur
2041 781 2076 821 a
2103 766 2340 826 binario
2371 775 2556 831 oritur
2599 781 3132 856 superbipartiens,
3171 797 3229 848 et
3280 766 3570 858 subaudis

1926 855 2146 926 tertias,
2179 858 2227 911 II
2259 863 2316 914 et
2340 861 2434 932 III,
2458 877 2565 936 per
2592 855 2875 927 eumdem
2919 855 3329 939 subauditium
3383 855 3572 946 terna;

1913 942 2071 998 rium
2127 947 2478 1021 multiplica,
2511 959 2567 1010 et
2621 973 2757 1028 quae
2811 977 3052 1020 summa
3100 967 3240 1026 inde
3291 979 3568 1047 excrevit,

1912 1032 2077 1103 prior
2122 1051 2412 1095 numerus
2453 1044 2562 1100 erit
2612 1048 2674 1100 in
2700 1053 3085 1121 proportione
3133 1057 3284 1130 ipsa.
3319 1065 3491 1130 Quod
3522 1032 3570 1123 si

1913 1123 2166 1193 experiri
2194 1123 2431 1185 libuerit
2476 1136 2787 1204 quomodo
2819 1123 3216 1209 geminetur-a
3247 1123 3568 1226 superpar-

1913 1209 2283 1283 ticularibus,
2315 1218 2464 1274 nihil
2487 1221 2664 1279 refert
2689 1226 2837 1298 quin
2863 1228 3026 1287 idem
3057 1234 3163 1290 tibi
3194 1209 3571 1300 cres‘catxnu-

1910 1315 2132 1357 merus.
2167 1304 2624 1378 Sesquialteram
2656 1319 3108 1388 proportionem
3136 1326 3202 1382 VI
3228 1332 3286 1384 et
3305 1330 3384 1384 IX
3408 1347 3568 1390 com-

1910 1403 2090 1459 pone,
2154 1391 2306 1449 ﬁunt
2349 1399 2480 1490 .XV,
2703 1408 2794 1460 est
2858 1409 3022 1480 prior
3080 1420 3569 1490 superpartientis

1912 1491 2223 1579 numerus.
2256 1484 2397 1579 Huic
2443 1488 2676 1546 tertiam
2715 1500 2950 1564 partem
2997 1500 3110 1565 sui,
3151 1484 3212 1559 id
3243 1484 3335 1564 est
3379 1511 3442 1579 V,
3473 1511 3568 1567 bis

1911 1567 2182 1667 augebis,
2194 1575 2272 1671 ‘et
2321 1571 2692 1671 ﬁunt__XXV;
2723 1582 2852 1640 haec
2902 1590 3408 1664 superbipartiens
3428 1567 3570 1671 pro-

1906 1655 2122 1726 portio,
2153 1658 2215 1713 id
2249 1665 2335 1750 est
2365 1663 2530 1718 XXV
2584 1667 2665 1722 ad
2696 1671 2822 1727 XV.
2855 1655 3348 1750 Sesquiquartam

1909 1746 2066 1801 etXX
2090 1745 2335 1804 insimul
2362 1767 2546 1825 pone,
2575 1755 2729 1814 ﬁunt
2751 1763 2902 1817 XLV.
2939 1745 3143 1823 Eidem
3171 1771 3262 1826 sui
3291 1774 3566 1845 quintam

1907 1837 2442 1936 partem‘adhibe.
2458 1850 2632 1900 erunt
2675 1849 2888 1906 LXXXI.
2924 1853 3016 1909 Sic
3067 1856 3143 1912 de
3193 1837 3332 1917 aliis
3359 1862 3561 1936 facies,

1899 1920 2215 2012 jungendo
2245 1929 2676 2000 sesquisextam
2707 1940 2764 1992 et
2791 1943 3070 1999 octavam
3095 1945 3383 2007 invenies.

1900 2009 2080 2109 igitur
2106 2013 2370 2086 impares
2415 2020 2762 2094 multiplicis
2805 2032 3059 2098 generis,
3091 2038 3402 2104 Ismarius,

1902 2100 2126 2168 narius,
2155 2107 2548 2182 septenarius,
2579 2117 2964 2175 novenarius.
2995 2121 3063 2177 Hi
3111 2141 3252 2182 suos
3307 2100 3562 2204 prop‘ora

1908 2187 2161 2247 tionales
2190 2193 2446 2252 educent
2477 2198 2562 2254 sic
2589 2217 2601 2255 :
2635 2206 2723 2257 ter
2752 2209 2839 2261 ter
2859 2214 2995 2264 sunt
3030 2226 3266 2271 novem.
3301 2187 3396 2274 Isti

1899 2276 2076 2350 tripli.
2134 2281 2460 2355 Quinquies
2518 2289 2786 2362 quinque
2858 2302 2998 2352 sunt
3050 2301 3220 2370 XXV;
3277 2305 3372 2362 isti
3425 2276 3570 2366 sunt

1903 2367 2236 2462 quincupli,
2266 2372 2383 2429 hoc
2436 2382 2528 2432 est
2587 2379 2751 2432 XXV
2810 2384 2889 2439 ad
2937 2386 3004 2442 V.
3041 2367 3264 2462 Septies
3301 2398 3392 2450 VII
3423 2407 3565 2459 sunt

1897 2456 2006 2510 XLI
2022 2457 2164 2526 V,hi
2189 2467 2331 2516 sunt
2356 2465 2633 2537 septupli,
2665 2468 2722 2524 id
2747 2475 2837 2527 est
2876 2477 3032 2532 XLIX
3084 2456 3162 2535 ad
3192 2483 3308 2539 VII.
3347 2456 3564 2546 Novies

1894 2559 2114 2602 novem
2145 2551 2361 2620 LXXXI,
2395 2553 2457 2609 hi
2515 2563 2654 2612 sunt
2702 2563 2976 2635 nonupli,
3008 2566 3072 2622 id
3116 2575 3224 2641 est,
3254 2574 3449 2633 LXXXI
3479 2579 3560 2636 ad

1904 2633 1990 2689 IX.

1977 2744 2060 2796 De
2093 2744 2272 2800 variis
2296 2749 2498 2804 tamen
2527 2751 2754 2824 ﬁguris,
2786 2773 2922 2828 quas
2950 2760 3175 2820 ibidem
3206 2768 3558 2832 multimodo

1901 2829 2325 2905 disponuntur,
2352 2841 2702 2909 pyramides
2727 2849 2960 2903 tantum
2991 2856 3048 2906 et
3075 2852 3254 2912 bases
3303 2861 3360 2915 et
3386 2829 3554 2920 basis

1898 2918 2084 2976 latera
2108 2921 2171 2977 in
2205 2925 2735 3003 rhythmimachia,
2767 2937 2931 3007 quali
2964 2953 3216 2998 numero
3258 2918 3558 3018 positione

1895 3007 2064 3079 ﬁant,
2097 3019 2508 3084 opportunum
2543 3020 2777 3078 videtur
2805 3025 3176 3097 depromere.
3221 3007 3558 3110 Disponun;

1893 3103 1989 3154 tur
2017 3099 2217 3173 itaque
2237 3103 2571 3194 rhythmim
2584 3111 2759 3167 achia
2786 3117 3137 3186 pyramides
3166 3099 3339 3194 duae;
3352 3143 3474 3187 una
3521 3147 3560 3190 a

1893 3189 2162 3262 paribus,
2195 3193 2381 3251 altera
2411 3196 2490 3252 ab
2532 3199 2892 3276 imparibus,
2949 3223 3207 3280 quarum
3236 3189 3402 3288 prior
3423 3235 3557 3293 per-

1892 3275 2068 3348 fecta,
2101 3280 2287 3338 altera
2315 3287 2566 3342 vocatur
2629 3293 2715 3345 ter
2745 3275 2929 3349 curta.
2966 3275 3259 3357 _Perfecta‘
3283 3275 3555 3377 pyralmis

1894 3371 1982 3422 est
2009 3371 2155 3438 XCI;
2207 3372 2395 3429 oritur
2423 3391 2459 3430 a
2486 3380 2704 3447 XXXVI,
2732 3382 2839 3453 qui
2863 3399 3154 3444 numerus
3182 3371 3404 3452 idcirco
3425 3398 3557 3470 ejus

1895 3725 2097 3791 tatem,
2151 3725 2401 3795 singulis
2461 3731 2730 3788 numeris
2779 3735 2841 3791 in
2896 3755 2957 3793 se
3001 3725 3410 3817 multiplicatis
3437 3751 3552 3809 hoc

1895 3809 2117 3868 modo:
2171 3813 2361 3872 sexies
2419 3819 2506 3888 VI,
2578 3825 2816 3893 XXXVI;
2867 3809 3196 3904 quinquies
3256 3835 3324 3908 V,
3377 3843 3509 3898 XXV
3527 3856 3553 3917 ;

1892 3905 2106 3971 quater
2152 3908 2429 3975 quatuor,
2485 3908 2654 3978 XVI;
2711 3913 2795 3969 ter
2842 3915 2934 3987 IlI,
2990 3925 3130 3976 sunt
3157 3921 3222 3979 IX
3249 3942 3262 3992 ;
3292 3905 3388 3982 bis
3428 3905 3551 3987 duo

1895 3993 2032 4047 sunt
2059 3998 2320 4064 quatuor
2346 4014 2359 4064 ;
2393 3997 2577 4054 semel
2604 4018 2759 4058 unus
2790 4007 2874 4062 est
2904 4023 3082 4064 unus.
3113 4011 3178 4068 Ili
3204 4031 3412 4073 omnes
3437 4036 3552 4078 nu-

1891 4081 2037 4136 meri
2068 4079 2132 4137 in
2157 4099 2461 4142 summam
2491 4089 2680 4147 coacti
2724 4091 2876 4152 ﬁunt
2923 4097 3066 4156 XCI.
3112 4105 3245 4160 Haec
3286 4108 3552 4180 perfecta

1893 4170 2181 4243 pyramis,
2197 4178 2270 4242 et,
2293 4181 2357 4232 ut
2383 4175 2620 4235 Boetius
2642 4181 2724 4239 ait
2748 4183 2857 4241 iste
2879 4202 3189 4262 numerus,
3204 4170 3308 4251 hui
3328 4197 3549 4258 horum

1892 4262 2354 4333 conjugatorum
2403 4285 2796 4331 numerorum
2840 4282 2932 4335 est
2958 4281 3156 4353 major
3179 4288 3236 4341 et
3264 4286 3506 4346 ultimus
3531 4310 3550 4362 ;

1889 4365 2132 4409 necesse
2160 4358 2248 4411 est
2275 4356 2456 4430 enim,
2488 4363 2552 4417 ut
2579 4362 2762 4434 hujus
2800 4370 3134 4439 pyramidis
3165 4373 3239 4431 sit
3263 4376 3448 4449 basis,
3481 4356 3550 4438 id

1887 4446 1978 4497 est
2002 4443 2228 4513 XXXVI;
2263 4447 2465 4521 etquia
2494 4451 2710 4509 eadem
2739 4454 2902 4514 basis
2924 4465 3208 4521 excrescit
3229 4482 3266 4524 a
3285 4472 3550 4540 senario,

1887 4530 2013 4603 ipse
2067 4534 2360 4607 senarius,
2417 4537 2507 4594 vel
2565 4556 2776 4598 omnes
2830 4547 3087 4618 numeri,
3117 4553 3222 4624 qui
3273 4556 3547 4628 ejusdem

1883 4619 2047 4677 basis
2073 4624 2312 4695 explent
2343 4643 2670 4703 summam,
2699 4631 2867 4690 basis
2895 4636 3084 4696 latera
3101 4619 3416 4702 vocantur.

1953 4747 2060 4801 Ter
2089 4752 2256 4806 curta
2285 4756 2488 4809 autem
2515 4757 2806 4829 pyramis,
2834 4775 2970 4834 quae
2994 4778 3030 4820 a
3058 4781 3169 4823 sua
3193 4763 3348 4841 basi,
3370 4771 3433 4828 id
3453 4779 3545 4832 est

1884 4837 2057 4904 LXIV,
2078 4836 2348 4913 efﬁcitur,
2373 4859 2408 4898 a
2424 4846 2754 4903 novenario
2780 4864 2972 4923 usque
2989 4849 3066 4909 ad
3088 4836 3544 4928 quaternarium

1882 4922 2131 4994 singulis
2160 4931 2425 4986 numeris
2455 4932 2516 4988 in
2557 4951 2618 4989 se
2671 4922 3078 5012 multiplicatis
3105 4922 3220 5002 -sic
3273 4949 3536 5021 erigitur.

1881 5013 2072 5069 Octies
2131 5020 2286 5088 octo,
2338 5020 2525 5088 LXIV;
2559 5023 2774 5095 septies
2822 5032 3051 5101 septem
3101 5031 3313 5106 XLIX;
3347 5013 3539 5097 sexies

1878 5117 2002 5174 sex,
2033 5104 2263 5175 XXXVI;
2295 5108 2614 5183 quinquies
2643 5113 2932 5190 quinque,
2966 5122 3133 5192 XXV;
3160 5104 3373 5197 quater
3388 5143 3538 5199 qua-

1877 5194 2028 5261 tuor,
2056 5195 2167 5249 XVI
2201 5201 2358 5254 sunt.
2393 5199 2597 5256 Omnis
2627 5218 2768 5275 ergo
2788 5204 2894 5262 iste
2944 5194 3234 5266 numerus
3275 5212 3336 5268 in
3367 5194 3532 5270 sum-

1876 5298 2043 5338 mam
2074 5283 2354 5342 collectus
2387 5287 2563 5348 efﬁcit
2591 5296 2675 5349 ter
2705 5300 2935 5352 curtam
2965 5300 3346 5369 pyramidem
3382 5304 3531 5376 CXC,

1876 5375 1932 5426 ct
1959 5371 2104 5444 quia
2128 5389 2165 5429 a
2187 5380 2567 5447 quaternario
2595 5383 2836 5439 ulterius
2858 5400 2981 5439 non
3007 5386 3282 5459 erigitur;
3315 5389 3533 5452 desunt

1874 5462 2034 5518 enim
2071 5467 2185 5521 tres
2223 5470 2478 5539 numeri,
2512 5470 2573 5527 id
2621 5475 2710 5528 est
2748 5476 2832 5529 ter
2874 5473 3002 5542 tria,
3030 5473 3126 5532 bis
3168 5479 3312 5554 duo,
3346 5486 3530 5543 semel

1874 5565 2062 5608 unus:
2086 5553 2222 5613 ideo
2241 5559 2576 5618 secundum
2591 5561 3030 5623 arithmeticam
3052 5569 3139 5624 ter
3157 5553 3326 5630 curta
3349 5588 3528 5633 voca-
