  <div class='ocr_page' id='page_1' title='image "/cluster/home/n/w/nwhite01/storage/ocr_20150623/133/hvd.32044054759949/409.png"; bbox 0 0 4090 6122; ppageno 0'>
   <div class='ocr_carea' id='block_1_1' title="bbox 486 154 588 206">
    <p class='ocr_par' dir='ltr' id='par_1_1' title="bbox 486 154 588 206">
     <span class='ocr_line' id='line_1_1' title="bbox 486 154 588 206; baseline 0 0"><span class='ocrx_word' id='word_1_1' title='bbox 486 154 588 206; x_wconf 88' lang='grc'><strong>807</strong></span> 
     </span>
    </p>
   </div>
   <div class='ocr_carea' id='block_1_2' title="bbox 1232 116 2158 193">
    <p class='ocr_par' dir='ltr' id='par_1_2' title="bbox 1232 121 2158 193">
     <span class='ocr_line' id='line_1_2' title="bbox 1232 121 2158 193; baseline -0.017 -1"><span class='ocrx_word' id='word_1_2' title='bbox 1232 138 1288 193; x_wconf 83' lang='grc'><strong>8.</strong></span> <span class='ocrx_word' id='word_1_3' title='bbox 1331 133 1589 190; x_wconf 82' lang='grc' dir='ltr'><strong>ΟΒΟΝ18</strong></span> <span class='ocrx_word' id='word_1_4' title='bbox 1629 127 1922 186; x_wconf 79' lang='lat' dir='ltr'><strong>ABBATIS</strong></span> <span class='ocrx_word' id='word_1_5' title='bbox 1958 123 2088 180; x_wconf 88' lang='lat' dir='ltr'><strong>SEU</strong></span> <span class='ocrx_word' id='word_1_6' title='bbox 2127 121 2158 176; x_wconf 76' lang='grc' dir='ltr'><strong>Α</strong></span> 
     </span>
    </p>
   </div>
   <div class='ocr_carea' id='block_1_3' title="bbox 2275 116 3146 193">
    <p class='ocr_par' dir='ltr' id='par_1_3' title="bbox 2275 116 3146 176">
     <span class='ocr_line' id='line_1_3' title="bbox 2275 116 3146 176; baseline -0.003 -1"><span class='ocrx_word' id='word_1_7' title='bbox 2275 119 2465 176; x_wconf 80' lang='lat' dir='ltr'><strong>ERIUS</strong></span> <span class='ocrx_word' id='word_1_8' title='bbox 2505 119 2768 176; x_wconf 85' lang='lat' dir='ltr'><strong>ODONIS</strong></span> <span class='ocrx_word' id='word_1_9' title='bbox 2807 116 3146 176; x_wconf 79' lang='lat' dir='ltr'><strong>MONACHI.</strong></span> 
     </span>
    </p>
   </div>
   <div class='ocr_carea' id='block_1_4' title="bbox 3797 116 3908 170">
    <p class='ocr_par' dir='ltr' id='par_1_4' title="bbox 3797 116 3908 170">
     <span class='ocr_line' id='line_1_4' title="bbox 3797 116 3908 170; baseline 0 0"><span class='ocrx_word' id='word_1_10' title='bbox 3797 116 3908 170; x_wconf 75' lang='lat'><strong>808</strong></span> 
     </span>
    </p>
   </div>
   <div class='ocr_carea' id='block_1_5' title="bbox 484 235 3912 332">
    <p class='ocr_par' dir='ltr' id='par_1_5' title="bbox 484 235 3912 332">
     <span class='ocr_line' id='line_1_5' title="bbox 484 235 3912 332; baseline -0.011 -5"><span class='ocrx_word' id='word_1_11' title='bbox 484 276 597 327; x_wconf 89' lang='lat' dir='ltr'><strong>tur.</strong></span> <span class='ocrx_word' id='word_1_12' title='bbox 630 271 774 326; x_wconf 89' lang='lat' dir='ltr'><strong>Sunt</strong></span> <span class='ocrx_word' id='word_1_13' title='bbox 799 268 1001 320; x_wconf 89' lang='lat' dir='ltr'><strong>autem</strong></span> <span class='ocrx_word' id='word_1_14' title='bbox 1025 260 1214 332; x_wconf 85' lang='lat' dir='ltr'><strong>ipsius</strong></span> <span class='ocrx_word' id='word_1_15' title='bbox 1253 257 1419 312; x_wconf 86' lang='lat' dir='ltr'><strong>basis</strong></span> <span class='ocrx_word' id='word_1_16' title='bbox 1447 255 1809 332; x_wconf 28' lang='lat' dir='ltr'><strong>laterafocto,</strong></span> <span class='ocrx_word' id='word_1_17' title='bbox 1841 255 1898 306; x_wconf 90' lang='lat' dir='ltr'><strong>et</strong></span> <span class='ocrx_word' id='word_1_18' title='bbox 1925 262 2135 304; x_wconf 90' lang='lat' dir='ltr'><strong>omnes</strong></span> <span class='ocrx_word' id='word_1_19' title='bbox 2163 247 2208 298; x_wconf 79' lang='grc' dir='ltr'><strong>Α</strong></span> <span class='ocrx_word' id='word_1_20' title='bbox 2245 241 2429 297; x_wconf 86' lang='lat' dir='ltr'><strong>habet</strong></span> <span class='ocrx_word' id='word_1_21' title='bbox 2451 241 2610 332; x_wconf 91' lang='lat' dir='ltr'><strong>enim</strong></span> <span class='ocrx_word' id='word_1_22' title='bbox 2667 239 2830 296; x_wconf 87' lang='lat' dir='ltr'><strong>basis</strong></span> <span class='ocrx_word' id='word_1_23' title='bbox 2885 239 3071 296; x_wconf 85' lang='lat' dir='ltr'><strong>latera</strong></span> <span class='ocrx_word' id='word_1_24' title='bbox 3127 241 3212 295; x_wconf 87' lang='lat' dir='ltr'><strong>tot</strong></span> <span class='ocrx_word' id='word_1_25' title='bbox 3239 235 3495 332; x_wconf 73' lang='lat' dir='ltr'><strong>unitates</strong></span> <span class='ocrx_word' id='word_1_26' title='bbox 3537 235 3600 292; x_wconf 87' lang='lat' dir='ltr'><strong>in</strong></span> <span class='ocrx_word' id='word_1_27' title='bbox 3629 251 3728 332; x_wconf 72' lang='lat' dir='ltr'><strong>se,</strong></span> <span class='ocrx_word' id='word_1_28' title='bbox 3760 241 3912 308; x_wconf 83' lang='lat' dir='ltr'><strong>quot</strong></span> 
     </span>
    </p>
   </div>
   <div class='ocr_carea' id='block_1_6' title="bbox 485 339 2131 426">
    <p class='ocr_par' dir='ltr' id='par_1_6' title="bbox 485 339 2131 426">
     <span class='ocr_line' id='line_1_6' title="bbox 485 339 2131 426; baseline -0.015 -12"><span class='ocrx_word' id='word_1_29' title='bbox 485 360 587 426; x_wconf 86' lang='lat' dir='ltr'><strong>illi,</strong></span> <span class='ocrx_word' id='word_1_30' title='bbox 621 360 766 426; x_wconf 78' lang='grc'>(178)</span> <span class='ocrx_word' id='word_1_31' title='bbox 820 353 924 426; x_wconf 87' lang='lat' dir='ltr'><strong>qui</strong></span> <span class='ocrx_word' id='word_1_32' title='bbox 970 350 1134 406; x_wconf 85' lang='lat' dir='ltr'><strong>basis</strong></span> <span class='ocrx_word' id='word_1_33' title='bbox 1177 346 1332 402; x_wconf 90' lang='lat' dir='ltr'><strong>illius</strong></span> <span class='ocrx_word' id='word_1_34' title='bbox 1388 343 1652 400; x_wconf 70' lang='lat' dir='ltr'><strong>etiiciunt</strong></span> <span class='ocrx_word' id='word_1_35' title='bbox 1704 339 2131 414; x_wconf 79' lang='lat' dir='ltr'><strong>quantitatem;</strong></span> 
     </span>
    </p>
   </div>
   <div class='ocr_carea' id='block_1_7' title="bbox 2247 324 3838 401">
    <p class='ocr_par' dir='ltr' id='par_1_7' title="bbox 2247 324 3838 401">
     <span class='ocr_line' id='line_1_7' title="bbox 2247 324 3838 401; baseline -0.007 -13"><span class='ocrx_word' id='word_1_36' title='bbox 2247 333 2499 388; x_wconf 90' lang='lat' dir='ltr'><strong>unitates</strong></span> <span class='ocrx_word' id='word_1_37' title='bbox 2527 331 2776 401; x_wconf 82' lang='lat' dir='ltr'><strong>singulae</strong></span> <span class='ocrx_word' id='word_1_38' title='bbox 2805 330 3112 388; x_wconf 83' lang='lat' dir='ltr'><strong>continent</strong></span> <span class='ocrx_word' id='word_1_39' title='bbox 3155 325 3504 401; x_wconf 81' lang='lat' dir='ltr'><strong>pyramides</strong></span> <span class='ocrx_word' id='word_1_40' title='bbox 3537 325 3598 381; x_wconf 93' lang='lat' dir='ltr'><strong>in</strong></span> <span class='ocrx_word' id='word_1_41' title='bbox 3628 324 3838 380; x_wconf 79' lang='lat' dir='ltr'><strong>latere.</strong></span> 
     </span>
    </p>
   </div>
   <div class='ocr_carea' id='block_1_8' title="bbox 3180 417 3506 474">
    <p class='ocr_par' dir='ltr' id='par_1_8' title="bbox 3180 417 3506 474">
     <span class='ocr_line' id='line_1_8' title="bbox 3180 417 3506 474; baseline -0.009 0"><span class='ocrx_word' id='word_1_42' title='bbox 3180 417 3506 474; x_wconf 70' lang='lat' dir='ltr'><strong>ﬁniuntur.</strong></span> 
     </span>
    </p>
   </div>
   <div class='ocr_carea' id='block_1_9' title="bbox 557 540 3906 636">
    <p class='ocr_par' dir='ltr' id='par_1_9' title="bbox 557 540 3906 636">
     <span class='ocr_line' id='line_1_9' title="bbox 557 540 3906 636; baseline -0.009 -14"><span class='ocrx_word' id='word_1_43' title='bbox 557 569 700 636; x_wconf 82' lang='lat' dir='ltr'><strong>(l78)</strong></span> <span class='ocrx_word' id='word_1_44' title='bbox 743 567 910 619; x_wconf 83' lang='lat' dir='ltr'><strong>Forte</strong></span> <span class='ocrx_word' id='word_1_45' title='bbox 943 561 1037 617; x_wconf 92' lang='lat' dir='ltr'><strong>hic</strong></span> <span class='ocrx_word' id='word_1_46' title='bbox 1061 555 1656 636; x_wconf 30' lang='lat' dir='ltr'><strong>legendumaomnes</strong></span> <span class='ocrx_word' id='word_1_47' title='bbox 1709 553 1824 634; x_wconf 76' lang='lat' dir='ltr'><strong>ittz&#39;,</strong></span> <span class='ocrx_word' id='word_1_48' title='bbox 1857 551 1962 636; x_wconf 72' lang='lat' dir='ltr'><strong>qui</strong></span> <span class='ocrx_word' id='word_1_49' title='bbox 1982 549 2136 636; x_wconf 51' lang='lat' dir='ltr'><strong>basis</strong></span> <span class='ocrx_word' id='word_1_50' title='bbox 2248 553 2374 636; x_wconf 71' lang='lat' dir='ltr'><strong>tera</strong></span> <span class='ocrx_word' id='word_1_51' title='bbox 2405 547 2778 636; x_wconf 20' lang='lat' dir='ltr'><strong>t‘otﬂam‘tates</strong></span> <span class='ocrx_word' id='word_1_52' title='bbox 2909 549 3162 636; x_wconf 40' lang='lat' dir='ltr'><strong>set‘quot</strong></span> <span class='ocrx_word' id='word_1_53' title='bbox 3175 543 3456 636; x_wconf 22' lang='lat' dir='ltr'><strong>Aunttates</strong></span> <span class='ocrx_word' id='word_1_54' title='bbox 3475 540 3740 612; x_wconf 78' lang='lat' dir='ltr'><strong>singula:</strong></span> <span class='ocrx_word' id='word_1_55' title='bbox 3773 555 3906 594; x_wconf 80' lang='lat' dir='ltr'><strong>con-</strong></span> 
     </span>
    </p>
   </div>
   <div class='ocr_carea' id='block_1_10' title="bbox 484 621 2134 706">
    <p class='ocr_par' dir='ltr' id='par_1_10' title="bbox 484 621 2134 706">
     <span class='ocr_line' id='line_1_10' title="bbox 484 621 2134 706; baseline -0.013 -12"><span class='ocrx_word' id='word_1_56' title='bbox 484 621 650 694; x_wconf 53' lang='lat' dir='ltr'><strong>mitts</strong></span> <span class='ocrx_word' id='word_1_57' title='bbox 680 621 948 706; x_wconf 77' lang='lat' dir='ltr'><strong>efﬁciunt</strong></span> <span class='ocrx_word' id='word_1_58' title='bbox 973 621 1370 704; x_wconf 58' lang='lat' dir='ltr'><strong>quantitatem</strong></span> <span class='ocrx_word' id='word_1_59' title='bbox 1399 627 1636 697; x_wconf 79' lang='lat' dir='ltr'><strong>(habent</strong></span> <span class='ocrx_word' id='word_1_60' title='bbox 1682 625 1838 681; x_wconf 80' lang='lat' dir='ltr'><strong>enim</strong></span> <span class='ocrx_word' id='word_1_61' title='bbox 1863 621 2016 677; x_wconf 82' lang='lat' dir='ltr'><strong>basis</strong></span> <span class='ocrx_word' id='word_1_62' title='bbox 2045 621 2134 675; x_wconf 88' lang='lat' dir='ltr'><strong>ta-</strong></span> 
     </span>
    </p>
   </div>
   <div class='ocr_carea' id='block_1_11' title="bbox 2247 616 3488 690">
    <p class='ocr_par' dir='ltr' id='par_1_11' title="bbox 2247 616 3488 690">
     <span class='ocr_line' id='line_1_11' title="bbox 2247 616 3488 690; baseline -0.005 -16"><span class='ocrx_word' id='word_1_63' title='bbox 2247 620 2434 674; x_wconf 76' lang='lat' dir='ltr'><strong>tinent</strong></span> <span class='ocrx_word' id='word_1_64' title='bbox 2459 618 2829 690; x_wconf 77' lang='lat' dir='ltr'><strong>pyramides)</strong></span> <span class='ocrx_word' id='word_1_65' title='bbox 2857 617 2921 672; x_wconf 79' lang='lat' dir='ltr'><strong>in</strong></span> <span class='ocrx_word' id='word_1_66' title='bbox 2955 618 3142 673; x_wconf 81' lang='lat' dir='ltr'><strong>latere</strong></span> <span class='ocrx_word' id='word_1_67' title='bbox 3165 616 3488 686; x_wconf 80' lang='lat' dir='ltr'><strong>ﬁniuntur.</strong></span> 
     </span>
    </p>
   </div>
   <div class='ocr_carea' id='block_1_12' title="bbox 496 764 3362 800">
    <p class='ocr_par' dir='ltr' id='par_1_12' title="bbox 496 764 3362 800">
     <span class='ocr_line' id='line_1_12' title="bbox 496 764 3362 800; baseline -0.004 -12"><span class='ocrx_word' id='word_1_68' title='bbox 496 764 3362 800; x_wconf 85' lang='lat'><strong>__________________________________</strong></span> 
     </span>
    </p>
   </div>
   <div class='ocr_carea' id='block_1_13' title="bbox 1294 856 3104 987">
    <p class='ocr_par' dir='ltr' id='par_1_13' title="bbox 1294 856 3104 987">
     <span class='ocr_line' id='line_1_13' title="bbox 1294 856 3104 987; baseline -0.005 0"><span class='ocrx_word' id='word_1_69' title='bbox 1294 865 1911 987; x_wconf 74' lang='lat' dir='ltr'><strong>REGUL/E</strong></span> <span class='ocrx_word' id='word_1_70' title='bbox 2003 859 2468 981; x_wconf 86' lang='lat' dir='ltr'><strong>DOMNI</strong></span> <span class='ocrx_word' id='word_1_71' title='bbox 2559 856 3104 980; x_wconf 87' lang='lat' dir='ltr'><strong>ODONIS</strong></span> 
     </span>
    </p>
   </div>
   <div class='ocr_carea' id='block_1_14' title="bbox 1723 1103 2673 1196">
    <p class='ocr_par' dir='ltr' id='par_1_14' title="bbox 1723 1103 2673 1196">
     <span class='ocr_line' id='line_1_14' title="bbox 1723 1103 2673 1196; baseline -0.006 -1"><span class='ocrx_word' id='word_1_72' title='bbox 1723 1107 2089 1196; x_wconf 73' lang='lat' dir='ltr'><strong>SUPER</strong></span> <span class='ocrx_word' id='word_1_73' title='bbox 2200 1103 2673 1193; x_wconf 83' lang='lat' dir='ltr'><strong>ABACUM.</strong></span> 
     </span>
    </p>
   </div>
   <div class='ocr_carea' id='block_1_15' title="bbox 1490 1283 2909 1363">
    <p class='ocr_par' dir='ltr' id='par_1_15' title="bbox 1490 1283 2909 1363">
     <span class='ocr_line' id='line_1_15' title="bbox 1490 1283 2909 1363; baseline -0.006 -17"><span class='ocrx_word' id='word_1_74' title='bbox 1490 1294 1595 1363; x_wconf 84' lang='lat' dir='ltr'><strong>(Ex</strong></span> <span class='ocrx_word' id='word_1_75' title='bbox 1622 1291 1748 1345; x_wconf 87' lang='lat' dir='ltr'><strong>eod.</strong></span> <span class='ocrx_word' id='word_1_76' title='bbox 1781 1291 1918 1344; x_wconf 86' lang='lat' dir='ltr'><strong>Cod.</strong></span> <span class='ocrx_word' id='word_1_77' title='bbox 1953 1287 2378 1345; x_wconf 84' lang='lat' dir='ltr'><strong>Vindobonensi</strong></span> <span class='ocrx_word' id='word_1_78' title='bbox 2401 1303 2534 1340; x_wconf 81' lang='lat' dir='ltr'><strong>saec.</strong></span> <span class='ocrx_word' id='word_1_79' title='bbox 2567 1287 2701 1340; x_wconf 89' lang='lat' dir='ltr'><strong>circ.</strong></span> <span class='ocrx_word' id='word_1_80' title='bbox 2736 1283 2909 1352; x_wconf 82' lang='lat' dir='ltr'><strong>Xlll).</strong></span> 
     </span>
    </p>
   </div>
   <div class='ocr_carea' id='block_1_16' title="bbox 563 1535 3922 1632">
    <p class='ocr_par' dir='ltr' id='par_1_16' title="bbox 563 1535 3922 1632">
     <span class='ocr_line' id='line_1_16' title="bbox 563 1535 3922 1632; baseline -0.008 -16"><span class='ocrx_word' id='word_1_81' title='bbox 563 1561 620 1616; x_wconf 92' lang='lat' dir='ltr'><strong>Si</strong></span> <span class='ocrx_word' id='word_1_82' title='bbox 648 1559 784 1632; x_wconf 89' lang='lat' dir='ltr'><strong>quis</strong></span> <span class='ocrx_word' id='word_1_83' title='bbox 807 1556 1079 1613; x_wconf 86' lang='lat' dir='ltr'><strong>notitiam</strong></span> <span class='ocrx_word' id='word_1_84' title='bbox 1108 1553 1281 1609; x_wconf 88' lang='lat' dir='ltr'><strong>abaci</strong></span> <span class='ocrx_word' id='word_1_85' title='bbox 1305 1552 1528 1607; x_wconf 86' lang='lat' dir='ltr'><strong>habere</strong></span> <span class='ocrx_word' id='word_1_86' title='bbox 1557 1549 1874 1614; x_wconf 87' lang='lat' dir='ltr'><strong>desiderat,</strong></span> <span class='ocrx_word' id='word_1_87' title='bbox 1905 1561 2149 1602; x_wconf 82' lang='lat' dir='ltr'><strong>necesse</strong></span> <span class='ocrx_word' id='word_1_88' title='bbox 2191 1550 2230 1602; x_wconf 89' lang='grc' dir='ltr'>Β</span> <span class='ocrx_word' id='word_1_89' title='bbox 2257 1543 2349 1598; x_wconf 90' lang='lat' dir='ltr'><strong>Sic</strong></span> <span class='ocrx_word' id='word_1_90' title='bbox 2395 1559 2500 1615; x_wconf 86' lang='lat' dir='ltr'><strong>per</strong></span> <span class='ocrx_word' id='word_1_91' title='bbox 2551 1546 2784 1598; x_wconf 67' lang='lat' dir='ltr'><strong>caetera.</strong></span> <span class='ocrx_word' id='word_1_92' title='bbox 2817 1544 2923 1597; x_wconf 89' lang='lat' dir='ltr'><strong>Per</strong></span> <span class='ocrx_word' id='word_1_93' title='bbox 2968 1539 3238 1596; x_wconf 89' lang='lat' dir='ltr'><strong>medium</strong></span> <span class='ocrx_word' id='word_1_94' title='bbox 3283 1553 3426 1594; x_wconf 90' lang='lat' dir='ltr'><strong>vero</strong></span> <span class='ocrx_word' id='word_1_95' title='bbox 3473 1553 3736 1594; x_wconf 86' lang='lat' dir='ltr'><strong>arcuum</strong></span> <span class='ocrx_word' id='word_1_96' title='bbox 3786 1535 3922 1590; x_wconf 70' lang='lat' dir='ltr'><strong>dum</strong></span> 
     </span>
    </p>
   </div>
   <div class='ocr_carea' id='block_1_17' title="bbox 493 1637 2150 1706">
    <p class='ocr_par' dir='ltr' id='par_1_17' title="bbox 493 1637 2150 1706">
     <span class='ocr_line' id='line_1_17' title="bbox 493 1637 2150 1706; baseline -0.01 -1"><span class='ocrx_word' id='word_1_97' title='bbox 493 1654 584 1706; x_wconf 91' lang='lat' dir='ltr'><strong>est</strong></span> <span class='ocrx_word' id='word_1_98' title='bbox 611 1653 676 1704; x_wconf 90' lang='lat' dir='ltr'><strong>ut</strong></span> <span class='ocrx_word' id='word_1_99' title='bbox 701 1649 762 1702; x_wconf 89' lang='lat' dir='ltr'><strong>in</strong></span> <span class='ocrx_word' id='word_1_100' title='bbox 807 1641 1282 1702; x_wconf 84' lang='lat' dir='ltr'><strong>consideratione</strong></span> <span class='ocrx_word' id='word_1_101' title='bbox 1341 1639 1576 1694; x_wconf 87' lang='lat' dir='ltr'><strong>numeri</strong></span> <span class='ocrx_word' id='word_1_102' title='bbox 1607 1637 1861 1692; x_wconf 90' lang='lat' dir='ltr'><strong>studeat.</strong></span> <span class='ocrx_word' id='word_1_103' title='bbox 1897 1638 2026 1690; x_wconf 58' lang='lat' dir='ltr'><strong>Haec</strong></span> <span class='ocrx_word' id='word_1_104' title='bbox 2053 1649 2150 1689; x_wconf 88' lang='lat' dir='ltr'><strong>ars</strong></span> 
     </span>
    </p>
   </div>
   <div class='ocr_carea' id='block_1_18' title="bbox 493 1723 2150 1801">
    <p class='ocr_par' dir='ltr' id='par_1_18' title="bbox 493 1723 2150 1801">
     <span class='ocr_line' id='line_1_18' title="bbox 493 1723 2150 1801; baseline -0.01 -7"><span class='ocrx_word' id='word_1_105' title='bbox 493 1754 618 1794; x_wconf 91' lang='lat' dir='ltr'><strong>non</strong></span> <span class='ocrx_word' id='word_1_106' title='bbox 649 1753 684 1792; x_wconf 91' lang='lat' dir='ltr'><strong>a</strong></span> <span class='ocrx_word' id='word_1_107' title='bbox 740 1733 1068 1801; x_wconf 88' lang='lat' dir='ltr'><strong>modernis,</strong></span> <span class='ocrx_word' id='word_1_108' title='bbox 1099 1731 1206 1785; x_wconf 92' lang='lat' dir='ltr'><strong>sed</strong></span> <span class='ocrx_word' id='word_1_109' title='bbox 1237 1730 1314 1785; x_wconf 88' lang='lat' dir='ltr'><strong>ab</strong></span> <span class='ocrx_word' id='word_1_110' title='bbox 1347 1728 1608 1800; x_wconf 88' lang='lat' dir='ltr'><strong>antiquis</strong></span> <span class='ocrx_word' id='word_1_111' title='bbox 1661 1727 1925 1794; x_wconf 91' lang='lat' dir='ltr'><strong>inventa,</strong></span> <span class='ocrx_word' id='word_1_112' title='bbox 1953 1723 2087 1779; x_wconf 90' lang='lat' dir='ltr'><strong>ideo</strong></span> <span class='ocrx_word' id='word_1_113' title='bbox 2114 1738 2150 1778; x_wconf 90' lang='lat' dir='ltr'><strong>a</strong></span> 
     </span>
    </p>
   </div>
   <div class='ocr_carea' id='block_1_19' title="bbox 495 1813 2150 1892">
    <p class='ocr_par' dir='ltr' id='par_1_19' title="bbox 495 1813 2150 1892">
     <span class='ocr_line' id='line_1_19' title="bbox 495 1813 2150 1892; baseline -0.009 -11"><span class='ocrx_word' id='word_1_114' title='bbox 495 1825 698 1880; x_wconf 88' lang='lat' dir='ltr'><strong>multis</strong></span> <span class='ocrx_word' id='word_1_115' title='bbox 749 1821 1085 1892; x_wconf 74' lang='lat' dir='ltr'><strong>negligitur,</strong></span> <span class='ocrx_word' id='word_1_116' title='bbox 1126 1819 1269 1891; x_wconf 90' lang='lat' dir='ltr'><strong>quia</strong></span> <span class='ocrx_word' id='word_1_117' title='bbox 1317 1831 1708 1872; x_wconf 89' lang='lat' dir='ltr'><strong>numerorum</strong></span> <span class='ocrx_word' id='word_1_118' title='bbox 1767 1813 2150 1886; x_wconf 85' lang='lat' dir='ltr'><strong>perplexione</strong></span> 
     </span>
    </p>
   </div>
   <div class='ocr_carea' id='block_1_20' title="bbox 496 1896 2146 1980">
    <p class='ocr_par' dir='ltr' id='par_1_20' title="bbox 496 1896 2146 1980">
     <span class='ocr_line' id='line_1_20' title="bbox 496 1896 2146 1980; baseline -0.01 -15"><span class='ocrx_word' id='word_1_119' title='bbox 496 1909 672 1965; x_wconf 89' lang='lat' dir='ltr'><strong>valde</strong></span> <span class='ocrx_word' id='word_1_120' title='bbox 691 1907 1048 1980; x_wconf 85' lang='lat' dir='ltr'><strong>implicatur,</strong></span> <span class='ocrx_word' id='word_1_121' title='bbox 1072 1907 1138 1958; x_wconf 91' lang='lat' dir='ltr'><strong>ut</strong></span> <span class='ocrx_word' id='word_1_122' title='bbox 1161 1903 1464 1973; x_wconf 89' lang='lat' dir='ltr'><strong>majorum</strong></span> <span class='ocrx_word' id='word_1_123' title='bbox 1494 1899 1778 1956; x_wconf 89' lang='lat' dir='ltr'><strong>relatione</strong></span> <span class='ocrx_word' id='word_1_124' title='bbox 1809 1896 2146 1952; x_wconf 90' lang='lat' dir='ltr'><strong>didicimus.</strong></span> 
     </span>
    </p>
   </div>
   <div class='ocr_carea' id='block_1_21' title="bbox 499 1985 2146 2069">
    <p class='ocr_par' dir='ltr' id='par_1_21' title="bbox 499 1985 2146 2069">
     <span class='ocr_line' id='line_1_21' title="bbox 499 1985 2146 2069; baseline -0.01 -16"><span class='ocrx_word' id='word_1_125' title='bbox 499 1999 684 2069; x_wconf 90' lang='lat' dir='ltr'><strong>Hujus</strong></span> <span class='ocrx_word' id='word_1_126' title='bbox 731 1997 874 2052; x_wconf 88' lang='lat' dir='ltr'><strong>artis</strong></span> <span class='ocrx_word' id='word_1_127' title='bbox 929 1995 1302 2049; x_wconf 85' lang='lat' dir='ltr'><strong>inventorem</strong></span> <span class='ocrx_word' id='word_1_128' title='bbox 1365 1991 1766 2062; x_wconf 85' lang='lat' dir='ltr'><strong>Pythagoram</strong></span> <span class='ocrx_word' id='word_1_129' title='bbox 1829 1985 2146 2041; x_wconf 87' lang='lat' dir='ltr'><strong>habemus.</strong></span> 
     </span>
    </p>
   </div>
   <div class='ocr_carea' id='block_1_22' title="bbox 499 2076 2150 2157">
    <p class='ocr_par' dir='ltr' id='par_1_22' title="bbox 499 2076 2150 2157">
     <span class='ocr_line' id='line_1_22' title="bbox 499 2076 2150 2157; baseline -0.008 -15"><span class='ocrx_word' id='word_1_130' title='bbox 499 2087 680 2157; x_wconf 87' lang='lat' dir='ltr'><strong>Cujus</strong></span> <span class='ocrx_word' id='word_1_131' title='bbox 724 2083 992 2140; x_wconf 91' lang='lat' dir='ltr'><strong>studium</strong></span> <span class='ocrx_word' id='word_1_132' title='bbox 1043 2082 1244 2154; x_wconf 89' lang='lat' dir='ltr'><strong>itaque</strong></span> <span class='ocrx_word' id='word_1_133' title='bbox 1274 2080 1336 2135; x_wconf 90' lang='lat' dir='ltr'><strong>in</strong></span> <span class='ocrx_word' id='word_1_134' title='bbox 1361 2076 1731 2151; x_wconf 89' lang='lat' dir='ltr'><strong>quibusdam</strong></span> <span class='ocrx_word' id='word_1_135' title='bbox 1761 2081 1848 2131; x_wconf 90' lang='lat' dir='ltr'><strong>est</strong></span> <span class='ocrx_word' id='word_1_136' title='bbox 1875 2088 2150 2130; x_wconf 90' lang='lat' dir='ltr'><strong>necessa—</strong></span> 
     </span>
    </p>
   </div>
   <div class='ocr_carea' id='block_1_23' title="bbox 497 2163 2152 2243">
    <p class='ocr_par' dir='ltr' id='par_1_23' title="bbox 497 2163 2152 2243">
     <span class='ocr_line' id='line_1_23' title="bbox 497 2163 2152 2243; baseline -0.008 -13"><span class='ocrx_word' id='word_1_137' title='bbox 497 2175 675 2242; x_wconf 89' lang='lat' dir='ltr'><strong>rium,</strong></span> <span class='ocrx_word' id='word_1_138' title='bbox 707 2177 772 2230; x_wconf 90' lang='lat' dir='ltr'><strong>ut</strong></span> <span class='ocrx_word' id='word_1_139' title='bbox 800 2172 1028 2243; x_wconf 88' lang='lat' dir='ltr'><strong>absque</strong></span> <span class='ocrx_word' id='word_1_140' title='bbox 1057 2170 1244 2243; x_wconf 87' lang='lat' dir='ltr'><strong>ipsius</strong></span> <span class='ocrx_word' id='word_1_141' title='bbox 1273 2167 1482 2241; x_wconf 89' lang='lat' dir='ltr'><strong>peritia</strong></span> <span class='ocrx_word' id='word_1_142' title='bbox 1513 2167 1606 2221; x_wconf 76' lang='lat' dir='ltr'><strong>vix</strong></span> <span class='ocrx_word' id='word_1_143' title='bbox 1633 2164 1846 2237; x_wconf 89' lang='lat' dir='ltr'><strong>aliquis</strong></span> <span class='ocrx_word' id='word_1_144' title='bbox 1877 2163 2152 2219; x_wconf 87' lang='lat' dir='ltr'><strong>arithme-</strong></span> 
     </span>
    </p>
   </div>
   <div class='ocr_carea' id='block_1_24' title="bbox 499 2251 2155 2335">
    <p class='ocr_par' dir='ltr' id='par_1_24' title="bbox 499 2251 2155 2335">
     <span class='ocr_line' id='line_1_24' title="bbox 499 2251 2155 2335; baseline -0.008 -16"><span class='ocrx_word' id='word_1_145' title='bbox 499 2263 626 2319; x_wconf 62' lang='lat' dir='ltr'><strong>tica;</strong></span> <span class='ocrx_word' id='word_1_146' title='bbox 656 2261 1081 2335; x_wconf 86' lang='lat' dir='ltr'><strong>perfectionem</strong></span> <span class='ocrx_word' id='word_1_147' title='bbox 1113 2258 1383 2328; x_wconf 82' lang='lat' dir='ltr'><strong>attingat,</strong></span> <span class='ocrx_word' id='word_1_148' title='bbox 1425 2261 1480 2312; x_wconf 91' lang='lat' dir='ltr'><strong>et</strong></span> <span class='ocrx_word' id='word_1_149' title='bbox 1510 2253 1942 2321; x_wconf 90' lang='lat' dir='ltr'><strong>calculationis,</strong></span> <span class='ocrx_word' id='word_1_150' title='bbox 1973 2251 2036 2306; x_wconf 90' lang='lat' dir='ltr'><strong>id</strong></span> <span class='ocrx_word' id='word_1_151' title='bbox 2066 2255 2155 2306; x_wconf 91' lang='lat' dir='ltr'><strong>est</strong></span> 
     </span>
    </p>
   </div>
   <div class='ocr_carea' id='block_1_25' title="bbox 499 2341 2152 2425">
    <p class='ocr_par' dir='ltr' id='par_1_25' title="bbox 499 2341 2152 2425">
     <span class='ocr_line' id='line_1_25' title="bbox 499 2341 2152 2425; baseline -0.008 -17"><span class='ocrx_word' id='word_1_152' title='bbox 499 2351 785 2425; x_wconf 87' lang='lat' dir='ltr'><strong>compnti,</strong></span> <span class='ocrx_word' id='word_1_153' title='bbox 819 2353 1178 2420; x_wconf 87' lang='lat' dir='ltr'><strong>argumenta</strong></span> <span class='ocrx_word' id='word_1_154' title='bbox 1203 2344 1694 2418; x_wconf 87' lang='lat' dir='ltr'><strong>comprehendat.</strong></span> <span class='ocrx_word' id='word_1_155' title='bbox 1721 2341 1893 2408; x_wconf 83' lang='lat' dir='ltr'><strong>Quod</strong></span> <span class='ocrx_word' id='word_1_156' title='bbox 1917 2341 1968 2396; x_wconf 90' lang='lat' dir='ltr'><strong>si</strong></span> <span class='ocrx_word' id='word_1_157' title='bbox 1995 2341 2152 2395; x_wconf 90' lang='lat' dir='ltr'><strong>hanc</strong></span> 
     </span>
    </p>
   </div>
   <div class='ocr_carea' id='block_1_26' title="bbox 498 2428 2153 2510">
    <p class='ocr_par' dir='ltr' id='par_1_26' title="bbox 498 2428 2153 2510">
     <span class='ocr_line' id='line_1_26' title="bbox 498 2428 2153 2510; baseline -0.009 -13"><span class='ocrx_word' id='word_1_158' title='bbox 498 2444 690 2496; x_wconf 85' lang='lat' dir='ltr'><strong>artem</strong></span> <span class='ocrx_word' id='word_1_159' title='bbox 721 2454 756 2493; x_wconf 89' lang='lat' dir='ltr'><strong>a</strong></span> <span class='ocrx_word' id='word_1_160' title='bbox 785 2437 1042 2510; x_wconf 82' lang='lat' dir='ltr'><strong>paganis</strong></span> <span class='ocrx_word' id='word_1_161' title='bbox 1068 2434 1347 2490; x_wconf 90' lang='lat' dir='ltr'><strong>traditam</strong></span> <span class='ocrx_word' id='word_1_162' title='bbox 1377 2431 1562 2488; x_wconf 86' lang='lat' dir='ltr'><strong>sancti</strong></span> <span class='ocrx_word' id='word_1_163' title='bbox 1594 2431 1868 2486; x_wconf 90' lang='lat' dir='ltr'><strong>doctores</strong></span> <span class='ocrx_word' id='word_1_164' title='bbox 1898 2428 2153 2484; x_wconf 86' lang='lat' dir='ltr'><strong>otiosam</strong></span> 
     </span>
    </p>
   </div>
   <div class='ocr_carea' id='block_1_27' title="bbox 499 2518 2152 2595">
    <p class='ocr_par' dir='ltr' id='par_1_27' title="bbox 499 2518 2152 2595">
     <span class='ocr_line' id='line_1_27' title="bbox 499 2518 2152 2595; baseline -0.007 -13"><span class='ocrx_word' id='word_1_165' title='bbox 499 2527 850 2595; x_wconf 90' lang='lat' dir='ltr'><strong>sensissent,</strong></span> <span class='ocrx_word' id='word_1_166' title='bbox 871 2539 1186 2594; x_wconf 91' lang='lat' dir='ltr'><strong>nunquam</strong></span> <span class='ocrx_word' id='word_1_167' title='bbox 1217 2521 1455 2590; x_wconf 87' lang='lat' dir='ltr'><strong>regulas</strong></span> <span class='ocrx_word' id='word_1_168' title='bbox 1477 2523 1699 2574; x_wconf 67' lang='lat' dir='ltr'><strong>sanctae</strong></span> <span class='ocrx_word' id='word_1_169' title='bbox 1745 2518 2020 2573; x_wconf 73' lang='lat' dir='ltr'><strong>Ecclesite</strong></span> <span class='ocrx_word' id='word_1_170' title='bbox 2049 2533 2152 2572; x_wconf 89' lang='lat' dir='ltr'><strong>ne-</strong></span> 
     </span>
    </p>
   </div>
   <div class='ocr_carea' id='block_1_28' title="bbox 499 2607 2154 2679">
    <p class='ocr_par' dir='ltr' id='par_1_28' title="bbox 499 2607 2154 2679">
     <span class='ocr_line' id='line_1_28' title="bbox 499 2607 2154 2679; baseline -0.006 -7"><span class='ocrx_word' id='word_1_171' title='bbox 499 2615 796 2672; x_wconf 90' lang='lat' dir='ltr'><strong>cessarias</strong></span> <span class='ocrx_word' id='word_1_172' title='bbox 815 2613 971 2668; x_wconf 92' lang='lat' dir='ltr'><strong>illius</strong></span> <span class='ocrx_word' id='word_1_173' title='bbox 995 2611 1342 2668; x_wconf 86' lang='lat' dir='ltr'><strong>auctoritate</strong></span> <span class='ocrx_word' id='word_1_174' title='bbox 1363 2609 1724 2664; x_wconf 89' lang='lat' dir='ltr'><strong>ﬁrmassent.</strong></span> <span class='ocrx_word' id='word_1_175' title='bbox 1757 2608 1815 2664; x_wconf 89' lang='lat' dir='ltr'><strong>Si</strong></span> <span class='ocrx_word' id='word_1_176' title='bbox 1839 2607 1974 2679; x_wconf 91' lang='lat' dir='ltr'><strong>quis</strong></span> <span class='ocrx_word' id='word_1_177' title='bbox 1994 2607 2154 2662; x_wconf 83' lang='lat' dir='ltr'><strong>enim</strong></span> 
     </span>
    </p>
   </div>
   <div class='ocr_carea' id='block_1_29' title="bbox 500 2696 2156 2769">
    <p class='ocr_par' dir='ltr' id='par_1_29' title="bbox 500 2696 2156 2769">
     <span class='ocr_line' id='line_1_29' title="bbox 500 2696 2156 2769; baseline -0.006 -9"><span class='ocrx_word' id='word_1_178' title='bbox 500 2703 863 2760; x_wconf 88' lang='lat' dir='ltr'><strong>Venerabilis</strong></span> <span class='ocrx_word' id='word_1_179' title='bbox 901 2701 1069 2756; x_wconf 82' lang='lat' dir='ltr'><strong>Bedae</strong></span> <span class='ocrx_word' id='word_1_180' title='bbox 1093 2700 1278 2755; x_wconf 89' lang='lat' dir='ltr'><strong>libros</strong></span> <span class='ocrx_word' id='word_1_181' title='bbox 1317 2699 1391 2754; x_wconf 91' lang='lat' dir='ltr'><strong>de</strong></span> <span class='ocrx_word' id='word_1_182' title='bbox 1422 2702 1706 2769; x_wconf 89' lang='lat' dir='ltr'><strong>computo</strong></span> <span class='ocrx_word' id='word_1_183' title='bbox 1735 2697 1930 2766; x_wconf 90' lang='lat' dir='ltr'><strong>legere</strong></span> <span class='ocrx_word' id='word_1_184' title='bbox 1959 2696 2156 2751; x_wconf 82' lang='lat' dir='ltr'><strong>volue-</strong></span> 
     </span>
    </p>
   </div>
   <div class='ocr_carea' id='block_1_30' title="bbox 499 2785 2157 2864">
    <p class='ocr_par' dir='ltr' id='par_1_30' title="bbox 499 2785 2157 2864">
     <span class='ocr_line' id='line_1_30' title="bbox 499 2785 2157 2864; baseline -0.005 -15"><span class='ocrx_word' id='word_1_185' title='bbox 499 2792 594 2860; x_wconf 89' lang='lat' dir='ltr'><strong>rit,</strong></span> <span class='ocrx_word' id='word_1_186' title='bbox 626 2792 858 2864; x_wconf 88' lang='lat' dir='ltr'><strong>absque</strong></span> <span class='ocrx_word' id='word_1_187' title='bbox 885 2791 1068 2861; x_wconf 85' lang='lat' dir='ltr'><strong>hujus</strong></span> <span class='ocrx_word' id='word_1_188' title='bbox 1093 2788 1235 2844; x_wconf 88' lang='lat' dir='ltr'><strong>artis</strong></span> <span class='ocrx_word' id='word_1_189' title='bbox 1265 2787 1471 2844; x_wconf 87' lang='lat' dir='ltr'><strong>notitia</strong></span> <span class='ocrx_word' id='word_1_190' title='bbox 1495 2803 1714 2859; x_wconf 88' lang='lat' dir='ltr'><strong>parum</strong></span> <span class='ocrx_word' id='word_1_191' title='bbox 1735 2785 2023 2858; x_wconf 88' lang='lat' dir='ltr'><strong>proﬁcere</strong></span> <span class='ocrx_word' id='word_1_192' title='bbox 2053 2800 2157 2856; x_wconf 91' lang='lat' dir='ltr'><strong>po-</strong></span> 
     </span>
    </p>
   </div>
   <div class='ocr_carea' id='block_1_31' title="bbox 2257 1626 3926 1704">
    <p class='ocr_par' dir='ltr' id='par_1_31' title="bbox 2257 1626 3926 1704">
     <span class='ocr_line' id='line_1_31' title="bbox 2257 1626 3926 1704; baseline -0.005 -17"><span class='ocrx_word' id='word_1_193' title='bbox 2257 1631 2426 1687; x_wconf 82' lang='lat' dir='ltr'><strong>lineae</strong></span> <span class='ocrx_word' id='word_1_194' title='bbox 2467 1631 2742 1704; x_wconf 66' lang='lat' dir='ltr'><strong>sepositus</strong></span> <span class='ocrx_word' id='word_1_195' title='bbox 2793 1631 3114 1698; x_wconf 85' lang='lat' dir='ltr'><strong>ducuntur,</strong></span> <span class='ocrx_word' id='word_1_196' title='bbox 3149 1643 3329 1701; x_wconf 90' lang='lat' dir='ltr'><strong>super</strong></span> <span class='ocrx_word' id='word_1_197' title='bbox 3357 1642 3510 1699; x_wconf 87' lang='lat' dir='ltr'><strong>quas</strong></span> <span class='ocrx_word' id='word_1_198' title='bbox 3539 1626 3670 1698; x_wconf 89' lang='lat' dir='ltr'><strong>ipse</strong></span> <span class='ocrx_word' id='word_1_199' title='bbox 3705 1639 3926 1680; x_wconf 88' lang='lat' dir='ltr'><strong>nume-</strong></span> 
     </span>
    </p>
   </div>
   <div class='ocr_carea' id='block_1_32' title="bbox 2258 1717 3924 1788">
    <p class='ocr_par' dir='ltr' id='par_1_32' title="bbox 2258 1717 3924 1788">
     <span class='ocr_line' id='line_1_32' title="bbox 2258 1717 3924 1788; baseline -0.004 -14"><span class='ocrx_word' id='word_1_200' title='bbox 2258 1736 2361 1774; x_wconf 89' lang='lat' dir='ltr'><strong>rus</strong></span> <span class='ocrx_word' id='word_1_201' title='bbox 2391 1737 2643 1776; x_wconf 90' lang='lat' dir='ltr'><strong>arcuum</strong></span> <span class='ocrx_word' id='word_1_202' title='bbox 2689 1719 3054 1776; x_wconf 90' lang='lat' dir='ltr'><strong>inscribitur.</strong></span> <span class='ocrx_word' id='word_1_203' title='bbox 3087 1717 3247 1774; x_wconf 72' lang='lat' dir='ltr'><strong>Infra</strong></span> <span class='ocrx_word' id='word_1_204' title='bbox 3300 1719 3504 1772; x_wconf 88' lang='lat' dir='ltr'><strong>autem</strong></span> <span class='ocrx_word' id='word_1_205' title='bbox 3551 1729 3661 1788; x_wconf 89' lang='lat' dir='ltr'><strong>per</strong></span> <span class='ocrx_word' id='word_1_206' title='bbox 3719 1717 3924 1768; x_wconf 87' lang='lat' dir='ltr'><strong>ternos</strong></span> 
     </span>
    </p>
   </div>
   <div class='ocr_carea' id='block_1_33' title="bbox 2259 1803 3926 1880">
    <p class='ocr_par' dir='ltr' id='par_1_33' title="bbox 2259 1803 3926 1880">
     <span class='ocr_line' id='line_1_33' title="bbox 2259 1803 3926 1880; baseline -0.004 -16"><span class='ocrx_word' id='word_1_207' title='bbox 2259 1810 2534 1866; x_wconf 90' lang='lat' dir='ltr'><strong>continus</strong></span> <span class='ocrx_word' id='word_1_208' title='bbox 2581 1827 2756 1867; x_wconf 90' lang='lat' dir='ltr'><strong>arcus</strong></span> <span class='ocrx_word' id='word_1_209' title='bbox 2813 1807 3154 1880; x_wconf 88' lang='lat' dir='ltr'><strong>singularis,</strong></span> <span class='ocrx_word' id='word_1_210' title='bbox 3181 1806 3461 1868; x_wconf 90' lang='lat' dir='ltr'><strong>decenus,</strong></span> <span class='ocrx_word' id='word_1_211' title='bbox 3495 1808 3813 1870; x_wconf 87' lang='lat' dir='ltr'><strong>centenus,</strong></span> <span class='ocrx_word' id='word_1_212' title='bbox 3845 1803 3926 1858; x_wconf 93' lang='lat' dir='ltr'><strong>ob</strong></span> 
     </span>
    </p>
   </div>
   <div class='ocr_carea' id='block_1_34' title="bbox 2259 1893 3928 1971">
    <p class='ocr_par' dir='ltr' id='par_1_34' title="bbox 2259 1893 3928 1971">
     <span class='ocr_line' id='line_1_34' title="bbox 2259 1893 3928 1971; baseline -0.003 -19"><span class='ocrx_word' id='word_1_213' title='bbox 2259 1899 2553 1956; x_wconf 82' lang='lat' dir='ltr'><strong>rationein</strong></span> <span class='ocrx_word' id='word_1_214' title='bbox 2583 1899 2830 1971; x_wconf 91' lang='lat' dir='ltr'><strong>majoris</strong></span> <span class='ocrx_word' id='word_1_215' title='bbox 2863 1915 3040 1954; x_wconf 89' lang='lat' dir='ltr'><strong>arcus</strong></span> <span class='ocrx_word' id='word_1_216' title='bbox 3098 1896 3438 1952; x_wconf 88' lang='lat' dir='ltr'><strong>adnotatur.</strong></span> <span class='ocrx_word' id='word_1_217' title='bbox 3473 1893 3734 1950; x_wconf 85' lang='lat' dir='ltr'><strong>Nomina</strong></span> <span class='ocrx_word' id='word_1_218' title='bbox 3763 1898 3824 1948; x_wconf 87' lang='lat' dir='ltr'><strong>et</strong></span> <span class='ocrx_word' id='word_1_219' title='bbox 3863 1895 3928 1947; x_wconf 84' lang='lat' dir='ltr'><strong>ﬁ-</strong></span> 
     </span>
    </p>
   </div>
   <div class='ocr_carea' id='block_1_35' title="bbox 2262 1981 3925 2058">
    <p class='ocr_par' dir='ltr' id='par_1_35' title="bbox 2262 1981 3925 2058">
     <span class='ocr_line' id='line_1_35' title="bbox 2262 1981 3925 2058; baseline -0.004 -14"><span class='ocrx_word' id='word_1_220' title='bbox 2262 2003 2444 2058; x_wconf 87' lang='lat' dir='ltr'><strong>guras</strong></span> <span class='ocrx_word' id='word_1_221' title='bbox 2492 1991 2908 2046; x_wconf 89' lang='lat' dir='ltr'><strong>characterum</strong></span> <span class='ocrx_word' id='word_1_222' title='bbox 2981 1988 3112 2058; x_wconf 91' lang='lat' dir='ltr'><strong>jam</strong></span> <span class='ocrx_word' id='word_1_223' title='bbox 3186 1984 3659 2041; x_wconf 84' lang='lat' dir='ltr'><strong>consideramus.</strong></span> <span class='ocrx_word' id='word_1_224' title='bbox 3721 1981 3925 2038; x_wconf 84' lang='lat' dir='ltr'><strong>Unitas</strong></span> 
     </span>
    </p>
   </div>
   <div class='ocr_carea' id='block_1_36' title="bbox 2263 2073 3920 2231">
    <p class='ocr_par' dir='ltr' id='par_1_36' title="bbox 2263 2160 3920 2231">
     <span class='ocr_line' id='line_1_36' title="bbox 2263 2160 3920 2231; baseline -0.004 -9"><span class='ocrx_word' id='word_1_225' title='bbox 2263 2167 2548 2223; x_wconf 86' lang='lat' dir='ltr'><strong>Binarius.</strong></span> <span class='ocrx_word' id='word_1_226' title='bbox 2631 2166 2964 2224; x_wconf 87' lang='lat' dir='ltr'><strong>Ternarius.</strong></span> <span class='ocrx_word' id='word_1_227' title='bbox 3042 2162 3486 2231; x_wconf 89' lang='lat' dir='ltr'><strong>Quaternarius.</strong></span> <span class='ocrx_word' id='word_1_228' title='bbox 3565 2160 3920 2227; x_wconf 87' lang='lat' dir='ltr'><strong>Quinarius.</strong></span> 
     </span>
    </p>
   </div>
   <div class='ocr_carea' id='block_1_37' title="bbox 2263 2251 3922 2420">
    <p class='ocr_par' dir='ltr' id='par_1_37' title="bbox 2263 2341 3922 2420">
     <span class='ocr_line' id='line_1_37' title="bbox 2263 2341 3922 2420; baseline -0.004 -20"><span class='ocrx_word' id='word_1_229' title='bbox 2263 2347 2560 2402; x_wconf 90' lang='lat' dir='ltr'><strong>Senarius.</strong></span> <span class='ocrx_word' id='word_1_230' title='bbox 2616 2345 3019 2420; x_wconf 89' lang='lat' dir='ltr'><strong>Septenarius.</strong></span> <span class='ocrx_word' id='word_1_231' title='bbox 3077 2341 3448 2400; x_wconf 89' lang='lat' dir='ltr'><strong>Octonarius.</strong></span> <span class='ocrx_word' id='word_1_232' title='bbox 3525 2341 3922 2397; x_wconf 86' lang='lat' dir='ltr'><strong>Novenarius.</strong></span> 
     </span>
    </p>
   </div>
   <div class='ocr_carea' id='block_1_38' title="bbox 2335 2519 3928 2594">
    <p class='ocr_par' dir='ltr' id='par_1_38' title="bbox 2335 2519 3928 2594">
     <span class='ocr_line' id='line_1_38' title="bbox 2335 2519 3928 2594; baseline -0.005 -14"><span class='ocrx_word' id='word_1_233' title='bbox 2335 2525 2656 2581; x_wconf 84' lang='lat' dir='ltr'><strong>Denarium</strong></span> <span class='ocrx_word' id='word_1_234' title='bbox 2679 2529 2880 2580; x_wconf 91' lang='lat' dir='ltr'><strong>autem</strong></span> <span class='ocrx_word' id='word_1_235' title='bbox 2909 2523 3280 2594; x_wconf 84' lang='lat' dir='ltr'><strong>Pythagoras</strong></span> <span class='ocrx_word' id='word_1_236' title='bbox 3301 2519 3524 2576; x_wconf 89' lang='lat' dir='ltr'><strong>idcirco</strong></span> <span class='ocrx_word' id='word_1_237' title='bbox 3543 2535 3668 2574; x_wconf 91' lang='lat' dir='ltr'><strong>non</strong></span> <span class='ocrx_word' id='word_1_238' title='bbox 3697 2519 3928 2591; x_wconf 81' lang='lat' dir='ltr'><strong>posuit,</strong></span> 
     </span>
    </p>
   </div>
   <div class='ocr_carea' id='block_1_39' title="bbox 2263 2606 3926 2687">
    <p class='ocr_par' dir='ltr' id='par_1_39' title="bbox 2263 2606 3926 2687">
     <span class='ocr_line' id='line_1_39' title="bbox 2263 2606 3926 2687; baseline -0.004 -19"><span class='ocrx_word' id='word_1_239' title='bbox 2263 2614 2409 2687; x_wconf 90' lang='lat' dir='ltr'><strong>quia</strong></span> <span class='ocrx_word' id='word_1_240' title='bbox 2463 2613 2660 2670; x_wconf 89' lang='lat' dir='ltr'><strong>unitas</strong></span> <span class='ocrx_word' id='word_1_241' title='bbox 2715 2617 2851 2686; x_wconf 92' lang='lat' dir='ltr'><strong>post</strong></span> <span class='ocrx_word' id='word_1_242' title='bbox 2909 2610 3302 2668; x_wconf 89' lang='lat' dir='ltr'><strong>novenarium</strong></span> <span class='ocrx_word' id='word_1_243' title='bbox 3349 2607 3668 2664; x_wconf 88' lang='lat' dir='ltr'><strong>denarium</strong></span> <span class='ocrx_word' id='word_1_244' title='bbox 3727 2606 3926 2670; x_wconf 80' lang='lat' dir='ltr'><strong>efﬁcit,</strong></span> 
     </span>
    </p>
   </div>
   <div class='ocr_carea' id='block_1_40' title="bbox 2264 2697 3928 2776">
    <p class='ocr_par' dir='ltr' id='par_1_40' title="bbox 2264 2697 3928 2776">
     <span class='ocr_line' id='line_1_40' title="bbox 2264 2697 3928 2776; baseline -0.003 -19"><span class='ocrx_word' id='word_1_245' title='bbox 2264 2703 2430 2776; x_wconf 89' lang='lat' dir='ltr'><strong>quod</strong></span> <span class='ocrx_word' id='word_1_246' title='bbox 2457 2703 2518 2758; x_wconf 93' lang='lat' dir='ltr'><strong>in</strong></span> <span class='ocrx_word' id='word_1_247' title='bbox 2548 2701 2936 2774; x_wconf 89' lang='lat' dir='ltr'><strong>sequentibus</strong></span> <span class='ocrx_word' id='word_1_248' title='bbox 2955 2699 3153 2769; x_wconf 88' lang='lat' dir='ltr'><strong>magis</strong></span> <span class='ocrx_word' id='word_1_249' title='bbox 3177 2697 3422 2772; x_wconf 86' lang='lat' dir='ltr'><strong>patebit.</strong></span> <span class='ocrx_word' id='word_1_250' title='bbox 3451 2697 3522 2752; x_wconf 82' lang='lat' dir='ltr'><strong>Hi</strong></span> <span class='ocrx_word' id='word_1_251' title='bbox 3543 2713 3768 2752; x_wconf 87' lang='lat' dir='ltr'><strong>novem</strong></span> <span class='ocrx_word' id='word_1_252' title='bbox 3791 2697 3928 2752; x_wconf 90' lang='lat' dir='ltr'><strong>cha-</strong></span> 
     </span>
    </p>
   </div>
   <div class='ocr_carea' id='block_1_41' title="bbox 2265 2786 3930 2858">
    <p class='ocr_par' dir='ltr' id='par_1_41' title="bbox 2265 2786 3930 2858">
     <span class='ocr_line' id='line_1_41' title="bbox 2265 2786 3930 2858; baseline -0.005 -10"><span class='ocrx_word' id='word_1_253' title='bbox 2265 2796 2522 2848; x_wconf 86' lang='lat' dir='ltr'><strong>racteres</strong></span> <span class='ocrx_word' id='word_1_254' title='bbox 2550 2795 2714 2848; x_wconf 90' lang='lat' dir='ltr'><strong>tanta</strong></span> <span class='ocrx_word' id='word_1_255' title='bbox 2735 2789 3082 2846; x_wconf 87' lang='lat' dir='ltr'><strong>auctoritate</strong></span> <span class='ocrx_word' id='word_1_256' title='bbox 3106 2788 3404 2858; x_wconf 89' lang='lat' dir='ltr'><strong>fruuntur,</strong></span> <span class='ocrx_word' id='word_1_257' title='bbox 3431 2791 3494 2842; x_wconf 88' lang='lat' dir='ltr'><strong>ut</strong></span> <span class='ocrx_word' id='word_1_258' title='bbox 3513 2786 3930 2858; x_wconf 80' lang='lat' dir='ltr'><strong>qualemcum-</strong></span> 
     </span>
    </p>
   </div>
   <div class='ocr_carea' id='block_1_42' title="bbox 499 2874 3928 2955">
    <p class='ocr_par' dir='ltr' id='par_1_42' title="bbox 499 2874 3928 2955">
     <span class='ocr_line' id='line_1_42' title="bbox 499 2874 3928 2955; baseline -0.002 -16"><span class='ocrx_word' id='word_1_259' title='bbox 499 2882 649 2940; x_wconf 88' lang='lat' dir='ltr'><strong>terit.</strong></span> <span class='ocrx_word' id='word_1_260' title='bbox 683 2884 814 2936; x_wconf 63' lang='lat' dir='ltr'><strong>Haec</strong></span> <span class='ocrx_word' id='word_1_261' title='bbox 835 2881 898 2936; x_wconf 91' lang='lat' dir='ltr'><strong>in</strong></span> <span class='ocrx_word' id='word_1_262' title='bbox 926 2878 1264 2952; x_wconf 89' lang='lat' dir='ltr'><strong>quadrivio,</strong></span> <span class='ocrx_word' id='word_1_263' title='bbox 1286 2877 1348 2932; x_wconf 89' lang='lat' dir='ltr'><strong>id</strong></span> <span class='ocrx_word' id='word_1_264' title='bbox 1379 2881 1484 2944; x_wconf 91' lang='lat' dir='ltr'><strong>est,</strong></span> <span class='ocrx_word' id='word_1_265' title='bbox 1513 2875 1574 2931; x_wconf 91' lang='lat' dir='ltr'><strong>in</strong></span> <span class='ocrx_word' id='word_1_266' title='bbox 1605 2875 1854 2944; x_wconf 89' lang='lat' dir='ltr'><strong>musica,</strong></span> <span class='ocrx_word' id='word_1_267' title='bbox 1879 2874 2157 2930; x_wconf 89' lang='lat' dir='ltr'><strong>arithme-</strong></span> <span class='ocrx_word' id='word_1_268' title='bbox 2187 2901 2228 2954; x_wconf 75' lang='grc' dir='ltr'>ο</span> <span class='ocrx_word' id='word_1_269' title='bbox 2266 2898 2384 2955; x_wconf 81' lang='lat' dir='ltr'><strong>que</strong></span> <span class='ocrx_word' id='word_1_270' title='bbox 2405 2897 2726 2936; x_wconf 78' lang='lat' dir='ltr'><strong>numerum</strong></span> <span class='ocrx_word' id='word_1_271' title='bbox 2753 2879 2814 2935; x_wconf 90' lang='lat' dir='ltr'><strong>in</strong></span> <span class='ocrx_word' id='word_1_272' title='bbox 2841 2879 3032 2935; x_wconf 84' lang='lat' dir='ltr'><strong>abaco</strong></span> <span class='ocrx_word' id='word_1_273' title='bbox 3061 2893 3320 2950; x_wconf 70' lang='lat' dir='ltr'><strong>quaeras,</strong></span> <span class='ocrx_word' id='word_1_274' title='bbox 3369 2877 3590 2932; x_wconf 88' lang='lat' dir='ltr'><strong>horum</strong></span> <span class='ocrx_word' id='word_1_275' title='bbox 3623 2875 3928 2948; x_wconf 77' lang='lat' dir='ltr'><strong>positione</strong></span> 
     </span>
    </p>
   </div>
   <div class='ocr_carea' id='block_1_43' title="bbox 500 2964 2159 3042">
    <p class='ocr_par' dir='ltr' id='par_1_43' title="bbox 500 2964 2159 3042">
     <span class='ocr_line' id='line_1_43' title="bbox 500 2964 2159 3042; baseline -0.005 -13"><span class='ocrx_word' id='word_1_276' title='bbox 500 2973 636 3042; x_wconf 90' lang='lat' dir='ltr'><strong>tica,</strong></span> <span class='ocrx_word' id='word_1_277' title='bbox 670 2969 1050 3042; x_wconf 89' lang='lat' dir='ltr'><strong>geometrica,</strong></span> <span class='ocrx_word' id='word_1_278' title='bbox 1082 2967 1468 3036; x_wconf 87' lang='lat' dir='ltr'><strong>astronomia,</strong></span> <span class='ocrx_word' id='word_1_279' title='bbox 1492 2966 1573 3022; x_wconf 92' lang='lat' dir='ltr'><strong>ita</strong></span> <span class='ocrx_word' id='word_1_280' title='bbox 1611 2970 1704 3021; x_wconf 89' lang='lat' dir='ltr'><strong>est</strong></span> <span class='ocrx_word' id='word_1_281' title='bbox 1729 2964 2072 3021; x_wconf 89' lang='lat' dir='ltr'><strong>necessaria</strong></span> <span class='ocrx_word' id='word_1_282' title='bbox 2101 2969 2159 3020; x_wconf 89' lang='lat' dir='ltr'><strong>et</strong></span> 
     </span>
    </p>
   </div>
   <div class='ocr_carea' id='block_1_44' title="bbox 503 3053 2158 3130">
    <p class='ocr_par' dir='ltr' id='par_1_44' title="bbox 503 3053 2158 3130">
     <span class='ocr_line' id='line_1_44' title="bbox 503 3053 2158 3130; baseline -0.007 -12"><span class='ocrx_word' id='word_1_283' title='bbox 503 3061 681 3128; x_wconf 88' lang='lat' dir='ltr'><strong>utilis,</strong></span> <span class='ocrx_word' id='word_1_284' title='bbox 713 3064 779 3116; x_wconf 92' lang='lat' dir='ltr'><strong>ut</strong></span> <span class='ocrx_word' id='word_1_285' title='bbox 817 3059 942 3114; x_wconf 91' lang='lat' dir='ltr'><strong>sine</strong></span> <span class='ocrx_word' id='word_1_286' title='bbox 991 3057 1093 3112; x_wconf 94' lang='lat' dir='ltr'><strong>illa</strong></span> <span class='ocrx_word' id='word_1_287' title='bbox 1135 3071 1289 3130; x_wconf 86' lang='lat' dir='ltr'><strong>pene</strong></span> <span class='ocrx_word' id='word_1_288' title='bbox 1327 3055 1525 3110; x_wconf 91' lang='lat' dir='ltr'><strong>omnis</strong></span> <span class='ocrx_word' id='word_1_289' title='bbox 1578 3054 1753 3110; x_wconf 85' lang='lat' dir='ltr'><strong>labor</strong></span> <span class='ocrx_word' id='word_1_290' title='bbox 1790 3053 2158 3109; x_wconf 88' lang='lat' dir='ltr'><strong>studentium</strong></span> 
     </span>
    </p>
   </div>
   <div class='ocr_carea' id='block_1_45' title="bbox 501 3142 2158 3218">
    <p class='ocr_par' dir='ltr' id='par_1_45' title="bbox 501 3142 2158 3218">
     <span class='ocr_line' id='line_1_45' title="bbox 501 3142 2158 3218; baseline -0.005 -12"><span class='ocrx_word' id='word_1_291' title='bbox 501 3151 774 3206; x_wconf 88' lang='lat' dir='ltr'><strong>videatur</strong></span> <span class='ocrx_word' id='word_1_292' title='bbox 801 3149 1016 3205; x_wconf 89' lang='lat' dir='ltr'><strong>inanis.</strong></span> <span class='ocrx_word' id='word_1_293' title='bbox 1059 3147 1226 3202; x_wconf 84' lang='lat' dir='ltr'><strong>Hanc</strong></span> <span class='ocrx_word' id='word_1_294' title='bbox 1256 3144 1586 3218; x_wconf 88' lang='lat' dir='ltr'><strong>antiquitus</strong></span> <span class='ocrx_word' id='word_1_295' title='bbox 1617 3146 1813 3200; x_wconf 70' lang='lat' dir='ltr'><strong>Graece</strong></span> <span class='ocrx_word' id='word_1_296' title='bbox 1858 3142 2158 3216; x_wconf 89' lang='lat' dir='ltr'><strong>conscrip-</strong></span> 
     </span>
    </p>
   </div>
   <div class='ocr_carea' id='block_1_46' title="bbox 503 3233 2156 3308">
    <p class='ocr_par' dir='ltr' id='par_1_46' title="bbox 503 3233 2156 3308">
     <span class='ocr_line' id='line_1_46' title="bbox 503 3233 2156 3308; baseline -0.005 -12"><span class='ocrx_word' id='word_1_297' title='bbox 503 3244 646 3308; x_wconf 91' lang='lat' dir='ltr'><strong>tam,</strong></span> <span class='ocrx_word' id='word_1_298' title='bbox 680 3255 717 3295; x_wconf 91' lang='lat' dir='ltr'><strong>a</strong></span> <span class='ocrx_word' id='word_1_299' title='bbox 769 3239 966 3294; x_wconf 93' lang='lat' dir='ltr'><strong>Boetio</strong></span> <span class='ocrx_word' id='word_1_300' title='bbox 1021 3235 1320 3292; x_wconf 91' lang='lat' dir='ltr'><strong>credimus</strong></span> <span class='ocrx_word' id='word_1_301' title='bbox 1359 3235 1421 3290; x_wconf 92' lang='lat' dir='ltr'><strong>in</strong></span> <span class='ocrx_word' id='word_1_302' title='bbox 1477 3233 1750 3290; x_wconf 86' lang='lat' dir='ltr'><strong>Latinum</strong></span> <span class='ocrx_word' id='word_1_303' title='bbox 1781 3233 2156 3289; x_wconf 86' lang='lat' dir='ltr'><strong>translatam.</strong></span> 
     </span>
    </p>
   </div>
   <div class='ocr_carea' id='block_1_47' title="bbox 505 3321 2155 3400">
    <p class='ocr_par' dir='ltr' id='par_1_47' title="bbox 505 3321 2155 3400">
     <span class='ocr_line' id='line_1_47' title="bbox 505 3321 2155 3400; baseline -0.005 -14"><span class='ocrx_word' id='word_1_304' title='bbox 505 3329 620 3387; x_wconf 90' lang='lat' dir='ltr'><strong>Sed</strong></span> <span class='ocrx_word' id='word_1_305' title='bbox 648 3327 792 3400; x_wconf 89' lang='lat' dir='ltr'><strong>quia</strong></span> <span class='ocrx_word' id='word_1_306' title='bbox 819 3327 969 3382; x_wconf 90' lang='lat' dir='ltr'><strong>liber</strong></span> <span class='ocrx_word' id='word_1_307' title='bbox 995 3325 1178 3396; x_wconf 90' lang='lat' dir='ltr'><strong>hujus</strong></span> <span class='ocrx_word' id='word_1_308' title='bbox 1208 3324 1351 3381; x_wconf 90' lang='lat' dir='ltr'><strong>artis</strong></span> <span class='ocrx_word' id='word_1_309' title='bbox 1383 3328 1472 3379; x_wconf 90' lang='lat' dir='ltr'><strong>est</strong></span> <span class='ocrx_word' id='word_1_310' title='bbox 1508 3321 1763 3378; x_wconf 77' lang='lat' dir='ltr'><strong>difﬁcilis</strong></span> <span class='ocrx_word' id='word_1_311' title='bbox 1798 3322 2155 3393; x_wconf 88' lang='lat' dir='ltr'><strong>legentibus,</strong></span> 
     </span>
    </p>
   </div>
   <div class='ocr_carea' id='block_1_48' title="bbox 502 3411 2159 3492">
    <p class='ocr_par' dir='ltr' id='par_1_48' title="bbox 502 3411 2159 3492">
     <span class='ocr_line' id='line_1_48' title="bbox 502 3411 2159 3492; baseline -0.004 -18"><span class='ocrx_word' id='word_1_312' title='bbox 502 3417 806 3492; x_wconf 90' lang='lat' dir='ltr'><strong>quasdam</strong></span> <span class='ocrx_word' id='word_1_313' title='bbox 853 3415 1205 3486; x_wconf 89' lang='lat' dir='ltr'><strong>regulas.....</strong></span> <span class='ocrx_word' id='word_1_314' title='bbox 1249 3413 1615 3486; x_wconf 88' lang='lat' dir='ltr'><strong>capientium</strong></span> <span class='ocrx_word' id='word_1_315' title='bbox 1657 3411 1977 3484; x_wconf 88' lang='lat' dir='ltr'><strong>decerpere</strong></span> <span class='ocrx_word' id='word_1_316' title='bbox 2019 3411 2159 3468; x_wconf 91' lang='lat' dir='ltr'><strong>inde</strong></span> 
     </span>
    </p>
   </div>
   <div class='ocr_carea' id='block_1_49' title="bbox 505 3507 867 3564">
    <p class='ocr_par' dir='ltr' id='par_1_49' title="bbox 505 3507 867 3564">
     <span class='ocr_line' id='line_1_49' title="bbox 505 3507 867 3564; baseline -0.011 -1"><span class='ocrx_word' id='word_1_317' title='bbox 505 3507 867 3564; x_wconf 85' lang='lat' dir='ltr'><strong>curavimus.</strong></span> 
     </span>
    </p>
   </div>
   <div class='ocr_carea' id='block_1_50' title="bbox 577 3642 2160 3718">
    <p class='ocr_par' dir='ltr' id='par_1_50' title="bbox 577 3642 2160 3718">
     <span class='ocr_line' id='line_1_50' title="bbox 577 3642 2160 3718; baseline -0.002 -15"><span class='ocrx_word' id='word_1_318' title='bbox 577 3650 710 3703; x_wconf 79' lang='lat' dir='ltr'><strong>llth</strong></span> <span class='ocrx_word' id='word_1_319' title='bbox 739 3662 838 3702; x_wconf 89' lang='lat' dir='ltr'><strong>ars</strong></span> <span class='ocrx_word' id='word_1_320' title='bbox 868 3645 1256 3718; x_wconf 90' lang='lat' dir='ltr'><strong>dispositione</strong></span> <span class='ocrx_word' id='word_1_321' title='bbox 1305 3659 1558 3700; x_wconf 90' lang='lat' dir='ltr'><strong>arcuum</strong></span> <span class='ocrx_word' id='word_1_322' title='bbox 1605 3642 1882 3699; x_wconf 88' lang='lat' dir='ltr'><strong>distincta</strong></span> <span class='ocrx_word' id='word_1_323' title='bbox 1912 3642 1990 3698; x_wconf 91' lang='lat' dir='ltr'><strong>ab</strong></span> <span class='ocrx_word' id='word_1_324' title='bbox 2035 3659 2160 3700; x_wconf 91' lang='lat' dir='ltr'><strong>uno</strong></span> 
     </span>
    </p>
   </div>
   <div class='ocr_carea' id='block_1_51' title="bbox 508 3733 2161 3808">
    <p class='ocr_par' dir='ltr' id='par_1_51' title="bbox 508 3733 2161 3808">
     <span class='ocr_line' id='line_1_51' title="bbox 508 3733 2161 3808; baseline -0.004 -14"><span class='ocrx_word' id='word_1_325' title='bbox 508 3753 762 3808; x_wconf 89' lang='lat' dir='ltr'><strong>surgens</strong></span> <span class='ocrx_word' id='word_1_326' title='bbox 791 3751 984 3808; x_wconf 89' lang='lat' dir='ltr'><strong>usque</strong></span> <span class='ocrx_word' id='word_1_327' title='bbox 1000 3734 1078 3791; x_wconf 90' lang='lat' dir='ltr'><strong>ad</strong></span> <span class='ocrx_word' id='word_1_328' title='bbox 1111 3735 1344 3791; x_wconf 88' lang='lat' dir='ltr'><strong>inﬁnita</strong></span> <span class='ocrx_word' id='word_1_329' title='bbox 1361 3749 1468 3806; x_wconf 91' lang='lat' dir='ltr'><strong>per</strong></span> <span class='ocrx_word' id='word_1_330' title='bbox 1495 3733 1812 3790; x_wconf 88' lang='lat' dir='ltr'><strong>denarium</strong></span> <span class='ocrx_word' id='word_1_331' title='bbox 1838 3749 2161 3789; x_wconf 90' lang='lat' dir='ltr'><strong>numerum</strong></span> 
     </span>
    </p>
   </div>
   <div class='ocr_carea' id='block_1_52' title="bbox 508 3821 2162 3895">
    <p class='ocr_par' dir='ltr' id='par_1_52' title="bbox 508 3821 2162 3895">
     <span class='ocr_line' id='line_1_52' title="bbox 508 3821 2162 3895; baseline -0.004 -12"><span class='ocrx_word' id='word_1_332' title='bbox 508 3826 809 3884; x_wconf 88' lang='lat' dir='ltr'><strong>accrescit.</strong></span> <span class='ocrx_word' id='word_1_333' title='bbox 852 3828 1014 3881; x_wconf 91' lang='lat' dir='ltr'><strong>Unus</strong></span> <span class='ocrx_word' id='word_1_334' title='bbox 1045 3825 1204 3880; x_wconf 92' lang='lat' dir='ltr'><strong>enim</strong></span> <span class='ocrx_word' id='word_1_335' title='bbox 1257 3823 1454 3880; x_wconf 89' lang='lat' dir='ltr'><strong>decies</strong></span> <span class='ocrx_word' id='word_1_336' title='bbox 1493 3821 1922 3895; x_wconf 88' lang='lat' dir='ltr'><strong>multiplicatus</strong></span> <span class='ocrx_word' id='word_1_337' title='bbox 1953 3821 2162 3878; x_wconf 90' lang='lat' dir='ltr'><strong>decem</strong></span> 
     </span>
    </p>
   </div>
   <div class='ocr_carea' id='block_1_53' title="bbox 505 3911 2162 3986">
    <p class='ocr_par' dir='ltr' id='par_1_53' title="bbox 505 3911 2162 3986">
     <span class='ocr_line' id='line_1_53' title="bbox 505 3911 2162 3986; baseline -0.004 -12"><span class='ocrx_word' id='word_1_338' title='bbox 505 3916 678 3986; x_wconf 87' lang='lat' dir='ltr'><strong>facit;</strong></span> <span class='ocrx_word' id='word_1_339' title='bbox 710 3913 992 3972; x_wconf 91' lang='lat' dir='ltr'><strong>denarius</strong></span> <span class='ocrx_word' id='word_1_340' title='bbox 1021 3914 1217 3970; x_wconf 91' lang='lat' dir='ltr'><strong>decies</strong></span> <span class='ocrx_word' id='word_1_341' title='bbox 1247 3912 1673 3986; x_wconf 88' lang='lat' dir='ltr'><strong>multiplicatus</strong></span> <span class='ocrx_word' id='word_1_342' title='bbox 1705 3915 1744 3970; x_wconf 89' lang='lat' dir='ltr'>C</span> <span class='ocrx_word' id='word_1_343' title='bbox 1764 3911 1991 3982; x_wconf 91' lang='lat' dir='ltr'><strong>reddit;</strong></span> <span class='ocrx_word' id='word_1_344' title='bbox 2024 3928 2162 3968; x_wconf 90' lang='lat' dir='ltr'><strong>cen-</strong></span> 
     </span>
    </p>
   </div>
   <div class='ocr_carea' id='block_1_54' title="bbox 507 4002 2163 4076">
    <p class='ocr_par' dir='ltr' id='par_1_54' title="bbox 507 4002 2163 4076">
     <span class='ocr_line' id='line_1_54' title="bbox 507 4002 2163 4076; baseline -0.004 -12"><span class='ocrx_word' id='word_1_345' title='bbox 507 4012 636 4064; x_wconf 89' lang='lat' dir='ltr'><strong>tum</strong></span> <span class='ocrx_word' id='word_1_346' title='bbox 665 4005 864 4062; x_wconf 90' lang='lat' dir='ltr'><strong>decies</strong></span> <span class='ocrx_word' id='word_1_347' title='bbox 894 4003 1352 4076; x_wconf 89' lang='lat' dir='ltr'><strong>multiplicando</strong></span> <span class='ocrx_word' id='word_1_348' title='bbox 1381 4003 1542 4059; x_wconf 90' lang='lat' dir='ltr'><strong>mille</strong></span> <span class='ocrx_word' id='word_1_349' title='bbox 1571 4003 1750 4072; x_wconf 88' lang='lat' dir='ltr'><strong>ﬁunt;</strong></span> <span class='ocrx_word' id='word_1_350' title='bbox 1797 4002 1881 4058; x_wconf 90' lang='lat' dir='ltr'><strong>sic</strong></span> <span class='ocrx_word' id='word_1_351' title='bbox 1913 4017 2019 4074; x_wconf 90' lang='lat' dir='ltr'><strong>per</strong></span> <span class='ocrx_word' id='word_1_352' title='bbox 2057 4020 2163 4058; x_wconf 81' lang='lat' dir='ltr'><strong>cae-</strong></span> 
     </span>
    </p>
   </div>
   <div class='ocr_carea' id='block_1_55' title="bbox 507 4092 2164 4168">
    <p class='ocr_par' dir='ltr' id='par_1_55' title="bbox 507 4092 2164 4168">
     <span class='ocr_line' id='line_1_55' title="bbox 507 4092 2164 4168; baseline -0.005 -14"><span class='ocrx_word' id='word_1_353' title='bbox 507 4101 632 4154; x_wconf 89' lang='lat' dir='ltr'><strong>tera</strong></span> <span class='ocrx_word' id='word_1_354' title='bbox 661 4111 855 4168; x_wconf 91' lang='lat' dir='ltr'><strong>usque</strong></span> <span class='ocrx_word' id='word_1_355' title='bbox 911 4095 990 4150; x_wconf 88' lang='lat' dir='ltr'><strong>ad</strong></span> <span class='ocrx_word' id='word_1_356' title='bbox 1017 4093 1270 4150; x_wconf 89' lang='lat' dir='ltr'><strong>inﬁnita.</strong></span> <span class='ocrx_word' id='word_1_357' title='bbox 1304 4092 1608 4150; x_wconf 90' lang='lat' dir='ltr'><strong>Distinctio</strong></span> <span class='ocrx_word' id='word_1_358' title='bbox 1663 4095 1866 4148; x_wconf 88' lang='lat' dir='ltr'><strong>autem</strong></span> <span class='ocrx_word' id='word_1_359' title='bbox 1911 4107 2164 4148; x_wconf 89' lang='lat' dir='ltr'><strong>arcuum</strong></span> 
     </span>
    </p>
   </div>
   <div class='ocr_carea' id='block_1_56' title="bbox 508 4179 2162 4252">
    <p class='ocr_par' dir='ltr' id='par_1_56' title="bbox 508 4179 2162 4252">
     <span class='ocr_line' id='line_1_56' title="bbox 508 4179 2162 4252; baseline -0.003 -12"><span class='ocrx_word' id='word_1_360' title='bbox 508 4201 648 4240; x_wconf 91' lang='lat' dir='ltr'><strong>cum</strong></span> <span class='ocrx_word' id='word_1_361' title='bbox 695 4182 963 4239; x_wconf 85' lang='lat' dir='ltr'><strong>numeris</strong></span> <span class='ocrx_word' id='word_1_362' title='bbox 1007 4182 1140 4238; x_wconf 86' lang='lat' dir='ltr'><strong>talis</strong></span> <span class='ocrx_word' id='word_1_363' title='bbox 1202 4187 1314 4237; x_wconf 91' lang='lat' dir='ltr'><strong>est:</strong></span> <span class='ocrx_word' id='word_1_364' title='bbox 1372 4179 1715 4251; x_wconf 88' lang='lat' dir='ltr'><strong>singularis,</strong></span> <span class='ocrx_word' id='word_1_365' title='bbox 1783 4179 2162 4252; x_wconf 88' lang='lat' dir='ltr'><strong>decenarius,</strong></span> 
     </span>
    </p>
   </div>
   <div class='ocr_carea' id='block_1_57' title="bbox 509 4269 2168 4340">
    <p class='ocr_par' dir='ltr' id='par_1_57' title="bbox 509 4269 2168 4340">
     <span class='ocr_line' id='line_1_57' title="bbox 509 4269 2168 4340; baseline -0.002 -11"><span class='ocrx_word' id='word_1_366' title='bbox 509 4272 909 4340; x_wconf 81' lang='lat' dir='ltr'><strong>centenarius,</strong></span> <span class='ocrx_word' id='word_1_367' title='bbox 929 4270 1319 4338; x_wconf 80' lang='lat' dir='ltr'><strong>millenarius,</strong></span> <span class='ocrx_word' id='word_1_368' title='bbox 1345 4270 1605 4325; x_wconf 88' lang='lat' dir='ltr'><strong>decenus</strong></span> <span class='ocrx_word' id='word_1_369' title='bbox 1624 4269 1992 4326; x_wconf 89' lang='lat' dir='ltr'><strong>millenarius</strong></span> <span class='ocrx_word' id='word_1_370' title='bbox 2013 4285 2168 4340; x_wconf 91' lang='lat' dir='ltr'><strong>,cen-</strong></span> 
     </span>
    </p>
   </div>
   <div class='ocr_carea' id='block_1_58' title="bbox 507 4357 2164 4428">
    <p class='ocr_par' dir='ltr' id='par_1_58' title="bbox 507 4357 2164 4428">
     <span class='ocr_line' id='line_1_58' title="bbox 507 4357 2164 4428; baseline -0.001 -11"><span class='ocrx_word' id='word_1_371' title='bbox 507 4365 682 4418; x_wconf 90' lang='lat' dir='ltr'><strong>tenus</strong></span> <span class='ocrx_word' id='word_1_372' title='bbox 713 4360 1104 4428; x_wconf 90' lang='lat' dir='ltr'><strong>millenarius,</strong></span> <span class='ocrx_word' id='word_1_373' title='bbox 1136 4359 1298 4414; x_wconf 91' lang='lat' dir='ltr'><strong>mille</strong></span> <span class='ocrx_word' id='word_1_374' title='bbox 1347 4357 1738 4428; x_wconf 88' lang='lat' dir='ltr'><strong>millenarius,</strong></span> <span class='ocrx_word' id='word_1_375' title='bbox 1769 4358 1969 4414; x_wconf 84' lang='lat' dir='ltr'><strong>decies</strong></span> <span class='ocrx_word' id='word_1_376' title='bbox 2003 4359 2164 4416; x_wconf 89' lang='lat' dir='ltr'><strong>mille</strong></span> 
     </span>
    </p>
   </div>
   <div class='ocr_carea' id='block_1_59' title="bbox 505 4448 2165 4522">
    <p class='ocr_par' dir='ltr' id='par_1_59' title="bbox 505 4448 2165 4522">
     <span class='ocr_line' id='line_1_59' title="bbox 505 4448 2165 4522; baseline -0.002 -14"><span class='ocrx_word' id='word_1_377' title='bbox 505 4450 806 4522; x_wconf 90' lang='lat' dir='ltr'><strong>millenus,</strong></span> <span class='ocrx_word' id='word_1_378' title='bbox 834 4451 1053 4507; x_wconf 91' lang='lat' dir='ltr'><strong>centies</strong></span> <span class='ocrx_word' id='word_1_379' title='bbox 1083 4449 1243 4505; x_wconf 91' lang='lat' dir='ltr'><strong>mille</strong></span> <span class='ocrx_word' id='word_1_380' title='bbox 1273 4449 1569 4519; x_wconf 88' lang='lat' dir='ltr'><strong>millenus,</strong></span> <span class='ocrx_word' id='word_1_381' title='bbox 1595 4448 1806 4504; x_wconf 91' lang='lat' dir='ltr'><strong>millies</strong></span> <span class='ocrx_word' id='word_1_382' title='bbox 1845 4449 2006 4505; x_wconf 92' lang='lat' dir='ltr'><strong>mille</strong></span> <span class='ocrx_word' id='word_1_383' title='bbox 2035 4449 2165 4505; x_wconf 89' lang='lat' dir='ltr'><strong>mil-</strong></span> 
     </span>
    </p>
   </div>
   <div class='ocr_carea' id='block_1_60' title="bbox 507 4539 2166 4612">
    <p class='ocr_par' dir='ltr' id='par_1_60' title="bbox 507 4539 2166 4612">
     <span class='ocr_line' id='line_1_60' title="bbox 507 4539 2166 4612; baseline -0.002 -14"><span class='ocrx_word' id='word_1_384' title='bbox 507 4541 701 4612; x_wconf 87' lang='lat' dir='ltr'><strong>lenus,</strong></span> <span class='ocrx_word' id='word_1_385' title='bbox 733 4541 930 4597; x_wconf 90' lang='lat' dir='ltr'><strong>decies</strong></span> <span class='ocrx_word' id='word_1_386' title='bbox 959 4539 1172 4596; x_wconf 91' lang='lat' dir='ltr'><strong>millies</strong></span> <span class='ocrx_word' id='word_1_387' title='bbox 1195 4539 1352 4596; x_wconf 84' lang='lat' dir='ltr'><strong>mille</strong></span> <span class='ocrx_word' id='word_1_388' title='bbox 1373 4539 1676 4612; x_wconf 90' lang='lat' dir='ltr'><strong>millenus,</strong></span> <span class='ocrx_word' id='word_1_389' title='bbox 1702 4539 1922 4596; x_wconf 87' lang='lat' dir='ltr'><strong>centies</strong></span> <span class='ocrx_word' id='word_1_390' title='bbox 1953 4539 2166 4596; x_wconf 90' lang='lat' dir='ltr'><strong>millies</strong></span> 
     </span>
    </p>
   </div>
   <div class='ocr_carea' id='block_1_61' title="bbox 507 4631 998 4690">
    <p class='ocr_par' dir='ltr' id='par_1_61' title="bbox 507 4631 998 4690">
     <span class='ocr_line' id='line_1_61' title="bbox 507 4631 998 4690; baseline -0.006 -1"><span class='ocrx_word' id='word_1_391' title='bbox 507 4631 670 4690; x_wconf 91' lang='lat' dir='ltr'><strong>mille</strong></span> <span class='ocrx_word' id='word_1_392' title='bbox 700 4631 998 4688; x_wconf 90' lang='lat' dir='ltr'><strong>millenus.</strong></span> 
     </span>
    </p>
   </div>
   <div class='ocr_carea' id='block_1_62' title="bbox 582 4755 2168 4830">
    <p class='ocr_par' dir='ltr' id='par_1_62' title="bbox 582 4755 2168 4830">
     <span class='ocr_line' id='line_1_62' title="bbox 582 4755 2168 4830; baseline 0 -16"><span class='ocrx_word' id='word_1_393' title='bbox 582 4757 926 4816; x_wconf 87' lang='lat' dir='ltr'><strong>Consideret</strong></span> <span class='ocrx_word' id='word_1_394' title='bbox 951 4761 1152 4814; x_wconf 90' lang='lat' dir='ltr'><strong>autem</strong></span> <span class='ocrx_word' id='word_1_395' title='bbox 1181 4755 1447 4829; x_wconf 90' lang='lat' dir='ltr'><strong>prudens</strong></span> <span class='ocrx_word' id='word_1_396' title='bbox 1464 4755 1752 4825; x_wconf 91' lang='lat' dir='ltr'><strong>abacista,</strong></span> <span class='ocrx_word' id='word_1_397' title='bbox 1779 4757 1946 4830; x_wconf 92' lang='lat' dir='ltr'><strong>quod</strong></span> <span class='ocrx_word' id='word_1_398' title='bbox 1971 4773 2111 4814; x_wconf 91' lang='lat' dir='ltr'><strong>cum</strong></span> <span class='ocrx_word' id='word_1_399' title='bbox 2131 4774 2168 4814; x_wconf 92' lang='lat' dir='ltr'><strong>a</strong></span> 
     </span>
    </p>
   </div>
   <div class='ocr_carea' id='block_1_63' title="bbox 511 4845 2169 4920">
    <p class='ocr_par' dir='ltr' id='par_1_63' title="bbox 511 4845 2169 4920">
     <span class='ocr_line' id='line_1_63' title="bbox 511 4845 2169 4920; baseline 0.001 -18"><span class='ocrx_word' id='word_1_400' title='bbox 511 4846 799 4918; x_wconf 87' lang='lat' dir='ltr'><strong>singulari</strong></span> <span class='ocrx_word' id='word_1_401' title='bbox 825 4863 968 4903; x_wconf 89' lang='lat' dir='ltr'><strong>arcu</strong></span> <span class='ocrx_word' id='word_1_402' title='bbox 999 4863 1158 4902; x_wconf 90' lang='lat' dir='ltr'><strong>unus</strong></span> <span class='ocrx_word' id='word_1_403' title='bbox 1190 4861 1559 4916; x_wconf 89' lang='lat' dir='ltr'><strong>consurgens</strong></span> <span class='ocrx_word' id='word_1_404' title='bbox 1591 4847 1668 4903; x_wconf 89' lang='lat' dir='ltr'><strong>ad</strong></span> <span class='ocrx_word' id='word_1_405' title='bbox 1698 4845 2030 4920; x_wconf 84' lang='lat' dir='ltr'><strong>perfectum</strong></span> <span class='ocrx_word' id='word_1_406' title='bbox 2059 4863 2169 4903; x_wconf 91' lang='lat' dir='ltr'><strong>nu-</strong></span> 
     </span>
    </p>
   </div>
   <div class='ocr_carea' id='block_1_64' title="bbox 510 4935 2168 5009">
    <p class='ocr_par' dir='ltr' id='par_1_64' title="bbox 510 4935 2168 5009">
     <span class='ocr_line' id='line_1_64' title="bbox 510 4935 2168 5009; baseline 0.001 -19"><span class='ocrx_word' id='word_1_407' title='bbox 510 4951 766 5003; x_wconf 90' lang='lat' dir='ltr'><strong>merum,</strong></span> <span class='ocrx_word' id='word_1_408' title='bbox 799 4935 966 5008; x_wconf 91' lang='lat' dir='ltr'><strong>quod</strong></span> <span class='ocrx_word' id='word_1_409' title='bbox 987 4941 1075 4992; x_wconf 91' lang='lat' dir='ltr'><strong>est</strong></span> <span class='ocrx_word' id='word_1_410' title='bbox 1099 4939 1160 5004; x_wconf 90' lang='lat' dir='ltr'><strong>C,</strong></span> <span class='ocrx_word' id='word_1_411' title='bbox 1187 4940 1246 4992; x_wconf 91' lang='lat' dir='ltr'><strong>et</strong></span> <span class='ocrx_word' id='word_1_412' title='bbox 1273 4953 1310 4992; x_wconf 91' lang='lat' dir='ltr'><strong>a</strong></span> <span class='ocrx_word' id='word_1_413' title='bbox 1334 4935 1494 4992; x_wconf 91' lang='lat' dir='ltr'><strong>mille</strong></span> <span class='ocrx_word' id='word_1_414' title='bbox 1519 4935 1734 4992; x_wconf 89' lang='lat' dir='ltr'><strong>iterum</strong></span> <span class='ocrx_word' id='word_1_415' title='bbox 1763 4935 2056 5009; x_wconf 90' lang='lat' dir='ltr'><strong>incipiens</strong></span> <span class='ocrx_word' id='word_1_416' title='bbox 2087 4937 2168 4992; x_wconf 93' lang='lat' dir='ltr'><strong>ad</strong></span> 
     </span>
    </p>
   </div>
   <div class='ocr_carea' id='block_1_65' title="bbox 393 5023 2169 5098">
    <p class='ocr_par' dir='ltr' id='par_1_65' title="bbox 393 5023 2169 5098">
     <span class='ocr_line' id='line_1_65' title="bbox 393 5023 2169 5098; baseline 0.002 -20"><span class='ocrx_word' id='word_1_417' title='bbox 393 5071 400 5078; x_wconf 91' lang='lat'><strong>.</strong></span> <span class='ocrx_word' id='word_1_418' title='bbox 510 5027 753 5081; x_wconf 85' lang='lat' dir='ltr'><strong>centum</strong></span> <span class='ocrx_word' id='word_1_419' title='bbox 784 5023 988 5094; x_wconf 88' lang='lat' dir='ltr'><strong>millia,</strong></span> <span class='ocrx_word' id='word_1_420' title='bbox 1007 5025 1112 5097; x_wconf 88' lang='lat' dir='ltr'><strong>qui</strong></span> <span class='ocrx_word' id='word_1_421' title='bbox 1129 5023 1397 5080; x_wconf 89' lang='lat' dir='ltr'><strong>similiter</strong></span> <span class='ocrx_word' id='word_1_422' title='bbox 1417 5024 1713 5098; x_wconf 87' lang='lat' dir='ltr'><strong>perfectus</strong></span> <span class='ocrx_word' id='word_1_423' title='bbox 1728 5041 1857 5081; x_wconf 89' lang='lat' dir='ltr'><strong>esse</strong></span> <span class='ocrx_word' id='word_1_424' title='bbox 1879 5041 2169 5081; x_wconf 91' lang='lat' dir='ltr'><strong>numerus</strong></span> 
     </span>
    </p>
   </div>
   <div class='ocr_carea' id='block_1_66' title="bbox 507 5111 2169 5186">
    <p class='ocr_par' dir='ltr' id='par_1_66' title="bbox 507 5111 2169 5186">
     <span class='ocr_line' id='line_1_66' title="bbox 507 5111 2169 5186; baseline 0.001 -17"><span class='ocrx_word' id='word_1_425' title='bbox 507 5111 901 5186; x_wconf 87' lang='lat' dir='ltr'><strong>protenditur,</strong></span> <span class='ocrx_word' id='word_1_426' title='bbox 931 5111 1082 5170; x_wconf 91' lang='lat' dir='ltr'><strong>terni</strong></span> <span class='ocrx_word' id='word_1_427' title='bbox 1111 5128 1285 5168; x_wconf 91' lang='lat' dir='ltr'><strong>arcus</strong></span> <span class='ocrx_word' id='word_1_428' title='bbox 1312 5113 1573 5168; x_wconf 89' lang='lat' dir='ltr'><strong>minores</strong></span> <span class='ocrx_word' id='word_1_429' title='bbox 1617 5117 1860 5186; x_wconf 90' lang='lat' dir='ltr'><strong>propter</strong></span> <span class='ocrx_word' id='word_1_430' title='bbox 1885 5113 2169 5186; x_wconf 83' lang='lat' dir='ltr'><strong>expletio-</strong></span> 
     </span>
    </p>
   </div>
   <div class='ocr_carea' id='block_1_67' title="bbox 508 5201 2165 5278">
    <p class='ocr_par' dir='ltr' id='par_1_67' title="bbox 508 5201 2165 5278">
     <span class='ocr_line' id='line_1_67' title="bbox 508 5201 2165 5278; baseline 0 -18"><span class='ocrx_word' id='word_1_431' title='bbox 508 5219 649 5260; x_wconf 89' lang='lat' dir='ltr'><strong>nem</strong></span> <span class='ocrx_word' id='word_1_432' title='bbox 675 5203 918 5278; x_wconf 87' lang='lat' dir='ltr'><strong>perfecti</strong></span> <span class='ocrx_word' id='word_1_433' title='bbox 938 5201 1174 5259; x_wconf 89' lang='lat' dir='ltr'><strong>numeri</strong></span> <span class='ocrx_word' id='word_1_434' title='bbox 1203 5217 1326 5258; x_wconf 92' lang='lat' dir='ltr'><strong>uno</strong></span> <span class='ocrx_word' id='word_1_435' title='bbox 1356 5218 1500 5259; x_wconf 89' lang='lat' dir='ltr'><strong>arcu</strong></span> <span class='ocrx_word' id='word_1_436' title='bbox 1525 5203 1742 5275; x_wconf 89' lang='lat' dir='ltr'><strong>majori</strong></span> <span class='ocrx_word' id='word_1_437' title='bbox 1769 5203 2165 5260; x_wconf 86' lang='lat' dir='ltr'><strong>continentur.</strong></span> 
     </span>
    </p>
   </div>
   <div class='ocr_carea' id='block_1_68' title="bbox 581 5327 2168 5387">
    <p class='ocr_par' dir='ltr' id='par_1_68' title="bbox 581 5327 2168 5387">
     <span class='ocr_line' id='line_1_68' title="bbox 581 5327 2168 5387; baseline -0.003 -1"><span class='ocrx_word' id='word_1_438' title='bbox 581 5331 602 5350; x_wconf 81' lang='lat'>&#39;</span> <span class='ocrx_word' id='word_1_439' title='bbox 635 5333 762 5387; x_wconf 89' lang='lat' dir='ltr'><strong>Non</strong></span> <span class='ocrx_word' id='word_1_440' title='bbox 816 5329 1116 5386; x_wconf 89' lang='lat' dir='ltr'><strong>abludunt</strong></span> <span class='ocrx_word' id='word_1_441' title='bbox 1160 5329 1495 5385; x_wconf 88' lang='lat' dir='ltr'><strong>admodum</strong></span> <span class='ocrx_word' id='word_1_442' title='bbox 1542 5327 1700 5384; x_wconf 69' lang='lat' dir='ltr'><strong>cifrze</strong></span> <span class='ocrx_word' id='word_1_443' title='bbox 1743 5327 1802 5383; x_wconf 92' lang='lat' dir='ltr'><strong>in</strong></span> <span class='ocrx_word' id='word_1_444' title='bbox 1835 5343 1946 5384; x_wconf 92' lang='lat' dir='ltr'><strong>ms.</strong></span> <span class='ocrx_word' id='word_1_445' title='bbox 1977 5327 2168 5384; x_wconf 89' lang='lat' dir='ltr'><strong>abhis</strong></span> 
     </span>
    </p>
   </div>
   <div class='ocr_carea' id='block_1_69' title="bbox 509 5400 2158 5466">
    <p class='ocr_par' dir='ltr' id='par_1_69' title="bbox 509 5400 2158 5466">
     <span class='ocr_line' id='line_1_69' title="bbox 509 5400 2158 5466; baseline -0.002 -11"><span class='ocrx_word' id='word_1_446' title='bbox 509 5401 801 5466; x_wconf 79' lang='lat' dir='ltr'><strong>Arabicis,</strong></span> <span class='ocrx_word' id='word_1_447' title='bbox 824 5407 1060 5458; x_wconf 90' lang='lat' dir='ltr'><strong>tantum</strong></span> <span class='ocrx_word' id='word_1_448' title='bbox 1083 5402 1142 5456; x_wconf 88' lang='lat' dir='ltr'><strong>in</strong></span> <span class='ocrx_word' id='word_1_449' title='bbox 1165 5401 1458 5456; x_wconf 91' lang='lat' dir='ltr'><strong>ductuum</strong></span> <span class='ocrx_word' id='word_1_450' title='bbox 1481 5400 1793 5454; x_wconf 83' lang='lat' dir='ltr'><strong>varietate:</strong></span> <span class='ocrx_word' id='word_1_451' title='bbox 1827 5415 2114 5454; x_wconf 87' lang='lat' dir='ltr'><strong>numerus</strong></span> <span class='ocrx_word' id='word_1_452' title='bbox 2140 5403 2158 5453; x_wconf 88' lang='lat' dir='ltr'><strong>l</strong></span> 
     </span>
    </p>
   </div>
   <div class='ocr_carea' id='block_1_70' title="bbox 511 5469 2164 5546">
    <p class='ocr_par' dir='ltr' id='par_1_70' title="bbox 511 5469 2164 5546">
     <span class='ocr_line' id='line_1_70' title="bbox 511 5469 2164 5546; baseline -0.001 -22"><span class='ocrx_word' id='word_1_453' title='bbox 511 5471 660 5546; x_wconf 75' lang='lat' dir='ltr'><strong>nihil</strong></span> <span class='ocrx_word' id='word_1_454' title='bbox 689 5472 911 5546; x_wconf 86' lang='lat' dir='ltr'><strong>dill&#39;ert;</strong></span> <span class='ocrx_word' id='word_1_455' title='bbox 943 5479 976 5528; x_wconf 80' lang='lat'><strong>2</strong></span> <span class='ocrx_word' id='word_1_456' title='bbox 1016 5476 1056 5528; x_wconf 93' lang='lat' dir='ltr'><strong>T</strong></span> <span class='ocrx_word' id='word_1_457' title='bbox 1104 5475 1490 5546; x_wconf 68' lang='lat' dir='ltr'><strong>repraesentat</strong></span> <span class='ocrx_word' id='word_1_458' title='bbox 1519 5487 1656 5526; x_wconf 92' lang='lat' dir='ltr'><strong>cum</strong></span> <span class='ocrx_word' id='word_1_459' title='bbox 1706 5469 2076 5546; x_wconf 73' lang='lat' dir='ltr'><strong>semicirculo</strong></span> <span class='ocrx_word' id='word_1_460' title='bbox 2107 5469 2164 5546; x_wconf 81' lang='lat' dir='ltr'><strong>in</strong></span> 
     </span>
    </p>
   </div>
   <div class='ocr_carea' id='block_1_71' title="bbox 511 5539 2166 5612">
    <p class='ocr_par' dir='ltr' id='par_1_71' title="bbox 511 5539 2166 5612">
     <span class='ocr_line' id='line_1_71' title="bbox 511 5539 2166 5612; baseline -0.001 -16"><span class='ocrx_word' id='word_1_461' title='bbox 511 5541 755 5609; x_wconf 80' lang='lat' dir='ltr'><strong>dextra;</strong></span> <span class='ocrx_word' id='word_1_462' title='bbox 785 5549 814 5597; x_wconf 90' lang='lat'>3</span> <span class='ocrx_word' id='word_1_463' title='bbox 857 5545 1054 5612; x_wconf 83' lang='lat' dir='ltr'><strong>sigma</strong></span> <span class='ocrx_word' id='word_1_464' title='bbox 1106 5539 1375 5598; x_wconf 61' lang='lat' dir='ltr'><strong>Gfrucum</strong></span> <span class='ocrx_word' id='word_1_465' title='bbox 1435 5557 1572 5596; x_wconf 88' lang='lat' dir='ltr'><strong>cum</strong></span> <span class='ocrx_word' id='word_1_466' title='bbox 1620 5539 1881 5612; x_wconf 85' lang='lat' dir='ltr'><strong>caudula</strong></span> <span class='ocrx_word' id='word_1_467' title='bbox 1908 5541 1970 5595; x_wconf 89' lang='lat' dir='ltr'><strong>in</strong></span> <span class='ocrx_word' id='word_1_468' title='bbox 1997 5557 2061 5612; x_wconf 91' lang='lat' dir='ltr'><strong>se</strong></span> <span class='ocrx_word' id='word_1_469' title='bbox 2089 5541 2166 5596; x_wconf 85' lang='lat' dir='ltr'><strong>ad</strong></span> 
     </span>
    </p>
   </div>
   <div class='ocr_carea' id='block_1_72' title="bbox 511 5611 2175 5682">
    <p class='ocr_par' dir='ltr' id='par_1_72' title="bbox 511 5611 2175 5682">
     <span class='ocr_line' id='line_1_72' title="bbox 511 5611 2175 5682; baseline 0 -14"><span class='ocrx_word' id='word_1_470' title='bbox 511 5611 787 5670; x_wconf 84' lang='lat' dir='ltr'><strong>dextram</strong></span> <span class='ocrx_word' id='word_1_471' title='bbox 801 5611 1112 5682; x_wconf 85' lang='lat' dir='ltr'><strong>conversa;</strong></span> <span class='ocrx_word' id='word_1_472' title='bbox 1127 5618 1158 5670; x_wconf 80' lang='grc'><strong>4</strong></span> <span class='ocrx_word' id='word_1_473' title='bbox 1178 5613 1498 5670; x_wconf 88' lang='lat' dir='ltr'><strong>dimidium</strong></span> <span class='ocrx_word' id='word_1_474' title='bbox 1513 5611 1890 5668; x_wconf 91' lang='lat' dir='ltr'><strong>octonarium</strong></span> <span class='ocrx_word' id='word_1_475' title='bbox 1906 5611 2175 5668; x_wconf 86' lang='lat' dir='ltr'><strong>horizon-</strong></span> 
     </span>
    </p>
   </div>
   <div class='ocr_carea' id='block_1_73' title="bbox 2266 2963 3930 3036">
    <p class='ocr_par' dir='ltr' id='par_1_73' title="bbox 2266 2963 3930 3036">
     <span class='ocr_line' id='line_1_73' title="bbox 2266 2963 3930 3036; baseline -0.004 -10"><span class='ocrx_word' id='word_1_476' title='bbox 2266 2971 2380 3026; x_wconf 91' lang='lat' dir='ltr'><strong>cito</strong></span> <span class='ocrx_word' id='word_1_477' title='bbox 2405 2969 2704 3036; x_wconf 89' lang='lat' dir='ltr'><strong>invenias;</strong></span> <span class='ocrx_word' id='word_1_478' title='bbox 2738 2969 2788 3024; x_wconf 89' lang='lat' dir='ltr'><strong>si</strong></span> <span class='ocrx_word' id='word_1_479' title='bbox 2824 2967 2984 3024; x_wconf 89' lang='lat' dir='ltr'><strong>enim</strong></span> <span class='ocrx_word' id='word_1_480' title='bbox 3016 2965 3175 3022; x_wconf 92' lang='lat' dir='ltr'><strong>mille</strong></span> <span class='ocrx_word' id='word_1_481' title='bbox 3232 2969 3470 3022; x_wconf 89' lang='lat' dir='ltr'><strong>centum</strong></span> <span class='ocrx_word' id='word_1_482' title='bbox 3521 2963 3712 3020; x_wconf 89' lang='lat' dir='ltr'><strong>millia</strong></span> <span class='ocrx_word' id='word_1_483' title='bbox 3763 2964 3930 3020; x_wconf 78' lang='lat' dir='ltr'><strong>inve-</strong></span> 
     </span>
    </p>
   </div>
   <div class='ocr_carea' id='block_1_74' title="bbox 2265 3053 3928 3131">
    <p class='ocr_par' dir='ltr' id='par_1_74' title="bbox 2265 3053 3928 3131">
     <span class='ocr_line' id='line_1_74' title="bbox 2265 3053 3928 3131; baseline -0.005 -15"><span class='ocrx_word' id='word_1_484' title='bbox 2265 3059 2393 3116; x_wconf 90' lang='lat' dir='ltr'><strong>nire</strong></span> <span class='ocrx_word' id='word_1_485' title='bbox 2419 3059 2608 3131; x_wconf 92' lang='lat' dir='ltr'><strong>cupis,</strong></span> <span class='ocrx_word' id='word_1_486' title='bbox 2631 3057 2855 3114; x_wconf 87' lang='lat' dir='ltr'><strong>unitate</strong></span> <span class='ocrx_word' id='word_1_487' title='bbox 2882 3057 3076 3130; x_wconf 90' lang='lat' dir='ltr'><strong>posita</strong></span> <span class='ocrx_word' id='word_1_488' title='bbox 3131 3056 3193 3112; x_wconf 89' lang='lat' dir='ltr'><strong>in</strong></span> <span class='ocrx_word' id='word_1_489' title='bbox 3219 3053 3450 3112; x_wconf 88' lang='lat' dir='ltr'><strong>eisdem</strong></span> <span class='ocrx_word' id='word_1_490' title='bbox 3473 3053 3746 3112; x_wconf 88' lang='lat' dir='ltr'><strong>arcubus</strong></span> <span class='ocrx_word' id='word_1_491' title='bbox 3805 3054 3928 3108; x_wconf 89' lang='lat' dir='ltr'><strong>sine</strong></span> 
     </span>
    </p>
   </div>
   <div class='ocr_carea' id='block_1_75' title="bbox 2267 3147 2745 3220">
    <p class='ocr_par' dir='ltr' id='par_1_75' title="bbox 2267 3147 2745 3220">
     <span class='ocr_line' id='line_1_75' title="bbox 2267 3147 2745 3220; baseline -0.006 -15"><span class='ocrx_word' id='word_1_492' title='bbox 2267 3165 2439 3205; x_wconf 89' lang='lat' dir='ltr'><strong>mora</strong></span> <span class='ocrx_word' id='word_1_493' title='bbox 2463 3147 2745 3220; x_wconf 89' lang='lat' dir='ltr'><strong>reperies.</strong></span> 
     </span>
    </p>
   </div>
   <div class='ocr_carea' id='block_1_76' title="bbox 2340 3232 3930 3308">
    <p class='ocr_par' dir='ltr' id='par_1_76' title="bbox 2340 3232 3930 3308">
     <span class='ocr_line' id='line_1_76' title="bbox 2340 3232 3930 3308; baseline -0.005 -13"><span class='ocrx_word' id='word_1_494' title='bbox 2340 3242 2459 3295; x_wconf 86' lang='lat' dir='ltr'><strong>Hoc</strong></span> <span class='ocrx_word' id='word_1_495' title='bbox 2488 3243 2689 3295; x_wconf 90' lang='lat' dir='ltr'><strong>autem</strong></span> <span class='ocrx_word' id='word_1_496' title='bbox 2716 3237 3027 3308; x_wconf 84' lang='lat' dir='ltr'><strong>diligenter</strong></span> <span class='ocrx_word' id='word_1_497' title='bbox 3049 3235 3386 3302; x_wconf 88' lang='lat' dir='ltr'><strong>considera,</strong></span> <span class='ocrx_word' id='word_1_498' title='bbox 3417 3232 3584 3307; x_wconf 90' lang='lat' dir='ltr'><strong>quod</strong></span> <span class='ocrx_word' id='word_1_499' title='bbox 3625 3232 3930 3306; x_wconf 85' lang='lat' dir='ltr'><strong>quidquid</strong></span> 
     </span>
    </p>
   </div>
   <div class='ocr_carea' id='block_1_77' title="bbox 2269 3321 3928 3398">
    <p class='ocr_par' dir='ltr' id='par_1_77' title="bbox 2269 3321 3928 3398">
     <span class='ocr_line' id='line_1_77' title="bbox 2269 3321 3928 3398; baseline -0.005 -12"><span class='ocrx_word' id='word_1_500' title='bbox 2269 3329 2424 3386; x_wconf 87' lang='lat' dir='ltr'><strong>infra</strong></span> <span class='ocrx_word' id='word_1_501' title='bbox 2450 3331 2490 3384; x_wconf 86' lang='lat' dir='ltr'><strong><em>X</em></strong></span> <span class='ocrx_word' id='word_1_502' title='bbox 2517 3333 2624 3396; x_wconf 90' lang='lat' dir='ltr'><strong>est,</strong></span> <span class='ocrx_word' id='word_1_503' title='bbox 2655 3327 2874 3398; x_wconf 86' lang='lat' dir='ltr'><strong>digitus</strong></span> <span class='ocrx_word' id='word_1_504' title='bbox 2903 3329 3172 3398; x_wconf 86' lang='lat' dir='ltr'><strong>vocatur.</strong></span> <span class='ocrx_word' id='word_1_505' title='bbox 3208 3324 3380 3391; x_wconf 86' lang='lat' dir='ltr'><strong>Quod</strong></span> <span class='ocrx_word' id='word_1_506' title='bbox 3397 3339 3538 3380; x_wconf 89' lang='lat' dir='ltr'><strong>vero</strong></span> <span class='ocrx_word' id='word_1_507' title='bbox 3561 3323 3642 3378; x_wconf 91' lang='lat' dir='ltr'><strong>ad</strong></span> <span class='ocrx_word' id='word_1_508' title='bbox 3667 3326 3712 3379; x_wconf 79' lang='grc' dir='ltr'>Χ</span> <span class='ocrx_word' id='word_1_509' title='bbox 3739 3323 3838 3379; x_wconf 85' lang='lat' dir='ltr'><strong>vel</strong></span> <span class='ocrx_word' id='word_1_510' title='bbox 3857 3321 3928 3378; x_wconf 82' lang='lat' dir='ltr'><strong>ad</strong></span> 
     </span>
    </p>
   </div>
   <div class='ocr_carea' id='block_1_78' title="bbox 2271 3411 3930 3489">
    <p class='ocr_par' dir='ltr' id='par_1_78' title="bbox 2271 3411 3930 3489">
     <span class='ocr_line' id='line_1_78' title="bbox 2271 3411 3930 3489; baseline -0.005 -15"><span class='ocrx_word' id='word_1_511' title='bbox 2271 3419 2534 3489; x_wconf 87' lang='lat' dir='ltr'><strong>majores</strong></span> <span class='ocrx_word' id='word_1_512' title='bbox 2561 3432 2846 3472; x_wconf 89' lang='lat' dir='ltr'><strong>numeros</strong></span> <span class='ocrx_word' id='word_1_513' title='bbox 2899 3415 3186 3488; x_wconf 90' lang='lat' dir='ltr'><strong>pervenit,</strong></span> <span class='ocrx_word' id='word_1_514' title='bbox 3213 3419 3278 3470; x_wconf 91' lang='lat' dir='ltr'><strong>ut</strong></span> <span class='ocrx_word' id='word_1_515' title='bbox 3299 3417 3388 3470; x_wconf 88' lang='lat' dir='ltr'><strong>est</strong></span> <span class='ocrx_word' id='word_1_516' title='bbox 3414 3416 3518 3482; x_wconf 82' lang='lat' dir='ltr'><strong>XX,</strong></span> <span class='ocrx_word' id='word_1_517' title='bbox 3545 3415 3700 3482; x_wconf 81' lang='lat' dir='ltr'><strong>XXX,</strong></span> <span class='ocrx_word' id='word_1_518' title='bbox 3735 3413 3844 3478; x_wconf 79' lang='lat' dir='ltr'><strong>XL,</strong></span> <span class='ocrx_word' id='word_1_519' title='bbox 3871 3411 3930 3466; x_wconf 90' lang='lat' dir='ltr'><strong>in</strong></span> 
     </span>
    </p>
   </div>
   <div class='ocr_carea' id='block_1_79' title="bbox 2267 3504 3246 3578">
    <p class='ocr_par' dir='ltr' id='par_1_79' title="bbox 2267 3504 3246 3578">
     <span class='ocr_line' id='line_1_79' title="bbox 2267 3504 3246 3578; baseline -0.005 -14"><span class='ocrx_word' id='word_1_520' title='bbox 2267 3508 2383 3564; x_wconf 88' lang='lat' dir='ltr'><strong>hac</strong></span> <span class='ocrx_word' id='word_1_521' title='bbox 2420 3511 2544 3564; x_wconf 89' lang='lat' dir='ltr'><strong>arte</strong></span> <span class='ocrx_word' id='word_1_522' title='bbox 2575 3505 2860 3562; x_wconf 90' lang='lat' dir='ltr'><strong>articulus</strong></span> <span class='ocrx_word' id='word_1_523' title='bbox 2891 3504 3246 3578; x_wconf 89' lang='lat' dir='ltr'><strong>appellatur.</strong></span> 
     </span>
    </p>
   </div>
   <div class='ocr_carea' id='block_1_80' title="bbox 2339 3593 3924 3666">
    <p class='ocr_par' dir='ltr' id='par_1_80' title="bbox 2339 3593 3924 3666">
     <span class='ocr_line' id='line_1_80' title="bbox 2339 3593 3924 3666; baseline -0.003 -16"><span class='ocrx_word' id='word_1_524' title='bbox 2339 3597 2474 3654; x_wconf 89' lang='lat' dir='ltr'><strong>Jam</strong></span> <span class='ocrx_word' id='word_1_525' title='bbox 2546 3595 2626 3652; x_wconf 88' lang='lat' dir='ltr'><strong>ad</strong></span> <span class='ocrx_word' id='word_1_526' title='bbox 2691 3595 3064 3652; x_wconf 88' lang='lat' dir='ltr'><strong>characteres</strong></span> <span class='ocrx_word' id='word_1_527' title='bbox 3111 3593 3524 3666; x_wconf 87' lang='lat' dir='ltr'><strong>disponendos</strong></span> <span class='ocrx_word' id='word_1_528' title='bbox 3585 3594 3924 3649; x_wconf 83' lang='lat' dir='ltr'><strong>veniamus.</strong></span> 
     </span>
    </p>
   </div>
   <div class='ocr_carea' id='block_1_81' title="bbox 2272 3680 3930 3757">
    <p class='ocr_par' dir='ltr' id='par_1_81' title="bbox 2272 3680 3930 3757">
     <span class='ocr_line' id='line_1_81' title="bbox 2272 3680 3930 3757; baseline -0.004 -16"><span class='ocrx_word' id='word_1_529' title='bbox 2272 3684 2576 3757; x_wconf 87' lang='lat' dir='ltr'><strong>Quidquid</strong></span> <span class='ocrx_word' id='word_1_530' title='bbox 2654 3683 3050 3756; x_wconf 88' lang='lat' dir='ltr'><strong>multiplicare</strong></span> <span class='ocrx_word' id='word_1_531' title='bbox 3126 3681 3408 3752; x_wconf 90' lang='lat' dir='ltr'><strong>volueris,</strong></span> <span class='ocrx_word' id='word_1_532' title='bbox 3487 3680 3614 3737; x_wconf 89' lang='lat' dir='ltr'><strong>sine</strong></span> <span class='ocrx_word' id='word_1_533' title='bbox 3687 3695 3930 3736; x_wconf 87' lang='lat' dir='ltr'><strong>summa</strong></span> 
     </span>
    </p>
   </div>
   <div class='ocr_carea' id='block_1_82' title="bbox 2271 3771 3930 3845">
    <p class='ocr_par' dir='ltr' id='par_1_82' title="bbox 2271 3771 3930 3845">
     <span class='ocr_line' id='line_1_82' title="bbox 2271 3771 3930 3845; baseline -0.004 -13"><span class='ocrx_word' id='word_1_534' title='bbox 2271 3781 2329 3832; x_wconf 91' lang='lat' dir='ltr'><strong>et</strong></span> <span class='ocrx_word' id='word_1_535' title='bbox 2356 3773 2752 3830; x_wconf 86' lang='lat' dir='ltr'><strong>fundamento</strong></span> <span class='ocrx_word' id='word_1_536' title='bbox 2781 3773 2976 3829; x_wconf 88' lang='lat' dir='ltr'><strong>facere</strong></span> <span class='ocrx_word' id='word_1_537' title='bbox 3027 3787 3152 3845; x_wconf 82' lang='lat' dir='ltr'><strong>non</strong></span> <span class='ocrx_word' id='word_1_538' title='bbox 3198 3771 3464 3844; x_wconf 90' lang='lat' dir='ltr'><strong>poteris;</strong></span> <span class='ocrx_word' id='word_1_539' title='bbox 3515 3771 3724 3826; x_wconf 89' lang='lat' dir='ltr'><strong>nullus</strong></span> <span class='ocrx_word' id='word_1_540' title='bbox 3771 3771 3930 3826; x_wconf 88' lang='lat' dir='ltr'><strong>enim</strong></span> 
     </span>
    </p>
   </div>
   <div class='ocr_carea' id='block_1_83' title="bbox 2271 3859 3932 3936">
    <p class='ocr_par' dir='ltr' id='par_1_83' title="bbox 2271 3859 3932 3936">
     <span class='ocr_line' id='line_1_83' title="bbox 2271 3859 3932 3936; baseline -0.004 -16"><span class='ocrx_word' id='word_1_541' title='bbox 2271 3879 2561 3921; x_wconf 89' lang='lat' dir='ltr'><strong>numerus</strong></span> <span class='ocrx_word' id='word_1_542' title='bbox 2601 3862 3052 3936; x_wconf 89' lang='lat' dir='ltr'><strong>multiplicatur,</strong></span> <span class='ocrx_word' id='word_1_543' title='bbox 3079 3861 3195 3917; x_wconf 89' lang='lat' dir='ltr'><strong>nisi</strong></span> <span class='ocrx_word' id='word_1_544' title='bbox 3222 3865 3496 3934; x_wconf 89' lang='lat' dir='ltr'><strong>respectu</strong></span> <span class='ocrx_word' id='word_1_545' title='bbox 3527 3859 3778 3916; x_wconf 87' lang='lat' dir='ltr'><strong>alterius</strong></span> <span class='ocrx_word' id='word_1_546' title='bbox 3807 3875 3932 3932; x_wconf 87' lang='lat' dir='ltr'><strong>per-</strong></span> 
     </span>
    </p>
   </div>
   <div class='ocr_carea' id='block_1_84' title="bbox 2271 3949 3930 4026">
    <p class='ocr_par' dir='ltr' id='par_1_84' title="bbox 2271 3949 3930 4026">
     <span class='ocr_line' id='line_1_84' title="bbox 2271 3949 3930 4026; baseline -0.004 -17"><span class='ocrx_word' id='word_1_547' title='bbox 2271 3951 2589 4026; x_wconf 88' lang='lat' dir='ltr'><strong>pendatur.</strong></span> <span class='ocrx_word' id='word_1_548' title='bbox 2645 3954 2894 4008; x_wconf 90' lang='lat' dir='ltr'><strong>Summa</strong></span> <span class='ocrx_word' id='word_1_549' title='bbox 2941 3955 3212 4020; x_wconf 89' lang='lat' dir='ltr'><strong>vocatur,</strong></span> <span class='ocrx_word' id='word_1_550' title='bbox 3256 3949 3422 4023; x_wconf 94' lang='lat' dir='ltr'><strong>quod</strong></span> <span class='ocrx_word' id='word_1_551' title='bbox 3466 3949 3530 4005; x_wconf 90' lang='lat' dir='ltr'><strong>in</strong></span> <span class='ocrx_word' id='word_1_552' title='bbox 3588 3949 3930 4004; x_wconf 84' lang='lat' dir='ltr'><strong>summitate</strong></span> 
     </span>
    </p>
   </div>
   <div class='ocr_carea' id='block_1_85' title="bbox 2273 4038 3938 4112">
    <p class='ocr_par' dir='ltr' id='par_1_85' title="bbox 2273 4038 3938 4112">
     <span class='ocr_line' id='line_1_85' title="bbox 2273 4038 3938 4112; baseline -0.004 -12"><span class='ocrx_word' id='word_1_553' title='bbox 2273 4059 2564 4111; x_wconf 89' lang='lat' dir='ltr'><strong>arcuum;</strong></span> <span class='ocrx_word' id='word_1_554' title='bbox 2631 4041 3096 4098; x_wconf 86' lang='lat' dir='ltr'><strong>fundamentum</strong></span> <span class='ocrx_word' id='word_1_555' title='bbox 3180 4045 3404 4112; x_wconf 91' lang='lat' dir='ltr'><strong>autem,</strong></span> <span class='ocrx_word' id='word_1_556' title='bbox 3469 4038 3776 4112; x_wconf 87' lang='lat' dir='ltr'><strong>quidquid</strong></span> <span class='ocrx_word' id='word_1_557' title='bbox 3855 4039 3938 4094; x_wconf 82' lang='lat' dir='ltr'><strong>in-</strong></span> 
     </span>
    </p>
   </div>
   <div class='ocr_carea' id='block_1_86' title="bbox 2273 4130 3938 4206">
    <p class='ocr_par' dir='ltr' id='par_1_86' title="bbox 2273 4130 3938 4206">
     <span class='ocr_line' id='line_1_86' title="bbox 2273 4130 3938 4206; baseline -0.004 -16"><span class='ocrx_word' id='word_1_558' title='bbox 2273 4134 2452 4190; x_wconf 88' lang='lat' dir='ltr'><strong>ferius</strong></span> <span class='ocrx_word' id='word_1_559' title='bbox 2503 4133 2860 4206; x_wconf 89' lang='lat' dir='ltr'><strong>disponitur.</strong></span> <span class='ocrx_word' id='word_1_560' title='bbox 2915 4135 2981 4187; x_wconf 90' lang='lat' dir='ltr'><strong>Et</strong></span> <span class='ocrx_word' id='word_1_561' title='bbox 3035 4130 3202 4203; x_wconf 90' lang='lat' dir='ltr'><strong>quod</strong></span> <span class='ocrx_word' id='word_1_562' title='bbox 3249 4146 3323 4186; x_wconf 85' lang='lat' dir='ltr'><strong>ex</strong></span> <span class='ocrx_word' id='word_1_563' title='bbox 3373 4134 3628 4202; x_wconf 90' lang='lat' dir='ltr'><strong>utroque</strong></span> <span class='ocrx_word' id='word_1_564' title='bbox 3683 4143 3938 4184; x_wconf 88' lang='lat' dir='ltr'><strong>numero</strong></span> 
     </span>
    </p>
   </div>
   <div class='ocr_carea' id='block_1_87' title="bbox 2199 4217 3936 4303">
    <p class='ocr_par' dir='ltr' id='par_1_87' title="bbox 2199 4217 3936 4303">
     <span class='ocr_line' id='line_1_87' title="bbox 2199 4217 3936 4303; baseline -0.007 -23"><span class='ocrx_word' id='word_1_565' title='bbox 2199 4249 2240 4303; x_wconf 77' lang='grc' dir='ltr'><strong>ι)</strong></span> <span class='ocrx_word' id='word_1_566' title='bbox 2272 4221 2544 4296; x_wconf 90' lang='lat' dir='ltr'><strong>procedit</strong></span> <span class='ocrx_word' id='word_1_567' title='bbox 2597 4220 3011 4294; x_wconf 87' lang='lat' dir='ltr'><strong>multiplicato,</strong></span> <span class='ocrx_word' id='word_1_568' title='bbox 3045 4220 3198 4276; x_wconf 90' lang='lat' dir='ltr'><strong>inter</strong></span> <span class='ocrx_word' id='word_1_569' title='bbox 3239 4219 3394 4275; x_wconf 89' lang='lat' dir='ltr'><strong>duas</strong></span> <span class='ocrx_word' id='word_1_570' title='bbox 3427 4217 3616 4274; x_wconf 88' lang='lat' dir='ltr'><strong>lineas</strong></span> <span class='ocrx_word' id='word_1_571' title='bbox 3671 4218 3936 4290; x_wconf 85' lang='lat' dir='ltr'><strong>ponitur.</strong></span> 
     </span>
    </p>
   </div>
   <div class='ocr_carea' id='block_1_88' title="bbox 2273 4307 3942 4385">
    <p class='ocr_par' dir='ltr' id='par_1_88' title="bbox 2273 4307 3942 4385">
     <span class='ocr_line' id='line_1_88' title="bbox 2273 4307 3942 4385; baseline -0.004 -16"><span class='ocrx_word' id='word_1_572' title='bbox 2273 4312 2448 4370; x_wconf 83' lang='lat' dir='ltr'><strong>Verbi</strong></span> <span class='ocrx_word' id='word_1_573' title='bbox 2473 4311 2667 4383; x_wconf 89' lang='lat' dir='ltr'><strong>gratia</strong></span> <span class='ocrx_word' id='word_1_574' title='bbox 2685 4327 2843 4385; x_wconf 91' lang='lat' dir='ltr'><strong>pone</strong></span> <span class='ocrx_word' id='word_1_575' title='bbox 2871 4312 2922 4383; x_wconf 85' lang='lat'><strong>5</strong></span> <span class='ocrx_word' id='word_1_576' title='bbox 2955 4313 3012 4366; x_wconf 93' lang='lat' dir='ltr'><strong>et</strong></span> <span class='ocrx_word' id='word_1_577' title='bbox 3029 4310 3097 4366; x_wconf 88' lang='lat' dir='ltr'><strong>ﬁt</strong></span> <span class='ocrx_word' id='word_1_578' title='bbox 3127 4325 3367 4366; x_wconf 90' lang='lat' dir='ltr'><strong>summa</strong></span> <span class='ocrx_word' id='word_1_579' title='bbox 3391 4309 3454 4364; x_wconf 91' lang='lat' dir='ltr'><strong>in</strong></span> <span class='ocrx_word' id='word_1_580' title='bbox 3475 4307 3772 4379; x_wconf 87' lang='lat' dir='ltr'><strong>singulari</strong></span> <span class='ocrx_word' id='word_1_581' title='bbox 3797 4323 3942 4363; x_wconf 88' lang='lat' dir='ltr'><strong>arcu</strong></span> 
     </span>
    </p>
   </div>
   <div class='ocr_carea' id='block_1_89' title="bbox 2275 4397 3946 4476">
    <p class='ocr_par' dir='ltr' id='par_1_89' title="bbox 2275 4397 3946 4476">
     <span class='ocr_line' id='line_1_89' title="bbox 2275 4397 3946 4476; baseline -0.004 -17"><span class='ocrx_word' id='word_1_582' title='bbox 2275 4405 2326 4475; x_wconf 85' lang='grc'><em>’1</em></span> <span class='ocrx_word' id='word_1_583' title='bbox 2364 4419 2474 4476; x_wconf 89' lang='lat' dir='ltr'><strong>pro</strong></span> <span class='ocrx_word' id='word_1_584' title='bbox 2524 4401 2919 4457; x_wconf 87' lang='lat' dir='ltr'><strong>fundamento</strong></span> <span class='ocrx_word' id='word_1_585' title='bbox 2967 4399 3198 4456; x_wconf 89' lang='lat' dir='ltr'><strong>habeas</strong></span> <span class='ocrx_word' id='word_1_586' title='bbox 3227 4399 3286 4454; x_wconf 90' lang='lat' dir='ltr'><strong>in</strong></span> <span class='ocrx_word' id='word_1_587' title='bbox 3329 4398 3564 4455; x_wconf 89' lang='lat' dir='ltr'><strong>eodem.</strong></span> <span class='ocrx_word' id='word_1_588' title='bbox 3601 4397 3776 4464; x_wconf 87' lang='lat' dir='ltr'><strong>Vide,</strong></span> <span class='ocrx_word' id='word_1_589' title='bbox 3801 4397 3946 4470; x_wconf 85' lang='lat' dir='ltr'><strong>quia</strong></span> 
     </span>
    </p>
   </div>
   <div class='ocr_carea' id='block_1_90' title="bbox 2275 4487 3944 4560">
    <p class='ocr_par' dir='ltr' id='par_1_90' title="bbox 2275 4487 3944 4560">
     <span class='ocr_line' id='line_1_90' title="bbox 2275 4487 3944 4560; baseline -0.004 -12"><span class='ocrx_word' id='word_1_590' title='bbox 2275 4493 2372 4550; x_wconf 90' lang='lat' dir='ltr'><strong>isti</strong></span> <span class='ocrx_word' id='word_1_591' title='bbox 2397 4493 2519 4548; x_wconf 91' lang='lat' dir='ltr'><strong>duo</strong></span> <span class='ocrx_word' id='word_1_592' title='bbox 2563 4491 2800 4548; x_wconf 89' lang='lat' dir='ltr'><strong>numeri</strong></span> <span class='ocrx_word' id='word_1_593' title='bbox 2829 4490 2981 4546; x_wconf 89' lang='lat' dir='ltr'><strong>sicut</strong></span> <span class='ocrx_word' id='word_1_594' title='bbox 3015 4506 3226 4546; x_wconf 89' lang='lat' dir='ltr'><strong>omnes</strong></span> <span class='ocrx_word' id='word_1_595' title='bbox 3271 4488 3370 4545; x_wconf 90' lang='lat' dir='ltr'><strong>alii</strong></span> <span class='ocrx_word' id='word_1_596' title='bbox 3407 4492 3548 4545; x_wconf 90' lang='lat' dir='ltr'><strong>sunt</strong></span> <span class='ocrx_word' id='word_1_597' title='bbox 3599 4487 3900 4560; x_wconf 83' lang='lat' dir='ltr'><strong>reciproci</strong></span> <span class='ocrx_word' id='word_1_598' title='bbox 3931 4505 3944 4550; x_wconf 87' lang='lat'><strong>;</strong></span> 
     </span>
    </p>
   </div>
   <div class='ocr_carea' id='block_1_91' title="bbox 2277 4577 3948 4652">
    <p class='ocr_par' dir='ltr' id='par_1_91' title="bbox 2277 4577 3948 4652">
     <span class='ocr_line' id='line_1_91' title="bbox 2277 4577 3948 4652; baseline -0.004 -14"><span class='ocrx_word' id='word_1_599' title='bbox 2277 4583 2400 4640; x_wconf 91' lang='lat' dir='ltr'><strong>sive</strong></span> <span class='ocrx_word' id='word_1_600' title='bbox 2456 4582 2617 4638; x_wconf 89' lang='lat' dir='ltr'><strong>enim</strong></span> <span class='ocrx_word' id='word_1_601' title='bbox 2669 4581 2835 4636; x_wconf 90' lang='lat' dir='ltr'><strong>dicas</strong></span> <span class='ocrx_word' id='word_1_602' title='bbox 2887 4579 3207 4652; x_wconf 88' lang='lat' dir='ltr'><strong>quinquies</strong></span> <span class='ocrx_word' id='word_1_603' title='bbox 3261 4583 3510 4652; x_wconf 87' lang='lat' dir='ltr'><strong>septem,</strong></span> <span class='ocrx_word' id='word_1_604' title='bbox 3557 4593 3664 4634; x_wconf 89' lang='lat' dir='ltr'><strong>seu</strong></span> <span class='ocrx_word' id='word_1_605' title='bbox 3725 4577 3948 4650; x_wconf 84' lang='lat' dir='ltr'><strong>septies</strong></span> 
     </span>
    </p>
   </div>
   <div class='ocr_carea' id='block_1_92' title="bbox 2275 4667 3952 4745">
    <p class='ocr_par' dir='ltr' id='par_1_92' title="bbox 2275 4667 3952 4745">
     <span class='ocr_line' id='line_1_92' title="bbox 2275 4667 3952 4745; baseline -0.004 -17"><span class='ocrx_word' id='word_1_606' title='bbox 2275 4672 2564 4745; x_wconf 91' lang='lat' dir='ltr'><strong>quinque,</strong></span> <span class='ocrx_word' id='word_1_607' title='bbox 2633 4669 2796 4726; x_wconf 91' lang='lat' dir='ltr'><strong>idem</strong></span> <span class='ocrx_word' id='word_1_608' title='bbox 2851 4667 3166 4740; x_wconf 87' lang='lat' dir='ltr'><strong>signiﬁcat,</strong></span> <span class='ocrx_word' id='word_1_609' title='bbox 3219 4672 3278 4724; x_wconf 91' lang='lat' dir='ltr'><strong>et</strong></span> <span class='ocrx_word' id='word_1_610' title='bbox 3327 4667 3556 4724; x_wconf 84' lang='lat' dir='ltr'><strong>faciunt</strong></span> <span class='ocrx_word' id='word_1_611' title='bbox 3617 4668 3820 4724; x_wconf 76' lang='lat' dir='ltr'><strong>XXXV.</strong></span> <span class='ocrx_word' id='word_1_612' title='bbox 3889 4669 3952 4722; x_wconf 86' lang='lat' dir='ltr'><strong>Et</strong></span> 
     </span>
    </p>
   </div>
   <div class='ocr_carea' id='block_1_93' title="bbox 2277 4754 3950 4834">
    <p class='ocr_par' dir='ltr' id='par_1_93' title="bbox 2277 4754 3950 4834">
     <span class='ocr_line' id='line_1_93' title="bbox 2277 4754 3950 4834; baseline -0.004 -18"><span class='ocrx_word' id='word_1_613' title='bbox 2277 4761 2445 4834; x_wconf 91' lang='lat' dir='ltr'><strong>quod</strong></span> <span class='ocrx_word' id='word_1_614' title='bbox 2469 4759 2544 4815; x_wconf 92' lang='lat' dir='ltr'><strong>de</strong></span> <span class='ocrx_word' id='word_1_615' title='bbox 2574 4757 3065 4830; x_wconf 89' lang='lat' dir='ltr'><strong>multiplicatione</strong></span> <span class='ocrx_word' id='word_1_616' title='bbox 3096 4755 3404 4828; x_wconf 89' lang='lat' dir='ltr'><strong>collegisti,</strong></span> <span class='ocrx_word' id='word_1_617' title='bbox 3447 4757 3564 4812; x_wconf 92' lang='lat' dir='ltr'><strong>hoc</strong></span> <span class='ocrx_word' id='word_1_618' title='bbox 3611 4754 3804 4811; x_wconf 89' lang='lat' dir='ltr'><strong>modo</strong></span> <span class='ocrx_word' id='word_1_619' title='bbox 3835 4755 3950 4810; x_wconf 85' lang='lat' dir='ltr'><strong>dis-</strong></span> 
     </span>
    </p>
   </div>
   <div class='ocr_carea' id='block_1_94' title="bbox 2278 4842 3948 4922">
    <p class='ocr_par' dir='ltr' id='par_1_94' title="bbox 2278 4842 3948 4922">
     <span class='ocr_line' id='line_1_94' title="bbox 2278 4842 3948 4922; baseline -0.004 -17"><span class='ocrx_word' id='word_1_620' title='bbox 2278 4863 2474 4922; x_wconf 90' lang='lat' dir='ltr'><strong>ponas</strong></span> <span class='ocrx_word' id='word_1_621' title='bbox 2499 4865 2510 4902; x_wconf 92' lang='lat'>:</span> <span class='ocrx_word' id='word_1_622' title='bbox 2541 4846 2860 4916; x_wconf 90' lang='lat' dir='ltr'><strong>singularis</strong></span> <span class='ocrx_word' id='word_1_623' title='bbox 2883 4861 3062 4902; x_wconf 89' lang='lat' dir='ltr'><strong>arcus</strong></span> <span class='ocrx_word' id='word_1_624' title='bbox 3087 4860 3536 4918; x_wconf 86' lang='lat' dir='ltr'><strong>quemcumque</strong></span> <span class='ocrx_word' id='word_1_625' title='bbox 3557 4842 3948 4918; x_wconf 86' lang='lat' dir='ltr'><strong>multiplicat,</strong></span> 
     </span>
    </p>
   </div>
   <div class='ocr_carea' id='block_1_95' title="bbox 2277 4932 3948 5010">
    <p class='ocr_par' dir='ltr' id='par_1_95' title="bbox 2277 4932 3948 5010">
     <span class='ocr_line' id='line_1_95' title="bbox 2277 4932 3948 5010; baseline -0.004 -16"><span class='ocrx_word' id='word_1_626' title='bbox 2277 4938 2338 4994; x_wconf 90' lang='lat' dir='ltr'><strong>in</strong></span> <span class='ocrx_word' id='word_1_627' title='bbox 2365 4937 2578 4994; x_wconf 91' lang='lat' dir='ltr'><strong>eodem</strong></span> <span class='ocrx_word' id='word_1_628' title='bbox 2610 4952 2768 5010; x_wconf 89' lang='lat' dir='ltr'><strong>pone</strong></span> <span class='ocrx_word' id='word_1_629' title='bbox 2793 4935 3050 5006; x_wconf 90' lang='lat' dir='ltr'><strong>digitum</strong></span> <span class='ocrx_word' id='word_1_630' title='bbox 3080 4935 3140 4990; x_wconf 92' lang='lat' dir='ltr'><strong>in</strong></span> <span class='ocrx_word' id='word_1_631' title='bbox 3195 4934 3538 4991; x_wconf 88' lang='lat' dir='ltr'><strong>ulteriorem</strong></span> <span class='ocrx_word' id='word_1_632' title='bbox 3595 4932 3948 5002; x_wconf 85' lang='lat' dir='ltr'><strong>articulum,</strong></span> 
     </span>
    </p>
   </div>
   <div class='ocr_carea' id='block_1_96' title="bbox 2279 5021 3950 5099">
    <p class='ocr_par' dir='ltr' id='par_1_96' title="bbox 2279 5021 3950 5099">
     <span class='ocr_line' id='line_1_96' title="bbox 2279 5021 3950 5099; baseline -0.004 -16"><span class='ocrx_word' id='word_1_633' title='bbox 2279 5031 2336 5083; x_wconf 89' lang='lat' dir='ltr'><strong>et</strong></span> <span class='ocrx_word' id='word_1_634' title='bbox 2381 5041 2540 5099; x_wconf 90' lang='lat' dir='ltr'><strong>pone</strong></span> <span class='ocrx_word' id='word_1_635' title='bbox 2577 5027 2627 5098; x_wconf 88' lang='lat'><strong>5</strong></span> <span class='ocrx_word' id='word_1_636' title='bbox 2679 5025 2740 5082; x_wconf 93' lang='lat' dir='ltr'><strong>in</strong></span> <span class='ocrx_word' id='word_1_637' title='bbox 2785 5025 3000 5080; x_wconf 91' lang='lat' dir='ltr'><strong>eodem</strong></span> <span class='ocrx_word' id='word_1_638' title='bbox 3031 5025 3084 5094; x_wconf 85' lang='lat'><strong>3</strong></span> <span class='ocrx_word' id='word_1_639' title='bbox 3133 5023 3484 5094; x_wconf 85' lang='lat' dir='ltr'><strong>ternarium,</strong></span> <span class='ocrx_word' id='word_1_640' title='bbox 3527 5022 3635 5096; x_wconf 90' lang='lat' dir='ltr'><strong>qui</strong></span> <span class='ocrx_word' id='word_1_641' title='bbox 3691 5023 3826 5078; x_wconf 74' lang='lat' dir='ltr'><strong>XXX</strong></span> <span class='ocrx_word' id='word_1_642' title='bbox 3879 5021 3950 5076; x_wconf 85' lang='lat' dir='ltr'><strong>si-</strong></span> 
     </span>
    </p>
   </div>
   <div class='ocr_carea' id='block_1_97' title="bbox 2277 5111 3948 5188">
    <p class='ocr_par' dir='ltr' id='par_1_97' title="bbox 2277 5111 3948 5188">
     <span class='ocr_line' id='line_1_97' title="bbox 2277 5111 3948 5188; baseline -0.003 -15"><span class='ocrx_word' id='word_1_643' title='bbox 2277 5115 2522 5188; x_wconf 86' lang='lat' dir='ltr'><strong>gniﬁcat</strong></span> <span class='ocrx_word' id='word_1_644' title='bbox 2551 5115 2612 5172; x_wconf 88' lang='lat' dir='ltr'><strong>in</strong></span> <span class='ocrx_word' id='word_1_645' title='bbox 2665 5115 2912 5171; x_wconf 91' lang='lat' dir='ltr'><strong>deceno.</strong></span> <span class='ocrx_word' id='word_1_646' title='bbox 2969 5114 3092 5170; x_wconf 88' lang='lat' dir='ltr'><strong>Hoc</strong></span> <span class='ocrx_word' id='word_1_647' title='bbox 3143 5117 3346 5170; x_wconf 88' lang='lat' dir='ltr'><strong>autem</strong></span> <span class='ocrx_word' id='word_1_648' title='bbox 3392 5111 3748 5168; x_wconf 90' lang='lat' dir='ltr'><strong>memoriter</strong></span> <span class='ocrx_word' id='word_1_649' title='bbox 3795 5115 3948 5168; x_wconf 86' lang='lat' dir='ltr'><strong>tene.</strong></span> 
     </span>
    </p>
   </div>
   <div class='ocr_carea' id='block_1_98' title="bbox 2279 5199 3950 5280">
    <p class='ocr_par' dir='ltr' id='par_1_98' title="bbox 2279 5199 3950 5280">
     <span class='ocr_line' id='line_1_98' title="bbox 2279 5199 3950 5280; baseline -0.004 -18"><span class='ocrx_word' id='word_1_650' title='bbox 2279 5205 2422 5280; x_wconf 89' lang='lat' dir='ltr'><strong>quia</strong></span> <span class='ocrx_word' id='word_1_651' title='bbox 2448 5203 2768 5276; x_wconf 89' lang='lat' dir='ltr'><strong>singularis</strong></span> <span class='ocrx_word' id='word_1_652' title='bbox 2829 5219 3005 5260; x_wconf 87' lang='lat' dir='ltr'><strong>arcus</strong></span> <span class='ocrx_word' id='word_1_653' title='bbox 3033 5217 3218 5276; x_wconf 90' lang='lat' dir='ltr'><strong>quem</strong></span> <span class='ocrx_word' id='word_1_654' title='bbox 3247 5218 3458 5259; x_wconf 89' lang='lat' dir='ltr'><strong>arcum</strong></span> <span class='ocrx_word' id='word_1_655' title='bbox 3499 5199 3868 5274; x_wconf 85' lang='lat' dir='ltr'><strong>multiplicat</strong></span> <span class='ocrx_word' id='word_1_656' title='bbox 3891 5199 3950 5255; x_wconf 90' lang='lat' dir='ltr'><strong>in</strong></span> 
     </span>
    </p>
   </div>
   <div class='ocr_carea' id='block_1_99' title="bbox 2279 5323 3954 5383">
    <p class='ocr_par' dir='ltr' id='par_1_99' title="bbox 2279 5323 3954 5383">
     <span class='ocr_line' id='line_1_99' title="bbox 2279 5323 3954 5383; baseline -0.003 -1"><span class='ocrx_word' id='word_1_657' title='bbox 2279 5325 2461 5383; x_wconf 91' lang='lat' dir='ltr'><strong>talem</strong></span> <span class='ocrx_word' id='word_1_658' title='bbox 2489 5329 2718 5382; x_wconf 90' lang='lat' dir='ltr'><strong>sectum</strong></span> <span class='ocrx_word' id='word_1_659' title='bbox 2749 5325 2907 5382; x_wconf 89' lang='lat' dir='ltr'><strong>linea</strong></span> <span class='ocrx_word' id='word_1_660' title='bbox 2937 5342 3076 5382; x_wconf 90' lang='lat' dir='ltr'><strong>cum</strong></span> <span class='ocrx_word' id='word_1_661' title='bbox 3107 5323 3371 5381; x_wconf 87' lang='lat' dir='ltr'><strong>caudnla</strong></span> <span class='ocrx_word' id='word_1_662' title='bbox 3425 5324 3568 5380; x_wconf 87' lang='lat' dir='ltr'><strong>item</strong></span> <span class='ocrx_word' id='word_1_663' title='bbox 3613 5325 3674 5380; x_wconf 91' lang='lat' dir='ltr'><strong>in</strong></span> <span class='ocrx_word' id='word_1_664' title='bbox 3719 5338 3784 5378; x_wconf 87' lang='lat' dir='ltr'><strong>se</strong></span> <span class='ocrx_word' id='word_1_665' title='bbox 3817 5337 3954 5379; x_wconf 86' lang='lat' dir='ltr'><strong>con-</strong></span> 
     </span>
    </p>
   </div>
   <div class='ocr_carea' id='block_1_100' title="bbox 2277 5393 3956 5470">
    <p class='ocr_par' dir='ltr' id='par_1_100' title="bbox 2277 5393 3956 5470">
     <span class='ocr_line' id='line_1_100' title="bbox 2277 5393 3956 5470; baseline -0.003 -17"><span class='ocrx_word' id='word_1_666' title='bbox 2277 5415 2485 5470; x_wconf 84' lang='lat' dir='ltr'><strong>versa;</strong></span> <span class='ocrx_word' id='word_1_667' title='bbox 2519 5403 2549 5452; x_wconf 83' lang='lat'><strong>5</strong></span> <span class='ocrx_word' id='word_1_668' title='bbox 2583 5397 2838 5453; x_wconf 86' lang='lat' dir='ltr'><strong>litteram</strong></span> <span class='ocrx_word' id='word_1_669' title='bbox 2873 5417 2944 5470; x_wconf 84' lang='grc' dir='ltr'><strong>μ;</strong></span> <span class='ocrx_word' id='word_1_670' title='bbox 2981 5403 3012 5450; x_wconf 85' lang='lat'>6</span> <span class='ocrx_word' id='word_1_671' title='bbox 3043 5397 3298 5452; x_wconf 86' lang='lat' dir='ltr'><strong>litteram</strong></span> <span class='ocrx_word' id='word_1_672' title='bbox 3325 5399 3372 5470; x_wconf 77' lang='lat' dir='ltr'><strong>_l_.</strong></span> <span class='ocrx_word' id='word_1_673' title='bbox 3399 5413 3540 5451; x_wconf 88' lang='lat' dir='ltr'><strong>cum</strong></span> <span class='ocrx_word' id='word_1_674' title='bbox 3575 5393 3956 5470; x_wconf 59' lang='lat' dir='ltr'><strong>semicirculo</strong></span> 
     </span>
    </p>
   </div>
   <div class='ocr_carea' id='block_1_101' title="bbox 2279 5465 3956 5536">
    <p class='ocr_par' dir='ltr' id='par_1_101' title="bbox 2279 5465 3956 5536">
     <span class='ocr_line' id='line_1_101' title="bbox 2279 5465 3956 5536; baseline -0.004 -10"><span class='ocrx_word' id='word_1_675' title='bbox 2279 5469 2358 5526; x_wconf 91' lang='lat' dir='ltr'><strong>ad</strong></span> <span class='ocrx_word' id='word_1_676' title='bbox 2387 5465 2662 5524; x_wconf 72' lang='lat' dir='ltr'><strong>deXtram</strong></span> <span class='ocrx_word' id='word_1_677' title='bbox 2711 5469 2770 5524; x_wconf 90' lang='lat' dir='ltr'><strong>in</strong></span> <span class='ocrx_word' id='word_1_678' title='bbox 2793 5465 2880 5525; x_wconf 59' lang='lat' dir='ltr'><strong>se&#39;</strong></span> <span class='ocrx_word' id='word_1_679' title='bbox 2907 5485 3198 5524; x_wconf 88' lang='lat' dir='ltr'><strong>converso</strong></span> <span class='ocrx_word' id='word_1_680' title='bbox 3225 5487 3236 5536; x_wconf 90' lang='lat'><strong>;</strong></span> <span class='ocrx_word' id='word_1_681' title='bbox 3270 5473 3299 5522; x_wconf 77' lang='lat'>7</span> <span class='ocrx_word' id='word_1_682' title='bbox 3325 5467 3584 5524; x_wconf 84' lang='lat' dir='ltr'><strong>litteram</strong></span> <span class='ocrx_word' id='word_1_683' title='bbox 3607 5485 3646 5522; x_wconf 70' lang='grc' dir='ltr'>Α</span> <span class='ocrx_word' id='word_1_684' title='bbox 3673 5465 3918 5522; x_wconf 78' lang='lat' dir='ltr'><strong>exhibet</strong></span> <span class='ocrx_word' id='word_1_685' title='bbox 3943 5485 3956 5526; x_wconf 85' lang='lat'><strong>;</strong></span> 
     </span>
    </p>
   </div>
   <div class='ocr_carea' id='block_1_102' title="bbox 2279 5537 3960 5608">
    <p class='ocr_par' dir='ltr' id='par_1_102' title="bbox 2279 5537 3960 5608">
     <span class='ocr_line' id='line_1_102' title="bbox 2279 5537 3960 5608; baseline -0.003 -12"><span class='ocrx_word' id='word_1_686' title='bbox 2279 5545 2309 5596; x_wconf 93' lang='grc'>8</span> <span class='ocrx_word' id='word_1_687' title='bbox 2341 5541 2490 5596; x_wconf 91' lang='lat' dir='ltr'><strong>nihil</strong></span> <span class='ocrx_word' id='word_1_688' title='bbox 2515 5540 2749 5608; x_wconf 81' lang='lat' dir='ltr'><strong>differt;</strong></span> <span class='ocrx_word' id='word_1_689' title='bbox 2805 5545 2836 5594; x_wconf 88' lang='lat'><strong>9</strong></span> <span class='ocrx_word' id='word_1_690' title='bbox 2867 5539 3094 5596; x_wconf 89' lang='lat' dir='ltr'><strong>lineola</strong></span> <span class='ocrx_word' id='word_1_691' title='bbox 3121 5544 3358 5596; x_wconf 88' lang='lat' dir='ltr'><strong>tantum</strong></span> <span class='ocrx_word' id='word_1_692' title='bbox 3401 5539 3652 5594; x_wconf 83' lang='lat' dir='ltr'><strong>inferius</strong></span> <span class='ocrx_word' id='word_1_693' title='bbox 3683 5541 3872 5594; x_wconf 56' lang='lat' dir='ltr'><strong>«lucta</strong></span> <span class='ocrx_word' id='word_1_694' title='bbox 3901 5537 3960 5591; x_wconf 88' lang='lat' dir='ltr'><strong>in</strong></span> 
     </span>
    </p>
   </div>
   <div class='ocr_carea' id='block_1_103' title="bbox 2283 5611 2755 5668">
    <p class='ocr_par' dir='ltr' id='par_1_103' title="bbox 2283 5611 2755 5668">
     <span class='ocr_line' id='line_1_103' title="bbox 2283 5611 2755 5668; baseline -0.004 0"><span class='ocrx_word' id='word_1_695' title='bbox 2283 5611 2562 5668; x_wconf 79' lang='lat' dir='ltr'><strong>dextrum</strong></span> <span class='ocrx_word' id='word_1_696' title='bbox 2579 5611 2755 5667; x_wconf 89' lang='lat' dir='ltr'><strong>latus.</strong></span> 
     </span>
    </p>
   </div>
  </div>
