4134 6114
237 121 348 176 809

1569 121 1944 178 OPUStJULA
1983 126 2076 182 DE
2115 129 2394 186 MUSICA.

3582 145 3685 200 8lO

236 241 457 337 eodem
490 238 1287 337 multiplicationenrponit;
1312 241 1583 337 'decenus
1612 243 1918 337 in_secun-
1952 253 2000 306 Α
2035 249 2110 305 de
2141 251 2388 308 articulo
2417 253 2796 325 abstrahitur,
2829 259 2889 314 in
2940 263 3204 318 secundo
3233 267 3389 320 retro
3420 266 3682 337 ponitur.

235 331 344 397 do,
378 334 664 385 centenus
690 328 754 384 in
787 327 979 395 tertio.
999 327 1282 382 millenus
1308 329 1368 384 in
1399 337 1635 402 quarto,
1660 333 1923 390 decenus

234 419 521 475 millenus
551 418 612 473 in
657 417 909 490 quinto:
962 416 1045 472 sic
1095 417 1172 471 de
1210 418 1455 475 czetcris.
1491 421 1638 477 Illud
1678 437 1923 494 quoque

235 508 418 578 scias,
451 507 594 581 quia
643 507 886 576 digitus,
921 507 1038 562 hoc
1079 510 1188 568 est,
1218 507 1416 562 omnis
1446 525 1735 567 numerus
1767 509 1924 569 infra

233 599 454 654 decem
510 597 668 653 hanc
713 595 1134 651 deﬁnitionem
1179 611 1288 666 per
1334 599 1386 668 8,
1420 600 1706 656 articulus
1757 616 1920 671 vero,

234 688 357 742 hoc
388 690 495 754 est,
526 701 820 742 numerus
850 685 1176 758 perfectus,
1209 683 1360 740 sicut
1384 689 1423 741 X
1455 693 1514 744 ct
1541 693 1644 757 XX,
1679 689 1740 745 in
1772 689 1920 746 ulte-

231 775 382 831 riori
411 792 556 832 arcu
585 779 1040 832 transmutatur.
1062 771 1369 846 Quidquid
1396 777 1795 852 multiplicare
1811 780 1921 835 ha-

232 865 373 932 bes,
402 869 699 938 quotquot
723 863 786 919 in
811 879 1054 919 summa
1077 861 1174 916 vel
1201 862 1262 916 in
1293 861 1692 924 fundamento
1721 868 1918 940 ponis,

2037 340 2168 394 Haec
2198 340 2272 394 de
2305 339 2559 414 simplici
2589 342 2881 401 divisione
2910 347 3225 407 sufﬁciant.

2485 449 2550 486 DE
2588 448 2897 490 COMPOSITA
2939 454 3226 495 DIVISIONE.

2105 519 2445 590 Composita
2475 526 2674 577 autem
2703 527 2759 578 et
2788 524 3136 598 interrupta,
3167 530 3309 601 quia
3339 547 3460 586 non
3492 546 3685 587 unum

2030 607 2286 675 tantum,
2317 607 2420 662 sed
2452 609 2651 680 plures
2681 611 2969 668 divisores
3017 614 3259 686 habent,
3283 635 3318 673 a
3350 619 3605 692 simplici
3626 621 3687 676 in

2034 695 2422 765 sequentibus
2469 698 2861 755 divisionibus
2913 701 3220 758 dissident.
3249 707 3452 762 Positis
3484 711 3688 780 itaque

2029 781 2364 839 dividendis
2389 786 2681 858 partibus,
2713 792 2768 844 et
2815 790 3151 863 prmpositis
3181 792 3558 866 divisoribus,
3593 813 3691 853 ea-

2028 871 2189 936 dem,
2223 888 2345 944 qua
2377 874 2629 948 simplex
2650 877 2891 947 divisor,
2923 881 3132 949 regula
3161 883 3448 954 ascendit,
3473 886 3579 940 sed
3601 902 3690 940 se-

233 970 273 1010 a
305 953 599 1024 singulari
620 953 912 1026 incipiens
938 967 1155 1008 omnes
1184 966 1289 1022 per
1318 953 1597 1013 ordinem
1637 956 1922 1029 multipli-
1953 961 1997 1014 B
2027 963 2278 1030 quentes
2337 961 2625 1020 divisores
2683 966 2801 1021 alio
2853 967 3038 1023 modo
3087 969 3494 1041 accipiuntur;
3547 985 3690 1024 cum

232 1058 377 1099 care
407 1057 485 1098 ne
515 1041 866 1111 neglexeris.
904 1044 1082 1097 Facta
1109 1044 1313 1096 autem
1340 1043 1840 1118 multiplicatione
1872 1047 1922 1104 si

231 1147 308 1188 ex
336 1130 708 1188 adunatione
738 1131 1160 1187 characterum
1192 1130 1582 1201 articulus,id
1605 1139 1697 1191 est
1724 1136 1922 1207 major

231 1235 554 1289 numerus,
581 1219 954 1286 succreverit,
982 1218 1222 1291 quoties
1251 1235 1546 1278 numerus
1575 1224 1920 1283 denariusX

232 1309 600 1379 continetur,
649 1309 764 1365 hac
817 1307 1028 1378 regula
1085 1308 1493 1366 transcendit:
1553 1314 1788 1385 quoties
1846 1330 1920 1370 ex

231 1399 587 1456 collectione
616 1398 1030 1454 characterum
1062 1398 1250 1454 oritur
1274 1398 1588 1468 articulus,
1613 1403 1672 1458 in
1701 1403 1917 1460 eodem

229 1508 361 1548 non
389 1490 743 1548 remanebit.
773 1491 1213 1564 Perspectaque
1243 1492 1586 1565 quantitate
1615 1495 1918 1551 characte-

228 1597 374 1638 rum
414 1582 590 1652 juxta
638 1580 818 1638 situm
862 1595 1141 1648 arcuum,
1195 1581 1303 1654 qui
1354 1595 1427 1636 ex
1475 1583 1771 1656 superiori
1824 1566 1928 1640 veli

225 1670 499 1727 inferiori
529 1685 800 1738 numero,
833 1669 895 1726 id
924 1675 1016 1725 est
1046 1685 1124 1725 ex
1155 1686 1402 1726 summa
1432 1671 1526 1727 vel
1556 1672 1915 1730 fundamen-

228 1764 292 1816 to
320 1759 570 1826 oriatur,
601 1758 769 1815 facile
819 1759 1377 1831 comprehenditur.
1412 1761 1916 1834 Multiplicationis

228 1863 375 1904 vero
428 1846 579 1904 ratio
632 1845 764 1902 talis
813 1851 920 1919 est,
961 1851 1028 1903 ut
1091 1863 1132 1903 a
1176 1863 1364 1920 parvo
1411 1849 1706 1922 incipiens
1759 1869 1914 1908 sem-

227 1952 342 2010 per
386 1935 468 1992 ad
519 1936 814 2007 majorem
884 1951 1219 1992 numerum
1285 1937 1578 2010 proﬁciat.
1634 1940 1808 2004 Quod
1863 1941 1912 1997 si

228 2024 746 2099 multiplicationis
798 2025 1165 2081 rudimentis
1207 2025 1554 2098 instructus,
1603 2033 1660 2084 et
1709 2030 1914 2098 cogni-

230 2115 306 2172 tis
366 2114 837 2180 characteribus,
894 2114 1268 2171 divisionum
1335 2115 1548 2172 modos
1615 2117 1762 2173 scire
1823 2135 1913 2176 sae

233 2204 429 2276 tagis,
509 2204 666 2260 hanc
745 2203 1144 2260 commodam
1235 2202 1540 2260 dividendi
1613 2206 1910 2264 rationem

231 2293 578 2367 perspicere
617 2309 695 2350 ne
733 2291 1054 2366 pigriteris.

847 2399 878 2436 Ε
917 2397 1288 2438 DIVISIONIBUS
1299 2424 1310 2436 .

307 2470 642 2527 Divisiones
688 2471 750 2526 in
782 2469 974 2527 abaco
1019 2474 1138 2526 tres
1169 2473 1329 2540 sunt,
1357 2469 1635 2543 simplex,
1664 2487 1916 2546 compo-

235 2559 375 2628 sita,
421 2559 770 2632 interrupta.
827 2557 1090 2632 Simplex
1141 2562 1250 2626 est,
1301 2557 1406 2613 ubi
1443 2575 1598 2616 unus
1646 2560 1913 2630 divisor;

235 2648 598 2721 composita,
625 2647 731 2703 ubi
754 2647 879 2704 duo
920 2647 1016 2702 vel
1047 2646 1251 2720 plures
1280 2646 1569 2703 divisores
1595 2664 1701 2720 per
1724 2650 1911 2706 conti-

235 2753 399 2793 nuos
424 2752 628 2804 arcus;
659 2735 996 2808 interrupta
1022 2751 1166 2791 vero
1197 2733 1320 2790 duo
1344 2735 1433 2791 vel
1460 2735 1663 2808 plures
1693 2737 1912 2794 diviso-

235 2841 336 2882 res
365 2824 519 2881 inter
547 2840 650 2881 eos
681 2841 804 2881 uno
826 2839 972 2881 arcu
1002 2827 1273 2880 vacante.
1311 2824 1612 2896 Quidquid
1641 2824 1910 2882 dividen-

234 2915 392 2972 dum
439 2917 530 2970 est
583 2913 645 2970 in
702 2913 918 2976 abaco;
963 2913 1025 2968 in
1073 2913 1273 2969 medio
1329 2913 1590 2986 ponitur,
1619 2914 1908 2972 divisores
1938 2951 1980 3008 ο

235 3007 698 3078 praeponuntur,
769 3001 1294 3060 denominationes
1355 3007 1579 3076 autem,
1638 3004 1752 3060 hoc
1821 3009 1910 3063 est

233 3098 441 3167 partes
469 3091 698 3162 divisae,
728 3095 1176 3166 supponuntur.
1210 3091 1305 3148 His
1349 3091 1430 3149 ita
1475 3092 1536 3148 in
1566 3093 1760 3150 abaco
1790 3094 1908 3150 dis-

235 3182 454 3256 positis
483 3182 866 3239 considerare
896 3181 1083 3238 debes
1132 3181 1193 3237 in
1223 3197 1346 3254 quo
1385 3197 1528 3238 arcu
1565 3181 1768 3238 locum
1801 3183 1908 3240 ha-

233 3273 424 3329 beant
468 3270 779 3329 divisores.
816 3271 875 3329 Si
912 3270 1254 3342 singularis,
1284 3271 1398 3327 sub
1437 3286 1499 3327 se
1537 3275 1819 3344 ponetur;
1855 3272 1906 3328 si

233 3362 526 3432 decenus,
570 3359 961 3431 secundabit;
1021 3360 1070 3416 si
1116 3359 1419 3426 millenus,
1452 3361 1793 3434 quadrabit.
1839 3364 1907 3419 Et

233 3468 348 3526 per
377 3455 525 3524 quot
552 3466 729 3508 arcus
758 3449 1048 3507 recedunt
1076 3466 1112 3508 a
1135 3449 1441 3521 singulari,
1473 3466 1581 3524 per
1609 3455 1693 3508 tot
1720 3451 1904 3508 deno-

235 3540 599 3597 minationes
622 3545 781 3597 retro
811 3543 1064 3614 ponunt.

309 3629 625 3703 Dispositis
642 3646 783 3686 vero
809 3629 1073 3702 partibus
1098 3628 1456 3700 dividendis,
1471 3634 1527 3687 et
1541 3630 1900 3686 divisoribus

230 3717 598 3794 praapositis,
629 3719 941 3792 quomodo
967 3719 1046 3776 ad
1084 3718 1478 3776 dividendum
1505 3735 1903 3793 promovean-

231 3814 333 3867 tur
358 3806 667 3876 divisores,
690 3807 914 3864 videas.
941 3808 1191 3879 Divisor,
1225 3807 1277 3864 si
1304 3807 1502 3864 minor
1527 3808 1620 3864 vel
1651 3808 1902 3881 aequalis

231 3900 333 3966 sit,
367 3913 551 3971 supra
572 3897 844 3971 ponitur;
870 3899 919 3956 si
939 3899 1158 3971 major,
1180 3898 1356 3955 infra.
1388 3898 1559 3964 Quod
1589 3898 1787 3969 major
1808 3896 1902 3953 vel

228 3989 440 4046 minor
483 3985 558 4042 sit
601 3986 848 4056 divisor,
895 3987 1228 4044 industriae
1263 3991 1378 4044 tuae
1424 3986 1596 4043 facile
1652 3985 1897 4059 patebit,

227 4076 488 4153 quando
517 4075 787 4148 partibus
807 4077 1145 4134 dividendis
1163 4075 1552 4149 praeponitur.
1568 4075 1901 4149 Prazpositis

229 4171 444 4228 autem
470 4163 827 4223 divisoribus
853 4167 955 4224 ubi
983 4167 1252 4239 accipere
1282 4164 1560 4234 debeant,
1591 4165 1675 4220 sic
1703 4165 1900 4221 consi-

230 4260 408 4318 dera.
439 4261 648 4318 Omnis
673 4256 897 4314 divisor
917 4260 1055 4314 ante
1073 4272 1139 4312 se
1169 4259 1228 4313 et
1256 4255 1370 4312 sub
1399 4270 1461 4311 se
1488 4254 1720 4327 accipit,
1743 4258 1900 4311 retro

231 4367 583 4424 nunquam.
614 4353 775 4407 Tunc
816 4345 1201 4420 perspiciens,
1244 4344 1479 4419 quoties
1521 4344 1583 4400 in
1630 4344 1900 4416 subjecto

233 4455 500 4499 numero
531 4439 753 4496 divisor
779 4435 1176 4501 contineatur,
1208 4433 1292 4491 sic
1324 4433 1685 4508 pronuntia:
1735 4432 1904 4489 verbi

236 4531 439 4603 gratia
467 4547 481 4585 :
514 4527 927 4603 quaternarius
968 4525 1026 4598 4
1067 4524 1301 4599 quoties
1329 4527 1418 4580 est
1454 4523 1517 4580 in
1546 4524 1781 4580 senario
1803 4523 1904 4594 6?

240 4618 471 4688 Semel,
533 4623 589 4674 et
655 4619 967 4673 remanent
1040 4614 1183 4672 duo.
1241 4613 1414 4680 Quod
1485 4611 1906 4670 adverbialiter

236 4706 674 4783 pronuntiasti,
757 4703 1309 4762 denominationem
1376 4719 1506 4759 esse
1576 4702 1904 4773 intelligas,

238 4803 301 4854 et
359 4796 650 4852 unitatem
711 4792 995 4866 accipias.
1053 4791 1317 4865 Denique
1365 4791 1775 4859 considerans,
1833 4789 1908 4846 de

237 4902 371 4962 quo
429 4901 576 4942 arcu
629 4883 848 4940 divisor
899 4885 1211 4954 promotus
1261 4881 1362 4951 sit,
1423 4882 1508 4936 sic
1564 4881 1904 4950 interrogo:

243 4976 411 5033 unde
466 4974 685 5031 locus?
738 4972 786 5028 si
837 4971 911 5028 de
964 4970 1182 5043 primo,
1215 4971 1672 5044 respondeatur,
1707 4987 1744 5026 a
1793 4969 1910 5025 sin-

240 5065 462 5138 gulari.
512 5061 786 5135 Sequitur
833 5058 1086 5130 regula:
1147 5058 1476 5129 Singularis
1535 5059 1758 5116 divisor
1805 5057 1909 5113 de-

239 5152 724 5210 nominationem
777 5148 890 5205 sub
944 5164 1005 5204 se
1049 5147 1238 5220 ponit,
1291 5151 1349 5203 et
1403 5147 1486 5202 sic
1538 5147 1614 5203 de
1658 5145 1907 5202 caeteris.

243 5243 579 5302 Considera
618 5247 818 5299 tamen
869 5239 1032 5313 quia,
1080 5244 1144 5295 ut
1193 5237 1603 5312 praediximus,
1647 5238 1910 5294 decenus

241 5352 345 5392 sec
355 5333 625 5402 undabit,
648 5335 931 5387 centenus
964 5328 1241 5397 tertiabit,
1261 5327 1537 5384 millenus
1561 5325 1910 5400 quadrabit,

244 5430 361 5482 etc.
387 5426 517 5479 Duo
548 5425 768 5490 autem,
795 5419 900 5492 qui
942 5419 1016 5476 de
1055 5418 1290 5474 senario
1338 5421 1775 5484 remanserunt,
1806 5416 1910 5471 de-

243 5511 666 5572 nominatione
701 5507 956 5576 sublata,
985 5507 1130 5581 quia
1177 5507 1399 5578 digitus
1445 5509 1552 5576 est,
1581 5511 1637 5563 et
1665 5507 1739 5562 de
1766 5503 1911 5574 digi-

248 5609 306 5662 to
336 5602 696 5667 abstractus,
729 5597 790 5653 in
819 5596 1031 5653 eodem
1076 5601 1362 5654 remanet.
1401 5597 1458 5655 Si
1507 5612 1644 5654 vero
1691 5594 1910 5666 digitus

724 5688 981 5742 PATROL.
1027 5686 1292 5743 CXXXIII.

2027 1048 2187 1103 enim
2217 1048 2455 1119 dixeris,
2493 1053 2658 1108 verbi
2709 1055 2937 1126 gratia:
2987 1057 3411 1121 Quaternarius
3451 1056 3689 1129 quoties

2026 1140 2114 1192 est
2185 1136 2246 1192 in
2307 1140 2593 1196 senario?
2642 1143 3194 1200 denominationem
3247 1146 3687 1214 determinans,

2025 1225 2392 1297 respondes:
2452 1230 2664 1298 Semel,
2701 1236 2758 1287 et
2802 1237 3114 1288 remanent
3159 1233 3303 1303 duo,
3344 1233 3566 1303 digitus
3611 1233 3689 1289 de

2024 1313 2231 1382 digito.
2268 1317 2588 1389 Supposita
2635 1324 2838 1376 autem
2889 1321 3397 1389 denominatione,
3428 1339 3565 1395 quae
3599 1327 3690 1378 est

2023 1403 2202 1458 semel
2245 1404 2662 1463 adverbialiter
2703 1409 3027 1481 prolatum,
3059 1411 3225 1483 quod
3273 1416 3360 1467 est
3389 1417 3431 1478 Ι,
3463 1413 3686 1480 unitas,

2027 1492 2415 1562 sequentibus
2441 1494 2523 1549 sic
2554 1495 2727 1550 dabis
2758 1503 2980 1568 partes.
3005 1501 3224 1555 Omnes
3257 1505 3577 1572 sequentes
3595 1501 3686 1556 di-

2024 1579 2252 1636 visores
2281 1583 2584 1656 accipiunt
2612 1601 2718 1657 per
2755 1587 3311 1660 multiplicationem
3342 1591 3434 1645 sui
3463 1595 3520 1646 et
3543 1607 3687 1663 par-

2023 1667 2174 1724 tium
2204 1669 2530 1727 divisarum
2581 1673 2883 1746 accipiunt
2925 1674 3269 1732 auferendo.
3305 1676 3445 1738 Quae
3476 1679 3690 1734 omnia

2023 1756 2218 1828 magis
2251 1758 2442 1814 unicae
2473 1760 2636 1816 vocis
2685 1761 2968 1834 alloquio,
3001 1779 3188 1836 quam
3224 1765 3444 1837 scripta
3474 1766 3690 1822 adver-

2026 1847 2894 1923 tuntumtlonsiderandumque
2911 1855 2998 1907 est
3016 1852 3223 1925 (quod)
3240 1852 3300 1908 in
3317 1853 3690 1925 quibusdam

2020 1932 2418 1992 divisionibus
2447 1937 2761 1994 dicamus:
2810 1939 3030 2008 digitus
3080 1941 3153 1996 de
3205 1942 3455 1998 articulo
3490 1943 3553 1998 in
3604 1959 3693 2000 se-

2021 2023 2240 2091 eundo,
2275 2028 2331 2081 et
2383 2026 2603 2096 digitus
2655 2027 2730 2083 de
2786 2028 2972 2098 digito
3018 2029 3080 2084 in
3127 2030 3361 2101 eodem,
3393 2031 3538 2103 quia
3587 2033 3694 2088 ali-

2019 2111 2268 2183 quando
2298 2115 2581 2170 articulus
2621 2115 2695 2171 de
2741 2117 2991 2173 articulo
3044 2118 3289 2186 oriatur,
3319 2119 3487 2191 quod
3517 2120 3691 2176 facile

2018 2199 2080 2255 in
2128 2199 2521 2274 dispositione
2571 2204 2984 2262 characterum
3033 2207 3432 2276 cognoscitur.
3465 2210 3531 2264 Et
3559 2209 3690 2264 haec

2017 2290 2167 2347 ratio
2197 2290 2257 2346 in
2289 2293 2628 2366 composita
2658 2293 2946 2352 divisione
2978 2296 3286 2367 contingit.

2614 2400 2682 2438 DE
2723 2400 3085 2440 INTERRUPTA.

2087 2469 2202 2525 Sed
2231 2471 2376 2544 quia
2423 2472 2754 2544 interrupta
2797 2473 3010 2529 divisio
3057 2473 3385 2547 aliquando
3438 2489 3546 2548 per
3573 2479 3692 2531 tres

2016 2557 2110 2613 vel
2137 2563 2400 2632 quatuor
2433 2577 2607 2617 arcus
2636 2562 2962 2632 distinguit,
2983 2562 3300 2619 articulum
3325 2562 3400 2618 de
3432 2563 3687 2619 articulo

2016 2663 2141 2704 non
2187 2649 2248 2704 in
2298 2650 2513 2706 eodem
2564 2651 2669 2707 sed
2721 2651 2783 2707 in
2833 2652 3098 2708 secundo
3146 2651 3444 2708 multoties
3475 2653 3686 2724 ponit:

2017 2735 2183 2808 quod
2209 2737 2268 2791 in
2301 2740 2633 2809 quantitate
2677 2741 2911 2796 numeri
2934 2746 3144 2797 cantus
3177 2741 3448 2796 abacista
3478 2741 3691 2798 leviter

2016 2824 2410 2897 deprehendit
2441 2846 2453 2894 ;
2502 2829 2550 2884 si
2597 2829 2758 2884 enim
2803 2833 3044 2885 centum
3075 2829 3262 2885 millia
3293 2830 3444 2884 inter
3469 2833 3602 2886 ΧΧΧ
3635 2835 3692 2887 et

2016 2913 2225 2970 decem
2249 2914 2488 2986 dividis,
2517 2922 2534 2973 l
2558 2917 2847 2974 unitatem
2869 2918 2931 2973 in
2962 2922 3212 2974 centeno
3235 2917 3500 2988 milleno,
3521 2917 3694 2975 item~

2015 3017 2134 3076 que
2165 3003 2451 3060 unitatem
2484 3005 2544 3060 in
2576 3005 2802 3061 deceno
2832 3021 2994 3073 arcu,
3026 3005 3192 3078 quod
3223 3004 3378 3074 dico,
3411 3019 3519 3076 per
3549 3021 3689 3079 par-

2016 3095 2102 3148 tes
2139 3091 2350 3148 deceni
2384 3093 2683 3165 divisoris,
2713 3095 2827 3151 cito
2877 3094 3203 3167 perspicis:
3246 3093 3412 3149 verbi
3453 3096 3682 3164 gratia:

2014 3181 2328 3237 Ternarius
2353 3185 2383 3238 3
2409 3183 2644 3255 quoties
2675 3188 2764 3240 est
2793 3183 2853 3239 in
2886 3182 3096 3240 decem
3116 3183 3143 3238 ?
3169 3185 3296 3252 Ter,
3328 3185 3384 3238 et
3412 3197 3576 3239 unus
3602 3201 3687 3240 re-

2014 3273 2252 3338 manet;
2281 3274 2337 3326 et
2361 3271 2516 3341 vide,
2546 3271 2692 3345 quia
2718 3273 2982 3328 decenus
3012 3271 3291 3328 millenus
3321 3271 3682 3331 denomina-

2015 3358 2236 3416 tionem
2263 3358 2327 3414 in
2354 3359 2643 3431 singulari
2672 3376 2906 3434 ponens
2936 3360 3238 3434 quintabit
3262 3378 3274 3427 ;
3322 3359 3545 3430 digitus
3575 3378 3683 3419 au-

2013 3452 2152 3518 tem,
2201 3448 2318 3505 hoc
2365 3452 2472 3517 cst,
2519 3466 2713 3507 unum
2760 3451 3009 3524 quidem
3055 3449 3305 3507 articulo
3351 3456 3577 3522 manet,
3621 3453 3682 3508 in

2012 3538 2278 3595 secundo
2304 3539 2565 3611 ponitur.
2591 3541 2860 3613 Sequens
2884 3544 3085 3597 autem
3109 3539 3333 3596 divisor
3358 3539 3418 3595 in
3449 3539 3684 3600 deceno

2009 3628 2239 3701 positus
2263 3644 2372 3701 per
2399 3629 2959 3702 multiplicationem
2993 3629 3087 3684 sui
3129 3633 3185 3685 et
3226 3628 3490 3702 partium
3536 3631 3686 3688 divi-

2012 3733 2219 3773 sarum
2270 3717 2442 3787 juxta
2486 3718 2859 3789 praedictam,
2909 3718 3133 3788 accipe,
3167 3718 3270 3783 ita,
3323 3717 3509 3774 semel
3561 3723 3680 3776 tres

2010 3809 2149 3863 sunt
2178 3811 2332 3873 tres;
2383 3810 2440 3862 et
2490 3806 2827 3876 considera,
2859 3805 3023 3878 quia,
3069 3805 3237 3878 quod
3285 3805 3681 3866 dividendum

2010 3900 2117 3966 est,
2146 3912 2182 3952 a
2211 3895 2439 3952 deceno
2483 3894 2744 3952 divisore
2790 3895 2850 3951 in
2897 3899 3110 3967 quarto
3161 3911 3306 3951 arcu
3335 3893 3538 3963 distat,
3572 3899 3679 3970 qui

2009 3988 2097 4040 est
2126 3983 2237 4039 sibi
2262 3999 2373 4056 pro
2406 3982 2671 4054 milleno,
2701 3984 2783 4039 sic
2815 3982 3045 4056 profers
3071 3999 3083 4037 :
3114 3981 3302 4038 tribus
3361 3981 3574 4038 ablatis
3601 3985 3678 4040 de

2011 4072 2170 4128 mille
2199 4075 2511 4128 remanent
2551 4073 2726 4129 DCCC
2767 4077 2827 4128 et
2869 4074 3069 4142 XCVII,
3100 4069 3387 4127 articulus
3429 4070 3505 4127 de
3535 4073 3677 4129 arti-

2012 4162 2146 4219 culo
2174 4162 2236 4218 in
2265 4160 2553 4230 secundo,
2576 4177 2712 4234 quae
2742 4161 3050 4218 character
3069 4161 3286 4230 major,
3307 4162 3364 4215 et
3385 4160 3672 4218 articulus

1939 4309 1984 4363 Β
2013 4252 2088 4309 de
2119 4251 2386 4310 articulo.

2654 4359 2723 4398 DE
2767 4357 3029 4398 MlNUTlIS.

2086 4436 2164 4489 De
2229 4431 2518 4489 divisione
2585 4435 2642 4488 et
2696 4430 3190 4504 multiplicatione
3259 4429 3675 4484 characterum

2014 4522 2188 4580 abaci
2238 4537 2346 4594 per
2393 4521 2656 4590 integras
2706 4525 2924 4594 partes,
2968 4520 3078 4576 etsi
3133 4518 3418 4584 succinte,
3473 4523 3677 4573 tamen

2015 4612 2155 4668 satis
2185 4611 2362 4684 plane
2391 4611 2795 4667 tractavimus.
2829 4613 2993 4666 Nunc
3038 4607 3117 4663 ad
3159 4606 3486 4662 divisiones
3527 4606 3676 4661 inte-

2016 4701 2320 4771 gritatum,
2351 4699 2413 4755 id
2443 4704 2551 4766 est,
2601 4698 2887 4753 minutias
2918 4696 3256 4752 veniamus.
3289 4695 3498 4751 Omnis
3545 4693 3674 4749 uni-

2016 4794 2106 4846 tas
2137 4793 2174 4857 1,
2204 4789 2502 4858 integrum
2543 4787 2708 4859 apud
2739 4786 3020 4859 antiquos
3063 4802 3130 4841 as
3169 4783 3262 4840 vel
3310 4783 3467 4841 libra
3505 4797 3681 4840 voca-

2017 4885 2130 4936 tur.
2161 4881 2239 4934 As
2271 4883 2472 4935 autem
2501 4877 2684 4933 habet
2710 4876 3031 4933 duodecim
3076 4874 3303 4942 uncias,
3336 4874 3442 4947 qui
3473 4884 3682 4930 nume-

2019 4987 2122 5026 rus
2159 4968 2450 5042 paulatim
2491 4966 2784 5036 minutus,
2817 4983 2925 5040 per
2954 4965 3278 5022 divisiones
3309 4963 3678 5035 integrarum

2020 5059 2337 5116 unciarum
2366 5055 2723 5130 multiplices
2767 5071 2840 5112 ex
2886 5071 2949 5111 se
2995 5054 3280 5111 minutias
3311 5053 3524 5109 reddit.
3558 5055 3685 5106 Una

2023 5149 2184 5205 enim
2207 5148 2282 5204 de
2316 5145 2638 5202 duodecim
2668 5144 2924 5213 sublata,
2956 5145 3124 5217 quod
3153 5145 3442 5207 remanet,
3476 5140 3681 5195 deunx

2023 5241 2305 5305 vocatur;
2338 5234 2578 5291 duobus
2610 5233 2823 5291 ablatis
2853 5233 3105 5288 dextans
3135 5229 3464 5295 conﬁcitur,
3486 5226 3679 5282 tribus

2024 5325 2313 5394 dodrans,
2367 5327 2626 5396 quatuor
2681 5322 2864 5389 bisse,
2922 5321 3188 5393 quinque
3247 5319 3520 5381 sextunx,
3581 5329 3686 5369 sex

2027 5415 2230 5486 semis,
2309 5417 2537 5486 septem
2599 5411 2930 5484 quincunx,
3008 5411 3142 5463 octo
3211 5404 3411 5470 triens,
3467 5419 3687 5460 novem

2029 5504 2359 5577 qaadrans,
2390 5503 2598 5559 decem
2633 5505 2905 5564 sextans;
2935 5495 3144 5550 decem
3173 5497 3232 5550 et
3257 5491 3508 5549 dimidia
3531 5492 3696 5549 abla-

2035 5599 2096 5651 ta
2123 5593 2452 5651 scxcuntia.
2496 5592 2586 5648 Sic
2636 5587 2924 5664 paulatim
2981 5583 3330 5641 dividuntur
3379 5599 3572 5654 usque
3619 5579 3699 5637 ad

3420 5676 3488 5725 '26
