4090 6122
509 118 605 172 8H

1273 111 1330 168 S.
1373 111 1631 168 ODONIS
1667 110 1959 169 ABBA’I‘IS
1999 109 2128 168 SEU
2167 107 2506 170 ALTERIUS
2543 113 2803 174 ODONIS
2841 117 3175 176 MONACHI.
3746 136 3826 194 θη

507 237 768 296 unciam.
793 238 1071 325 Quarum!
1081 235 1374 325 quaedam
1403 235 1652 292 nomina
1682 251 1720 292 a
1747 235 1984 304 Graecis,
1999 251 2160 325 quae-
2190 238 2237 291 Α
2273 235 2335 292 in
2359 237 2654 325 rsingulari
2681 257 2823 297 arcu
2845 243 3362 316 supponis.Denuo
3376 249 3558 304 autem
3577 253 3664 325 qui
3680 254 3730 312 in
3745 257 3828 315 sin.

507 325 649 382 dam
675 330 876 382 autem
905 323 982 380 ab
1013 323 1226 380 effectu
1252 325 1592 380 trahuntur.
1623 327 1826 380 Deunx
1860 323 2160 397 composi—

505 421 634 472 tum
656 418 698 472 Χ
727 414 1124 471 demonstrat.
1143 417 1424 480 Dextans,
1441 414 1709 470 dodrans
1736 419 1794 470 et
1820 414 1983 470 bisse
2007 415 2162 470 Grae-

504 520 638 561 cam
695 503 1127 578 etymologiam
1181 503 1404 561 habere
1456 504 1752 560 videntur.
1809 505 1967 560 Bissc
2019 519 2162 560 vero

501 593 708 651 Latino
749 609 960 651 marca
1006 593 1223 650 dicitur
1247 593 1414 665 (179).
1453 595 1716 665 Septunx
1767 610 1804 650 a
1843 595 1937 649 VII
1969 593 2160 650 unciis

502 683 902 756 componitur.
951 681 1140 740 Semis
1181 684 1394 751 Greece,
1429 683 1628 739 Latine
1659 683 1970 740 dimidium
2013 682 2158 738 dici-

500 777 616 830 tur.
651 773 1022 840 Quincunxa
1051 771 1318 845 quinque
1348 771 1571 842 unciis;
1603 773 1785 828 triens
1817 772 1960 845 quia
1977 772 2158 828 assim

502 861 716 929 tertiat,
749 861 1060 935 quadrans
1100 861 1243 934 quia
1285 865 1541 932 quartat,
1573 865 1813 918 sextans
1853 861 1997 934 quia
2027 877 2156 917 sax-

503 955 620 1008 tat:
651 949 959 1007 sexcuntia
989 949 1113 1006 sive
1139 952 1340 1007 Graeca
1361 949 1482 1006 sive
1516 951 1723 1007 Latina
1752 951 1828 1007 sit
1853 951 2157 1024 composi-

501 1041 602 1110 tio,
634 1039 876 1098 unciam
905 1043 962 1096 et
990 1037 1305 1096 dimidiam
1337 1039 1550 1110 signat.
1589 1039 1799 1096 Ultima
1827 1043 2032 1097 autem
2051 1055 2158 1095 un-

498 1129 604 1186 ciae
633 1129 886 1186 minutia
913 1127 1228 1186 unciarum
1256 1127 1616 1185 duodecima
1643 1144 1787 1202 pars
1817 1131 1969 1186 assis
1999 1133 2104 1186 est.

571 1219 672 1275 Hae
695 1221 836 1275 sunt
857 1217 1124 1275 minutiae
1147 1218 1300 1274 assis
1317 1217 1613 1288 gradatim
1641 1219 1945 1292 concissae,
1967 1233 2155 1292 usque

499 1307 578 1364 ad
605 1305 866 1364 unciam.
903 1306 1086 1364 Uncia
1114 1310 1316 1364 autem
1347 1323 1488 1363 cum
1519 1307 1595 1364 sit
1622 1307 1985 1364 duodecima
2012 1323 2156 1381 pars

497 1395 672 1468 assis,
695 1395 756 1452 in
777 1395 986 1467 viginti
1014 1399 1276 1470 quatuor
1293 1395 1618 1469 particulas
1639 1396 1990 1468 conciditur,
2010 1411 2156 1469 qua-

492 1503 630 1544 rum
670 1485 882 1544 ultima
906 1485 1226 1560 scrupulus
1253 1491 1671 1559 nuncupatur:
1711 1502 1974 1560 quarum
2004 1486 2155 1544 sicut

2273 324 2461 415 gulari
2479 331 2571 384 est
2599 329 2758 385 mille
2786 346 2894 403 per
2913 331 3173 401 integras
3195 337 3384 404 partes
3411 336 3545 393 nihil
3573 324 3768 415 accipit;
3793 348 3828 403 si

2271 414 2430 471 enim
2453 432 2608 474 unus
2625 423 2816 476 totum
2833 421 3202 494 accipit,aliis
3221 414 3826 500 nihilrelinquituriUnde

2270 519 2484 576 unum,
2502 507 2669 578 quod
2697 512 2988 579 remanet,
3005 509 3160 566 inter
3175 510 3331 567 mille
3355 511 3596 572 dividere
3613 517 3708 586 vis,
3730 539 3830 580 cum

2269 607 2376 664 per
2393 593 2654 665 integras
2674 601 2876 669 partes
2901 613 3025 654 non
3050 597 3241 667 liceat,
3261 616 3367 674 per
3388 601 3642 661 minutias
3666 607 3757 664 hoc
3773 611 3830 666 Ia-

2269 697 2400 738 cere
2419 684 2733 756 poterian
2755 703 2878 760 quo
2899 687 2978 743 ad
3000 689 3352 746 memoriam
3371 691 3466 747 red
3475 707 3602 749 ucas
3615 693 3750 754 illam
3766 715 3830 756 re-

2268 770 2492 840 gulam,
2524 789 2660 846 quae
2689 773 2850 844 dicit,
2883 776 3118 849 quoties
3166 793 3237 833 ex
3283 777 3526 836 collectis
3553 782 3832 843 characteri-

2265 859 2382 916 bus
2411 862 2596 918 oritur
2620 864 2926 936 articulus,
2949 866 3008 922 in
3031 865 3242 923 eodem
3263 883 3384 924 non
3409 870 3732 940 remanebit;
3756 877 3831 933 sed

2265 953 2323 1006 et
2351 949 2513 1006 illam
2539 953 2788 1010 omnino
2818 955 3144 1028 perpende,
3165 956 3224 1012 in
3255 973 3375 1030 qua
3403 958 3631 1016 dicitur:
3659 963 3832 1022 Divisor

2267 1042 2402 1094 ante
2431 1055 2495 1095 se
2527 1044 2584 1097 et
2611 1040 2729 1098 sub
2757 1059 2822 1098 se
2853 1043 3084 1117 accipit,
3117 1048 3271 1102 retro
3301 1061 3614 1119 nunquam.

2336 1131 2500 1186 Patet
2527 1129 2708 1200 enim,
2743 1132 2789 1188 si
2818 1147 2928 1206 per
2955 1133 3236 1190 articulos
3277 1135 3641 1194 minutiarum
3665 1139 3830 1215 unitas,

2264 1232 2398 1289 quae
2448 1218 2617 1276 sedet
2661 1220 2726 1277 in
2773 1221 3080 1296 singulari,
3113 1237 3306 1298 usque
3343 1222 3422 1281 ad
3463 1226 3733 1286 millenum
3770 1245 3833 1289 ar-

2264 1321 2426 1374 cum,
2454 1307 2560 1364 ubi
2607 1315 2745 1368 sunt
2791 1309 3102 1382 divisores,
3133 1328 3258 1370 non
3294 1314 3573 1384 ascendit,
3595 1309 3832 1376 dividendi

2261 1394 2414 1452 ratio
2455 1395 2604 1453 nihil
2657 1397 2798 1470 agit.
2831 1400 3208 1474 Quapropter
3232 1400 3488 1472 studeas,
3517 1409 3578 1461 ut
3601 1416 3756 1480 usque
3778 1405 3832 1464 ad

2263 1485 2622 1558 praedictum
2650 1503 2861 1545 arcum
2886 1489 3175 1548 unitatem
3206 1491 3528 1550 minuendo
3551 1509 3648 1568 per
3669 1495 3830 1553 articu-

492 1575 569 1632 de
597 1589 730 1632 asse
773 1573 1001 1631 dictum
1031 1577 1140 1644 est,
1168 1573 1452 1647 quaedam
1501 1573 1766 1631 minutiae
1796 1575 1875 1631 ab
1917 1574 2150 1646 effectu,
2182 1588 2224 1648 Β
2259 1571 2350 1630 los
2375 1575 2599 1642 trahas,
2629 1575 2798 1632 verbi
2839 1577 3067 1648 gratia:
3113 1579 3194 1634 As
3237 1579 3420 1638 habet
3449 1581 3642 1639 uncias
3665 1582 3832 1641 duode-

491 1663 778 1738 quaedam
803 1681 840 1720 a
867 1663 1299 1736 compositione
1328 1664 1578 1720 nomina
1608 1664 1952 1721 sortiuntur.
1970 1665 2154 1722 Uncia

491 1769 636 1810 vero
673 1753 858 1809 XXIV
889 1753 1208 1827 scrupulos
1235 1752 1468 1810 habens
1515 1769 1624 1827 per
1661 1753 1930 1811 medium
1963 1754 2152 1812 divisa

491 1841 906 1914 semiunciam,
925 1842 988 1898 id
1011 1846 1117 1912 est,
1135 1841 1450 1900 dimidiam
1469 1845 1714 1900 unciam
1735 1845 1894 1901 facit.
1919 1845 2147 1914 Duella,

489 1947 626 2004 quae
675 1932 870 2002 magis
913 1931 1183 1988 Graecam
1233 1931 1662 2006 etymologiam
1701 1933 1948 2004 redolet,
1981 1934 2150 1992 tertia

487 2035 630 2093 pars
657 2021 851 2078 unciae
881 2024 968 2078 est
999 2021 1161 2095 (180).
1195 2020 1481 2090 Sicilians,
1504 2023 1610 2096 qui
1639 2021 1806 2096 apud
1836 2023 2071 2080 Graecos
2091 2025 2150 2080 et

486 2109 768 2169 Hebraeos
813 2110 1012 2180 siclus,
1067 2109 1162 2167 vel
1210 2110 1394 2169 sichel
1443 2116 1848 2186 nuncupatur,
1902 2113 2147 2170 unciam

485 2204 743 2274 quartat.
797 2199 1034 2258 Sextula
1083 2199 1328 2257 unciam
1384 2205 1596 2258 sextat.
1657 2203 1918 2272 Dragma
1973 2202 2143 2274 (181),

483 2289 652 2362 quod
686 2291 958 2347 Graecum
987 2293 1094 2358 est,
1147 2291 1325 2346 octat.
1356 2288 1738 2358 Haniisescla,
1769 2289 1945 2364 quasi
1969 2289 2144 2346 dimi-

483 2379 587 2436 dia
615 2379 862 2449 sextula,
893 2377 1257 2435 duodecima
1279 2393 1422 2452 pars
1453 2379 1645 2435 unciae
1683 2383 1934 2436 constat.
1971 2382 2143 2438 Scru-

483 2469 666 2541 pulus
697 2473 900 2526 autem
944 2469 1199 2526 minutia
1227 2469 1440 2540 unciae,
1474 2469 1683 2526 eadem
1736 2469 1986 2542 ratione,
2019 2486 2144 2544 qua

483 2575 551 2614 as
603 2561 661 2614 et
703 2559 905 2630 uncia,
955 2558 1280 2615 sectionem
1331 2558 1540 2630 recipit
1589 2558 1760 2631 (182).
1816 2559 2142 2633 Scrupulus

482 2647 638 2704 duos
667 2645 900 2713 obolos,
931 2646 1146 2704 obolus
1183 2647 1338 2704 duos
1377 2651 1602 2704 ceratas
1643 2648 1888 2717 habent,
1930 2649 2036 2722 qui
2080 2649 2142 2706 in

481 2753 736 2796 numero
761 2736 1103 2812 ponderum
1151 2737 1316 2810 apud
1373 2742 1601 2794 veteres
1651 2744 1884 2802 ceratus
1925 2739 2142 2796 dicitur

480 2827 652 2898 (183).
684 2827 1012 2901 Scrupulus
1045 2827 1344 2884 secundus
1369 2826 1602 2884 habens
1631 2827 1862 2898 obolos,
1881 2833 2142 2902 quatuor

2260 1664 2398 1719 cim.
2431 1664 2632 1721 Reduc
2667 1665 2748 1722 ad
2783 1667 3161 1738 memoriam,
3194 1670 3364 1743 quod
3405 1671 3590 1728 omnis
3611 1683 3832 1730 numerus

2257 1751 2414 1810 infra
2439 1753 2650 1812 decem
2691 1755 2933 1826 digitus,
2965 1768 3150 1831 supra
3189 1757 3398 1815 decem
3446 1773 3580 1818 vero
3616 1759 3831 1819 articulus

2257 1841 2491 1899 dicitur.
2517 1845 2754 1901 Etcum
2779 1844 3104 1902 duodecim
3129 1847 3342 1906 uncias
3367 1863 3434 1905 as
3455 1848 3672 1920 habeat,
3691 1853 3738 1920 X,
3760 1850 3830 1924 qui

2257 1933 2346 1987 est
2388 1931 2696 2000 articulus,
2727 1932 2789 1990 in
2831 1933 3063 1992 deceno
3109 1949 3256 1992 arcu
3285 1945 3496 2012 ponas.
3525 1939 3653 1995 Duae
3674 1939 3831 2003 uncis,

2255 2018 2316 2076 id
2343 2025 2432 2076 est
2456 2024 2714 2087 sextans,
2745 2021 2808 2078 in
2839 2021 3126 2095 singulari
3163 2029 3498 2096 remanent,
3525 2027 3831 2102 unctamque,

2253 2124 2391 2182 quae
2441 2108 2608 2166 sedet
2655 2110 2720 2166 in
2775 2110 2952 2182 dexo,
2995 2127 3106 2186 per
3151 2114 3439 2172 articulos
3484 2114 3543 2172 in
3581 2120 3830 2172 centenum

2253 2199 2579 2271 transpone
2627 2197 2748 2258 ita:
2795 2199 2973 2257 uncia
3025 2203 3184 2258 XXIV
3211 2202 3528 2277 scrupulos
3569 2204 3738 2261 habet.
3759 2205 3832 2264 XX,

2253 2287 2358 2360 qui
2406 2291 2496 2345 est
2543 2288 2847 2358 articulus,
2904 2289 2968 2346 in
3023 2294 3352 2350 centenum
3417 2297 3749 2368 transponas,
3793 2296 3834 2349 et

2251 2379 2532 2448 quatuor,
2563 2376 2670 2460 qui
2706 2381 2794 2434 est
2831 2377 3073 2449 digitus,
3099 2379 3336 2438 ibidem
3363 2381 3632 2440 dimittas.
3660 2385 3834 2438 Etcum

2249 2465 2526 2522 nondum
2561 2465 2784 2523 habeat
2832 2467 3072 2538 divisor,
3105 2469 3210 2542 qui
3261 2470 3378 2528 sub
3428 2483 3492 2528 se
3527 2470 3756 2544 accipiat,
3779 2469 3834 2526 ad

2248 2553 2584 2622 millenum,
2617 2555 2665 2611 si
2695 2560 2886 2628 potes,
2917 2556 3148 2630 aliquid
3185 2559 3532 2618 transferas.
3562 2563 3621 2616 In
3644 2563 3834 2617 centeno

2251 2649 2390 2700 sunt
2443 2643 2567 2701 duo
2609 2645 2895 2720 scrupuli.
2931 2647 3265 2720 Scrupulus
3313 2649 3494 2708 habet
3519 2653 3579 2706 Vl
3608 2649 3831 2722 siliquas;

2249 2737 2306 2789 et
2363 2733 2414 2788 si
2463 2732 2610 2789 dicis
2675 2733 2770 2790 bis
2845 2751 2967 2802 sex,
3023 2737 3115 2792 XII
3171 2736 3413 2811 siliquis
3477 2742 3624 2795 sunt.
3675 2739 3833 2794 Decem

2247 2837 2356 2895 pro
2403 2823 2652 2880 articulo
2702 2824 2898 2896 ponis,
2959 2823 3096 2882 dum
3148 2825 3388 2901 siliquae
3449 2830 3740 2885 remanent.
3789 2828 3832 2880 Et

481 2920 730 2989 cerates,
760 2933 863 2974 sex
895 2916 1163 2991 siliquas,
1195 2916 1459 2974 continet
1485 2919 1614 2974 ceto
1645 2917 1864 2986 calcos,
1891 2917 1996 2992 qui
2016 2917 2137 2975 cal-
2167 2947 2208 3002 ο
2247 2913 2390 2984 quia
2439 2913 2806 3002 jamﬂhabet
2851 2913 3097 2986 divisor,
3145 2915 3303 2988 quid
3355 2917 3470 2974 sub
3511 2933 3570 2974 se
3622 2915 3832 2990 accipiat,

481 3022 587 3062 cus
623 3005 870 3064 ultimus
907 3010 996 3064 est
1037 3005 1100 3063 in
1146 3006 1436 3064 minutiis.
1473 3009 1550 3062 De
1593 3021 1726 3064 asse
1765 3007 1825 3064 in
1869 3007 2138 3064 minutiis
2184 3001 2194 3002 ί
2247 3002 2432 3069 dicaS,
2485 3001 2763 3058 millenus
2821 3003 3046 3060 divisor
3109 3003 3653 3064 denominationem
3698 3017 3832 3078 quar-

479 3093 708 3152 dictum
736 3099 842 3166 est,
875 3099 932 3153 et
959 3095 1159 3152 adhuc
1189 3094 1534 3152 dicendum.

551 3187 718 3242 Notet
745 3189 956 3242 cautus
994 3185 1262 3242 abacista
1293 3188 1408 3242 tres
1449 3185 1676 3258 species
1722 3185 2136 3244 concisionum

478 3273 541 3330 in
571 3289 707 3330 asse
731 3273 938 3332 factas.
968 3273 1166 3332 Prima
1195 3277 1282 3331 est
1302 3273 1380 3330 ab
1409 3273 1641 3344 integra
1673 3274 1914 3344 unitate,
1937 3275 2000 3332 id
2026 3280 2133 3348 est,

479 3377 616 3419 asse
657 3379 765 3438 per
811 3379 1110 3435 congruas
1157 3361 1480 3437 particulas
1521 3379 1711 3436 usque
1741 3363 1821 3420 ad
1851 3365 2132 3422 unciam:

481 3451 750 3508 secunda
778 3451 856 3508 ab
899 3453 1078 3510 uncia
1107 3468 1300 3526 usque
1345 3451 1424 3508 ad
1470 3451 1822 3524 scrupulum
1852 3469 1865 3508 :
1897 3453 2070 3510 tertia
2099 3469 2135 3511 a

479 3541 783 3616 scrupulo,
811 3541 915 3616 qui
945 3557 983 3599 a
1009 3541 1276 3612 nomine,
1307 3539 1474 3614 quod
1505 3541 1821 3614 scrupulus
1851 3545 1961 3612 est,
1985 3542 2135 3598 deri-

477 3634 670 3699 vatur,
703 3647 896 3706 usque
925 3633 1005 3689 ad
1033 3631 1287 3688 ealcum.
1320 3630 1434 3687 Sed
1482 3631 1626 3703 quia
1676 3631 1806 3686 haec
1833 3629 2134 3689 vocabula

473 3717 866 3777 minutiarum
921 3719 1198 3778 moderni
1242 3735 1366 3777 non
1407 3717 1809 3793 frequentant,
1839 3719 2132 3792 paulatim

473 3807 684 3866 notitia
711 3825 923 3867 eorum
952 3809 1070 3865 fere
1112 3808 1304 3884 periit,
1335 3807 1472 3866 licet
1513 3809 1575 3864 in
1617 3807 1822 3864 multis
1870 3807 2132 3881 philoso-

471 3897 735 3972 phorum
765 3899 997 3973 scriptis
1035 3914 1182 3956 usus
1211 3896 1545 3956 admodum
1589 3897 1829 3954 illorum
1853 3913 2130 3957 necessa-

470 3987 596 4044 rius
629 3989 742 4047 sit:
795 3990 901 4046 sed
945 3993 1003 4046 et
1038 3987 1245 4045 divina
1281 3988 1507 4061 pagina
1533 3991 1658 4044 tam
1687 3987 1913 4044 Veteris
1941 4004 2129 4062 quam

468 4077 620 4135 Novi
664 4078 1002 4138 testamenti
1056 4077 1446 4134 minutiarum
1487 4077 1760 4134 notitiam
1817 4078 1878 4134 in
1924 4077 2130 4134 multis

471 4163 620 4222 locis
648 4168 915 4240 requirit.
1701 4167 1716 4180 ’

525 4263 660 4318 Jam
681 4259 761 4316 ad
775 4257 1136 4332 positionem
1167 4271 1377 4314 earum
1407 4255 1468 4312 in
1497 4255 1688 4313 abaco
1703 4255 2039 4313 veniamus.
2067 4260 2124 4316 Si
2152 4303 2198 4357 D

467 4351 630 4410 mille
661 4351 975 4420 argenteos
997 4350 1256 4404 etunum
1274 4345 1426 4402 inter
1444 4345 1604 4402 mille
1629 4345 1844 4402 milites
1860 4346 2124 4406 dividere

463 4442 580 4512 vis,
597 4438 887 4500 unitatem
907 4437 970 4494 in
989 4433 1234 4494 milleno
1257 4451 1400 4492 arcu
1417 4451 1528 4509 pro
1549 4433 1913 4492 divisoribus
1923 4437 2120 4510 ponis,

465 4536 523 4590 et
549 4530 765 4588 iterum
797 4526 860 4583 in
897 4523 1140 4582 milleno
1183 4524 1471 4582 unitatem
1505 4527 1560 4580 et
1587 4523 1877 4580 unitatem
1907 4523 1969 4580 in
2001 4525 2121 4581 sin-

464 4619 658 4693 gulari
685 4635 795 4694 pro
825 4614 1160 4674 dividendis
1187 4613 1462 4690 partibus
1491 4612 1740 4684 colligis.
1771 4615 1839 4671 Et
1865 4629 2006 4672 cum
2037 4615 2120 4671 di-

461 4711 546 4766 cis
562 4727 576 4767 :
603 4707 843 4776 Quoties
862 4710 950 4764 est
964 4705 1162 4762 unitas
1176 4703 1240 4760 in
1254 4703 1480 4761 unitate
1491 4703 1520 4762 ?
1541 4703 2116 4777 respondes.Semel,

459 4803 519 4856 et
545 4795 694 4854 nihil
719 4799 1006 4854 remanet.
1051 4793 1216 4850 Dicta
1244 4797 1446 4851 autem
1475 4793 1686 4864 regula
1708 4792 1985 4850 millenus
2032 4793 2119 4850 di-

457 4887 620 4949 visor
629 4883 1181 4944 denominationem
1201 4881 1809 4956 quartabit,eamdem
1823 4881 2116 4941 unitatem

553 5032 678 5098 179)
707 5031 798 5086 Du
821 5029 1021 5098 Gange
1040 5026 1096 5082 h.
1121 5041 1183 5098 v.
1211 5026 1382 5084 Basse
1403 5040 1613 5098 nouem
1638 5027 1832 5098 unciis
1856 5031 2108 5090 constat,

552 5096 679 5176 180)
706 5105 806 5176 D_u_
832 5096 1032 5176 Gange
1073 5097 1266 5176 Gloss1
1313 5096 1474 5176 med.
1505 5097 1853 5176 lat._,___verb.
1903 5098 2111 5176 duella

449 5167 626 5233 Plura
645 5167 720 5231 de
749 5172 842 5231 his
871 5167 1123 5228 vocibus
1144 5167 1392 5240 ibidem,
1425 5168 1563 5228 etin
1589 5169 1784 5226 Pitisci
1808 5170 1929 5226 Lex
1955 5169 2107 5226 anti-

449 5247 598 5319 quit.
629 5247 750 5302 suis
777 5243 927 5319 locis
957 5241 1161 5319 videre
1191 5245 1298 5319 est.
1393 5313 1396 5318 ι

521 5319 671 5388 (181)
705 5316 962 5388 Omnino
994 5312 1321 5384 legendum
1365 5312 1641 5382 dragma,
1674 5327 1934 5384 quarum
1969 5315 2105 5368 octo

447 5387 691 5444 unciam
719 5387 1105 5444 constituunt.

517 5459 668 5541 (182)
711 5459 958 5541 Pitiscus
995 5457 1120 5538 lac.
1151 5453 1968 5541 habet‘script‘z‘zlum,qupd
2015 5457 2104 5541 est

444 5523 660 5602 cevina
684 5533 902 5602 quarta
928 5527 1118 5602 unciae
1139 5542 1302 5602 pars,
1327 5524 1484 5584 duos
1501 5523 1736 5583 habens
1761 5523 1994 5584 obolos.
2021 5525 2102 5582 Si-

442 5601 659 5661 militer
687 5599 778 5662 Du
809 5602 1006 5673 Gange
1031 5599 1092 5657 h.
1126 5599 1183 5656 ἦ.

2246 3091 2410 3162 tabit,
2435 3095 2492 3148 et
2521 3091 2770 3165 siliquas
2797 3091 2859 3148 in
2890 3091 3177 3164 singulari
3209 3105 3547 3170 supponas,
3575 3097 3832 3152 sextantem

2244 3196 2406 3252 vero,
2439 3181 2544 3254 qui
2567 3185 2657 3238 est
2682 3181 2745 3238 in
2777 3180 3084 3252 singulari,
3109 3197 3477 3257 promoveas
3498 3189 3604 3242 ita:
3629 3181 3744 3242 Duae
3757 3195 3833 3236 un-

2244 3271 2348 3328 ciae
2377 3271 2604 3328 habent
2631 3269 2840 3329 XLVIII
2889 3273 3206 3346 scrupulos
3232 3291 3249 3332 :
3298 3279 3385 3334 XL
3414 3291 3521 3352 pro
3547 3272 3758 3333 articulo
3779 3268 3832 3327 ad

2243 3360 2536 3417 decenum
2563 3365 2945 3434 transponas,
2978 3361 3262 3433 digitum,
3293 3364 3358 3420 id
3385 3371 3478 3422 est
3515 3365 3620 3420 VIII
3641 3375 3832 3433 scrupu-

2239 3449 2352 3516 los,
2380 3449 2607 3506 ibidem
2637 3449 2925 3506 dimittas.
2957 3451 3106 3507 Octo
3147 3462 3296 3510 vero
3345 3452 3650 3526 scrupulos
3687 3449 3834 3507 adhuc

2239 3537 2316 3594 de
2346 3537 2633 3607 singulari
2679 3536 3066 3609 transferens,
3095 3544 3232 3595 octo
3266 3540 3578 3614 scrupulOs
3604 3553 3698 3613 per
3719 3539 3833 3594 octa-

2238 3641 2382 3684 vum
2411 3625 2770 3700 multiplices
2797 3645 2810 3696 ;
2857 3627 3176 3702 scrupulus
3205 3631 3374 3688 enim
3413 3635 3544 3688 octo
3569 3629 3738 3686 calcos
3760 3625 3832 3682 ha-

2236 3716 2358 3774 bet.
2391 3716 2581 3774 Octies
2626 3720 2762 3772 octo
2809 3720 2950 3772 sunt
2997 3719 3171 3774 LXIV.
3213 3720 3331 3776 Pro
3361 3722 3447 3777 LX
3492 3717 3724 3784 calculis,
3759 3711 3833 3786 qui

2239 3810 2328 3864 est
2353 3806 2660 3875 articulus,
2689 3804 2939 3862 obolam
2967 3809 3026 3864 et
3050 3811 3316 3864 ceratam
3335 3809 3400 3866 in
3428 3809 3643 3866 deceno
3655 3815 3830 3880 ponas:

2235 3912 2348 3971 pro
2398 3902 2659 3970 quatuor
2702 3893 2946 3952 calculis
2987 3895 3243 3954 obolum
3292 3899 3613 3972 relinquas,
3639 3900 3688 3953 at
3715 3893 3834 3950 iacta

2237 3991 2326 4044 est
2362 3987 2592 4044 divisio.
2647 3989 2714 4044 Et
2758 4001 2836 4042 ne
2889 3985 3038 4044 forte
3089 3987 3358 4061 suspicio
3405 3989 3513 4047 tibi
3552 3985 3746 4044 incidat
3779 3980 3831 4036 de

2234 4077 2507 4150 partibus
2534 4071 2772 4144 relictis,
2801 4075 2970 4149 quod
3015 4075 3215 4133 adhuc
3271 4079 3592 4136 ascendere
3633 4073 3830 4150 possint,

2235 4181 2420 4224 causa
2502 4163 2818 4222 exercendi
2878 4163 3191 4235 ingenium
3267 4168 3510 4240 probes,
3566 4163 3832 4234 videasque

2233 4259 2532 4330 quantum
2579 4269 2688 4328 per
2723 4253 3002 4311 articulos
3027 4255 3381 4314 ascendant.
3404 4257 3642 4323 Obolus,
3661 4250 3752 4327 qui
3771 4249 3835 4305 est

2233 4345 2296 4400 in
2325 4343 2634 4414 singulari,
2663 4357 2803 4400 cum
2843 4353 2956 4416 per
2997 4343 3312 4404 inferiores
3365 4345 3640 4403 minutias
3659 4339 3833 4399 artic!-

2229 4433 2359 4490 lum
2413 4433 2646 4490 efﬁcere
2699 4449 2825 4490 non
2873 4433 3084 4507 possit,
3131 4433 3368 4493 ibidem
3417 4419 3741 4494 remanebit.
3785 4429 3833 4482 in

2231 4524 2457 4582 deceno
2529 4527 2667 4580 sunt
2715 4525 2855 4580 octo
2914 4523 3204 4596 scrupuli,
3260 4529 3321 4582 et
3378 4539 3534 4582 eum
3569 4515 3829 4593 serupulus

2229 4616 2364 4670 octo
2415 4611 2636 4680 calcos,
2689 4610 2742 4668 si
2795 4613 2932 4668 octo
3000 4625 3110 4684 per
3173 4614 3555 4672 octonarium
3607 4602 3835 4679 multipli-

2229 4718 2346 4772 ces,
2377 4703 2532 4758 LXIV
2553 4699 2842 4757 invenies.
2872 4702 2956 4756 LX
2983 4699 3188 4770 calcis,
3219 4703 3329 4776 qui
3364 4709 3457 4760 est
3485 4697 3762 4762 articulus,
3784 4692 3832 4748 in

2227 4795 2478 4848 centeno
2543 4788 2863 4858 translatis,
2919 4788 3171 4846 obolum
3235 4793 3295 4848 et
3363 4795 3618 4849 ceratam
3670 4781 3830 4860 ponis,

2224 4885 2283 4938 et
2329 4895 2442 4955 pro
2483 4881 2764 4954 quatuor,
2795 4878 2902 4952 qui
2951 4882 3092 4936 sunt
3133 4879 3387 4954 digitus,
3419 4877 3658 4938 obolum
3695 4871 3832 4932 relin-

2293 5024 2438 5098 (t_8_3)
2471 5022 2611 5098 Isid.
2641 5023 2680 5082 1.
2713 5037 2818 5098 xv;
2848 5019 3073 5098 Qrig.c.
3105 5024 3215 5080 24:
3248 5044 3278 5074 κ
3309 5025 3547 5098 Ceratas
3561 5019 3829 5098 obolipal‘s

2218 5089 2440 5168 media,
2471 5095 2752 5168 siliquam
2797 5089 3030 5150 habens
3079 5109 3262 5168 unam
3303 5095 3527 5164 semis;
3576 5089 3734 5168 hunc
3753 5089 3827 5142 La-

2475 5163 3070 5257 sem—illolum100at.
3098 5167 3364 5257 ‘Cerates
3422 5163 3825 5257 autemnf‘ifﬁe

2215 5383 2393 5452 duos,
2421 5367 2618 5439 caldos
2637 5383 2917 5454 quatuor.
2949 5367 3147 5437 Flebat
3183 5367 3355 5438 enim,
3377 5381 3618 5454 olims:
3639 5390 3737 5432 aere
3761 5367 3820 5454 ad

2212 5443 2399 5512 instar
2443 5443 2692 5524 sagittae,
2728 5451 2884 5524 unde
2914 5455 3243 5524 etnomen
3281 5467 3320 5524 a
3365 5452 3576 5508 Graecis
3613 5443 3816 5514 accepit,

2209 5524 2328 5584 hoc
2355 5529 2444 5585 est
2465 5521 2698 5598 sagitta.
2721 5545 2750 5576 »
2780 5521 2905 5580 Vid.
2941 5523 3067 5581 Piti~
3086 5539 3138 5580 c.
3170 5523 3238 5580 ν.
3263 5522 3586 5582 Ceratz'um.
