4090 6122
467 133 570 186 815

1711 129 2056 186 ΑΡΡΕΝΒΙΧ
2092 129 2188 186 AD
2229 132 2284 188 S.
2327 132 2634 190 ODONEM.

3769 129 3875 182 8H

3585 257 3838 270 ~—

1503 385 2147 509 EJUSDEVI
2255 386 2648 508 ODON
2674 385 2804 507 IS

1655 618 1766 678 Ea:
1795 617 1992 679 eodem
2041 617 2190 680 Cod.
2241 617 2680 680 Vindobonensz'

1361 815 1684 868 QUOMODO
1730 815 2213 861 ORGANISTRUM
2258 814 2755 860 CONSTRUATUR
2797 796 2986 876 (184).

527 1122 591 1174 ln
611 1115 820 1190 primis
849 1131 885 1171 a
912 1114 1107 1187 capite
1130 1114 1302 1186 juxta
1326 1113 1590 1186 primum
1611 1113 1922 1187 plectrum,
1950 1113 2106 1170 infra
2135 1126 2181 1179 Α
2219 1125 2304 1180 as
2330 1131 2380 1171 c.
2411 1115 2615 1172 Gravis
2648 1117 2707 1183 C,
2736 1129 2873 1186 quae
2921 1117 3010 1169 cst
3057 1109 3254 1186 prima
3305 1110 3522 1178 ﬁstula,
3557 1109 3878 1180 longitudo

455 1222 646 1279 usque
673 1205 751 1264 ad
771 1203 935 1262 aliud
956 1203 1269 1276 plectrum,
1319 1202 1485 1275 quod
1517 1202 1756 1276 ponitur
1785 1207 1919 1276 post
1947 1207 2110 1260 rotu-

451 1294 598 1363 lum,
633 1310 738 1367 per
773 1293 927 1350 duos
987 1309 1203 1365 passus
1256 1291 1483 1359 metire,
1517 1297 1574 1347 et
1603 1291 1663 1346 in
1697 1291 1894 1364 primo
1924 1307 2109 1363 passu

450 1397 609 1455 pone
668 1385 708 1440 C
765 1380 1068 1439 secundus
1123 1379 1271 1437 ﬁnit.
1303 1382 1394 1437 AC
1426 1379 1504 1435 ad
1554 1381 1736 1435 ilnem
1767 1379 1972 1436 metire
2003 1395 2110 1452 per

449 1471 581 1540 tria,
614 1477 672 1528 et
698 1475 949 1544 quartus
999 1474 1154 1525 retro
1185 1468 1380 1526 reddit
1432 1471 1472 1524 G
1506 1485 1542 1524 a
1587 1471 1628 1524 G
1659 1469 1739 1525 ad
1789 1468 1972 1525 ﬁnem
2001 1485 2109 1541 per

448 1563 586 1628 tres,
615 1564 673 1616 et
712 1563 964 1632 quartus
993 1562 1149 1614 retro
1178 1573 1337 1630 pone
1369 1559 1412 1612 D
1439 1573 1475 1612 a
1503 1559 1543 1611 D
1570 1557 1649 1612 ad
1672 1556 1856 1612 ﬁnem
1879 1573 1987 1630 per
2013 1561 2105 1627 111,

450 1655 508 1706 et
530 1650 592 1705 in
617 1648 813 1721 primo
850 1664 1037 1721 passu
1065 1662 1224 1720 pone
1244 1662 1300 1702 a.
1335 1648 1414 1701 De
1445 1662 1481 1700 a
1511 1645 1588 1700 ad
1618 1645 1804 1701 ﬁnem
1825 1661 1984 1718 pone
2014 1647 2105 1715 llI,

449 1739 508 1790 et
533 1733 594 1790 in
619 1735 813 1806 primo
842 1738 998 1790 retro
1038 1749 1195 1806 pone
1222 1735 1283 1804 E,
1310 1737 1366 1790 et
1395 1733 1474 1789 ab
1509 1737 1547 1788 E
1578 1733 1656 1790 ad
1687 1733 1870 1789 ﬁnem
1891 1737 2103 1806 perlll,

447 1823 511 1881 in
539 1823 736 1896 primo
764 1839 951 1896 passu
977 1839 1133 1895 pone
1161 1829 1192 1889 t;
1221 1827 1363 1879 Item
1395 1839 1431 1880 a
1452 1825 1492 1880 C
1522 1823 1598 1878 ad
1624 1822 1806 1878 ﬁnem
1838 1838 1945 1895 per
1974 1827 2018 1880 II
2052 1827 2108 1880 et

447 1912 521 1968 Ill
549 1915 706 1968 retro
735 1927 894 1986 pone
925 1914 982 1978 F,
1010 1910 1088 1968 ab
1143 1913 1182 1968 F
1209 1911 1290 1968 ad
1316 1911 1500 1968 ﬁnem
1529 1927 1637 1985 per
1683 1911 1778 1964 IIII
1821 1911 1879 1966 in
1909 1911 2106 1984 primo

448 2016 637 2074 passu
665 2017 823 2076 pone
851 2002 914 2058 b.

1090 2107 1156 2147 DE
1193 2107 1461 2148 FlSTULlS.

519 2179 586 2236 In
614 2179 912 2236 mensuris
939 2179 1279 2236 ﬁstularum
1310 2179 1436 2236 ista)
1485 2182 1624 2236 sunt
1651 2195 1832 2236 voces
1877 2182 2104 2238 CDEFG

523 2288 668 2360 (184)
706 2287 834 2344 Vid.
859 2288 1094 2344 Notkeri
1111 2287 1346 2346 musica
1370 2304 1556 2362 supra
1583 2303 1644 2360 p.
1680 2291 1800 2344 101.

453 2466 596 2473 -.-
603 2466 770 2472 ——.——-
777 2465 1026 2472 _~__._.._.

1071 2473 1738 2484 .___—_~—_.....—.—.——.—.
1751 2474 2040 2481 ___.————-——_——-
2083 2475 2418 2482 .~.__..—-——_._-..
2439 2478 2456 2483 ..
2475 2478 2660 2484 ____...-—_

863 2615 1854 2760 APPENDIX
1967 2619 2234 2761 AD
2352 2617 2486 2760 S.
2603 2619 3455 2764 ODONEM.

2217 1205 2460 1278 ponitur
2505 1203 2584 1261 ad
2638 1203 2927 1278 placitum
2979 1219 2991 1258 :
3035 1219 3170 1275 quae
3214 1201 3404 1256 divisa
3450 1216 3557 1272 per
3612 1205 3880 1272 quatuor

2216 1310 2455 1366 passus,
2485 1309 2607 1350 uno
2636 1309 2824 1366 passu
2853 1289 3294 1348 sublatoreddit
3321 1289 3582 1345 ﬁstulam
3641 1293 3698 1345 F.
3735 1292 3876 1354 Quae

2217 1384 2256 1438 C
2287 1381 2339 1437 si
2366 1381 2668 1438 dividatur
2700 1381 2762 1436 in
2794 1384 2909 1436 tres
2937 1396 3172 1452 passus,
3203 1378 3370 1435 tertio
3403 1394 3588 1450 passu
3637 1378 3878 1433 sublato

2215 1471 2410 1527 reddit
2433 1471 2697 1527 ﬁstulam
2731 1473 2792 1526 G.
2828 1472 2868 1526 G
2923 1475 3125 1525 autem
3178 1468 3370 1524 divisa
3397 1469 3459 1524 in
3490 1474 3628 1532 tres,
3658 1473 3876 1541 quarto

2215 1576 2400 1633 passu
2426 1560 2715 1632 adjuncto
2763 1557 2956 1615 reddit
3011 1557 3272 1614 ﬁstulam
3327 1557 3370 1609 D
3399 1562 3594 1625 retro;
3651 1560 3693 1612 Ι)
3735 1573 3877 1612 vero

2216 1648 2433 1722 partita
2461 1647 2523 1704 in
2549 1652 2686 1717 tres,
2719 1648 2886 1704 tertio
2915 1645 3170 1715 sublato,
3203 1647 3458 1702 reddita
3483 1665 3497 1714 ;
3537 1663 3576 1702 a
3601 1646 3797 1702 divisa
3817 1647 3878 1702 in

2217 1743 2356 1805 tres,
2382 1742 2598 1812 quarto
2624 1753 2810 1810 passu
2830 1736 3107 1810 apposito
3133 1735 3608 1792 redditlistulam
3639 1739 3676 1790 E
3695 1741 3874 1792 retro.

2217 1828 2256 1881 E
2281 1825 2497 1882 iterum
2521 1830 2762 1898 eequata
2789 1825 2852 1881 in
2876 1829 3014 1896 tres,
3047 1825 3213 1882 tertio
3240 1824 3440 1882 ablato
3467 1823 3666 1880 reddit
3711 1823 3876 1878 ﬁstu-

2213 1913 2338 1971 lam
2362 1927 2392 1980 ξ
2417 1914 2634 1971 Fistula
2663 1914 2786 1971 Fin
2820 1919 3084 1987 quatuor
3103 1931 3323 1987 passus
3365 1912 3604 1969 redacta
3633 1912 3740 1967 dat
3781 1911 3876 1966 ﬁs-

2212 2003 2336 2060 lam
2369 2003 2423 2074 b,
2455 2007 2670 2076 quarto
2697 2019 2888 2076 passu
2925 2002 3180 2058 succiso.
3249 2005 3418 2058 Notet
3472 2006 3676 2058 autem
3741 2017 3878 2072 pru-

2215 2091 2364 2148 dens
2393 2091 2660 2147 musicus
2705 2091 2814 2147 has
2855 2107 3174 2148 mensuras
3207 2093 3486 2147 constare
3515 2105 3624 2164 per
3653 2090 3876 2146 diates-

2217 2197 2398 2239 saron
2427 2185 2484 2238 et
2513 2181 2812 2255 diapente.

2123 3017 2210 3140 Ι.

1109 3261 1212 3370 DE
1285 3259 1798 3373 REVERSMNE
1871 3262 2116 3374 BEATI
2189 3263 2536 3376 MARTINI
2611 3265 2663 3376 Δ
2736 3267 3203 3379 1111111111111111

1839 3473 2473 3557 TRACTATUS

455 3648 805 3735 ΒΕΑΤο
860 3648 1194 3738 ODONI
1241 3649 1952 3740 CLUNIACENSI
1993 3654 2157 3740 AB]

2207 3655 2394 3740 ιΑΤΙ
2457 3655 2854 3742 DUBITA
2869 3657 3074 3744 N'l‘E
3091 3661 3156 3744 ll
3219 3665 3278 3744 Λ
3290 3659 3410 3744 SC
3425 3659 3532 3744 [tl
3555 3659 3686 3744 ΡΤ
3701 3659 3856 3744 ES.

1681 3835 1790 3900 (Ex
1821 3831 2179 3890 Bibliotheca
2209 3832 2633 3906 Cluniacensi.)

2009 4015 2276 4033 -α

447 4158 716 4226 Epistola
743 4159 1046 4226 Fuit-onis,
1097 4166 1484 4230 cognomento
1541 4163 1692 4229 Bom,
1737 4161 2156 4232 Andegavo-B
2195 4161 2318 4218 tino
2379 4161 2680 4221 charitatis
2726 4183 2739 4221 :
2777 4166 3058 4238 quamvis
3107 4172 3382 4236 respectu
3425 4169 3605 4226 vestri
3663 4171 3867 4227 minor

481 4261 617 4302 rum
633 4247 881 4316 comitis,
897 4248 978 4304 ad
1004 4247 1264 4305 Odcnem
1291 4250 1736 4307 Ctuniacensem
1767 4251 2060 4308 abbatem.

513 4389 846 4445 Venerabili
885 4395 942 4446 et
975 4393 1183 4447 sancto
1236 4391 1390 4463 patri
1421 4393 1594 4448 Onom
1627 4392 1728 4450 Dei
1754 4393 1946 4464 gratia
1967 4393 2098 4452 Clu-

439 4477 706 4534 niacensi
735 4477 961 4550 abbati,
993 4481 1173 4536 FULco
1228 4481 1448 4548 Bonus,
1503 4496 1705 4538 comes
1747 4481 2098 4553 Andegavo-

438 4583 576 4624 rum
603 4567 852 4626 salutem
881 4573 939 4625 et
967 4569 1234 4626 debitam
1263 4570 1652 4627 reverentiam
1686 4571 1852 4642 (185).

514 4693 713 4750 Solent
765 4695 1036 4768 quodam
1099 4695 1320 4753 favoris
1375 4695 1669 4770 prteludio
1741 4709 2094 4768 comparare

435 4780 939 4856 benevolentiam,
1009 4785 1113 4856 qui
1170 4800 1294 4842 non
1363 4785 1507 4841 satis
1562 4788 1940 4858 praesumunt
2017 4783 2094 4840 de

437 4868 614 4926 amici
661 4871 1041 4928 conscientia.
1102 4875 1224 4944 Ego
1269 4877 1493 4944 autem,
1557 4878 1731 4947 pater
1785 4872 2095 4930 venerabi-

432 4957 524 5022 lis,
599 4957 772 5014 vobis
830 4960 1122 5028 scribens,
1179 4977 1568 5036 nequaquam
1625 4963 1688 5019 id
1754 4962 1901 5018 mihi
1961 4978 2092 5019 esse

432 5047 840 5105 necessarium
885 5049 1176 5122 reputavi.
1259 5055 1560 5108 Praesumo
1612 5051 1774 5108 enim
1839 5067 1936 5108 me
1981 5067 2089 5108 vo-

429 5135 524 5194 bis
581 5136 1145 5209 conjunctissimum
1196 5155 1490 5213 compage
1537 5139 1833 5198 duntaxat
1862 5147 1920 5198 et
1964 5139 2092 5210 glu-

2143 4311 2148 4315 _
2207 4249 2316 4306 sim
2348 4251 2655 4322 dignitate,
2683 4254 2907 4310 meritis
2929 4259 3130 4312 autem
3154 4256 3442 4314 minimus
3467 4258 3552 4329 [in
3587 4260 3864 4329 impress,

2204 4340 2485 4411 quamvis
2516 4347 2790 4415 respectu
2817 4343 2992 4400 vestri
3023 4345 3220 4400 minor
3248 4362 3422 4415 sum;
3459 4346 3520 4402 in
3571 4346 3868 4418 dignitate

2204 4433 2404 4485 autem
2420 4429 2641 4501 judicis
2671 4431 2998 4504 minimus].
3041 4437 3168 4489 Non
3192 4434 3353 4490 enim
3382 4451 3622 4508 semper
3657 4453 3868 4510 nsqua-

2201 4517 2282 4575 lia
2311 4519 2634 4576 sociantur.
2693 4521 2856 4576 Certe
2903 4522 3244 4593 junguntur
3271 4523 3330 4579 in
3383 4523 3658 4596 ejusdem
3691 4543 3868 4582 cons-

2203 4609 2493 4666 tructione
2523 4609 2894 4668 tabernaculi
2918 4627 3066 4682 saga
3109 4612 3342 4670 cilicina
3397 4613 3638 4670 cortinis
3673 4616 3868 4672 subti-

2201 4695 2442 4752 lissimis
2497 4699 2712 4769 (Exod.
2773 4716 2935 4768 xxvr,
2985 4701 3060 4772 7).
3119 4705 3181 4756 In
3233 4717 3371 4758 area
3435 4705 3554 4758 Noe
3611 4704 3868 4761 immitis

2199 4785 2402 4843 bellua
2446 4802 2586 4844 cum
2639 4788 2883 4846 homine
2947 4794 3263 4847 mansueto
3306 4791 3644 4848 exitialibus
3683 4793 3870 4848 undis

2200 4873 2444 4948 eripitur
2465 4875 2628 4947 (Gen.
2659 4893 2761 4944 vn,
2795 4879 2866 4949 8).
2899 4877 3408 4934 Pulchritudinem
3446 4883 3866 4936 creaturarum

2199 4965 2257 5016 et
2309 4962 2562 5021 formica
2598 4971 2867 5030 exornat,
2917 4971 2974 5022 et
3030 4967 3301 5039 angelus.
3353 4969 3440 5032 Et,
3495 4973 3560 5026 ut
3613 4969 3866 5026 domes-

2198 5051 2313 5108 tico
2369 5052 2586 5111 abutar
2632 5054 2928 5128 exemplo,
2987 5057 3416 5129 pulverulentis
3469 5057 3732 5131 pedibus
3773 5059 3866 5115 lu-

2199 5147 2324 5197 tum
2376 5142 2690 5201 oculorum
2732 5146 3019 5218 positum,
3078 5145 3334 5203 sublime
3375 5147 3439 5202 in
3497 5147 3680 5204 nobis
3710 5147 3864 5217 ipsis

499 5317 856 5394 (18§)‘Fulco
873 5318 1079 5394 Bonus
1093 5319 1348 5394 comes_A
1359 5319 1788 5394 ndegavorym.
1817 5317 2088 5394 Fulconis
2195 5319 2458 5394 epistolas
2494 5338 2507 5376 :
2544 5341 2575 5394 ς
2604 5321 2869 5394 Quodsi
2882 5322 2983 5394 jus
3011 5322 3074 5378 in
3103 5323 3368 5380 amicum
3405 5339 3516 5394 pro
3543 5325 3864 5381 convictus

427 5387 559 5460 Ruﬁ
587 5387 764 5460 ﬁlius.
792 5389 899 5460 qui
918 5393 1194 5445 sanctum
1221 5387 1492 5446 Odoncm
1521 5387 1779 5454 nutrivit,
1805 5389 1900 5460 uti,
1913 5389 2088 5460 docet

2196 5391 2404 5467 gratia,
2432 5391 2833 5467 prolactcntis
2855 5391 3122 5467 infantiae
3143 5391 3621 5467 participatione,
3653 5395 3862 5452 liceret

429 5456 678 5535 Historia
697 5456 1011 5535 consulum
1030 5460 1576 5535 Andegavensium,
1596 5464 1652 5535 et
1672 5473 1783 5514 nos
1808 5459 1948 5535 alibi
1953 5460 2083 5529 jam
2193 5456 2452 5535 exigere,
2481 5463 2627 5535 nihil
2653 5463 2831 5520 credo
2851 5465 2998 5520 mihi
3020 5456 3336 5535 negaretis,
3357 5456 3542 5535 quem
3575 5456 3772 5522 mater
3793 5469 3858 5521 in

424 5527 790 5610 notavimus.
820 5533 1160 5610 l_mo__matc_r
1190 5527 1245 5588 Ξ.
1278 5530 1501 5610 Qdonis
1533 5529 1852 5610 Fulconem
1883 5527 2083 5610 ipsum

422 5599 662 5655 lactavit
683 5598 742 5654 in
763 5598 1026 5656 infantiae
1046 5601 1397 5674 primordio.
1417 5601 1508 5657 Sic
1531 5600 1692 5657 enim
1715 5598 1876 5656 idem
1892 5598 1952 5656 in
1963 5599 2082 5658 ﬁne

2189 5531 2357 5588 lactis
2373 5531 2724 5607 participem
2741 5535 3000 5607 accivit?
3023 5559 3050 5585 ››
3081 5531 3244 5592 Unde
3271 5531 3328 5592 et

2192 5605 2430 5660 laneum
2461 5605 2607 5676 ejus'
2620 5609 2796 5662 vocat
2821 5606 2883 5662 in
2915 5607 3165 5679 epistola
3194 5609 3486 5680 sequenti.

3405 5537 3485 5593 do
3535 5553 3598 5592 se
3629 5541 3858 5594 collac-
