4134 6114
280 111 385 165 817
1243 96 1332 151 DE
1369 87 1914 154 TRANSLATIONE
1957 89 1996 144 Β

2112 93 2344 154 ΑΒΤῙΝΙ
2377 104 2418 155 Α
2463 103 2886 164 BURGUNDIA.
3635 109 3739 164 818

283 235 522 292 exhibet
548 232 979 288 ministerium.
1012 225 1132 284 Sed
1164 237 1427 297 quorum
1455 225 1586 281 haec
1616 229 1737 282 tam
1783 223 1980 290 longo
2011 221 2060 275 Α
2090 227 2149 280 et
2168 241 2353 299 pareo
2377 233 2562 303 jussis
2615 250 2689 290 ne
2744 236 3010 307 ingratus
3057 239 3326 295 existam,
3379 241 3500 295 Hoc
3527 237 3738 295 saltem

285 324 535 398 1’θιθΡθῒίίθι
558 321 868 396 Ρτίῑιοίρίο
891 322 919 377 Ῠ
945 322 1178 386 Nempe
1199 316 1264 369 Ut
1287 315 1557 370 asu'uam
1580 309 1983 386 θΧθωΡΙίενθί
2089 329 2284 375 unum
2306 337 2402 377 me
2432 321 2650 378 dixisse
2678 323 2869 391 liceat,
2932 343 3134 383 rarum
3192 329 3315 385 imo
3354 328 3474 385 fere
3503 327 3740 384 nullum

287 414 641 471 conﬁrmem
693 409 1066 475 rationibus,
1115 417 1275 475 saepe
1323 401 1526 458 comiti
1569 401 1862 476 disparia,
1924 399 1982 453 et
2086 407 2352 478 reperiri,
2383 427 2566 484 quem
2591 411 2672 468 ita
2703 413 2925 469 virtutis
2952 417 3252 473 aemulatio
3293 417 3511 474 saeculo
3543 416 3738 472 subri-

290 502 570 560 sublimia
620 500 962 556 humilibus
1007 491 1237 550 debere
1275 492 1780 549 condescendere.
1830 492 1982 580 Con-
2087 493 2235 564 piat,
2268 503 2332 556 ut
2359 502 2662 575 mancipat
2691 503 3006 560 honestati.
3040 506 3152 561 Sed
3177 507 3308 576 jam
3340 507 3418 562 ad
3444 506 3741 580 imperata

290 591 614 650 descendat
659 591 846 662 igitur
872 601 1026 643 mete
1059 581 1340 654 parvitati
1367 587 1564 639 vestra
1611 579 1976 644 sublimitas,

293 689 352 741 et
380 685 658 757 praestate
687 679 862 754 quod
889 670 1162 750 postulo,
1195 671 1302 744 qui
1348 673 1464 728 hoc
1513 672 1716 747 ipsum
1747 666 1982 744 prassti-

297 774 466 841 tistis,
515 775 580 827 ut
617 770 934 844 postulare
987 759 1303 820 auderem.
1355 761 1616 818 Meminit
1644 764 1826 828 certe,
1853 771 1980 814 non

297 861 560 932 ambigo,
588 864 792 915 vestra
825 858 1040 912 sancta
1077 851 1424 922 paternitas,
1465 866 1655 923 quam
1693 846 1978 904 dulcibus

298 949 548 1024 eloquiis
578 949 857 1004 animam
884 959 1092 1001 meam
1131 939 1491 996 esurientem
1533 939 1781 995 reficere
1834 933 1982 991 sole-

298 1041 455 1098 batis
499 1056 512 1094 :
559 1041 628 1093 ut
669 1037 747 1093 de
777 1037 989 1092 sancto
1045 1036 1105 1088 et
1150 1027 1436 1088 melliﬂuo
1467 1044 1569 1084 ore
1591 1029 1802 1084 vestro
1826 1024 1984 1080 illius

299 1130 458 1201 ignis
483 1127 705 1201 saepius
734 1125 1022 1182 ardorem
1055 1124 1118 1178 in
1143 1137 1242 1177 me
1265 1116 1608 1175 transfundi
1632 1121 1691 1172 et
1728 1111 1986 1170 accendi

303 1219 604 1286 sentirem,
636 1231 824 1289 quem
861 1211 1153 1270 Dominus
1183 1211 1358 1264 Jesus
1387 1207 1552 1262 misit
1596 1205 1658 1260 in
1716 1208 1900 1269 terra,
1930 1203 1988 1256 et

299 1309 492 1365 voluit
520 1307 904 1363 vehementer
925 1299 1201 1360 accendi.
1229 1301 1387 1354 Inter
1438 1300 1652 1351 caetera
1677 1307 1826 1349 vero
1856 1289 1986 1346 vitae

303 1403 543 1454 aeternae
592 1393 915 1466 colloquia,
976 1390 1056 1446 de
1109 1384 1420 1456 communi
1461 1388 1718 1456 patrono
1752 1383 1986 1447 nostro,

304 1487 578 1544 videlicet
605 1484 874 1553 Martino,
906 1481 1196 1553 frequens
1254 1479 1380 1532 erat
1406 1473 1580 1529 nobis
1631 1476 1689 1526 et
1710 1467 1992 1541 jocunda

306 1575 618 1632 fabulatio.
649 1577 830 1629 Porro
852 1573 1004 1627 inter
1037 1567 1159 1624 alia
1187 1563 1331 1621 mihi
1372 1561 1651 1618 retulistis
1688 1556 1993 1629 reperisse

306 1684 422 1723 vos
458 1665 520 1721 in
587 1662 962 1737 quibusdam
1009 1656 1314 1714 veteribus
1361 1650 1658 1708 schedulis
1710 1645 1994 1718 impolita

307 1735 625 1811 exaratum
655 1767 957 1820 sermone,
986 1745 1246 1822 qualiter
1266 1740 1541 1814 ejusdem
1566 1737 1730 1796 beati
1763 1735 1995 1791 Martini

309 1841 782 1899 sacratissimum
821 1853 1048 1912 corpus
1074 1835 1156 1891 ob
1182 1831 1586 1888 barbarorum
1613 1826 1904 1882 incursus
1933 1823 1995 1880 in

310 1930 722 2000 Burgundiam
743 1911 1019 1984 delatum
1045 1923 1176 1988 fuit,
1201 1919 1582 1994 qualiterque
1610 1911 1833 1972 exinde
1862 1912 1994 1968 red-

309 2021 438 2077 dita
464 2036 612 2093 pace
641 2017 919 2074 Ecclesiae
969 2013 1050 2070 ad
1077 2009 1394 2086 propriam
1444 2005 1658 2062 urbem
1709 2000 1990 2093 relatum.

311 2114 436 2182 Ego
460 2090 658 2165 autem
688 2111 743 2164 et
767 2106 880 2163 viri
912 2102 1108 2160 sancti
1140 2113 1376 2165 amore,
1405 2099 1465 2152 et
1493 2094 1610 2168 pia:
1635 2095 1850 2149 vestra:
1876 2090 1994 2146 col-

309 2197 627 2256 locationis
685 2210 979 2253 accensus
1030 2187 1360 2259 desiderio,
1393 2183 1609 2254 rogavi
1666 2179 1908 2252 saepius,
1939 2184 1996 2236 et

309 2304 474 2345 nunc
510 2289 724 2342 iterum
755 2299 926 2353 rogo,
987 2283 1293 2354 quatenus
1323 2270 1702 2346 antiquitatis
1731 2267 1994 2325 historiae

310 2378 430 2433 ﬁde
460 2380 709 2446 servata,
741 2389 920 2430 suam
945 2371 1007 2427 in
1032 2372 1235 2425 vestro
1269 2362 1604 2441 dictamine
1634 2373 1768 2417 rem
1796 2357 1994 2430 ipsam

309 2445 824 2539 explanatiszquo
863 2465 920 2519 et
961 2465 1079 2516 tam
1111 2458 1216 2532 pia
1259 2451 1618 2512 narratione
1672 2445 1997 2539 aediﬁcetur

316 2533 586 2623 Ecclesia,
618 2559 675 2610 et
693 2533 796 2608 filii
830 2554 1000 2624 pater
1020 2547 1256 2620 expleat
1289 2540 1695 2600 desiderium.
1746 2535 1920 2603 Quod
1947 2533 1996 2589 si

310 2661 426 2717 ego
455 2646 598 2702 tanti
647 2643 832 2718 patris
888 2639 1050 2696 ﬁlius
1101 2634 1399 2710 appellari
1426 2647 1553 2688 non
1613 2626 1839 2718 merui,
1886 2641 1997 2718 nec

311 2712 524 2791 merita
551 2733 629 2791 ad
649 2712 746 2788 —id
793 2728 962 2805 quod
1012 2725 1279 2801 postulo,
1332 2717 1811 2794 impetrandum
1835 2712 1998 2805 sufﬁ-

315 2825 522 2881 ciunt:
554 2827 705 2880 certe
753 2803 850 2877 vel
899 2815 1159 2887 dignitas
1210 2810 1500 2876 materiae,
1557 2807 1666 2864 vel
1724 2803 1998 2862 Ecclesiae

2089 587 2448 658 respondeo.
2503 590 2746 659 Siccine,
2808 607 3010 648 comes
3066 590 3506 663 gloriosissime,
3548 593 3740 650 nemi-

2088 687 2230 730 nem
2260 679 2618 749 reperiebas,
2667 696 2852 754 quem
2890 680 2965 736 de
3008 680 3218 738 virtute
3273 683 3631 750 contuleres,
3683 685 3743 739 et

2089 765 2388 838 praecipue
2419 767 2494 824 de
2520 768 2648 824 viro
2680 769 2906 826 virtutis
2962 769 3228 837 Martino,
3286 771 3400 826 nisi
3423 776 3592 827 tuum
3622 771 3742 828 col-

2087 850 2428 911 lactaneum
2514 857 2784 914 Odonem
2829 859 2857 913 ?
2919 861 3064 914 Puto
3148 859 3397 915 deerant
3451 859 3745 932 przeclara

2071 943 2454 1001 Francorum
2480 945 2743 1015 ingenia,
2797 946 2903 1018 qui
2933 946 3278 1003 sublimem-
3307 947 3620 1004 materiam
3651 963 3747 1002 su-

2089 1029 2258 1087 blimi
2302 1035 2742 1107 aequipararent
2779 1036 3168 1108 eloquentia?
3226 1037 3359 1101 Sed,
3413 1041 3480 1094 ut
3532 1036 3745 1104 sentio,

2091 1121 2258 1192 quod
2307 1138 2458 1195 pace
2509 1129 2612 1180 tua
2664 1124 2937 1193 dixerim,
2989 1125 3253 1198 privatus
3306 1143 3480 1183 amor
3521 1125 3749 1183 claudit

2094 1211 2335 1266 oculum
2381 1213 2596 1268 mentis
2629 1231 2641 1269 :
2674 1213 2932 1287 plusque
2978 1215 3085 1270 tibi
3125 1215 3322 1287 placet
3357 1216 3534 1272 amici
3577 1215 3751 1272 rusti-

2095 1298 2261 1370 citas,
2292 1317 2480 1372 quam
2511 1305 2862 1358 caeterorum
2899 1303 3209 1376 phalerato.
3252 1303 3578 1361 urbanitas.
3633 1303 3750 1360 Sed

2096 1392 2242 1456 esto,
2275 1388 2378 1445 tibi
2409 1406 2660 1463 paream
2693 1410 2706 1448 :
2738 1391 3059 1462 aggrediar
3113 1393 3277 1465 quod
3333 1392 3610 1448 hortaris.
3644 1395 3752 1448 Ve-

2097 1481 2440 1534 rumtamen
2470 1480 2608 1551 quis
2648 1479 2885 1535 ﬁdelius
2926 1485 3193 1537 tenorem
3248 1481 3530 1552 historias,
3560 1497 3751 1553 quam

2035 1578 2072 1630 Β
2099 1566 2350 1623 describi
2383 1568 2671 1640 postulas,
2705 1569 2852 1625 scire
2881 1570 3091 1641 potuit,
3124 1585 3305 1642 quam
3337 1574 3398 1626 tu
3422 1571 3552 1643 ipse
3577 1571 3756 1642 cujus

2101 1655 2463 1726 Ingelgerius
2509 1657 2783 1714 videlicet
2822 1657 3032 1714 doctor
3060 1661 3116 1714 et
3143 1659 3420 1731 princeps
3449 1660 3510 1713 in
3539 1659 3758 1715 eadem

2100 1745 2463 1819 profectione
2492 1747 2755 1803 exstitit?
2810 1747 2867 1804 Si
2906 1747 3082 1819 igitur
3120 1763 3406 1804 excusare
3457 1747 3677 1815 liceret,
3707 1747 3760 1804 si

2100 1836 2250 1910 quid
2280 1835 2384 1892 tibi
2413 1851 2634 1907 negare
2660 1836 2846 1893 nostri
2866 1842 3023 1893 esset
3050 1837 3362 1910 propositi,
3387 1837 3599 1894 merito
3651 1837 3760 1893 tibi

2100 1924 2466 1999 respondere
2523 1924 2836 1981 debuerim
2869 1942 2882 1979 :
2923 1925 3242 1996 Interroga
3296 1931 3532 1996 patrem
3563 1931 3757 1995 tuum,

2102 2019 2156 2071 et
2180 2013 2571 2069 annuntiabit
2602 2013 2746 2082 tibi;
2801 2015 3058 2083 majores
3109 2018 3259 2080 tuos,
3318 2019 3374 2070 et
3423 2014 3622 2070 dicent
3653 2014 3764 2070 tibi

2100 2104 2297 2174 (Deut.
2316 2118 2495 2170 xxxu,
2519 2102 2596 2173 7).
2615 2101 2729 2159 Sed
2748 2101 2912 2174 quia,
2936 2105 2998 2158 ut
3015 2117 3219 2158 verum
3231 2101 3437 2170 fatear,
3455 2101 3762 2175 meipsum

2101 2192 2206 2248 tibi
2230 2191 2444 2261 debeo,
2477 2192 2658 2248 etiam
2683 2191 2836 2248 ultra
2863 2191 3019 2248 vires
3049 2206 3256 2264 parere
3287 2189 3392 2246 tibi
3418 2205 3543 2246 non
3590 2190 3764 2247 diffe-

2101 2298 2253 2339 ram.
2310 2284 2377 2337 Et
2420 2281 2469 2336 si
2499 2280 2661 2337 enim
2717 2281 2870 2337 inest
2911 2280 3252 2351 ignorantia
3307 2294 3494 2352 quam
3543 2284 3764 2349 arguat

2101 2369 2515 2445 praesumptio,
2569 2385 2714 2425 vera
2769 2372 2970 2426 tamen
3009 2367 3242 2424 dilectio
3297 2383 3422 2423 non
3449 2367 3762 2424 horrescit.

2103 2458 2336 2516 Parebo
2362 2457 2567 2531 itaque
2591 2473 2716 2514 non
2747 2457 3034 2530 eloquens
3063 2455 3318 2521 erudito,
3337 2455 3446 2512 sed
3469 2459 3536 2512 ut
3564 2455 3766 2512 amico

2103 2547 2525 2606 amicissimus.
2559 2547 2700 2603 Plus
2727 2563 2930 2614 verax,
2958 2562 3146 2618 quam
3169 2544 3478 2618 eloquens,
3509 2544 3768 2602 inveniri

2105 2635 2392 2694 conabor.
2448 2639 2651 2711 Neque
2702 2635 2864 2692 enim
2929 2639 3139 2691 nostra
3201 2634 3422 2706 patitur
3469 2632 3767 2707 professio

2102 2725 2435 2801 pompatici
2466 2724 2614 2796 [haec
2645 2724 2862 2781 desunt
2888 2725 2948 2780 in
2981 2723 3286 2796 lmpress.]
3328 2721 3646 2794 [sermonis
3676 2722 3767 2779 af-

2107 2818 2324 2874 fectare
2356 2814 2659 2885 gloriolas,
2693 2815 2960 2871 studium
2988 2816 3081 2869 est
3122 2828 3250 2868 esse
3305 2812 3526 2885 potius,
3575 2829 3766 2884 quam

319 2915 536 2972 utilitas
563 2911 874 2982 obtinebit,
905 2906 1072 2983 quod
1093 2901 1406 2979 poscentis
1433 2898 1646 2956 vilitas
1671 2897 1999 2970 impetrare
2030 2923 2072 2980 ο
2107 2905 2316 2963 videri.
2338 2906 2557 2960 Verum
2587 2903 2752 2979 quia]
2774 2902 3079 2960 nonnullis
3099 2917 3233 2957 mos
3264 2905 3353 2956 est
3382 2900 3603 2972 scripta
3625 2900 3770 2957 alio-

321 3021 447 3062 non
476 3004 707 3061 meruit.
745 2999 1031 3059 Martinus
1086 2994 1248 3050 enim
1292 2987 1567 3058 materia,
1612 2985 1846 3043 utilitas
1898 2987 2001 3041 Ec-

325 3092 638 3170 clesiarum
659 3088 981 3158 aediﬁcatio
1011 3087 1121 3140 est.
1158 3084 1274 3137 Vos
1304 3082 1509 3136 autem
1538 3075 1699 3149 quid
1730 3072 2002 3131 'Martino

328 3163 622 3253 negabitis
645 3182 673 3237 ‘2
719 3177 876 3246 Quid
906 3168 1322 3232 aediﬁcationis
1376 3165 1653 3223 Ecclesiis
1685 3163 2001 3220 subtrahe-

333 3273 408 3328 tis
423 3251 464 3326 7?
495 3271 592 3326 Eia
649 3284 814 3340 ergo,
849 3265 1008 3336 agite
1041 3279 1055 3318 :
1089 3258 1258 3333 quod
1313 3262 1371 3312 et
1421 3255 1658 3311 amicus
1711 3251 2002 3325 postulat,

337 3359 578 3417 Martino
603 3339 868 3432 praestat,
896 3357 955 3411 et
982 3347 1308 3408 Ecclesiam
1337 3343 1679 3432 aediﬁcat.Q
1690 3340 1809 3397 uod
1839 3339 1890 3396 si
1902 3343 2008 3410 jus

339 3452 403 3507 in
433 3429 694 3505 amicum
732 3462 844 3520 pro
884 3440 1191 3500 convictus
1224 3434 1435 3508 gratia,
1465 3447 1577 3506 pro
1619 3431 1891 3487 lactentis
1919 3429 2008 3486 in-

341 3540 542 3598 fantia:
571 3534 1030 3612 participatione
1068 3522 1490 3602 [participatio]
1520 3521 1722 3577 liceret
1748 3521 2004 3591 exigere,

343 3629 493 3686 nihil
522 3609 697 3684 credo
755 3624 902 3681 mihi
952 3617 1273 3690 negaretis,
1313 3629 1498 3687 quem
1528 3615 1720 3667 mater
1749 3609 1810 3664 in
1838 3609 2007 3666 lactis

345 3717 696 3792 participem
726 3712 957 3770 accivit.
990 3710 1178 3775 Quem
1210 3718 1351 3773 ergo
1383 3699 1636 3758 materni
1687 3698 1857 3754 lactis
1900 3715 2008 3754 nu-

346 3789 527 3865 tristis
557 3789 890 3879 participio,
915 3797 1122 3856 matris
1152 3792 1422 3852 Ecclesiae
1443 3789 1660 3847 nutrite
1702 3789 1855 3844 lacte
1909 3805 2007 3846 sa-

345 3878 580 3954 lutifero
615 3913 628 3951 :
663 3900 727 3950 ut
781 3892 932 3947 sicut
972 3884 1240 3959 corporis
1293 3881 1410 3938 mei
1461 3879 1646 3935 vitam
1701 3878 1776 3935 de
1802 3879 2009 3936 matris

347 3989 500 4043 lacte
526 3984 773 4048 fovistis,
802 3982 884 4038 ita
899 3979 1169 4036 animam
1184 3974 1259 4029 de
1278 3973 1430 4028 lacte
1448 3967 1718 4025 Ecclesiae
1739 3967 2006 4026 foveatis.

530 4093 804 4163 Epistola
832 4088 1050 4146 Odonis
1081 4085 1162 4142 ad
1186 4081 1451 4140 eumdem
1479 4078 1827 4135 Fulconem.

426 4205 664 4258 Furcom
699 4203 850 4267 Bono
900 4191 1330 4268 gloriosissimo
1383 4185 1613 4245 consuli
1661 4187 2011 4257 Andegavo-

2109 3010 2244 3051 rum
2275 2991 2353 3048 ad
2405 3006 2674 3062 unguem
2713 2991 2979 3055 elimare,
3020 3004 3158 3045 cum
3206 2987 3323 3060 ipsi
3376 2986 3767 3059 lippientibus

2109 3083 2320 3152 oculis,
2349 3081 2396 3136 si
2417 3097 2542 3154 qua
2567 3080 2716 3136 forte
2746 3078 3059 3147 ediderint,
3092 3077 3190 3133 vix
3207 3079 3542 3150 respectent
3568 3093 3582 3131 :
3615 3090 3768 3146 rogo

2111 3179 2177 3230 ut
2204 3171 2442 3246 privata
2468 3169 2722 3226 lectione
2751 3172 3086 3235 contentus,
3109 3171 3323 3239 etquae
3349 3164 3628 3238 privatim
3648 3165 3771 3221 dic-

2113 3263 2372 3320 tavimus
2404 3258 2671 3333 privatus
2701 3263 2758 3315 et
2794 3258 2920 3330 ipse
2956 3256 3146 3327 legas,
3190 3270 3266 3310 ne
3296 3254 3344 3310 si
3370 3254 3518 3309 forte
3551 3253 3614 3309 in
3644 3269 3771 3309 ma-

2113 3369 2229 3410 nus
2248 3348 2582 3406 alienorum
2607 3347 2736 3420 ipse
2765 3362 3006 3416 venero,
3037 3344 3342 3417 discerpar
3369 3341 3448 3399 ab
3476 3341 3580 3406 eis,
3611 3357 3770 3415 quos

2115 3457 2238 3498 non
2263 3453 2422 3506 vera,
2448 3436 2557 3492 sed
2588 3451 2746 3492 vana
2771 3435 3084 3492 delectant.

2117 3551 2189 3606 In
2233 3551 2561 3604 tractatum
2605 3543 2679 3600 de
2706 3543 3041 3600 reversione
3077 3541 3234 3597 beati
3267 3538 3524 3595 Martini
3552 3553 3589 3595 a
3620 3537 3775 3593 Bur-

2656 3633 2886 3703 gunaia
2916 3631 3220 3702 praefatio.

2190 3743 2429 3809 Quoties
2472 3757 2614 3812 ergo
2668 3738 2986 3810 cujuslibet
3015 3736 3272 3808 potentis
3301 3734 3654 3790 muneribus
3678 3732 3773 3788 vel

2118 3831 2419 3890 beneﬁciis
2459 3828 2862 3903 praevenimur
2910 3824 3306 3897 [premimur],
3358 3820 3771 3896 persolvendaa

2118 3925 2262 3981 vicis
2310 3922 2362 3978 ei
2410 3919 2654 3976 obnoxii
2712 3923 3000 3974 tenemur.
3041 3918 3121 3970 Ea
3159 3919 3402 3987 propter
3441 3911 3773 3984 praedeces-

2121 4028 2287 4070 sorcs
2339 4008 2526 4066 nostri
2580 4007 2807 4063 domno
2861 4003 3184 4062 Turonensi
3226 4001 3489 4067 Martino,
3522 3997 3624 4071 qui
3664 3996 3774 4052 fuit

2117 4103 2207 4158 vir
2231 4105 2442 4174 potens
2471 4099 2531 4153 in
2561 4111 2740 4169 opere
2770 4100 2826 4151 et
2850 4108 3146 4162 sermone,
3177 4091 3281 4165 qui
3302 4090 3480 4147 etiam
3502 4093 3772 4160 tempore

2120 4188 2489 4249 necessitatis
2516 4190 2820 4243 Turonum
2847 4182 3170 4256 [Turonim]
3224 4196 3397 4236 suam
3452 4177 3528 4233 de
3586 4191 3774 4232 manu

352 4309 512 4360 rum,
568 4291 744 4347 frater
801 4266 926 4345 Ono
957 4281 1198 4342 humilis
1237 4279 1430 4336 abbas
1474 4275 1880 4334 Cluniacensis
1913 4291 2010 4332 sa-
2049 4274 2098 4332 D
2124 4279 2380 4362 potentis
2427 4280 2698 4351 potenter
2750 4272 2984 4347 eripuit,
3015 4270 3377 4341 obligatores
3429 4266 3570 4324 facti
3612 4270 3770 4322 sunt.

353 4383 569 4449 lutem,
597 4378 848 4450 gratiam
870 4381 928 4433 et
948 4370 1446 4432 benedictionem.

431 4473 579 4527 Cum
611 4469 672 4524 in
692 4465 934 4523 sublimi
962 4460 1268 4520 humilitas
1291 4462 1349 4514 et
1384 4457 1447 4513 in
1485 4456 1724 4525 magnis
1755 4461 1812 4512 et
1859 4455 2015 4512 mul-

356 4562 433 4617 tis
485 4557 739 4629 negotiis
791 4557 1108 4627 occupato,
1139 4547 1374 4605 virtutis
1411 4545 1674 4603 studium
1704 4546 2014 4618 reperitur,

355 4665 523 4721 vere,
556 4647 762 4718 fateor,
796 4645 950 4701 illius
976 4658 1129 4715 opus
1181 4643 1290 4709 est,
1318 4637 1423 4710 qui
1452 4640 1644 4709 potest
1697 4635 1771 4691 de
1801 4634 2016 4707 lapidi-

358 4741 479 4796 bus
506 4737 791 4792 suscitare
837 4733 989 4788 ﬁlios
1020 4729 1273 4786 Abrahae
1302 4726 1542 4798 (Matth.
1577 4741 1658 4796 ιιι,
1698 4726 1772 4797 9).
1830 4726 2015 4794 Patet,

359 4827 566 4895 credo,
626 4841 730 4880 cur
781 4823 892 4878 ista
933 4815 1347 4894 prtemiserim.
1399 4818 1542 4870 Ecce
1567 4813 1725 4869 enim
1754 4812 2019 4868 mundus

360 4919 424 4973 in
459 4915 723 4984 maligno
753 4917 909 4968 totus
947 4907 1179 4983 positus
1217 4909 1306 4960 est
1359 4904 1418 4976 (I
1439 4906 1614 4959 Joan.
1655 4919 1716 4970 v,
1750 4903 1831 4973 19)
1868 4919 1880 4955 :
1909 4917 2020 4956 nec

365 5013 572 5063 tamen
601 5003 712 5061 sibi
759 5001 1026 5058 vindicat
1081 4993 1604 5068 generosissimum
1663 4991 2017 5064 principem.

369 5096 690 5153 Fulconem
782 5095 1035 5158 Bonum,
1129 5103 1165 5143 a
1246 5099 1368 5157 quo
1449 5087 1648 5138 tamen
1718 5082 1778 5136 in
1854 5085 2023 5152 parte

368 5201 497 5242 non
553 5183 805 5239 minima
894 5177 1232 5236 vindicatur
1300 5171 1474 5228 Fulco
1545 5174 1761 5237 Bonus,
1819 5174 2025 5242 utpote

371 5289 578 5331 comes
614 5274 958 5346 praepotens
996 5264 1236 5337 negotia
1291 5264 1501 5317 tractat
1529 5259 1838 5316 saecularia
1870 5276 1883 5314 :
1919 5260 2026 5317 sed

372 5366 517 5435 hoc,
586 5367 652 5417 ut
736 5355 1067 5432 perpendo,
1145 5351 1341 5426 specie
1406 5354 1600 5414 tenus,
1672 5348 1734 5404 in
1808 5349 2028 5406 divinis

2125 4355 2266 4427 inde
2294 4355 2472 4432 etiam
2499 4364 2818 4439 ereptionis
2844 4379 2967 4418 suae
3023 4364 3381 4435 perpetuum
3425 4355 3774 4413 memoriale

2125 4447 2470 4525 statuentes,
2500 4471 2766 4512 annuam
2795 4453 2856 4508 in
2885 4451 3114 4507 honore
3169 4446 3454 4520 ereptoris
3508 4444 3596 4500 sui
3630 4443 3776 4498 cele-

2123 4549 2401 4607 britatem
2431 4562 2489 4601 lV
2516 4543 2654 4600 ldus
2678 4542 2807 4601 Maii
2836 4539 3141 4596 celebriter
3181 4535 3500 4598 celebrant,
3525 4536 3581 4588 et
3605 4545 3776 4603 erep-

2129 4637 2301 4694 tionis
2328 4636 2432 4708 [al.
2466 4629 2851 4705 exceptionis]
2878 4643 3003 4683 sum
3025 4623 3381 4681 memoriam
3407 4619 3695 4684 recolunt,
3720 4621 3778 4673 et

2125 4732 2267 4782 vota
2322 4739 2431 4779 sua
2480 4718 2780 4778 liberatori
2839 4732 2948 4772 suo
3015 4712 3356 4771 solemniter
3408 4708 3775 4782 persolvunt.

2132 4813 2485 4874 Solemnitas
2515 4815 2716 4867 autem
2771 4807 2902 4873 ista,
2957 4820 3082 4860 non
3138 4799 3445 4858 translatio
3490 4815 3597 4854 seu
3625 4796 3783 4853 ordi-

2127 4905 2312 4969 natio,
2375 4915 2498 4958 non
2551 4897 2849 4962 transitus,
2903 4910 3028 4950 non
3066 4890 3334 4964 exceptio
3382 4888 3615 4954 dicitur,
3674 4884 3784 4940 sed

2133 4991 2452 5049 subventio
2483 4989 2560 5045 ab
2592 4989 2662 5043 iis
2693 4986 2913 5059 quibus
2942 4983 3027 5040 rei
3083 4987 3263 5052 gesta:
3302 4979 3522 5035 veritas
3571 4975 3783 5032 melius

2132 5082 2408 5153 innotuit,
2441 5079 2804 5135 nominatur.
2834 5072 3205 5131 Necessitatis
3229 5085 3372 5126 vero
3413 5064 3786 5140 superabun-

2133 5174 2347 5230 dantes
2370 5169 2699 5241 angustias,
2731 5171 2789 5223 et
2815 5164 2981 5222 urbis
3007 5163 3267 5220 obsessae
3303 5155 3671 5214 calamitates
3729 5154 3788 5207 et

2136 5262 2406 5320 miserias
2465 5259 2737 5315 dicemus
2775 5257 2868 5329 [In
2917 5257 3095 5323 impr.
3150 5246 3530 5305 necessitates
3561 5244 3786 5310 autem,

2139 5350 2467 5421 angustias,
2495 5352 2599 5405 aut
2623 5345 2990 5403 calamitates
3020 5338 3184 5396 urbis
3223 5335 3481 5392 obsessae
3513 5335 3570 5388 et
3612 5329 3792 5386 mise-

375 5421 520 5510 Vel‘ci
566 5421 912 5507 medullitus
959 5421 1306 5516 οοόιιρεῖιιιιν.
1362 5439 1556 5496 Placet
1613 5437 1791 5493 etiam
1844 5439 1904 5494 in
1939 5439 2031 5495 his
2141 5442 2259 5498 rias
2288 5439 2527 5511 disces],
2554 5442 2611 5494 et
2630 5432 2947 5508 ereptionis
2977 5427 3249 5493 modum,
3279 5429 3336 5480 et
3360 5423 3568 5492 fugam
3591 5421 3792 5484 etiam,

377 5541 710 5609 immorari,
791 5542 849 5596 et
900 5535 1043 5593 Boni
1107 5530 1376 5589 Fulconis
1447 5529 1774 5587 bonitatem
1839 5530 2029 5602 expri-

376 5648 546 5692 mere
604 5649 616 5687 :
679 5630 784 5687 sed
836 5641 1020 5702 parco
1072 5621 1352 5682 laudibus
1397 5636 1473 5678 ne
1527 5619 1759 5678 adulari
1803 5618 2030 5691 videar,

2147 5546 2272 5605 qua
2318 5510 2524 5599 fugere
2579 5525 2886 5582 Rollonem
2944 5514 3131 5573 voluit
3185 5513 3302 5585 ille,
3348 5511 3455 5586 qui
3487 5510 3797 5605 Hastinum

2141 5597 2536 5694 [llasﬁngum]
2555 5613 2804 5690 fugavit.
2821 5607 3191 5670 Mansionem
3211 5604 3413 5672 etiam,
3431 5618 3557 5676 qua
3570 5601 3632 5656 in
3647 5597 3804 5656 Anti-
