4090 6122
424 78 612 167 ’827

1745 91 2105 156 APPENDIX
2129 91 2223 153 AD
2265 91 2323 148 S.
2368 90 2677 152 ODONEH.

3825 98 3939 154 828

505 226 837 287 ecclesiam.
868 228 935 284 In
980 223 1267 283 omnibus
1303 238 1446 283 vero
1475 238 1579 282 eos
1625 223 2037 298 procurantes,
2065 216 2165 273 de-
2196 219 2238 271 A
2270 213 2511 272 cuilibet
2566 215 2849 275 exercitui
2878 214 3210 273 assimilata
3235 215 3550 274 videretur.
3592 218 3664 275 Et
3689 216 3839 291 quia
3865 219 3938 277 ci‘

498 315 773 387 legerunt
796 313 943 389 ipsis
968 312 1221 371 domum
1250 312 1511 369 ecclesia
1541 310 1731 369 valvis
1751 309 2157 367 inharentcm.

502 420 543 465 ει
560 418 685 477 qua
709 402 774 461 in
797 401 1113 460 ecclesiam
1136 416 1482 473 reciprocus
1516 400 1824 471 ingressus
1856 402 1911 454 et
1935 411 2163 467 regres-

504 508 605 551 sus
634 492 911 549 secretior
936 491 1277 549 haberetur.
1309 492 1421 547 Sex
1450 506 1593 547 vero
1624 488 1934 547 mensibus
1965 500 2163 571 emen-

503 581 607 650 sis,
657 585 967 656 comperto
1008 580 1282 639 canonici
1324 579 1491 655 quod
1535 578 1728 649 Rollo,
1760 573 2161 635 Cenomannis

503 674 701 745 capta,
732 658 1045 727 Turonum
1067 668 1391 744 [Turonim]
1415 671 1661 742 captum
1689 666 1772 723 ire
1796 664 2158 738 disponeret,

505 757 950 817 communicato
1000 772 1140 814 cum
1186 756 1414 813 civibus
1444 753 1837 828 [concivibus]
1869 751 1990 808 suis
2018 765 2160 807 con-

505 848 659 920 silio,
680 847 1005 925 pretiosam
1025 845 1438 917 margaritam,
1461 850 1518 905 et
1541 843 1908 916 singularem
1929 843 2164 899 thesau-

504 954 663 1009 rum,
695 935 1056 995 sanctissimi
1105 935 1380 993 videlicet
1427 950 1644 1009 corpus
1697 931 1925 991 Martini
1979 933 2163 985 Aure-

504 1026 680 1087 lianis
727 1041 922 1103 usque
965 1025 1371 1083 transmittunt
1423 1024 1591 1096 (200).
1616 1023 1801 1095 Hujus
1842 1021 2063 1078 latores
2104 1024 2163 1075 et

507 1114 784 1175 custodes
839 1115 1209 1180 exstiterunt,
1240 1114 1553 1171 Hebernus
1592 1112 1826 1184 Majoris
1879 1112 2162 1168 Monaste-

505 1204 574 1260 rii
603 1203 797 1259 abbas
827 1203 1182 1279 sapedictus
1225 1219 1365 1261 cum
1405 1202 1612 1274 viginti
1658 1205 1919 1275 quatuor
1945 1214 2159 1256 mona-

506 1294 653 1363 chis,
677 1297 735 1349 et
762 1292 1085 1351 duodecim
1114 1292 1409 1361 canonici,
1431 1292 1536 1365 qui
1567 1294 1686 1349 Deo
1711 1294 1770 1348 et
1794 1288 2005 1349 Christi
2023 1303 2162 1345 con-

504 1381 714 1443 fessori
743 1382 990 1439 Martino
1022 1381 1138 1455 [die
1157 1397 1228 1439 ac
1262 1383 1455 1453 nocte]
1486 1380 1881 1437 deservirent:
1916 1378 2160 1434 comita-

505 1471 589 1530 tui
637 1487 845 1529 eorum
873 1471 1277 1530 indeserenter
1305 1469 1750 1541 [indesinenter]
1812 1467 2161 1525 adhaerenti-

500 1560 619 1619 bus
650 1560 973 1619 duodecim
1004 1564 1211 1619 Castra
1246 1562 1387 1617 novi
1412 1559 1816 1629 burgensibus
1864 1559 2028 1630 (201),
2056 1557 2160 1630 qui
2187 1586 2232 1627 ιι

504 1649 725 1708 sanctis
752 1649 1213 1707 deservitoribus
1242 1648 1338 1721 pie
1386 1648 1807 1719 deservientes,
1839 1647 1924 1703 eis
1949 1662 2159 1705 neces-

505 1728 663 1796 saria
683 1737 1086 1811 providerent.
1126 1741 1320 1795 Fama
1350 1753 1489 1795 vero
1518 1736 1909 1810 postmodum
1954 1737 2160 1792 decur-

502 1824 686 1883 rentis
717 1826 1159 1900 [percurrentis]
1190 1826 1379 1885 relatu
1427 1825 1641 1897 edocti,
1672 1826 1839 1900 quod
1885 1825 2035 1883 Dani
2080 1825 2159 1882 ad

505 1915 705 1973 Gallia
735 1916 1044 1990 superiora
1073 1917 1518 1992 processissent,
1551 1933 1690 1974 cum
1736 1916 2018 1975 thesauro
2045 1933 2157 1972 suo

500 2004 583 2063 ad
603 2008 875 2064 sanctum
908 2009 1278 2065 transmeant
1333 2006 1737 2063 Benedictum.
1765 2005 1973 2063 Paucis
2014 2021 2157 2062 vero

501 2093 725 2167 elapsis
749 2094 964 2154 diebus
986 2095 1151 2153 fama
1178 2096 1446 2169 pervigili
1476 2112 1718 2155 rursum
1752 2094 2156 2167 praenuntian-

502 2188 579 2255 te,
610 2184 779 2257 quod
802 2184 934 2258 jam
971 2185 1137 2242 ΒοΠο
1174 2185 1507 2243 Aurelianis
1536 2184 1892 2252 advenisset,
1924 2188 2153 2241 sancta-

499 2288 637 2327 rum
660 2271 1239 2345 bajulireliquiarum
1258 2273 1807 2344 Chableiam[antea
1826 2272 2152 2339 Glabeiam,

500 2361 604 2420 sed
632 2362 937 2437 corrupte]
965 2362 1231 2419 veniunt.

571 2452 635 2505 V.
666 2453 955 2525 Tempore
983 2454 1186 2509 autem
1227 2449 1583 2525 permodico
1613 2449 1839 2507 ibidem
1892 2464 2157 2506 commo-

499 2537 636 2602 rati,
660 2543 827 2597 metu
839 2539 1290 2597 convalescente
1310 2540 1547 2605 iterum,
1577 2556 1719 2595 cum
1747 2539 2028 2596 thesauro
2055 2538 2156 2595 illo

499 2626 960 2699 incomparabili
1004 2627 1483 2685 Antissiodorum
1545 2627 1693 2700 (202)
1732 2642 1924 2700 usque
1952 2641 2159 2699 perve-

500 2712 693 2772 niunt.
742 2712 1075 2787 Episcopus
1102 2730 1242 2772 vero
1282 2714 1448 2773 fama
1475 2712 1835 2791 perambula
1880 2715 2158 2789 [praem-

498 2798 668 2875 bula]
695 2803 1192 2877 pramonitus,et
1241 2809 1365 2863 tota
1413 2804 1642 2874 civitas,
1672 2804 1923 2863 obviam
1950 2809 2153 2873 ruunt,

500 2895 559 2948 et
581 2895 814 2948 tantum
839 2893 1139 2966 hospitem
1167 2910 1308 2954 cum
1331 2894 1560 2952 honore
1585 2909 1710 2951 non
1749 2893 2018 2951 indebito
2050 2894 2154 2950 de-
2187 2922 2227 2979 ο

498 2979 749 3048 ducunt,
778 2982 916 3038 etin
953 2982 1202 3041 ecclesia
1248 2983 1409 3040 beati
1452 2983 1750 3052 Germani,
1783 2999 1957 3039 secus
2003 2984 2157 3055 ejus-

501 3068 639 3131 dem
710 3070 984 3147 prasulis
1054 3071 1361 3143 feretrum,
1434 3073 1668 3135 Martini
1724 3089 1849 3131 non
1904 3073 2155 3147 imparis

496 3175 720 3233 corpus
753 3166 1071 3233 reponunt.
1098 3165 1204 3223 Per
1230 3162 1445 3221 merita
1489 3162 1669 3233 igitur
1695 3162 1855 3221 beati
1906 3162 2152 3232 Martini,

494 3247 743 3305 virtutes
769 3249 997 3305 ibidem
1033 3255 1090 3306 et
1114 3250 1405 3307 miracula
1456 3251 1778 3309 innumera
1804 3251 1977 3308 ﬁunt.
2008 3253 2157 3308 Caeci

497 3334 745 3410 quidem
770 3336 989 3409 visum,
1017 3337 1216 3394 claudi
1242 3350 1539 3409 gressum,
1567 3338 1972 3395 febricitantes
2003 3338 2158 3393 sani-

498 3427 703 3497 tatem,
757 3425 911 3481 aridi
966 3428 1336 3499 sospitatem,
1391 3426 1613 3500 leprosi
1672 3428 2153 3498 mundationem,

498 3513 812 3586 paralytici
832 3515 1245 3575 membrorum
1273 3515 1796 3588 reintegrationem
1839 3516 2151 3590 recipiunt.

502 3603 685 3657 Fama
718 3617 860 3659 vero
898 3619 1036 3676 qua
1066 3603 1222 3661 clam
1274 3605 1422 3660 nihil
1478 3619 1656 3675 agere
1694 3606 2023 3677 consuevit,
2048 3621 2157 3679 per

498 3689 810 3748 universas
830 3692 1105 3764 regiones
1134 3694 1457 3751 sanitatum
1506 3694 1761 3765 gratiam
1787 3694 2153 3767 divulgante,

500 3785 665 3839 tanta
689 3781 805 3840 illic
825 3783 887 3841 in
915 3783 1042 3841 dies
1068 3783 1506 3844 inﬁrmantium
1534 3784 1858 3843 multitudo
1894 3785 2156 3845 conﬂue-

496 3868 625 3940 bat,
654 3874 720 3928 ut
762 3887 837 3930 ex
890 3873 1126 3931 numeri
1173 3873 1495 3935 innumera
1538 3874 1952 3945 astimatione,
1992 3876 2154 3946 regio

567 4049 720 4123 (200)
744 4050 960 4127 Sancti
976 4066 1212 4127 icorpus
1260 4052 1536 4127 Martini,
1572 4053 1921 4127 Aurelianis
1972 4068 2158 4127 usque

498 4124 939 4198 transmittant.
973 4123 1196 4198 Eadem
1223 4124 1400 4182 refert
1425 4129 1482 4181 et
1515 4123 1645 4196 jam
1672 4125 1883 4182 citatus
1922 4123 2154 4198 Majoris

498 4193 831 4250 Monasterii
860 4196 1216 4251 monachus.

2271 303 2422 361 vitas
2454 307 2626 361 tanta
2675 304 3047 363 insuﬂieiens
3091 304 3460 362 multitudini
3494 305 3814 362 universos
3842 324 3929 363 ca-

2268 407 2410 464 pere
2436 408 2559 448 non
2588 397 2843 465 poterat,
2876 410 2985 467 per
3026 394 3520 466 circumjecentes
3543 395 3717 451 vicos
3746 395 3933 470 hospi-

2270 480 2436 539 tandi
2465 482 2655 552 gratia
2684 481 3197 542 diﬁ‘undebantur.
3233 482 3527 541 Omnibus
3557 484 3932 558 [autemjpro

2268 574 2408 628 voto
2430 587 2537 644 per
2562 571 2775 630 merita
2798 572 2960 631 beati
2987 573 3217 632 Martini
3247 572 3524 630 antistitis
3545 573 3718 630 salus
3742 580 3935 647 optata

2267 660 2652 718 reddebatur.
2672 666 2736 719 In
2752 661 2991 719 familia
3017 679 3158 721 vero
3183 662 3456 733 ejusdem
3477 662 3753 737 episcopi
3778 666 3934 737 [pon-

2271 749 2464 821 tiﬁcis]
2489 767 2667 807 usum
2686 751 2969 810 universa
2986 751 3422 809 inﬁrmantium
3456 751 3762 809 transibat
3784 752 3937 809 oblao

2269 837 2370 895 tio.
2403 842 2623 896 Tantus
2654 843 2864 898 autum
2889 840 3105 897 oblata
3129 840 3400 915 pecunia
3430 841 3697 898 excrevit
3729 857 3938 897 cumu-

2270 926 2384 996 lus,
2420 933 2485 983 ut
2511 944 2836 987 numerum
2873 930 3243 1003 [munerum]
3272 930 3576 1003 quantitas
3640 930 3937 987 excedens

2268 1016 2888 1076 Antissiodorensibus
2914 1019 3139 1077 clericis
3169 1020 3406 1077 invidia
3435 1020 3713 1078 fomitem

2268 1110 2466 1164 traret.
2502 1107 2666 1164 Unde
2697 1108 3039 1182 cupiditatis
3064 1112 3150 1179 fet
3174 1109 3414 1166 invidia
3458 1109 3709 1166 stimulo
3743 1126 3939 1183 perur-

2269 1200 2463 1268 gente,
2513 1198 2741 1256 Martini
2792 1200 3099 1256 ministros
3129 1199 3321 1256 taliter
3350 1200 3773 1272 alloquuntur.
3800 1202 3941 1266 Quo-

2266 1284 2433 1341 niam
2462 1288 2586 1342 tam
2612 1302 2649 1342 a
2669 1290 2895 1351 nostro,
2912 1303 3099 1360 quam
3127 1290 3375 1344 avestro
3395 1287 3681 1361 pontiﬁce
3703 1287 3939 1344 virtutes

2268 1377 2327 1430 et
2372 1373 2663 1431 miracula
2714 1374 3120 1432 indifferenter
3171 1374 3345 1446 ﬁunt,
3406 1392 3655 1450 aquum
3709 1382 3807 1433 est
3862 1384 3937 1443 ut,

2269 1463 2319 1520 si
2346 1461 2495 1535 quid
2517 1462 2775 1521 utilitatis
2802 1464 3017 1521 exinde
3042 1465 3403 1536 provenerit,
3428 1465 3752 1537 utriusque

2267 1551 2370 1609 stri
2399 1552 2461 1608 in
2516 1568 2839 1609 commune
2870 1552 3205 1626 partiamur
3257 1552 3639 1625 [pervenerit,
3668 1555 3938 1628 utrisque

2264 1641 2330 1699 in
2373 1657 2694 1698 commune
2744 1642 3078 1716 partiatur].
3136 1642 3364 1709 Quibus
3415 1642 3679 1701 evidenti
3710 1644 3937 1701 ratione

2267 1731 2696 1789 satisfactiones
2726 1731 2829 1802 illi,
2859 1732 3233 1806 postulantes
3265 1732 3607 1807 [postulata
3646 1735 3755 1805 jus
3781 1751 3940 1791 com-

2265 1820 2571 1879 munionis
2601 1821 2664 1878 in
2718 1822 2881 1879 hunc
2927 1822 3183 1879 modum
3232 1822 3592 1891 dissolvunt,
3638 1823 3936 1880 dicentes:

2266 1914 2609 1983 Antequam
2659 1911 2944 1969 Martinus
2989 1915 3196 1969 noster
3224 1911 3345 1967 huc
3376 1911 3712 1982 adveniret,
3746 1920 3937 1969 vestro

2263 1999 2362 2057 hic
2405 2000 2829 2073 perordinante
2855 2001 3345 2073 [perendinante]
3378 2002 3704 2069 Germano,
3760 2003 3941 2058 nullo-

2264 2104 2401 2146 rum
2452 2090 2677 2146 mentio
2705 2090 3140 2147 miraculorum
3168 2095 3314 2147 erat.
3365 2090 3431 2147 In
3482 2090 3758 2147 adventu
3804 2108 3937 2148 vero

2264 2176 2451 2235 nostri
2479 2176 2773 2246 antistitis,
2802 2177 2916 2252 piis
2956 2178 3087 2249 ejus
3141 2178 3202 2235 id
3231 2178 3642 2235 obtinentibus
3686 2179 3938 2237 meritis,

2264 2271 2321 2321 et
2369 2266 2680 2337 signorum
2727 2265 3065 2339 frequentia
3121 2266 3367 2323 evidens
3392 2266 3732 2332 exhibetur,
3780 2273 3840 2324 et
3866 2285 3933 2324 ex

2262 2353 2554 2428 impensa
2603 2369 2711 2428 per
2768 2370 2908 2411 eum
2952 2354 3163 2412 salutis
3206 2360 3513 2429 respectu,
3571 2356 3933 2428 hujusmodi

2261 2443 2440 2501 nobis
2486 2443 2785 2503 beneticia
2839 2445 3222 2519 proveniunt.
3269 2447 3339 2502 Ut
3383 2450 3590 2503 autem
3621 2462 3699 2503 ex
3736 2447 3939 2504 animo

2263 2538 2462 2591 vestro
2486 2534 2683 2591 omnis
2715 2550 2897 2607 super
2924 2534 3039 2592 hoc
3058 2534 3380 2593 dubietatis
3401 2535 3730 2609 scrupulus
3747 2538 3943 2594 exclu-

2262 2623 2460 2693 datur,
2505 2622 2785 2697 leprosus
2812 2625 2933 2692 hic,
2965 2623 3073 2697 qui
3100 2639 3225 2696 pra
3251 2624 3441 2681 oculis
3480 2629 3590 2693 est,
3622 2625 3685 2682 in
3718 2626 3942 2693 medio,

2265 2710 2315 2767 si
2340 2709 2554 2784 placet,
2577 2711 2905 2784 prasulum
2947 2712 3258 2768 sanandus
3299 2712 3609 2769 inferatur.
3643 2714 3703 2772 Si
3732 2730 3880 2771 vero
3909 2733 3942 2771 a

2263 2801 2492 2862 Martini
2539 2801 2723 2861 latere
2773 2800 2996 2876 leprosi
3050 2801 3210 2859 latus
3238 2801 3504 2878 positum
3536 2803 3938 2873 convaluerit,

2262 2896 2324 2948 et
2368 2890 2713 2948 Germmani
2774 2890 2947 2948 lateri
3013 2891 3291 2962 ejusdem
3353 2890 3516 2949 latus
3578 2892 3941 2965 adjunctum

2264 2982 2326 3038 in
2369 2979 2540 3054 lepra
2586 2981 2921 3055 perstiterit,
2975 2982 3209 3038 virtutis
3236 2982 3467 3039 auctori
3517 2984 3777 3041 Martino
3836 2986 3937 3041 mi-

2262 3069 2540 3129 raculum
2570 3070 2922 3128 ascribatur.
2957 3071 3016 3129 Si
3046 3075 3251 3129 autem
3293 3088 3326 3129 e
3372 3088 3692 3144 converso,
3731 3090 3773 3132 a
3804 3077 3939 3132 Mar-

2265 3158 2371 3217 tini
2399 3162 2570 3232 parte
2598 3159 2826 3233 [latere]
2855 3159 3081 3234 leprosi
3129 3177 3272 3234 pars
3296 3161 3495 3235 posita
3517 3178 3648 3218 non
3671 3169 3936 3231 curatur,

2263 3253 2324 3305 et
2344 3250 2639 3305 Germano
2675 3265 2817 3322 pars
2874 3250 3174 3307 inharens
3227 3256 3491 3321 sanetur,
3525 3250 3608 3307 ad
3654 3254 3936 3310 Germani

2264 3338 2545 3394 meritum
2599 3338 2859 3410 [merita]
2917 3338 3217 3411 patefacta
3264 3339 3451 3396 virtus
3478 3344 3536 3396 et
3571 3341 3935 3398 miraculum

2264 3426 2672 3484 transferatur.
2702 3427 3107 3501 Acquiescunt
3124 3429 3353 3502 utique,
3375 3433 3433 3485 et
3455 3429 3695 3503 prolata
3728 3432 3936 3504 judicii

2264 3515 2557 3577 sententia
2587 3515 2668 3574 ab
2692 3517 2977 3575 omnibus
3005 3518 3403 3592 approbatur.

2335 3697 2423 3751 VI.
2450 3701 2512 3753 In
2538 3701 2964 3769 argumentum
3001 3697 3182 3770 igitur
3208 3699 3614 3770 agnoscenda
3639 3700 3931 3769 veritatis,

2262 3787 2325 3847 in
2348 3787 2550 3845 medio
2576 3785 2902 3861 prasulum
2928 3786 3208 3862 leprosus
3230 3788 3492 3862 ponitur.
3514 3791 3797 3847 Decursis
3821 3790 3929 3863 {de

2266 3878 2466 3949 eursa]
2492 3875 2695 3949 itaque
2723 3881 2899 3934 nocte
2928 3876 3030 3935 illa
3047 3877 3259 3948 vigiliis
3278 3883 3337 3935 et
3356 3878 3762 3950 (orationibus
3781 3881 3930 3937 deest

2271 4052 2638 4129 Monasterii:
2670 4076 2697 4105 «
2728 4057 2934 4129 ipsum
2980 4053 3170 4111 sancti
3208 4053 3437 4112 Martini
3474 4057 3929 4127 monasterium,

2271 4124 2437 4251 qluud
2452 4124 2866 4207 juxtaurbem
2896 4128 3041 4197 erat,
3074 4132 3510 4195 concrematur,
3542 4129 3837 4185 monachi
3878 4124 3927 4183 et

2273 4212 2304 4251 c
2329 4198 2466 4251 erici
2496 4197 2887 4251 trucidantur.
2920 4202 2977 4251 et
3002 4196 3343 4251 venerabile
3373 4213 3593 4251 cornus
3615 4201 3814 4251 sancti
3835 4216 3927 4251 an-

2273 4196 2466 4271 clerici
2496 4196 2887 4271 trucidantur,
2920 4202 2977 4253 et
3002 4196 3343 4271 venerabile
3373 4213 3593 4271 corpus
3615 4201 3815 4256 sancti
3835 4216 3929 4255 an-

570 4264 717 4345 _(_2_Ol)
749 4263 898 4322 Cum
927 4265 1239 4345 duodecim
1279 4268 1669 4345 Cestri-Noui
1717 4268 2148 4345 Burgensg'eus.
2186 4276 2230 4331 D
2271 4268 2465 4345 tistitis
2497 4263 2975 4345 Autissiodorum
3005 4268 3320 4345 defertur.»
3343 4300 3411 4310 —
3431 4263 3927 4345 Melius_4utisio-

500 4334 910 4409 «_P_luri_mum,
934 4337 1127 4409 inquit
1180 4337 1341 4395 idem
1392 4339 1749 4401 monachus,
1801 4334 1933 4409 jam
1980 4339 2152 4395 dictae

500 4354 531 4383 α
562 4353 1127 4460 r1ur1mum,m3u1t
1180 4353 1341 4395 idem
1392 4353 1749 4401 monachus,
1801 4354 1933 4409 jam
1980 4353 2152 4395 dicta

498 4404 969 4491 civitati‘confert
1016 4408 1180 4491 lastri
1199 4410 1341 4491 Novi
1373 4410 1654 4491 contigua
1684 4409 2155 4491 afﬁnitas,eujus_

499 4476 816 4551 viri__adeo
872 4476 1249 4551 illustres,rut
1293 4480 1445 4540 auri.
1474 4476 1827 4550 et'argenti,
1868 4476 2072 4551 varii,'
2100 4486 2157 4537 et

497 4548 709 4624 grisii,_
739 4547 1112 4624 diversarum
1162 4550 1410 4624 insuper
1457 4547 1822 4624 specierum,
1869 4557 1925 4608 et
1977 4547 2155 4608 totius

497 4618 827 4697 mundialis
885 4620 1097 4697 gloriae
1151 4618 1326 4695 copia
1381 4618 1776 4697 exuberantes
1840 4625 2155 4697 purpurati

494 4689 797 4748 incedant.
830 4713 859 4743 »
890 4689 1208 4759 Castellum
1224 4689 1478 4750 "novum
1509 4695 1697 4750 sancti
1728 4689 2155 4751 Martini'voca-

496 4766 591 4817 tur
614 4763 675 4817 in
725 4762 1097 4821 Chartulario
1126 4781 1327 4821 rerum
1358 4765 1905 4833 Vindocinensium,
1948 4766 2155 4822 charta

495 4835 564 4886 28
593 4832 939 4910 his_ve_r_bis:
974 4857 1002 4885 «
1026 4836 1196 4910 Quod
1227 4837 1275 4910 si
1318 4835 1490 4910 forte,
1533 4837 1677 4910 quia
1708 4843 1786 4910 ut
1814 4832 1983 4910 dieit,
2007 4837 2156 4893 litte-

494 4916 594 4989 ras
614 4902 737 4959 vult
763 4904 1012 4973 discere,
1046 4908 1107 4961 in
1144 4908 1393 4989 civitate
1419 4902 1791 4989 fl‘urdnehvel
1822 4902 1989 4989 apud
2029 4924 2155 4989 cas:

496 4971 702 5028 tellum
734 4971 1178 5050 novumsancti
1208 4979 1434 5037 Martini
1480 4971 1728 5050 voluerit
1749 4971 2042 5050 habitare,
2070 4980 2153 5036 ibi

494 5059 740 5117 quoque
765 5047 1168 5119 praebebimus
1198 5050 1271 5115 ei,
1304 5054 1361 5108 et
1386 5066 1496 5105 suo
1524 5049 1756 5107 homini
1782 5056 1899 5107 tres
1922 5047 2153 5107 tantum

541 5130 705 5173 anes.
742 5138 773 5167 η

494 5130 716 5260 Ρθξὲἓέθ)
742 5138 896 5245 ἓωη
948 5187 1228 5261 thesauro
1267 5191 1731 5261 incomparabili
1778 5192 2153 5249 Antissz‘odo-

493 5259 650 5316 rum.
682 5260 933 5317 Historia
953 5259 1341 5318 dominorum
1370 5259 2154 5321 AnibaziensiummMortuo

496 5335 697 5386 autem
747 5331 957 5409 Carolo
991 5331 1189 5409 Calvo,
1225 5335 1407 5409 Dani,_
1434 5333 1539 5409 qui
1564 5335 1628 5390 in
1672 5333 2154 5409 inﬁdelitatem-

495 5408 862 5473 manserant,
889 5420 1029 5459 cum
1078 5404 1343 5462 Huasten
1372 5404 1524 5461 duce
1573 5422 1682 5461 suo
1714 5406 1930 5462 Gallias
1961 5407 2152 5463 tribus

496 5468 593 5551 [aL
609 5468 944 5551 _trin_ginta,i
1098 5476 1373 5551 quidam,
1408 5477 1761 5551 sexaginta)_
1776 5477 1949 5534 annis
1978 5477 2155 5551 infes-

497 5544 690 5621 tantes
737 5543 897 5621 beati
927 5543 1149 5603 Martini
1210 5564 1429 5621 corpus
1460 5543 1875 5621 Autissiodoro
1906 5549 2153 5605 canoni-

496 5626 600 5668 cos
653 5614 969 5672 transferre
1019 5614 1456 5693 compulerunt.
1482 5643 1514 5672 »
1544 5624 1611 5678 Et
1648 5618 1862 5677 tabulae
1918 5620 2151 5693 Majoris

2269 4339 2503 4395 dorum.
2540 4340 2629 4397 Sic
2656 4340 2815 4396 enim
2840 4340 3194 4395 Ammianus
3239 4339 3608 4396 Marcellinus
3638 4341 3746 4397 lib.
3794 4359 3884 4397 xvi
3914 4361 3926 4407 ;

2267 4411 2564 4484 Percurso
2616 4412 2813 4484 eodem
2861 4412 3092 4484 itinere
3127 4412 3581 4484 Antisiodornm
3627 4415 3925 4484 pervenit.

2268 4482 2433 4537 Unde
2463 4485 2519 4538 et
2576 4482 2740 4556 apud
2764 4480 3749 4556 _Fro_doardumpAntisz’odorensis
3777 4488 3926 4556 epis-

2265 4568 2468 4628 copus,
2501 4556 2558 4609 et
2582 4552 2645 4609 in
2673 4552 2957 4628 Nithardo
2974 4552 3087 4628 Alii».
3112 4570 3156 4628 >1,
3181 4554 3693 4628 Autisiodorensis
3712 4552 3926 4628 pa'gus.

2264 4624 2485 4698 Dieitur
2543 4630 2743 4698 tamen
2785 4628 2850 4698 et
2902 4624 3391 4698 Altissiodogum,
3419 4641 3556 4698 qua
3611 4624 3931 4683 Ptolemaeo

2307 4696 2574 4751 uondam
2606 4695 3017 4763 Antricus,uti
3040 4695 3215 4753 docet
3232 4695 3477 4753 Herieu‘s
3493 4697 3556 4753 in
3578 4698 3708 4754 Vita
3743 4700 3930 4755 sancti

2311 4766 2561 4829 ermani,
2596 4765 2689 4821 his
2709 4766 2905 4822 verbis
2938 4782 2953 4821 :

2404 4892 2618 4964 Celtica
2647 4908 2762 4962 qua
2781 4893 2999 4964 medios
3021 4893 3287 4964 exporgit
3314 4890 3502 4964 Gallia
3533 4900 3767 4950 tractus

2407 4963 2615 5037 Urbem
2646 4963 2796 5017 haud
2840 4963 3181 5037 incelebrem
3209 4963 3360 5018 Galli
3394 4981 3644 5037 posuero
3673 4967 3926 5037 priores,

2407 5036 2676 5090 Antricus
2708 5052 2741 5088 α
2768 5036 2981 5106 priscis
3012 5035 3155 5103 olim
3175 5040 3378 5090 vocata
3406 5035 3680 5103 refertur,

2405 5106 2571 5178 iEtas
2596 5107 2885 5177 posterior
2913 5107 3138 5178 pinnas,
3170 5113 3229 5162 et
3267 5107 3525 5162 culmina
3553 5109 3733 5161 avitis

2406 5177 2695 5231 Moenibus
2716 5177 3014 5248 imposuit,
3043 5178 3165 5231 duri
3193 5178 3511 5232 munimina
3538 5178 3711 5232 belli:

2407 5250 2491 5303 Ex
2520 5250 2914 5317 augmentatis
2941 5264 3109 5304 verso
3135 5251 3477 5318 cognomine
3506 5254 3708 5315 muris,

2406 5321 2535 5374 Sive
2564 5337 2777 5391 sequax
2803 5335 2945 5373 usus
2971 5320 3129 5373 dicas
3160 5321 3653 5389 Autissiodorum,

2404 5393 2514 5447 Seu
2544 5390 2813 5445 mutilare
2834 5391 2997 5459 velis,
3030 5397 3087 5445 et
3115 5392 3327 5446 dixeris
3359 5392 3747 5455 Altiodornm,

2406 5464 2647 5519 Nomine
2678 5464 2903 5518 diverso
2933 5480 3025 5517 res
3057 5470 3148 5519 est
3175 5465 3527 5520 cumulatior
3553 5478 3688 5519 una.

2261 5621 2629 5683 Altiodorum
2655 5636 2763 5695 pro
2791 5622 3274 5698 Altz’ssiodorum,
3301 5638 3510 5680 versus
3555 5638 3743 5682 causa
3774 5623 3931 5680 dixit
