4090 6122
509 114 606 170 831

1757 98 2098 158 APPENDIX
2136 96 2231 150 AD
2273 95 2328 152 S.
2371 95 2678 154 ODONEM.

3831 95 3940 150 832

507 233 716 290 vineas
745 233 913 303 (211),
943 234 998 286 et
1036 227 1264 301 praedia
1309 226 1595 298 [habebat
1623 227 1808 295 (abest
1844 225 1908 279 in
1937 219 2163 290 impr.)]
2194 221 2241 274 Α
2275 233 2524 290 precum
2548 217 2850 275 instantia.
2881 220 3085 291 Stupet
3112 216 3592 273 Antissiodorum
3623 215 3938 288 [Autissio-

509 320 881 382 suburbana,
931 321 986 374 et
1051 316 1422 389 possidebat.
1485 319 1632 372 Cum
1709 313 1886 383 igitur
1933 313 2166 366 tantum

505 411 590 483 [in
618 409 876 480 tantum]
927 407 1125 463 virum
1173 405 1355 477 hujus
1385 403 1606 475 negotii
1639 399 1968 476 peragendi
2010 415 2168 454 com-

507 498 694 555 moda
718 497 1107 567 conﬂuerent,
1132 493 1504 564 allegationis
1531 509 1656 548 suae
1679 491 1876 546 ofﬁcio
1901 487 2070 557 fungi
2091 487 2168 543 ab

507 586 802 643 universis
832 585 1233 642 acclamatum
1262 587 1367 639 est.
1404 581 1553 638 Cum
1583 585 1782 638 autem
1814 579 1891 634 ad
1921 594 2060 632 eum
2089 575 2169 632 ob

507 676 681 734 istius
728 675 898 732 modi
921 689 1170 730 causam
1209 671 1453 728 nuntios
1499 671 1752 740 dirigere
1782 671 2172 742 procurarent

509 763 968 837 [disponerent],
998 777 1106 834 per
1133 761 1584 818 subvenientem
1635 759 1756 828 Dei,
1783 762 1848 812 ut
1872 757 2170 812 credimus

511 852 788 925 gratiam,
817 849 1005 908 sancti
1049 849 1297 918 Martini,
1327 854 1393 905 ut
1439 849 1490 904 ei
1530 847 1716 904 moris
1746 850 1854 914 est,
1894 849 2170 901 oraturus

510 940 752 997 intravit
779 937 1110 995 ecclesiam.
1145 937 1358 993 Exiens
1407 941 1608 993 autem
1659 935 1738 991 ab
1791 934 2042 990 ecclesia
2094 931 2172 988 ab

512 1029 805 1086 universis
830 1045 969 1084 cum
998 1027 1220 1098 gaudio
1249 1026 1588 1099 suscipitur,
1623 1031 1680 1082 et
1707 1026 1785 1081 ab
1817 1023 2098 1080 omnibus
2121 1023 2172 1077 ei

515 1117 710 1173 honor
733 1115 969 1172 debitus
993 1119 1050 1172 et
1074 1115 1402 1172 reverentia
1432 1113 1710 1170 defertur.
1733 1116 1878 1170 Cum
1896 1112 1958 1168 in
1975 1110 2172 1166 medio

515 1220 725 1262 eorum
753 1203 1144 1271 consedisset,
1165 1208 1456 1275 tanquam
1484 1219 1519 1258 a
1551 1203 1770 1274 Spiritu
1797 1205 2005 1256 sancto
2025 1215 2173 1272 pree-

515 1292 780 1348 monitus
809 1291 868 1346 in
899 1291 1028 1347 haec
1057 1290 1244 1347 verba
1271 1290 1580 1364 prorupit:
1611 1290 1731 1344 Viri
1760 1286 2176 1354 Turonici,viri

516 1380 734 1438 divitiis
751 1379 1087 1446 afﬂuentes,
1115 1397 1254 1436 cum
1285 1379 1464 1435 divite
1485 1379 1707 1448 ingenii
1723 1393 1876 1434 vena
1895 1376 2172 1443 calleatis,

517 1475 574 1528 et
600 1469 921 1543 prudentia
950 1473 1006 1525 et
1035 1469 1377 1525 fortitudine
1407 1467 1678 1540 pollcatis
1703 1485 1717 1534 ;
1755 1468 1936 1522 miror
1968 1465 2176 1520 admo-

2273 306 2568 378 dorensis]
2609 307 2813 362 civitas
2847 309 3080 362 armato
3127 305 3312 362 milite
3341 309 3398 362 et
3425 305 3736 377 insperato
3763 319 3829 360 se
3853 320 3936 360 re-

2273 395 2439 469 pleri.
2476 395 2596 451 Diei
2623 395 2801 466 igitur
2831 396 3105 452 crastinae
3137 410 3356 451 aurora
3405 393 3816 462 illucescente,
3845 410 3934 466 pe-

2274 487 2544 556 regrinus
2574 501 2776 541 comes
2803 484 3078 558 impiger,
3107 489 3432 557 postquam
3463 483 3524 538 in
3555 482 3824 540 ecclesia
3841 499 3934 538 an-

2274 579 2329 631 te
2359 575 2554 632 dilecti
2583 574 3023 648 archipraesulis
3075 575 3304 632 Martini
3329 589 3549 646 corpus
3579 589 3725 628 cum
3757 572 3934 644 lacry-

2277 665 2392 720 mis
2437 681 2636 728 orans,
2688 663 3182 737 peregrinationis
3235 679 3360 718 suae
3417 678 3626 735 preces
3683 667 3744 717 et
3811 669 3936 718 vota

2275 755 2586 828 persolvit;
2617 754 2894 811 convenit
2919 753 3274 827 episcopum
3307 769 3487 825 super
3500 753 3766 825 depositi
3789 753 3940 808 resti-

2277 845 2524 910 tutione',
2554 845 2797 900 dicens?
2824 842 3121 916 pontiﬁcis
3161 858 3385 898 nomen
3412 858 3552 898 cum
3581 845 3638 897 te
3669 847 3728 898 et
3751 841 3940 898 honor

2277 934 2546 1000 delectet,
2579 950 2685 989 cur
2713 933 2896 1004 hujus
2941 931 3331 1006 praenominis
3363 931 3792 1004 [pronominis]
3823 936 3938 1003 ety-

2279 1023 2543 1094 mologia
2571 1023 2824 1097 perdita,
2851 1023 3138 1078 virtutum
3183 1027 3430 1095 pontem
3481 1037 3604 1076 non
3637 1020 3814 1088 facis,
3847 1021 3940 1076 sed

2281 1114 2594 1182 subvertis,
2623 1117 2680 1168 et
2703 1111 2868 1182 gregi
2897 1115 3000 1168 tuo
3033 1111 3224 1168 factus
3253 1111 3448 1166 forma
3485 1111 3868 1183 deceptionis
3895 1117 3944 1166 et

2280 1202 2421 1270 doli,
2453 1202 2714 1271 vestigiis
2746 1201 2903 1272 [tuis]
2930 1200 3320 1256 inhaerentem
3351 1215 3386 1255 a
3412 1199 3659 1254 sublimi
3687 1199 3942 1254 veritat's

2280 1291 2378 1346 via
2407 1291 2634 1362 dejicis,
2663 1295 2719 1346 et
2766 1290 2828 1345 in
2877 1289 3226 1362 perditionis
3255 1287 3650 1362 praecipitium
3679 1289 3772 1344 ire
3797 1305 3946 1344 com-

2281 1380 2498 1453 pellis?
2544 1383 2659 1438 Cur
2711 1379 3076 1435 necessitatis
3121 1383 3388 1452 tempore
3419 1378 3784 1434 thesaurum
3817 1377 3948 1432 ﬁdei

2283 1475 2398 1526 tuae
2431 1470 2841 1534 commissum,
2873 1468 3176 1524 dilationis
3221 1467 3594 1540 [dilectionis]
3639 1468 3948 1523 innectens

516 1560 762 1629 dum,et
789 1559 1172 1614 vehementer
1201 1558 1588 1630 obstupesco,
1609 1573 1714 1612 cur
1743 1555 2033 1626 gaudium
2054 1571 2180 1610 ves-
2209 1575 2250 1628 Β
2285 1576 2508 1626 moras,
2558 1558 2807 1615 reddere
2850 1557 3228 1613 contemnis?
3279 1557 3479 1612 Unum
3525 1571 3670 1626 ergo
3719 1556 3830 1611 tibi
3883 1573 3949 1611 ex

517 1653 703 1718 trum,
733 1647 940 1702 lumen
988 1647 1194 1718 patriae
1237 1647 1466 1717 [vestrae
1498 1646 1678 1713 (deest
1707 1649 1770 1700 in
1801 1645 2028 1715 impr.)]
2055 1661 2181 1700 ves-

518 1743 699 1805 trum,
726 1737 999 1808 inquam,
1029 1737 1350 1794 antistitem
1379 1736 1692 1794 Martinum
1721 1741 1844 1791 tam
1873 1735 2056 1804 longo
2086 1751 2182 1790 ex-

521 1825 654 1882 silio
679 1824 1029 1895 relegatum,
1059 1829 1256 1882 vestra
1286 1825 1347 1881 id
1380 1829 1592 1894 agente
1621 1825 1870 1894 incuria,
1898 1825 2180 1880 reducere

519 1913 884 1985 neglexistis.
919 1914 1024 1971 Cui
1072 1913 1154 1970 illi
1203 1931 1342 1969 cum
1388 1914 1671 1986 lacrymis
1715 1913 1918 1970 aiunt:
1953 1913 2182 1968 Gratias

521 2002 691 2060 vobis
738 2002 995 2074 agimus,
1031 2006 1088 2058 et
1133 2003 1399 2076 primum
1449 2003 1763 2073 Divinitati,
1804 2019 1940 2074 quae
1985 2006 2084 2057 tuo
2121 2002 2184 2057 id

520 2091 838 2164 imperavit
861 2092 1232 2164 [inspiravit],
1267 2092 1451 2150 cordi.
1485 2097 1550 2148 ut
1599 2091 1673 2148 de
1715 2093 1932 2148 talibus
1979 2092 2182 2147 nobis-

523 2196 666 2236 cum
704 2179 1046 2246 dissereres,
1079 2185 1137 2237 et
1159 2181 1335 2237 nobis
1361 2182 1421 2236 in
1451 2182 1745 2237 desiderio
1776 2182 2001 2254 positis,
2027 2181 2183 2236 desi-

525 2267 675 2325 derii
718 2269 910 2324 nostri
937 2269 1344 2326 desideratum
1376 2271 1902 2326 commonitorium
1935 2269 2180 2326 faceres.

524 2359 654 2414 Non
703 2361 808 2425 est,
839 2358 1138 2430 inquiunt,
1180 2355 1422 2415 domine
1475 2361 1578 2431 mi,
1607 2365 1845 2430 nostrae,
1877 2365 1942 2416 ut
1985 2365 2183 2432 putas,

525 2446 802 2503 incuriae:
833 2447 939 2502 sed
968 2447 1125 2516 regis
1157 2449 1419 2504 Franciaa
1451 2449 1622 2521 pigra
1649 2449 1928 2517 segnities
1955 2465 2064 2504 n05
2082 2449 2186 2504 im-

525 2535 772 2607 pedivit,
801 2537 859 2589 et
885 2535 1421 2592 Antissiodorensis
1452 2537 1727 2592 antistitis
1751 2538 2033 2608 pervicax
2062 2539 2185 2594 vio-

525 2622 710 2679 lentia
736 2622 914 2678 nobis
946 2623 1259 2680 Martinum
1289 2630 1563 2682 nostrum
1595 2643 1733 2681 cum
1763 2626 1951 2682 multo
1980 2627 2186 2683 labore

529 2713 589 2768 et
603 2710 887 2766 instantia
905 2711 1346 2784 requirentibus
1358 2714 1676 2785 denegavit
1695 2715 2017 2788 [denegat].
2028 2719 2070 2782 Ο
2081 2733 2185 2772 uo-

529 2799 696 2856 niam
715 2799 893 2868 igitur
919 2799 1205 2856 obstinati
1229 2801 1384 2857 illius
1416 2802 1688 2858 antistitis
1719 2819 1820 2858 cor
1838 2804 2186 2860 induratum

531 2891 657 2980 est;
691 2891 748 2944 et
774 2888 950 2980 quasi
975 2888 1125 2980 alter
1151 2891 1386 2947 Pharao
1425 2891 1614 2948 factus
1647 2895 1766 2960 est;
1801 2908 1924 2948 non
1950 2893 2077 2948 vult
2097 2893 2185 2949 di-
2217 2926 2258 2980 Ο

529 2977 760 3034 mittere
786 2976 982 3033 virum
1032 2978 1151 3049 Dei,
1184 2980 1300 3035 nisi
1341 2980 1402 3036 in
1449 2997 1636 3036 manu
1663 2980 1796 3037 forti
1825 2982 2080 3038 Proinde
2109 2987 2184 3050 te,

530 3066 799 3137 domine,
817 3066 914 3122 cui
935 3067 1214 3123 nobilitas
1235 3073 1291 3123 et
1312 3069 1710 3136 strenuitas,et
1725 3071 1991 3142 probitas
2008 3073 2188 3127 etiam

531 3154 588 3206 et
600 3155 864 3223 potestas
891 3155 1294 3227 suppeditant,
1323 3157 1632 3212 communi
1649 3162 1703 3213 et
1731 3159 1942 3214 humili
1969 3160 2192 3232 suppli-

530 3240 762 3296 catione
789 3241 1094 3312 [rogamus
1125 3249 1182 3299 et
1210 3245 1451 3316 (absunt
1473 3245 1597 3303 hwc
1620 3248 1680 3302 in
1705 3248 1895 3319 imp.)]
1915 3248 2190 3305 obsecra-

533 3345 689 3397 mus,
719 3332 784 3385 ut
809 3329 935 3386 zelo
981 3331 1101 3402 Dei,
1130 3337 1186 3388 et
1227 3333 1379 3390 beati
1431 3335 1657 3391 Martini
1701 3352 1905 3392 amore
1952 3338 2188 3394 ductus.

533 3417 672 3472 huic
722 3422 776 3473 te
830 3419 1168 3476 conformes
1215 3422 1577 3494 allegationi,
1611 3430 1668 3480 et
1705 3425 1906 3498 ipsum
1955 3431 2012 3481 et
2051 3443 2192 3484 cum

531 3504 665 3577 ipso
691 3507 982 3576 gaudium
1011 3508 1150 3564 huic
1179 3509 1447 3566 luctuose
1477 3513 1752 3568 restituas
1781 3515 2026 3584 regioni.

605 3596 741 3649 VIII.
769 3594 985 3652 Videns
1031 3596 1209 3667 igitur
1234 3599 1324 3654 vir
1361 3599 1603 3656 illustris
1653 3603 2038 3673 Ingelgerius,
2070 3606 2194 3661 uni-

535 3682 826 3740 versitatis
875 3683 1031 3740 illius
1083 3691 1220 3758 post
1279 3691 1464 3744 Deum
1514 3706 1682 3762 spem
1738 3691 1800 3746 in
1851 3709 1912 3748 se
1955 3695 2192 3766 penitus

535 3771 701 3844 poni,
731 3771 1031 3846 lacrymas
1075 3777 1543 3849 supplicantium
1587 3781 1907 3836 miseratus
1949 3787 2005 3838 et
2033 3787 2190 3854 vota,

533 3860 825 3934 promittit
853 3878 913 3918 se
954 3863 1290 3936 injunctum
1335 3867 1447 3923 sibi
1467 3871 1772 3939 negotium
1810 3887 1920 3943 pro
1967 3873 2193 3928 viribus

534 3953 974 4007 exsecuturum.
1018 3953 1272 4010 Collecta
1309 3955 1487 4025 igitur
1525 3961 1647 4013 tam
1691 3961 1988 4030 peregrini
2027 3977 2192 4017 exer-

537 4039 686 4096 citus
752 4056 938 4112 quam
995 4043 1222 4115 proprii
1287 4045 1664 4103 multitudine
1731 4065 1853 4104 non
1923 4050 2191 4120 minima,

533 4140 641 4182 sex
691 4125 812 4183 fere
867 4128 1131 4186 millibus
1187 4136 1310 4188 tam
1362 4133 1619 4190 militum
1682 4152 1868 4208 quam
1926 4139 2194 4210 equitum

536 4229 742 4269 secum
798 4214 1016 4284 electis,
1074 4218 1550 4277 Antissiodorum
1605 4224 1784 4279 venit.
1837 4227 2196 4283 Continuant

535 4300 775 4357 interim
845 4305 1120 4360 Turonici
1196 4324 1269 4363 ex
1347 4309 1439 4364 sui
1517 4317 1817 4384 praecepto
1891 4315 2191 4385 pontiﬁcis

538 4387 718 4444 unius
770 4389 1170 4450 hebdomade;
1223 4395 1474 4467 jejunia,
1532 4403 1590 4454 et
1655 4417 1832 4456 suum
1891 4402 2002 4458 sibi
2059 4405 2193 4459 red-

540 4477 602 4534 di
657 4477 969 4536 Martinum
1040 4485 1160 4539 Deo
1229 4485 1572 4558 supplicant
1622 4489 1753 4559 jugi
1809 4492 2094 4564 oratione,
2141 4499 2197 4550 et

539 4619 790 4702 historia
819 4624 1138 4702 consulum
1171 4627 1690 4702 Andegavensium
1723 4648 1734 4686 :
1770 4653 1798 4680 ‹‹
1827 4635 2033 4689 Postea
2057 4651 2197 4691 vero

541 4696 673 4774 ipse
724 4707 835 4774 rex_
884 4696 1203 4766 prtedictus
1251 4696 1729 4774 vicecomitatum
1759 4704 2198 4762 Aurelianensis

545 4765 795 4846 civitatis
822 4765 884 4818 in
905 4774 1252 4846 casamento
1281 4770 1463 4838 dedit,
1487 4772 1703 4828 deinde
1735 4775 1898 4846 apud
1927 4778 2196 4832 Turonos

543 4835 772 4912 regiam
801 4835 1212 4914 patefacturam
1239 4835 1547 4914 assecutus
1571 4835 1792 4899 terreni
1816 4845 1980 4902 illam
2012 4853 2201 4904 aNor-

547 4907 789 4996 mappis
816 4907 1067 4996 viriliter
1111 4910 1440 4996 defendit,»
1483 4914 1757 4996 itemque
1805 4918 1987 4996 paulo
2021 4925 2196 4996 post:

548 4974 790 5045 «Datus
812 4979 900 5029 est
939 4978 1116 5034 etiam
1165 4983 1214 5036 ei
1264 4988 1320 5037 et
1351 4984 1634 5040 dimidius
1657 4974 1980 5043 homitatus
2010 4974 2202 5045 Ande-

549 5042 720 5129 gavis
745 5044 1017 5129 civitatis,
1040 5051 1191 5129 _qu_ia
1208 5051 1376 5129 ultra
1405 5055 1758 5112 Meduanam
1788 5058 1849 5113 in
1875 5042 2200 5129 ’Andé‘gaiv'o

551 5113 699 5172 alter
732 5129 934 5172 comes
957 5113 1358 5178 habebatur.»

622 5186 771 5268 (21.1)
798 5187 1152 5268 ,Εἰ-υἱηεαε.
1181 5194 1407 5268 Codex
1421 5211 1565 5268 gms.
1599 5215 1652 5254 γ.
1682 5215 1734 5266 c,
1779 5201 1942 5256 Pauli
1989 5203 2202 5258 Petavii

552 5260 844 5344 senatoris
887 5261 1070 5341 Paris,
1124 5263 1326 5344 addit:
1368 5267 1519 5344 .Vz'm'
1541 5260 1902 5344 sapa-latini
1943 5273 2179 5344 bajulas

553 5327 720 5397 quod
735 5399 750 5406 _
769 5315 1043 5404 plerique
1059 5315 1070 5326 ’
1085 5315 1289 5406 vulgd
1314 5315 1417 5392 eiu

2286 1648 2526 1704 duobus
2551 1647 2740 1717 elige:
2793 1650 2896 1703 aut
2934 1645 3239 1702 Turonicis
3281 1661 3460 1700 suum
3497 1645 3846 1712 Martinum,
3876 1645 3952 1699 di-

2285 1737 2523 1793 lationis
2552 1741 2820 1792 cessante
2849 1751 3041 1802 mora,
3074 1734 3335 1798 restitue,
3365 1739 3469 1790 aut
3517 1739 3570 1790 te
3602 1734 3948 1789 nullatenus

2287 1825 2660 1882 redditurum
2683 1823 3002 1896 responde.
3039 1821 3144 1880 Cui
3171 1823 3491 1896 episcopus
3519 1822 3584 1878 in
3613 1822 3709 1878 his
3753 1822 3948 1878 verbis

2289 1915 2698 1971 stomachatus
2727 1915 2808 1970 ita
2834 1912 3144 1986 respondit
3170 1930 3182 1968 :
3211 1915 3340 1968 Non
3368 1912 3538 1968 decet
3561 1911 3948 1985 peregrinum

2290 2021 2428 2060 cum
2455 2007 2687 2059 armata
2713 2017 2900 2058 manu
2926 2001 3062 2058 loca
3092 2005 3302 2058 sancta
3325 2001 3606 2068 invisere,
3639 2017 3760 2057 nec
3793 2017 3952 2056 sane-

2291 2099 2487 2150 torum
2516 2093 2773 2165 pignora
2797 2091 3026 2146 viribus
3073 2095 3131 2146 et
3162 2089 3347 2146 armis
3375 2089 3522 2146 velle
3549 2089 3664 2146 sibi
3691 2089 3954 2146 vindica-

2290 2201 2372 2240 re.
2395 2183 2580 2238 Hodie
2595 2187 2796 2238 tamen
2823 2197 2962 2236 cum
2991 2179 3106 2236 tuis
3129 2179 3422 2252 patienter
3451 2177 3704 2248 sustine,
3735 2179 3952 2252 etquid

2293 2288 2472 2344 super
2497 2272 2611 2328 hoc
2637 2277 2878 2327 acturus
2910 2269 3049 2341 sim,
3077 2267 3337 2325 crastina
3369 2268 3475 2324 tibi
3515 2267 3648 2324 dies
3685 2268 3952 2324 declara-

2290 2362 2396 2418 bit.
2431 2359 2884 2418 Communicato
2929 2357 3166 2414 interim
3220 2373 3360 2413 cum
3411 2358 3820 2430 coepiscopis,
3863 2359 3954 2430 qui

2293 2453 2434 2505 tunc
2476 2449 2622 2504 forte
2667 2448 2936 2514 aderant,
2977 2445 3246 2514 consilio,
3291 2445 3427 2518 quis
3475 2445 3736 2502 actionis
3781 2446 3958 2515 hujus

2293 2538 2485 2594 exitus
2514 2536 2608 2592 vel
2633 2535 2768 2591 ﬁnis
2796 2551 2925 2590 esse
2949 2534 3161 2605 valeat,
3201 2538 3648 2608 percunctatur.
3701 2533 3816 2590 Cui
3849 2534 3958 2589 Sia—

2294 2627 2456 2696 grius
2503 2625 2793 2681 Educnsis
2837 2627 3005 2696 (212),
3033 2639 3157 2680 una
3204 2640 3344 2680 cum
3389 2622 3687 2679 Domnolo
3735 2623 3958 2678 Tricas-

2294 2716 2451 2772 sensi
2481 2714 2790 2786 ['I‘recensi]
2819 2714 2986 2786 (213),
3020 2713 3098 2770 ad
3127 2713 3330 2786 ipsum
3371 2713 3678 2786 sapienter
3717 2728 3960 2786 respon-

2294 2806 2396 2861 dit.
2421 2809 2550 2862 Non
2574 2803 2745 2859 decet
2768 2803 3122 2876 episcopum
3151 2801 3348 2859 aliena
3373 2817 3608 2875 rapere,
3635 2801 3734 2857 vel
3767 2803 3958 2872 cujus-

2293 2895 2438 2950 libet
2463 2894 2808 2966 depositum
2842 2893 3051 2949 fraude
3081 2893 3177 2950 vel
3205 2892 3486 2960 violentia
3512 2891 3664 2948 velle
3691 2891 3960 2964 subripe-

2295 3000 2378 3040 re.
2407 2985 2569 3039 Beati
2600 2981 2898 3054 siquidem
2941 2981 3169 3040 Martini
3211 2998 3451 3054 corpus,
3478 2981 3682 3037 hostili
3715 2985 3960 3050 urgente

2297 3072 2518 3142 gladio,
2553 3087 2589 3127 a
2617 3071 2922 3127 Turonicis
2953 3071 3072 3126 huc
3101 3071 3444 3140 allatum,ct
3473 3069 3550 3126 ab
3575 3070 3666 3125 eis
3699 3085 3894 3142 penes
3912 3075 3960 3122 te

2294 3161 2623 3234 repositum
2653 3161 2949 3216 novimus.
2977 3160 3150 3226 Quod
3177 3175 3318 3230 ergo
3349 3175 3384 3216 a
3403 3158 3686 3216 ﬁdelibus
3715 3158 3962 3214 ﬁdeliter

2296 3250 2403 3308 tibi
2432 3249 2820 3304 commissum
2853 3253 2958 3316 est,
2993 3254 3054 3304 tu
3094 3249 3466 3322 quandoque
3497 3249 3798 3321 [quoque]
3829 3247 3960 3303 ﬁde-

2296 3339 2368 3394 lis
2397 3343 2658 3407 restitue,
2691 3341 2748 3393 et
2773 3336 2913 3393 ﬁdei
2947 3337 3104 3392 laesae
3141 3338 3370 3394 damna
3409 3337 3772 3404 resarciens,
3803 3353 3962 3392 exas-

2297 3431 2505 3500 perato
2535 3426 2734 3481 comiti
2775 3426 2976 3480 verbis
3027 3441 3167 3481 eum
3205 3426 3462 3496 lenibus,
3507 3431 3564 3481 et
3615 3425 3838 3481 ofﬁciis
3865 3425 3960 3480 de-

2299 3516 2589 3585 mulcens,
2621 3513 2922 3586 postulata
2956 3515 3237 3571 concede.
3266 3515 3385 3572 Nisi
3415 3515 3576 3571 enim
3605 3521 3960 3587 spontanee,

2300 3609 2357 3660 et
2380 3605 2494 3660 cito
2525 3603 2874 3674 reddideris,
2908 3604 2986 3660 ad
3035 3604 3118 3660 tui
3155 3603 3419 3660 dedecus
3462 3608 3520 3661 et
3559 3605 3962 3674 ignominiam

2299 3693 2569 3750 ablatum
2598 3693 2872 3766 protinus
2897 3693 3002 3750 tibi
3029 3695 3112 3770 [te
3133 3694 3333 3766 invite]
3363 3693 3612 3750 videbis.
3643 3695 3766 3750 Fac
3791 3694 3966 3764 igitur

2299 3785 2374 3840 de
2422 3782 2774 3839 necessitate
2817 3783 3114 3851 virtutem,
3167 3788 3224 3839 et
3266 3789 3592 3856 antequam
3639 3783 3962 3838 imminens

2300 3876 2648 3944 extorqueat
2677 3871 3023 3940 necessitas,
3067 3871 3312 3937 palliata
3342 3872 3438 3943 [et]
3489 3871 3764 3944 prudens
3791 3889 3960 3945 pries-

2300 3967 2382 4018 tet
2423 3960 2765 4016 liberalitas.
2807 3961 3141 4034 Acquiescit
3184 3963 3524 4035 episcopus,
3577 3965 3662 4017 et-
3693 3963 3960 4030 Andega-

2302 4052 2469 4107 vensi
2495 4050 2850 4107 allocutione
2887 4051 3112 4108 blanda
3140 4051 3384 4108 delinito
3414 4056 3690 4125 optatum
3723 4051 3962 4124 exponit

2302 4142 2669 4197 thesaurum.
2708 4141 2908 4197 Adfuit
2933 4141 3112 4198 etiam
3159 4145 3215 4198 et
3259 4142 3478 4197 divinae
3521 4143 3838 4198 memoriae

2302 4230 2413 4286 bas
2463 4229 2766 4284 Herbenus
2819 4230 3166 4301 [Hebernus]
3209 4247 3412 4286 coram
3466 4230 3794 4303 episcopis,
3847 4245 3960 4284 una

2305 4336 2442 4374 cum
2489 4318 2839 4389 Ingelgerio,
2865 4319 2996 4390 jam
3027 4319 3156 4376 sine
3199 4320 3394 4375 sociis.
3427 4318 3636 4374 Divina
3663 4319 3960 4392 siquidem

2301 4407 2697 4482 providentia,
2729 4411 2786 4463 et
2809 4407 2964 4464 beati
2995 4407 3230 4463 Martini
3261 4407 3528 4463 oratione
3561 4407 3817 4463 assidua
3843 4425 3958 4462 me—

2302 4497 2524 4561 diante,
2535 4497 2662 4567 jam
2683 4497 2944 4568 promoti
2959 4500 3130 4552 erant
3157 4512 3264 4569 per
3281 4497 3576 4552 universm
3597 4497 3960 4567 Burgundiae

2379 4638 2523 4709 (212)
2551 4639 2828 4710 Siagrius
2859 4639 3172 4710 Eduensis,
3197 4642 3374 4694 antea
3395 4639 3688 4710 Fiagrz'us
3709 4639 3774 4694 in
3795 4655 3964 4694 exeu-

2307 4710 2412 4782 sis,
2433 4710 2574 4782 etin
2606 4709 2739 4764 cod.
2763 4709 2926 4764 Pauli
2943 4709 3169 4782 Petavii
3189 4711 3250 4764 Ν
3251 4709 3574 4782 ἱυβνηρηείε
3601 4725 3718 4782 pro
3743 4710 3964 4766 Eduen-

2309 4780 2378 4834 si.
2412 4779 2524 4834 Sed
2553 4796 2691 4834 cum
2723 4786 2970 4837 uterque
2999 4795 3110 4835 nec
3157 4781 3214 4836 in
3245 4779 3624 4836 Eduensibus
3653 4799 3768 4836 nec
3793 4783 3856 4837 in
3889 4783 3964 4837 Ni-

2305 4850 2701 4923 vernensibus
2733 4850 2947 4907 tabulis
2977 4851 3322 4923 reperiatur,
3357 4851 3528 4907 labor
3557 4857 3650 4923 est
3681 4859 3748 4909 ut
3771 4853 3846 4908 de
3879 4857 3962 4908 Ni-

2307 4921 2583 4976 vernensi
2625 4923 2823 4994 potius
2875 4923 2973 4990 agi
3003 4921 3280 4990 credam;
3311 4927 3440 4994 tum
3469 4921 3616 4994 quia
3651 4925 3960 4980 Nivernen-

2309 4994 2390 5046 sis
2419 4997 2476 5048 et
2503 4993 3057 5048 Autossiodorensis
3087 4993 3540 5065 archiepiscopo
3567 4994 3794 5058 eidem,
3811 5013 3966 5050 neru-

2353 5077 2384 5144 e
2457 5065 2786 5144 Senoneiisi
2846 5069 3000 5144 sunt
3023 5083 3043 5144 ;_
3095 5070 3224 5144 tum
3297 5065 3442 5144 quia
3511 5071 3764 5144 sanctus
3847 5067 3964 5122 Otto

2308 5079 2384 5190 pe
2457 5079 2786 5142 senonensi
2861 5079 3034 5131 sunt;
3095 5079 3224 5120 tum
3297 5079 3442 5144 qma
3511 5079 3764 5121 sanctus
3847 5079 3964 5122 Udo

2351 5149 2609 5218 legi-ium
2637 5137 2801 5218 hunc
2827 5135 3363 5218 Aptissiodorensis
3407 5135 3842 5218 coepiscopum
3870 5153 3966 5218 gap-

2311 5204 2492 5278 pellat
2517 5206 2726 5278 {quod
2766 5207 2842 5261 de
2868 5207 3145 5276 Eduensi,
3173 5205 3278 5278 qui
3309 5204 3732 5277 Lugdunensis
3763 5204 3966 5264 metro-

2309 5275 3028 5350 politanijsutfraganeus,
3061 5275 3252 5350 accipi
3277 5275 3644 5350 non'potest.

2385 5349 2528 5421 (2_l_3)
2555 5349 2844 5404 Domnolo
2899 5350 3279 5421 Tricassensi,
3325 5349 3716 5421 nuncupatur
3764 5355 3822 5405 et
3871 5353 3970 5405 Do-

865 5399 1048 5487 :voces
1099 5399 1296 5487 absint
1341 5407 1404 5464 in
1451 5399 1810 5487 editionibus
1841 5399 2120 5486 antiquis,
2143 5399 2207 5472 et
2313 5399 3822 5487 natantis—ai"5613mm;Ei'Eiié'm—‘eii'Siiiﬁ'i'bdé

557 5465 1086 5556 etiaminduobus
1111 5477 1383 5556 aliisrms.
1416 5480 1590 5536 codd.
1625 5465 2203 5556 quiﬁas'ﬁéh‘sﬁi’iﬁ;

557 5535 692 5623 illas
727 5543 788 5595 ut
812 5541 1139 5623 gloss-uiam
1165 5550 1362 5623 potius
1391 5535 1602 5623 quam
1619 5535 1943 5622 genuinam
1957 5535 2206 5614 ﬁdet-iis

557 5565 692 5592 mas
727 5565 788 5595 ιιι
812 5565 1139 5622 glossuiam
1207 5565 1362 5606 onus
1391 5567 1579 5623 quam
1619 5568 1716 5622 ger

557 5609 786 5666 textum
809 5615 1146 5676 cnstimem
1165 5565 1342 5678 IFacile
1371 5621 1716 5694 compellor.

2315 5489 2782 5570 eacusis,_quai_n
2813 5491 3235 5570 manuscriptis
3279 5490 3702 5568 episcoporum
3733 5497 3972 5550 'l‘rccen-

2319 5561 2474 5615 sium
2495 5561 2778 5632 catalogis
2803 5561 2990 5618 abest.
3120 5561 3141 5564 “
3312 5561 3333 5564 “
3401 5577 3410 5584 ·
