4134 6114
69 0 3960 52 Ἣ

181 217 282 272 883
1095 206 1188 262 DE
1224 198 1752 264 TRANSLATIONE
1794 197 1860 250 Β.

1999 201 2217 257 LRTINI
2259 204 2308 256 Α
2349 203 2785 269 BUBGUNDIA.
3597 228 3702 286 834

181 335 558 413 provinciam
612 346 829 388 omnes
860 333 917 386 et
965 328 1194 397 singuli
1226 333 1289 386 in
1329 319 1780 420 episcopatibus
1811 323 1874 373 et
1902 325 1962 376 Α
2008 323 2126 378 Per
2157 325 2484 382 Martinam
2508 347 2688 420 “vero
2740 337 2921 395 etiam
2965 357 3091 398 non
3129 346 3487 420 petentibus,
3521 351 3701 408 etiam

184 412 444 485 abbatiis
469 443 482 479 :
520 421 750 478 scilicet
778 425 845 476 ut
871 418 975 492 qui
1007 433 1155 474 cum
1185 420 1473 476 exsultato
1521 412 1654 507 [qui
1680 425 1749 507 eo
1772 423 1869 504 θξ-
2010 425 2141 507 non
2176 416 2665 507 accur-rentibus,
2696 427 2752 478 et
2781 429 2945 496 quod
2969 412 3214 502 majoris
3245 412 3568 493 clementiae
3590 443 3696 507 est,

185 509 760 583 Sllltatumlexsules
785 506 1194 576 advenerant,
1237 509 1314 564 ab
1336 508 1462 580 ipso
1485 499 1782 590 exsulalo,
1809 499 1868 548 in
2010 499 2213 554 etiam
2276 503 2626 563 nolentibus
2667 499 3082 576 subveniebat:
3139 525 3288 578 Dum
3346 526 3504 582 enim
3538 499 3692 590 talia,

185 607 324 678 ipso
345 600 530 659 exsilii
550 599 684 655 solo
701 597 921 654 divitiis
943 595 1366 653 ethonoribus
1387 589 1865 686 sublimat-antur.
2009 591 2325 686 tantaque
2381 593 2668 654 virtutum
2698 599 2956 671 insignia
3009 615 3341 682 agerentur,
3391 630 3547 686 quae,
3587 589 3694 670 etsi

189 674 460 762 ﬁenique
482 688 632 762 ipsis
661 685 980 743 mandavit
1002 685 1389 754 [mandarat]
1412 700 1514 756 per
1538 674 1872 771 veredarios
2005 687 2152 774 non
2195 677 2474 739 viderent
2502 686 2792 759 [videret],
2817 674 3111 749 occultare
3141 697 3301 754 fama
3324 674 3445 756 non
3475 674 3686 774 potuit.

191 781 336 851 (214)
359 761 679 850 ἐξερθῖᾶιιιε
710 775 906 832 abbas
940 769 1271 828 Herbcnus
1305 767 1680 845 [chernus],
1707 761 1872 818 utin-
2006 765 2100 816 Ea
2141 774 2532 829 percurrente
2559 774 2679 831 duo
2706 778 3034 850 paralytici,
3068 783 3171 853 qui
3201 785 3258 838 in
3291 787 3425 842 villa
3451 761 3544 843 c‘ui
3573 805 3685 844 no-

191 872 477 924 teressent
505 863 774 926 ducatui,
821 867 878 918 ct
907 861 984 917 ad
1041 861 1434 917 evehendum
1470 873 1688 930 corpus
1727 865 1880 924 saepe
2002 862 2178 946 mt’fn
2205 853 2283 910 de
2309 858 2532 918 Hedera
2557 871 2644 920 est
2666 882 2700 920 a
2725 870 3212 938 praetereuntibus
3239 872 3682 946 eleemosynam

191 954 548 1013 nominandi
570 954 752 1025 [saepe
770 948 1094 1020 nominati]
1124 951 1441 1007 antistitis:
1469 954 1530 1005 ut
1551 963 1732 1022 quem
1747 943 1882 1000 sim-
2002 937 2328 1014 petentes,
2362 949 2722 1019 victitabant,
2765 953 3038 1011 dixerunt
3074 957 3219 1012 alter
3247 959 3322 1013 ad
3381 937 3630 1016 alterum
3662 979 3675 1016 :

192 1045 375 1118 plices
394 1041 678 1098 monachi
709 1045 767 1097 et
798 1039 1034 1096 exsules
1069 1053 1108 1092 a
1159 1039 1297 1095 loco
1346 1039 1596 1113 proprio
1627 1038 1687 1093 in
1741 1033 1890 1094 exsi-
2004 1031 2179 1122 Bcf-38
2212 1031 2390 1091 frater
2409 1037 2519 1092 sub
2550 1040 2710 1096 molli
2741 1041 2858 1096 otio
2889 1042 3162 1110 vivimus,
3193 1060 3371 1100 nemo
3428 1063 3538 1101 nos
3586 1047 3676 1100 in-

191 1134 341 1190 lium
379 1131 781 1198 adduxerant,
808 1130 938 1200 jam
973 1125 1258 1200 episcopi
1294 1133 1352 1184 et
1381 1127 1634 1183 abbates
1666 1127 1889 1183 consti-
2000 1122 2269 1193 qu1etat,
2297 1141 2505 1182 omnes
2539 1129 2892 1184 miserentur
2927 1148 2940 1197 ;
2975 1131 3136 1186 solus
3168 1132 3344 1186 nobis
3381 1132 3555 1188 labor
3585 1136 3676 1188 est

195 1223 300 1280 tuti
318 1222 517 1294 ipsum
536 1219 734 1275 solum
759 1217 1033 1274 exsulem
1058 1215 1205 1270 loco
1225 1217 1476 1289 proprio
1492 1217 1884 1274 restituerent.

196 1309 367 1378 Quod
394 1314 450 1366 et
479 1310 705 1364 factum
737 1311 846 1362 est.
883 1304 1205 1362 Celebrate
1235 1306 1421 1376 igitur
1445 1309 1689 1379 propria
1728 1308 1801 1363 de
1829 1308 1884 1363 S.

195 1399 438 1456 Martino
471 1397 654 1452 missa
686 1394 1054 1459 solemuiter,
1084 1394 1467 1464 lngelgerius
1497 1396 1889 1466 Andegaven—

196 1489 277 1544 sis
306 1492 362 1546 et
387 1485 682 1542 Abuarius
709 1481 1258 1539 Antissiodorensis
1305 1489 1699 1556 assumptum
1732 1503 1889 1541 onus

195 1576 345 1633 illud
369 1575 566 1631 nobile
593 1573 714 1628 suis
743 1573 1131 1644 imponentes
1163 1571 1459 1639 humeris,
1516 1573 1890 1645 rcpatriandi

196 1664 629 1735 aggrediuntur
659 1662 786 1718 iter.
824 1660 1142 1716 Deducunt
1168 1660 1492 1733 pontiﬁces
1521 1679 1661 1717 cum
1706 1663 1887 1734 hym-
1922 1677 1960 1730 Β
1997 1657 2492 1714 incumbetlabor
2522 1677 2818 1716 manuum
2867 1661 3139 1717 insolitus
3187 1681 3198 1717 :

199 1754 293 1810 nis
339 1757 396 1808 et
424 1751 706 1807 laudibus
749 1748 939 1805 sancti
966 1748 1249 1804 antistitis
1287 1749 1602 1821 reliquias,
1648 1766 1892 1805 necnon

201 1847 260 1899 et
289 1841 482 1897 clerus
513 1841 787 1907 devotus,
811 1842 867 1894 et
899 1836 1060 1906 vulgi
1113 1838 1532 1912 undequaque
1560 1839 1894 1894 decurrens

201 1930 557 2004 frequentia.
581 1927 850 1984 Reversis
882 1943 1018 1982 vero
1045 1926 1487 1984 deductoribus
1519 1928 1635 1984 illis
1694 1927 1895 1984 Marti-

202 2019 288 2090 ni,
315 2019 606 2076 exercitus
629 2032 983 2088 aggressum
1035 2016 1198 2089 capit
1238 2017 1372 2085 iter,
1408 2021 1464 2073 et
1495 2023 1708 2091 optato
1740 2017 1894 2090 poti-

206 2114 303 2166 tur
326 2107 654 2180 triumpho.
689 2105 966 2162 Debitum
997 2106 1222 2162 servitii
1250 2123 1517 2179 pensum
1552 2107 1634 2164 ab
1670 2106 1894 2162 abbate

207 2202 266 2254 et
288 2195 624 2263 monachis,
648 2210 881 2250 necnon
909 2197 966 2250 et
990 2193 1219 2250 clericis
1242 2199 1366 2251 Deo
1393 2195 1455 2251 in
1478 2197 1608 2252 dies
1633 2196 1894 2252 devotis-

207 2286 356 2342 sime
377 2281 1055 2350 exhibebatur,etmissa
1078 2283 1344 2356 quotidie
1367 2284 1890 2341 celebrabatur.ln

208 2375 396 2432 nobili
419 2373 522 2430 illo
555 2373 813 2429 exercitu
839 2370 1037 2427 nullus
1067 2371 1266 2428 mollis
1326 2373 1422 2428 vel
1452 2371 1845 2430 effeminatus
1875 2392 1886 2430 :

209 2480 390 2520 nemo
417 2463 502 2519 ibi
549 2462 858 2530 feminam,
891 2476 1073 2516 nemo
1121 2461 1403 2534 rapinam
1434 2468 1729 2532 noverat;
1783 2463 1890 2520 sed

205 2551 676 2626 [unusquisque]
715 2566 787 2606 ex
817 2553 1081 2606 mercato
1111 2551 1470 2624 competenti
1505 2552 1775 2609 vivebat.

281 2645 369 2698 1X.
400 2644 723 2712 Postquam
756 2639 934 2709 igitur
962 2639 1234 2695 diiecesis
1273 2656 1394 2695 suae
1425 2640 1574 2696 ﬁnes
1610 2641 1892 2712 attigerat

212 2729 596 2787 sacratissimi
653 2728 919 2802 praesulis
966 2729 1194 2784 Martini
1247 2745 1486 2802 corpus,
1550 2731 1781 2788 mirum
1827 2733 1888 2788 in

212 2819 472 2876 modum
504 2823 559 2874 et
589 2834 733 2874 oves
759 2817 1051 2876 morbida;
1107 2819 1363 2890 pastoris
1389 2821 1800 2890 praesentiam,
1833 2828 1892 2878 et

215 2911 426 2981 pastor
473 2906 820 2974 recognovit
865 2910 1159 2978 quantam
1217 2905 1432 2961 ovibus
1484 2906 1734 2964 deberet
1760 2908 1890 2963 dili-

218 2997 510 3068 gentiam.
566 2994 852 3061 Quamvis
904 2995 1064 3050 enim
1117 2995 1468 3068 peregrinus
1515 2995 1669 3050 inter
1700 3002 1890 3052 extra—
1919 3029 1959 3085 Ο

217 3103 369 3142 neos
398 3083 830 3141 miraculorum
854 3083 1154 3140 ﬂoruisset
1182 3084 1357 3157 copia
1390 3101 1402 3139 :
1436 3084 1588 3141 inter
1631 3102 1773 3141 suos
1803 3091 1889 3143 ta-

219 3191 388 3242 men,
420 3177 623 3246 utpote
649 3173 762 3229 sibi
788 3189 824 3230 a
851 3177 970 3229 Deo
997 3172 1474 3242 commendatos,
1503 3179 1560 3230 et
1587 3175 1891 3247 copiosior

224 3266 276 3320 ei
309 3263 422 3319 fuit
442 3262 767 3318 sanitatum
800 3263 1012 3333 gratia,
1045 3267 1121 3331 et,
1146 3263 1198 3318 si
1226 3263 1341 3318 dici
1375 3262 1464 3319 fas
1493 3268 1600 3334 est,
1634 3281 1894 3336 propen-

223 3352 349 3407 sior
400 3349 924 3419 beniguovolentia
982 3348 1458 3420 [benevolentia].
1536 3350 1890 3424 Quicunque

221 3456 370 3510 ergo
395 3438 822 3511 qualicumque
854 3439 1242 3495 incommodo
1269 3438 1637 3508 aegritudinis
1661 3441 1894 3496 laboras

218 3529 375 3585 bant
401 3527 580 3583 etiam
631 3542 754 3582 non
808 3527 1130 3599 apportati,
1187 3527 1365 3583 etiam
1414 3543 1536 3582 non
1586 3533 1895 3600 rogantes,

223 3617 438 3672 dextra
494 3615 766 3688 laevaque
814 3631 922 3688 per
977 3619 1164 3672 totam
1222 3615 1596 3688 provinciam
1644 3616 1892 3673 miriﬁce

226 3704 618 3761 sanabantur.
701 3706 893 3769 Quam
961 3705 1149 3776 [quia]
1201 3720 1341 3761 vera
1389 3703 1709 3776 promissio
1770 3705 1894 3762 Sal-

226 3793 449 3850 vatoris
499 3793 748 3848 dicentis
799 3793 1056 3862 :Opera,
1118 3792 1328 3865 inquit.
1387 3808 1517 3863 quze
1557 3808 1660 3862 ego
1703 3794 1887 3862 facio,

228 3885 335 3957 qui
363 3883 549 3938 credit
576 3884 638 3937 in
669 3898 780 3952 me,
807 3889 860 3939 et
896 3884 1019 3952 ipse
1040 3883 1245 3952 faciet,
1303 3887 1356 3938 et
1388 3883 1625 3950 majora
1674 3882 1888 3940 horum

224 3969 412 4039 faciet
467 3970 655 4041 (Joan.
691 3986 802 4041 xiv,
847 3971 953 4040 l2).
1007 3973 1068 4024 In
1122 3969 1308 4040 signis
1349 3969 1508 4025 enim
1537 3972 1592 4025 et
1623 3969 1888 4027 sanitati-

226 4057 366 4125 bus,
399 4072 533 4129 quae
579 4057 780 4130 [quas]
834 4057 960 4130 ipse
1012 4058 1299 4114 Dominus
1330 4074 1436 4131 per
1493 4073 1554 4113 se
1607 4057 1890 4127 dignatus

227 4151 320 4203 est
348 4145 646 4214 exhibere,
674 4146 857 4201 ﬁdem
905 4147 1084 4202 etiam
1145 4147 1520 4220 poscentium
1580 4149 1888 4219 cooperari

227 4233 437 4302 voluit,
496 4239 562 4289 ut
617 4234 826 4291 crebro
866 4236 1181 4306 Evangelia
1238 4235 1516 4308 probant.
1579 4234 1742 4291 Unde
1800 4243 1890 4294 est

225 4323 380 4382 illud
412 4342 425 4380 :
460 4324 628 4380 Vides
655 4330 760 4382 tua
793 4331 848 4382 te
895 4328 1130 4382 salvum
1182 4327 1328 4397 fecit
1383 4328 1552 4397 (Luc.
1580 4342 1738 4394 xvm,
1767 4327 1878 4398 42).

305 4467 619 4540 (2t_4)I_psis
645 4469 961 4540 mandavit
1009 4468 1524 4540 perrveredarios.
1592 4467 1884 4540 Antiquus

227 4538 680 4594 veredariorum
710 4538 832 4594 sive
879 4539 1335 4595 mutatoriorum
1392 4554 1688 4608 equorum
1718 4538 1882 4606 usus,

227 4625 386 4682 quos
411 4613 623 4682 tamen
651 4610 916 4682 primum
937 4627 973 4666 a
1005 4610 1302 4665 Ludovico
1335 4613 1418 4675 XI,
1448 4612 1670 4682 li‘r.__rex
1727 4610 1888 4666 insti-

228 4679 390 4737 tutos
407 4679 468 4753 in
495 4679 737 4737 Francia
759 4681 1060 4753 Philippus
1083 4682 1418 4753 Cominaeus
1439 4679 1658 4753 scribit.
1677 4682 1888 4753 Praeter

225 4752 562 4824 Josephum
614 4753 795 4824 enim,
859 4751 1205 4824 Shétoﬁnium
1259 4759 1316 4808 et
1371 4751 1748 4824 Procopium,
1782 4751 1885 4824 qui

229 4822 637 4878 meminerunt
677 4823 938 4889 illorum,
971 4823 1150 4878 etiam
1179 4823 1239 4877 in
1298 4822 1597 4878 veteribus
1631 4822 1886 4878 Francia;

230 4893 627 5019 scriptoribus
685 4893 832 4949 nihil
901 4893 1284 4965 frequentius.
1346 4894 1600 4950 Historia
1653 4893 1884 4949 consul.

230 4969 322 5019 An
371 4980 542 5019 egav.
571 4965 631 5018 in
661 4964 912 5019 Fulcone
945 4968 1123 5019 Nerra
1156 4983 1167 5019 :
1201 4987 1229 5013 ‹‹
1263 4967 1391 5019 Ouo
1420 4965 1624 5019 audito
1681 4982 1884 5019 comes

229 4964 542 5033 Andegav.
571 4965 631 5018 in
661 4964 912 5020 Fulcone
945 4964 1123 5021 Narra
1156 4983 1167 5020 :
1201 4987 1229 5013 ‹‹
1263 4967 1391 5030 Quo
1420 4965 1624 5021 audito
1681 4982 1884 5022 comes

230 5034 315 5090 ad
365 5051 716 5109 succursum
783 5052 1029 5109 suorum
1101 5034 1356 5100 festinat,
1413 5036 1769 5109 {ingensque
1828 5053 1890 5092 se

231 5105 980 5181 Lando_nense_castro_suo
1005 5106 1108 5172 ire,
1125 5111 1387 5181 nocteet
1414 5107 1508 5162 die
1535 5105 1706 5181 cquis
1731 5125 1888 5181 saepe

229 5177 493 5251 mutatis]
505 5177 748 5249 equitat.
782 5196 812 5251 ξ
839 5179 906 5232 Et
925 5176 1238 5251 Marculfus
1262 5177 1364 5251 lib,
1391 5197 1408 5231 1
1441 5176 1720 5251 Feruiqu
1747 5176 1884 5251 ca‘p.

234 5252 296 5303 ll
338 5265 351 5302 :
387 5247 724 5304 «lllustrem
753 5248 950 5304 virum
980 5248 1148 5304 illum
1190 5249 1460 5318 partibus
1485 5249 1596 5303 illis
1643 5247 1886 5318 legatio-

227 5318 328 5374 nis
357 5334 541 5390 causa
569 5319 919 5387 direximus,
968 5319 1102 5375 ideo
1127 5318 1433 5390 jubemus,
1478 5324 1542 5375 ut
1569 5319 1716 5375 locis
1743 5337 1886 5377 con-

230 5389 608 5445 venientibus
639 5391 867 5446 eisdem
897 5406 933 5446 a
959 5389 1140 5446 vobis
1188 5391 1410 5446 evectio
1456 5391 1654 5459 simul,
1696 5395 1751 5446 et
1777 5391 1884 5448 hu-

228 5461 494 5534 manitas
521 5461 1054 5534 ministretur,ghoc
1084 5468 1172 5517 est
1201 5462 1470 5534 veredos,
1504 5479 1608 5534 seu
1634 5478 1885 5534 parave-

229 5531 412 5606 redos
443 5536 662 5606 tantos.
694 5556 720 5584 »
756 5533 1094 5606 Veredospet
1121 5533 1521 5606 paraveredos
1543 5531 1708 5606 dixit,
1733 5551 1886 5606 quos

233 5603 365 5659 Odo
405 5605 752 5677 peredm’ios
801 5622 813 5660 :
867 5603 1406 5674 Carolus'Magnus
1453 5603 1888 5677 in_diplomate

229 5674 420 5730 veteri
448 5677 909 5749 mansionaticos
935 5682 987 5732 et
1013 5677 1453 5749 paraperedos:
1488 5675 1590 5732 lib.
1625 5674 1660 5730 i1
1693 5676 1878 5749 Capit.

231 5760 368 5815 cap.
408 5749 491 5814 l6,
528 5747 916 5815 paravreda:
967 5746 1232 5819 Capitula
1283 5748 1704 5822 episcoporum
1738 5746 1879 5805 aim.

1996 1210 2212 1282 petere
2237 1214 2401 1287 quod
2432 1220 2730 1288 optamus.
2768 1219 2937 1284 Licet,
2978 1234 3114 1273 cum
3143 1218 3398 1287 libuerit,
3449 1235 3668 1275 somno

1999 1299 2338 1372 indulgere,
2372 1305 2552 1376 quieti
2587 1322 2725 1361 vero
2749 1307 2969 1376 jugiter
3001 1324 3013 1360 :
3049 1310 3122 1367 et,
3175 1313 3238 1362 ut
3294 1308 3551 1363 breviter
3581 1308 3668 1362 di-

1999 1406 2159 1459 cam,
2192 1393 2470 1448 ducimus
2504 1395 2564 1449 in
2592 1394 2763 1450 bonis
2791 1395 2917 1451 dies
2943 1399 3204 1451 nostros.
3262 1397 3382 1452 Hoc
3410 1397 3662 1467 [autem]

1999 1483 2193 1536 totum
2221 1482 2394 1537 nobis
2416 1483 2676 1539 vindicat
2696 1483 3010 1539 inﬁrmitas
3043 1485 3192 1556 haec,
3219 1502 3340 1557 qua
3358 1489 3656 1555 jacemus.

1999 1571 2140 1634 Quae
2171 1570 2218 1625 si
2249 1577 2454 1627 curata
2491 1571 2682 1638 fuerit,
2717 1573 2881 1644 quod
2910 1573 3082 1639 absit,
3115 1574 3449 1629 necessario
3481 1573 3658 1629 nobis

3249 1663 3473 1734 quippe
3527 1663 3657 1732 jam

2000 1747 2342 1803 mendicare
2365 1748 2731 1819 [mendicare
2763 1750 3010 1821 quippe]
3031 1749 3236 1805 inutile
3267 1751 3392 1806 erit.
3429 1754 3493 1805 Et
3521 1766 3657 1806 ecce

2000 1834 2342 1890 audivimus
2371 1835 2445 1891 de
2477 1838 2721 1892 Martino
2747 1837 2882 1905 isto,
2915 1837 2976 1892 in
3025 1838 3198 1908 cujus
3228 1837 3465 1893 dioecesi
3499 1837 3660 1906 degi-

2000 1939 2158 1992 mus,
2181 1924 2348 1996 quod
2375 1929 2676 1980 revertens
2708 1925 2785 1981 ab
2811 1926 3020 1981 exsilio
3053 1927 3113 1982 in
3143 1931 3264 1982 toto
3288 1942 3397 1982 suo
3427 1925 3658 1998 episco-

1999 2017 2148 2084 patu
2171 2013 2472 2068 neminem
2527 2013 2990 2070 decumbentem
3018 2015 3278 2088 prteterit
3329 2030 3452 2071 non
3483 2029 3659 2071 sana-

2003 2105 2151 2156 tum.
2183 2105 2348 2158 Nunc
2377 2118 2540 2174 ergo,
2601 2103 2799 2174 frater,
2832 2104 3146 2176 acquiesce
3174 2104 3432 2160 consiliis
3484 2104 3656 2176 meis,

2001 2195 2060 2247 et
2078 2190 2237 2247 dicto
2267 2192 2437 2247 citius
2467 2191 2771 2262 fugiamus
2792 2194 3125 2261 Martinum,
3155 2192 3233 2248 ab
3255 2193 3386 2263 ejus
3411 2191 3658 2249 diuacesi

2000 2285 2308 2348 exeuntes,
2338 2297 2414 2337 ne
2443 2280 2589 2337 forte
2615 2297 2726 2337 nos
2759 2282 3079 2339 sanitatum
3109 2282 3236 2353 ejus
3265 2281 3437 2354 copia
3489 2297 3656 2337 com-

1999 2368 2352 2442 prehendat.
2423 2373 2652 2425 Novum
2699 2386 2841 2427 sane
2874 2370 3211 2441 consilium,
3239 2373 3381 2425 vota
3409 2385 3658 2442 prorsus

1999 2461 2248 2514 eatenus
2276 2457 2566 2525 inaudita,
2608 2463 2775 2516 tanto
2803 2459 2957 2516 nolle
3007 2475 3206 2516 carere
3243 2457 3657 2523 incommodo,

2001 2562 2084 2614 se,
2119 2545 2234 2600 sibi
2263 2545 2452 2614 reddi,
2482 2546 2764 2618 effugere.
2799 2548 2950 2614 Quid
2972 2564 3174 2604 moror
3201 2548 3229 2602 ?
3273 2546 3472 2603 Placet
3519 2546 3659 2602 utri-

1969 2689 1972 2692 .
1998 2651 2117 2708 que
2143 2634 2509 2705 consultum,
2541 2641 2596 2691 et
2623 2637 2836 2708 aptatis
2863 2637 3092 2693 baculis
3124 2635 3238 2691 sub
3281 2639 3536 2708 utraque
3562 2651 3658 2692 as-

1998 2723 2169 2793 cella,
2202 2723 2496 2796 reptando
2527 2724 2725 2796 potius
2755 2742 2943 2798 quam
2966 2723 3318 2796 gradiendo,
3340 2723 3548 2794 fugam
3572 2740 3662 2780 ar-

1997 2812 2238 2886 ripiunt.
2269 2813 2382 2868 Sed
2427 2814 2653 2870 Martini
2712 2816 2920 2888 pernix
2973 2814 3238 2889 potentia
3275 2815 3662 2886 prosequitur

1998 2903 2313 2973 fugientes,
2347 2904 2801 2976 comprehendit
2829 2905 3090 2975 refugas,
3119 2904 3590 2976 comprehensos
3605 2907 3664 2961 et

1998 2992 2271 3048 inventos
2300 2990 2517 3048 invitos
2548 2998 2787 3064 reparat
2817 2993 3072 3051 sanitati.
3108 2991 3280 3058 Quod
3328 2991 3410 3048 illi
3439 2991 3501 3047 in
3533 3008 3660 3048 sese

1998 3081 2390 3153 experientes,
2419 3097 2528 3138 nec
2558 3081 2938 3140 dissimulare
2985 3085 3280 3156 poterant,
3310 3097 3425 3160 pec
3478 3082 3663 3138 aude-

1996 3169 2146 3226 bant
2177 3168 2367 3224 silere.
2423 3169 2712 3226 Nimirum
2743 3187 2867 3228 non
2918 3170 3105 3228 nescii
3133 3169 3302 3225 illum
3352 3173 3662 3244 potentem

1998 3257 2248 3332 perdere
2278 3258 2578 3331 [prodere]
2602 3259 2870 3330 ingratos
2921 3260 3026 3333 qui
3051 3263 3108 3316 et
3143 3258 3488 3316 nolentibus
3525 3259 3664 3316 sub-

1999 3347 2662 3405 venisset..Exclamant
2703 3350 2902 3420 igitur,
2953 3349 3349 3423 praedicantes
3405 3350 3664 3407 miracu-

1997 3436 2148 3506 lum,
2171 3440 2226 3492 et
2249 3437 2525 3493 homines
2554 3437 2669 3494 loci
2694 3438 2873 3509 illius,
2912 3455 3035 3512 quo
3090 3437 3152 3494 id
3199 3439 3549 3509 contigerat,
3582 3439 3662 3496 ad

1997 3525 2244 3582 laudem
2272 3526 2526 3583 invitant
2553 3527 2802 3584 Martini.
2829 3532 2942 3584 Nec
2964 3528 3076 3584 sibi
3101 3527 3402 3598 integrum
3424 3528 3549 3585 fore
3571 3545 3664 3586 ar-

1997 3613 2216 3681 bitrati,
2242 3614 2436 3671 donec
2451 3615 2702 3672 baculos
2733 3618 2825 3672 sui
2840 3617 3151 3687 languoris
3165 3615 3396 3673 indices
3417 3619 3497 3674 ad
3519 3621 3662 3676 Man

1998 3702 2102 3758 tini
2119 3702 2430 3759 matricem
2447 3704 2762 3762 ecclesiam
2779 3707 3134 3773 detulerunt,
3153 3705 3358 3777 palam
3375 3708 3661 3765 omnibus

1997 3797 2363 3864 exponentes
2393 3797 2451 3848 et
2469 3810 2590 3848 suae
2617 3795 2884 3866 perﬁdiae
2897 3796 3126 3867 fugam,
3151 3799 3206 3850 et
3231 3797 3457 3854 Martini
3479 3799 3658 3854 etiam

1997 3881 2154 3938 circa
2182 3881 2400 3937 invitos
2427 3881 2826 3940 clementiam.
2856 3888 3033 3940 Porro
3059 3881 3280 3939 accolae
3298 3886 3654 3951 mansionis,

1996 3971 2057 4026 in
2089 3986 2212 4042 qua
2242 3971 2483 4040 signum
2548 3970 2662 4026 hoc
2731 3973 2998 4029 sanitatis
3057 3971 3426 4030 celebratum
3457 3981 3563 4044 est,
3594 3977 3657 4032 in

1993 4059 2238 4114 nomine
2269 4058 2687 4130 signipotentis
2706 4061 2932 4116 Martini
2963 4060 3279 4117 ecclesiam
3307 4063 3652 4132 condidere,

1993 4164 2130 4221 quae
2154 4163 2349 4219 usque
2379 4146 2558 4202 hodie
2591 4149 2830 4220 Capella
2859 4149 3000 4206 alba
3031 4148 3398 4208 nominatur.

2065 4240 2125 4292 X.
2160 4239 2432 4308 Ingresso
2477 4235 2679 4308 itaque
2737 4237 2914 4294 beato
2967 4237 3388 4312 archipraesule
3410 4241 3653 4299 Martino

1994 4325 2251 4399 pr0priae
2267 4324 2563 4398 parochias
2584 4325 2736 4382 ﬁnes
2754 4328 2926 4398 (2-15),
2945 4328 3166 4384 mirum
3200 4327 3262 4383 in
3283 4330 3536 4386 modum
3557 4347 3652 4388 res

1993 4469 2117 4524 880.
2151 4470 2527 4540 mansuam'os
2558 4468 2620 4524 in
2635 4471 3031 4527 carricaturis
3062 4476 3117 4527 et
3143 4474 3532 4540 paraveredis
3562 4477 3653 4530 :et

1994 4540 2320 4621 Procopius
2352 4539 2461 4621 lib.
2495 4555 2531 4594 ιι
2562 4540 2636 4621 de
2659 4541 2816 4597 Bello
2848 4543 3101 4621 Persico,
3130 4539 3306 4614 equos
3355 4546 3648 4614 publicos,

1995 4627 2159 4683 quos,
2187 4611 2409 4683 inquit,
2457 4612 2696 4683 veredos
2741 4615 3053 4683 appellare
3107 4611 3539 4672 consueverunt
3573 4634 3585 4671 :
3615 4611 3652 4672 a

1995 4681 2204 4750 rheda,
2239 4681 2456 4737 scilicet
2486 4682 2704 4739 Gallico
2725 4681 2968 4740 nomine
3003 4701 3015 4738 ε
3041 4684 3201 4739 unde
3223 4690 3280 4740 et
3304 4688 3646 4751 eporedicz,

1993 4752 2138 4808 boni
2169 4769 2463 4827 equorum
2486 4753 2810 4827 domitores
2848 4756 3012 4827 apud
3042 4754 3293 4827 Plinium
3331 4752 3490 4813 libro
3522 4774 3579 4812 ιιι
3611 4773 3648 4814 a

1995 4825 2697 4898 crrp:_l7,et_palefzjidus
2731 4825 2900 4898 apud
2955 4825 3323 4897 Stephanum
3376 4830 3646 4895 Tornac.,

1995 4900 2052 4951 ct
2073 4894 2220 4969 alios
2247 4894 2355 4969 aevi
2386 4895 2565 4950 medii
2590 4894 2930 4968 scriptores,
2959 4894 3170 4969 equus,
3192 4899 3476 4968 palefroi.

2069 4965 2216 5039 (2154)
2243 4967 2540 5039 Ingresso
2588 4965 2790 5038 itaq'ue
2848 4965 3032 5025 beato—
3066 4965 3339 5024 Marum
3387 4971 3648 5039 propriae

1997 5037 2298 5106 parochiaa
2346 5038 2512 5104 fines.
2549 5037 2698 5092 Post
2721 5055 2948 5094 annum
3007 5039 3226 5095 scilicet
3283 5037 3646 5097 tricesimum

1997 5111 2252 5192 sextum,
2310 5122 2377 5192 ex
2433 5123 2556 5178 quo
2604 5108 2766 5164 [tollo
2800 5109 3644 5192 Galliasinfe-staracceperat,

1997 5183 2060 5234 ut
2083 5183 2169 5252 est
2199 5176 2792 5252 apud_a_nonymum
2855 5181 3085 5252 Majoris
3140 5176 3477 5238 Monasterii
3524 5176 3648 5238 mo;

1993 5251 2278 5325 nachum:
2312 5269 2340 5295 ‹‹
2372 5248 2709 5315 Tricesimo,
2743 5248 2953 5322 inquit,
2983 5256 3037 5306 et
3065 5257 3230 5308 sexto
3281 5269 3459 5325 anno,
3488 5258 3646 5325 post-

1993 5337 2180 5394 quam
2237 5322 2598 5394 Francorum
2649 5335 2900 5394 regnum
2937 5338 2996 5394 _a
3052 5324 3401 5380 memoratis
3444 5322 3643 5394 Danis,

1995 5389 2236 5448 Rollone
2287 5389 2582 5467 _videlicet
2649 5395 2723 5467 et
2787 5391 3040 5467 Ilastino
3104 5394 3370 5467 infestari
3438 5389 3641 5467 coepit,

1994 5479 2212 5544 corpus
2287 5461 2440 5546 beati
2501 5461 2724 5546 Martini
2779 5461 2856 5517 ab
2912 5462 3321 5546 antissiodoro
3378 5466 3455 5521 ad
3507 5461 3644 5546 pro;

1992 5533 2123 5608 pria
2151 5549 2289 5590 cum
2315 5533 2541 5608 honore
2556 5533 2822 5608 relatum
2854 5537 3056 5608 est._ln
3109 5537 3281 5606 cujus
3312 5533 3643 5608 reversione

1993 5603 2186 5678 textus
2243 5606 2600 5678 narrationis
2643 5622 2678 5661 a
2721 5605 2896 5678 beato
2955 5603 3404 5678 Odone'primo
3461 5607 3644 5663 eccle-

1997 5677 2096 5731 siae
2118 5676 2387 5750 ejusdem
2415 5677 2783 5750 confessoris
2821 5676 3126 5750 canonico
3141 5676 3230 5750 Aet‘
3258 5683 3641 5750 prtecentore,

1995 5746 2386 5820 postmodum
2418 5748 2790 5809 Cluniacensi
2813 5746 3029 5806 abbate
3058 5746 3280 5829 editus;
3321 5763 3508 5820 penes
3536 5765 3646 5806 nos
