4096 6138
246 67 283 98 κ

182 161 284 218 837

1361 158 1588 217 SERMO
1629 157 1698 216 IN
1737 156 1990 217 NATALI
2031 162 2085 218 S.
2131 156 2410 220 ODONIS.

3485 173 3595 230 838

174 299 294 358 que
324 281 751 356 exceptio,qua
770 283 1137 358 archipresul
1164 283 1522 341 Turonensis
1550 285 1830 341 Martinus
1861 289 1906 342 A
1945 288 2001 341 et
2038 286 2262 343 Martini
2299 288 2678 360 repatriantis
2722 289 2969 348 celebris
2998 296 3054 350 et
3090 293 3362 366 jucunda
3391 310 3427 352 a
3472 297 3594 352 suis

175 374 255 429 ab
285 373 491 429 exsilio
533 377 828 428 revertens
856 374 932 429 ab
956 373 1214 429 alumnis
1245 390 1366 430 suis
1397 373 1658 429 oﬂiciose
1680 373 1831 430 adeo

176 463 487 535 excipitur,
521 467 577 518 et
601 463 662 517 in
693 479 958 536 propria,
995 467 1055 520 ut
1105 464 1332 520 dictum
1363 469 1469 535 est,
1504 465 1642 520 sede
1695 464 1833 520 resi-

173 552 343 618 dens,
374 550 542 606 omni
570 550 788 623 petenti
816 568 896 619 se,
929 554 996 607 ut
1025 551 1115 607 sui
1145 553 1330 608 moris
1364 559 1471 624 est,
1501 552 1830 625 plurimum

174 639 560 707 suffragatur.
593 641 712 694 Hoc
755 639 1118 712 exceptionis
1144 641 1374 697 celebre
1396 641 1634 709 festum,
1668 657 1830 699 anno
1884 663 1885 666 η

175 728 255 785 ab
290 727 704 783 lncarnatione
736 728 968 784 Domini
1011 729 1502 799 octingentesimo
1546 730 1833 800 octogesi-

175 833 278 872 mo
305 815 583 888 septimo,
614 833 650 872 a
709 817 1143 874 transvectione
1177 819 1478 874 tricesimo
1518 819 1713 891 primo
1745 817 1828 873 Id.

177 906 454 962 Decemb.
488 905 794 962 celebriter
851 907 949 978 agi
987 909 1065 964 ab
1118 908 1431 964 Adalaudo
1470 906 1830 979 [Adalando]

175 993 628 1067 archiepiscopo
660 995 1012 1063 Turonensi,
1048 1002 1104 1052 et
1148 1013 1183 1052 a
1224 995 1829 1069 comprovincialibus

175 1085 474 1158 episcopis
524 1085 822 1142 celebrata
853 1086 1163 1160 synodalis
1191 1087 1442 1144 sancivit
1471 1088 1788 1144 auctoritas
1815 1105 1828 1156 ;

172 1189 310 1247 quae
341 1173 588 1248 quando
642 1175 920 1232 recolitur
974 1193 1012 1234 a
1055 1177 1233 1234 Danis
1281 1176 1437 1233 facta
1482 1175 1827 1246 destructio,

1939 375 2306 431 memorialis
2359 377 2626 449 exceptio
2657 385 3040 438 memoratur.
3075 386 3148 438 Te
3179 384 3356 455 igitur
3385 384 3592 456 [ergo],

1941 478 1977 518 o
2029 464 2186 519 bone
2257 465 2512 533 Martine,
2565 467 2661 538 pie
2719 469 2908 539 pater,
2969 474 3173 541 pastor
3228 477 3282 528 et
3345 475 3595 545 patrone

1939 557 2158 620 noster,
2185 554 2358 609 nobis
2413 555 2706 626 [obsecro]
2761 553 2898 611 ﬁliis
2948 562 3002 612 et
3049 557 3327 629 alumnis,
3361 577 3595 619 necnon

1939 643 1996 696 et
2020 641 2470 698 veneratoribus
2493 643 2632 713 tuis,
2658 659 2822 699 more
2841 646 2945 700 tuo
2971 643 3136 701 bona
3161 649 3382 721 confer,
3415 649 3596 707 noxia

1941 729 2258 797 submove,
2317 736 2372 787 et
2428 732 2767 788 orationum
2833 732 2963 804 jugi
3020 733 3306 792 instantia
3376 739 3597 809 gaudia

1939 818 2114 874 nobis
2143 820 2276 875 vitae
2305 819 2761 878 interminabilis
2791 823 3011 879 obtine.
3041 827 3358 882 Prtestante
3393 827 3595 884 Domi-

1936 922 2018 962 no
2045 911 2248 964 nostro
2292 912 2429 965 Jesu
2484 910 2732 981 Christo,
2777 912 3046 984 quicum
3092 915 3258 970 Patre
3301 917 3359 970 et
3389 916 3597 987 spiritu

1938 1001 2144 1052 sancto
2165 998 2306 1054 vivit
2327 1003 2384 1054 et
2411 1003 2623 1069 regnat
2651 1002 2826 1068 Deus,
2869 1017 2978 1073 per
3005 1001 3212 1058 omnia
3238 1001 3461 1060 sarcula
3491 1020 3595 1060 saa-

1936 1086 2230 1144 culorum.
2265 1089 2477 1145 Amen.

1813 1551 1955 1690 ΙΙ

550 1833 1033 1956 SERMO
1383 1835 1936 1955 NATALI
2053 1835 2566 1956 SANCTI
2665 1837 3212 1960 ODONIS

1530 2089 1761 2130 ABBATIS
1828 2085 2235 2131 CLUNIACE‘NSIS.

891 2259 1272 2326 (Bibliotheca
1299 2260 1717 2326 Cluniacensis,
1760 2277 1894 2332 pag.
1930 2259 2086 2327 1761,
2126 2279 2194 2314 ex
2217 2268 2333 2317 vet.
2357 2279 2465 2315 ms.
2493 2262 2884 2335 Martiniano).

1681 2418 2091 2435 ...αι-*-

239 2566 330 2622 Ad
383 2567 572 2623 sancti
621 2583 692 2625 ac
738 2567 1070 2624 beatissimi
1124 2569 1348 2626 Odonis
1401 2569 1589 2642 patris
1619 2570 1827 2635 nostri,
1861 2573 1906 2627 Β
1937 2569 2048 2626 sibi
2085 2585 2398 2643 superesse
2431 2571 2601 2642 quod
2631 2571 2884 2628 timeat?
2927 2572 3070 2637 Quis
3100 2588 3242 2628 vero
3279 2573 3596 2630 hominum

167 2656 350 2725 cujus
393 2656 573 2712 hodie
620 2657 771 2714 festa
825 2657 1222 2727 celebramus,
1252 2657 1465 2715 laudes
1522 2659 1830 2716 addidisse

167 2744 422 2818 aliquid,
454 2745 822 2818 decerpsisse
869 2752 978 2804 est.
1013 2752 1161 2804 Cum
1207 2748 1504 2819 siquidem
1545 2750 1830 2804 virtutum

165 2833 306 2904 ejus
354 2835 542 2904 gratia
592 2851 716 2890 non
764 2834 1149 2892 sermonibus
1193 2836 1552 2908 exponenda
1595 2837 1690 2899 sit,
1723 2836 1831 2892 sed

165 2922 458 2995 operibus
505 2924 984 2997 comprobanda.
1010 2925 1160 2981 Cum
1203 2925 1365 2980 enim
1387 2925 1546 2982 dicat
1578 2926 1835 2998 Scriptu-

164 3028 269 3068 ra:
304 3015 511 3070 Gloria
541 3015 744 3070 Patris
772 3020 855 3070 est
883 3015 1079 3069 Filius
1100 3017 1352 3082 sapiens,
1387 3020 1626 3086 quantae
1652 3014 1832 3084 hujus

164 3106 313 3157 sunt
355 3101 577 3172 gloriae,
608 3102 712 3174 qui
769 3106 1071 3158 tantorum
1117 3101 1380 3157 ﬁliorum
1438 3103 1730 3175 supientia
1777 3107 1835 3158 et

161 3190 484 3246 devotione
512 3191 782 3247 laetatur?
813 3195 876 3246 In
908 3191 1135 3248 Christo
1166 3190 1325 3246 enim
1351 3193 1492 3246 Jesu
1509 3207 1617 3263 per
1637 3196 1830 3248 Evan-

164 3280 394 3350 gelium
423 3296 534 3337 nos
565 3283 786 3351 genuit.
814 3280 1116 3353 Quidquid
1146 3281 1339 3350 agitur
1367 3281 1428 3336 in
1475 3282 1589 3338 hac
1620 3287 1832 3338 sancta

161 3370 345 3443 plebe
390 3375 584 3443 potest
627 3387 754 3426 esse
803 3370 1002 3426 vitutis
1043 3375 1097 3426 et
1126 3370 1348 3441 gratiae,
1377 3371 1452 3426 de
1499 3372 1614 3426 hoc
1657 3371 1832 3444 quasi

161 3461 443 3532 quodam
494 3461 656 3516 fonte
709 3460 1101 3522 lucidissime,
1163 3460 1437 3516 omnium
1500 3461 1830 3517 rivulorum

161 3551 401 3624 puritas
431 3551 752 3608 emanavit.
779 3551 1030 3622 Etenim,
1084 3551 1227 3623 quia
1257 3551 1540 3606 castitatis
1568 3551 1833 3623 pollebat

160 3642 400 3711 vigore,
451 3642 596 3714 quia
648 3641 1021 3697 abstinentiae
1087 3639 1458 3712 gloriabatur
1519 3641 1828 3712 angustiis,

161 3731 318 3803 quia
343 3731 768 3787 blandimentis
794 3735 920 3786 erat
946 3730 1231 3802 prmditus
1254 3729 1530 3797 lenitatis,
1555 3731 1827 3786 omnium

165 3821 398 3877 civium
459 3821 520 3876 in
575 3824 764 3876 Deum
813 3819 1161 3892 provocavit
1217 3819 1518 3874 atfectum.
1580 3821 1730 3876 Bene
1780 3823 1836 3875 et

161 3921 437 3976 congrue
469 3905 530 3961 in
560 3906 673 3962 hac
703 3905 798 3961 die
820 3920 1008 3977 quam
1037 3903 1211 3960 nobis
1245 3903 1404 3958 beati
1442 3903 1626 3975 patris
1648 3903 1834 3958 nostri
1867 3929 1907 3984 ρ

163 3994 404 4052 Odonis
429 3994 506 4050 ad
527 3994 884 4068 paradisum
901 3993 1186 4049 transitus
1207 3992 1622 4048 exsultabilcm
1641 3992 1836 4048 reddit

159 4084 482 4158 praesentis
527 4084 747 4157 psalmi
793 4082 1158 4138 versiculum
1214 4081 1710 4137 decantavimus:
1759 4083 1832 4139 In

159 4175 460 4230 memoria
521 4180 747 4231 (eterna
799 4173 910 4229 erit
957 4174 1182 4242 justus.
1212 4170 1395 4241 Digne
1426 4171 1584 4226 enim
1618 4170 1678 4225 in
1709 4187 1835 4227 me-

159 4263 432 4320 moriam
460 4263 705 4319 vertitur
729 4261 1069 4326 hominum,
1101 4260 1206 4333 qui
1235 4261 1314 4316 ad
1354 4259 1645 4330 gaudium
1676 4264 1836 4318 tran-

161 4354 264 4411 siit
289 4354 664 4424 angelorum.
698 4354 806 4420 Qui
832 4354 962 4425 jam
1012 4352 1266 4423 gratiam
1293 4351 1505 4408 Christi
1551 4351 1835 4409 clariﬁca-

163 4449 264 4500 tus
297 4444 542 4512 invenit,
568 4444 672 4517 qui
701 4443 914 4499 mundi
945 4441 1197 4513 gloriam
1219 4456 1342 4496 non
1373 4441 1666 4512 quaisivit.

243 4533 396 4589 Dicit
419 4549 614 4589 sermo
646 4533 924 4588 divinus:
956 4533 1045 4587 Ne
1077 4530 1418 4586 laudaveris
1453 4529 1747 4585 hominem
1771 4530 1834 4584 in

165 4625 297 4680 vita
328 4638 458 4679 sua.
490 4623 800 4694 Tanquam
827 4621 874 4676 si
913 4619 1171 4676 diceret:
1223 4617 1429 4675 Lauda
1456 4621 1594 4691 post
1624 4617 1833 4684 vitam,

163 4713 499 4784 magniﬁca
522 4718 660 4786 post
688 4710 1296 4769 consummationem.
1327 4707 1560 4781 Duplici
1584 4708 1744 4764 enim
1762 4725 1836 4764 ex

165 4819 380 4866 causa,
409 4802 611 4859 utilius
643 4807 731 4858 est
760 4803 1077 4858 hominum
1121 4799 1317 4870 magis
1366 4798 1674 4854 memoriae
1703 4798 1833 4854 lau-

165 4895 316 4950 dem
345 4893 487 4948 dare
515 4909 702 4967 quam
730 4891 887 4963 vitae,
907 4895 973 4946 ut
995 4890 1096 4946 illo
1124 4889 1512 4962 potissimum
1539 4892 1831 4961 tempore,

165 4983 388 5040 merita
417 4981 740 5040 sanctitatis
768 4980 1036 5049 extollas,
1066 4976 1315 5051 quando
1343 4994 1455 5034 nec
1483 4977 1834 5034 laudantem

167 5071 441 5130 adulatio
463 5075 658 5139 nocet,
692 5086 802 5126 nec
840 5069 1156 5126 laudatum
1185 5072 1369 5124 tentet
1407 5066 1603 5124 elatio.
1631 5065 1836 5123 Lauda

165 5177 320 5234 ergo
359 5165 498 5234 post
555 5159 912 5234 periculum,
957 5157 1222 5232 praedica
1275 5172 1572 5213 securum.
1631 5157 1836 5212 Lauda

1933 2659 1998 2714 in
2041 2661 2159 2715 hoc
2197 2660 2558 2732 corpusculo
2587 2660 2837 2733 positus,
2860 2660 3076 2718 debeat
3117 2661 3231 2718 sibi
3259 2663 3598 2736 quidquam

1936 2749 2250 2805 vendicare
2307 2749 2383 2806 de
2448 2750 2692 2820 meritis,
2754 2767 3016 2822 quorum
3075 2752 3184 2807 iter
3245 2752 3597 2808 daemonum

1935 2837 2236 2894 infestatio
2257 2837 2420 2894 velut
2437 2838 2742 2895 latronum
2763 2839 3000 2896 obsidet
3012 2840 3353 2908 multitudo,
3375 2842 3598 2913 quibus

1935 2943 2150 2986 omnes
2192 2927 2320 2983 dies
2367 2927 2852 3000 supplantatores
2899 2928 3077 2984 invisi
3125 2929 3469 2985 animarum
3515 2930 3597 2988 la-

1937 3032 2127 3088 queos
2154 3017 2406 3072 tendunt
2441 3017 2973 3074 innumerabilium
3003 3018 3287 3074 mortium
3308 3034 3598 3090 expaves-

1940 3104 2212 3161 cendos?
2244 3105 2671 3174 Navigantibus
2716 3105 2876 3162 enim
2909 3106 3084 3162 nobis
3129 3122 3236 3179 per
3281 3107 3391 3164 hoc
3432 3123 3600 3164 mare

1941 3209 2228 3264 magnum
2250 3201 2303 3251 et
2319 3196 2666 3264 spatiosum,
2693 3195 2753 3250 in
2771 3212 2892 3267 quo
2923 3200 3062 3251 sunt
3080 3198 3323 3265 replilia
3345 3213 3597 3268 quorum

1939 3299 2061 3338 non
2107 3290 2212 3354 est,
2240 3299 2543 3351 numerus,
2576 3286 2868 3341 animalia
2907 3286 3138 3355 pusilla
3180 3293 3233 3342 et
3263 3301 3505 3356 magna,
3537 3284 3600 3340 id

1935 3376 2046 3439 est,
2079 3372 2317 3428 diversa
2366 3377 2504 3429 sunt
2553 3389 2774 3443 genera
2820 3373 3222 3443 inimicorum,
3247 3375 3353 3448 qui
3391 3390 3599 3430 secun-

1935 3461 2087 3517 dum
2117 3465 2460 3518 nostrarum
2508 3461 2725 3517 virium
2761 3463 3176 3535 quantitatem,
3210 3466 3598 3537 compensato

1938 3549 2257 3604 nobiscum
2278 3565 2473 3619 agone
2503 3549 2824 3606 luctantur.

2011 3638 2077 3693 In
2105 3638 2286 3708 hujus
2312 3638 2515 3711 itaque
2545 3639 2759 3695 mundi
2781 3638 3020 3712 pelago,
3051 3639 3230 3697 nobis
3258 3639 3433 3698 valde
3463 3655 3598 3712 per-

1939 3726 2378 3782 timescendum
2406 3733 2514 3799 est,
2545 3745 2620 3784 ne
2651 3729 2852 3785 navim
2896 3736 3164 3786 nostram
3209 3735 3312 3785 aut
3339 3728 3601 3802 procella

1940 3815 2310 3886 tempestatis
2347 3815 2624 3888 abripiat,
2659 3821 2762 3872 aut
2791 3817 3008 3872 ﬂuctus
3038 3817 3382 3889 absorbeat,
3413 3821 3515 3873 aut
3539 3817 3599 3872 in

1941 3906 2226 3957 aeternam
2256 3903 2524 3974 praedam
2562 3903 2755 3976 pirata
2785 3903 3040 3960 crudelis
3069 3904 3349 3960 abducat.
3383 3904 3602 3960 Adver-

1943 4006 2044 4045 sus
2069 3991 2198 4045 haec
2245 4007 2387 4061 ergo
2419 3991 2812 4048 multiformia
2855 3991 3040 4048 seculi
3083 3991 3267 4062 mala,
3299 3992 3600 4062 castigatis

1941 4081 1998 4133 et
2049 4079 2223 4134 castis
2268 4078 2499 4135 actibus
2529 4079 2899 4136 resistamus.
2951 4079 3107 4136 Beati
3163 4083 3364 4135 autem
3409 4079 3599 4136 Patris

1942 4166 2166 4222 Odonis
2213 4167 2424 4224 merita
2462 4169 2592 4239 jam
2622 4168 2684 4223 in
2729 4173 2854 4225 tuto
2879 4170 3074 4242 posita
3104 4169 3301 4224 securi
3320 4168 3600 4238 magniﬁ-

1940 4273 2170 4326 eemus,
2203 4258 2310 4330 qui
2361 4257 2837 4328 gubernaculum
2888 4258 3027 4314 ﬁdei
3076 4257 3320 4315 viriliter
3371 4262 3600 4326 tenens,

1942 4349 2272 4404 anchoram
2303 4348 2429 4420 spei
2451 4348 2772 4421 tranquilla
2797 4349 2924 4420 jam
2969 4348 3032 4404 in
3063 4348 3316 4404 statione
3363 4364 3605 4420 compo-

1939 4438 2082 4508 suit,
2135 4442 2192 4494 et
2251 4438 2497 4511 plenam
2571 4438 2914 4495 caelestibus
2967 4437 3205 4505 divitiis,
3255 4442 3310 4494 et
3370 4438 3603 4494 aeternis

1947 4527 2246 4583 mercibus
2303 4527 2509 4584 navim
2550 4533 2755 4600 optato
2807 4528 2870 4584 in
2908 4528 3098 4584 littore
3137 4527 3468 4594 collocavit,
3499 4527 3606 4599 qui

1945 4624 2152 4676 contra
2210 4635 2420 4676 omnes
2490 4619 2864 4676 adversarios
2923 4623 3154 4675 scutum
3226 4618 3452 4674 timoris
3503 4618 3606 4673 Dei

1955 4708 2163 4765 tandiu
2206 4707 2668 4780 infatigabiliter,
2719 4708 2924 4777 tenuit,
2970 4706 3162 4763 donec
3192 4706 3271 4764 ad
3293 4705 3606 4764 victoriam

1947 4796 2301 4870 perveniret.

2017 4884 2170 4951 Quid
2191 4885 2350 4940 enim
2382 4883 2491 4940 fuit
2520 4888 2676 4939 totus
2700 4884 2835 4941 vitae
2865 4882 3021 4939 illius
3051 4900 3282 4954 cursus,
3306 4885 3423 4942 nisi
3444 4901 3602 4942 unus

1946 4992 2085 5031 cum
2137 4974 2298 5046 vigili
2344 4975 2514 5029 hoste
2544 4971 2896 5030 conﬂictus?
2951 4974 3196 5040 Quantis
3223 4975 3320 5032 hic
3351 4976 3541 5045 caecis,
3569 4992 3607 5033 a

1943 5064 2038 5121 via
2063 5063 2324 5119 veritatis
2355 5061 2714 5134 errantibus,
2739 5066 2795 5120 et
2822 5061 2896 5119 de
2924 5077 3170 5121 summa
3207 5065 3338 5137 jam
3365 5065 3429 5121 in
3467 5081 3605 5138 pro-

1946 5152 2204 5209 fundum
2234 5167 2384 5225 rupe
2424 5150 2848 5224 pendentibus,
2895 5154 3186 5210 amissum
3214 5152 3476 5209 reddidit
3519 5151 3605 5206 vi-

165 5269 299 5309 non
318 5251 661 5322 navigantis
683 5251 1021 5308 felicitatem
1050 5266 1064 5317 ;
1098 5247 1204 5304 sed
1232 5263 1370 5303 eum
1395 5245 1731 5320 pervenerit
1757 5244 1836 5301 ad
1869 5283 1913 5338 Β
1948 5259 2104 5311 sum,
2129 5247 2182 5299 et
2212 5241 2382 5298 illum
2411 5258 2534 5316 quo
2563 5241 2824 5338 Christus
2852 5242 3168 5338 videretur,
3191 5239 3605 5338 reparavitin-

163 5346 436 5417 portum.
466 5341 668 5398 Lauda
697 5340 866 5395 ducis
885 5339 1185 5408 virtutem,
1215 5337 1318 5392 sed
1349 5353 1487 5392 cum
1513 5334 1837 5408 perductus
1869 5327 1910 5338 “’
1950 5333 2165 5391 tuitum
2189 5333 2217 5387 ‘I
2249 5333 2621 5398 Quantorum
2657 5331 2922 5399 auribus,
2957 5331 3151 5387 sordis
3205 5334 3261 5386 et
3288 5327 3603 5386 inﬁdelita-

168 5431 364 5488 estad
404 5431 802 5503 triumphum.
841 5429 982 5494 Quis
1010 5433 1210 5484 autem
1237 5426 1443 5482 vivens
1475 5429 1599 5481 tuto
1628 5423 1835 5497 possit,

167 5537 244 5578 ac
276 5521 402 5577 sine
442 5520 838 5594 trepidatione
880 5516 1135 5583 laudari,
1179 5515 1285 5588 qui
1328 5520 1385 5570 et
1439 5515 1512 5570 de
1541 5514 1838 5586 praeterito

1945 5424 2015 5478 tis
2042 5423 2417 5479 obturatione
2446 5422 2768 5492 damnatis,
2803 5421 2880 5478 ad
2909 5418 3360 5493 percipiendam
3389 5434 3604 5474 vocem

1946 5512 2268 5570 caelestium
2283 5512 2707 5569 mandatorum
2719 5508 3065 5581 ,pretiosum
3075 5506 3294 5564 infudit
3305 5506 3601 5577 auditum,

167 5610 450 5668 meminit
472 5626 534 5667 se
558 5609 782 5667 habere
813 5606 982 5682 quod
1009 5605 1245 5676 debeat,
1275 5609 1333 5662 et
1359 5605 1434 5662 de
1455 5602 1656 5661 futuro
1676 5601 1842 5660 videt
1945 5606 2010 5658 ut
2028 5600 2263 5660 vocanti
2278 5602 2395 5660 Deo
2421 5600 2502 5659 ad
2525 5595 3024 5667 misericordiam,
3045 5597 3480 5669 responderent
3498 5612 3605 5670 per
