4096 6138
476 124 579 178 839

1714 109 2058 167 APPENDIX
2095 104 2190 159 AD
2245 105 2301 161 S.
2344 105 2649 165 ODONEM.

3801 115 3918 169 840

474 239 919 298 obedientiam?
946 239 1213 303 Quantos
1237 235 1592 292 intrinsecus
1648 233 1992 290 vulneratos
2023 245 2130 285 an-
2165 229 2210 283 Α
2239 227 2474 286 ﬁciente
2497 230 2744 301 justitia,
2778 231 3007 289 viribus
3037 231 3418 290 convalescit.
3441 235 3510 289 Et
3537 233 3794 306 quidem
3815 233 3916 292 ille

473 329 644 402 gelici
697 327 816 384 oris
875 330 1020 398 arte,
1047 329 1104 382 et
1154 325 1491 382 orationum
1541 322 1820 379 ﬁrmitate
1868 317 2131 377 curavit?

475 420 741 484 Quantos
770 431 877 488 per
903 415 1151 485 longam
1196 413 1511 484 incuriam,
1543 411 1770 486 peccati
1798 411 1934 466 labe
1964 423 2131 464 reso-

471 506 647 576 lutos,
679 509 737 560 et
760 503 1031 577 quadam
1058 503 1236 575 leprae
1279 501 1634 572 contagione
1673 499 1966 572 perfusos,
2000 512 2131 552 cas-

469 593 856 664 tigationibus
880 597 938 649 et
967 590 1478 648 exhortationibus
1498 589 1820 663 expiando,
1845 592 1961 644 Deo
1983 586 2044 642 in
2069 601 2133 640 se

472 686 781 756 operante,
811 681 1132 738 mundavit
1163 681 1191 737 ?
1219 683 1588 746 Quantorum
1615 681 1849 736 animas
1877 677 2132 734 viventes

471 772 532 827 in
588 787 860 844 corpore,
911 771 1042 841 jam
1101 769 1437 836 defunctas,
1490 773 1547 824 et
1596 768 1949 824 delictorum
1977 763 2133 820 mole

471 860 721 917 obrutas
753 876 823 916 ac
867 859 1150 932 sepultas,
1183 859 1262 915 ad
1319 858 1806 914 emendationem
1843 863 2133 928 tanquam

474 949 555 1006 ad
610 949 806 1006 lucem
856 948 1151 1018 vocando,
1201 951 1318 1003 Deo
1375 947 1773 1016 resuscitavit,
1805 951 1869 1002 ut
1899 945 2134 1008 Domini

476 1039 572 1094 sui
598 1039 992 1096 admirandus
1020 1039 1300 1106 imitator,
1331 1039 1458 1110 jam
1489 1041 1756 1093 mortuas
1787 1041 1906 1092 Deo
1937 1051 1968 1090 e
1989 1049 2132 1091 con-

475 1128 654 1184 trario
680 1127 1063 1184 mortiﬁcaret
1091 1127 1252 1183 vitali
1279 1131 1471 1183 morte
1503 1131 1751 1200 peccato
1773 1127 1800 1181 ?
1833 1129 1912 1181 De
1941 1141 2131 1198 quan-

473 1221 671 1273 torum
713 1216 810 1272 ille
854 1217 1157 1286 cordibus,
1190 1232 1346 1290 quos
1398 1216 1716 1271 inhonesta
1764 1215 2049 1287 iniquitas
2077 1218 2133 1270 et

471 1305 749 1378 impietas
816 1305 1182 1379 possidebat,
1246 1305 1474 1375 fugavit
1543 1305 1860 1371 luxuriam,
1920 1304 2134 1374 dejecit

469 1395 644 1463 iram,
677 1395 916 1451 extersit
950 1394 1262 1464 invidiam,
1297 1399 1352 1450 et
1381 1394 1543 1450 velut
1566 1393 1639 1448 de
1671 1393 1918 1465 antiqua
1945 1392 2130 1447 domo

469 1483 746 1539 barbaris
789 1482 1132 1554 hospitibus
1182 1482 1567 1554 perturbatis,
1607 1481 1944 1537 revocando
1991 1481 2130 1536 illuc

2239 317 2300 372 in
2346 317 2461 374 hac
2516 321 2992 392 peregrinatione
3049 321 3178 378 solo
3223 337 3474 394 corpore
3521 323 3914 394 constitutus,

2242 408 2597 477 cogitatione
2629 414 2683 466 et
2735 411 3016 468 aviditate
3043 411 3107 467 in
3153 411 3256 468 illa
3281 417 3500 469 aeterna
3538 412 3742 486 patria
3773 428 3918 468 con-

2241 503 2506 556 versatus
2544 503 2663 566 est;
2697 501 2792 556 cui
2821 501 3089 557 mundus
3121 500 3439 558 cruciﬁxus
3468 501 3598 572 fuit,
3635 518 3716 558 ac
3747 518 3916 558 mor-

2241 590 2406 656 tuus;
2437 588 2736 662 quidquid
2764 589 3061 647 laboravit
3088 591 3163 647 de
3193 591 3406 660 activa,
3429 592 3506 648 ad
3527 591 3694 649 illam
3723 591 3916 648 vitam

2243 676 2555 746 transtulit,
2584 683 2641 733 et
2658 679 2834 751 quasi
2853 679 3051 736 bonus
3075 681 3461 737 ratiocinator
3481 681 3644 738 velut
3669 680 3754 738 ad
3777 698 3916 737 cen-

2241 761 2480 834 tuplum
2523 781 2775 822 manum
2855 768 3184 840 porrigens,
3245 785 3481 842 semper
3535 769 3612 824 de
3663 769 3916 825 sinistra

2243 852 2568 908 transmisit
2615 855 2691 910 ad
2748 855 3071 925 dexteram,
3103 861 3161 912 et
3209 857 3272 912 in
3300 856 3449 912 cos-lo
3495 857 3770 929 reposuit
3809 873 3913 912 su-

2243 940 2418 996 dores
2476 959 2640 998 suos.
2673 947 2820 1000 Nam
2876 949 2933 1002 et
2963 945 3012 1000 si
3070 947 3186 1002 hoc
3215 962 3400 1020 opera
3442 947 3572 1018 ejus
3603 945 3912 1016 videntur,

2241 1029 2380 1086 illuc
2429 1048 2683 1104 operum
2743 1035 2954 1091 merita
3005 1035 3384 1093 transierunt.
3445 1035 3605 1092 Illius
3651 1051 3806 1106 ergo
3850 1037 3910 1092 in

2240 1124 2537 1191 quantum
2593 1139 2940 1196 possumus,
2970 1125 3232 1198 vestigiis
3274 1124 3643 1193 insistamus,
3677 1125 3909 1198 quibus

2239 1225 2347 1282 per
2392 1210 2554 1266 illam
2583 1211 2760 1267 nimis
2791 1217 3017 1270 arctam
3045 1214 3211 1270 viam
3240 1213 3319 1270 ad
3347 1214 3480 1270 coeli
3504 1214 3714 1288 ampla
3743 1214 3906 1270 festi-

2239 1314 2415 1367 nans,
2455 1317 2580 1372 qua
2636 1317 2776 1357 eum
2807 1319 3217 1375 sequeremur,
3249 1304 3524 1360 ostendit.
3549 1303 3768 1376 Rapiat
3795 1304 3907 1361 sibi

2240 1386 2314 1442 de
2371 1405 2440 1445 eo
2508 1389 2656 1446 alter
2705 1391 2960 1461 gratiam
3008 1396 3065 1449 et
3107 1392 3366 1466 speciem
3393 1393 3906 1466 compunctionis,

2241 1476 2386 1532 alter
2405 1477 2783 1549 pigmentum
2825 1479 3326 1537 candidissimum
3355 1481 3558 1538 nitidae
3589 1482 3902 1546 castitatis,

469 1570 676 1641 ﬁdem,
703 1571 1052 1640 castitatem,
1071 1571 1382 1642 justitiam,
1431 1570 1920 1634 misericordiam,
1957 1569 2128 1625 habi-
2167 1574 2207 1628 Β
2239 1564 2526 1638 pallorem
2577 1567 2671 1622 ille
2725 1567 3116 1638 abstinentia,
3149 1570 3433 1626 ruborem
3479 1571 3588 1628 iste
3615 1585 3906 1626 verecun-

471 1662 688 1715 tatores
717 1659 1001 1730 paciﬁcos
1029 1659 1364 1730 intromisit,
1399 1675 1505 1731 per
1533 1675 1636 1714 eos
1668 1659 1728 1714 in
1759 1658 2128 1714 domicilium

470 1749 688 1804 mentis
718 1753 899 1820 caput
917 1749 1137 1806 horum
1167 1749 1470 1804 bonorum
1501 1748 1766 1806 Christus
1796 1749 2130 1817 intraret,et

472 1837 760 1908 appositis
808 1838 1169 1910 poenitentiae
1235 1839 1710 1910 medicamentis,
1764 1839 1923 1895 velut
1975 1855 2126 1912 qua-

471 1924 819 1981 triduanum
867 1925 1165 1995 fetentem,
1215 1926 1694 2000 increpationum
1737 1927 1974 1984 fremitu
2003 1944 2128 1983 sus-

471 2013 710 2080 citabat,
736 2018 792 2071 et
821 2015 1238 2072 emendatione
1288 2021 1585 2089 suscepta,
1619 2016 1695 2072 de
1730 2016 1943 2072 mediis
1973 2033 2128 2073 mor-

467 2101 541 2158 tis
594 2101 870 2160 faucibus
899 2107 1117 2174 erutos,
1163 2105 1497 2178 temporiva
1534 2107 1962 2162 resurrectione
1991 2107 2126 2162 vita:

469 2193 817 2249 restituebat
833 2194 861 2250 ‘I

539 2281 676 2337 Haec
725 2281 926 2355 itaque
974 2287 1154 2355 atque
1203 2283 1557 2354 hujusmodi
1596 2283 1859 2357 plurima
1889 2301 2122 2356 gerens,

467 2386 604 2443 qua:
633 2370 812 2427 etiam
841 2371 958 2444 ipsi
981 2371 1218 2444 plenius
1249 2372 1625 2442 meministis,
1658 2390 1794 2446 quae
1832 2375 2124 2446 quoniam

466 2457 732 2530 proferre
787 2474 896 2530 per
949 2475 1061 2514 nos
1090 2463 1268 2533 atque
1311 2460 1610 2533 expedire,
1641 2466 1706 2518 ut
1729 2461 1982 2532 dignum
2011 2467 2121 2532 est,

468 2562 592 2602 non
635 2550 831 2618 potest
868 2563 1064 2604 sermo
1108 2549 1532 2621 pauperculus,
1581 2550 1796 2606 melius
1843 2551 2015 2608 vobis
2053 2567 2124 2609 ea

467 2633 659 2686 vester
683 2629 862 2686 dictet
891 2630 1158 2686 aﬁ‘ectus.
1195 2633 1457 2688 Summae
1495 2633 1813 2690 alacritatis
1842 2633 2124 2692 instantia

468 2717 578 2774 fuit
623 2718 815 2774 cultor
847 2723 906 2776 et
946 2723 1152 2776 custos
1203 2721 1565 2791 animarum,
1589 2723 1942 2796 cupiditates
1969 2741 2129 2798 rese--

469 2823 633 2878 cans,
663 2807 816 2864 iram
869 2808 1296 2881 comprimens,
1327 2810 1618 2868 malitiam
1655 2813 1978 2886 extirpans.
2016 2813 2120 2870 His

2238 1653 2372 1709 diae.
2439 1654 2538 1710 Ille
2601 1656 2910 1713 ardentem
2975 1658 3036 1712 in
3097 1659 3201 1714 Dei
3261 1658 3441 1715 rebus
3501 1658 3692 1714 ﬁdem
3743 1658 3910 1714 velut

2238 1744 2465 1799 aerium
2515 1745 2902 1817 splendorem
2955 1746 3312 1816 radiantem,
3347 1752 3524 1822 atque
3565 1749 3686 1805 hoc
3717 1749 3906 1805 modo

2238 1832 2564 1906 spiritualia
2587 1835 2881 1892 interioris
2911 1837 3172 1894 hominis
3193 1837 3470 1895 membra
3492 1853 3904 1912 componens,

2235 1922 2296 1977 in
2328 1939 2545 1996 corpus
2601 1923 2794 1997 plebis
2843 1943 2966 1982 suae
3013 1931 3275 1984 transeat
3313 1927 3394 1984 ad
3439 1927 3684 1986 caelum.
3713 1931 3783 1984 Et
3825 1929 3906 1984 ad

2237 2027 2422 2068 unam
2451 2011 2606 2069 illius
2654 2014 2869 2071 faciem
2917 2031 3164 2072 omnem
3213 2033 3574 2074 exornemus
3619 2016 3902 2088 domum,

2233 2100 2296 2156 id
2349 2106 2456 2172 est,
2502 2103 2848 2160 universam
2904 2103 3229 2176 pingamus
3284 2104 3611 2162 Ecclesiam
3649 2106 3778 2162 Dei.
3839 2109 3904 2162 Et

2233 2190 2444 2246 videns
2499 2208 2630 2260 nos,
2665 2192 2760 2248 vel
2789 2192 2865 2250 de
2897 2195 3100 2250 aeterni
3127 2198 3380 2251 tremere
3423 2195 3655 2267 judicii,
3689 2195 3786 2252 vel
3811 2195 3901 2252 fu-

2235 2283 2366 2338 tura
2395 2279 2760 2338 beatitudine
2791 2285 3142 2354 cogitantes,
3171 2282 3274 2340 illa
3311 2283 3658 2356 evangelica
3689 2285 3900 2342 Christi

2233 2386 2351 2426 vox
2401 2386 2514 2428 nos
2554 2371 2742 2444 possit
2791 2387 3121 2442 assumere,
3153 2376 3340 2443 Pater,
3371 2389 3521 2446 rogo
3563 2377 3630 2430 ut
3649 2374 3764 2431 ubi
3785 2391 3898 2446 ego

2232 2449 2390 2528 sum,
2413 2464 2470 2518 et
2497 2459 2578 2516 illi
2607 2460 2723 2516 sint
2751 2477 3014 2534 mecum,
3040 2467 3101 2519 et
3127 2478 3238 2520 nos
3267 2463 3642 2537 quandoque
3673 2479 3754 2520 ex
3781 2465 3896 2521 hoc

2233 2547 2450 2605 saeculo
2472 2549 2853 2621 migraturos,
2887 2553 3178 2623 patronus
3206 2555 3410 2608 noster
3439 2551 3567 2609 Odo
3591 2552 3654 2607 in
3684 2553 3896 2610 sedem

2233 2653 2406 2694 suam
2445 2643 2502 2694 et
2553 2639 2751 2694 sinum
2809 2656 2988 2696 suum
3016 2640 3180 2698 velut
3217 2640 3523 2698 Abraham
3551 2641 3894 2714 peculiares

2231 2726 2503 2800 accipiat,
2547 2731 2604 2783 et
2631 2727 2693 2783 in
2720 2727 2823 2785 illa
2851 2727 2948 2784 die
2976 2729 3308 2786 incolumes
3333 2745 3478 2786 oves
3507 2745 3670 2799 suas,
3723 2729 3894 2788 laetus

2228 2821 2432 2889 pastor
2461 2821 2768 2886 agnoscat.
2798 2820 2936 2890 Ipso
2965 2817 3293 2890 adjuvante
3312 2818 3418 2892 qui
3433 2818 3578 2876 vivit
3599 2823 3656 2877 et
3679 2826 3896 2891 regnat

465 2896 662 2968 magis
713 2897 1096 2954 beatissimus
1156 2898 1282 2956 Odo
1329 2900 1702 2974 temporibus
1743 2904 2120 2960 necessarius
2157 2925 2199 2982 ο
2225 2905 2288 2962 in
2315 2905 2536 2962 saecula
2563 2905 2940 2964 saeculorum.
2961 2911 3170 2965 Amen.

465 2984 592 3058 fuit,
623 2985 846 3060 quibus
881 2989 1046 3044 tanta
1073 2986 1376 3062 iniquitas,
1427 2989 1680 3064 sumptis
1701 2991 1988 3064 quotidie,
2015 2993 2120 3050 de-

2063 3354 2281 3493 IlI

763 3615 1456 3740 LUDOV’ICI
1561 3622 1719 3740 IV
1815 3625 1946 3745 B.
2029 3626 2145 3744 F.

1816 3835 2287 3900 PRIECEPTA

2249 3625 2430 3746 ΕΤ
2526 3625 3181 3748 CONRADI
3279 3632 3574 3751 1MP.

2356 3837 2532 3902 DUO

587 3999 686 4064 De
722 3998 1126 4087 quibusdam
1164 4000 1448 4071 ecclesiis
1485 4013 1550 4070 et
1577 4002 2212 4101 locisp'lum'aceusz'
2235 4005 2525 4101 cqegzobio
2551 4008 2878 4101 concessis
2909 4021 3198 4101 tempore
3223 4013 3446 4082 sancti
3489 4014 3756 4086 Odom‘s

1701 4096 2164 4164 Clum'acensis
2225 4095 2494 4165 abbatis
2533 4100 2624 4166 Π.

1580 4251 1958 4320 (Bibliotheca
1989 4253 2405 4326 Cluniacensis,
2429 4275 2564 4329 pag.
2597 4258 2744 4330 265).

1257 4547 1299 4600 Ι.

447 4649 830 4725 Ρνιλενςρψοιωη⁸
858 4650 1152 4725 Ludovici
1191 4652 1566 4725 Francorum
1601 4654 1760 4725 regis
1793 4655 1865 4710 de
1892 4653 2104 4711 Salus-

521 4723 731 4794 tArz'aco,
763 4722 1084 4794 Chaviniz's,
1129 4725 1441 4792 piscatum
1500 4723 1648 4792 Osae,
1671 4722 2100 4784 'Camberiaco.

518 4792 878 4864 Savigniaco
906 4792 1283 4852 etAmberta.

1085 4905 1279 4970 (Anno
1316 4903 1459 4976 939).

517 5008 582 5061 In
612 5005 856 5062 nomine
878 5012 1097 5065 sanctae
1123 5012 1181 5067 et
1215 5009 1541 5068 individuus
1567 5011 1880 5086 Trinitatis,
1917 5015 2104 5072 Ludo-

443 5095 611 5152 vicus
638 5095 946 5169 paciﬁcus,
977 5102 1280 5170 Augustus
1296 5103 1353 5157 et
1366 5100 1617 5158 invictus
1643 5103 1833 5174 gratia
1851 5104 1950 5161 Dei
1975 5121 2099 5162 rex.

446 5185 604 5243 Sicut
629 5189 858 5243 certum
903 5190 1010 5259 est,
1043 5187 1187 5260 quia
1215 5192 1369 5245 Deus
1417 5195 1690 5263 potentes
1719 5208 1844 5249 non
1875 5193 2099 5267 adjicit,

443 5275 568 5331 sine
599 5293 722 5350 quo
749 5281 1012 5350 potestas
1043 5292 1167 5334 non
1197 5281 1286 5334 est
1310 5297 1322 5346 ;
1355 5279 1438 5336 ita
1457 5281 1916 5354 quoqueliquet,
1934 5282 2104 5356 quod

438 5369 748 5436 potentum
781 5383 966 5436 opera
993 5367 1403 5438 interrogabit,
1421 5373 1479 5425 et
1502 5369 1581 5425 ob
1602 5370 1717 5426 hoc
1743 5371 1920 5428 nobis
1940 5389 2102 5430 sum-

439 5467 683 5524 mopere
732 5457 1070 5513 curandum
1127 5462 1233 5526 est,
1269 5461 1333 5513 ut
1373 5473 1512 5513 cum
1540 5458 1636 5514 vel
1665 5459 1973 5531 prodesse,
2005 5462 2100 5518 vel

437 5540 676 5610 obesse,
701 5541 833 5614 ipso
861 5545 1240 5618 disponente,
1271 5561 1619 5618 possumus,
1635 5550 1908 5604 nostrum
1924 5564 2102 5622 posse

2138 4549 2182 4606 D
2221 4569 2335 4626 sub
2364 4571 2493 4643 ejus
2518 4576 2667 4629 nutu
2687 4572 2925 4646 penitus
2943 4573 3307 4644 subigentes,
3325 4575 3494 4649 quod
3507 4577 3734 4636 honori
3749 4597 3884 4636 san-

2214 4663 2321 4716 ctae
2352 4661 2402 4732 ej
2413 4678 2481 4717 us
2503 4661 2779 4718 Ecclesiae
2802 4663 3076 4736 proﬁciat
3093 4665 3364 4721 certatim
3387 4665 3712 4724 faciamus.
3731 4671 3884 4736 Qua—

2210 4754 2456 4822 propter
2483 4751 2714 4806 cunctis
2744 4755 2869 4808 tam
2897 4753 3164 4824 regibus,
3183 4771 3370 4827 quam
3391 4755 3770 4829 reliquarum
3799 4759 3882 4814 di—

2212 4837 2508 4908 gnitatum
2523 4840 2798 4912 personis
2813 4843 3202 4914 praesentibus
3217 4845 3312 4900 vel
3325 4844 3538 4902 futuris
3556 4853 3776 4904 notum
3791 4849 3878 4916 sit,

2210 4927 2378 4999 quod
2407 4927 2573 5000 petiit
2587 4944 2624 4985 a
2639 4929 2814 4986 nobis
2830 4930 3082 5005 quidam
3095 4931 3288 4988 ﬁdelis
3307 4938 3510 4992 noster
3531 4937 3704 5008 [Iugo
3725 4937 3878 4992 ﬁlius

2209 5015 2486 5073 Richardi
2533 5017 2624 5074 vir
2665 5018 3119 5098 illustrissimus,
3151 5025 3210 5080 et
3255 5023 3546 5097 marchio,
3577 5031 3878 5098 quatenus

2209 5104 2521 5178 quoddam
2547 5108 2982 5165 monasterium
2999 5110 3244 5168 nomine
3257 5111 3634 5183 Cluniacum,
3659 5117 3828 5188 quod
3841 5131 3876 5170 a

2209 5193 2507 5252 Willermo
2537 5197 2664 5254 viro
2693 5199 3016 5270 magniﬁco
3043 5200 3106 5256 in
3127 5201 3358 5258 honore
3374 5201 3712 5276 primorum
3731 5221 3874 5278 apo-

2211 5284 2524 5356 stolorum,
2557 5287 2708 5344 Petri
2737 5288 3079 5347 videlicetet
3095 5291 3278 5360 Pauli,
3299 5308 3405 5364 per
3425 5309 3648 5350 manus
3667 5296 3874 5350 Berne-

2209 5374 2302 5430 nis
2320 5377 2638 5448 cujusdam
2655 5379 2964 5435 reverendi
2977 5380 3212 5437 abbatis
3229 5387 3644 5440 constructum
3657 5389 3874 5458 est,pcr

2207 5463 2322 5521 hoc
2346 5469 2565 5522 nostrae
2602 5469 2968 5525 auctoritatis
2996 5475 3379 5544 praeceptam,
3410 5471 3562 5528 sicut
3589 5473 3674 5530 ab
3703 5481 3872 5530 ante-

2208 5554 2546 5611 cessoribus
2567 5560 2810 5613 auctum
2842 5561 2952 5628 est,
2985 5563 3041 5616 et
3069 5574 3176 5632 per
3203 5559 3512 5633 privilegia
3541 5563 3874 5635 apostolica
