4090 6122
225 140 318 192 841

1115 139 1628 196 ΤΕΞΤΑΜΕΝΤΠΜ
1680 137 2022 194 LEOTALDI
2063 137 2339 196 COMITIS
2380 142 2749 200 MATISCON.

3547 151 3658 205 862

226 259 306 314 ah
340 261 504 316 omni
535 261 944 334 inquietudine
973 263 1060 318 vel
1094 262 1409 319 dominatu
1452 263 1722 319 omnium
1775 262 1882 316 ho-
1912 268 1960 322 Α
1991 261 2163 331 juxta
2192 262 2591 331 traditionem,
2624 280 2810 337 quam
2856 263 3070 320 nostris
3100 263 3312 320 diebus
3337 270 3541 325 tenere
3568 271 3656 325 vi-

223 348 456 403 minum
509 350 916 416 absolvamus,
974 352 1044 406 sit
1097 367 1235 406 vero
1293 352 1419 423 ipse
1470 351 1658 420 locus,
1714 353 1887 421 juxta

228 438 395 508 quod
429 438 554 510 ipse
583 440 911 495 Willermus
939 441 1049 494 sub
1077 439 1631 510 terribilietmagna
1651 441 1889 511 adjura—

222 525 381 580 tione
415 529 733 596 constituit,
768 530 844 584 ad
885 529 1228 601 apostolicae
1265 529 1391 584 sedi
1415 546 1523 602 per
1567 534 1888 585 testamen-

217 619 368 679 tum,
404 615 480 670 ad
513 618 825 684 tuendum,
862 634 984 672 non
1017 618 1093 673 ad
1125 618 1565 674 dominandum
1601 619 1886 688 subjuga-

219 703 320 769 vit,
353 705 430 759 ab
461 706 624 760 omni
653 707 917 762 saeculari
949 706 1264 763 dominatu
1296 713 1418 764 tam
1439 724 1671 778 regum,
1697 723 1885 778 quam

221 797 572 848 cunctorum
624 795 987 867 principum,
1041 812 1146 851 seu
1201 796 1682 869 propinquorum
1757 797 1883 867 eju-

219 879 389 936 sdem
416 880 728 949 Willermi,
764 887 910 955 quin
945 889 998 938 et
1029 885 1303 940 omnium
1353 885 1671 940 hominum
1720 885 1884 957 peni-

219 974 314 1024 tus
344 969 492 1026 liber
522 974 577 1026 et
605 971 940 1028 absolutus.
988 978 1048 1028 ln
1102 973 1311 1028 ordine
1364 989 1503 1028 vero
1549 974 1884 1030 monastico

218 1059 512 1129 persistat,
543 1065 600 1115 et
629 1062 961 1117 secundum
993 1067 1260 1118 tenorem
1314 1063 1674 1134 testamenti,
1720 1063 1885 1136 quod

213 1146 354 1201 inde
385 1147 538 1218 fecit,
571 1149 980 1217 administret;
1040 1151 1401 1207 habitatores
1431 1155 1630 1208 autem
1681 1152 1741 1206 in
1787 1169 1883 1207 or-

221 1233 363 1289 dine
419 1237 675 1306 regulari
738 1239 1075 1310 degentes;
1145 1239 1428 1296 abbatem
1492 1239 1603 1296 sibi
1670 1255 1883 1296 secun-

216 1321 366 1376 dum
397 1323 670 1392 regulam
699 1327 884 1381 sancti
915 1327 1208 1383 Benedicti
1236 1327 1312 1382 de
1363 1328 1699 1401 semetipsis
1748 1333 1884 1400 post

215 1411 506 1478 Odonem,
541 1413 645 1484 qui
689 1429 849 1469 nunc
901 1421 1134 1486 praeest,
1181 1415 1421 1485 eligant.
1476 1419 1586 1472 Res
1637 1432 1881 1488 quoque

213 1512 352 1552 suas
384 1514 760 1572 communes,
792 1518 945 1574 quas
974 1504 1064 1558 vel
1095 1520 1255 1559 nunc
1286 1505 1533 1574 habent,
1568 1507 1670 1560 aut
1699 1505 1759 1559 in
1793 1506 1880 1560 fu-

1995 349 2232 418 dentur,
2265 352 2346 406 eis
2367 353 2565 408 vivere
2587 352 2780 408 liceat.
2797 353 2968 418 Quod
2990 353 3034 407 si
3061 353 3542 427 exorbitaverint,
3565 360 3658 430 ju-

1999 439 2154 495 dicio
2182 441 2304 510 Dei,
2339 441 2459 496 sive
2489 441 2712 512 regula
2758 442 3113 513 correptioni
3160 449 3550 516 reserventur,
3601 452 3659 505 et

1994 527 2240 585 donatio
2295 533 2415 586 Deo
2464 536 2519 588 et
2552 531 2770 588 sanctis
2801 532 2930 602 ejus
2982 531 3138 588 facta
3187 533 3528 592 nullatenus
3571 553 3658 594 re-

1996 617 2322 676 scindatur.
2360 620 2532 685 Quod
2555 621 2752 677 verius
2785 625 2850 676 ut
2871 619 3167 688 credatur,
3191 621 3655 700 diligentiusque

1993 706 2070 762 ab
2101 707 2384 764 omnibus
2415 709 2782 780 observetur,
2834 725 3024 766 manu
3074 712 3320 781 propria
3366 713 3656 772 roboran-

1994 801 2099 864 tes,
2128 797 2203 852 de
2230 797 2455 853 annulo
2477 803 2682 854 nostro
2711 799 2914 856 subter
2943 798 3218 854 adnotari
3241 799 3553 870 jussimus.

2067 885 2315 955 Signum
2346 887 2560 943 Domni
2588 887 2869 944 Ludovici
2899 887 3310 958 gloriosissimi
3334 891 3507 961 regis.

2065 973 2360 1029 Gerardus
2392 974 2660 1031 notarius
2687 975 2765 1031 ad
2793 976 2987 1031 vicem
3011 975 3236 1032 Artaldi
3268 977 3536 1050 episcopi
3567 995 3654 1035 re-

1994 1062 2292 1131 cognovit.

2061 1154 2272 1206 Actum
2290 1151 2350 1207 in
2379 1154 2676 1218 Querceco
2691 1155 2864 1224 juxta
2895 1154 3226 1210 Doniacum
3247 1154 3446 1212 villam
3473 1171 3680 1230 super-

1993 1239 2244 1296 ﬂuvium
2286 1243 2524 1311 Carum,
2556 1259 2636 1298 xu
2685 1243 2810 1300 Kal.
2861 1244 2972 1299 Jul.
3014 1243 3219 1299 indict.
3270 1247 3354 1315 12,
3405 1261 3566 1301 anno
3597 1250 3651 1316 4,

1989 1334 2276 1399 regnante
2333 1331 2634 1388 Ludovico
2683 1347 2842 1403 rege,
2875 1332 2935 1388 in
2982 1333 3082 1388 Dei
3127 1332 3370 1390 nomine
3404 1333 3655 1392 feliciter

1991 1422 2200 1474 Amen.

2791 1514 2852 1566 ll.

216 1592 346 1686 turo
399 1590 782 1686 aeq-uisituri;
856 1593 980 1648 sive
1047 1598 1251 1649 nostra
1322 1593 1542 1650 scilicet
1607 1593 1879 1650 libertate
1909 1631 1949 1686 Β
1985 1596 2360 1666 Praeceptum
2393 1597 2752 1655 Chounradi
2779 1599 2958 1669 regis,
3005 1599 3077 1656 de
3115 1601 3362 1657 Tusiaco
3390 1601 3452 1656 in
3488 1616 3651 1673 pago

216 1676 412 1745 Vorte,
464 1677 856 1751 liberalitate],
915 1681 1033 1737 sive
1087 1681 1493 1754 quorumlibet
1541 1682 1876 1754 largitione,

215 1771 355 1822 sunt
407 1767 532 1823 siue
587 1769 908 1841 cujuslibet
945 1771 1376 1841 dominatione,
1429 1776 1533 1828 aut
1582 1772 1878 1828 contradi-

211 1856 404 1913 ctione
442 1858 810 1929 possideant.
844 1865 903 1915 In
953 1861 1237 1916 nundinis
1288 1861 1524 1916 nullum
1577 1861 1877 1917 teloneum

211 1945 466 2002 solvant.
499 1949 778 2005 Homines
810 1967 1018 2006 eorum
1057 1950 1276 2008 liberos
1325 1967 1394 2008 ac
1444 1967 1647 2008 servos
1695 1967 1876 2008 nemo

210 2034 337 2090 sine
362 2034 632 2108 ipsorum
665 2038 973 2095 voluntate
1022 2040 1359 2110 distringat,
1416 2040 1687 2097 Decimas
1736 2057 1876 2096 suas

208 2121 670 2181 indominicatas
736 2127 814 2182 ad
871 2127 1166 2200 hospitale
1225 2128 1508 2185 habeant.
1579 2127 1873 2184 Ecclesias

208 2228 351 2267 vero
381 2230 543 2284 suas,
577 2232 716 2271 cum
753 2217 1038 2272 omnibus
1069 2217 1191 2272 suis
1236 2215 1510 2288 decimis,
1567 2218 1721 2272 sicut
1769 2232 1877 2290 per

206 2300 585 2372 privilegium
639 2304 1006 2372 Romanum,
1059 2311 1116 2362 et
1145 2321 1250 2378 per
1303 2305 1524 2378 scripta
1565 2307 1876 2378 episcopo-

205 2405 342 2444 rum
393 2392 817 2464 acquisierunt,
860 2398 1100 2450 teneant
1148 2400 1204 2450 et
1247 2394 1613 2467 pessideant.
1674 2397 1874 2452 Cortes

206 2494 348 2534 vero
377 2496 531 2552 quas
558 2497 664 2553 per
692 2488 991 2555 praecepta
1020 2487 1466 2539 antecessorum
1505 2487 1868 2554 nostrorum,

208 2568 335 2624 sive
365 2569 620 2626 aliorum
649 2587 861 2642 regum
901 2573 1322 2645 acquisierunt,
1355 2573 1738 2629 inconvulsas
1787 2578 1869 2628 tc-

205 2663 389 2713 neant
419 2675 488 2714 ac
512 2661 878 2732 possideant.
915 2662 1308 2718 Nominantur
1336 2666 1539 2718 autem
1565 2663 1712 2734 ipsa;
1745 2678 1869 2717 cor-

204 2750 294 2801 tes
342 2747 402 2801 in
447 2748 856 2805 Matisconensi
906 2765 1064 2822 pago
1111 2750 1502 2806 Salustriacus
1555 2753 1613 2806 et
1664 2751 1867 2807 Chavi-

203 2835 358 2897 nias,
412 2841 469 2892 et
502 2837 670 2893 tertia
722 2853 862 2911 pars
910 2839 1174 2910 piscinaa,
1226 2839 1320 2894 cui
1363 2837 1729 2895 vocabulum
1778 2843 1866 2895 est

205 2924 342 2993 Osa,
375 2940 513 2980 cum
558 2927 786 2982 mansis
834 2932 891 2982 et
920 2927 1317 3000 piscatoribus
1366 2927 1445 2983 ad
1492 2926 1686 2999 ipsam
1729 2941 1864 2998 par-

2615 1688 3021 1759 Lugdunensi.

2576 1776 2810 1848 (Anno
2863 1779 3056 1846 943.)

2059 1864 2122 1916 In
2142 1863 2386 1918 nomine
2415 1867 2637 1921 sanctae
2661 1869 2717 1921 et
2745 1864 3072 1920 individua:
3092 1865 3651 1936 Trinitatis,Choun—

1983 1949 2168 2006 radus
2215 1955 2363 2008 nutu
2423 1953 2850 2026 omnipotentis
2910 1954 3010 2011 Dei
3052 1956 3472 2012 serenissimus
3522 1973 3646 2014 rex.

1987 2047 1997 2086 ι
2013 2040 2272 2096 ionvenit
2291 2058 2790 2115 unumquemque
2816 2047 3087 2099 nostrum
3114 2044 3382 2100 Ecclesiae
3413 2045 3512 2101 Dei
3537 2062 3649 2118 pro

1983 2143 2065 2195 se,
2098 2129 2340 2200 suisque
2370 2131 2655 2187 omnibus
2681 2134 2798 2187 Deo
2818 2131 3024 2188 fideles
3057 2133 3382 2190 sublimare
3407 2150 3476 2190 ac
3509 2135 3649 2190 sub-

1980 2217 2202 2282 venire,
2259 2223 2559 2290 quatenus
2613 2220 2849 2276 noverit
2895 2221 3166 2276 omnium
3218 2221 3486 2278 fidelium
3534 2238 3645 2278 no-

1983 2308 2242 2361 strorum
2274 2307 2565 2363 memoria
2586 2309 2973 2379 praesentium
3007 2324 3077 2364 ac
3102 2309 3460 2365 futurorum.
3491 2311 3646 2375 Qua-

1980 2391 2108 2449 liter
2139 2394 2309 2465 Hugo
2339 2412 2542 2452 comes
2576 2397 3064 2467 consanguineus
3111 2401 3314 2454 noster
3362 2398 3507 2454 adiit
3551 2414 3644 2455 re-

1981 2481 2142 2550 giam
2169 2483 2648 2554 magnitudinem
2681 2489 2969 2551 nostram,
3003 2489 3067 2541 ut
3094 2485 3209 2540 hoc
3250 2485 3416 2558 quod
3466 2485 3642 2541 nobis

1977 2569 2190 2638 reddit,
2220 2571 2491 2628 videlicet
2522 2572 2874 2628 Thosiacum
2905 2572 3107 2628 villam
3131 2574 3193 2628 in
3218 2587 3376 2645 pago
3411 2575 3644 2643 Lugdu-

1977 2658 2168 2722 nensi,
2200 2663 2256 2714 et
2285 2659 2582 2733 quidquid
2614 2660 2692 2715 ad
2719 2661 2876 2716 hanc
2928 2660 3186 2731 legitime
3218 2661 3509 2732 pertinere
3561 2662 3644 2717 vi-

1976 2746 2166 2815 detur,
2203 2752 2407 2815 terras,
2435 2750 2662 2817 vineas,
2694 2755 2887 2822 prata,
2938 2749 3137 2818 silvas,
3181 2767 3399 2822 aquas,
3449 2767 3639 2823 aqua-

1975 2852 2229 2909 rumque
2253 2837 2562 2908 decursus,
2586 2839 2956 2910 piscatorias,
2991 2855 3201 2894 omnes
3234 2855 3432 2895 servos
3462 2841 3642 2896 utriu-

1973 2942 2120 2997 sque
2149 2943 2346 2994 sexus,
2379 2943 2487 2999 pro
2512 2933 2718 2983 nostro
2747 2929 2977 2983 seniore
3000 2927 3174 2983 bonae
3197 2929 3504 2984 memoriae
3531 2931 3639 2984 Ro-

203 2989 805 3086 tem'pertinentibus.
843 3019 906 3071 Et
922 2989 997 3071 .in
1027 3015 1413 3086 Lugdunensi
1433 2989 1593 3088 pago
1618 2989 1862 3071 Cambe-
1893 2989 1933 3046 Ο
1972 2989 2138 3070 dulfo
2166 2989 2417 3087 rege,et
2445 3017 2712 3072 remedio
2744 3017 2960 3072 animm
2993 3022 3210 3073 nostrze
3229 3017 3306 3072 ad
3341 3023 3638 3073 monaste-

202 3102 398 3159 riacus
424 3109 480 3159 et
511 3104 922 3175 Savigniacus,
955 3122 1028 3162 ex
1056 3111 1223 3179 parte
1256 3105 1518 3176 Hugonis
1550 3121 1621 3161 ac
1653 3105 1862 3161 Lotha-

199 3190 272 3246 rii
294 3206 523 3261 regum.
577 3196 718 3248 Item
748 3193 810 3249 in
854 3195 1068 3250 eodem
1120 3210 1280 3266 pago
1320 3193 1623 3262 Amberta,
1674 3208 1861 3265 quam

205 3279 542 3336 Bernardus
569 3299 605 3337 a
636 3283 936 3338 Ludovico
967 3284 1346 3355 imperatore,
1369 3298 1476 3354 per
1494 3286 1862 3356 praeceptum

202 3368 765 3440 acquisivit.Praadia
785 3370 1176 3426 nihilominus
1202 3387 1306 3426 seu
1329 3369 1759 3444 possessiones,
1774 3375 1861 3426 at-

199 3473 318 3529 que
371 3457 550 3514 aloda
596 3461 730 3532 quae
773 3460 1056 3532 praedicto
1104 3461 1472 3518 monasterio
1524 3476 1562 3517 a
1611 3459 1862 3516 diversis

199 3547 493 3618 personis,
554 3548 885 3622 Christique
949 3549 1252 3622 ﬁdelibus,
1311 3548 1434 3605 suis
1491 3549 1861 3622 temporibus

197 3637 541 3694 condonata
576 3645 733 3710 sunt,
766 3640 826 3695 in
848 3640 1313 3714 quibuscumque
1360 3639 1532 3713 pagis
1561 3640 1657 3696 vel
1708 3640 1862 3696 vica-

193 3725 298 3780 riis
347 3727 734 3791 constiterint,
778 3744 916 3784 cum
979 3729 1262 3784 omnibus
1309 3729 1433 3784 suis
1489 3729 1861 3801 appendiciis

186 3815 326 3886 jure
371 3830 481 3870 suo
529 3816 950 3887 perpetualiter
1000 3817 1322 3872 vindicent.
1378 3817 1458 3871 De
1512 3817 1695 3884 silvis,
1755 3816 1861 3872 ubi

188 3907 429 3977 partem
458 3903 704 3972 habent,
735 3909 792 3960 et
819 3905 1008 3974 terris,
1039 3904 1265 3973 nullus,
1292 3905 1406 3960 nisi
1434 3920 1543 3976 per
1585 3905 1859 3977 ipsorum

185 3989 563 4047 voluntatem
595 3991 936 4047 terraticum
987 3992 1260 4064 accipiat.
1317 3991 1660 4049 Secundum
1711 4008 1858 4048 sane

186 4081 843 4138 excommunicationes
896 4081 1388 4154 apostolicorum,
1437 4097 1573 4154 quae
1622 4081 1857 4154 privile-

188 4169 303 4241 giis
353 4169 591 4226 insertae
647 4176 804 4238 sunt,
861 4175 918 4227 et
967 4171 1302 4227 secundum
1357 4172 1854 4227 contestationem

187 4276 378 4333 quam
400 4261 684 4332 prmfatus
702 4260 1423 4334 Willermusimpreoatus
1444 4266 1551 4317 est.
1566 4263 1684 4318 Nos
1708 4278 1854 4334 quo-

1970 3104 2127 3159 rium
2159 3104 2529 3176 Cluniacum,
2558 3105 2726 3177 quod
2753 3110 2840 3161 est
2869 3109 3275 3161 constructum
3315 3106 3377 3160 in
3406 3107 3634 3162 honore

1970 3189 2286 3248 beatorum
2303 3193 2456 3248 Petri
2475 3197 2531 3249 et
2543 3193 2707 3249 Pauli
2725 3193 3135 3265 apostolorum
3140 3198 3529 3266 ,praeceptum
3547 3211 3633 3250 se-

1972 3279 2238 3336 cundum
2261 3296 2492 3337 morem
2515 3282 2748 3351 regium
2780 3282 3266 3350 concederemus;
3290 3282 3456 3354 quod
3477 3286 3533 3338 et
3553 3282 3634 3338 fe-

1971 3367 2184 3424 cimus.
2217 3369 2502 3425 Volumus
2529 3385 2816 3442 namque,
2845 3386 2915 3426 ac
2944 3370 3192 3425 ﬁrmiter
3230 3370 3629 3440 decernimus,

1971 3461 2036 3512 ut
2065 3474 2244 3531 super
2269 3459 2524 3515 insertus
2561 3458 2728 3514 locus
2755 3475 3000 3514 omnem
3026 3458 3292 3515 obtineat
3340 3460 3629 3530 vigorem,

1970 3550 2028 3602 et
2055 3547 2350 3621 quidquid
2401 3548 2496 3603 hic
2544 3549 2835 3620 aspexerit
2877 3547 2956 3604 ad
3005 3564 3184 3621 super
3232 3553 3632 3606 memoratam

1969 3635 2190 3703 villam,
2223 3653 2365 3693 cum
2391 3637 2674 3694 omnibus
2706 3637 2828 3692 suis
2857 3637 3229 3708 adjacentiis,
3261 3642 3314 3693 et
3338 3637 3629 3710 appendi-

1969 3724 2073 3780 ciis
2096 3725 2438 3796 quaesitum,
2469 3729 2527 3781 et
2555 3725 3014 3798 acquirendum,
3057 3730 3248 3781 totum
3279 3731 3336 3781 et
3363 3726 3440 3781 ad
3490 3726 3633 3782 inte-

1969 3827 2166 3881 grum,
2196 3812 2322 3868 sine
2351 3811 2472 3867 ullo
2498 3813 2822 3868 obsistente
2853 3816 2910 3868 et
2937 3812 3398 3868 contradicente.
3428 3815 3497 3868 Ut
3525 3829 3631 3870 au-

1970 3904 2086 3956 tem
2116 3901 2232 3956 hoc
2260 3904 2534 3956 nostrum
2566 3905 2934 3974 praeceptum
2978 3900 3056 3956 ab
3105 3901 3389 3956 omnibus
3431 3901 3632 3957 obser-

1965 3993 2154 4057 vetur,
2189 3993 2245 4045 et
2274 4005 2311 4044 a
2339 3989 2579 4046 nemine
2633 4005 2904 4062 unquam
2947 3989 3214 4061 violetur,
3265 4005 3452 4046 manu
3495 4006 3631 4062 pro-

1965 4079 2097 4151 pria
2126 4078 2523 4146 ﬁrmavimus,
2565 4083 2621 4135 et
2663 4078 2738 4134 de
2783 4077 2974 4149 sigillo
3021 4083 3229 4134 nostro
3269 4078 3628 4136 conﬁrmare

1961 4167 2274 4240 jussimus.

2041 4258 2290 4328 Signum
2317 4257 2530 4313 Domni
2561 4257 2906 4314 Chounradi
2934 4257 3184 4332 piissimi
3215 4257 3390 4328 regis.

188 4366 315 4423 quo
338 4351 400 4406 in
430 4351 644 4408 Christi
661 4352 904 4408 nomine
936 4351 1322 4424 praecipimus
1346 4355 1403 4408 et
1425 4355 1848 4420 contestamur,
1881 4343 1929 4397 D
2038 4349 2188 4404 Data
2217 4363 2339 4404 vim
2354 4347 2484 4403 Kal.
2505 4347 2656 4418 Maii,
2675 4363 2838 4404 anno
2856 4347 2934 4405 ab
2956 4347 3369 4406 lncarnatione
3390 4347 3628 4404 Domini

190 4442 258 4493 ut
285 4453 602 4510 nunquam
634 4437 812 4494 alicui
844 4437 1207 4504 mortalium,
1243 4437 1369 4508 regi
1398 4436 1688 4507 videlicet,
1733 4439 1853 4511 epi-

190 4543 400 4600 scopo,
426 4527 521 4584 vel
550 4527 752 4585 comiti
791 4526 1062 4600 quolibet
1107 4530 1286 4599 pacto
1339 4525 1712 4598 subjiciatur,
1744 4527 1852 4583 sed

1808 4754 1954 4872 IV

1963 4436 2151 4493 nostri
2177 4439 2314 4492 Jesu
2344 4435 2556 4493 Christi
2603 4439 2728 4504 943,
2785 4453 2946 4493 anno
2980 4477 2992 4489 .
3039 4479 3050 4493 .
3099 4480 3111 4492 .
3157 4477 3168 4490 .
3215 4479 3226 4492 .
3273 4441 3624 4507 .’regnante

1965 4526 2192 4582 domno
2214 4525 2573 4583 Chounrado
2594 4541 2732 4596 rege
2748 4525 2869 4581 ﬁlio
2887 4525 3121 4582 Rodulti
3133 4525 3390 4581 feliciter.
3411 4530 3620 4581 Amen.

1217 4947 1820 5042 DONATIO
1907 4946 2594 5042 LEOTALDI

1498 5113 1748 5158 COMITIS
1792 5113 2295 5161 MATISCONENSIS

1324 5216 1736 5283 Monasterio
1788 5216 2216 5286 Cluniacensi
2261 5217 2476 5300 facta.

753 5321 1135 5392 (Bibliotheca
1162 5319 1518 5388 Sabusiana,
1553 5336 1614 5393 p.
1652 5324 1772 5390 I68,
1822 5337 1893 5378 ex
1919 5321 2276 5380 chartulario
2307 5319 2568 5376 ecclesiae
2601 5318 3052 5382 Cluniacensis.)

265 5503 671 5559 Sacrosanctae
692 5499 954 5556 ecclesiae
971 5499 1032 5554 in
1048 5499 1275 5554 honore
1289 5498 1603 5556 beatorum
1620 5503 1858 5571 aposto-

188 5593 390 5650 lorum
421 5591 569 5647 Petri
593 5594 649 5645 et
673 5587 840 5644 Pauli
870 5587 1154 5657 fundatae,
1183 5588 1244 5644 in
1263 5603 1424 5661 pago
1447 5588 1858 5644 Matisconensi

589 5682 832 5735 PATROL.
874 5677 1136 5735 CXXXIII.

1965 5499 2025 5554 in
2046 5499 2186 5556 villa
2212 5499 2514 5566 Cluniaco,
2541 5515 2726 5572 quam
2749 5494 3031 5550 dominus
3058 5489 3186 5546 Odo
3213 5489 3406 5545 abbas
3430 5489 3508 5545 ad
3535 5505 3596 5543 re

1965 5589 2229 5658 gendum
2258 5589 2476 5646 habere
2503 5589 2755 5644 videtur.
2785 5587 2902 5652 Ego
2939 5579 3273 5644 Leotaldus,
3304 5579 3399 5635 Dei
3428 5577 3617 5647 gratia

3156 5675 3220 5724 '27
