4134 6114
255 140 365 197 853

1261 135 1792 193 TESTAMENTUH
1809 136 2158 199 BERNONIS
2189 144 2341 200 ΑΒΒ.
2372 146 2393 199 Ι
2425 147 2744 206 CLUNIAC.

3616 157 3723 213 854

252 278 386 331 sus,
416 258 702 349 exsolvat,
725 261 782 313 et
810 255 1158 349 congressio
1181 255 1344 349 illius
1371 256 1671 349 frustrata
1695 258 1927 349 nullum
1959 271 2005 323 Α
2045 265 2208 330 racli,
2257 269 2312 325 S.
2360 269 2740 340 Gotbransin,
2803 277 2859 333 S.
2920 277 3159 334 Eufredi
3226 277 3630 349 vicecomitis,
3665 279 3720 336 S.

253 348 508 405 omnino
536 345 802 437 obtineat
843 344 1140 437 effectum.
1180 345 1294 437 Sed
1324 345 1520 437 hujus
1551 343 1802 403 ﬁrmitas
1825 353 1932 437 tes-
2046 356 2325 412 Gentardi
2357 359 2612 424 comitis,
2648 362 2704 417 S.
2740 366 2997 436 lgnardi,
3033 369 3088 422 s,
3119 367 3364 424 Ursom's
3397 343 3623 437 Gnaei;
3649 369 3716 424 s.

251 437 507 494 tamenti
557 434 725 491 omni
774 433 1122 491 auctoritate
1172 433 1423 490 suffulta
1467 448 1716 507 semper
1746 436 1931 492 invio-

249 528 380 585 lata
423 542 493 583 ac
521 525 886 581 inconcussa
932 527 1310 596 permaneat,
1345 539 1497 578 cum
1545 524 1931 598 stipulatione

252 617 537 675 subnixa.
568 619 783 673 Actum
815 613 1082 670 Bituricae
1101 613 1356 670 civitatis
1383 612 1666 686 publice.

2039 445 2288 512 Rataldi,
2329 449 2383 504 S.
2419 448 2744 516 Rumberti,
2786 452 2840 506 S.
2875 455 3201 525 lsmengrii,
3231 459 3286 514 8.
3322 455 3612 526 Rotberti,
3648 456 3704 512 S.

2072 534 2312 606 Otherti,
2345 537 2400 592 S.
2437 536 2697 594 Guiberti
2725 539 3038 612 [Girberti],
3073 546 3128 599 S.
3163 545 3500 619 Bermondi,
3527 547 3583 602 8.
3632 544 3722 602 Gi-

2038 603 2221 690 rardi,
2266 603 2323 680 s.
2359 624 2659 696 Ambladi,
2685 603 2743 684 s'.
2775 603 3036 700 Aleardi,
3069 632 3126 687 s.
3154 633 3433 702 Achedei,
3466 603 3524 692 ἑ.
3547 633 3708 690 Win-

329 705 680 762 Willelmus.
713 707 833 774 Ego
862 703 1019 759 hanc
1041 702 1426 759 autoritatem
1458 700 1589 759 ﬁeri
1615 708 1676 762 et
1704 706 1933 763 ﬁrmari
2041 707 2238 780 donis,
2274 712 2330 766 S.
2365 711 2708 778 Grimberti,
2744 715 2800 771 S.
2837 715 3122 782 Umberti,
3151 719 3206 774 8.
3233 700 3500 790 Arualdi,
3532 723 3588 779 S.
3613 727 3720 777 Ar-

253 794 490 865 rogavi,
521 809 591 849 ao
622 808 813 848 manu
839 790 1085 864 propria
1113 790 1419 847 roboravi.

334 882 607 952 Sigillum
637 880 1005 950 lngelbergae
1035 879 1239 935 uxoris
1271 879 1424 949 ejus.

327 970 600 1042 Sigillum
631 969 983 1026 Madalberti
1020 969 1194 1040 (236),
1232 968 1566 1040 peccatoris
1610 969 1936 1028 Bituricen-

168 1058 172 1061 ’
253 1062 339 1117 sis
369 1058 828 1131 archiepiscopi.

331 1150 585 1218 Signum
632 1146 918 1204 Adalardi
971 1145 1242 1218 episcopi
1271 1146 1436 1218 (237),
1486 1146 1548 1200 P.
1583 1147 1749 1219 Alto,
1798 1165 1934 1222 pec-

250 1244 427 1297 cator
455 1237 795 1311 episcopus,
828 1238 884 1291 S.
941 1235 1226 1304 Wilelon,
1283 1234 1517 1308 nepotis
1546 1236 1704 1306 ejus,
1737 1240 1794 1294 S.
1826 1243 1932 1294 Ar-

249 1327 490 1394 manni,
525 1328 580 1382 8.
617 1324 896 1395 ινίεοηὶε,
917 1325 974 1381 8.
1001 1323 1262 1395 Ugberti,
1289 1327 1344 1381 S.
1382 1324 1693 1396 Stephani,
1728 1329 1783 1384 S.
1827 1329 1932 1382 Ve-

251 1487 517 1544 niariam

2042 799 2272 869 mandi,
2345 801 2400 856 S.
2461 802 2748 874 Walonis,
2813 805 2870 863 S.
2927 806 3183 878 Roberti,
3348 811 3626 880 Bodonis,
3662 812 3720 869 S.

2041 889 2312 957 AthoniS,
2345 890 2399 945 S.
2435 891 2738 963 Girbandi,
2807 894 2861 950 S.
2897 896 3296 970 Ismendonis,
3327 900 3382 954 S.
3435 900 3712 970 Lotberti,

2045 978 2101 1033 S.
2133 977 2434 1044 Tertberti,
2482 982 2535 1036 S.
2590 982 2889 1051 Bernardi,
2926 985 2981 1040 S.
3017 985 3266 1055 Geraldi,
3327 989 3382 1044 S.
3433 989 3716 1044 Truanni.

2120 1069 2296 1122 Amio
2327 1067 2672 1139 undecimo,
2721 1076 3008 1141 regnante
3058 1075 3268 1132 Carolo
3312 1092 3474 1148 rege,
3520 1076 3709 1132 indic-

2044 1154 2206 1210 tione
2268 1159 2350 1210 13.
2389 1159 2509 1224 Ego
2564 1158 2734 1214 Oddo
2781 1159 2979 1234 levita,
3023 1163 3102 1220 ad
3145 1164 3338 1222 vicem
3369 1165 3707 1223 cancellarii

2045 1243 2257 1316 scripsi
2289 1249 2347 1300 et
2377 1245 2726 1319 subscripsi.

619 1503 818 1566 cenam
875 1486 1223 1566 chartarum
1273 1503 1390 1566 _seu
1430 1487 1933 1566 testamentorum
2042 1488 2316 1566 bertum,
2341 1488 2434 1544 alii
2469 1488 3182 1566 Maalbertumappelant.
3213 1497 3341 1553 Fuit
3370 1501 3573 1556 autem
3604 1515 3704 1556 or-

251 1556 683 1643 sanctionibus
700 1556 941 1643 addere.
972 1558 1061 1640 Sic
1094 1557 1248 1643 Otho
1268 1556 1417 1639 imp.
1443 1558 1841 1643 inprrecepto
1860 1559 1936 1613 de
2045 1559 2186 1643 ﬁne
2215 1559 2753 1643 quinquagesimus
2780 1556 3011 1635 primus
3041 1556 3192 1643 inter
3215 1567 3704 1643 archiepiscopos

251 1635 468 1685 sancto
496 1628 726 1700 Mayolo
755 1628 1024 1699 Papiensi
1059 1643 1072 1684 :
1111 1652 1141 1678 «
1162 1629 1229 1700 _Si
1259 1628 1398 1700 quis
1439 1628 1620 1698 igitur
1651 1628 1767 1685 hoc
1798 1645 1938 1685 nos-

249 1707 359 1757 traa
391 1698 727 1773 stabilitatis
749 1698 1113 1773 praeceptum
1150 1698 1412 1769 fregerit,
1446 1706 1779 1773 componat
1803 1714 1938 1756 cen-

249 1778 384 1828 tum
415 1771 599 1826 lihras
650 1771 800 1837 auri,
860 1771 1246 1826 medietatem
1297 1787 1556 1827 camerae
1588 1771 1848 1838 nostrae,
1883 1775 1941 1827 et

248 1842 636 1899 medietatem
663 1840 1031 1896 Cluniacensi
1063 1844 1454 1898 monasterio.
1489 1865 1517 1893 ››

328 1914 474 1983 (236)
518 1913 799 1983 Sigillum
829 1913 1221 1970 Madalberti.
1257 1912 1514 1980 Quidam
1563 1913 1727 1970 hunc
1757 1907 1940 1970 Moal-

2045 1629 2466 1714 Bituricensérs,
2499 1629 3172 1714 seditque—temporibus
3197 1629 3486 1714 Arnulplii
3511 1629 3705 1714 impe-

2046 1702 2285 1778 i‘atoi'is,
2311 1706 2372 1778 et
2397 1702 2586 1756 Caroli
2614 1702 3304 1778 Simplicis-Francorum
3334 1702 3510 1778 regis.

2123 1773 2274 1850 (237)
2303 1773 2894 1850 Signum__Adalbrdi
2919 1779 3196 1850 episcopi.
3237 1773 3575 1836 Adalardus
3606 1783 3705 1838 hic

2053 1841 2163 1896 fuit
2184 1843 2505 1923 episcopus
2541 1841 3064 1923 Claromqntensis,
3094 1841 3180 1923 de
3192 1867 3318 1923 quo
3342 1851 3468 1908 Odo
3494 1851 3556 1908 in
3577 1853 3705 1910 Vita

2055 1914 2243 1969 sancti
2277 1914 2530 1982 Geraldi,
2561 1920 2617 1972 et
2649 1933 2760 1973 nos
2794 1918 2942 1975 forte
2972 1919 3146 1992 plura
3168 1914 3411 1978 ibidem.

259 2093 3689 2124 mw

1859 2224 2052 2345 VI.

1011 2504 1825 2597 TESTAMENTUM
1907 2506 2262 2594 DOMNI
2363 2508 2915 2598 BERNONIS

1793 2713 2068 2784 ABBAT
2083 2716 2160 2783 IS

349 2895 486 2964 cui
513 2897 736 2982 primo
769 2893 906 2984 fuit
933 2895 1364 2962 commissum
1414 2895 1720 2984 regimen
1765 2890 2174 2984 monasterii
2211 2891 2667 2959 Cluniacensis
2703 2914 2838 2981 per
2898 2891 3340 2962 Guillelmum
3376 2894 3598 2982 Pium,

1432 2978 1890 3069 fdndatorem
1918 2978 2081 3046 dicti
2109 2984 2532 3048 monasterii.

1771 3164 2000 3244 (Anno
2030 3164 2201 3245 926.)

1382 3351 1775 3422 (Bibliotheca
1805 3349 2235 3415 Cluniacensis,
2265 3367 2409 3423 pag,
2439 3352 2517 3423 9).

320 3669 407 3722 Ex
437 3679 562 3738 quo
595 3663 803 3720 divina
831 3661 1202 3736 dispensatio
1230 3663 1370 3736 post
1398 3660 1672 3718 dilivium
1702 3661 1915 3718 consti-
1945 3665 1984 3720 C
2022 3660 2236 3719 delicet
2251 3677 2460 3721 meum
2475 3664 2994 3737 consanguineum
3025 3663 3194 3738 (238),
3217 3668 3398 3739 atque
3411 3665 3686 3728 Odonem

243 3755 377 3822 tuit,
401 3759 467 3811 ut
487 3755 676 3810 homo
692 3751 924 3809 homini
935 3754 1193 3825 praestet,
1212 3751 1558 3824 quicunque
1577 3749 1914 3807 secundum

246 3848 439 3901 Deum
471 3847 594 3900 tam
645 3843 706 3898 in
764 3841 960 3898 Veteri
990 3841 1392 3908 Testamento,
1425 3855 1614 3912 quam
1663 3839 1725 3894 in
1748 3843 1911 3895 Novo

245 3934 379 3992 aliis
405 3932 798 4006 praefuerunt,
827 3935 1127 4003 quantum
1158 3929 1445 4003 possibile
1477 3928 1604 3994 fuit,
1628 3943 1910 4000 procura-

246 4027 409 4092 runt,
445 4027 512 4078 ut
568 4019 913 4077 consultum
963 4019 1217 4075 subditis
1271 4019 1333 4074 in
1377 4020 1686 4090 posterum
1732 4021 1906 4073 esset.

248 4113 425 4181 Quod
455 4116 512 4168 et
533 4111 784 4168 beatum
813 4109 1224 4183 Benedictum,
1257 4114 1313 4166 et
1339 4109 1490 4165 alios
1510 4107 1908 4180 quamplures

246 4202 440 4259 nostri
469 4200 699 4258 ordinis
728 4200 1114 4256 instructores
1158 4199 1388 4267 fecisse,
1422 4197 1654 4269 sibique
1678 4213 1909 4254 succes-

249 4307 440 4361 sores,
461 4291 609 4346 dum
641 4289 1006 4357 adviverent,
1025 4288 1297 4359 elegisse,
1329 4287 1517 4343 multa
1545 4285 1910 4344 documenta

248 4378 534 4454 probant.
587 4382 965 4452 Quapropter
1015 4381 1138 4434 tam
1167 4375 1382 4448 regalis
1423 4378 1688 4450 potestas
1720 4391 1908 4448 quam

251 4467 645 4526 sacerdotalis
674 4467 1020 4538 auctoritas,
1049 4465 1157 4523 sed
1185 4472 1243 4523 et
1269 4464 1612 4540 principum
1643 4464 1907 4521 sublimi-

250 4563 366 4628 tas,
394 4573 504 4614 nec
557 4571 682 4613 non
712 4561 770 4613 et
819 4555 1191 4628 reliquorum
1243 4554 1537 4621 ﬁdelium,
1563 4567 1720 4624 quos
1756 4553 1909 4611 forte

2022 3751 2276 3824 adaeque
2343 3755 2649 3823 dilectum,
2714 3773 2837 3812 una
2889 3772 3029 3811 cum
3082 3755 3332 3814 fratrum
3385 3774 3686 3818 consensu

2019 3839 2169 3896 mihi
2203 3843 2523 3898 succedere
2550 3843 2840 3914 delegavi,
2861 3859 2930 3900 ac
2957 3848 3095 3916 post
3113 3859 3320 3901 meum
3339 3845 3679 3917 decessum,

2017 3931 2147 3984 vice
2177 3941 2334 3997 mea,
2361 3934 2479 3986 Deo
2507 3931 2816 4004 largiente,
2847 3931 3013 4003 fungi
3045 3931 3322 4006 praecepi.
3358 3937 3444 3992 Ita
3463 3937 3685 3995 scilicet

2018 4019 2084 4072 ut
2123 4013 2375 4072 dilectus
2423 4023 2627 4074 noster
2669 4019 2988 4092 prmdictus
3035 4019 3218 4076 Wido
3265 4023 3542 4082 coenobio
3587 4028 3681 4083 Gi-

2019 4103 2329 4175 gniacensi
2359 4106 2525 4180 (239),
2573 4105 2890 4176 Balmensi,
2931 4108 3276 4178 Ethicensi,
3336 4127 3476 4168 eum
3530 4114 3683 4172 cella

2015 4210 2154 4267 quae
2185 4193 2400 4251 dicitur
2429 4196 2619 4252 sancti
2645 4197 2911 4267 Lauteni,
2941 4201 2999 4253 et
3026 4213 3164 4254 cum
3189 4199 3475 4256 omnibus
3497 4202 3681 4260 rebus

2015 4282 2097 4340 ad
2139 4283 2429 4354 praedicta
2453 4285 2821 4343 monasteria
2865 4285 3300 4360 pertinentibus
3329 4288 3679 4360 regulariter

2016 4371 2238 4446 praesit,
2289 4377 2505 4445 prater
2552 4373 2760 4431 villam
2795 4390 2932 4448 quas
2991 4373 3205 4433 dicitur
3251 4376 3573 4449 Alafracta,
3623 4386 3680 4438 et

2016 4477 2111 4516 res
2150 4460 2454 4532 quasdam
2495 4479 2631 4536 quae
2682 4461 2923 4520 fuerunt
2978 4459 3188 4522 domni
3237 4467 3560 4525 Samnonis
3612 4470 3677 4526 in

2017 4549 2232 4605 eodem
2288 4566 2450 4622 pago
2495 4551 2892 4609 consistentes
2926 4571 2940 4622 ;
3013 4556 3071 4610 et
3111 4558 3394 4626 quartam
3440 4561 3675 4629 partem

249 4648 410 4703 hanc
464 4645 825 4719 scripturam
872 4644 1081 4701 audire
1109 4643 1438 4715 contigerit,
1470 4641 1745 4712 ignoscat
1775 4642 1908 4698 uni-
1941 4665 1984 4718 D
2019 4637 2432 4696 Caldariarum
2459 4655 2595 4713 quae
2619 4646 2758 4697 sunt
2786 4643 2911 4698 sitae
2930 4642 2992 4698 in
3012 4641 3144 4698 loco
3174 4642 3278 4715 qui
3299 4642 3514 4701 dicitur
3537 4646 3676 4702 Leo-

246 4735 524 4793 versitas.
573 4733 747 4801 Quod
785 4749 895 4804 ego
943 4733 1132 4790 Berno
1175 4733 1450 4789 omnium
1491 4728 1786 4788 abbatum
1815 4748 1911 4787 ex-

247 4828 478 4881 tremus
557 4823 772 4890 abbas,
836 4838 1190 4894 supremum
1253 4822 1414 4878 diem
1467 4819 1597 4892 jam
1664 4819 1911 4877 vicinari

247 4926 614 4984 agnoscens,
636 4911 790 4967 duos
815 4928 890 4966 ex
917 4911 1134 4967 nostris
1163 4911 1466 4978 fratribus,
1498 4908 1808 4964 Widonem
1821 4909 1908 4965 vi-

322 5050 468 5121 (238)
518 5050 825 5106 Widonem
851 5050 1126 5121 videlicet
1153 5063 1347 5121 meum
1378 5046 1904 5121 consanguineum.

247 5117 536 5193 Nepotem
563 5121 846 5193 Bernonis
874 5124 932 5193 et
955 5119 1322 5193 discipulum
1341 5123 1535 5193 vocat
1551 5117 1909 5193 Chronicum

248 5188 640 5248 Cluniacense
678 5191 772 5248 his
800 5190 1000 5246 verbis
1029 5207 1040 5244 :
1067 5188 1494 5260 (Venerabilis
1523 5188 1707 5260 igitur
1736 5193 1906 5260 pater

251 5265 442 5334 Berno
469 5262 682 5318 habuit
727 5260 1055 5334 discipulos
1081 5264 1342 5326 sanctos,
1369 5259 1592 5334 scilicet
1614 5258 1906 5326 Odonem,

249 5333 687 5403 Adhegrinum,
725 5337 796 5410 _e_t
845 5330 1159 5410 Widpnem
1187 5330 1590 5410 venerabilem
1629 5333 1910 5410 nepotem

251 5400 454 5473 suum,
477 5419 660 5476 quem
674 5400 938 5460 'abbatiae
971 5403 1297 5476 Balmensis
1317 5401 1602 5476 abbatem
1628 5400 1792 5476 fecit.
1810 5423 1838 5452 ››

321 5471 474 5548 (239)
497 5471 775 5554 "(Jme
819 5472 1615 5554 Gigniapensingmnobium
1635 5471 1750 5526 hoc
1778 5471 1910 5554 ipse

252 5543 466 5618 Bernoi
497 5545 794 5618 fundavit,
840 5543 910 5602 ac
955 5546 1185 5618 primus
1221 5544 1378 5600 illius
1424 5544 1616 5600 abbas
1639 5543 1907 5618 “exstitit.

253 5617 592 5676 Chronicon
615 5615 1031 5676 LemOvicen‘se
1051 5615 1131 5676 ad
1146 5631 1378 5674 annum
1404 5619 1508 5674 890
1543 5633 1556 5671 :
1587 5636 1616 5664 ‹‹
1636 5616 1755 5672 Hoc
1775 5618 1916 5672 tem-

2017 4726 2192 4783 donis
2223 4727 2394 4799 (240),
2427 4734 2484 4784 et
2529 4728 2911 4786 medietatem
2932 4730 3088 4802 prati
3109 4727 3276 4802 quod
3305 4731 3416 4788 fuit
3463 4732 3674 4790 domni

2021 4815 2338 4888 Saymonis
2383 4817 2582 4887 (forte,
2633 4817 2932 4889 Simonis].
2974 4822 3048 4876 At
3098 4835 3241 4875 vero
3285 4821 3674 4879 charissimus

2018 4904 2146 4962 Odo
2177 4903 2546 4969 Cluniacum,
2576 4911 2632 4962 et
2651 4906 3004 4964 Masciacum
3022 4909 3193 4980 (2H),
3222 4913 3405 4983 atque
3425 4911 3672 4969 Dolense

2017 5045 2401 5174 poreelaruit
2427 5047 2489 5102 in
2545 5047 2885 5130 Burgundio.
2914 5049 3105 5106 Berno
3131 5065 3204 5133 ex
3233 5053 3450 5110 comite
3480 5051 3672 5134 abbas

2039 5121 2421 5174 ‘urniaeensm
2453 5118 2711 5174 ccenobu
2758 5135 2795 5174 a
2823 5135 2886 5174 se
2929 5119 3184 5174 fundati.
3220 5143 3247 5172 »
3309 5124 3471 5174 Idem
3519 5125 3669 5174 Sim-

2039 5117 2421 5192 ligniaeen_sis
2453 5117 2711 5174 ccenobii
2758 5135 2795 5176 a
2823 5119 3184 5192 se_fundati.
3220 5143 3247 5172 »
3309 5124 3471 5179 Idem
3519 5123 3669 5192 Sigi-

2015 5189 2220 5244 bertus
2274 5187 2355 5244 ad
2409 5203 2637 5245 annum
2683 5192 2784 5246 895
2821 5207 2835 5259 ;
2869 5190 3216 5248 Vincentius
3242 5187 3668 5249 Bellovacensis

2017 5259 2120 5343 lib.
2145 5275 2289 5343 μὴ
2317 5259 2798 5343 Speculihistor:
2840 5277 2975 5343 cap.
3010 5267 3075 5319 53
3101 5280 3116 5343 _;
3169 5261 3502 5343 Bernartius
3531 5261 3667 5318 Gui-

2017 5330 2191 5386 donis
2218 5330 2280 5386 in
2313 5330 2637 5399 Chronicis,
2665 5330 3038 5399 Trithemius,
3061 5338 3118 5389 et

2064 5375 2349 5486 iason;
2356 5375 3458 5486 25502;;assurez‘gggsj‘s‘agm
3476 5403 3664 5461 Leda.

2018 5473 2109 5528 nis
2152 5478 2329 5546 vocat
2371 5473 2771 5546 Eugeniuslll
2821 5489 3002 5546 papa,
3037 5478 3094 5530 et
3137 5473 3527 5546 donationem
3557 5492 3665 5533 seu

2017 5543 2423 5618 venditionem
2465 5543 2804 5618 quamdam
2822 5543 3193 5618 monasterio
3234 5545 3402 5604 Clun.
3437 5546 3663 5606 ifactam

2016 5632 2055 5674 a
2076 5615 2376 5674 Willelmo
2396 5615 2809 5676 Matisconensi
2834 5615 3051 5674 comite
3074 5622 3393 5677 memorat.
