4134 6114
273 107 385 160 857

828 105 1101 162 CAPPIDI
1142 105 1352 163 FRISII
1393 108 1795 168 SACERDOS.
1838 141 1907 153 --
1945 113 2041 168 DE
2080 113 2239 170 VITA
2282 116 2337 172 S.
2384 118 2696 176 ODULPHI
2750 126 3191 185 PRESBYTERI.

3634 133 3741 188 858

271 227 530 325 nomine
564 229 889 325 utrumque
930 226 1136 325 locum
1183 229 1665 325 construximus,
1694 233 1965 290 servituri
1998 241 2045 292 A
2077 237 2335 309 fregerit,
2368 239 2677 299 deterreat
2703 260 2842 303 eum
2866 265 2983 306 vox
3007 250 3529 325 divinaquaedicit:
3551 254 3731 311 Male-

277 319 450 372 sunt.
485 318 564 372 Dc
594 319 808 371 caetero
837 319 963 372 tam
993 315 1274 388 praelatos
1303 333 1504 389 quam
1535 322 1594 374 et
1613 336 1824 378 omnes
1853 322 1968 380 fra-

275 409 424 477 tres,
479 407 804 477 prresentes
851 403 1142 472 videlicet,
1175 409 1234 461 et
1283 404 1548 477 futuros,
1579 423 1691 480 per
1735 412 1965 468 miseri-

277 495 556 552 cordiam
583 493 704 563 Dei,
737 493 841 566 qui
866 508 1132 566 praesens
1155 494 1414 566 respicit,
1462 494 1758 568 deposco,
1782 504 1848 556 ut
1875 501 1966 556 in-

275 589 372 642 ter
395 600 506 640 vos
535 582 901 639 unanimitas
954 581 1036 638 ita
1080 587 1442 655 perseveret,
1478 589 1804 657 quatenus,
1835 605 1966 646 mo-

279 673 438 729 dum
467 671 940 728 conversationis
987 671 1106 726 huc
1137 687 1330 743 usque
1367 675 1698 745 retentum,
1734 681 1856 734 tam
1905 679 1968 734 in

277 759 647 837 psalmodia,
679 777 868 832 quam
906 760 970 816 in
1009 759 1428 817 observatione
1482 761 1724 834 silentii,
1758 766 1858 822 sed
1913 755 1968 822 et

278 851 344 908 in
372 847 658 924 qualitate
688 847 877 904 victus
915 851 973 904 et
1017 848 1285 913 vestitus,
1311 853 1368 906 et
1413 849 1667 923 insuper
1720 854 1783 910 in
1827 870 1976 912 con-.

277 941 518 1011 temptu
561 952 760 993 rerum
791 936 1197 1010 propriarum,
1223 937 1274 994 si
1319 954 1443 994 non
1485 938 1730 1011 melius,
1754 943 1967 1000 saltem

278 1029 440 1084 sicut
460 1027 578 1082 huc
603 1042 792 1098 usque
812 1027 1057 1095 fecistis,
1079 1026 1164 1082 sic
1183 1027 1472 1101 deinceps
1505 1030 1883 1088 custodiatis.
1910 1032 1966 1089 Si

277 1120 506 1176 autem,
527 1114 693 1188 quod
708 1115 882 1183 absit,
907 1114 986 1171 ab
1012 1114 1216 1188 aliquo
1239 1131 1449 1172 eorum
1479 1116 1656 1172 fuerit
1696 1120 1958 1191 pertina-

277 1207 428 1262 citer
440 1203 1144 1277 erratum,praecipimus,
1165 1220 1272 1277 per
1303 1211 1524 1262 sanctae
1563 1209 1795 1278 regulae
1826 1226 1964 1265 auc-

277 1294 601 1363 toritatem,
620 1297 685 1348 ut
704 1293 1013 1365 utriusque
1044 1292 1160 1349 loci
1179 1293 1407 1367 priores
1423 1294 1502 1351 ad
1527 1295 1961 1368 corrigendum

277 1397 550 1440 errorem
579 1380 691 1436 sibi
738 1384 951 1437 mutuo
991 1381 1417 1452 suﬁ‘ragentur.
1445 1383 1503 1441 Si
1547 1383 1686 1456 quis
1731 1390 1959 1458 autem,

277 1470 454 1545 quod
474 1470 648 1539 absit,
670 1470 829 1526 hanc
855 1474 1125 1528 nostram
1156 1471 1593 1529 institutionem
1638 1474 1704 1530 in
1753 1475 1960 1547 aliquo

2077 326 2270 414 dictus
2327 328 2432 399 qui
2476 332 2771 401 transfert
2818 339 3096 394 terminos
3128 342 3399 409 proximi
3425 342 3542 414 sui,
3570 341 3629 397 id
3651 347 3739 398 est

2075 413 2505 473 institutionem
2563 428 3000 494 praaceptorum
3063 443 3310 486 suorum
3360 435 3418 486 et
3485 413 3736 486 conatus

2077 503 2206 574 ejus
2225 504 3117 584 penitusfrustretur.Dispositio
3146 532 3287 573 vero
3317 523 3724 592 nostraque,

2077 597 2143 648 ut
2215 594 2415 666 credo,
2466 613 2573 669 per
2623 598 2972 658 charitatem
3034 605 3347 680 utriusque
3375 609 3521 666 locis
3563 609 3732 681 cupit

2077 697 2206 736 esse
2257 683 2618 751 consultum,
2647 689 2767 743 Deo
2809 688 3182 763 disponente,
3237 699 3294 750 et
3333 697 3511 754 beato
3565 701 3735 753 Petro

2074 772 2484 843 patrocinante
2511 774 2868 835 inconvulsa
2906 787 3278 852 parmaneat.

2149 859 2398 930 Signum
2453 863 2738 922 Bernonis
2793 868 3052 933 abbatis,
3103 871 3208 944 qui
3262 872 3417 930 hanc
3463 876 3733 932 chartam

2074 947 2223 1018 ﬁeri,
2254 952 2312 1004 et
2335 948 2563 1008 firmari
2590 956 2842 1024 rogavit.

2149 1037 2399 1180 Sigtnum
2427 1039 2703 1098 Widonis
2728 1045 3002 1101 moderni
3033 1046 3291 1119 abbatis,
3311 1050 3417 1123 qui
3441 1050 3558 1108 hoc
3588 1066 3733 1105 con-

2149 1141 2236 1179 n31
2267 1169 2279 1180 .

2074 1140 2279 1181 sensu.

2147 1214 2395 1284 Signum
2425 1216 2648 1274 Odonis
2679 1220 2936 1279 abbatis.

2147 1303 2396 1373 Signum
2430 1307 2740 1366 Gcoffredi.

2147 1391 2394 1460 Signum
2427 1397 2874 1456 Wandanberti.

2142 1482 2314 1535 Anno
2343 1486 2582 1553 quarto,
2604 1492 2890 1556 regnante
2918 1491 3230 1566 Radulpho
3259 1510 3417 1564 rego.

3025 1657 3081 1665 ρο.

1885 1653 1922 1654 κέ
1957 1653 2429 1658 ἡ
2447 1653 3081 1665 Ἦη,

1637 1834 1784 1876 ANNO
1818 1835 2019 1877 DOlﬂNl
2052 1836 2376 1886 DCCCCXLIII,

835 2003 1203 2148 CAP
1227 2003 1793 2154 PID‘US
1906 2005 3158 2160 STAVBIENSIS

1663 2207 1934 2264 FRISIUS
1968 2210 2354 2266 SACERDOS.

1788 2321 2150 2336 ψ

1039 2427 1464 2516 ΝΟΤΙΤΙΑ
1523 2427 2122 2517 HISTORICA
2193 2428 2299 2517 IN
2356 2432 2954 2524 CAPPIDUM.

1360 2607 1558 2681 (Apud
1591 2607 1846 2675 Fabric,
1883 2608 2028 2678 Bibl,
2063 2608 2232 2666 med.
2265 2613 2318 2666 et
2345 2610 2448 2668 inf.
2483 2614 2626 2685 Lat.)

1782 2791 2195 2804 —-——u

350 2918 1044 2998 Cappidus__Stav1:iensis,
1073 2917 1628 2998 Ifrisiussacerdos,
1658 2920 1875 2998 auctor
1897 2919 2162 2998 creditur
2183 2922 2338 2998 _Vit_m
2366 2925 2564 2998 sancti
2596 2924 2865 2994 Odulphi
2894 2928 3252 2998 presbyteri,
3287 2929 3391 2998 qui
3429 2929 3587 2986 circa
3613 2948 3718 2989 an-

274 2989 543 3066 num—860
562 2990 723 3056 vixit,
747 2989 998 3066 vulgatae
1021 3005 1057 3066 ᾳ
1081 2989 1252 3066 surio
1274 2995 1336 3066 t2
1356 2989 1534 3066 Junii.
1559 2989 1842 3066 Traditur
1862 2990 2044 3046 etiam
2081 2992 2390 3066 scripsisse
2435 2997 2595 3050 Vitas
2615 2989 2960 3052 sanctorum
2981 2989 3248 3066 Le5uini,

276 3065 511 3122 chelmi.
546 3067 692 3119 Nam
730 3061 804 3116 de
831 3061 1190 3131 Genealogia
1213 3062 1580 3130 principum,
1601 3063 1924 3131 ducumgac
1953 3077 2161 3131 regum

3326 3002 3480 3069 tgeri
3499 3007 3554 3056 et
3576 3004 3713 3060 Ple-
3733 3031 3746 3040 ι

2255 3066 2433 3140 risisti,
2453 3070 2513 3140 et
2549 3067 3268 3140 HistoriaEcctesiastica
3298 3066 3488 3140 gentis
3512 3073 3715 3129 Friso-

275 3137 448 3210 uicae,
474 3150 628 3206 quas
646 3133 698 3188 ei
721 3130 1343 3210 tribuitincendioque
1364 3132 1726 3210 absumptas
1752 3130 1913 3186 dolet
1937 3130 2236 3210 Suifridus
2262 3135 2413 3210 l?etri
2444 3136 2552 3210 (pe
2571 3138 2775 3210 script.
2797 3139 3026 3210 Frisia;
3051 3155 3189 3210 pag.
3215 3130 3327 3208 57):
3352 3141 3526 3197 video
3548 3144 3712 3199 viros

277 3202 635 3262 doctos'non
656 3203 855 3260 minus
872 3219 1059 3276 quam
1080 3202 1154 3258 dc
1176 3202 1380 3259 multis
1401 3202 1530 3258 aliis
1549 3202 1627 3258 ab
1651 3219 1726 3258 eo
1751 3219 1820 3258 ex
1849 3203 2198 3276 antiquitate
2225 3203 2437 3260 ultima
2451 3202 2784 3262 Frisiorum
2796 3208 3032 3279 jactatis
3052 3202 3350 3266 dubitare.

967 3472 1698 3589 CAPPIDI
1788 3473 3001 3595 STAVBIENSIS

1670 3709 1873 3765 FRISIl
1905 3708 2336 3765 SACERDOTIS

701 3902 860 3995 DE
931 3902 1240 3995 VITA
1304 3901 1746 3996 SANCTI
1806 3900 2376 3997 ODULPHI
2433 3905 3275 4000 PRESBYTERI.

1419 4117 1615 4190 (Apud
1664 4116 1927 4187 Surium,
1957 4120 2102 4174 Acta
2135 4117 2229 4173 SS.
2270 4120 2334 4173 t2
2358 4119 2563 4179 Junii).

354 4436 394 4488 l.
410 4433 797 4506 Temporibus
823 4431 1126 4497 Ludovici,
1146 4433 1398 4505 piissimi
1429 4433 1825 4506 imperatoris,
1845 4434 1936 4490 vir

282 4522 522 4594 quidam
538 4521 890 4578 venerabilis
905 4521 1054 4577 fuite
1069 4524 1431 4578 Francorum
1448 4520 1632 4576 nobili
1651 4522 1936 4593 prosapia

283 4614 460 4667 ortus.
505 4610 820 4667 Dicebatur
840 4609 891 4665 is
911 4609 1154 4680 Bodgis,
1176 4615 1232 4666 et
1271 4627 1340 4665 ex
1373 4625 1444 4665 eo
1472 4613 1819 4682 procreatus
1849 4613 1939 4665 est

284 4700 610 4772 Odulphus.
642 4699 772 4767 Qui,
807 4699 983 4754 simul
1010 4703 1189 4772 atque
1236 4715 1267 4755 e
1299 4697 1705 4756 sacratissima
1745 4697 1937 4772 bapti-

233 4834 236 4836 .
283 4790 484 4845 smatis
502 4789 666 4847 unda
691 4793 935 4845 renatus
957 4794 1062 4856 est,
1095 4788 1314 4845 caelesti
1344 4805 1588 4861 quoque
1626 4802 1758 4843 rore
1784 4787 1937 4842 divi-

282 4878 435 4934 nitus
464 4883 552 4935 est
591 4878 890 4948 irrigatus.
939 4879 1125 4933 Porro
1178 4877 1283 4934 ubi
1311 4878 1484 4934 desiit
1531 4876 1612 4932 ad
1665 4880 1936 4932 materna

281 4968 537 5040 pendere
560 4967 1104 5035 ubera,litterarum
1117 4966 1325 5022 studiis
1343 4966 1614 5033 traditus,
1635 4970 1692 5022 et
1713 4965 1934 5022 sanctis

283 5073 350 5113 ac
374 5060 487 5113 Deo
508 5057 736 5114 devotis
756 5056 1123 5127 hominibus,
1138 5059 1203 5111 ut
1231 5055 1310 5111 ab
1338 5055 1455 5112 illis
1478 5054 1771 5110 canonica
1808 5053 1936 5110 reli-

284 5143 452 5213 gione
464 5143 1313 5216 imbueretur,commendatus
1329 5141 1714 5199 est.Pra3stitit
1733 5146 1935 5198 autem

282 5230 362 5286 illi
381 5235 527 5288 Deus
545 5236 772 5290 tantum
796 5231 1171 5289 discernendi
1186 5230 1474 5299 studium,
1488 5233 1840 5300 tantamque
1850 5229 1935 5285 in-

284 5321 434 5390 genii
455 5321 810 5391 facilitatem,
829 5326 895 5378 ut
912 5321 1044 5378 illos
1070 5320 1269 5390 etiam,
1294 5319 1398 5392 qui
1418 5320 1616 5391 ipsum
1638 5321 1808 5373 aetate
1824 5334 1932 5374 an-

282 5409 770 5484 tecedebant,ipse
789 5411 972 5482 longo
994 5413 1130 5482 post
1147 5407 1533 5464 seintervallo
1552 5405 1930 5478 relinqueret,

281 5503 627 5572 astatemque
650 5516 844 5571 suam,
860 5499 996 5557 licet
1015 5497 1189 5555 annis
1209 5496 1472 5553 necdum
1491 5498 1815 5562 maturam,
1847 5494 1932 5551 di-

280 5588 432 5648 vinis
466 5588 809 5666 disciplinis,
845 5595 903 5648 et
949 5585 1340 5659 dogmatibus
1379 5584 1615 5656 egregie
1665 5588 1924 5640 ornaret.

2041 4435 2219 4489 Porro
2241 4447 2382 4488 cum
2403 4436 2574 4490 astate
2589 4434 2847 4490 accrevit
2865 4434 2915 4489 ei
2937 4434 3118 4490 etiam
3139 4433 3432 4507 sapientia
3454 4440 3511 4492 et
3539 4453 3705 4494 sanc-

2042 4522 2194 4588 titas,
2214 4521 2399 4594 idque
2420 4523 2595 4593 adeo,
2618 4526 2683 4578 ut
2702 4522 2795 4592 iis,
2817 4523 2921 4595 qui
2943 4539 3050 4595 per
3067 4523 3129 4578 id
3158 4527 3399 4595 tempus
3432 4529 3548 4581 Deo
3570 4525 3704 4581 reli-

2043 4609 2208 4680 giose
2229 4610 2445 4665 servire
2465 4609 2864 4675 conabantur,
2879 4625 3074 4665 novus
3085 4610 3331 4681 quidem
3355 4611 3593 4667 Samuel
3611 4628 3704 4666 or-

2042 4701 2136 4754 tus
2179 4697 2498 4756 videretur.
2526 4699 2753 4765 Quibus
2800 4713 2944 4754 sane
2987 4698 3139 4754 adeo
3173 4699 3506 4768 gratiosum
3534 4700 3704 4757 illum

2041 4786 2247 4843 divina
2263 4787 2454 4857 gratia
2473 4787 2685 4856 effecit,
2708 4791 2772 4842 ut
2786 4785 3152 4870 unanimiter
3175 4785 3252 4842 ab
3283 4786 3396 4842 illis
3421 4788 3704 4844 omnibus

2042 4879 2343 4932 amaretur
2370 4879 2426 4931 et
2449 4875 2529 4930 ob
2547 4876 2730 4930 vitam
2760 4873 3140 4946 probabilem
3178 4891 3433 4933 summa;
3463 4893 3705 4933 venera-

2040 4963 2185 5019 tioni
2209 4964 2547 5020 haberetur.
2573 4967 2763 5035 Atque
2792 4963 2888 5018 ille
2910 4979 2941 5018 e
2977 4963 3216 5020 diverso
3255 4980 3370 5037 par
3403 4967 3532 5039 pari
3561 4967 3706 5022 refe-

2038 5068 2199 5122 rens,
2216 5053 2446 5108 sincero
2459 5052 2644 5108 animi
2657 5051 2872 5108 affectu
2885 5067 2988 5108 eos
3000 5069 3243 5125 quoque
3255 5053 3594 5124 diligebat.J
3603 5071 3702 5110 am

2038 5157 2180 5197 vero
2199 5157 2350 5213 puer
2363 5141 2678 5212 religiosus
2696 5157 2766 5198 ac
2786 5141 3165 5209 venerabilis,
3188 5142 3250 5197 in
3270 5143 3417 5214 ipsis
3441 5142 3519 5198 ab
3561 5142 3704 5197 ado-

2036 5230 2318 5287 lescentia
2334 5230 2515 5286 initiis
2537 5230 2598 5286 id
2645 5246 2710 5286 se
2747 5229 3023 5287 meditari
3043 5235 3100 5286 et
3142 5234 3421 5302 appetere
3442 5229 3704 5287 declara'

2035 5317 2158 5386 bat,
2182 5317 2348 5390 quod
2367 5318 2759 5390 postmodum
2777 5317 2977 5390 reipsa
3001 5315 3339 5388 complevit,
3353 5332 3474 5372 non
3494 5316 3704 5373 imme-

2037 5423 2170 5471 mor
2204 5406 2360 5462 illius
2409 5407 2696 5462 dominici
2743 5403 3071 5461 sermonis:
3126 5403 3240 5469 Qui
3263 5411 3428 5461 amat
3465 5412 3701 5474 patrem

2033 5497 2350 5567 plusquam
2369 5510 2478 5564 me,
2491 5510 2612 5552 non
2629 5501 2713 5551 est
2740 5509 2832 5549 me
2873 5492 3091 5562 dignus
3115 5492 3361 5562 (Matth.
3387 5495 3476 5565 x);
3533 5495 3702 5550 item-

2032 5599 2151 5657 que
2177 5601 2189 5639 :
2225 5585 2340 5652 Qui
2348 5585 2479 5640 vult
2497 5589 2628 5652 post
2640 5597 2731 5638 me
2747 5578 3222 5650 venire,abneget
3238 5581 3705 5650 semetipsum,et
