  <div class='ocr_page' id='page_1' title='image "/cluster/home/n/w/nwhite01/storage/ocr_20150623/133/hvd.32044054759949/435.png"; bbox 0 0 4090 6122; ppageno 0'>
   <div class='ocr_carea' id='block_1_1' title="bbox 445 159 552 218">
    <p class='ocr_par' dir='ltr' id='par_1_1' title="bbox 445 159 552 218">
     <span class='ocr_line' id='line_1_1' title="bbox 445 159 552 218; baseline -0.019 0"><span class='ocrx_word' id='word_1_1' title='bbox 445 159 552 218; x_wconf 82' lang='lat'><strong>859</strong></span> 
     </span>
    </p>
   </div>
   <div class='ocr_carea' id='block_1_2' title="bbox 1660 149 2642 213">
    <p class='ocr_par' dir='ltr' id='par_1_2' title="bbox 1660 149 2642 213">
     <span class='ocr_line' id='line_1_2' title="bbox 1660 149 2642 213; baseline 0 0"><span class='ocrx_word' id='word_1_2' title='bbox 1660 154 1932 213; x_wconf 76' lang='lat' dir='ltr'><strong>CAPPIDI</strong></span> <span class='ocrx_word' id='word_1_3' title='bbox 1973 149 2176 212; x_wconf 80' lang='lat' dir='ltr'><strong>FRISII</strong></span> <span class='ocrx_word' id='word_1_4' title='bbox 2211 151 2642 213; x_wconf 68' lang='lat' dir='ltr'><strong>SACERDOTIS</strong></span> 
     </span>
    </p>
   </div>
   <div class='ocr_carea' id='block_1_3' title="bbox 3771 151 3884 206">
    <p class='ocr_par' dir='ltr' id='par_1_3' title="bbox 3771 151 3884 206">
     <span class='ocr_line' id='line_1_3' title="bbox 3771 151 3884 206; baseline 0 -1"><span class='ocrx_word' id='word_1_5' title='bbox 3771 151 3884 206; x_wconf 76' lang='lat'><strong>860</strong></span> 
     </span>
    </p>
   </div>
   <div class='ocr_carea' id='block_1_4' title="bbox 445 271 3880 352">
    <p class='ocr_par' dir='ltr' id='par_1_4' title="bbox 445 271 3880 352">
     <span class='ocr_line' id='line_1_4' title="bbox 445 271 3880 352; baseline -0.003 -13"><span class='ocrx_word' id='word_1_6' title='bbox 445 283 620 340; x_wconf 80' lang='lat' dir='ltr'><strong>tollat</strong></span> <span class='ocrx_word' id='word_1_7' title='bbox 643 295 874 338; x_wconf 81' lang='lat' dir='ltr'><strong>crucem</strong></span> <span class='ocrx_word' id='word_1_8' title='bbox 904 295 1075 336; x_wconf 79' lang='lat' dir='ltr'><strong>suam</strong></span> <span class='ocrx_word' id='word_1_9' title='bbox 1095 279 1375 350; x_wconf 74' lang='lat' dir='ltr'><strong>quotidie,</strong></span> <span class='ocrx_word' id='word_1_10' title='bbox 1399 285 1456 336; x_wconf 88' lang='lat' dir='ltr'><strong>et</strong></span> <span class='ocrx_word' id='word_1_11' title='bbox 1485 283 1774 352; x_wconf 79' lang='lat' dir='ltr'><strong>sequatur</strong></span> <span class='ocrx_word' id='word_1_12' title='bbox 1799 293 1892 335; x_wconf 86' lang='lat' dir='ltr'><strong>me</strong></span> <span class='ocrx_word' id='word_1_13' title='bbox 1929 277 2097 349; x_wconf 88' lang='lat' dir='ltr'><strong>(Luc.</strong></span> <span class='ocrx_word' id='word_1_14' title='bbox 2138 273 2186 334; x_wconf 76' lang='grc' dir='ltr'><strong>Α</strong></span> <span class='ocrx_word' id='word_1_15' title='bbox 2217 277 2500 336; x_wconf 80' lang='lat' dir='ltr'><strong>Omnibus</strong></span> <span class='ocrx_word' id='word_1_16' title='bbox 2519 280 2675 336; x_wconf 76' lang='lat' dir='ltr'><strong>enim</strong></span> <span class='ocrx_word' id='word_1_17' title='bbox 2696 277 2896 334; x_wconf 78' lang='lat' dir='ltr'><strong>omnia</strong></span> <span class='ocrx_word' id='word_1_18' title='bbox 2921 277 3126 347; x_wconf 79' lang='lat' dir='ltr'><strong>factus</strong></span> <span class='ocrx_word' id='word_1_19' title='bbox 3151 289 3253 332; x_wconf 89' lang='lat' dir='ltr'><strong>era</strong></span> <span class='ocrx_word' id='word_1_20' title='bbox 3301 279 3442 330; x_wconf 84' lang='lat' dir='ltr'><strong>cum</strong></span> <span class='ocrx_word' id='word_1_21' title='bbox 3469 273 3790 347; x_wconf 81' lang='lat' dir='ltr'><strong>Apostolo,</strong></span> <span class='ocrx_word' id='word_1_22' title='bbox 3821 271 3880 330; x_wconf 69' lang='grc' dir='ltr'><strong>ιιι</strong></span> 
     </span>
    </p>
   </div>
   <div class='ocr_carea' id='block_1_5' title="bbox 443 367 2104 443">
    <p class='ocr_par' dir='ltr' id='par_1_5' title="bbox 443 367 2104 443">
     <span class='ocr_line' id='line_1_5' title="bbox 443 367 2104 443; baseline -0.002 -17"><span class='ocrx_word' id='word_1_23' title='bbox 443 371 544 443; x_wconf 71' lang='lat' dir='ltr'><strong>Iir).</strong></span> <span class='ocrx_word' id='word_1_24' title='bbox 569 373 830 436; x_wconf 89' lang='lat' dir='ltr'><strong>Quorum</strong></span> <span class='ocrx_word' id='word_1_25' title='bbox 857 367 952 425; x_wconf 89' lang='lat' dir='ltr'><strong>ille</strong></span> <span class='ocrx_word' id='word_1_26' title='bbox 984 369 1182 424; x_wconf 91' lang='lat' dir='ltr'><strong>adhuc</strong></span> <span class='ocrx_word' id='word_1_27' title='bbox 1209 383 1362 442; x_wconf 90' lang='lat' dir='ltr'><strong>puer</strong></span> <span class='ocrx_word' id='word_1_28' title='bbox 1403 369 1612 424; x_wconf 90' lang='lat' dir='ltr'><strong>crebro</strong></span> <span class='ocrx_word' id='word_1_29' title='bbox 1644 383 1895 434; x_wconf 89' lang='lat' dir='ltr'><strong>memor,</strong></span> <span class='ocrx_word' id='word_1_30' title='bbox 1920 371 1976 425; x_wconf 86' lang='lat' dir='ltr'><strong>et</strong></span> <span class='ocrx_word' id='word_1_31' title='bbox 2007 367 2104 423; x_wconf 86' lang='lat' dir='ltr'><strong>die</strong></span> 
     </span>
    </p>
   </div>
   <div class='ocr_carea' id='block_1_6' title="bbox 445 457 2103 532">
    <p class='ocr_par' dir='ltr' id='par_1_6' title="bbox 445 457 2103 532">
     <span class='ocr_line' id='line_1_6' title="bbox 445 457 2103 532; baseline -0.002 -17"><span class='ocrx_word' id='word_1_32' title='bbox 445 477 513 516; x_wconf 91' lang='lat' dir='ltr'><strong>ac</strong></span> <span class='ocrx_word' id='word_1_33' title='bbox 542 461 713 515; x_wconf 91' lang='lat' dir='ltr'><strong>nocte</strong></span> <span class='ocrx_word' id='word_1_34' title='bbox 737 473 895 532; x_wconf 65' lang='lat' dir='ltr'><strong>saepe</strong></span> <span class='ocrx_word' id='word_1_35' title='bbox 911 459 1012 515; x_wconf 90' lang='lat' dir='ltr'><strong>illa</strong></span> <span class='ocrx_word' id='word_1_36' title='bbox 1033 460 1244 515; x_wconf 92' lang='lat' dir='ltr'><strong>tacitus</strong></span> <span class='ocrx_word' id='word_1_37' title='bbox 1262 471 1466 514; x_wconf 88' lang='lat' dir='ltr'><strong>secum</strong></span> <span class='ocrx_word' id='word_1_38' title='bbox 1487 459 1820 524; x_wconf 87' lang='lat' dir='ltr'><strong>revolvens,</strong></span> <span class='ocrx_word' id='word_1_39' title='bbox 1843 457 1956 530; x_wconf 91' lang='lat' dir='ltr'><strong>piis</strong></span> <span class='ocrx_word' id='word_1_40' title='bbox 1978 473 2103 512; x_wconf 90' lang='lat' dir='ltr'><strong>mo-</strong></span> 
     </span>
    </p>
   </div>
   <div class='ocr_carea' id='block_1_7' title="bbox 441 547 2104 621">
    <p class='ocr_par' dir='ltr' id='par_1_7' title="bbox 441 547 2104 621">
     <span class='ocr_line' id='line_1_7' title="bbox 441 547 2104 621; baseline -0.002 -15"><span class='ocrx_word' id='word_1_41' title='bbox 441 547 609 606; x_wconf 89' lang='lat' dir='ltr'><strong>ribus</strong></span> <span class='ocrx_word' id='word_1_42' title='bbox 625 551 682 605; x_wconf 92' lang='lat' dir='ltr'><strong>et</strong></span> <span class='ocrx_word' id='word_1_43' title='bbox 711 549 932 606; x_wconf 84' lang='lat' dir='ltr'><strong>sanctis</strong></span> <span class='ocrx_word' id='word_1_44' title='bbox 952 547 1238 620; x_wconf 79' lang='lat' dir='ltr'><strong>operibus</strong></span> <span class='ocrx_word' id='word_1_45' title='bbox 1264 547 1442 620; x_wconf 84' lang='lat' dir='ltr'><strong>plane</strong></span> <span class='ocrx_word' id='word_1_46' title='bbox 1469 547 1633 621; x_wconf 88' lang='lat' dir='ltr'><strong>apud</strong></span> <span class='ocrx_word' id='word_1_47' title='bbox 1666 563 1729 603; x_wconf 90' lang='lat' dir='ltr'><strong>se</strong></span> <span class='ocrx_word' id='word_1_48' title='bbox 1760 547 1961 603; x_wconf 84' lang='lat' dir='ltr'><strong>statuit</strong></span> <span class='ocrx_word' id='word_1_49' title='bbox 1985 549 2104 603; x_wconf 92' lang='lat' dir='ltr'><strong>Deo</strong></span> 
     </span>
    </p>
   </div>
   <div class='ocr_carea' id='block_1_8' title="bbox 441 636 2106 712">
    <p class='ocr_par' dir='ltr' id='par_1_8' title="bbox 441 636 2106 712">
     <span class='ocr_line' id='line_1_8' title="bbox 441 636 2106 712; baseline -0.002 -17"><span class='ocrx_word' id='word_1_50' title='bbox 441 643 730 712; x_wconf 84' lang='lat' dir='ltr'><strong>perpetuo</strong></span> <span class='ocrx_word' id='word_1_51' title='bbox 764 637 1003 709; x_wconf 80' lang='lat' dir='ltr'><strong>servire,</strong></span> <span class='ocrx_word' id='word_1_52' title='bbox 1036 637 1402 710; x_wconf 88' lang='lat' dir='ltr'><strong>spiritalique</strong></span> <span class='ocrx_word' id='word_1_53' title='bbox 1433 637 1606 693; x_wconf 83' lang='lat' dir='ltr'><strong>matri</strong></span> <span class='ocrx_word' id='word_1_54' title='bbox 1661 639 1878 693; x_wconf 77' lang='lat' dir='ltr'><strong>sanctae</strong></span> <span class='ocrx_word' id='word_1_55' title='bbox 1915 636 2106 692; x_wconf 88' lang='lat' dir='ltr'><strong>Eccle-</strong></span> 
     </span>
    </p>
   </div>
   <div class='ocr_carea' id='block_1_9' title="bbox 445 725 1401 800">
    <p class='ocr_par' dir='ltr' id='par_1_9' title="bbox 445 725 1401 800">
     <span class='ocr_line' id='line_1_9' title="bbox 445 725 1401 800; baseline -0.001 -18"><span class='ocrx_word' id='word_1_56' title='bbox 445 725 545 782; x_wconf 74' lang='lat' dir='ltr'><strong>siie</strong></span> <span class='ocrx_word' id='word_1_57' title='bbox 567 725 1044 800; x_wconf 83' lang='lat' dir='ltr'><strong>inseparabiliter</strong></span> <span class='ocrx_word' id='word_1_58' title='bbox 1073 725 1401 782; x_wconf 71' lang='lat' dir='ltr'><strong>adhaarere.</strong></span> 
     </span>
    </p>
   </div>
   <div class='ocr_carea' id='block_1_10' title="bbox 515 813 2104 889">
    <p class='ocr_par' dir='ltr' id='par_1_10' title="bbox 515 813 2104 889">
     <span class='ocr_line' id='line_1_10' title="bbox 515 813 2104 889; baseline 0.001 -20"><span class='ocrx_word' id='word_1_59' title='bbox 515 817 582 871; x_wconf 91' lang='lat' dir='ltr'><strong>II.</strong></span> <span class='ocrx_word' id='word_1_60' title='bbox 616 817 822 889; x_wconf 86' lang='lat' dir='ltr'><strong>Itaque</strong></span> <span class='ocrx_word' id='word_1_61' title='bbox 853 819 1096 871; x_wconf 91' lang='lat' dir='ltr'><strong>sanctus</strong></span> <span class='ocrx_word' id='word_1_62' title='bbox 1120 813 1497 884; x_wconf 87' lang='lat' dir='ltr'><strong>adolescens,</strong></span> <span class='ocrx_word' id='word_1_63' title='bbox 1526 815 1667 872; x_wconf 90' lang='lat' dir='ltr'><strong>viris</strong></span> <span class='ocrx_word' id='word_1_64' title='bbox 1693 815 1938 888; x_wconf 88' lang='lat' dir='ltr'><strong>quidem</strong></span> <span class='ocrx_word' id='word_1_65' title='bbox 1969 829 2104 888; x_wconf 77' lang='lat' dir='ltr'><strong>pro-</strong></span> 
     </span>
    </p>
   </div>
   <div class='ocr_carea' id='block_1_11' title="bbox 443 903 2103 976">
    <p class='ocr_par' dir='ltr' id='par_1_11' title="bbox 443 903 2103 976">
     <span class='ocr_line' id='line_1_11' title="bbox 443 903 2103 976; baseline -0.001 -16"><span class='ocrx_word' id='word_1_66' title='bbox 443 903 600 960; x_wconf 88' lang='lat' dir='ltr'><strong>batis</strong></span> <span class='ocrx_word' id='word_1_67' title='bbox 631 903 928 976; x_wconf 87' lang='lat' dir='ltr'><strong>imprimis</strong></span> <span class='ocrx_word' id='word_1_68' title='bbox 959 903 1176 974; x_wconf 88' lang='lat' dir='ltr'><strong>clarus,</strong></span> <span class='ocrx_word' id='word_1_69' title='bbox 1211 905 1314 959; x_wconf 92' lang='lat' dir='ltr'><strong>sed</strong></span> <span class='ocrx_word' id='word_1_70' title='bbox 1345 907 1548 959; x_wconf 89' lang='lat' dir='ltr'><strong>tamen</strong></span> <span class='ocrx_word' id='word_1_71' title='bbox 1581 905 1689 960; x_wconf 90' lang='lat' dir='ltr'><strong>soli</strong></span> <span class='ocrx_word' id='word_1_72' title='bbox 1733 908 1852 960; x_wconf 92' lang='lat' dir='ltr'><strong>Deo</strong></span> <span class='ocrx_word' id='word_1_73' title='bbox 1884 904 2103 960; x_wconf 85' lang='lat' dir='ltr'><strong>servire</strong></span> 
     </span>
    </p>
   </div>
   <div class='ocr_carea' id='block_1_12' title="bbox 447 993 2105 1067">
    <p class='ocr_par' dir='ltr' id='par_1_12' title="bbox 447 993 2105 1067">
     <span class='ocr_line' id='line_1_12' title="bbox 447 993 2105 1067; baseline 0.001 -20"><span class='ocrx_word' id='word_1_74' title='bbox 447 993 748 1055; x_wconf 88' lang='lat' dir='ltr'><strong>sollicitus,</strong></span> <span class='ocrx_word' id='word_1_75' title='bbox 783 1009 889 1066; x_wconf 90' lang='lat' dir='ltr'><strong>per</strong></span> <span class='ocrx_word' id='word_1_76' title='bbox 918 995 1202 1049; x_wconf 89' lang='lat' dir='ltr'><strong>virtutum</strong></span> <span class='ocrx_word' id='word_1_77' title='bbox 1253 993 1476 1064; x_wconf 81' lang='lat' dir='ltr'><strong>gradus</strong></span> <span class='ocrx_word' id='word_1_78' title='bbox 1509 1009 1748 1067; x_wconf 82' lang='lat' dir='ltr'><strong>semper</strong></span> <span class='ocrx_word' id='word_1_79' title='bbox 1795 994 1874 1049; x_wconf 88' lang='lat' dir='ltr'><strong>ad</strong></span> <span class='ocrx_word' id='word_1_80' title='bbox 1925 993 2105 1049; x_wconf 83' lang='lat' dir='ltr'><strong>subli~</strong></span> 
     </span>
    </p>
   </div>
   <div class='ocr_carea' id='block_1_13' title="bbox 446 1081 2104 1155">
    <p class='ocr_par' dir='ltr' id='par_1_13' title="bbox 446 1081 2104 1155">
     <span class='ocr_line' id='line_1_13' title="bbox 446 1081 2104 1155; baseline 0.001 -19"><span class='ocrx_word' id='word_1_81' title='bbox 446 1082 640 1140; x_wconf 90' lang='lat' dir='ltr'><strong>miora</strong></span> <span class='ocrx_word' id='word_1_82' title='bbox 685 1083 942 1150; x_wconf 86' lang='lat' dir='ltr'><strong>tetendit,</strong></span> <span class='ocrx_word' id='word_1_83' title='bbox 985 1081 1176 1138; x_wconf 89' lang='lat' dir='ltr'><strong>donec</strong></span> <span class='ocrx_word' id='word_1_84' title='bbox 1233 1083 1295 1138; x_wconf 92' lang='lat' dir='ltr'><strong>in</strong></span> <span class='ocrx_word' id='word_1_85' title='bbox 1347 1083 1544 1139; x_wconf 85' lang='lat' dir='ltr'><strong>virum</strong></span> <span class='ocrx_word' id='word_1_86' title='bbox 1595 1083 1926 1155; x_wconf 84' lang='lat' dir='ltr'><strong>perfectum</strong></span> <span class='ocrx_word' id='word_1_87' title='bbox 1973 1099 2104 1138; x_wconf 90' lang='lat' dir='ltr'><strong>eva-</strong></span> 
     </span>
    </p>
   </div>
   <div class='ocr_carea' id='block_1_14' title="bbox 447 1171 2104 1244">
    <p class='ocr_par' dir='ltr' id='par_1_14' title="bbox 447 1171 2104 1244">
     <span class='ocr_line' id='line_1_14' title="bbox 447 1171 2104 1244; baseline 0.001 -19"><span class='ocrx_word' id='word_1_88' title='bbox 447 1171 628 1226; x_wconf 85' lang='lat' dir='ltr'><strong>deret.</strong></span> <span class='ocrx_word' id='word_1_89' title='bbox 685 1174 933 1227; x_wconf 82' lang='lat' dir='ltr'><strong>Mentem</strong></span> <span class='ocrx_word' id='word_1_90' title='bbox 985 1175 1194 1244; x_wconf 89' lang='lat' dir='ltr'><strong>atque-</strong></span> <span class='ocrx_word' id='word_1_91' title='bbox 1228 1173 1523 1240; x_wconf 90' lang='lat' dir='ltr'><strong>animum,</strong></span> <span class='ocrx_word' id='word_1_92' title='bbox 1580 1171 2104 1244; x_wconf 87' lang='lat' dir='ltr'><strong>quemadmodum</strong></span> 
     </span>
    </p>
   </div>
   <div class='ocr_carea' id='block_1_15' title="bbox 447 1259 2106 1330">
    <p class='ocr_par' dir='ltr' id='par_1_15' title="bbox 447 1259 2106 1330">
     <span class='ocr_line' id='line_1_15' title="bbox 447 1259 2106 1330; baseline 0.001 -16"><span class='ocrx_word' id='word_1_93' title='bbox 447 1260 637 1315; x_wconf 89' lang='lat' dir='ltr'><strong>solent</strong></span> <span class='ocrx_word' id='word_1_94' title='bbox 663 1259 846 1316; x_wconf 86' lang='lat' dir='ltr'><strong>sancti</strong></span> <span class='ocrx_word' id='word_1_95' title='bbox 879 1261 1174 1330; x_wconf 89' lang='lat' dir='ltr'><strong>homines,</strong></span> <span class='ocrx_word' id='word_1_96' title='bbox 1207 1259 1286 1316; x_wconf 89' lang='lat' dir='ltr'><strong>ad</strong></span> <span class='ocrx_word' id='word_1_97' title='bbox 1317 1261 1579 1318; x_wconf 61' lang='lat' dir='ltr'><strong>caelestia</strong></span> <span class='ocrx_word' id='word_1_98' title='bbox 1601 1261 1969 1318; x_wconf 84' lang='lat' dir='ltr'><strong>continenter</strong></span> <span class='ocrx_word' id='word_1_99' title='bbox 1998 1261 2106 1316; x_wconf 88' lang='lat' dir='ltr'><strong>eri-</strong></span> 
     </span>
    </p>
   </div>
   <div class='ocr_carea' id='block_1_16' title="bbox 447 1347 2104 1423">
    <p class='ocr_par' dir='ltr' id='par_1_16' title="bbox 447 1347 2104 1423">
     <span class='ocr_line' id='line_1_16' title="bbox 447 1347 2104 1423; baseline 0 -19"><span class='ocrx_word' id='word_1_100' title='bbox 447 1364 605 1418; x_wconf 84' lang='lat' dir='ltr'><strong>gere,</strong></span> <span class='ocrx_word' id='word_1_101' title='bbox 637 1351 693 1404; x_wconf 92' lang='lat' dir='ltr'><strong>et</strong></span> <span class='ocrx_word' id='word_1_102' title='bbox 717 1349 1042 1404; x_wconf 71' lang='lat' dir='ltr'><strong>mundanae</strong></span> <span class='ocrx_word' id='word_1_103' title='bbox 1075 1350 1354 1406; x_wconf 86' lang='lat' dir='ltr'><strong>vanitatis</strong></span> <span class='ocrx_word' id='word_1_104' title='bbox 1383 1367 1453 1406; x_wconf 90' lang='lat' dir='ltr'><strong>ae</strong></span> <span class='ocrx_word' id='word_1_105' title='bbox 1479 1365 1720 1423; x_wconf 60' lang='lat' dir='ltr'><strong>pompas</strong></span> <span class='ocrx_word' id='word_1_106' title='bbox 1768 1349 1964 1406; x_wconf 88' lang='lat' dir='ltr'><strong>inanis</strong></span> <span class='ocrx_word' id='word_1_107' title='bbox 1993 1347 2104 1405; x_wconf 89' lang='lat' dir='ltr'><strong>illi-</strong></span> 
     </span>
    </p>
   </div>
   <div class='ocr_carea' id='block_1_17' title="bbox 445 1437 2108 1510">
    <p class='ocr_par' dir='ltr' id='par_1_17' title="bbox 445 1437 2108 1510">
     <span class='ocr_line' id='line_1_17' title="bbox 445 1437 2108 1510; baseline 0.002 -19"><span class='ocrx_word' id='word_1_108' title='bbox 445 1437 653 1493; x_wconf 88' lang='lat' dir='ltr'><strong>cebras</strong></span> <span class='ocrx_word' id='word_1_109' title='bbox 685 1437 983 1493; x_wconf 85' lang='lat' dir='ltr'><strong>declinare</strong></span> <span class='ocrx_word' id='word_1_110' title='bbox 1015 1438 1235 1501; x_wconf 88' lang='lat' dir='ltr'><strong>statuit,</strong></span> <span class='ocrx_word' id='word_1_111' title='bbox 1267 1443 1332 1494; x_wconf 92' lang='lat' dir='ltr'><strong>ut</strong></span> <span class='ocrx_word' id='word_1_112' title='bbox 1361 1437 1422 1493; x_wconf 91' lang='lat' dir='ltr'><strong>in</strong></span> <span class='ocrx_word' id='word_1_113' title='bbox 1453 1437 1619 1494; x_wconf 88' lang='lat' dir='ltr'><strong>illum</strong></span> <span class='ocrx_word' id='word_1_114' title='bbox 1663 1455 1906 1510; x_wconf 88' lang='lat' dir='ltr'><strong>quoque</strong></span> <span class='ocrx_word' id='word_1_115' title='bbox 1947 1454 2108 1494; x_wconf 89' lang='lat' dir='ltr'><strong>com-</strong></span> 
     </span>
    </p>
   </div>
   <div class='ocr_carea' id='block_1_18' title="bbox 445 1525 2108 1599">
    <p class='ocr_par' dir='ltr' id='par_1_18' title="bbox 445 1525 2108 1599">
     <span class='ocr_line' id='line_1_18' title="bbox 445 1525 2108 1599; baseline 0.002 -19"><span class='ocrx_word' id='word_1_116' title='bbox 445 1529 685 1597; x_wconf 84' lang='lat' dir='ltr'><strong>peteret,</strong></span> <span class='ocrx_word' id='word_1_117' title='bbox 714 1525 964 1599; x_wconf 82' lang='lat' dir='ltr'><strong>quodin</strong></span> <span class='ocrx_word' id='word_1_118' title='bbox 989 1525 1228 1598; x_wconf 88' lang='lat' dir='ltr'><strong>psalmo</strong></span> <span class='ocrx_word' id='word_1_119' title='bbox 1257 1527 1506 1596; x_wconf 79' lang='lat' dir='ltr'><strong>legitur:</strong></span> <span class='ocrx_word' id='word_1_120' title='bbox 1549 1528 1728 1583; x_wconf 85' lang='lat' dir='ltr'><strong>Ibant</strong></span> <span class='ocrx_word' id='word_1_121' title='bbox 1769 1527 1839 1582; x_wconf 81' lang='lat' dir='ltr'><strong>de</strong></span> <span class='ocrx_word' id='word_1_122' title='bbox 1887 1529 2108 1583; x_wconf 75' lang='lat' dir='ltr'><strong>virtute</strong></span> 
     </span>
    </p>
   </div>
   <div class='ocr_carea' id='block_1_19' title="bbox 2213 365 3477 438">
    <p class='ocr_par' dir='ltr' id='par_1_19' title="bbox 2213 365 3477 438">
     <span class='ocr_line' id='line_1_19' title="bbox 2213 365 3477 438; baseline -0.006 -12"><span class='ocrx_word' id='word_1_123' title='bbox 2213 385 2412 426; x_wconf 85' lang='lat' dir='ltr'><strong>omnes</strong></span> <span class='ocrx_word' id='word_1_124' title='bbox 2439 369 2678 426; x_wconf 72' lang='lat' dir='ltr'><strong>Christo</strong></span> <span class='ocrx_word' id='word_1_125' title='bbox 2711 367 3098 438; x_wconf 76' lang='lat' dir='ltr'><strong>lucrifaceret</strong></span> <span class='ocrx_word' id='word_1_126' title='bbox 3129 367 3184 436; x_wconf 79' lang='grc' dir='ltr'><strong>(Ι</strong></span> <span class='ocrx_word' id='word_1_127' title='bbox 3213 365 3350 422; x_wconf 86' lang='lat' dir='ltr'><strong>Cor.</strong></span> <span class='ocrx_word' id='word_1_128' title='bbox 3378 367 3477 436; x_wconf 76' lang='lat' dir='ltr'><strong>nr).</strong></span> 
     </span>
    </p>
   </div>
   <div class='ocr_carea' id='block_1_20' title="bbox 2283 453 3878 531">
    <p class='ocr_par' dir='ltr' id='par_1_20' title="bbox 2283 453 3878 531">
     <span class='ocr_line' id='line_1_20' title="bbox 2283 453 3878 531; baseline -0.004 -17"><span class='ocrx_word' id='word_1_129' title='bbox 2283 459 2371 514; x_wconf 81' lang='lat' dir='ltr'><strong>IV.</strong></span> <span class='ocrx_word' id='word_1_130' title='bbox 2391 461 2471 515; x_wconf 88' lang='lat' dir='ltr'><strong>Ea</strong></span> <span class='ocrx_word' id='word_1_131' title='bbox 2499 459 2852 531; x_wconf 88' lang='lat' dir='ltr'><strong>tempestate</strong></span> <span class='ocrx_word' id='word_1_132' title='bbox 2875 455 3187 523; x_wconf 88' lang='lat' dir='ltr'><strong>Frisiones,</strong></span> <span class='ocrx_word' id='word_1_133' title='bbox 3231 455 3508 511; x_wconf 86' lang='lat' dir='ltr'><strong>homines</strong></span> <span class='ocrx_word' id='word_1_134' title='bbox 3535 453 3792 516; x_wconf 82' lang='lat' dir='ltr'><strong>feroces,</strong></span> <span class='ocrx_word' id='word_1_135' title='bbox 3827 453 3878 508; x_wconf 86' lang='lat' dir='ltr'><strong>in</strong></span> 
     </span>
    </p>
   </div>
   <div class='ocr_carea' id='block_1_21' title="bbox 2211 541 3882 620">
    <p class='ocr_par' dir='ltr' id='par_1_21' title="bbox 2211 541 3882 620">
     <span class='ocr_line' id='line_1_21' title="bbox 2211 541 3882 620; baseline -0.004 -17"><span class='ocrx_word' id='word_1_136' title='bbox 2211 550 2335 603; x_wconf 90' lang='lat' dir='ltr'><strong>tam</strong></span> <span class='ocrx_word' id='word_1_137' title='bbox 2355 545 2548 604; x_wconf 84' lang='lat' dir='ltr'><strong>fcedos</strong></span> <span class='ocrx_word' id='word_1_138' title='bbox 2571 552 2740 604; x_wconf 88' lang='lat' dir='ltr'><strong>erant</strong></span> <span class='ocrx_word' id='word_1_139' title='bbox 2758 545 3022 620; x_wconf 87' lang='lat' dir='ltr'><strong>prolapsi</strong></span> <span class='ocrx_word' id='word_1_140' title='bbox 3043 557 3292 612; x_wconf 86' lang='lat' dir='ltr'><strong>errores,</strong></span> <span class='ocrx_word' id='word_1_141' title='bbox 3347 547 3410 600; x_wconf 90' lang='lat' dir='ltr'><strong>ut</strong></span> <span class='ocrx_word' id='word_1_142' title='bbox 3439 543 3490 600; x_wconf 92' lang='lat' dir='ltr'><strong>is</strong></span> <span class='ocrx_word' id='word_1_143' title='bbox 3519 557 3708 615; x_wconf 84' lang='lat' dir='ltr'><strong>quem</strong></span> <span class='ocrx_word' id='word_1_144' title='bbox 3737 541 3882 598; x_wconf 76' lang='lat' dir='ltr'><strong>dixi-</strong></span> 
     </span>
    </p>
   </div>
   <div class='ocr_carea' id='block_1_22' title="bbox 2213 633 3882 710">
    <p class='ocr_par' dir='ltr' id='par_1_22' title="bbox 2213 633 3882 710">
     <span class='ocr_line' id='line_1_22' title="bbox 2213 633 3882 710; baseline -0.004 -18"><span class='ocrx_word' id='word_1_145' title='bbox 2213 651 2348 692; x_wconf 89' lang='lat' dir='ltr'><strong>mus</strong></span> <span class='ocrx_word' id='word_1_146' title='bbox 2368 635 2708 709; x_wconf 87' lang='lat' dir='ltr'><strong>episcopus,</strong></span> <span class='ocrx_word' id='word_1_147' title='bbox 2728 647 2924 708; x_wconf 88' lang='lat' dir='ltr'><strong>neque</strong></span> <span class='ocrx_word' id='word_1_148' title='bbox 2943 649 3054 708; x_wconf 86' lang='lat' dir='ltr'><strong>per</strong></span> <span class='ocrx_word' id='word_1_149' title='bbox 3077 633 3363 710; x_wconf 89' lang='lat' dir='ltr'><strong>seipsum,</strong></span> <span class='ocrx_word' id='word_1_150' title='bbox 3383 647 3584 706; x_wconf 89' lang='lat' dir='ltr'><strong>neque</strong></span> <span class='ocrx_word' id='word_1_151' title='bbox 3603 647 3718 705; x_wconf 88' lang='lat' dir='ltr'><strong>per</strong></span> <span class='ocrx_word' id='word_1_152' title='bbox 3745 647 3882 686; x_wconf 82' lang='lat' dir='ltr'><strong>suos</strong></span> 
     </span>
    </p>
   </div>
   <div class='ocr_carea' id='block_1_23' title="bbox 2211 723 3878 797">
    <p class='ocr_par' dir='ltr' id='par_1_23' title="bbox 2211 723 3878 797">
     <span class='ocr_line' id='line_1_23' title="bbox 2211 723 3878 797; baseline -0.002 -15"><span class='ocrx_word' id='word_1_153' title='bbox 2211 725 2666 782; x_wconf 88' lang='lat' dir='ltr'><strong>archidiaconos</strong></span> <span class='ocrx_word' id='word_1_154' title='bbox 2686 741 2788 782; x_wconf 90' lang='lat' dir='ltr'><strong>eos</strong></span> <span class='ocrx_word' id='word_1_155' title='bbox 2809 727 3014 797; x_wconf 88' lang='lat' dir='ltr'><strong>posset</strong></span> <span class='ocrx_word' id='word_1_156' title='bbox 3031 727 3091 780; x_wconf 87' lang='lat' dir='ltr'><strong>in</strong></span> <span class='ocrx_word' id='word_1_157' title='bbox 3105 725 3268 780; x_wconf 89' lang='lat' dir='ltr'><strong>viam</strong></span> <span class='ocrx_word' id='word_1_158' title='bbox 3283 723 3552 779; x_wconf 66' lang='lat' dir='ltr'><strong>veritat5s</strong></span> <span class='ocrx_word' id='word_1_159' title='bbox 3569 735 3878 778; x_wconf 82' lang='lat' dir='ltr'><strong>revocare.</strong></span> 
     </span>
    </p>
   </div>
   <div class='ocr_carea' id='block_1_24' title="bbox 2213 811 3886 887">
    <p class='ocr_par' dir='ltr' id='par_1_24' title="bbox 2213 811 3886 887">
     <span class='ocr_line' id='line_1_24' title="bbox 2213 811 3886 887; baseline -0.002 -19"><span class='ocrx_word' id='word_1_160' title='bbox 2213 813 2416 886; x_wconf 88' lang='lat' dir='ltr'><strong>Itaque</strong></span> <span class='ocrx_word' id='word_1_161' title='bbox 2427 814 2647 871; x_wconf 86' lang='lat' dir='ltr'><strong>litteras</strong></span> <span class='ocrx_word' id='word_1_162' title='bbox 2668 829 2774 887; x_wconf 89' lang='lat' dir='ltr'><strong>per</strong></span> <span class='ocrx_word' id='word_1_163' title='bbox 2788 813 3099 869; x_wconf 88' lang='lat' dir='ltr'><strong>hominem</strong></span> <span class='ocrx_word' id='word_1_164' title='bbox 3119 811 3360 868; x_wconf 91' lang='lat' dir='ltr'><strong>ﬁdelem</strong></span> <span class='ocrx_word' id='word_1_165' title='bbox 3373 811 3536 867; x_wconf 86' lang='lat' dir='ltr'><strong>misit</strong></span> <span class='ocrx_word' id='word_1_166' title='bbox 3547 811 3886 881; x_wconf 83' lang='lat' dir='ltr'><strong>Trajectum</strong></span> 
     </span>
    </p>
   </div>
   <div class='ocr_carea' id='block_1_25' title="bbox 2212 903 3886 978">
    <p class='ocr_par' dir='ltr' id='par_1_25' title="bbox 2212 903 3886 978">
     <span class='ocr_line' id='line_1_25' title="bbox 2212 903 3886 978; baseline -0.004 -17"><span class='ocrx_word' id='word_1_167' title='bbox 2212 905 2290 961; x_wconf 92' lang='lat' dir='ltr'><strong>ad</strong></span> <span class='ocrx_word' id='word_1_168' title='bbox 2310 905 2506 960; x_wconf 88' lang='lat' dir='ltr'><strong>virum</strong></span> <span class='ocrx_word' id='word_1_169' title='bbox 2529 905 2626 961; x_wconf 91' lang='lat' dir='ltr'><strong>Dei</strong></span> <span class='ocrx_word' id='word_1_170' title='bbox 2660 903 3025 978; x_wconf 90' lang='lat' dir='ltr'><strong>Odulphum,</strong></span> <span class='ocrx_word' id='word_1_171' title='bbox 3055 918 3277 972; x_wconf 83' lang='lat' dir='ltr'><strong>rogans</strong></span> <span class='ocrx_word' id='word_1_172' title='bbox 3308 918 3470 970; x_wconf 89' lang='lat' dir='ltr'><strong>eum,</strong></span> <span class='ocrx_word' id='word_1_173' title='bbox 3501 905 3566 956; x_wconf 90' lang='lat' dir='ltr'><strong>ut</strong></span> <span class='ocrx_word' id='word_1_174' title='bbox 3591 917 3720 973; x_wconf 89' lang='lat' dir='ltr'><strong>qua</strong></span> <span class='ocrx_word' id='word_1_175' title='bbox 3747 915 3886 972; x_wconf 82' lang='lat' dir='ltr'><strong>pos-</strong></span> 
     </span>
    </p>
   </div>
   <div class='ocr_carea' id='block_1_26' title="bbox 2215 989 3888 1066">
    <p class='ocr_par' dir='ltr' id='par_1_26' title="bbox 2215 989 3888 1066">
     <span class='ocr_line' id='line_1_26' title="bbox 2215 989 3888 1066; baseline -0.002 -18"><span class='ocrx_word' id='word_1_176' title='bbox 2215 999 2302 1049; x_wconf 87' lang='lat' dir='ltr'><strong>set</strong></span> <span class='ocrx_word' id='word_1_177' title='bbox 2331 993 2644 1066; x_wconf 87' lang='lat' dir='ltr'><strong>celeritatc,</strong></span> <span class='ocrx_word' id='word_1_178' title='bbox 2675 993 2920 1064; x_wconf 89' lang='lat' dir='ltr'><strong>trajecto</strong></span> <span class='ocrx_word' id='word_1_179' title='bbox 2959 991 3143 1048; x_wconf 90' lang='lat' dir='ltr'><strong>maris</strong></span> <span class='ocrx_word' id='word_1_180' title='bbox 3175 993 3330 1062; x_wconf 87' lang='lat' dir='ltr'><strong>sinu,</strong></span> <span class='ocrx_word' id='word_1_181' title='bbox 3363 990 3442 1048; x_wconf 89' lang='lat' dir='ltr'><strong>ad</strong></span> <span class='ocrx_word' id='word_1_182' title='bbox 3487 991 3692 1064; x_wconf 88' lang='lat' dir='ltr'><strong>ipsum</strong></span> <span class='ocrx_word' id='word_1_183' title='bbox 3723 989 3888 1046; x_wconf 83' lang='lat' dir='ltr'><strong>veni-</strong></span> 
     </span>
    </p>
   </div>
   <div class='ocr_carea' id='block_1_27' title="bbox 2211 1079 3886 1154">
    <p class='ocr_par' dir='ltr' id='par_1_27' title="bbox 2211 1079 3886 1154">
     <span class='ocr_line' id='line_1_27' title="bbox 2211 1079 3886 1154; baseline -0.003 -16"><span class='ocrx_word' id='word_1_184' title='bbox 2211 1087 2316 1138; x_wconf 90' lang='lat' dir='ltr'><strong>ret.</strong></span> <span class='ocrx_word' id='word_1_185' title='bbox 2349 1083 2571 1138; x_wconf 84' lang='lat' dir='ltr'><strong>Litteris</strong></span> <span class='ocrx_word' id='word_1_186' title='bbox 2601 1081 2713 1138; x_wconf 90' lang='lat' dir='ltr'><strong>illis</strong></span> <span class='ocrx_word' id='word_1_187' title='bbox 2769 1082 3049 1154; x_wconf 87' lang='lat' dir='ltr'><strong>acceptis,</strong></span> <span class='ocrx_word' id='word_1_188' title='bbox 3102 1081 3314 1138; x_wconf 87' lang='lat' dir='ltr'><strong>Christi</strong></span> <span class='ocrx_word' id='word_1_189' title='bbox 3365 1095 3572 1136; x_wconf 86' lang='lat' dir='ltr'><strong>servus</strong></span> <span class='ocrx_word' id='word_1_190' title='bbox 3631 1079 3886 1134; x_wconf 85' lang='lat' dir='ltr'><strong>miriﬁce</strong></span> 
     </span>
    </p>
   </div>
   <div class='ocr_carea' id='block_1_28' title="bbox 2213 1167 3890 1244">
    <p class='ocr_par' dir='ltr' id='par_1_28' title="bbox 2213 1167 3890 1244">
     <span class='ocr_line' id='line_1_28' title="bbox 2213 1167 3890 1244; baseline -0.002 -18"><span class='ocrx_word' id='word_1_191' title='bbox 2213 1169 2592 1242; x_wconf 75' lang='lat' dir='ltr'><strong>exhilaretur,</strong></span> <span class='ocrx_word' id='word_1_192' title='bbox 2623 1170 2870 1244; x_wconf 91' lang='lat' dir='ltr'><strong>perinde</strong></span> <span class='ocrx_word' id='word_1_193' title='bbox 2901 1187 2972 1228; x_wconf 91' lang='lat' dir='ltr'><strong>ac</strong></span> <span class='ocrx_word' id='word_1_194' title='bbox 3003 1171 3050 1226; x_wconf 92' lang='lat' dir='ltr'><strong>si</strong></span> <span class='ocrx_word' id='word_1_195' title='bbox 3071 1169 3150 1227; x_wconf 88' lang='lat' dir='ltr'><strong>ad</strong></span> <span class='ocrx_word' id='word_1_196' title='bbox 3182 1169 3448 1226; x_wconf 67' lang='lat' dir='ltr'><strong>caelestes</strong></span> <span class='ocrx_word' id='word_1_197' title='bbox 3473 1168 3688 1240; x_wconf 85' lang='lat' dir='ltr'><strong>epulas</strong></span> <span class='ocrx_word' id='word_1_198' title='bbox 3747 1167 3890 1223; x_wconf 83' lang='lat' dir='ltr'><strong>invi-</strong></span> 
     </span>
    </p>
   </div>
   <div class='ocr_carea' id='block_1_29' title="bbox 2214 1258 3888 1334">
    <p class='ocr_par' dir='ltr' id='par_1_29' title="bbox 2214 1258 3888 1334">
     <span class='ocr_line' id='line_1_29' title="bbox 2214 1258 3888 1334; baseline -0.004 -16"><span class='ocrx_word' id='word_1_199' title='bbox 2214 1265 2452 1330; x_wconf 86' lang='lat' dir='ltr'><strong>taretur,</strong></span> <span class='ocrx_word' id='word_1_200' title='bbox 2487 1262 2732 1334; x_wconf 91' lang='lat' dir='ltr'><strong>cupiens</strong></span> <span class='ocrx_word' id='word_1_201' title='bbox 2763 1277 2903 1316; x_wconf 92' lang='lat' dir='ltr'><strong>cum</strong></span> <span class='ocrx_word' id='word_1_202' title='bbox 2933 1277 3042 1316; x_wconf 91' lang='lat' dir='ltr'><strong>suo</strong></span> <span class='ocrx_word' id='word_1_203' title='bbox 3067 1261 3328 1332; x_wconf 87' lang='lat' dir='ltr'><strong>pastore,</strong></span> <span class='ocrx_word' id='word_1_204' title='bbox 3354 1258 3402 1314; x_wconf 90' lang='lat' dir='ltr'><strong>si</strong></span> <span class='ocrx_word' id='word_1_205' title='bbox 3432 1259 3514 1314; x_wconf 91' lang='lat' dir='ltr'><strong>ita</strong></span> <span class='ocrx_word' id='word_1_206' title='bbox 3531 1273 3628 1313; x_wconf 90' lang='lat' dir='ltr'><strong>res</strong></span> <span class='ocrx_word' id='word_1_207' title='bbox 3649 1263 3888 1330; x_wconf 82' lang='lat' dir='ltr'><strong>poscat,</strong></span> 
     </span>
    </p>
   </div>
   <div class='ocr_carea' id='block_1_30' title="bbox 2213 1345 3892 1422">
    <p class='ocr_par' dir='ltr' id='par_1_30' title="bbox 2213 1345 3892 1422">
     <span class='ocr_line' id='line_1_30' title="bbox 2213 1345 3892 1422; baseline -0.004 -16"><span class='ocrx_word' id='word_1_208' title='bbox 2213 1351 2274 1406; x_wconf 91' lang='lat' dir='ltr'><strong>in</strong></span> <span class='ocrx_word' id='word_1_209' title='bbox 2295 1351 2418 1407; x_wconf 91' lang='lat' dir='ltr'><strong>tam</strong></span> <span class='ocrx_word' id='word_1_210' title='bbox 2449 1349 2548 1422; x_wconf 92' lang='lat' dir='ltr'><strong>pio</strong></span> <span class='ocrx_word' id='word_1_211' title='bbox 2575 1365 2768 1420; x_wconf 81' lang='lat' dir='ltr'><strong>agone</strong></span> <span class='ocrx_word' id='word_1_212' title='bbox 2785 1365 2895 1422; x_wconf 92' lang='lat' dir='ltr'><strong>pro</strong></span> <span class='ocrx_word' id='word_1_213' title='bbox 2919 1349 3146 1404; x_wconf 88' lang='lat' dir='ltr'><strong>Christo</strong></span> <span class='ocrx_word' id='word_1_214' title='bbox 3165 1347 3524 1418; x_wconf 88' lang='lat' dir='ltr'><strong>sanguinem</strong></span> <span class='ocrx_word' id='word_1_215' title='bbox 3545 1363 3732 1402; x_wconf 88' lang='lat' dir='ltr'><strong>suum</strong></span> <span class='ocrx_word' id='word_1_216' title='bbox 3759 1345 3892 1401; x_wconf 82' lang='lat' dir='ltr'><strong>fun-</strong></span> 
     </span>
    </p>
   </div>
   <div class='ocr_carea' id='block_1_31' title="bbox 2213 1435 3890 1511">
    <p class='ocr_par' dir='ltr' id='par_1_31' title="bbox 2213 1435 3890 1511">
     <span class='ocr_line' id='line_1_31' title="bbox 2213 1435 3890 1511; baseline -0.004 -15"><span class='ocrx_word' id='word_1_217' title='bbox 2213 1437 2372 1496; x_wconf 88' lang='lat' dir='ltr'><strong>dere.</strong></span> <span class='ocrx_word' id='word_1_218' title='bbox 2408 1441 2554 1497; x_wconf 90' lang='lat' dir='ltr'><strong>Cum</strong></span> <span class='ocrx_word' id='word_1_219' title='bbox 2585 1443 2786 1495; x_wconf 90' lang='lat' dir='ltr'><strong>autem</strong></span> <span class='ocrx_word' id='word_1_220' title='bbox 2835 1438 2915 1494; x_wconf 88' lang='lat' dir='ltr'><strong>ad</strong></span> <span class='ocrx_word' id='word_1_221' title='bbox 2965 1439 3318 1511; x_wconf 83' lang='lat' dir='ltr'><strong>episcOpum</strong></span> <span class='ocrx_word' id='word_1_222' title='bbox 3373 1436 3769 1508; x_wconf 84' lang='lat' dir='ltr'><strong>pervenisset,</strong></span> <span class='ocrx_word' id='word_1_223' title='bbox 3799 1435 3890 1491; x_wconf 85' lang='lat' dir='ltr'><strong>ille</strong></span> 
     </span>
    </p>
   </div>
   <div class='ocr_carea' id='block_1_32' title="bbox 2215 1525 3892 1598">
    <p class='ocr_par' dir='ltr' id='par_1_32' title="bbox 2215 1525 3892 1598">
     <span class='ocr_line' id='line_1_32' title="bbox 2215 1525 3892 1598; baseline -0.004 -14"><span class='ocrx_word' id='word_1_224' title='bbox 2215 1529 2345 1585; x_wconf 88' lang='lat' dir='ltr'><strong>viso</strong></span> <span class='ocrx_word' id='word_1_225' title='bbox 2375 1543 2465 1596; x_wconf 91' lang='lat' dir='ltr'><strong>eo,</strong></span> <span class='ocrx_word' id='word_1_226' title='bbox 2497 1528 2795 1583; x_wconf 90' lang='lat' dir='ltr'><strong>immenso</strong></span> <span class='ocrx_word' id='word_1_227' title='bbox 2827 1527 3103 1598; x_wconf 89' lang='lat' dir='ltr'><strong>perfusus</strong></span> <span class='ocrx_word' id='word_1_228' title='bbox 3133 1525 3376 1596; x_wconf 88' lang='lat' dir='ltr'><strong>gaudio,</strong></span> <span class='ocrx_word' id='word_1_229' title='bbox 3411 1541 3550 1580; x_wconf 90' lang='lat' dir='ltr'><strong>eum</strong></span> <span class='ocrx_word' id='word_1_230' title='bbox 3587 1525 3768 1597; x_wconf 86' lang='lat' dir='ltr'><strong>pacis</strong></span> <span class='ocrx_word' id='word_1_231' title='bbox 3801 1541 3892 1579; x_wconf 83' lang='lat' dir='ltr'><strong>os-</strong></span> 
     </span>
    </p>
   </div>
   <div class='ocr_carea' id='block_1_33' title="bbox 443 1615 3884 1688">
    <p class='ocr_par' dir='ltr' id='par_1_33' title="bbox 443 1615 3884 1688">
     <span class='ocr_line' id='line_1_33' title="bbox 443 1615 3884 1688; baseline -0.001 -18"><span class='ocrx_word' id='word_1_232' title='bbox 443 1617 507 1670; x_wconf 75' lang='lat' dir='ltr'><strong>in</strong></span> <span class='ocrx_word' id='word_1_233' title='bbox 539 1616 815 1671; x_wconf 80' lang='lat' dir='ltr'><strong>virtutem</strong></span> <span class='ocrx_word' id='word_1_234' title='bbox 849 1617 1036 1686; x_wconf 86' lang='lat' dir='ltr'><strong>(Psat.</strong></span> <span class='ocrx_word' id='word_1_235' title='bbox 1071 1617 1324 1686; x_wconf 77' lang='lat' dir='ltr'><strong>Lxxxni).</strong></span> <span class='ocrx_word' id='word_1_236' title='bbox 1357 1617 1448 1671; x_wconf 87' lang='lat' dir='ltr'><strong>Sic</strong></span> <span class='ocrx_word' id='word_1_237' title='bbox 1476 1631 1615 1684; x_wconf 82' lang='lat' dir='ltr'><strong>ergo</strong></span> <span class='ocrx_word' id='word_1_238' title='bbox 1643 1616 1704 1672; x_wconf 90' lang='lat' dir='ltr'><strong>in</strong></span> <span class='ocrx_word' id='word_1_239' title='bbox 1735 1616 1962 1672; x_wconf 90' lang='lat' dir='ltr'><strong>eunetis</strong></span> <span class='ocrx_word' id='word_1_240' title='bbox 1991 1617 2106 1670; x_wconf 85' lang='lat' dir='ltr'><strong>vir-</strong></span> <span class='ocrx_word' id='word_1_241' title='bbox 2143 1633 2187 1685; x_wconf 80' lang='grc' dir='ltr'>Β</span> <span class='ocrx_word' id='word_1_242' title='bbox 2217 1615 2350 1670; x_wconf 91' lang='lat' dir='ltr'><strong>culo</strong></span> <span class='ocrx_word' id='word_1_243' title='bbox 2377 1631 2515 1672; x_wconf 91' lang='lat' dir='ltr'><strong>eum</strong></span> <span class='ocrx_word' id='word_1_244' title='bbox 2543 1617 2885 1672; x_wconf 89' lang='lat' dir='ltr'><strong>humaniter</strong></span> <span class='ocrx_word' id='word_1_245' title='bbox 2913 1615 3162 1688; x_wconf 71' lang='lat' dir='ltr'><strong>excepit.</strong></span> <span class='ocrx_word' id='word_1_246' title='bbox 3217 1615 3436 1670; x_wconf 89' lang='lat' dir='ltr'><strong>Deinde</strong></span> <span class='ocrx_word' id='word_1_247' title='bbox 3485 1619 3700 1669; x_wconf 91' lang='lat' dir='ltr'><strong>mutuo</strong></span> <span class='ocrx_word' id='word_1_248' title='bbox 3747 1630 3884 1670; x_wconf 81' lang='lat' dir='ltr'><strong>sese</strong></span> 
     </span>
    </p>
   </div>
   <div class='ocr_carea' id='block_1_34' title="bbox 443 1701 2106 1776">
    <p class='ocr_par' dir='ltr' id='par_1_34' title="bbox 443 1701 2106 1776">
     <span class='ocr_line' id='line_1_34' title="bbox 443 1701 2106 1776; baseline 0.002 -19"><span class='ocrx_word' id='word_1_249' title='bbox 443 1701 667 1758; x_wconf 89' lang='lat' dir='ltr'><strong>tutibus</strong></span> <span class='ocrx_word' id='word_1_250' title='bbox 699 1703 1037 1776; x_wconf 89' lang='lat' dir='ltr'><strong>proﬁciens,</strong></span> <span class='ocrx_word' id='word_1_251' title='bbox 1066 1705 1244 1760; x_wconf 88' lang='lat' dir='ltr'><strong>etiam</strong></span> <span class='ocrx_word' id='word_1_252' title='bbox 1271 1705 1802 1761; x_wconf 78' lang='lat' dir='ltr'><strong>ecclesiasticarum</strong></span> <span class='ocrx_word' id='word_1_253' title='bbox 1833 1705 2106 1760; x_wconf 90' lang='lat' dir='ltr'><strong>ordinem</strong></span> 
     </span>
    </p>
   </div>
   <div class='ocr_carea' id='block_1_35' title="bbox 446 1791 2106 1864">
    <p class='ocr_par' dir='ltr' id='par_1_35' title="bbox 446 1791 2106 1864">
     <span class='ocr_line' id='line_1_35' title="bbox 446 1791 2106 1864; baseline 0.002 -20"><span class='ocrx_word' id='word_1_254' title='bbox 446 1791 670 1858; x_wconf 86' lang='lat' dir='ltr'><strong>gradus</strong></span> <span class='ocrx_word' id='word_1_255' title='bbox 701 1791 988 1856; x_wconf 86' lang='lat' dir='ltr'><strong>ascendit,</strong></span> <span class='ocrx_word' id='word_1_256' title='bbox 1022 1797 1078 1846; x_wconf 92' lang='lat' dir='ltr'><strong>et</strong></span> <span class='ocrx_word' id='word_1_257' title='bbox 1109 1793 1460 1864; x_wconf 87' lang='lat' dir='ltr'><strong>presbyterii</strong></span> <span class='ocrx_word' id='word_1_258' title='bbox 1491 1799 1578 1848; x_wconf 90' lang='lat' dir='ltr'><strong>est</strong></span> <span class='ocrx_word' id='word_1_259' title='bbox 1625 1793 2106 1849; x_wconf 90' lang='lat' dir='ltr'><strong>benedictionem</strong></span> 
     </span>
    </p>
   </div>
   <div class='ocr_carea' id='block_1_36' title="bbox 440 1878 2105 1949">
    <p class='ocr_par' dir='ltr' id='par_1_36' title="bbox 440 1878 2105 1949">
     <span class='ocr_line' id='line_1_36' title="bbox 440 1878 2105 1949; baseline 0.002 -17"><span class='ocrx_word' id='word_1_260' title='bbox 440 1878 716 1949; x_wconf 86' lang='lat' dir='ltr'><strong>adeptus,</strong></span> <span class='ocrx_word' id='word_1_261' title='bbox 771 1879 928 1948; x_wconf 86' lang='lat' dir='ltr'><strong>regis</strong></span> <span class='ocrx_word' id='word_1_262' title='bbox 977 1880 1252 1935; x_wconf 87' lang='lat' dir='ltr'><strong>altissimi</strong></span> <span class='ocrx_word' id='word_1_263' title='bbox 1303 1882 1583 1936; x_wconf 89' lang='lat' dir='ltr'><strong>sacerdos</strong></span> <span class='ocrx_word' id='word_1_264' title='bbox 1645 1881 1911 1937; x_wconf 82' lang='lat' dir='ltr'><strong>effectus.</strong></span> <span class='ocrx_word' id='word_1_265' title='bbox 1957 1883 2105 1936; x_wconf 88' lang='lat' dir='ltr'><strong>Tum</strong></span> 
     </span>
    </p>
   </div>
   <div class='ocr_carea' id='block_1_37' title="bbox 443 1969 2106 2041">
    <p class='ocr_par' dir='ltr' id='par_1_37' title="bbox 443 1969 2106 2041">
     <span class='ocr_line' id='line_1_37' title="bbox 443 1969 2106 2041; baseline 0.004 -21"><span class='ocrx_word' id='word_1_266' title='bbox 443 1983 586 2021; x_wconf 88' lang='lat' dir='ltr'><strong>vero</strong></span> <span class='ocrx_word' id='word_1_267' title='bbox 607 1983 750 2022; x_wconf 78' lang='lat' dir='ltr'><strong>mox</strong></span> <span class='ocrx_word' id='word_1_268' title='bbox 776 1969 939 2040; x_wconf 85' lang='lat' dir='ltr'><strong>apud</strong></span> <span class='ocrx_word' id='word_1_269' title='bbox 966 1985 1029 2024; x_wconf 90' lang='lat' dir='ltr'><strong>se</strong></span> <span class='ocrx_word' id='word_1_270' title='bbox 1078 1969 1339 2024; x_wconf 86' lang='lat' dir='ltr'><strong>decrevit</strong></span> <span class='ocrx_word' id='word_1_271' title='bbox 1389 1970 1587 2025; x_wconf 90' lang='lat' dir='ltr'><strong>studio</strong></span> <span class='ocrx_word' id='word_1_272' title='bbox 1642 1970 1756 2041; x_wconf 61' lang='lat' dir='ltr'><strong>pias</strong></span> <span class='ocrx_word' id='word_1_273' title='bbox 1788 1986 2106 2026; x_wconf 89' lang='lat' dir='ltr'><strong>conversa-</strong></span> 
     </span>
    </p>
   </div>
   <div class='ocr_carea' id='block_1_38' title="bbox 443 2055 2108 2128">
    <p class='ocr_par' dir='ltr' id='par_1_38' title="bbox 443 2055 2108 2128">
     <span class='ocr_line' id='line_1_38' title="bbox 443 2055 2108 2128; baseline 0.004 -18"><span class='ocrx_word' id='word_1_274' title='bbox 443 2055 618 2110; x_wconf 87' lang='lat' dir='ltr'><strong>tionis</strong></span> <span class='ocrx_word' id='word_1_275' title='bbox 644 2057 722 2112; x_wconf 88' lang='lat' dir='ltr'><strong>ad</strong></span> <span class='ocrx_word' id='word_1_276' title='bbox 744 2057 1054 2128; x_wconf 88' lang='lat' dir='ltr'><strong>quoddam</strong></span> <span class='ocrx_word' id='word_1_277' title='bbox 1083 2071 1270 2114; x_wconf 74' lang='lat' dir='ltr'><strong>sacras</strong></span> <span class='ocrx_word' id='word_1_278' title='bbox 1317 2057 1620 2128; x_wconf 87' lang='lat' dir='ltr'><strong>religionis</strong></span> <span class='ocrx_word' id='word_1_279' title='bbox 1667 2060 2108 2116; x_wconf 84' lang='lat' dir='ltr'><strong>monasterium</strong></span> 
     </span>
    </p>
   </div>
   <div class='ocr_carea' id='block_1_39' title="bbox 443 2145 2106 2220">
    <p class='ocr_par' dir='ltr' id='par_1_39' title="bbox 443 2145 2106 2220">
     <span class='ocr_line' id='line_1_39' title="bbox 443 2145 2106 2220; baseline 0.002 -20"><span class='ocrx_word' id='word_1_280' title='bbox 443 2161 504 2199; x_wconf 91' lang='lat' dir='ltr'><strong>se</strong></span> <span class='ocrx_word' id='word_1_281' title='bbox 530 2146 816 2202; x_wconf 85' lang='lat' dir='ltr'><strong>conferre.</strong></span> <span class='ocrx_word' id='word_1_282' title='bbox 853 2151 924 2202; x_wconf 75' lang='lat' dir='ltr'><strong>At</strong></span> <span class='ocrx_word' id='word_1_283' title='bbox 951 2151 1230 2220; x_wconf 89' lang='lat' dir='ltr'><strong>parentes</strong></span> <span class='ocrx_word' id='word_1_284' title='bbox 1260 2165 1399 2204; x_wconf 91' lang='lat' dir='ltr'><strong>eum</strong></span> <span class='ocrx_word' id='word_1_285' title='bbox 1419 2147 1892 2205; x_wconf 87' lang='lat' dir='ltr'><strong>dehortabantur</strong></span> <span class='ocrx_word' id='word_1_286' title='bbox 1939 2163 2016 2204; x_wconf 90' lang='lat' dir='ltr'><strong>ne</strong></span> <span class='ocrx_word' id='word_1_287' title='bbox 2043 2145 2106 2203; x_wconf 92' lang='lat' dir='ltr'><strong>id</strong></span> 
     </span>
    </p>
   </div>
   <div class='ocr_carea' id='block_1_40' title="bbox 443 2232 2105 2310">
    <p class='ocr_par' dir='ltr' id='par_1_40' title="bbox 443 2232 2105 2310">
     <span class='ocr_line' id='line_1_40' title="bbox 443 2232 2105 2310; baseline 0.002 -22"><span class='ocrx_word' id='word_1_288' title='bbox 443 2232 682 2302; x_wconf 89' lang='lat' dir='ltr'><strong>faceret,</strong></span> <span class='ocrx_word' id='word_1_289' title='bbox 742 2235 846 2290; x_wconf 91' lang='lat' dir='ltr'><strong>sed</strong></span> <span class='ocrx_word' id='word_1_290' title='bbox 899 2235 1097 2306; x_wconf 86' lang='lat' dir='ltr'><strong>potius</strong></span> <span class='ocrx_word' id='word_1_291' title='bbox 1155 2236 1234 2292; x_wconf 92' lang='lat' dir='ltr'><strong>ad</strong></span> <span class='ocrx_word' id='word_1_292' title='bbox 1285 2237 1556 2310; x_wconf 92' lang='lat' dir='ltr'><strong>ipsorum</strong></span> <span class='ocrx_word' id='word_1_293' title='bbox 1623 2253 1684 2292; x_wconf 91' lang='lat' dir='ltr'><strong>se</strong></span> <span class='ocrx_word' id='word_1_294' title='bbox 1738 2236 2105 2292; x_wconf 87' lang='lat' dir='ltr'><strong>voluntatem</strong></span> 
     </span>
    </p>
   </div>
   <div class='ocr_carea' id='block_1_41' title="bbox 445 2323 2106 2390">
    <p class='ocr_par' dir='ltr' id='par_1_41' title="bbox 445 2323 2106 2390">
     <span class='ocr_line' id='line_1_41' title="bbox 445 2323 2106 2390; baseline 0.001 -12"><span class='ocrx_word' id='word_1_295' title='bbox 445 2323 947 2390; x_wconf 80' lang='lat' dir='ltr'><strong>accommodans,</strong></span> <span class='ocrx_word' id='word_1_296' title='bbox 979 2324 1304 2381; x_wconf 89' lang='lat' dir='ltr'><strong>Ecclesiam</strong></span> <span class='ocrx_word' id='word_1_297' title='bbox 1357 2325 1850 2382; x_wconf 90' lang='lat' dir='ltr'><strong>Orosehattanam</strong></span> <span class='ocrx_word' id='word_1_298' title='bbox 1912 2324 2106 2380; x_wconf 89' lang='lat' dir='ltr'><strong>admi-</strong></span> 
     </span>
    </p>
   </div>
   <div class='ocr_carea' id='block_1_42' title="bbox 441 2411 2107 2486">
    <p class='ocr_par' dir='ltr' id='par_1_42' title="bbox 441 2411 2107 2486">
     <span class='ocr_line' id='line_1_42' title="bbox 441 2411 2107 2486; baseline 0.002 -19"><span class='ocrx_word' id='word_1_299' title='bbox 441 2411 816 2468; x_wconf 90' lang='lat' dir='ltr'><strong>nistrandam</strong></span> <span class='ocrx_word' id='word_1_300' title='bbox 848 2413 1192 2486; x_wconf 88' lang='lat' dir='ltr'><strong>susciperet,</strong></span> <span class='ocrx_word' id='word_1_301' title='bbox 1225 2413 1344 2470; x_wconf 88' lang='lat' dir='ltr'><strong>illic</strong></span> <span class='ocrx_word' id='word_1_302' title='bbox 1373 2414 1534 2470; x_wconf 90' lang='lat' dir='ltr'><strong>enim</strong></span> <span class='ocrx_word' id='word_1_303' title='bbox 1564 2419 1620 2470; x_wconf 89' lang='lat' dir='ltr'><strong>et</strong></span> <span class='ocrx_word' id='word_1_304' title='bbox 1655 2417 1832 2470; x_wconf 91' lang='lat' dir='ltr'><strong>natus</strong></span> <span class='ocrx_word' id='word_1_305' title='bbox 1865 2418 1922 2472; x_wconf 88' lang='lat' dir='ltr'><strong>et</strong></span> <span class='ocrx_word' id='word_1_306' title='bbox 1965 2415 2107 2470; x_wconf 88' lang='lat' dir='ltr'><strong>edu-</strong></span> 
     </span>
    </p>
   </div>
   <div class='ocr_carea' id='block_1_43' title="bbox 440 2501 2106 2574">
    <p class='ocr_par' dir='ltr' id='par_1_43' title="bbox 440 2501 2106 2574">
     <span class='ocr_line' id='line_1_43' title="bbox 440 2501 2106 2574; baseline 0 -18"><span class='ocrx_word' id='word_1_307' title='bbox 440 2505 607 2556; x_wconf 90' lang='lat' dir='ltr'><strong>catus</strong></span> <span class='ocrx_word' id='word_1_308' title='bbox 660 2504 805 2556; x_wconf 88' lang='lat' dir='ltr'><strong>erat.</strong></span> <span class='ocrx_word' id='word_1_309' title='bbox 837 2502 1031 2556; x_wconf 88' lang='lat' dir='ltr'><strong>Victus</strong></span> <span class='ocrx_word' id='word_1_310' title='bbox 1079 2501 1322 2556; x_wconf 88' lang='lat' dir='ltr'><strong>tandem</strong></span> <span class='ocrx_word' id='word_1_311' title='bbox 1374 2501 1655 2574; x_wconf 90' lang='lat' dir='ltr'><strong>precibus</strong></span> <span class='ocrx_word' id='word_1_312' title='bbox 1701 2517 1933 2572; x_wconf 91' lang='lat' dir='ltr'><strong>eorum,</strong></span> <span class='ocrx_word' id='word_1_313' title='bbox 1978 2517 2106 2557; x_wconf 92' lang='lat' dir='ltr'><strong>mo-</strong></span> 
     </span>
    </p>
   </div>
   <div class='ocr_carea' id='block_1_44' title="bbox 439 2589 2105 2662">
    <p class='ocr_par' dir='ltr' id='par_1_44' title="bbox 439 2589 2105 2662">
     <span class='ocr_line' id='line_1_44' title="bbox 439 2589 2105 2662; baseline 0.002 -20"><span class='ocrx_word' id='word_1_314' title='bbox 439 2603 566 2643; x_wconf 91' lang='lat' dir='ltr'><strong>rem</strong></span> <span class='ocrx_word' id='word_1_315' title='bbox 593 2589 675 2644; x_wconf 92' lang='lat' dir='ltr'><strong>eis</strong></span> <span class='ocrx_word' id='word_1_316' title='bbox 708 2590 887 2658; x_wconf 90' lang='lat' dir='ltr'><strong>gessit</strong></span> <span class='ocrx_word' id='word_1_317' title='bbox 915 2605 986 2645; x_wconf 90' lang='lat' dir='ltr'><strong>ea</strong></span> <span class='ocrx_word' id='word_1_318' title='bbox 1009 2589 1072 2644; x_wconf 93' lang='lat' dir='ltr'><strong>in</strong></span> <span class='ocrx_word' id='word_1_319' title='bbox 1099 2606 1184 2661; x_wconf 91' lang='lat' dir='ltr'><strong>re,</strong></span> <span class='ocrx_word' id='word_1_320' title='bbox 1217 2591 1498 2662; x_wconf 84' lang='lat' dir='ltr'><strong>quamvis</strong></span> <span class='ocrx_word' id='word_1_321' title='bbox 1545 2589 1784 2658; x_wconf 89' lang='lat' dir='ltr'><strong>invitus,</strong></span> <span class='ocrx_word' id='word_1_322' title='bbox 1821 2590 1934 2646; x_wconf 91' lang='lat' dir='ltr'><strong>Sed</strong></span> <span class='ocrx_word' id='word_1_323' title='bbox 1981 2606 2105 2646; x_wconf 92' lang='lat' dir='ltr'><strong>non</strong></span> 
     </span>
    </p>
   </div>
   <div class='ocr_carea' id='block_1_45' title="bbox 440 2675 2105 2748">
    <p class='ocr_par' dir='ltr' id='par_1_45' title="bbox 440 2675 2105 2748">
     <span class='ocr_line' id='line_1_45' title="bbox 440 2675 2105 2748; baseline 0.002 -18"><span class='ocrx_word' id='word_1_324' title='bbox 440 2675 543 2730; x_wconf 90' lang='lat' dir='ltr'><strong>diu</strong></span> <span class='ocrx_word' id='word_1_325' title='bbox 575 2681 710 2748; x_wconf 91' lang='lat' dir='ltr'><strong>post</strong></span> <span class='ocrx_word' id='word_1_326' title='bbox 739 2677 936 2732; x_wconf 89' lang='lat' dir='ltr'><strong>visum</strong></span> <span class='ocrx_word' id='word_1_327' title='bbox 963 2683 1050 2732; x_wconf 90' lang='lat' dir='ltr'><strong>est</strong></span> <span class='ocrx_word' id='word_1_328' title='bbox 1078 2678 1130 2732; x_wconf 90' lang='lat' dir='ltr'><strong>ei</strong></span> <span class='ocrx_word' id='word_1_329' title='bbox 1161 2677 1326 2733; x_wconf 89' lang='lat' dir='ltr'><strong>adire</strong></span> <span class='ocrx_word' id='word_1_330' title='bbox 1369 2693 1622 2732; x_wconf 85' lang='lat' dir='ltr'><strong>summae</strong></span> <span class='ocrx_word' id='word_1_331' title='bbox 1652 2677 1998 2734; x_wconf 68' lang='lat' dir='ltr'><strong>reverentia:</strong></span> <span class='ocrx_word' id='word_1_332' title='bbox 2020 2677 2105 2734; x_wconf 94' lang='lat' dir='ltr'><strong>lo-</strong></span> 
     </span>
    </p>
   </div>
   <div class='ocr_carea' id='block_1_46' title="bbox 441 2765 2102 2838">
    <p class='ocr_par' dir='ltr' id='par_1_46' title="bbox 441 2765 2102 2838">
     <span class='ocr_line' id='line_1_46' title="bbox 441 2765 2102 2838; baseline 0.003 -20"><span class='ocrx_word' id='word_1_333' title='bbox 441 2779 580 2819; x_wconf 90' lang='lat' dir='ltr'><strong>cum</strong></span> <span class='ocrx_word' id='word_1_334' title='bbox 628 2765 986 2836; x_wconf 89' lang='lat' dir='ltr'><strong>Trajectum,</strong></span> <span class='ocrx_word' id='word_1_335' title='bbox 1017 2765 1344 2838; x_wconf 88' lang='lat' dir='ltr'><strong>antiquitus</strong></span> <span class='ocrx_word' id='word_1_336' title='bbox 1399 2765 1806 2836; x_wconf 88' lang='lat' dir='ltr'><strong>Witteinburg</strong></span> <span class='ocrx_word' id='word_1_337' title='bbox 1853 2765 2102 2838; x_wconf 91' lang='lat' dir='ltr'><strong>dictum,</strong></span> 
     </span>
    </p>
   </div>
   <div class='ocr_carea' id='block_1_47' title="bbox 439 2851 2102 2924">
    <p class='ocr_par' dir='ltr' id='par_1_47' title="bbox 439 2851 2102 2924">
     <span class='ocr_line' id='line_1_47' title="bbox 439 2851 2102 2924; baseline 0.002 -17"><span class='ocrx_word' id='word_1_338' title='bbox 439 2851 621 2924; x_wconf 89' lang='lat' dir='ltr'><strong>idque</strong></span> <span class='ocrx_word' id='word_1_339' title='bbox 646 2868 718 2908; x_wconf 90' lang='lat' dir='ltr'><strong>ea</strong></span> <span class='ocrx_word' id='word_1_340' title='bbox 769 2857 966 2909; x_wconf 92' lang='lat' dir='ltr'><strong>mente</strong></span> <span class='ocrx_word' id='word_1_341' title='bbox 995 2857 1052 2910; x_wconf 90' lang='lat' dir='ltr'><strong>et</strong></span> <span class='ocrx_word' id='word_1_342' title='bbox 1101 2854 1371 2922; x_wconf 89' lang='lat' dir='ltr'><strong>consilio,</strong></span> <span class='ocrx_word' id='word_1_343' title='bbox 1405 2857 1466 2909; x_wconf 90' lang='lat' dir='ltr'><strong>ut</strong></span> <span class='ocrx_word' id='word_1_344' title='bbox 1513 2853 1629 2910; x_wconf 83' lang='lat' dir='ltr'><strong>ilhc</strong></span> <span class='ocrx_word' id='word_1_345' title='bbox 1680 2871 1820 2908; x_wconf 92' lang='lat' dir='ltr'><strong>eum</strong></span> <span class='ocrx_word' id='word_1_346' title='bbox 1877 2855 2102 2910; x_wconf 74' lang='lat' dir='ltr'><strong>caeteris</strong></span> 
     </span>
    </p>
   </div>
   <div class='ocr_carea' id='block_1_48' title="bbox 441 2941 2174 3030">
    <p class='ocr_par' dir='ltr' id='par_1_48' title="bbox 441 2941 2174 3030">
     <span class='ocr_line' id='line_1_48' title="bbox 441 2941 2174 3030; baseline 0.001 -34"><span class='ocrx_word' id='word_1_347' title='bbox 441 2941 542 3030; x_wconf 87' lang='lat' dir='ltr'><strong>Dei</strong></span> <span class='ocrx_word' id='word_1_348' title='bbox 592 2941 855 3006; x_wconf 86' lang='lat' dir='ltr'><strong>famulis,</strong></span> <span class='ocrx_word' id='word_1_349' title='bbox 897 2943 1118 3000; x_wconf 89' lang='lat' dir='ltr'><strong>christo</strong></span> <span class='ocrx_word' id='word_1_350' title='bbox 1171 2943 1400 3000; x_wconf 88' lang='lat' dir='ltr'><strong>ibidem</strong></span> <span class='ocrx_word' id='word_1_351' title='bbox 1445 2941 1842 2999; x_wconf 88' lang='lat' dir='ltr'><strong>militantibus</strong></span> <span class='ocrx_word' id='word_1_352' title='bbox 1895 2943 2103 3016; x_wconf 85' lang='lat' dir='ltr'><strong>quoad</strong></span> <span class='ocrx_word' id='word_1_353' title='bbox 2132 2975 2174 3030; x_wconf 73' lang='grc' dir='ltr'>ο</span> 
     </span>
    </p>
   </div>
   <div class='ocr_carea' id='block_1_49' title="bbox 437 3029 2103 3106">
    <p class='ocr_par' dir='ltr' id='par_1_49' title="bbox 437 3029 2103 3106">
     <span class='ocr_line' id='line_1_49' title="bbox 437 3029 2103 3106; baseline 0.002 -20"><span class='ocrx_word' id='word_1_354' title='bbox 437 3029 675 3094; x_wconf 88' lang='lat' dir='ltr'><strong>viveret,</strong></span> <span class='ocrx_word' id='word_1_355' title='bbox 703 3032 1288 3106; x_wconf 69' lang='lat' dir='ltr'><strong>praeponenentiDeo</strong></span> <span class='ocrx_word' id='word_1_356' title='bbox 1317 3030 1570 3088; x_wconf 89' lang='lat' dir='ltr'><strong>ﬁdeliter</strong></span> <span class='ocrx_word' id='word_1_357' title='bbox 1595 3033 1856 3090; x_wconf 90' lang='lat' dir='ltr'><strong>serviret.</strong></span> <span class='ocrx_word' id='word_1_358' title='bbox 1889 3035 2103 3090; x_wconf 86' lang='lat' dir='ltr'><strong>Memo-</strong></span> 
     </span>
    </p>
   </div>
   <div class='ocr_carea' id='block_1_50' title="bbox 435 3117 2096 3194">
    <p class='ocr_par' dir='ltr' id='par_1_50' title="bbox 435 3117 2096 3194">
     <span class='ocr_line' id='line_1_50' title="bbox 435 3117 2096 3194; baseline 0.002 -19"><span class='ocrx_word' id='word_1_359' title='bbox 435 3117 526 3176; x_wconf 90' lang='lat' dir='ltr'><strong>ria</strong></span> <span class='ocrx_word' id='word_1_360' title='bbox 554 3135 696 3192; x_wconf 89' lang='lat' dir='ltr'><strong>ergo</strong></span> <span class='ocrx_word' id='word_1_361' title='bbox 727 3119 1008 3192; x_wconf 89' lang='lat' dir='ltr'><strong>retinens,</strong></span> <span class='ocrx_word' id='word_1_362' title='bbox 1040 3121 1208 3194; x_wconf 91' lang='lat' dir='ltr'><strong>quod</strong></span> <span class='ocrx_word' id='word_1_363' title='bbox 1235 3121 1296 3178; x_wconf 92' lang='lat' dir='ltr'><strong>in</strong></span> <span class='ocrx_word' id='word_1_364' title='bbox 1327 3121 1650 3192; x_wconf 88' lang='lat' dir='ltr'><strong>Evangelio</strong></span> <span class='ocrx_word' id='word_1_365' title='bbox 1676 3121 1946 3178; x_wconf 88' lang='lat' dir='ltr'><strong>Salvator</strong></span> <span class='ocrx_word' id='word_1_366' title='bbox 1972 3121 2054 3178; x_wconf 85' lang='lat' dir='ltr'><strong>ait</strong></span> <span class='ocrx_word' id='word_1_367' title='bbox 2083 3139 2096 3178; x_wconf 69' lang='grc' dir='ltr'>ς</span> 
     </span>
    </p>
   </div>
   <div class='ocr_carea' id='block_1_51' title="bbox 439 3209 2100 3282">
    <p class='ocr_par' dir='ltr' id='par_1_51' title="bbox 439 3209 2100 3282">
     <span class='ocr_line' id='line_1_51' title="bbox 439 3209 2100 3282; baseline 0.002 -18"><span class='ocrx_word' id='word_1_368' title='bbox 439 3209 555 3276; x_wconf 80' lang='lat' dir='ltr'><strong>Qui</strong></span> <span class='ocrx_word' id='word_1_369' title='bbox 579 3226 700 3266; x_wconf 82' lang='lat' dir='ltr'><strong>non</strong></span> <span class='ocrx_word' id='word_1_370' title='bbox 725 3212 1034 3268; x_wconf 75' lang='lat' dir='ltr'><strong>renuntiat</strong></span> <span class='ocrx_word' id='word_1_371' title='bbox 1064 3211 1334 3268; x_wconf 77' lang='lat' dir='ltr'><strong>omnibus</strong></span> <span class='ocrx_word' id='word_1_372' title='bbox 1374 3225 1505 3282; x_wconf 64' lang='lat' dir='ltr'><strong>quae</strong></span> <span class='ocrx_word' id='word_1_373' title='bbox 1531 3211 1814 3280; x_wconf 81' lang='lat' dir='ltr'><strong>possidet,</strong></span> <span class='ocrx_word' id='word_1_374' title='bbox 1845 3227 1966 3268; x_wconf 83' lang='lat' dir='ltr'><strong>non</strong></span> <span class='ocrx_word' id='word_1_375' title='bbox 1991 3227 2100 3281; x_wconf 86' lang='lat' dir='ltr'><strong>po-</strong></span> 
     </span>
    </p>
   </div>
   <div class='ocr_carea' id='block_1_52' title="bbox 438 3299 2100 3372">
    <p class='ocr_par' dir='ltr' id='par_1_52' title="bbox 438 3299 2100 3372">
     <span class='ocr_line' id='line_1_52' title="bbox 438 3299 2100 3372; baseline 0.002 -20"><span class='ocrx_word' id='word_1_376' title='bbox 438 3303 548 3354; x_wconf 85' lang='lat' dir='ltr'><strong>test</strong></span> <span class='ocrx_word' id='word_1_377' title='bbox 567 3313 728 3356; x_wconf 87' lang='lat' dir='ltr'><strong>meus</strong></span> <span class='ocrx_word' id='word_1_378' title='bbox 752 3314 873 3356; x_wconf 82' lang='lat' dir='ltr'><strong>esse</strong></span> <span class='ocrx_word' id='word_1_379' title='bbox 900 3299 1232 3369; x_wconf 79' lang='lat' dir='ltr'><strong>discipulus</strong></span> <span class='ocrx_word' id='word_1_380' title='bbox 1265 3301 1432 3367; x_wconf 86' lang='lat' dir='ltr'><strong>(Luc.</strong></span> <span class='ocrx_word' id='word_1_381' title='bbox 1481 3302 1584 3365; x_wconf 85' lang='lat' dir='ltr'><strong>IX).</strong></span> <span class='ocrx_word' id='word_1_382' title='bbox 1624 3299 1965 3356; x_wconf 90' lang='lat' dir='ltr'><strong>Posthabito</strong></span> <span class='ocrx_word' id='word_1_383' title='bbox 1995 3315 2100 3372; x_wconf 91' lang='lat' dir='ltr'><strong>pa-</strong></span> 
     </span>
    </p>
   </div>
   <div class='ocr_carea' id='block_1_53' title="bbox 437 3387 2096 3461">
    <p class='ocr_par' dir='ltr' id='par_1_53' title="bbox 437 3387 2096 3461">
     <span class='ocr_line' id='line_1_53' title="bbox 437 3387 2096 3461; baseline 0.002 -19"><span class='ocrx_word' id='word_1_384' title='bbox 437 3390 542 3455; x_wconf 92' lang='lat' dir='ltr'><strong>tre,</strong></span> <span class='ocrx_word' id='word_1_385' title='bbox 583 3387 866 3457; x_wconf 91' lang='lat' dir='ltr'><strong>neglectis</strong></span> <span class='ocrx_word' id='word_1_386' title='bbox 914 3389 1290 3461; x_wconf 87' lang='lat' dir='ltr'><strong>propinquis,</strong></span> <span class='ocrx_word' id='word_1_387' title='bbox 1325 3387 1680 3461; x_wconf 89' lang='lat' dir='ltr'><strong>contemptis</strong></span> <span class='ocrx_word' id='word_1_388' title='bbox 1711 3389 1891 3459; x_wconf 90' lang='lat' dir='ltr'><strong>agris,</strong></span> <span class='ocrx_word' id='word_1_389' title='bbox 1923 3389 2096 3446; x_wconf 85' lang='lat' dir='ltr'><strong>fami-</strong></span> 
     </span>
    </p>
   </div>
   <div class='ocr_carea' id='block_1_54' title="bbox 434 3474 2099 3543">
    <p class='ocr_par' dir='ltr' id='par_1_54' title="bbox 434 3474 2099 3543">
     <span class='ocr_line' id='line_1_54' title="bbox 434 3474 2099 3543; baseline 0.003 -14"><span class='ocrx_word' id='word_1_390' title='bbox 434 3474 536 3540; x_wconf 90' lang='lat' dir='ltr'><strong>lia,</strong></span> <span class='ocrx_word' id='word_1_391' title='bbox 557 3475 737 3530; x_wconf 90' lang='lat' dir='ltr'><strong>rebus</strong></span> <span class='ocrx_word' id='word_1_392' title='bbox 763 3479 820 3530; x_wconf 91' lang='lat' dir='ltr'><strong>et</strong></span> <span class='ocrx_word' id='word_1_393' title='bbox 847 3475 1229 3532; x_wconf 87' lang='lat' dir='ltr'><strong>facultatibus</strong></span> <span class='ocrx_word' id='word_1_394' title='bbox 1252 3477 1555 3543; x_wconf 84' lang='lat' dir='ltr'><strong>omnibus,</strong></span> <span class='ocrx_word' id='word_1_395' title='bbox 1587 3475 1668 3532; x_wconf 90' lang='lat' dir='ltr'><strong>ad</strong></span> <span class='ocrx_word' id='word_1_396' title='bbox 1699 3477 1900 3534; x_wconf 89' lang='lat' dir='ltr'><strong>locum</strong></span> <span class='ocrx_word' id='word_1_397' title='bbox 1927 3477 2099 3535; x_wconf 88' lang='lat' dir='ltr'><strong>illum</strong></span> 
     </span>
    </p>
   </div>
   <div class='ocr_carea' id='block_1_55' title="bbox 437 3561 2098 3637">
    <p class='ocr_par' dir='ltr' id='par_1_55' title="bbox 437 3561 2098 3637">
     <span class='ocr_line' id='line_1_55' title="bbox 437 3561 2098 3637; baseline 0.005 -24"><span class='ocrx_word' id='word_1_398' title='bbox 437 3561 670 3616; x_wconf 89' lang='lat' dir='ltr'><strong>Christo</strong></span> <span class='ocrx_word' id='word_1_399' title='bbox 713 3561 865 3617; x_wconf 90' lang='lat' dir='ltr'><strong>duce</strong></span> <span class='ocrx_word' id='word_1_400' title='bbox 909 3561 1207 3633; x_wconf 87' lang='lat' dir='ltr'><strong>profectus</strong></span> <span class='ocrx_word' id='word_1_401' title='bbox 1259 3565 1368 3631; x_wconf 89' lang='lat' dir='ltr'><strong>est,</strong></span> <span class='ocrx_word' id='word_1_402' title='bbox 1421 3563 1603 3618; x_wconf 90' lang='lat' dir='ltr'><strong>rebus</strong></span> <span class='ocrx_word' id='word_1_403' title='bbox 1651 3561 1898 3635; x_wconf 87' lang='lat' dir='ltr'><strong>quidem</strong></span> <span class='ocrx_word' id='word_1_404' title='bbox 1951 3581 2098 3637; x_wconf 87' lang='lat' dir='ltr'><strong>pau-</strong></span> 
     </span>
    </p>
   </div>
   <div class='ocr_carea' id='block_1_56' title="bbox 435 3648 2096 3722">
    <p class='ocr_par' dir='ltr' id='par_1_56' title="bbox 435 3648 2096 3722">
     <span class='ocr_line' id='line_1_56' title="bbox 435 3648 2096 3722; baseline 0.003 -18"><span class='ocrx_word' id='word_1_405' title='bbox 435 3664 562 3720; x_wconf 86' lang='lat' dir='ltr'><strong>per,</strong></span> <span class='ocrx_word' id='word_1_406' title='bbox 592 3648 698 3704; x_wconf 92' lang='lat' dir='ltr'><strong>sed</strong></span> <span class='ocrx_word' id='word_1_407' title='bbox 725 3650 950 3705; x_wconf 88' lang='lat' dir='ltr'><strong>meritis</strong></span> <span class='ocrx_word' id='word_1_408' title='bbox 975 3649 1162 3706; x_wconf 91' lang='lat' dir='ltr'><strong>dives.</strong></span> <span class='ocrx_word' id='word_1_409' title='bbox 1186 3651 1342 3705; x_wconf 89' lang='lat' dir='ltr'><strong>Nihil</strong></span> <span class='ocrx_word' id='word_1_410' title='bbox 1366 3651 1494 3722; x_wconf 90' lang='lat' dir='ltr'><strong>jam</strong></span> <span class='ocrx_word' id='word_1_411' title='bbox 1520 3652 1580 3706; x_wconf 93' lang='lat' dir='ltr'><strong>in</strong></span> <span class='ocrx_word' id='word_1_412' title='bbox 1605 3652 1718 3708; x_wconf 91' lang='lat' dir='ltr'><strong>hoc</strong></span> <span class='ocrx_word' id='word_1_413' title='bbox 1739 3653 1969 3709; x_wconf 91' lang='lat' dir='ltr'><strong>mundo</strong></span> <span class='ocrx_word' id='word_1_414' title='bbox 1991 3655 2096 3710; x_wconf 90' lang='lat' dir='ltr'><strong>ha-</strong></span> 
     </span>
    </p>
   </div>
   <div class='ocr_carea' id='block_1_57' title="bbox 339 3735 2094 3812">
    <p class='ocr_par' dir='ltr' id='par_1_57' title="bbox 339 3735 2094 3812">
     <span class='ocr_line' id='line_1_57' title="bbox 339 3735 2094 3812; baseline 0.004 -22"><span class='ocrx_word' id='word_1_415' title='bbox 339 3801 344 3808; x_wconf 35' lang='lat'>.</span> <span class='ocrx_word' id='word_1_416' title='bbox 435 3735 575 3791; x_wconf 90' lang='lat' dir='ltr'><strong>bere</strong></span> <span class='ocrx_word' id='word_1_417' title='bbox 619 3737 876 3805; x_wconf 88' lang='lat' dir='ltr'><strong>volebat,</strong></span> <span class='ocrx_word' id='word_1_418' title='bbox 909 3741 1038 3794; x_wconf 89' lang='lat' dir='ltr'><strong>uta</strong></span> <span class='ocrx_word' id='word_1_419' title='bbox 1069 3739 1322 3794; x_wconf 90' lang='lat' dir='ltr'><strong>Domino</strong></span> <span class='ocrx_word' id='word_1_420' title='bbox 1355 3739 1528 3810; x_wconf 77' lang='lat' dir='ltr'><strong>juxta</strong></span> <span class='ocrx_word' id='word_1_421' title='bbox 1552 3739 1708 3795; x_wconf 90' lang='lat' dir='ltr'><strong>illius</strong></span> <span class='ocrx_word' id='word_1_422' title='bbox 1749 3741 2094 3812; x_wconf 89' lang='lat' dir='ltr'><strong>promissio-</strong></span> 
     </span>
    </p>
   </div>
   <div class='ocr_carea' id='block_1_58' title="bbox 433 3827 2092 3901">
    <p class='ocr_par' dir='ltr' id='par_1_58' title="bbox 433 3827 2092 3901">
     <span class='ocr_line' id='line_1_58' title="bbox 433 3827 2092 3901; baseline 0.004 -20"><span class='ocrx_word' id='word_1_423' title='bbox 433 3842 574 3882; x_wconf 92' lang='lat' dir='ltr'><strong>nem</strong></span> <span class='ocrx_word' id='word_1_424' title='bbox 606 3827 954 3900; x_wconf 89' lang='lat' dir='ltr'><strong>centuplum</strong></span> <span class='ocrx_word' id='word_1_425' title='bbox 1000 3829 1312 3901; x_wconf 89' lang='lat' dir='ltr'><strong>aceiperet,</strong></span> <span class='ocrx_word' id='word_1_426' title='bbox 1343 3833 1400 3886; x_wconf 91' lang='lat' dir='ltr'><strong>et</strong></span> <span class='ocrx_word' id='word_1_427' title='bbox 1453 3829 1585 3885; x_wconf 73' lang='lat' dir='ltr'><strong>vitae</strong></span> <span class='ocrx_word' id='word_1_428' title='bbox 1617 3833 1850 3886; x_wconf 81' lang='lat' dir='ltr'><strong>aeternae</strong></span> <span class='ocrx_word' id='word_1_429' title='bbox 1901 3831 2092 3888; x_wconf 67' lang='lat' dir='ltr'><strong>haeres</strong></span> 
     </span>
    </p>
   </div>
   <div class='ocr_carea' id='block_1_59' title="bbox 435 3920 1282 3971">
    <p class='ocr_par' dir='ltr' id='par_1_59' title="bbox 435 3920 1282 3971">
     <span class='ocr_line' id='line_1_59' title="bbox 435 3920 1282 3971; baseline 0.001 -3"><span class='ocrx_word' id='word_1_430' title='bbox 435 3930 567 3970; x_wconf 91' lang='lat' dir='ltr'><strong>esse</strong></span> <span class='ocrx_word' id='word_1_431' title='bbox 605 3920 946 3971; x_wconf 86' lang='lat' dir='ltr'><strong>mereretur.</strong></span> <span class='ocrx_word' id='word_1_432' title='bbox 1279 3937 1282 3940; x_wconf 57' lang='grc'><strong>’</strong></span> 
     </span>
    </p>
   </div>
   <div class='ocr_carea' id='block_1_60' title="bbox 505 4004 2092 4080">
    <p class='ocr_par' dir='ltr' id='par_1_60' title="bbox 505 4004 2092 4080">
     <span class='ocr_line' id='line_1_60' title="bbox 505 4004 2092 4080; baseline 0.004 -23"><span class='ocrx_word' id='word_1_433' title='bbox 505 4004 598 4058; x_wconf 91' lang='lat' dir='ltr'><strong>IIl.</strong></span> <span class='ocrx_word' id='word_1_434' title='bbox 633 4005 770 4060; x_wconf 88' lang='lat' dir='ltr'><strong>Erat</strong></span> <span class='ocrx_word' id='word_1_435' title='bbox 812 4021 918 4076; x_wconf 92' lang='lat' dir='ltr'><strong>per</strong></span> <span class='ocrx_word' id='word_1_436' title='bbox 945 4004 1022 4070; x_wconf 16' lang='lat' dir='ltr'><strong>id,</strong></span> <span class='ocrx_word' id='word_1_437' title='bbox 1049 4007 1282 4077; x_wconf 91' lang='lat' dir='ltr'><strong>tempus</strong></span> <span class='ocrx_word' id='word_1_438' title='bbox 1326 4005 1570 4076; x_wconf 88' lang='lat' dir='ltr'><strong>Trajecti</strong></span> <span class='ocrx_word' id='word_1_439' title='bbox 1621 4005 1939 4080; x_wconf 85' lang='lat' dir='ltr'><strong>episcopus</strong></span> <span class='ocrx_word' id='word_1_440' title='bbox 1969 4005 2092 4063; x_wconf 83' lang='lat' dir='ltr'><strong>exi-</strong></span> 
     </span>
    </p>
   </div>
   <div class='ocr_carea' id='block_1_61' title="bbox 433 4093 2092 4168">
    <p class='ocr_par' dir='ltr' id='par_1_61' title="bbox 433 4093 2092 4168">
     <span class='ocr_line' id='line_1_61' title="bbox 433 4093 2092 4168; baseline 0.002 -20"><span class='ocrx_word' id='word_1_441' title='bbox 433 4093 556 4148; x_wconf 90' lang='lat' dir='ltr'><strong>mia</strong></span> <span class='ocrx_word' id='word_1_442' title='bbox 611 4093 939 4160; x_wconf 88' lang='lat' dir='ltr'><strong>sanctitate,</strong></span> <span class='ocrx_word' id='word_1_443' title='bbox 993 4094 1340 4149; x_wconf 89' lang='lat' dir='ltr'><strong>Fredericus</strong></span> <span class='ocrx_word' id='word_1_444' title='bbox 1397 4094 1660 4164; x_wconf 88' lang='lat' dir='ltr'><strong>nomine,</strong></span> <span class='ocrx_word' id='word_1_445' title='bbox 1719 4095 1824 4168; x_wconf 91' lang='lat' dir='ltr'><strong>qui</strong></span> <span class='ocrx_word' id='word_1_446' title='bbox 1899 4097 2092 4152; x_wconf 72' lang='lat' dir='ltr'><strong>virum</strong></span> 
     </span>
    </p>
   </div>
   <div class='ocr_carea' id='block_1_62' title="bbox 435 4180 2092 4255">
    <p class='ocr_par' dir='ltr' id='par_1_62' title="bbox 435 4180 2092 4255">
     <span class='ocr_line' id='line_1_62' title="bbox 435 4180 2092 4255; baseline 0.004 -20"><span class='ocrx_word' id='word_1_447' title='bbox 435 4180 536 4236; x_wconf 91' lang='lat' dir='ltr'><strong>Dei</strong></span> <span class='ocrx_word' id='word_1_448' title='bbox 589 4197 730 4236; x_wconf 86' lang='lat' dir='ltr'><strong>cum</strong></span> <span class='ocrx_word' id='word_1_449' title='bbox 784 4181 973 4238; x_wconf 89' lang='lat' dir='ltr'><strong>multo</strong></span> <span class='ocrx_word' id='word_1_450' title='bbox 1003 4181 1226 4251; x_wconf 87' lang='lat' dir='ltr'><strong>gaudio</strong></span> <span class='ocrx_word' id='word_1_451' title='bbox 1265 4187 1322 4238; x_wconf 91' lang='lat' dir='ltr'><strong>et</strong></span> <span class='ocrx_word' id='word_1_452' title='bbox 1348 4183 1574 4238; x_wconf 92' lang='lat' dir='ltr'><strong>honore</strong></span> <span class='ocrx_word' id='word_1_453' title='bbox 1623 4183 1873 4255; x_wconf 79' lang='lat' dir='ltr'><strong>excepit.</strong></span> <span class='ocrx_word' id='word_1_454' title='bbox 1927 4187 2092 4241; x_wconf 86' lang='lat' dir='ltr'><strong>Fece-</strong></span> 
     </span>
    </p>
   </div>
   <div class='ocr_carea' id='block_1_63' title="bbox 433 4269 2068 4343">
    <p class='ocr_par' dir='ltr' id='par_1_63' title="bbox 433 4269 2068 4343">
     <span class='ocr_line' id='line_1_63' title="bbox 433 4269 2068 4343; baseline 0.005 -19"><span class='ocrx_word' id='word_1_455' title='bbox 433 4273 574 4324; x_wconf 90' lang='lat' dir='ltr'><strong>runt</strong></span> <span class='ocrx_word' id='word_1_456' title='bbox 591 4269 754 4324; x_wconf 90' lang='lat' dir='ltr'><strong>idem</strong></span> <span class='ocrx_word' id='word_1_457' title='bbox 777 4286 988 4326; x_wconf 90' lang='lat' dir='ltr'><strong>omnes</strong></span> <span class='ocrx_word' id='word_1_458' title='bbox 1019 4271 1172 4326; x_wconf 88' lang='lat' dir='ltr'><strong>servi</strong></span> <span class='ocrx_word' id='word_1_459' title='bbox 1205 4271 1303 4326; x_wconf 91' lang='lat' dir='ltr'><strong>Dei</strong></span> <span class='ocrx_word' id='word_1_460' title='bbox 1325 4271 1430 4343; x_wconf 92' lang='lat' dir='ltr'><strong>qui</strong></span> <span class='ocrx_word' id='word_1_461' title='bbox 1453 4271 1567 4326; x_wconf 89' lang='lat' dir='ltr'><strong>illic</strong></span> <span class='ocrx_word' id='word_1_462' title='bbox 1599 4276 1768 4328; x_wconf 91' lang='lat' dir='ltr'><strong>erant</strong></span> <span class='ocrx_word' id='word_1_463' title='bbox 1793 4272 2068 4332; x_wconf 88' lang='lat' dir='ltr'><strong>adnutati</strong></span> 
     </span>
    </p>
   </div>
   <div class='ocr_carea' id='block_1_64' title="bbox 433 4356 2090 4436">
    <p class='ocr_par' dir='ltr' id='par_1_64' title="bbox 433 4356 2090 4436">
     <span class='ocr_line' id='line_1_64' title="bbox 433 4356 2090 4436; baseline 0.005 -25"><span class='ocrx_word' id='word_1_464' title='bbox 433 4373 508 4412; x_wconf 82' lang='lat' dir='ltr'><strong>ex</strong></span> <span class='ocrx_word' id='word_1_465' title='bbox 537 4356 745 4412; x_wconf 91' lang='lat' dir='ltr'><strong>animo</strong></span> <span class='ocrx_word' id='word_1_466' title='bbox 775 4359 888 4414; x_wconf 90' lang='lat' dir='ltr'><strong>sibi</strong></span> <span class='ocrx_word' id='word_1_467' title='bbox 937 4359 1300 4428; x_wconf 88' lang='lat' dir='ltr'><strong>gratulantes</strong></span> <span class='ocrx_word' id='word_1_468' title='bbox 1343 4363 1470 4414; x_wconf 89' lang='lat' dir='ltr'><strong>tam</strong></span> <span class='ocrx_word' id='word_1_469' title='bbox 1518 4365 1814 4429; x_wconf 89' lang='lat' dir='ltr'><strong>sanctum,</strong></span> <span class='ocrx_word' id='word_1_470' title='bbox 1845 4366 2090 4436; x_wconf 88' lang='lat' dir='ltr'><strong>tamque</strong></span> 
     </span>
    </p>
   </div>
   <div class='ocr_carea' id='block_1_65' title="bbox 431 4441 2090 4518">
    <p class='ocr_par' dir='ltr' id='par_1_65' title="bbox 431 4441 2090 4518">
     <span class='ocr_line' id='line_1_65' title="bbox 431 4441 2090 4518; baseline 0.007 -21"><span class='ocrx_word' id='word_1_471' title='bbox 431 4441 776 4512; x_wconf 88' lang='lat' dir='ltr'><strong>religiosum</strong></span> <span class='ocrx_word' id='word_1_472' title='bbox 802 4445 881 4501; x_wconf 90' lang='lat' dir='ltr'><strong>ad</strong></span> <span class='ocrx_word' id='word_1_473' title='bbox 911 4447 1074 4518; x_wconf 90' lang='lat' dir='ltr'><strong>ipsos</strong></span> <span class='ocrx_word' id='word_1_474' title='bbox 1105 4446 1204 4500; x_wconf 91' lang='lat' dir='ltr'><strong>Dei</strong></span> <span class='ocrx_word' id='word_1_475' title='bbox 1249 4445 1542 4503; x_wconf 83' lang='lat' dir='ltr'><strong>famulum</strong></span> <span class='ocrx_word' id='word_1_476' title='bbox 1599 4450 1939 4507; x_wconf 87' lang='lat' dir='ltr'><strong>accessisse.</strong></span> <span class='ocrx_word' id='word_1_477' title='bbox 1975 4455 2090 4508; x_wconf 84' lang='lat' dir='ltr'><strong>Nec</strong></span> 
     </span>
    </p>
   </div>
   <div class='ocr_carea' id='block_1_66' title="bbox 431 4533 2092 4612">
    <p class='ocr_par' dir='ltr' id='par_1_66' title="bbox 431 4533 2092 4612">
     <span class='ocr_line' id='line_1_66' title="bbox 431 4533 2092 4612; baseline 0.006 -25"><span class='ocrx_word' id='word_1_478' title='bbox 431 4533 625 4604; x_wconf 89' lang='lat' dir='ltr'><strong>potuit</strong></span> <span class='ocrx_word' id='word_1_479' title='bbox 648 4533 754 4590; x_wconf 90' lang='lat' dir='ltr'><strong>diu</strong></span> <span class='ocrx_word' id='word_1_480' title='bbox 777 4533 908 4591; x_wconf 89' lang='lat' dir='ltr'><strong>illos</strong></span> <span class='ocrx_word' id='word_1_481' title='bbox 941 4533 1132 4592; x_wconf 88' lang='lat' dir='ltr'><strong>celare</strong></span> <span class='ocrx_word' id='word_1_482' title='bbox 1151 4535 1318 4608; x_wconf 92' lang='lat' dir='ltr'><strong>quod</strong></span> <span class='ocrx_word' id='word_1_483' title='bbox 1355 4536 1530 4592; x_wconf 88' lang='lat' dir='ltr'><strong>oculo</strong></span> <span class='ocrx_word' id='word_1_484' title='bbox 1556 4537 1774 4594; x_wconf 68' lang='lat' dir='ltr'><strong>divinas</strong></span> <span class='ocrx_word' id='word_1_485' title='bbox 1813 4541 2092 4612; x_wconf 89' lang='lat' dir='ltr'><strong>majesta-</strong></span> 
     </span>
    </p>
   </div>
   <div class='ocr_carea' id='block_1_67' title="bbox 432 4620 2090 4699">
    <p class='ocr_par' dir='ltr' id='par_1_67' title="bbox 432 4620 2090 4699">
     <span class='ocr_line' id='line_1_67' title="bbox 432 4620 2090 4699; baseline 0.004 -22"><span class='ocrx_word' id='word_1_486' title='bbox 432 4620 504 4676; x_wconf 91' lang='lat' dir='ltr'><strong>tis</strong></span> <span class='ocrx_word' id='word_1_487' title='bbox 533 4637 655 4677; x_wconf 90' lang='lat' dir='ltr'><strong>non</strong></span> <span class='ocrx_word' id='word_1_488' title='bbox 679 4621 866 4679; x_wconf 87' lang='lat' dir='ltr'><strong>latuit.</strong></span> <span class='ocrx_word' id='word_1_489' title='bbox 903 4622 1018 4679; x_wconf 93' lang='lat' dir='ltr'><strong>Sed</strong></span> <span class='ocrx_word' id='word_1_490' title='bbox 1069 4637 1208 4686; x_wconf 78' lang='lat' dir='ltr'><strong>cum</strong></span> <span class='ocrx_word' id='word_1_491' title='bbox 1267 4623 1698 4698; x_wconf 87' lang='lat' dir='ltr'><strong>aliquantisper</strong></span> <span class='ocrx_word' id='word_1_492' title='bbox 1753 4629 1917 4699; x_wconf 89' lang='lat' dir='ltr'><strong>apud</strong></span> <span class='ocrx_word' id='word_1_493' title='bbox 1959 4629 2090 4684; x_wconf 91' lang='lat' dir='ltr'><strong>illos</strong></span> 
     </span>
    </p>
   </div>
   <div class='ocr_carea' id='block_1_68' title="bbox 430 4710 2090 4782">
    <p class='ocr_par' dir='ltr' id='par_1_68' title="bbox 430 4710 2090 4782">
     <span class='ocr_line' id='line_1_68' title="bbox 430 4710 2090 4782; baseline 0.006 -19"><span class='ocrx_word' id='word_1_494' title='bbox 430 4715 698 4766; x_wconf 87' lang='lat' dir='ltr'><strong>moratus</strong></span> <span class='ocrx_word' id='word_1_495' title='bbox 725 4716 898 4782; x_wconf 87' lang='lat' dir='ltr'><strong>esset,</strong></span> <span class='ocrx_word' id='word_1_496' title='bbox 929 4710 1212 4767; x_wconf 87' lang='lat' dir='ltr'><strong>omnibus</strong></span> <span class='ocrx_word' id='word_1_497' title='bbox 1239 4713 1458 4768; x_wconf 89' lang='lat' dir='ltr'><strong>ardens</strong></span> <span class='ocrx_word' id='word_1_498' title='bbox 1479 4713 1702 4770; x_wconf 73' lang='lat' dir='ltr'><strong>caelesti</strong></span> <span class='ocrx_word' id='word_1_499' title='bbox 1729 4714 1954 4772; x_wconf 89' lang='lat' dir='ltr'><strong>lumine</strong></span> <span class='ocrx_word' id='word_1_500' title='bbox 1997 4716 2090 4772; x_wconf 83' lang='lat' dir='ltr'><strong>lu-</strong></span> 
     </span>
    </p>
   </div>
   <div class='ocr_carea' id='block_1_69' title="bbox 431 4797 2088 4873">
    <p class='ocr_par' dir='ltr' id='par_1_69' title="bbox 431 4797 2088 4873">
     <span class='ocr_line' id='line_1_69' title="bbox 431 4797 2088 4873; baseline 0.006 -23"><span class='ocrx_word' id='word_1_501' title='bbox 431 4811 610 4853; x_wconf 89' lang='lat' dir='ltr'><strong>cerna</strong></span> <span class='ocrx_word' id='word_1_502' title='bbox 637 4797 1025 4871; x_wconf 81' lang='lat' dir='ltr'><strong>resplenduit.</strong></span> <span class='ocrx_word' id='word_1_503' title='bbox 1058 4801 1195 4856; x_wconf 83' lang='lat' dir='ltr'><strong>Erat</strong></span> <span class='ocrx_word' id='word_1_504' title='bbox 1237 4801 1398 4856; x_wconf 90' lang='lat' dir='ltr'><strong>enim</strong></span> <span class='ocrx_word' id='word_1_505' title='bbox 1441 4800 1504 4856; x_wconf 89' lang='lat' dir='ltr'><strong>in</strong></span> <span class='ocrx_word' id='word_1_506' title='bbox 1531 4802 1748 4873; x_wconf 85' lang='lat' dir='ltr'><strong>vigiliis</strong></span> <span class='ocrx_word' id='word_1_507' title='bbox 1785 4807 2088 4872; x_wconf 88' lang='lat' dir='ltr'><strong>strenuus,</strong></span> 
     </span>
    </p>
   </div>
   <div class='ocr_carea' id='block_1_70' title="bbox 431 4883 2093 4960">
    <p class='ocr_par' dir='ltr' id='par_1_70' title="bbox 431 4883 2093 4960">
     <span class='ocr_line' id='line_1_70' title="bbox 431 4883 2093 4960; baseline 0.009 -24"><span class='ocrx_word' id='word_1_508' title='bbox 431 4883 491 4937; x_wconf 92' lang='lat' dir='ltr'><strong>in</strong></span> <span class='ocrx_word' id='word_1_509' title='bbox 516 4884 758 4954; x_wconf 88' lang='lat' dir='ltr'><strong>jejuniis</strong></span> <span class='ocrx_word' id='word_1_510' title='bbox 810 4892 1044 4958; x_wconf 85' lang='lat' dir='ltr'><strong>potens,</strong></span> <span class='ocrx_word' id='word_1_511' title='bbox 1094 4887 1156 4944; x_wconf 92' lang='lat' dir='ltr'><strong>in</strong></span> <span class='ocrx_word' id='word_1_512' title='bbox 1201 4889 1468 4946; x_wconf 90' lang='lat' dir='ltr'><strong>oratione</strong></span> <span class='ocrx_word' id='word_1_513' title='bbox 1507 4891 1774 4960; x_wconf 90' lang='lat' dir='ltr'><strong>sedulus,</strong></span> <span class='ocrx_word' id='word_1_514' title='bbox 1805 4891 1866 4948; x_wconf 92' lang='lat' dir='ltr'><strong>in</strong></span> <span class='ocrx_word' id='word_1_515' title='bbox 1919 4909 2093 4950; x_wconf 86' lang='lat' dir='ltr'><strong>saera</strong></span> 
     </span>
    </p>
   </div>
   <div class='ocr_carea' id='block_1_71' title="bbox 429 4969 2089 5050">
    <p class='ocr_par' dir='ltr' id='par_1_71' title="bbox 429 4969 2089 5050">
     <span class='ocr_line' id='line_1_71' title="bbox 429 4969 2089 5050; baseline 0.008 -25"><span class='ocrx_word' id='word_1_516' title='bbox 429 4969 682 5027; x_wconf 86' lang='lat' dir='ltr'><strong>lectione</strong></span> <span class='ocrx_word' id='word_1_517' title='bbox 706 4974 1032 5042; x_wconf 88' lang='lat' dir='ltr'><strong>studiosus,</strong></span> <span class='ocrx_word' id='word_1_518' title='bbox 1057 4976 1118 5030; x_wconf 90' lang='lat' dir='ltr'><strong>in</strong></span> <span class='ocrx_word' id='word_1_519' title='bbox 1141 4977 1536 5050; x_wconf 88' lang='lat' dir='ltr'><strong>eleemosynis</strong></span> <span class='ocrx_word' id='word_1_520' title='bbox 1561 4979 1766 5050; x_wconf 90' lang='lat' dir='ltr'><strong>largus</strong></span> <span class='ocrx_word' id='word_1_521' title='bbox 1787 4981 1849 5036; x_wconf 91' lang='lat' dir='ltr'><strong>in</strong></span> <span class='ocrx_word' id='word_1_522' title='bbox 1875 4997 2089 5038; x_wconf 88' lang='lat' dir='ltr'><strong>curan-</strong></span> 
     </span>
    </p>
   </div>
   <div class='ocr_carea' id='block_1_72' title="bbox 431 5059 2090 5140">
    <p class='ocr_par' dir='ltr' id='par_1_72' title="bbox 431 5059 2090 5140">
     <span class='ocr_line' id='line_1_72' title="bbox 431 5059 2090 5140; baseline 0.008 -26"><span class='ocrx_word' id='word_1_523' title='bbox 431 5059 524 5114; x_wconf 89' lang='lat' dir='ltr'><strong>dis</strong></span> <span class='ocrx_word' id='word_1_524' title='bbox 548 5061 920 5133; x_wconf 87' lang='lat' dir='ltr'><strong>pauperibus</strong></span> <span class='ocrx_word' id='word_1_525' title='bbox 967 5063 1237 5130; x_wconf 87' lang='lat' dir='ltr'><strong>celebris,</strong></span> <span class='ocrx_word' id='word_1_526' title='bbox 1269 5066 1330 5120; x_wconf 91' lang='lat' dir='ltr'><strong>in</strong></span> <span class='ocrx_word' id='word_1_527' title='bbox 1379 5066 1786 5140; x_wconf 85' lang='lat' dir='ltr'><strong>hospitalitate</strong></span> <span class='ocrx_word' id='word_1_528' title='bbox 1831 5069 2090 5136; x_wconf 83' lang='lat' dir='ltr'><strong>fervens,</strong></span> 
     </span>
    </p>
   </div>
   <div class='ocr_carea' id='block_1_73' title="bbox 429 5148 2092 5230">
    <p class='ocr_par' dir='ltr' id='par_1_73' title="bbox 429 5148 2092 5230">
     <span class='ocr_line' id='line_1_73' title="bbox 429 5148 2092 5230; baseline 0.006 -26"><span class='ocrx_word' id='word_1_529' title='bbox 429 5148 490 5205; x_wconf 91' lang='lat' dir='ltr'><strong>in</strong></span> <span class='ocrx_word' id='word_1_530' title='bbox 519 5149 701 5205; x_wconf 87' lang='lat' dir='ltr'><strong>rebus</strong></span> <span class='ocrx_word' id='word_1_531' title='bbox 729 5149 1144 5207; x_wconf 85' lang='lat' dir='ltr'><strong>ecclesiasticis</strong></span> <span class='ocrx_word' id='word_1_532' title='bbox 1193 5153 1618 5212; x_wconf 87' lang='lat' dir='ltr'><strong>distribuendis</strong></span> <span class='ocrx_word' id='word_1_533' title='bbox 1665 5159 1950 5230; x_wconf 90' lang='lat' dir='ltr'><strong>prudens.</strong></span> <span class='ocrx_word' id='word_1_534' title='bbox 1987 5163 2092 5214; x_wconf 89' lang='lat' dir='ltr'><strong>De-</strong></span> 
     </span>
    </p>
   </div>
   <div class='ocr_carea' id='block_1_74' title="bbox 427 5237 2092 5318">
    <p class='ocr_par' dir='ltr' id='par_1_74' title="bbox 427 5237 2092 5318">
     <span class='ocr_line' id='line_1_74' title="bbox 427 5237 2092 5318; baseline 0.005 -25"><span class='ocrx_word' id='word_1_535' title='bbox 427 5238 610 5311; x_wconf 86' lang='lat' dir='ltr'><strong>nique</strong></span> <span class='ocrx_word' id='word_1_536' title='bbox 639 5237 862 5311; x_wconf 89' lang='lat' dir='ltr'><strong>quibus</strong></span> <span class='ocrx_word' id='word_1_537' title='bbox 887 5243 1024 5312; x_wconf 91' lang='lat' dir='ltr'><strong>post</strong></span> <span class='ocrx_word' id='word_1_538' title='bbox 1071 5239 1391 5297; x_wconf 88' lang='lat' dir='ltr'><strong>antistitem</strong></span> <span class='ocrx_word' id='word_1_539' title='bbox 1445 5243 1760 5316; x_wconf 74' lang='lat' dir='ltr'><strong>praefectus</strong></span> <span class='ocrx_word' id='word_1_540' title='bbox 1819 5252 1964 5318; x_wconf 90' lang='lat' dir='ltr'><strong>erat,</strong></span> <span class='ocrx_word' id='word_1_541' title='bbox 1989 5263 2092 5305; x_wconf 89' lang='lat' dir='ltr'><strong>eos</strong></span> 
     </span>
    </p>
   </div>
   <div class='ocr_carea' id='block_1_75' title="bbox 429 5329 2090 5409">
    <p class='ocr_par' dir='ltr' id='par_1_75' title="bbox 429 5329 2090 5409">
     <span class='ocr_line' id='line_1_75' title="bbox 429 5329 2090 5409; baseline 0.008 -28"><span class='ocrx_word' id='word_1_542' title='bbox 429 5341 640 5382; x_wconf 90' lang='lat' dir='ltr'><strong>omnes</strong></span> <span class='ocrx_word' id='word_1_543' title='bbox 665 5329 887 5384; x_wconf 91' lang='lat' dir='ltr'><strong>mirum</strong></span> <span class='ocrx_word' id='word_1_544' title='bbox 917 5329 980 5384; x_wconf 87' lang='lat' dir='ltr'><strong>in</strong></span> <span class='ocrx_word' id='word_1_545' title='bbox 1015 5329 1270 5386; x_wconf 90' lang='lat' dir='ltr'><strong>modum</strong></span> <span class='ocrx_word' id='word_1_546' title='bbox 1299 5333 1710 5390; x_wconf 86' lang='lat' dir='ltr'><strong>antecedebat.</strong></span> <span class='ocrx_word' id='word_1_547' title='bbox 1755 5339 1954 5409; x_wconf 90' lang='lat' dir='ltr'><strong>Neque</strong></span> <span class='ocrx_word' id='word_1_548' title='bbox 1985 5337 2090 5393; x_wconf 88' lang='lat' dir='ltr'><strong>ali-</strong></span> 
     </span>
    </p>
   </div>
   <div class='ocr_carea' id='block_1_76' title="bbox 429 5417 2093 5498">
    <p class='ocr_par' dir='ltr' id='par_1_76' title="bbox 429 5417 2093 5498">
     <span class='ocr_line' id='line_1_76' title="bbox 429 5417 2093 5498; baseline 0.007 -28"><span class='ocrx_word' id='word_1_549' title='bbox 429 5420 516 5471; x_wconf 89' lang='lat' dir='ltr'><strong>ter</strong></span> <span class='ocrx_word' id='word_1_550' title='bbox 545 5417 639 5471; x_wconf 89' lang='lat' dir='ltr'><strong>vel</strong></span> <span class='ocrx_word' id='word_1_551' title='bbox 667 5417 746 5474; x_wconf 90' lang='lat' dir='ltr'><strong>ab</strong></span> <span class='ocrx_word' id='word_1_552' title='bbox 772 5419 1056 5476; x_wconf 89' lang='lat' dir='ltr'><strong>omnibus</strong></span> <span class='ocrx_word' id='word_1_553' title='bbox 1083 5419 1214 5488; x_wconf 90' lang='lat' dir='ltr'><strong>illis,</strong></span> <span class='ocrx_word' id='word_1_554' title='bbox 1247 5421 1341 5478; x_wconf 92' lang='lat' dir='ltr'><strong>vel</strong></span> <span class='ocrx_word' id='word_1_555' title='bbox 1369 5421 1449 5478; x_wconf 89' lang='lat' dir='ltr'><strong>ab</strong></span> <span class='ocrx_word' id='word_1_556' title='bbox 1475 5423 1608 5496; x_wconf 90' lang='lat' dir='ltr'><strong>ipso</strong></span> <span class='ocrx_word' id='word_1_557' title='bbox 1639 5425 1818 5482; x_wconf 89' lang='lat' dir='ltr'><strong>etiam</strong></span> <span class='ocrx_word' id='word_1_558' title='bbox 1871 5443 2093 5498; x_wconf 68' lang='lat' dir='ltr'><strong>praesu-</strong></span> 
     </span>
    </p>
   </div>
   <div class='ocr_carea' id='block_1_77' title="bbox 423 5504 2091 5586">
    <p class='ocr_par' dir='ltr' id='par_1_77' title="bbox 423 5504 2091 5586">
     <span class='ocr_line' id='line_1_77' title="bbox 423 5504 2091 5586; baseline 0.007 -27"><span class='ocrx_word' id='word_1_559' title='bbox 423 5504 498 5574; x_wconf 90' lang='lat' dir='ltr'><strong>le,</strong></span> <span class='ocrx_word' id='word_1_560' title='bbox 553 5519 740 5575; x_wconf 87' lang='lat' dir='ltr'><strong>quam</strong></span> <span class='ocrx_word' id='word_1_561' title='bbox 769 5510 1113 5566; x_wconf 87' lang='lat' dir='ltr'><strong>monasterii</strong></span> <span class='ocrx_word' id='word_1_562' title='bbox 1169 5513 1340 5567; x_wconf 84' lang='lat' dir='ltr'><strong>Pater</strong></span> <span class='ocrx_word' id='word_1_563' title='bbox 1395 5512 1748 5576; x_wconf 85' lang='lat' dir='ltr'><strong>vocabatur,</strong></span> <span class='ocrx_word' id='word_1_564' title='bbox 1777 5517 1956 5586; x_wconf 80' lang='lat' dir='ltr'><strong>atque</strong></span> <span class='ocrx_word' id='word_1_565' title='bbox 2011 5514 2091 5570; x_wconf 87' lang='lat' dir='ltr'><strong>ab</strong></span> 
     </span>
    </p>
   </div>
   <div class='ocr_carea' id='block_1_78' title="bbox 427 5593 2090 5674">
    <p class='ocr_par' dir='ltr' id='par_1_78' title="bbox 427 5593 2090 5674">
     <span class='ocr_line' id='line_1_78' title="bbox 427 5593 2090 5674; baseline 0.008 -26"><span class='ocrx_word' id='word_1_566' title='bbox 427 5593 561 5665; x_wconf 86' lang='lat' dir='ltr'><strong>ejus</strong></span> <span class='ocrx_word' id='word_1_567' title='bbox 617 5607 722 5650; x_wconf 89' lang='lat' dir='ltr'><strong>ore</strong></span> <span class='ocrx_word' id='word_1_568' title='bbox 771 5609 984 5654; x_wconf 71' lang='lat' dir='ltr'><strong>omnes</strong></span> <span class='ocrx_word' id='word_1_569' title='bbox 1037 5599 1362 5673; x_wconf 83' lang='lat' dir='ltr'><strong>cupiebant</strong></span> <span class='ocrx_word' id='word_1_570' title='bbox 1427 5601 1698 5674; x_wconf 87' lang='lat' dir='ltr'><strong>accipere</strong></span> <span class='ocrx_word' id='word_1_571' title='bbox 1745 5602 2090 5662; x_wconf 78' lang='lat' dir='ltr'><strong>consilium.</strong></span> 
     </span>
    </p>
   </div>
   <div class='ocr_carea' id='block_1_79' title="bbox 2073 4317 2166 4380">
    <p class='ocr_par' dir='ltr' id='par_1_79' title="bbox 2073 4317 2166 4380">
     <span class='ocr_line' id='line_1_79' title="bbox 2073 4317 2166 4380; baseline 0 0"><span class='ocrx_word' id='word_1_572' title='bbox 2073 4317 2166 4380; x_wconf 63' lang='lat' dir='ltr'><strong>,’D</strong></span> 
     </span>
    </p>
   </div>
   <div class='ocr_carea' id='block_1_80' title="bbox 2215 1703 3888 1777">
    <p class='ocr_par' dir='ltr' id='par_1_80' title="bbox 2215 1703 3888 1777">
     <span class='ocr_line' id='line_1_80' title="bbox 2215 1703 3888 1777; baseline -0.001 -18"><span class='ocrx_word' id='word_1_573' title='bbox 2215 1703 2614 1776; x_wconf 87' lang='lat' dir='ltr'><strong>consolantes,</strong></span> <span class='ocrx_word' id='word_1_574' title='bbox 2645 1709 2700 1760; x_wconf 89' lang='lat' dir='ltr'><strong>et</strong></span> <span class='ocrx_word' id='word_1_575' title='bbox 2725 1708 2790 1760; x_wconf 90' lang='lat' dir='ltr'><strong>ut</strong></span> <span class='ocrx_word' id='word_1_576' title='bbox 2807 1705 3028 1760; x_wconf 90' lang='lat' dir='ltr'><strong>summi</strong></span> <span class='ocrx_word' id='word_1_577' title='bbox 3049 1703 3202 1774; x_wconf 81' lang='lat' dir='ltr'><strong>regis</strong></span> <span class='ocrx_word' id='word_1_578' title='bbox 3225 1719 3534 1777; x_wconf 73' lang='lat' dir='ltr'><strong>praecones</strong></span> <span class='ocrx_word' id='word_1_579' title='bbox 3557 1717 3888 1772; x_wconf 84' lang='lat' dir='ltr'><strong>generosos</strong></span> 
     </span>
    </p>
   </div>
   <div class='ocr_carea' id='block_1_81' title="bbox 2215 1792 3886 1865">
    <p class='ocr_par' dir='ltr' id='par_1_81' title="bbox 2215 1792 3886 1865">
     <span class='ocr_line' id='line_1_81' title="bbox 2215 1792 3886 1865; baseline -0.001 -19"><span class='ocrx_word' id='word_1_580' title='bbox 2215 1793 2483 1860; x_wconf 87' lang='lat' dir='ltr'><strong>decebat,</strong></span> <span class='ocrx_word' id='word_1_581' title='bbox 2519 1793 2717 1862; x_wconf 86' lang='lat' dir='ltr'><strong>gladio</strong></span> <span class='ocrx_word' id='word_1_582' title='bbox 2759 1795 3003 1865; x_wconf 90' lang='lat' dir='ltr'><strong>spiritus</strong></span> <span class='ocrx_word' id='word_1_583' title='bbox 3043 1793 3276 1862; x_wconf 81' lang='lat' dir='ltr'><strong>egregie</strong></span> <span class='ocrx_word' id='word_1_584' title='bbox 3315 1792 3584 1860; x_wconf 87' lang='lat' dir='ltr'><strong>accincti,</strong></span> <span class='ocrx_word' id='word_1_585' title='bbox 3615 1807 3726 1863; x_wconf 89' lang='lat' dir='ltr'><strong>per</strong></span> <span class='ocrx_word' id='word_1_586' title='bbox 3785 1794 3886 1846; x_wconf 87' lang='lat' dir='ltr'><strong>Ee-</strong></span> 
     </span>
    </p>
   </div>
   <div class='ocr_carea' id='block_1_82' title="bbox 2216 1879 3890 1954">
    <p class='ocr_par' dir='ltr' id='par_1_82' title="bbox 2216 1879 3890 1954">
     <span class='ocr_line' id='line_1_82' title="bbox 2216 1879 3890 1954; baseline -0.001 -18"><span class='ocrx_word' id='word_1_587' title='bbox 2216 1879 2424 1937; x_wconf 88' lang='lat' dir='ltr'><strong>elesias</strong></span> <span class='ocrx_word' id='word_1_588' title='bbox 2460 1883 2680 1954; x_wconf 90' lang='lat' dir='ltr'><strong>pariter</strong></span> <span class='ocrx_word' id='word_1_589' title='bbox 2706 1882 2937 1954; x_wconf 85' lang='lat' dir='ltr'><strong>proﬁci,</strong></span> <span class='ocrx_word' id='word_1_590' title='bbox 2967 1883 3181 1938; x_wconf 87' lang='lat' dir='ltr'><strong>iterum</strong></span> <span class='ocrx_word' id='word_1_591' title='bbox 3211 1887 3390 1954; x_wconf 88' lang='lat' dir='ltr'><strong>atque</strong></span> <span class='ocrx_word' id='word_1_592' title='bbox 3421 1881 3640 1936; x_wconf 87' lang='lat' dir='ltr'><strong>iterum</strong></span> <span class='ocrx_word' id='word_1_593' title='bbox 3665 1896 3774 1935; x_wconf 88' lang='lat' dir='ltr'><strong>eas</strong></span> <span class='ocrx_word' id='word_1_594' title='bbox 3803 1881 3890 1935; x_wconf 90' lang='lat' dir='ltr'><strong>in-</strong></span> 
     </span>
    </p>
   </div>
   <div class='ocr_carea' id='block_1_83' title="bbox 2213 1967 3888 2044">
    <p class='ocr_par' dir='ltr' id='par_1_83' title="bbox 2213 1967 3888 2044">
     <span class='ocr_line' id='line_1_83' title="bbox 2213 1967 3888 2044; baseline -0.002 -18"><span class='ocrx_word' id='word_1_595' title='bbox 2213 1971 2423 2038; x_wconf 89' lang='lat' dir='ltr'><strong>visere,</strong></span> <span class='ocrx_word' id='word_1_596' title='bbox 2447 1971 2668 2027; x_wconf 87' lang='lat' dir='ltr'><strong>habere</strong></span> <span class='ocrx_word' id='word_1_597' title='bbox 2699 1973 3018 2027; x_wconf 88' lang='lat' dir='ltr'><strong>conciones</strong></span> <span class='ocrx_word' id='word_1_598' title='bbox 3048 1971 3126 2028; x_wconf 88' lang='lat' dir='ltr'><strong>ad</strong></span> <span class='ocrx_word' id='word_1_599' title='bbox 3177 1971 3470 2044; x_wconf 90' lang='lat' dir='ltr'><strong>populum</strong></span> <span class='ocrx_word' id='word_1_600' title='bbox 3531 1967 3888 2040; x_wconf 86' lang='lat' dir='ltr'><strong>evangelica</strong></span> 
     </span>
    </p>
   </div>
   <div class='ocr_carea' id='block_1_84' title="bbox 2213 2057 3888 2130">
    <p class='ocr_par' dir='ltr' id='par_1_84' title="bbox 2213 2057 3888 2130">
     <span class='ocr_line' id='line_1_84' title="bbox 2213 2057 3888 2130; baseline -0.001 -15"><span class='ocrx_word' id='word_1_601' title='bbox 2213 2059 2541 2116; x_wconf 88' lang='lat' dir='ltr'><strong>eruditione</strong></span> <span class='ocrx_word' id='word_1_602' title='bbox 2571 2059 2650 2118; x_wconf 91' lang='lat' dir='ltr'><strong>ad</strong></span> <span class='ocrx_word' id='word_1_603' title='bbox 2681 2059 2990 2118; x_wconf 88' lang='lat' dir='ltr'><strong>veritatem</strong></span> <span class='ocrx_word' id='word_1_604' title='bbox 3041 2059 3323 2116; x_wconf 86' lang='lat' dir='ltr'><strong>reducere</strong></span> <span class='ocrx_word' id='word_1_605' title='bbox 3351 2063 3686 2130; x_wconf 85' lang='lat' dir='ltr'><strong>eceperunt.</strong></span> <span class='ocrx_word' id='word_1_606' title='bbox 3713 2057 3888 2114; x_wconf 89' lang='lat' dir='ltr'><strong>Deni-</strong></span> 
     </span>
    </p>
   </div>
   <div class='ocr_carea' id='block_1_85' title="bbox 2213 2145 3888 2220">
    <p class='ocr_par' dir='ltr' id='par_1_85' title="bbox 2213 2145 3888 2220">
     <span class='ocr_line' id='line_1_85' title="bbox 2213 2145 3888 2220; baseline -0.001 -18"><span class='ocrx_word' id='word_1_607' title='bbox 2213 2163 2353 2219; x_wconf 92' lang='lat' dir='ltr'><strong>que,</strong></span> <span class='ocrx_word' id='word_1_608' title='bbox 2413 2148 2622 2203; x_wconf 90' lang='lat' dir='ltr'><strong>erebro</strong></span> <span class='ocrx_word' id='word_1_609' title='bbox 2678 2147 3088 2220; x_wconf 89' lang='lat' dir='ltr'><strong>admonendo,</strong></span> <span class='ocrx_word' id='word_1_610' title='bbox 3135 2147 3467 2218; x_wconf 85' lang='lat' dir='ltr'><strong>arguendo,</strong></span> <span class='ocrx_word' id='word_1_611' title='bbox 3509 2145 3888 2218; x_wconf 88' lang='lat' dir='ltr'><strong>increpando</strong></span> 
     </span>
    </p>
   </div>
   <div class='ocr_carea' id='block_1_86' title="bbox 2212 2235 3889 2310">
    <p class='ocr_par' dir='ltr' id='par_1_86' title="bbox 2212 2235 3889 2310">
     <span class='ocr_line' id='line_1_86' title="bbox 2212 2235 3889 2310; baseline -0.001 -19"><span class='ocrx_word' id='word_1_612' title='bbox 2212 2235 2488 2292; x_wconf 85' lang='lat' dir='ltr'><strong>homines</strong></span> <span class='ocrx_word' id='word_1_613' title='bbox 2514 2237 2620 2308; x_wconf 89' lang='lat' dir='ltr'><strong>qui</strong></span> <span class='ocrx_word' id='word_1_614' title='bbox 2651 2241 2826 2293; x_wconf 89' lang='lat' dir='ltr'><strong>antea</strong></span> <span class='ocrx_word' id='word_1_615' title='bbox 2853 2237 3041 2292; x_wconf 90' lang='lat' dir='ltr'><strong>instar</strong></span> <span class='ocrx_word' id='word_1_616' title='bbox 3063 2237 3350 2310; x_wconf 90' lang='lat' dir='ltr'><strong>luporum</strong></span> <span class='ocrx_word' id='word_1_617' title='bbox 3371 2235 3512 2292; x_wconf 67' lang='lat' dir='ltr'><strong>saevi</strong></span> <span class='ocrx_word' id='word_1_618' title='bbox 3542 2241 3601 2291; x_wconf 93' lang='lat' dir='ltr'><strong>et</strong></span> <span class='ocrx_word' id='word_1_619' title='bbox 3633 2250 3889 2307; x_wconf 86' lang='lat' dir='ltr'><strong>rapaces</strong></span> 
     </span>
    </p>
   </div>
   <div class='ocr_carea' id='block_1_87' title="bbox 2212 2323 3890 2390">
    <p class='ocr_par' dir='ltr' id='par_1_87' title="bbox 2212 2323 3890 2390">
     <span class='ocr_line' id='line_1_87' title="bbox 2212 2323 3890 2390; baseline 0 -12"><span class='ocrx_word' id='word_1_620' title='bbox 2212 2323 2470 2390; x_wconf 88' lang='lat' dir='ltr'><strong>fuerunt,</strong></span> <span class='ocrx_word' id='word_1_621' title='bbox 2505 2324 2752 2381; x_wconf 88' lang='lat' dir='ltr'><strong>salutari</strong></span> <span class='ocrx_word' id='word_1_622' title='bbox 2780 2325 3054 2382; x_wconf 88' lang='lat' dir='ltr'><strong>doctrina</strong></span> <span class='ocrx_word' id='word_1_623' title='bbox 3091 2324 3152 2380; x_wconf 87' lang='lat' dir='ltr'><strong>in</strong></span> <span class='ocrx_word' id='word_1_624' title='bbox 3182 2341 3321 2381; x_wconf 91' lang='lat' dir='ltr'><strong>oves</strong></span> <span class='ocrx_word' id='word_1_625' title='bbox 3359 2329 3716 2380; x_wconf 88' lang='lat' dir='ltr'><strong>mansuetas</strong></span> <span class='ocrx_word' id='word_1_626' title='bbox 3751 2337 3890 2378; x_wconf 90' lang='lat' dir='ltr'><strong>eon-</strong></span> 
     </span>
    </p>
   </div>
   <div class='ocr_carea' id='block_1_88' title="bbox 2212 2411 3892 2482">
    <p class='ocr_par' dir='ltr' id='par_1_88' title="bbox 2212 2411 3892 2482">
     <span class='ocr_line' id='line_1_88' title="bbox 2212 2411 3892 2482; baseline 0 -16"><span class='ocrx_word' id='word_1_627' title='bbox 2212 2415 2533 2468; x_wconf 87' lang='lat' dir='ltr'><strong>verterunt.</strong></span> <span class='ocrx_word' id='word_1_628' title='bbox 2565 2411 2663 2468; x_wconf 86' lang='lat' dir='ltr'><strong>His</strong></span> <span class='ocrx_word' id='word_1_629' title='bbox 2711 2412 2795 2470; x_wconf 91' lang='lat' dir='ltr'><strong>ita</strong></span> <span class='ocrx_word' id='word_1_630' title='bbox 2843 2412 3045 2482; x_wconf 89' lang='lat' dir='ltr'><strong>gestis,</strong></span> <span class='ocrx_word' id='word_1_631' title='bbox 3077 2413 3321 2468; x_wconf 87' lang='lat' dir='ltr'><strong>antistes</strong></span> <span class='ocrx_word' id='word_1_632' title='bbox 3377 2411 3494 2479; x_wconf 90' lang='lat' dir='ltr'><strong>ille,</strong></span> <span class='ocrx_word' id='word_1_633' title='bbox 3549 2411 3892 2468; x_wconf 89' lang='lat' dir='ltr'><strong>communi-</strong></span> 
     </span>
    </p>
   </div>
   <div class='ocr_carea' id='block_1_89' title="bbox 2213 2500 3888 2573">
    <p class='ocr_par' dir='ltr' id='par_1_89' title="bbox 2213 2500 3888 2573">
     <span class='ocr_line' id='line_1_89' title="bbox 2213 2500 3888 2573; baseline 0 -18"><span class='ocrx_word' id='word_1_634' title='bbox 2213 2503 2345 2556; x_wconf 88' lang='lat' dir='ltr'><strong>cato</strong></span> <span class='ocrx_word' id='word_1_635' title='bbox 2375 2515 2516 2555; x_wconf 90' lang='lat' dir='ltr'><strong>cum</strong></span> <span class='ocrx_word' id='word_1_636' title='bbox 2547 2501 2793 2568; x_wconf 78' lang='lat' dir='ltr'><strong>clericis,</strong></span> <span class='ocrx_word' id='word_1_637' title='bbox 2819 2517 2936 2557; x_wconf 88' lang='lat' dir='ltr'><strong>nec</strong></span> <span class='ocrx_word' id='word_1_638' title='bbox 2979 2501 3187 2573; x_wconf 88' lang='lat' dir='ltr'><strong>paucis</strong></span> <span class='ocrx_word' id='word_1_639' title='bbox 3219 2501 3350 2573; x_wconf 90' lang='lat' dir='ltr'><strong>ejus</strong></span> <span class='ocrx_word' id='word_1_640' title='bbox 3377 2500 3684 2572; x_wconf 84' lang='lat' dir='ltr'><strong>religionis</strong></span> <span class='ocrx_word' id='word_1_641' title='bbox 3715 2501 3888 2556; x_wconf 87' lang='lat' dir='ltr'><strong>laicis</strong></span> 
     </span>
    </p>
   </div>
   <div class='ocr_carea' id='block_1_90' title="bbox 2211 2589 3892 2660">
    <p class='ocr_par' dir='ltr' id='par_1_90' title="bbox 2211 2589 3892 2660">
     <span class='ocr_line' id='line_1_90' title="bbox 2211 2589 3892 2660; baseline 0.001 -16"><span class='ocrx_word' id='word_1_642' title='bbox 2211 2589 2352 2644; x_wconf 89' lang='lat' dir='ltr'><strong>viris</strong></span> <span class='ocrx_word' id='word_1_643' title='bbox 2390 2589 2662 2658; x_wconf 88' lang='lat' dir='ltr'><strong>consilio,</strong></span> <span class='ocrx_word' id='word_1_644' title='bbox 2715 2591 2916 2647; x_wconf 87' lang='lat' dir='ltr'><strong>virum</strong></span> <span class='ocrx_word' id='word_1_645' title='bbox 2973 2591 3073 2646; x_wconf 93' lang='lat' dir='ltr'><strong>Dei</strong></span> <span class='ocrx_word' id='word_1_646' title='bbox 3121 2591 3338 2647; x_wconf 88' lang='lat' dir='ltr'><strong>obnixe</strong></span> <span class='ocrx_word' id='word_1_647' title='bbox 3393 2595 3584 2660; x_wconf 88' lang='lat' dir='ltr'><strong>rogat,</strong></span> <span class='ocrx_word' id='word_1_648' title='bbox 3617 2595 3687 2646; x_wconf 87' lang='lat' dir='ltr'><strong>ut</strong></span> <span class='ocrx_word' id='word_1_649' title='bbox 3733 2591 3892 2646; x_wconf 86' lang='lat' dir='ltr'><strong>intra</strong></span> 
     </span>
    </p>
   </div>
   <div class='ocr_carea' id='block_1_91' title="bbox 2209 2675 3888 2752">
    <p class='ocr_par' dir='ltr' id='par_1_91' title="bbox 2209 2675 3888 2752">
     <span class='ocr_line' id='line_1_91' title="bbox 2209 2675 3888 2752; baseline 0.001 -19"><span class='ocrx_word' id='word_1_650' title='bbox 2209 2675 2367 2733; x_wconf 87' lang='lat' dir='ltr'><strong>illius</strong></span> <span class='ocrx_word' id='word_1_651' title='bbox 2422 2681 2586 2734; x_wconf 81' lang='lat' dir='ltr'><strong>terrae</strong></span> <span class='ocrx_word' id='word_1_652' title='bbox 2626 2677 2843 2734; x_wconf 89' lang='lat' dir='ltr'><strong>limites</strong></span> <span class='ocrx_word' id='word_1_653' title='bbox 2891 2678 3032 2735; x_wconf 91' lang='lat' dir='ltr'><strong>velit</strong></span> <span class='ocrx_word' id='word_1_654' title='bbox 3077 2695 3450 2751; x_wconf 90' lang='lat' dir='ltr'><strong>permanere,</strong></span> <span class='ocrx_word' id='word_1_655' title='bbox 3483 2683 3542 2735; x_wconf 92' lang='lat' dir='ltr'><strong>et</strong></span> <span class='ocrx_word' id='word_1_656' title='bbox 3579 2679 3888 2752; x_wconf 89' lang='lat' dir='ltr'><strong>populum</strong></span> 
     </span>
    </p>
   </div>
   <div class='ocr_carea' id='block_1_92' title="bbox 2209 2765 3888 2838">
    <p class='ocr_par' dir='ltr' id='par_1_92' title="bbox 2209 2765 3888 2838">
     <span class='ocr_line' id='line_1_92' title="bbox 2209 2765 3888 2838; baseline 0.001 -16"><span class='ocrx_word' id='word_1_657' title='bbox 2209 2781 2404 2838; x_wconf 89' lang='lat' dir='ltr'><strong>nuper</strong></span> <span class='ocrx_word' id='word_1_658' title='bbox 2433 2765 2514 2822; x_wconf 91' lang='lat' dir='ltr'><strong>ad</strong></span> <span class='ocrx_word' id='word_1_659' title='bbox 2545 2767 2862 2822; x_wconf 89' lang='lat' dir='ltr'><strong>sanitatem</strong></span> <span class='ocrx_word' id='word_1_660' title='bbox 2889 2771 3238 2824; x_wconf 88' lang='lat' dir='ltr'><strong>revocatum</strong></span> <span class='ocrx_word' id='word_1_661' title='bbox 3277 2767 3400 2822; x_wconf 92' lang='lat' dir='ltr'><strong>suis</strong></span> <span class='ocrx_word' id='word_1_662' title='bbox 3443 2767 3888 2823; x_wconf 88' lang='lat' dir='ltr'><strong>eruditionibus</strong></span> 
     </span>
    </p>
   </div>
   <div class='ocr_carea' id='block_1_93' title="bbox 2211 2855 3890 2929">
    <p class='ocr_par' dir='ltr' id='par_1_93' title="bbox 2211 2855 3890 2929">
     <span class='ocr_line' id='line_1_93' title="bbox 2211 2855 3890 2929; baseline 0.001 -19"><span class='ocrx_word' id='word_1_663' title='bbox 2211 2855 2568 2912; x_wconf 90' lang='lat' dir='ltr'><strong>conﬁrmare</strong></span> <span class='ocrx_word' id='word_1_664' title='bbox 2595 2861 2652 2911; x_wconf 90' lang='lat' dir='ltr'><strong>et</strong></span> <span class='ocrx_word' id='word_1_665' title='bbox 2672 2856 2751 2912; x_wconf 92' lang='lat' dir='ltr'><strong>ab</strong></span> <span class='ocrx_word' id='word_1_666' title='bbox 2781 2857 3014 2929; x_wconf 87' lang='lat' dir='ltr'><strong>antiqui</strong></span> <span class='ocrx_word' id='word_1_667' title='bbox 3043 2857 3229 2912; x_wconf 89' lang='lat' dir='ltr'><strong>hostis</strong></span> <span class='ocrx_word' id='word_1_668' title='bbox 3255 2856 3572 2912; x_wconf 83' lang='lat' dir='ltr'><strong>mortiferis</strong></span> <span class='ocrx_word' id='word_1_669' title='bbox 3602 2856 3890 2913; x_wconf 87' lang='lat' dir='ltr'><strong>faucibus</strong></span> 
     </span>
    </p>
   </div>
   <div class='ocr_carea' id='block_1_94' title="bbox 2209 2945 3888 3018">
    <p class='ocr_par' dir='ltr' id='par_1_94' title="bbox 2209 2945 3888 3018">
     <span class='ocr_line' id='line_1_94' title="bbox 2209 2945 3888 3018; baseline 0.001 -18"><span class='ocrx_word' id='word_1_670' title='bbox 2209 2945 2454 3018; x_wconf 90' lang='lat' dir='ltr'><strong>eripere.</strong></span> <span class='ocrx_word' id='word_1_671' title='bbox 2479 2947 2554 3002; x_wconf 80' lang='lat' dir='ltr'><strong>At</strong></span> <span class='ocrx_word' id='word_1_672' title='bbox 2580 2945 2672 3002; x_wconf 89' lang='lat' dir='ltr'><strong>vir</strong></span> <span class='ocrx_word' id='word_1_673' title='bbox 2699 2946 2801 3002; x_wconf 90' lang='lat' dir='ltr'><strong>Dei</strong></span> <span class='ocrx_word' id='word_1_674' title='bbox 2830 2946 3008 3018; x_wconf 89' lang='lat' dir='ltr'><strong>plane</strong></span> <span class='ocrx_word' id='word_1_675' title='bbox 3051 2949 3308 3015; x_wconf 89' lang='lat' dir='ltr'><strong>recusat,</strong></span> <span class='ocrx_word' id='word_1_676' title='bbox 3337 2945 3550 3002; x_wconf 84' lang='lat' dir='ltr'><strong>asserit</strong></span> <span class='ocrx_word' id='word_1_677' title='bbox 3597 2961 3662 3001; x_wconf 91' lang='lat' dir='ltr'><strong>se</strong></span> <span class='ocrx_word' id='word_1_678' title='bbox 3711 2951 3888 3002; x_wconf 70' lang='lat' dir='ltr'><strong>aetate</strong></span> 
     </span>
    </p>
   </div>
   <div class='ocr_carea' id='block_1_95' title="bbox 2209 3031 3888 3107">
    <p class='ocr_par' dir='ltr' id='par_1_95' title="bbox 2209 3031 3888 3107">
     <span class='ocr_line' id='line_1_95' title="bbox 2209 3031 3888 3107; baseline 0.002 -19"><span class='ocrx_word' id='word_1_679' title='bbox 2209 3047 2478 3104; x_wconf 86' lang='lat' dir='ltr'><strong>gravem,</strong></span> <span class='ocrx_word' id='word_1_680' title='bbox 2513 3031 2591 3089; x_wconf 90' lang='lat' dir='ltr'><strong>ad</strong></span> <span class='ocrx_word' id='word_1_681' title='bbox 2619 3032 2682 3088; x_wconf 93' lang='lat' dir='ltr'><strong>id</strong></span> <span class='ocrx_word' id='word_1_682' title='bbox 2711 3031 3110 3089; x_wconf 89' lang='lat' dir='ltr'><strong>ministerium</strong></span> <span class='ocrx_word' id='word_1_683' title='bbox 3139 3049 3316 3107; x_wconf 90' lang='lat' dir='ltr'><strong>pares</strong></span> <span class='ocrx_word' id='word_1_684' title='bbox 3337 3033 3492 3089; x_wconf 89' lang='lat' dir='ltr'><strong>vires</strong></span> <span class='ocrx_word' id='word_1_685' title='bbox 3513 3032 3732 3091; x_wconf 80' lang='lat' dir='ltr'><strong>afferre</strong></span> <span class='ocrx_word' id='word_1_686' title='bbox 3763 3049 3888 3091; x_wconf 91' lang='lat' dir='ltr'><strong>non</strong></span> 
     </span>
    </p>
   </div>
   <div class='ocr_carea' id='block_1_96' title="bbox 2207 3121 3892 3197">
    <p class='ocr_par' dir='ltr' id='par_1_96' title="bbox 2207 3121 3892 3197">
     <span class='ocr_line' id='line_1_96' title="bbox 2207 3121 3892 3197; baseline 0.002 -19"><span class='ocrx_word' id='word_1_687' title='bbox 2207 3137 2405 3195; x_wconf 83' lang='lat' dir='ltr'><strong>posse.</strong></span> <span class='ocrx_word' id='word_1_688' title='bbox 2432 3125 2648 3180; x_wconf 90' lang='lat' dir='ltr'><strong>Contra</strong></span> <span class='ocrx_word' id='word_1_689' title='bbox 2678 3121 2998 3195; x_wconf 90' lang='lat' dir='ltr'><strong>episcopus</strong></span> <span class='ocrx_word' id='word_1_690' title='bbox 3027 3123 3150 3179; x_wconf 90' lang='lat' dir='ltr'><strong>suis</strong></span> <span class='ocrx_word' id='word_1_691' title='bbox 3181 3137 3320 3180; x_wconf 91' lang='lat' dir='ltr'><strong>cum</strong></span> <span class='ocrx_word' id='word_1_692' title='bbox 3357 3123 3651 3197; x_wconf 89' lang='lat' dir='ltr'><strong>precibus</strong></span> <span class='ocrx_word' id='word_1_693' title='bbox 3693 3123 3892 3181; x_wconf 86' lang='lat' dir='ltr'><strong>ﬂecte-</strong></span> 
     </span>
    </p>
   </div>
   <div class='ocr_carea' id='block_1_97' title="bbox 2206 3211 3886 3286">
    <p class='ocr_par' dir='ltr' id='par_1_97' title="bbox 2206 3211 3886 3286">
     <span class='ocr_line' id='line_1_97' title="bbox 2206 3211 3886 3286; baseline 0 -16"><span class='ocrx_word' id='word_1_694' title='bbox 2206 3227 2270 3270; x_wconf 80' lang='lat' dir='ltr'><strong>re</strong></span> <span class='ocrx_word' id='word_1_695' title='bbox 2297 3215 2564 3268; x_wconf 89' lang='lat' dir='ltr'><strong>conatur.</strong></span> <span class='ocrx_word' id='word_1_696' title='bbox 2592 3211 2754 3269; x_wconf 88' lang='lat' dir='ltr'><strong>Cedit</strong></span> <span class='ocrx_word' id='word_1_697' title='bbox 2781 3211 3032 3268; x_wconf 90' lang='lat' dir='ltr'><strong>tandem</strong></span> <span class='ocrx_word' id='word_1_698' title='bbox 3079 3217 3322 3270; x_wconf 89' lang='lat' dir='ltr'><strong>sanctus</strong></span> <span class='ocrx_word' id='word_1_699' title='bbox 3375 3213 3484 3282; x_wconf 89' lang='lat' dir='ltr'><strong>vir,</strong></span> <span class='ocrx_word' id='word_1_700' title='bbox 3518 3217 3574 3270; x_wconf 90' lang='lat' dir='ltr'><strong>et</strong></span> <span class='ocrx_word' id='word_1_701' title='bbox 3623 3213 3886 3286; x_wconf 90' lang='lat' dir='ltr'><strong>pastoris</strong></span> 
     </span>
    </p>
   </div>
   <div class='ocr_carea' id='block_1_98' title="bbox 2209 3301 3884 3376">
    <p class='ocr_par' dir='ltr' id='par_1_98' title="bbox 2209 3301 3884 3376">
     <span class='ocr_line' id='line_1_98' title="bbox 2209 3301 3884 3376; baseline 0.003 -21"><span class='ocrx_word' id='word_1_702' title='bbox 2209 3301 2302 3355; x_wconf 90' lang='lat' dir='ltr'><strong>sui</strong></span> <span class='ocrx_word' id='word_1_703' title='bbox 2319 3301 2492 3371; x_wconf 89' lang='lat' dir='ltr'><strong>jussa</strong></span> <span class='ocrx_word' id='word_1_704' title='bbox 2519 3301 2794 3374; x_wconf 81' lang='lat' dir='ltr'><strong>capessit,</strong></span> <span class='ocrx_word' id='word_1_705' title='bbox 2823 3301 3155 3376; x_wconf 90' lang='lat' dir='ltr'><strong>populique</strong></span> <span class='ocrx_word' id='word_1_706' title='bbox 3185 3303 3338 3358; x_wconf 86' lang='lat' dir='ltr'><strong>votis</strong></span> <span class='ocrx_word' id='word_1_707' title='bbox 3378 3303 3786 3374; x_wconf 86' lang='lat' dir='ltr'><strong>obseeundat,</strong></span> <span class='ocrx_word' id='word_1_708' title='bbox 3815 3319 3884 3360; x_wconf 86' lang='lat' dir='ltr'><strong>ea</strong></span> 
     </span>
    </p>
   </div>
   <div class='ocr_carea' id='block_1_99' title="bbox 2211 3390 3882 3464">
    <p class='ocr_par' dir='ltr' id='par_1_99' title="bbox 2211 3390 3882 3464">
     <span class='ocr_line' id='line_1_99' title="bbox 2211 3390 3882 3464; baseline 0.002 -20"><span class='ocrx_word' id='word_1_709' title='bbox 2211 3393 2412 3445; x_wconf 89' lang='lat' dir='ltr'><strong>tamen</strong></span> <span class='ocrx_word' id='word_1_710' title='bbox 2435 3390 2793 3458; x_wconf 90' lang='lat' dir='ltr'><strong>conditione,</strong></span> <span class='ocrx_word' id='word_1_711' title='bbox 2829 3395 2893 3446; x_wconf 93' lang='lat' dir='ltr'><strong>ut</strong></span> <span class='ocrx_word' id='word_1_712' title='bbox 2921 3390 3097 3446; x_wconf 89' lang='lat' dir='ltr'><strong>liceat</strong></span> <span class='ocrx_word' id='word_1_713' title='bbox 3141 3391 3194 3446; x_wconf 92' lang='lat' dir='ltr'><strong>ei</strong></span> <span class='ocrx_word' id='word_1_714' title='bbox 3225 3391 3452 3464; x_wconf 88' lang='lat' dir='ltr'><strong>aliquot</strong></span> <span class='ocrx_word' id='word_1_715' title='bbox 3504 3392 3730 3447; x_wconf 79' lang='lat' dir='ltr'><strong>exactis</strong></span> <span class='ocrx_word' id='word_1_716' title='bbox 3777 3408 3882 3448; x_wconf 90' lang='lat' dir='ltr'><strong>an-</strong></span> 
     </span>
    </p>
   </div>
   <div class='ocr_carea' id='block_1_100' title="bbox 2203 3479 3884 3550">
    <p class='ocr_par' dir='ltr' id='par_1_100' title="bbox 2203 3479 3884 3550">
     <span class='ocr_line' id='line_1_100' title="bbox 2203 3479 3884 3550; baseline 0.002 -16"><span class='ocrx_word' id='word_1_717' title='bbox 2203 3493 2426 3534; x_wconf 88' lang='lat' dir='ltr'><strong>norum</strong></span> <span class='ocrx_word' id='word_1_718' title='bbox 2471 3479 2788 3536; x_wconf 88' lang='lat' dir='ltr'><strong>curriculis</strong></span> <span class='ocrx_word' id='word_1_719' title='bbox 2809 3480 3148 3550; x_wconf 89' lang='lat' dir='ltr'><strong>Trajectum</strong></span> <span class='ocrx_word' id='word_1_720' title='bbox 3191 3480 3470 3544; x_wconf 85' lang='lat' dir='ltr'><strong>revisere,</strong></span> <span class='ocrx_word' id='word_1_721' title='bbox 3527 3480 3634 3536; x_wconf 88' lang='lat' dir='ltr'><strong>ubi</strong></span> <span class='ocrx_word' id='word_1_722' title='bbox 3683 3497 3752 3536; x_wconf 89' lang='lat' dir='ltr'><strong>se</strong></span> <span class='ocrx_word' id='word_1_723' title='bbox 3823 3481 3884 3537; x_wconf 89' lang='lat' dir='ltr'><strong>in</strong></span> 
     </span>
    </p>
   </div>
   <div class='ocr_carea' id='block_1_101' title="bbox 2205 3566 3691 3641">
    <p class='ocr_par' dir='ltr' id='par_1_101' title="bbox 2205 3566 3691 3641">
     <span class='ocr_line' id='line_1_101' title="bbox 2205 3566 3691 3641; baseline -0.002 -17"><span class='ocrx_word' id='word_1_724' title='bbox 2205 3567 2414 3624; x_wconf 89' lang='lat' dir='ltr'><strong>Christi</strong></span> <span class='ocrx_word' id='word_1_725' title='bbox 2443 3567 2737 3624; x_wconf 89' lang='lat' dir='ltr'><strong>famulatu</strong></span> <span class='ocrx_word' id='word_1_726' title='bbox 2761 3569 2946 3624; x_wconf 90' lang='lat' dir='ltr'><strong>vitam</strong></span> <span class='ocrx_word' id='word_1_727' title='bbox 2973 3566 3283 3625; x_wconf 88' lang='lat' dir='ltr'><strong>ﬁniturum</strong></span> <span class='ocrx_word' id='word_1_728' title='bbox 3311 3568 3691 3641; x_wconf 89' lang='lat' dir='ltr'><strong>promiserat.</strong></span> 
     </span>
    </p>
   </div>
   <div class='ocr_carea' id='block_1_102' title="bbox 2275 3657 3880 3731">
    <p class='ocr_par' dir='ltr' id='par_1_102' title="bbox 2275 3657 3880 3731">
     <span class='ocr_line' id='line_1_102' title="bbox 2275 3657 3880 3731; baseline 0.002 -20"><span class='ocrx_word' id='word_1_729' title='bbox 2275 3659 2336 3712; x_wconf 89' lang='lat' dir='ltr'><strong>V.</strong></span> <span class='ocrx_word' id='word_1_730' title='bbox 2371 3657 2585 3712; x_wconf 84' lang='lat' dir='ltr'><strong>Volens</strong></span> <span class='ocrx_word' id='word_1_731' title='bbox 2611 3657 2790 3726; x_wconf 84' lang='lat' dir='ltr'><strong>igitur</strong></span> <span class='ocrx_word' id='word_1_732' title='bbox 2819 3675 2928 3714; x_wconf 91' lang='lat' dir='ltr'><strong>suo</strong></span> <span class='ocrx_word' id='word_1_733' title='bbox 2955 3658 3192 3714; x_wconf 90' lang='lat' dir='ltr'><strong>muneri</strong></span> <span class='ocrx_word' id='word_1_734' title='bbox 3219 3673 3344 3714; x_wconf 90' lang='lat' dir='ltr'><strong>non</strong></span> <span class='ocrx_word' id='word_1_735' title='bbox 3381 3658 3590 3714; x_wconf 91' lang='lat' dir='ltr'><strong>deesse</strong></span> <span class='ocrx_word' id='word_1_736' title='bbox 3623 3659 3718 3714; x_wconf 78' lang='lat' dir='ltr'><strong>vir</strong></span> <span class='ocrx_word' id='word_1_737' title='bbox 3749 3659 3880 3731; x_wconf 85' lang='lat' dir='ltr'><strong>ple-</strong></span> 
     </span>
    </p>
   </div>
   <div class='ocr_carea' id='block_1_103' title="bbox 2201 3746 3878 3818">
    <p class='ocr_par' dir='ltr' id='par_1_103' title="bbox 2201 3746 3878 3818">
     <span class='ocr_line' id='line_1_103' title="bbox 2201 3746 3878 3818; baseline 0.004 -18"><span class='ocrx_word' id='word_1_738' title='bbox 2201 3759 2316 3800; x_wconf 90' lang='lat' dir='ltr'><strong>nus</strong></span> <span class='ocrx_word' id='word_1_739' title='bbox 2341 3746 2558 3818; x_wconf 87' lang='lat' dir='ltr'><strong>Spiritu</strong></span> <span class='ocrx_word' id='word_1_740' title='bbox 2588 3752 2819 3814; x_wconf 90' lang='lat' dir='ltr'><strong>saneto,</strong></span> <span class='ocrx_word' id='word_1_741' title='bbox 2842 3763 2966 3803; x_wconf 91' lang='lat' dir='ltr'><strong>non</strong></span> <span class='ocrx_word' id='word_1_742' title='bbox 2996 3747 3274 3804; x_wconf 90' lang='lat' dir='ltr'><strong>cessabat</strong></span> <span class='ocrx_word' id='word_1_743' title='bbox 3299 3747 3530 3803; x_wconf 90' lang='lat' dir='ltr'><strong>semina</strong></span> <span class='ocrx_word' id='word_1_744' title='bbox 3557 3747 3728 3804; x_wconf 90' lang='lat' dir='ltr'><strong>verbi</strong></span> <span class='ocrx_word' id='word_1_745' title='bbox 3781 3751 3878 3806; x_wconf 90' lang='lat' dir='ltr'><strong>Dei</strong></span> 
     </span>
    </p>
   </div>
   <div class='ocr_carea' id='block_1_104' title="bbox 2204 3835 3878 3908">
    <p class='ocr_par' dir='ltr' id='par_1_104' title="bbox 2204 3835 3878 3908">
     <span class='ocr_line' id='line_1_104' title="bbox 2204 3835 3878 3908; baseline 0.004 -20"><span class='ocrx_word' id='word_1_746' title='bbox 2204 3849 2484 3906; x_wconf 88' lang='lat' dir='ltr'><strong>spargere</strong></span> <span class='ocrx_word' id='word_1_747' title='bbox 2541 3835 2603 3889; x_wconf 92' lang='lat' dir='ltr'><strong>in</strong></span> <span class='ocrx_word' id='word_1_748' title='bbox 2657 3835 2976 3908; x_wconf 90' lang='lat' dir='ltr'><strong>populum,</strong></span> <span class='ocrx_word' id='word_1_749' title='bbox 3035 3837 3326 3892; x_wconf 68' lang='lat' dir='ltr'><strong>caelorum</strong></span> <span class='ocrx_word' id='word_1_750' title='bbox 3377 3852 3634 3907; x_wconf 89' lang='lat' dir='ltr'><strong>regnum</strong></span> <span class='ocrx_word' id='word_1_751' title='bbox 3681 3838 3878 3894; x_wconf 79' lang='lat' dir='ltr'><strong>multa</strong></span> 
     </span>
    </p>
   </div>
   <div class='ocr_carea' id='block_1_105' title="bbox 2201 3921 3874 3998">
    <p class='ocr_par' dir='ltr' id='par_1_105' title="bbox 2201 3921 3874 3998">
     <span class='ocr_line' id='line_1_105' title="bbox 2201 3921 3874 3998; baseline 0.004 -22"><span class='ocrx_word' id='word_1_752' title='bbox 2201 3921 2488 3978; x_wconf 87' lang='lat' dir='ltr'><strong>instantia</strong></span> <span class='ocrx_word' id='word_1_753' title='bbox 2515 3923 2864 3996; x_wconf 67' lang='lat' dir='ltr'><strong>praedicare,</strong></span> <span class='ocrx_word' id='word_1_754' title='bbox 2896 3925 3180 3980; x_wconf 88' lang='lat' dir='ltr'><strong>omnibus</strong></span> <span class='ocrx_word' id='word_1_755' title='bbox 3211 3941 3318 3980; x_wconf 89' lang='lat' dir='ltr'><strong>seu</strong></span> <span class='ocrx_word' id='word_1_756' title='bbox 3343 3925 3608 3998; x_wconf 91' lang='lat' dir='ltr'><strong>prudens</strong></span> <span class='ocrx_word' id='word_1_757' title='bbox 3641 3931 3698 3982; x_wconf 90' lang='lat' dir='ltr'><strong>et</strong></span> <span class='ocrx_word' id='word_1_758' title='bbox 3727 3927 3874 3982; x_wconf 82' lang='lat' dir='ltr'><strong>iide-</strong></span> 
     </span>
    </p>
   </div>
   <div class='ocr_carea' id='block_1_106' title="bbox 2199 4009 3878 4086">
    <p class='ocr_par' dir='ltr' id='par_1_106' title="bbox 2199 4009 3878 4086">
     <span class='ocr_line' id='line_1_106' title="bbox 2199 4009 3878 4086; baseline 0.005 -21"><span class='ocrx_word' id='word_1_759' title='bbox 2199 4009 2270 4065; x_wconf 91' lang='lat' dir='ltr'><strong>lis</strong></span> <span class='ocrx_word' id='word_1_760' title='bbox 2323 4010 2722 4083; x_wconf 85' lang='lat' dir='ltr'><strong>dispensator,</strong></span> <span class='ocrx_word' id='word_1_761' title='bbox 2772 4012 2959 4068; x_wconf 84' lang='lat' dir='ltr'><strong>divini</strong></span> <span class='ocrx_word' id='word_1_762' title='bbox 3027 4013 3320 4069; x_wconf 86' lang='lat' dir='ltr'><strong>sermonis</strong></span> <span class='ocrx_word' id='word_1_763' title='bbox 3345 4014 3610 4086; x_wconf 67' lang='lat' dir='ltr'><strong>praebere</strong></span> <span class='ocrx_word' id='word_1_764' title='bbox 3669 4015 3878 4073; x_wconf 87' lang='lat' dir='ltr'><strong>alimo-</strong></span> 
     </span>
    </p>
   </div>
   <div class='ocr_carea' id='block_1_107' title="bbox 2199 4098 3872 4178">
    <p class='ocr_par' dir='ltr' id='par_1_107' title="bbox 2199 4098 3872 4178">
     <span class='ocr_line' id='line_1_107' title="bbox 2199 4098 3872 4178; baseline 0.004 -24"><span class='ocrx_word' id='word_1_765' title='bbox 2199 4098 2385 4166; x_wconf 89' lang='lat' dir='ltr'><strong>niam,</strong></span> <span class='ocrx_word' id='word_1_766' title='bbox 2447 4099 2787 4156; x_wconf 88' lang='lat' dir='ltr'><strong>fortioribus</strong></span> <span class='ocrx_word' id='word_1_767' title='bbox 2856 4101 3114 4158; x_wconf 91' lang='lat' dir='ltr'><strong>solidum</strong></span> <span class='ocrx_word' id='word_1_768' title='bbox 3184 4102 3410 4172; x_wconf 90' lang='lat' dir='ltr'><strong>cibum,</strong></span> <span class='ocrx_word' id='word_1_769' title='bbox 3463 4103 3742 4178; x_wconf 90' lang='lat' dir='ltr'><strong>inﬁrmis,</strong></span> <span class='ocrx_word' id='word_1_770' title='bbox 3799 4123 3872 4161; x_wconf 74' lang='lat' dir='ltr'><strong>ex</strong></span> 
     </span>
    </p>
   </div>
   <div class='ocr_carea' id='block_1_108' title="bbox 2198 4185 3872 4264">
    <p class='ocr_par' dir='ltr' id='par_1_108' title="bbox 2198 4185 3872 4264">
     <span class='ocr_line' id='line_1_108' title="bbox 2198 4185 3872 4264; baseline 0.005 -22"><span class='ocrx_word' id='word_1_771' title='bbox 2198 4185 2464 4260; x_wconf 79' lang='lat' dir='ltr'><strong>Apostoli</strong></span> <span class='ocrx_word' id='word_1_772' title='bbox 2498 4190 2808 4260; x_wconf 86' lang='lat' dir='ltr'><strong>sententia,</strong></span> <span class='ocrx_word' id='word_1_773' title='bbox 2839 4189 2932 4246; x_wconf 91' lang='lat' dir='ltr'><strong>lae</strong></span> <span class='ocrx_word' id='word_1_774' title='bbox 2977 4190 3188 4246; x_wconf 77' lang='lat' dir='ltr'><strong>offerre</strong></span> <span class='ocrx_word' id='word_1_775' title='bbox 3227 4193 3288 4262; x_wconf 90' lang='grc' dir='ltr'><strong>(Ι</strong></span> <span class='ocrx_word' id='word_1_776' title='bbox 3309 4193 3444 4248; x_wconf 83' lang='lat' dir='ltr'><strong>Cor.</strong></span> <span class='ocrx_word' id='word_1_777' title='bbox 3477 4195 3578 4264; x_wconf 81' lang='lat' dir='ltr'><strong>In).</strong></span> <span class='ocrx_word' id='word_1_778' title='bbox 3609 4195 3696 4250; x_wconf 87' lang='lat' dir='ltr'><strong>Ita</strong></span> <span class='ocrx_word' id='word_1_779' title='bbox 3755 4195 3872 4250; x_wconf 82' lang='lat' dir='ltr'><strong>fac-</strong></span> 
     </span>
    </p>
   </div>
   <div class='ocr_carea' id='block_1_109' title="bbox 2198 4280 3868 4356">
    <p class='ocr_par' dir='ltr' id='par_1_109' title="bbox 2198 4280 3868 4356">
     <span class='ocr_line' id='line_1_109' title="bbox 2198 4280 3868 4356; baseline 0.002 -21"><span class='ocrx_word' id='word_1_780' title='bbox 2198 4281 2328 4336; x_wconf 86' lang='lat' dir='ltr'><strong>tum</strong></span> <span class='ocrx_word' id='word_1_781' title='bbox 2354 4281 2442 4334; x_wconf 88' lang='lat' dir='ltr'><strong>est</strong></span> <span class='ocrx_word' id='word_1_782' title='bbox 2469 4281 2534 4334; x_wconf 88' lang='lat' dir='ltr'><strong>ut</strong></span> <span class='ocrx_word' id='word_1_783' title='bbox 2559 4294 2769 4334; x_wconf 89' lang='lat' dir='ltr'><strong>omnes</strong></span> <span class='ocrx_word' id='word_1_784' title='bbox 2795 4295 2868 4334; x_wconf 83' lang='lat' dir='ltr'><strong>ex</strong></span> <span class='ocrx_word' id='word_1_785' title='bbox 2895 4280 3026 4350; x_wconf 90' lang='lat' dir='ltr'><strong>ejus</strong></span> <span class='ocrx_word' id='word_1_786' title='bbox 3058 4281 3368 4336; x_wconf 89' lang='lat' dir='ltr'><strong>sanctitate</strong></span> <span class='ocrx_word' id='word_1_787' title='bbox 3393 4281 3618 4351; x_wconf 90' lang='lat' dir='ltr'><strong>gaudio</strong></span> <span class='ocrx_word' id='word_1_788' title='bbox 3671 4283 3868 4356; x_wconf 90' lang='lat' dir='ltr'><strong>reple-</strong></span> 
     </span>
    </p>
   </div>
   <div class='ocr_carea' id='block_1_110' title="bbox 2197 4367 3872 4442">
    <p class='ocr_par' dir='ltr' id='par_1_110' title="bbox 2197 4367 3872 4442">
     <span class='ocr_line' id='line_1_110' title="bbox 2197 4367 3872 4442; baseline 0.005 -22"><span class='ocrx_word' id='word_1_789' title='bbox 2197 4371 2420 4422; x_wconf 85' lang='lat' dir='ltr'><strong>rentur.</strong></span> <span class='ocrx_word' id='word_1_790' title='bbox 2455 4369 2604 4422; x_wconf 88' lang='lat' dir='ltr'><strong>Cum</strong></span> <span class='ocrx_word' id='word_1_791' title='bbox 2626 4371 2826 4423; x_wconf 89' lang='lat' dir='ltr'><strong>autem</strong></span> <span class='ocrx_word' id='word_1_792' title='bbox 2853 4383 2924 4423; x_wconf 92' lang='lat' dir='ltr'><strong>eo</strong></span> <span class='ocrx_word' id='word_1_793' title='bbox 2967 4367 3298 4424; x_wconf 89' lang='lat' dir='ltr'><strong>ministerio</strong></span> <span class='ocrx_word' id='word_1_794' title='bbox 3327 4369 3680 4442; x_wconf 86' lang='lat' dir='ltr'><strong>perfunctus</strong></span> <span class='ocrx_word' id='word_1_795' title='bbox 3711 4377 3872 4428; x_wconf 88' lang='lat' dir='ltr'><strong>esset</strong></span> 
     </span>
    </p>
   </div>
   <div class='ocr_carea' id='block_1_111' title="bbox 2199 4455 3866 4528">
    <p class='ocr_par' dir='ltr' id='par_1_111' title="bbox 2199 4455 3866 4528">
     <span class='ocr_line' id='line_1_111' title="bbox 2199 4455 3866 4528; baseline 0.002 -18"><span class='ocrx_word' id='word_1_796' title='bbox 2199 4471 2260 4510; x_wconf 89' lang='lat' dir='ltr'><strong>se</strong></span> <span class='ocrx_word' id='word_1_797' title='bbox 2283 4455 2504 4528; x_wconf 90' lang='lat' dir='ltr'><strong>recepit</strong></span> <span class='ocrx_word' id='word_1_798' title='bbox 2553 4455 2632 4512; x_wconf 86' lang='lat' dir='ltr'><strong>ad</strong></span> <span class='ocrx_word' id='word_1_799' title='bbox 2686 4471 2828 4512; x_wconf 90' lang='lat' dir='ltr'><strong>suos</strong></span> <span class='ocrx_word' id='word_1_800' title='bbox 2889 4457 3317 4528; x_wconf 87' lang='lat' dir='ltr'><strong>Trajectenses,</strong></span> <span class='ocrx_word' id='word_1_801' title='bbox 3361 4460 3550 4514; x_wconf 89' lang='lat' dir='ltr'><strong>Deum</strong></span> <span class='ocrx_word' id='word_1_802' title='bbox 3597 4457 3866 4516; x_wconf 87' lang='lat' dir='ltr'><strong>laudans</strong></span> 
     </span>
    </p>
   </div>
   <div class='ocr_carea' id='block_1_112' title="bbox 2197 4543 3866 4616">
    <p class='ocr_par' dir='ltr' id='par_1_112' title="bbox 2197 4543 3866 4616">
     <span class='ocr_line' id='line_1_112' title="bbox 2197 4543 3866 4616; baseline 0.004 -19"><span class='ocrx_word' id='word_1_803' title='bbox 2197 4543 2364 4615; x_wconf 88' lang='lat' dir='ltr'><strong>quod</strong></span> <span class='ocrx_word' id='word_1_804' title='bbox 2394 4544 2524 4614; x_wconf 87' lang='lat' dir='ltr'><strong>ejus</strong></span> <span class='ocrx_word' id='word_1_805' title='bbox 2556 4543 2738 4600; x_wconf 89' lang='lat' dir='ltr'><strong>fretus</strong></span> <span class='ocrx_word' id='word_1_806' title='bbox 2767 4560 2882 4616; x_wconf 89' lang='lat' dir='ltr'><strong>ope</strong></span> <span class='ocrx_word' id='word_1_807' title='bbox 2939 4547 3024 4601; x_wconf 91' lang='lat' dir='ltr'><strong>tot</strong></span> <span class='ocrx_word' id='word_1_808' title='bbox 3075 4545 3310 4602; x_wconf 87' lang='lat' dir='ltr'><strong>animas</strong></span> <span class='ocrx_word' id='word_1_809' title='bbox 3359 4544 3626 4602; x_wconf 90' lang='lat' dir='ltr'><strong>lucratus</strong></span> <span class='ocrx_word' id='word_1_810' title='bbox 3685 4553 3866 4606; x_wconf 81' lang='lat' dir='ltr'><strong>esset.</strong></span> 
     </span>
    </p>
   </div>
   <div class='ocr_carea' id='block_1_113' title="bbox 2198 4631 3868 4704">
    <p class='ocr_par' dir='ltr' id='par_1_113' title="bbox 2198 4631 3868 4704">
     <span class='ocr_line' id='line_1_113' title="bbox 2198 4631 3868 4704; baseline 0.005 -18"><span class='ocrx_word' id='word_1_811' title='bbox 2198 4631 2316 4686; x_wconf 86' lang='lat' dir='ltr'><strong>Etsi</strong></span> <span class='ocrx_word' id='word_1_812' title='bbox 2343 4637 2547 4688; x_wconf 87' lang='lat' dir='ltr'><strong>autem</strong></span> <span class='ocrx_word' id='word_1_813' title='bbox 2571 4634 2700 4704; x_wconf 87' lang='lat' dir='ltr'><strong>jam</strong></span> <span class='ocrx_word' id='word_1_814' title='bbox 2728 4633 2912 4702; x_wconf 89' lang='lat' dir='ltr'><strong>longo</strong></span> <span class='ocrx_word' id='word_1_815' title='bbox 2937 4633 3162 4690; x_wconf 89' lang='lat' dir='ltr'><strong>fractus</strong></span> <span class='ocrx_word' id='word_1_816' title='bbox 3191 4637 3348 4690; x_wconf 90' lang='lat' dir='ltr'><strong>esset</strong></span> <span class='ocrx_word' id='word_1_817' title='bbox 3377 4634 3572 4702; x_wconf 90' lang='lat' dir='ltr'><strong>senio,</strong></span> <span class='ocrx_word' id='word_1_818' title='bbox 3595 4640 3868 4694; x_wconf 84' lang='lat' dir='ltr'><strong>attamen</strong></span> 
     </span>
    </p>
   </div>
   <div class='ocr_carea' id='block_1_114' title="bbox 2199 4720 3870 4790">
    <p class='ocr_par' dir='ltr' id='par_1_114' title="bbox 2199 4720 3870 4790">
     <span class='ocr_line' id='line_1_114' title="bbox 2199 4720 3870 4790; baseline 0.004 -14"><span class='ocrx_word' id='word_1_819' title='bbox 2199 4720 2404 4777; x_wconf 88' lang='lat' dir='ltr'><strong>animo</strong></span> <span class='ocrx_word' id='word_1_820' title='bbox 2429 4721 2674 4777; x_wconf 81' lang='lat' dir='ltr'><strong>vincens</strong></span> <span class='ocrx_word' id='word_1_821' title='bbox 2705 4727 2960 4790; x_wconf 63' lang='lat' dir='ltr'><strong>aetatem,</strong></span> <span class='ocrx_word' id='word_1_822' title='bbox 2983 4722 3132 4778; x_wconf 91' lang='lat' dir='ltr'><strong>nihil</strong></span> <span class='ocrx_word' id='word_1_823' title='bbox 3163 4722 3237 4778; x_wconf 92' lang='lat' dir='ltr'><strong>de</strong></span> <span class='ocrx_word' id='word_1_824' title='bbox 3265 4723 3370 4778; x_wconf 90' lang='lat' dir='ltr'><strong>Dei</strong></span> <span class='ocrx_word' id='word_1_825' title='bbox 3415 4723 3661 4780; x_wconf 86' lang='lat' dir='ltr'><strong>servitio</strong></span> <span class='ocrx_word' id='word_1_826' title='bbox 3691 4729 3752 4782; x_wconf 88' lang='lat' dir='ltr'><strong>et</strong></span> <span class='ocrx_word' id='word_1_827' title='bbox 3777 4741 3870 4782; x_wconf 80' lang='lat' dir='ltr'><strong>so—</strong></span> 
     </span>
    </p>
   </div>
   <div class='ocr_carea' id='block_1_115' title="bbox 2197 4809 3871 4882">
    <p class='ocr_par' dir='ltr' id='par_1_115' title="bbox 2197 4809 3871 4882">
     <span class='ocr_line' id='line_1_115' title="bbox 2197 4809 3871 4882; baseline 0.004 -18"><span class='ocrx_word' id='word_1_828' title='bbox 2197 4809 2312 4865; x_wconf 88' lang='lat' dir='ltr'><strong>litis</strong></span> <span class='ocrx_word' id='word_1_829' title='bbox 2367 4809 2602 4882; x_wconf 89' lang='lat' dir='ltr'><strong>pietatis</strong></span> <span class='ocrx_word' id='word_1_830' title='bbox 2647 4811 2937 4868; x_wconf 82' lang='lat' dir='ltr'><strong>exercitiis</strong></span> <span class='ocrx_word' id='word_1_831' title='bbox 2963 4813 3210 4868; x_wconf 89' lang='lat' dir='ltr'><strong>remisit.</strong></span> <span class='ocrx_word' id='word_1_832' title='bbox 3241 4813 3652 4870; x_wconf 87' lang='lat' dir='ltr'><strong>Perseveravit</strong></span> <span class='ocrx_word' id='word_1_833' title='bbox 3705 4814 3871 4870; x_wconf 88' lang='lat' dir='ltr'><strong>enim</strong></span> 
     </span>
    </p>
   </div>
   <div class='ocr_carea' id='block_1_116' title="bbox 2197 4896 3872 4969">
    <p class='ocr_par' dir='ltr' id='par_1_116' title="bbox 2197 4896 3872 4969">
     <span class='ocr_line' id='line_1_116' title="bbox 2197 4896 3872 4969; baseline 0.004 -17"><span class='ocrx_word' id='word_1_834' title='bbox 2197 4896 2260 4952; x_wconf 90' lang='lat' dir='ltr'><strong>in</strong></span> <span class='ocrx_word' id='word_1_835' title='bbox 2281 4896 2524 4968; x_wconf 83' lang='lat' dir='ltr'><strong>jejuniis</strong></span> <span class='ocrx_word' id='word_1_836' title='bbox 2555 4897 2836 4964; x_wconf 88' lang='lat' dir='ltr'><strong>assiduis,</strong></span> <span class='ocrx_word' id='word_1_837' title='bbox 2867 4899 2930 4954; x_wconf 90' lang='lat' dir='ltr'><strong>in</strong></span> <span class='ocrx_word' id='word_1_838' title='bbox 2959 4899 3172 4969; x_wconf 88' lang='lat' dir='ltr'><strong>vigiliis</strong></span> <span class='ocrx_word' id='word_1_839' title='bbox 3227 4902 3346 4956; x_wconf 92' lang='lat' dir='ltr'><strong>Deo</strong></span> <span class='ocrx_word' id='word_1_840' title='bbox 3377 4900 3580 4969; x_wconf 84' lang='lat' dir='ltr'><strong>gratis,</strong></span> <span class='ocrx_word' id='word_1_841' title='bbox 3603 4901 3668 4956; x_wconf 91' lang='lat' dir='ltr'><strong>in</strong></span> <span class='ocrx_word' id='word_1_842' title='bbox 3699 4917 3872 4960; x_wconf 84' lang='lat' dir='ltr'><strong>sanc-</strong></span> 
     </span>
    </p>
   </div>
   <div class='ocr_carea' id='block_1_117' title="bbox 2199 4984 3874 5063">
    <p class='ocr_par' dir='ltr' id='par_1_117' title="bbox 2199 4984 3874 5063">
     <span class='ocr_line' id='line_1_117' title="bbox 2199 4984 3874 5063; baseline 0.004 -22"><span class='ocrx_word' id='word_1_843' title='bbox 2199 4985 2270 5041; x_wconf 91' lang='lat' dir='ltr'><strong>tis</strong></span> <span class='ocrx_word' id='word_1_844' title='bbox 2299 4984 2597 5056; x_wconf 87' lang='lat' dir='ltr'><strong>precibus,</strong></span> <span class='ocrx_word' id='word_1_845' title='bbox 2625 4984 2688 5041; x_wconf 94' lang='lat' dir='ltr'><strong>in</strong></span> <span class='ocrx_word' id='word_1_846' title='bbox 2711 4985 3066 5056; x_wconf 89' lang='lat' dir='ltr'><strong>largissimis</strong></span> <span class='ocrx_word' id='word_1_847' title='bbox 3117 4988 3538 5060; x_wconf 83' lang='lat' dir='ltr'><strong>eleemosynis,</strong></span> <span class='ocrx_word' id='word_1_848' title='bbox 3567 4989 3686 5046; x_wconf 85' lang='lat' dir='ltr'><strong>sibi</strong></span> <span class='ocrx_word' id='word_1_849' title='bbox 3737 5007 3874 5063; x_wconf 85' lang='lat' dir='ltr'><strong>par-</strong></span> 
     </span>
    </p>
   </div>
   <div class='ocr_carea' id='block_1_118' title="bbox 2199 5073 3868 5150">
    <p class='ocr_par' dir='ltr' id='par_1_118' title="bbox 2199 5073 3868 5150">
     <span class='ocr_line' id='line_1_118' title="bbox 2199 5073 3868 5150; baseline 0.004 -20"><span class='ocrx_word' id='word_1_850' title='bbox 2199 5090 2324 5142; x_wconf 83' lang='lat' dir='ltr'><strong>cus,</strong></span> <span class='ocrx_word' id='word_1_851' title='bbox 2360 5073 2490 5130; x_wconf 90' lang='lat' dir='ltr'><strong>aliis</strong></span> <span class='ocrx_word' id='word_1_852' title='bbox 2515 5076 2800 5132; x_wconf 90' lang='lat' dir='ltr'><strong>omnibus</strong></span> <span class='ocrx_word' id='word_1_853' title='bbox 2825 5091 2937 5150; x_wconf 91' lang='lat' dir='ltr'><strong>pro</strong></span> <span class='ocrx_word' id='word_1_854' title='bbox 2967 5078 3182 5134; x_wconf 89' lang='lat' dir='ltr'><strong>Christi</strong></span> <span class='ocrx_word' id='word_1_855' title='bbox 3219 5079 3467 5136; x_wconf 89' lang='lat' dir='ltr'><strong>nomine</strong></span> <span class='ocrx_word' id='word_1_856' title='bbox 3495 5079 3743 5149; x_wconf 86' lang='lat' dir='ltr'><strong>largus:</strong></span> <span class='ocrx_word' id='word_1_857' title='bbox 3799 5081 3868 5138; x_wconf 90' lang='lat' dir='ltr'><strong>ni</strong></span> 
     </span>
    </p>
   </div>
   <div class='ocr_carea' id='block_1_119' title="bbox 2197 5162 3870 5242">
    <p class='ocr_par' dir='ltr' id='par_1_119' title="bbox 2197 5162 3870 5242">
     <span class='ocr_line' id='line_1_119' title="bbox 2197 5162 3870 5242; baseline 0.006 -25"><span class='ocrx_word' id='word_1_858' title='bbox 2197 5162 2282 5218; x_wconf 91' lang='lat' dir='ltr'><strong>hil</strong></span> <span class='ocrx_word' id='word_1_859' title='bbox 2309 5165 2612 5220; x_wconf 88' lang='lat' dir='ltr'><strong>terrenum</strong></span> <span class='ocrx_word' id='word_1_860' title='bbox 2639 5165 2750 5222; x_wconf 88' lang='lat' dir='ltr'><strong>sibi</strong></span> <span class='ocrx_word' id='word_1_861' title='bbox 2787 5166 3096 5240; x_wconf 75' lang='lat' dir='ltr'><strong>acquitem</strong></span> <span class='ocrx_word' id='word_1_862' title='bbox 3125 5167 3394 5240; x_wconf 84' lang='lat' dir='ltr'><strong>cupiens,</strong></span> <span class='ocrx_word' id='word_1_863' title='bbox 3425 5171 3492 5224; x_wconf 88' lang='lat' dir='ltr'><strong>ut</strong></span> <span class='ocrx_word' id='word_1_864' title='bbox 3523 5175 3736 5242; x_wconf 86' lang='lat' dir='ltr'><strong>posset</strong></span> <span class='ocrx_word' id='word_1_865' title='bbox 3759 5169 3870 5226; x_wconf 89' lang='lat' dir='ltr'><strong>bo-</strong></span> 
     </span>
    </p>
   </div>
   <div class='ocr_carea' id='block_1_120' title="bbox 2199 5251 2714 5310">
    <p class='ocr_par' dir='ltr' id='par_1_120' title="bbox 2199 5251 2714 5310">
     <span class='ocr_line' id='line_1_120' title="bbox 2199 5251 2714 5310; baseline 0.006 -3"><span class='ocrx_word' id='word_1_866' title='bbox 2199 5251 2292 5307; x_wconf 89' lang='lat' dir='ltr'><strong>nis</strong></span> <span class='ocrx_word' id='word_1_867' title='bbox 2317 5253 2554 5310; x_wconf 71' lang='lat' dir='ltr'><strong>esternis</strong></span> <span class='ocrx_word' id='word_1_868' title='bbox 2577 5253 2714 5310; x_wconf 80' lang='lat' dir='ltr'><strong>frui.</strong></span> 
     </span>
    </p>
   </div>
   <div class='ocr_carea' id='block_1_121' title="bbox 2271 5341 3872 5417">
    <p class='ocr_par' dir='ltr' id='par_1_121' title="bbox 2271 5341 3872 5417">
     <span class='ocr_line' id='line_1_121' title="bbox 2271 5341 3872 5417; baseline 0.004 -20"><span class='ocrx_word' id='word_1_869' title='bbox 2271 5343 2358 5397; x_wconf 84' lang='lat' dir='ltr'><strong>Vl.</strong></span> <span class='ocrx_word' id='word_1_870' title='bbox 2383 5341 2604 5398; x_wconf 87' lang='lat' dir='ltr'><strong>Claruit</strong></span> <span class='ocrx_word' id='word_1_871' title='bbox 2627 5359 2769 5400; x_wconf 89' lang='lat' dir='ltr'><strong>vero</strong></span> <span class='ocrx_word' id='word_1_872' title='bbox 2801 5343 2980 5399; x_wconf 89' lang='lat' dir='ltr'><strong>etiam</strong></span> <span class='ocrx_word' id='word_1_873' title='bbox 3001 5343 3329 5417; x_wconf 71' lang='lat' dir='ltr'><strong>prophetiae</strong></span> <span class='ocrx_word' id='word_1_874' title='bbox 3381 5345 3614 5417; x_wconf 87' lang='lat' dir='ltr'><strong>spiritu,</strong></span> <span class='ocrx_word' id='word_1_875' title='bbox 3647 5345 3734 5402; x_wconf 86' lang='lat' dir='ltr'><strong>ita</strong></span> <span class='ocrx_word' id='word_1_876' title='bbox 3785 5347 3872 5402; x_wconf 81' lang='lat' dir='ltr'><strong>fu-</strong></span> 
     </span>
    </p>
   </div>
   <div class='ocr_carea' id='block_1_122' title="bbox 2200 5429 3868 5504">
    <p class='ocr_par' dir='ltr' id='par_1_122' title="bbox 2200 5429 3868 5504">
     <span class='ocr_line' id='line_1_122' title="bbox 2200 5429 3868 5504; baseline 0.004 -20"><span class='ocrx_word' id='word_1_877' title='bbox 2200 5433 2334 5485; x_wconf 87' lang='lat' dir='ltr'><strong>tura</strong></span> <span class='ocrx_word' id='word_1_878' title='bbox 2349 5429 2702 5502; x_wconf 81' lang='lat' dir='ltr'><strong>praedicens,</strong></span> <span class='ocrx_word' id='word_1_879' title='bbox 2721 5447 2792 5487; x_wconf 87' lang='lat' dir='ltr'><strong>ac</strong></span> <span class='ocrx_word' id='word_1_880' title='bbox 2811 5433 2858 5486; x_wconf 91' lang='lat' dir='ltr'><strong>si</strong></span> <span class='ocrx_word' id='word_1_881' title='bbox 2875 5433 3005 5504; x_wconf 89' lang='lat' dir='ltr'><strong>jam</strong></span> <span class='ocrx_word' id='word_1_882' title='bbox 3022 5449 3226 5490; x_wconf 91' lang='lat' dir='ltr'><strong>coram</strong></span> <span class='ocrx_word' id='word_1_883' title='bbox 3247 5432 3376 5489; x_wconf 84' lang='lat' dir='ltr'><strong>ﬁeri</strong></span> <span class='ocrx_word' id='word_1_884' title='bbox 3391 5437 3678 5492; x_wconf 84' lang='lat' dir='ltr'><strong>cerneret.</strong></span> <span class='ocrx_word' id='word_1_885' title='bbox 3695 5435 3868 5500; x_wconf 86' lang='lat' dir='ltr'><strong>Quod</strong></span> 
     </span>
    </p>
   </div>
   <div class='ocr_carea' id='block_1_123' title="bbox 2202 5521 3868 5596">
    <p class='ocr_par' dir='ltr' id='par_1_123' title="bbox 2202 5521 3868 5596">
     <span class='ocr_line' id='line_1_123' title="bbox 2202 5521 3868 5596; baseline 0.005 -23"><span class='ocrx_word' id='word_1_886' title='bbox 2202 5521 2266 5574; x_wconf 91' lang='lat' dir='ltr'><strong>ut</strong></span> <span class='ocrx_word' id='word_1_887' title='bbox 2286 5523 2478 5575; x_wconf 89' lang='lat' dir='ltr'><strong>certus</strong></span> <span class='ocrx_word' id='word_1_888' title='bbox 2501 5521 2890 5594; x_wconf 88' lang='lat' dir='ltr'><strong>testatiusque</strong></span> <span class='ocrx_word' id='word_1_889' title='bbox 2913 5522 3040 5594; x_wconf 85' lang='lat' dir='ltr'><strong>ﬁat,</strong></span> <span class='ocrx_word' id='word_1_890' title='bbox 3081 5539 3154 5578; x_wconf 83' lang='lat' dir='ltr'><strong>ex</strong></span> <span class='ocrx_word' id='word_1_891' title='bbox 3181 5521 3457 5595; x_wconf 86' lang='lat' dir='ltr'><strong>plurimis</strong></span> <span class='ocrx_word' id='word_1_892' title='bbox 3493 5539 3694 5596; x_wconf 80' lang='lat' dir='ltr'><strong>pauca</strong></span> <span class='ocrx_word' id='word_1_893' title='bbox 3723 5523 3868 5581; x_wconf 77' lang='lat' dir='ltr'><strong>aﬁ‘e-</strong></span> 
     </span>
    </p>
   </div>
   <div class='ocr_carea' id='block_1_124' title="bbox 2195 5609 3869 5688">
    <p class='ocr_par' dir='ltr' id='par_1_124' title="bbox 2195 5609 3869 5688">
     <span class='ocr_line' id='line_1_124' title="bbox 2195 5609 3869 5688; baseline 0.006 -25"><span class='ocrx_word' id='word_1_894' title='bbox 2195 5619 2420 5666; x_wconf 89' lang='lat' dir='ltr'><strong>remus.</strong></span> <span class='ocrx_word' id='word_1_895' title='bbox 2455 5609 2745 5682; x_wconf 85' lang='lat' dir='ltr'><strong>Cumjam</strong></span> <span class='ocrx_word' id='word_1_896' title='bbox 2774 5609 3148 5670; x_wconf 84' lang='lat' dir='ltr'><strong>discessurus</strong></span> <span class='ocrx_word' id='word_1_897' title='bbox 3175 5612 3438 5672; x_wconf 79' lang='lat' dir='ltr'><strong>essetab</strong></span> <span class='ocrx_word' id='word_1_898' title='bbox 3457 5629 3530 5672; x_wconf 85' lang='lat' dir='ltr'><strong>eo</strong></span> <span class='ocrx_word' id='word_1_899' title='bbox 3559 5613 3722 5684; x_wconf 84' lang='lat' dir='ltr'><strong>loco,</strong></span> <span class='ocrx_word' id='word_1_900' title='bbox 3759 5629 3869 5688; x_wconf 75' lang='lat' dir='ltr'><strong>qui</strong></span> 
     </span>
    </p>
   </div>
  </div>
