4096 6138
209 125 304 181 801

1327 122 1415 177 DE
1452 119 1612 174 VITA
1653 116 1707 173 S.
1750 111 2056 172 ODULPHI
2094 116 2536 176 PRESBYTER].

217 248 516 306 Staverem'
563 246 778 302 dicitur
817 246 1171 320 priusquam
1219 261 1282 302 se
1326 244 1496 301 daret
1536 241 1748 308 itineri,
1777 239 1865 294 iii-
1892 246 1940 320 Ᾱ
1974 243 2030 295 et
2058 241 2427 297 Bonifacium
2459 247 2698 299 sanctos
2731 246 3064 319 episcopos,
3097 246 3158 302 in
3189 246 3286 303 ma
3315 247 3462 304 sede
3501 248 3632 304 nul-

215 353 357 409 gens
385 337 464 392 ad
489 352 629 392 eum
678 337 956 392 convenit
1004 335 1315 392 Frisonum
1360 332 1699 401 multitudo,
1731 330 1863 399 ejus

216 425 605 482 saluberrima
643 425 1056 480 adhortatione
1096 424 1315 480 muniri
1347 420 1734 496 cupientium.
1770 419 1867 473 Ille

215 531 355 571 vero
388 515 639 570 Domino
668 529 770 569 eos
796 513 1253 584 commendans,
1285 513 1439 569 bene
1469 511 1749 585 precatus
1782 512 1870 564 est

217 605 316 672 eis,
369 608 759 676 amanterque
811 603 1197 676 admonebat,
1241 619 1316 658 ne
1373 617 1410 658 a
1461 601 1559 656 via
1608 597 1868 656 veritatis

215 706 484 764 unquam
511 691 909 758 deflecterent,
933 691 1074 747 certi
1093 707 1217 747 non
1250 691 1377 747 sine
1409 689 1574 760 gravi
1600 683 1870 745 animad-

214 780 483 837 versione
512 780 573 835 id
603 795 664 835 se
695 780 978 836 facturos.
1013 784 1079 836 Et
1109 797 1219 851 ego
1249 779 1517 853 quidem,
1540 776 1755 850 inquit,
1778 778 1871 831 sat

216 869 334 926 scio
372 884 496 924 non
542 884 650 924 vos
690 885 1120 942 permansuros
1151 869 1211 924 in
1240 883 1390 924 sana
1419 865 1728 922 doctrina:
1763 863 1868 919 sed

216 974 284 1014 ea
312 973 498 1014 causa
529 957 776 1027 gentiles
804 957 1047 1014 barbari
1085 958 1147 1013 in
1193 969 1302 1013 vos
1350 957 1670 1026 incurrent,
1703 951 1870 1026 quod

215 1047 357 1103 mihi
381 1048 510 1118 jam
538 1047 711 1102 vobis
742 1051 876 1104 ante
925 1047 1267 1120 praedicenti
1308 1047 1721 1102 incunctanter
1747 1058 1869 1098 cre-

213 1137 349 1192 dere
377 1136 644 1209 potestis,
675 1136 834 1208 iique
857 1141 1118 1193 vestram
1149 1136 1459 1205 regionem
1489 1132 1871 1206 populabun-

217 1229 332 1292 tur,
361 1239 591 1298 vosque
638 1229 692 1281 et
736 1229 831 1282 res
863 1230 1088 1283 vestras
1135 1241 1341 1282 secum
1370 1225 1429 1280 in
1470 1222 1868 1296 captivitatem

216 1314 532 1372 adducent.
567 1315 766 1371 Evenit
817 1319 1138 1389 utrumque
1182 1320 1412 1389 postea,
1463 1313 1618 1370 sicut
1665 1314 1790 1368 erat
1833 1325 1870 1367 a

219 1409 425 1462 sancto
444 1404 572 1460 viro
597 1406 1079 1478 praenuntiatum.
1268 1459 1276 1470 ι

289 1497 396 1550 VII.
431 1498 643 1563 ingens
675 1510 890 1550 saxum
923 1494 1003 1550 ad
1032 1494 1250 1550 domus
1300 1494 1429 1564 ejus
1459 1493 1681 1548 ostium
1705 1492 1868 1561 jace-

1972 330 2065 386 lus
2107 336 2376 403 repertus
2431 332 2524 400 sit,
2571 333 2675 405 qui
2727 350 2917 406 usque
2971 335 3048 392 ad
3098 351 3448 409 supremum
3497 337 3628 394 vita

1972 417 2132 474 diem
2162 419 2504 476 excolendis
2536 421 2854 477 virtutibus
2893 439 3005 495 par
3034 423 3114 479 illi
3142 424 3337 480 fuerit.
3369 429 3631 498 Apparet

1971 506 2111 562 inde
2138 513 2264 563 non
2286 507 2508 566 temere
2547 517 2690 567 e‘um
2719 525 2755 566 a
2784 517 2989 567 sancto
3016 512 3294 585 Odulpho
3322 513 3451 570 aliis
3476 529 3629 586 pra:-

1971 595 2162 652 latum
2187 596 2388 653 fuisse.

2046 684 2127 740 IX.
2146 687 2275 740 Jam
2298 689 2570 742 senectus
2595 687 2909 759 premebat
2933 690 3207 743 sanctum
3229 688 3425 745 virum
3449 690 3628 747 Odul-

1975 774 2188 847 phum,
2218 777 2275 830 et
2309 775 2386 830 ad
2445 775 2757 832 ecclesiam
2805 777 3038 849 absque
3084 776 3346 848 scipione
3395 779 3634 850 proredi

1975 877 2098 916 non
2147 864 2397 934 poterat.
2429 861 2491 918 ln
2531 863 2718 936 ipsius
2773 868 2974 919 autem
3024 864 3306 936 scipionis
3352 882 3634 938 suprema

1975 951 2146 1022 parte
2195 966 2426 1006 ceream
2479 951 2752 1008 afﬁxerat
2778 952 3080 1020 tabellam,
3127 953 3190 1008 in
3231 970 3352 1026 qua
3383 953 3631 1023 solebat,

1975 1041 2177 1097 oblata
2228 1042 2562 1112 occasione,
2595 1043 2845 1099 nomina
2892 1043 3161 1099 ﬁdelium
3192 1044 3501 1114 adnotare,
3534 1045 3639 1102 do-

1973 1145 2085 1185 nec
2133 1144 2206 1186 ea
2251 1130 2312 1185 in
2354 1129 2507 1186 libro
2550 1131 2684 1187 vitae
2715 1132 3095 1189 describeret.
3127 1133 3400 1193 Quodam
3432 1138 3633 1190 autem

1974 1219 2088 1283 die,
2109 1234 2232 1292 prae
2262 1219 2446 1274 animi
2475 1220 2680 1290 vigore
2711 1225 2768 1276 et
2796 1221 3095 1278 alacritate
3128 1221 3347 1277 oblitus
3373 1221 3636 1279 imbecil—

1975 1307 2152 1362 litatis
2185 1324 2328 1373 suae,
2361 1313 2498 1364 cum
2530 1309 2608 1365 ad
2641 1309 2740 1365 Dei
2771 1309 2997 1366 cultum
3027 1313 3394 1383 properaret,
3428 1311 3488 1365 in
3533 1310 3637 1367 do—

1977 1395 2195 1451 micilio
2232 1414 2342 1452 suo
2390 1397 2624 1471 reliquit
2673 1398 3004 1472 scipionem
3043 1399 3232 1456 illum.
3267 1399 3454 1455 Paulo
3502 1405 3636 1471 post

1977 1501 2162 1557 opera
2191 1484 2437 1556 maligni
2468 1487 2762 1543 daemonis
2793 1488 3238 1545 inﬂammatum
3278 1494 3366 1544 est
3393 1486 3638 1544 domici-

217 1583 339 1638 bat.
363 1581 510 1637 Illud
533 1597 675 1652 ergo
700 1582 888 1655 digito
908 1582 1333 1638 demonstrans
1355 1579 1600 1636 iisdem:
1633 1579 1867 1646 Scitote,
1899 1608 1942 1662 Β
1976 1573 2123 1628 lium
2153 1574 2320 1643 illud,
2352 1580 2409 1630 et
2439 1591 2577 1631 cum
2603 1576 2771 1632 omni
2802 1577 3192 1649 suppellectili
3223 1577 3632 1646 conﬂagravit.

220 1671 428 1743 inquit,
475 1670 740 1726 futurum
792 1687 939 1739 esse,
982 1675 1049 1726 ut
1098 1671 1329 1743 absque
1380 1668 1557 1724 ullius
1605 1666 1870 1723 hominis

207 1755 400 1831 'opera
470 1769 683 1814 saxum
738 1759 895 1815 istud
948 1759 1010 1815 in
1063 1759 1291 1814 ﬂumen
1344 1756 1733 1813 devolvatur:
1769 1751 1877 1810 ubi-

220 1849 394 1904 etiam
424 1847 678 1904 latitabit
708 1849 820 1903 sub
871 1849 1071 1919 undis,
1102 1848 1295 1903 donec
1324 1864 1432 1903 vos
1458 1846 1675 1902 divinae
1705 1845 1870 1918 pacis

221 1937 375 1992 eritis
405 1937 698 1993 beneﬁcio
728 1937 1010 1992 destituti.
1048 1940 1197 1993 Cum
1224 1927 1422 1992 autem
1461 1931 1725 1990 videritis
1765 1934 1871 1988 ite-

219 2041 350 2079 rum
401 2024 635 2096 absque
684 2025 954 2079 humano
1006 2040 1186 2096 opere
1234 2023 1312 2079 ad
1359 2022 1517 2078 littus
1548 2033 1871 2089 emergere,

220 2126 340 2165 non
370 2109 649 2166 dubitetis
678 2126 796 2178 me,
828 2111 961 2166 licet
985 2111 1114 2181 jam
1152 2111 1498 2176 extinctum,
1530 2123 1639 2164 vos
1663 2109 1876 2164 revise-

221 2207 302 2265 re,
334 2197 630 2271 vobisque
674 2213 890 2272 pacem
921 2215 956 2254 a
988 2203 1106 2254 Deo
1135 2199 1514 2271 impetratam
1545 2201 1874 2269 asportare,

221 2303 569 2343 mansuram
621 2288 784 2361 apud
838 2305 950 2345 vos
994 2288 1187 2344 donec
1236 2287 1537 2361 superbia,
1576 2285 1874 2359 perjuriis,

223 2375 584 2446 homicidiis,
644 2377 949 2433 adulteriis
1001 2382 1181 2450 atque
1233 2376 1583 2433 omnivariis
1639 2371 1875 2444 ﬂagitiis

225 2479 356 2520 eam
395 2479 602 2519 rursus
639 2479 674 2520 a
705 2465 876 2520 vobis
918 2465 1270 2533 exelu’datis,
1305 2465 1454 2520 irato
1485 2465 1604 2520 Deo
1634 2468 1878 2536 propter

225 2553 518 2609 maleﬁcia
563 2559 780 2610 vestra.
815 2554 1006 2626 Hujus
1049 2555 1295 2627 quidem
1327 2553 1588 2610 vaticinii
1637 2558 1694 2609 et
1722 2551 1877 2622 signi

225 2641 561 2699 admirandi
615 2643 894 2716 permulti
948 2647 1123 2700 testes
1177 2644 1476 2716 hodieque
1532 2643 1871 2715 supersunt,

223 2732 328 2806 qui
383 2747 447 2787 se
499 2732 560 2788 id
609 2734 732 2788 suis
792 2732 980 2788 oculis
1054 2732 1434 2805 'conspexisse
1499 2734 1876 2796 asseverant;

224 2831 559 2894 saxtunque
589 2820 736 2876 illud
768 2819 993 2876 ibidem
1038 2821 1099 2876 in
1129 2820 1377 2876 ecclesia
1407 2819 1714 2876 immobile
1743 2835 1878 2892 per-

223 2911 413 2977 durat,
449 2914 512 2966 ut
560 2909 933 2966 credentium
973 2909 1359 2966 conﬁrmetur
1393 2909 1568 2979 ﬁdes,
1603 2913 1659 2965 e‘t
1687 2909 1879 2965 incre-

222 2999 347 3055 duli
372 2998 698 3072 pudeﬁant.

295 3092 426 3145 Vill.
461 3088 720 3145 Ecclesia
772 3087 1178 3159 Trajectensis,
1227 3102 1258 3143 e
1308 3088 1428 3144 vita
1475 3087 1711 3145 sublato
1759 3088 1882 3160 epi-

223 3194 426 3250 scopo,
453 3181 694 3251 pastore
721 3177 931 3233 orbata
957 3176 1082 3232 fuit.
1114 3180 1243 3233 Mox
1268 3176 1493 3232 collecti
1523 3177 1717 3232 clerici
1739 3191 1878 3232 cum

223 3268 398 3323 beato
435 3267 562 3322 viro
592 3266 930 3322 tractabant
959 3265 1034 3321 de
1064 3265 1341 3335 eligendo
1373 3280 1737 3321 successore.
1770 3266 1880 3321 Diu

225 3361 424 3414 autem
473 3354 584 3410 illis
628 3355 778 3410 inter
826 3370 890 3409 se
933 3353 1449 3420 contendentibus,
1485 3354 1733 3410 tandem
1763 3355 1879 3410 ele-

227 3449 437 3516 gerunt
472 3444 744 3500 Ecclesiae
791 3442 1182 3515 praepositum
1232 3445 1522 3500 Crastum.
1566 3443 1756 3498 Atille
1789 3459 1878 3498 re-

222 3537 337 3592 bus
367 3533 543 3590 valde
572 3532 859 3605 locuples,
888 3535 1237 3602 arroganter
1274 3547 1343 3588 ae
1373 3532 1600 3588 tumide
1624 3532 1771 3589 dixit
1799 3533 1878 3591 ad

220 3625 382 3682 illos:
415 3623 616 3680 Habeo
643 3621 884 3679 abunde
916 3621 1139 3677 multa:
1174 3636 1279 3677 cur
1309 3622 1369 3676 in
1395 3629 1562 3677 meos
1592 3622 1877 3678 humeros

218 3717 453 3771 tantum
482 3727 636 3768 onus
665 3711 956 3782 conjicitis
976 3711 1002 3765 ?
1035 3711 1108 3766 Iis
1140 3711 1338 3766 verbis
1371 3716 1708 3766 commotus
1739 3711 1878 3768 bea-

219 3806 312 3859 tus
340 3801 674 3873 Odulphus,
703 3799 869 3872 quid,
899 3800 1110 3872 inquit,
1146 3798 1253 3866 ais,
1288 3799 1618 3853 miserrime
1638 3800 1666 3854 ?
1701 3800 1874 3871 Sper;

215 3891 311 3946 nis
341 3889 534 3962 plane,
571 3887 678 3944 sed
703 3888 868 3960 quod
898 3887 1190 3960 consequi
1225 3891 1348 3941 non
1397 3887 1662 3942 mereris.
1701 3887 1872 3952 Quod

216 3981 266 4036 si
313 3979 562 4036 nolebas
603 3978 664 4033 in
705 3981 759 4033 te
807 3977 1087 4049 recipere,
1121 3976 1348 4031 dioeres
1397 3975 1610 4031 saltem
1641 3979 1697 4032 te
1726 3976 1874 4032 tanti

213 4067 460 4125 honoris
491 4067 748 4122 culmine
794 4065 1130 4135 indignum.
1162 4067 1234 4120 At
1264 4080 1424 4119 nunc
1453 4068 1697 4136 propter
1726 4078 1874 4136 opes

212 4156 541 4215 immensas
571 4154 880 4228 apostolici
923 4154 1149 4210 ordinis
1177 4167 1464 4226 spernens
1494 4153 1868 4222 dignitatem,

211 4262 401 4321 prope
431 4247 591 4302 diem
621 4263 693 4302 ex
723 4247 836 4300 hac
866 4245 997 4300 luce
1032 4243 1417 4299 subtraheris.
1453 4242 1602 4298 Dixit
1631 4243 1716 4297 vir
1748 4242 1866 4310 Dei,

212 4339 271 4394 et
318 4335 611 4391 sermonis
651 4335 960 4389 veritatem
1008 4331 1271 4388 hominis
1315 4343 1477 4386 mors
1524 4330 1865 4386 declaravit.

211 4425 451 4481 Interim
481 4425 585 4498 qui
611 4440 681 4480 ex
710 4423 865 4478 clero
889 4424 1309 4488 convenerant,
1327 4435 1464 4476 cum
1486 4419 1702 4475 animis
1733 4431 1868 4476 vac-

209 4515 495 4581 cillarent,
529 4512 747 4582 singuli
776 4513 881 4585 qui
910 4511 1054 4584 ipsis
1105 4525 1243 4566 cum
1292 4509 1501 4582 primis
1529 4509 1758 4564 idoneis
1789 4510 1870 4564 Vi-

208 4605 512 4672 derentur,
546 4603 794 4672 elegere.
829 4604 903 4658 At
933 4601 1142 4658 Christi
1169 4598 1448 4656 saeerdos
1480 4613 1601 4655 non
1630 4598 1707 4654 ad
1737 4601 1868 4672 per-

206 4707 446 4756 sonam,
481 4691 587 4747 sed
617 4691 694 4746 ad
724 4689 1002 4746 meritum
1050 4688 1392 4762 respiciens,
1426 4685 1663 4743 dicebat
1689 4703 1868 4760 posse

141 4779 148 4783 ’
203 4784 362 4840 inter
405 4781 572 4854 ipsos
621 4777 870 4835 inveniri
919 4779 1112 4847 magis
1159 4777 1467 4841 idoneum,
1509 4791 1619 4832 nec
1663 4781 1866 4832 tamen

199 4871 583 4942 vituperabat
625 4869 703 4924 ab
754 4867 902 4940 ipsis
957 4867 1192 4922 electos.
1227 4867 1431 4938 Itaque
1479 4861 1737 4921 Ostendit
1782 4864 1866 4920 eis

200 4959 626 5034 presbyterum
670 4957 1019 5030 quemdam,
1068 4959 1411 5023 Hungerum
1465 4954 1728 5022 nomine,
1761 4949 1866 5027 qui

195 5050 339 5107 licet
389 5049 556 5105 vultu
606 5047 892 5103 deformis
943 5049 1116 5114 esset,
1149 5048 1413 5099 attamen
1462 5043 1863 5099 neScientib'us

193 5137 574 5206 hominibus,
615 5135 721 5192 sed
775 5152 899 5192 non
951 5134 1248 5191 nesciente
1306 5135 1444 5196 Deo,
1499 5130 1720 5186 meritis
1770 5129 1861 5187 iii;

195 5228 395 5299 signis
430 5229 572 5284 erat.
602 5229 750 5283 Eum
796 5242 938 5294 ergo
986 5223 1263 5281 homines
1302 5219 1626 5289 elegerunt,
1659 5223 1715 5276 et
1745 5225 1861 5276 sta-

190 5322 328 5375 tuto
365 5322 626 5390 tempore
658 5321 1043 5373 consecratus
1072 5319 1158 5371 est
1189 5313 1526 5386 episcopus.
1553 5307 1735 5379 Cujus
1767 5308 1860 5364 sa—

188 5421 276 5464 ne
309 5411 489 5463 tantae
520 5407 627 5462 fuit
656 5406 782 5462 vitae
813 5404 1136 5476 integritas,
1170 5405 1232 5460 ut
1261 5405 1397 5474 post
1429 5396 1851 5455 Willebrodutn

1981 1666 2117 1718 Erat
2167 1668 2368 1718 autem
2399 1664 2489 1719 vir
2544 1665 2648 1720 Dei
2703 1669 3034 1737 occupatus
3081 1665 3363 1720 laudibus
3397 1664 3636 1732 divinis,

1980 1751 2088 1808 sed
2118 1759 2256 1808 eum
2287 1758 2552 1810 cerneret
2579 1753 2781 1810 valido
2827 1754 2961 1823 igne
3002 1754 3132 1822 jam
3163 1757 3506 1824 correptum
3534 1751 3638 1806 do-

1980 1841 2289 1912 micilium,
2336 1841 2412 1897 ad
2465 1842 2637 1898 solita
2691 1842 2971 1916 prtesidia
3021 1858 3082 1897 se
3140 1841 3408 1910 contulit,
3452 1842 3637 1896 Deum

1978 1945 2160 1986 orans
2189 1946 2264 1986 ne
2289 1930 2421 1987 loca
2451 1936 2658 1987 sancta
2687 1931 2839 2001 ignis
2880 1930 3188 1986 invaderet
3215 1948 3227 1985 :
3279 1945 3402 1984 non
3434 1929 3642 1984 admo-

1981 2019 2128 2074 dum
2159 2035 2380 2075 curans
2408 2019 2707 2074 excidium
2734 2018 2959 2073 cellqu
2988 2034 3132 2073 suae.
3157 2016 3468 2072 Exaudivit
3497 2031 3640 2072 vero

1986 2112 2137 2164 Deus
2166 2125 2374 2181 preces
2415 2109 2562 2180 ejus,
2597 2124 2860 2181 moxque
2899 2107 3244 2163 incendium
3297 2121 3639 2178 repressum

1985 2203 2206 2265 est,nec
2231 2197 2565 2270 quidquam
2587 2201 2802 2270 praeter
2823 2197 2929 2252 viri
2954 2197 3056 2251 Dei
3076 2194 3445 2252 domicilium
3464 2210 3638 2249 exus-

1985 2287 2074 2341 sit.
2111 2290 2176 2341 ln
2202 2286 2412 2341 mediis
2440 2291 2642 2341 autem
2690 2285 2951 2340 ﬂammis
2991 2284 3144 2339 adeo
3189 2283 3379 2355 scipio
3420 2281 3643 2336 mansit

1984 2375 2229 2443 illaesus,
2247 2380 2312 2431 ut
2341 2375 2418 2431 ab
2443 2375 2568 2446 igni
2598 2390 2734 2430 cera
2762 2374 3042 2430 indurata
3059 2372 3373 2439 videretur,
3393 2387 3506 2427 nec
3529 2371 3642 2426 mi-

1985 2464 2301 2520 mitissimo
2317 2463 2563 2537 quidem
2595 2465 2760 2537 apice
2789 2479 2860 2519 ex
2891 2462 2991 2518 illo
3023 2461 3642 2530 abolito.Quoinsigni

1987 2553 2278 2609 miraculo
2305 2556 2460 2609 Deus
2483 2552 2794 2610 ostendere
2806 2551 3011 2618 voluit,
3035 2549 3245 2623 quanti
3267 2547 3642 2622 apudipsum

1989 2641 2182 2697 meriti
2219 2646 2375 2697 esset
2423 2643 2662 2697 sanctus
2699 2639 3029 2712 Odulphus.
3063 2637 3400 2711 Scipionem
3441 2641 3643 2692 autem

1984 2729 2153 2785 illum
2183 2729 2244 2783 in
2274 2729 2403 2798 ejus
2441 2728 2706 2784 defuncti
2744 2728 3088 2801 sepulcrum
3118 2726 3380 2782 deﬁxere
3410 2725 3640 2792 fratres,

1986 2819 2090 2890 qui
2114 2817 2230 2873 illic
2257 2818 2336 2873 ita
2365 2818 2585 2873 mansit
2615 2817 2769 2872 ﬁxus
2799 2831 2988 2889 usque
3020 2815 3096 2872 ad
3125 2815 3314 2871 beatae
3335 2813 3640 2870 memoriae

1986 2906 2240 2963 Ratbodi
2267 2906 2532 2979 episcopi
2561 2921 2763 2978 Opera.

2060 2995 2129 3048 Χ.
2163 2994 2529 3051 Adventante
2562 2994 2806 3050 tandem
2837 2995 3123 3066 tempore,
3153 3006 3276 3064 quo
3312 2989 3402 3046 vir
3429 2990 3642 3046 beatus

1987 3084 2066 3141 ab
2095 3086 2364 3156 optatam
2393 3082 2649 3139 caelestis
2675 3082 2884 3155 patria
2921 3080 3176 3153 gloriam
3215 3081 3343 3135 erat
3371 3078 3646 3136 transitu-

1985 3189 2107 3244 rus,
2141 3173 2382 3228 modica
2409 3172 2572 3228 febre
2602 3174 2928 3244 correptus,
2949 3169 3134 3226 sensit
3155 3168 3364 3225 adesse
3385 3167 3648 3238 migran-

1987 3261 2048 3317 di
2095 3263 2354 3334 tempus.
2399 3261 2614 3316 Accitis
2682 3260 2860 3330 igitur
2902 3257 3202 3325 fratribus,
3253 3255 3532 3312 indicavit
3561 3255 3645 3312 eis

1988 3350 2148 3407 diem
2175 3350 2374 3406 obitus
2403 3350 2513 3406 sui.
2548 3350 2670 3406 sub
2697 3348 2898 3422 ipsam
2942 3351 3143 3404 autem
3193 3345 3400 3401 mortis
3429 3345 3643 3401 horam

1987 3456 2194 3496 rursus
2218 3441 2427 3496 fratres
2459 3437 2572 3494 sibi
2619 3438 2832 3494 adesse
2861 3435 3068 3502 voluit,
3101 3437 3158 3491 et
3186 3446 3324 3490 cum
3354 3433 3486 3506 ipso
3509 3445 3645 3490 can-

1985 3533 2112 3586 tare
2140 3530 2410 3604 psalmos
2439 3544 2549 3603 pro
2578 3525 3017 3601 exspectatione
3047 3525 3329 3581 decessus
3366 3523 3477 3578 sui.
3511 3525 3648 3580 Om-

1983 3621 2164 3677 nibus
2191 3618 2449 3693 deniq’ue‘
2492 3633 2564 3675 ex
2593 3618 2781 3691 ipsius
2826 3615 3176 3690 praescripto
3209 3613 3318 3669 rite
3366 3611 3641 3684 peractis,

1984 3709 2249 3765 valefeeit
2279 3707 2582 3770 fratribus,
2617 3721 2838 3775 rogans
2869 3720 2970 3759 cos
3009 3707 3074 3758 ut
3114 3717 3225 3774 pro
3275 3701 3410 3772 ipso
3442 3698 3642 3754 Domi-

1983 3812 2129 3854 num
2154 3799 2560 3869 precarentur,
2590 3811 2651 3848 se
2681 3808 2922 3864 quoque
2954 3789 3241 3862 pollicens
3274 3803 3382 3860 pro
3415 3785 3564 3858 ipsis
3587 3789 3644 3840 et

1981 3885 2114 3941 loco
2139 3884 2238 3939 illo
2269 3885 2518 3955 ejusque
2571 3878 3010 3937 habitatoribus
3055 3880 3346 3949 perpetuo
3391 3873 3642 3928 Domino

1981 3987 2187 4047 preces
2216 3972 2582 4027 oblaturum.
2611 3969 2751 4024 Inde
2779 3983 2921 4023 mox
2948 3965 3038 4047 ad
3058 3964 3380 4020 Dominum
3412 3977 3472 4017 se
3503 3977 3642 4015 con-

1979 4045 2234 4131 vertens,
2285 4060 2550 4131 nihilque
2605 4055 2911 4129 trepidans
2961 4045 3042 4109 ad
3093 4055 3346 4108 mortem
3397 4049 3642 4122 (quippe

1979 4152 2082 4224 qui
2114 4159 2368 4206 mortem
2399 4149 2594 4220 ipsam
2624 4146 2686 4202 in
2717 4145 2884 4200 lucro
2913 4144 3204 4215 poneret),
3236 4139 3411 4195 hilari
3441 4140 3640 4194 mente

1979 4240 2167 4297 dixit:
2222 4241 2294 4295 In
2337 4249 2550 4295 manus
2591 4241 2746 4302 tuas,
2777 4235 3046 4300 Domine,
3082 4229 3423 4287 commendo
3469 4229 3644 4299 spiri-

1980 4335 2104 4387 tum
2135 4341 2326 4386 meum
2353 4320 2540 4400 (Psal.
2567 4329 2695 4391 xxx)
2723 4340 2736 4379 :
2767 4322 2879 4379 sub
2910 4321 3131 4395 quibus
3172 4317 3368 4375 verbis
3399 4316 3643 4374 sanctis-

1979 4419 2132 4474 sima
2183 4417 2282 4472 illa
2336 4415 2540 4471 anima
2593 4423 2841 4485 carpore
2883 4417 3123 4481 egresSa
3168 4412 3293 4464 est:
3340 4405 3640 4478 simulque

1978 4505 2314 4563 suavissimi
2343 4501 2545 4560 odoris
2578 4501 2903 4571 fragrantia
2930 4499 3046 4555 illic
3079 4497 3300 4553 diffusa
3326 4499 3432 4566 est,
3463 4493 3542 4549 ita
3569 4497 3636 4549 ut

1976 4612 2185 4653 omnes
2221 4591 2621 4650 inaestimabili
2667 4589 2955 4646 suavitate
2986 4587 3373 4659 replerentur,
3407 4581 3636 4654 perspi-

1975 4699 2204 4757 cueque
2235 4683 2373 4739 inde
2393 4677 3020 4744 liceretanimadverti,
3043 4673 3424 4731 beatissimos
3451 4686 3633 4740 ange-

1973 4775 2120 4831 licos
2153 4771 2395 4846 spiritus
2433 4771 2703 4827 animam
2747 4765 2911 4823 illam
2957 4775 2988 4821 e
3028 4774 3276 4836 corpOre
3310 4761 3634 4818 abeuntem

1975 4863 2329 4934 suscepisse.
2364 4860 2502 4931 EjUS
2529 4857 2716 4913 festus
2746 4854 2872 4910 dies
2903 4849 3236 4910 celebratur
3264 4849 3456 4924 pridie
3493 4849 3634 4904 Idus

1971 4952 2152 5007 Junii.
2181 4950 2349 5006 Fiunt
2379 4952 2578 5004 autem
2605 4961 2710 5018 per
2729 4945 2859 5015 ejus
2893 4941 3101 4998 merita
3130 4956 3252 4996 non
3283 4938 3480 4995 solum
3497 4940 3636 4994 Tra-

1964 5039 2104 5114 jecti
2148 5038 2273 5107 (ubi
2304 5039 2433 5108 ejus
2477 5034 2740 5108 reliquiae
2786 5032 3088 5088 habentur
3136 5028 3300 5103 apud
3353 5027 3630 5114 sanctum

1973 5111 2379 5197 Salvatorem),
2413 5123 2520 5181 sed
2549 5119 2728 5180 etiam
2756 5123 2819 5178 in
2861 5123 3143 5177 Staveren
3181 5111 3632 5197 innumerami-

1966 5218 2173 5277 racula
2200 5217 2262 5271 in
2300 5195 2594 5271 henorem
2637 5216 2692 5268 et
2723 5211 2976 5280 gloriam
3011 5203 3242 5263 Domini
3273 5201 3464 5258 nostri
3491 5195 3630 5254 .lesu

1967 5303 2200 5374 Christi,
2228 5300 2332 5376 qui
2379 5317 2519 5356 cum
2567 5301 2735 5357 Patre
2786 5303 2842 5354 et
2873 5295 3089 5368 Spiritu
3135 5291 3342 5346 sancto
3372 5286 3518 5341 vivit
3570 5290 3626 5343 et

1962 5393 2171 5466 regnat
2195 5408 2300 5465 per
2337 5387 2568 5447 infinita
2598 5387 2816 5444 saecula
2846 5383 3221 5440 saeculorum.
3259 5379 3472 5431 Amen.
