4090 6122
477 134 580 187 863

1893 113 2108 170 MARIN
2115 113 2134 166 Ι
2172 111 2368 165 ΡΑΡΛΕ
2405 109 2470 164 ΙΙ.

474 221 3884 280 W

1803 351 1947 391 ANNO
1986 349 2182 390 DOMlNl
2219 345 2534 388 HCCCCXLVI
2545 371 2556 384 .

1154 459 2188 609 MARINUS

2343 447 2880 597 PAPA
3063 449 3214 587 ll

1713 797 2083 868 NOTITIA
2173 789 2662 861 HISTORICA

977 947 1176 1020 (Apud
1208 945 1617 1018 Cocquelines,
1648 942 1891 1013 Bullar.,
1921 937 2190 1014 privileg.
2225 939 2637 991 Romanorum
2673 928 2884 1003 pontif.
2919 926 3104 1000 ampl.
3131 925 3394 995 Collect.)

1977 1048 2388 1068 #-

551 1137 817 1194 Marinus
847 1135 1170 1201 secundus,
1200 1149 1306 1188 seu
1333 1131 1612 1188 Martinus
1641 1127 1846 1184 tertius
1876 1125 2091 1201 dictus,
2122 1121 2364 1201 natione
2409 1122 2734 1201 Romanus,
2763 1115 2825 1171 in
2853 1115 3054 1201 locum
3073 1109 3376 1201 _Stgphani
3399 1124 3578 1201 praere
3591 1109 3904 1201 sinam—0:

478 1180 943 1278 ra‘EEii‘nglfﬁé
1081 1180 2133 1278 “Suei'livt‘i{pontificatutemporibus
2166 1180 3052 1278 Constantini‘lforplniyr‘ogeniti
3069 1184 3129 1238 in

479 1283 542 1338 in
573 1269 886 1337 Occidé'nte
917 1279 1104 1350 impp-
1723 1275 1776 1338 δ,
1804 1269 2504 1350 assuntsusmrmrani
2522 1269 2654 1350 91s
2681 1269 2781 1350 1?;
2804 1269 3110 1350 5992.929
3141 1269 3653 1350 esse:

1806 1319 2035 1394 illis}?
2053 1319 2237 1412 ltidie
2257 1319 2448 1412 ‘Junii,
2481 1347 2641 1412 anno
2681 1333 2804 1411 94β,
2837 1319 3139 1412 οειξξιιᾶδίεἰ
3161 1319 3366 1412 tertius
3393 1319 3659 1412 “gn-olli
3689 1319 3908 1400 catalo-

481 1351 839 1408 successoris
868 1350 1090 1416 litteris,
1123 1363 1262 1402 eum

2299 1261 2500 1316 lurimi
2527 1259 2654 1314 dies
2673 1250 2776 1314 ⁵13Ϊ
2804 1250 2938 1324 Sed,
2970 1272 3108 1310 cum
3141 1253 3352 1324 Pagius
3376 1250 3908 1324 eisripsisAgapeti

479 1391 1916 1496 ‘é’écfﬁ‘éiicﬁfs’ﬁiliaﬁ'ifqha'
1938 1391 2188 1464 nonnisi
2220 1403 2383 1473 anni,
2411 1391 2443 1458 3
2469 1419 2548 1457 m.
2583 1406 2613 1456 6
2643 1391 3044 1470 assignantur.
3076 1395 3232 1452 Obiit
3277 1391 3491 1466 itaque
3511 1391 3778 1448 Marinus
3813 1391 3908 1446 cir-

481 1476 562 1550 Szi‘
579 1476 741 1548 diem
773 1497 802 1546 5
833 1490 929 1546 vel
958 1497 988 1545 6
1018 1476 1246 1544 mensis
1273 1476 1448 1552 Jiinii,
1482 1476 1794 1541 anno'946.

844 1620 1116 1633 ηομ-..-

487 1621 836 1644 ,____........

1139 1597 3314 1628 Μ

1494 1701 2078 1803 MARINI
2203 1693 2663 1792 PAPJE
2789 1691 2907 1785 II

1187 1879 1668 1968 EPISTO
1705 1878 1888 1964 L/‘E
2055 1872 2204 1959 ET
2369 1865 2748 1955 PRIVI
2784 1863 3200 1950 LEGIA

1951 2021 2368 2038 ﬂ

1292 2111 1337 2162 Ι.

605 2195 962 2235 PRIVILEGIUM
1003 2195 1198 2234 EARINI
1237 2195 1391 2233 ΡΑΡΕ
1435 2193 1473 2230 II
1513 2191 1621 2230 PRO
1663 2186 2011 2229 MONASTERIO

1113 2282 1508 2322 VIZELIACENSI.

1119 2357 1315 2426 (Anno
1346 2355 1495 2424 953.)

710 2444 906 2516 [Apud
935 2445 1146 2500 Acher.
1175 2444 1482 2514 Spicilegiz‘
1505 2447 1646 2497 tom.
1683 2457 1740 2506 ιι,
1774 2441 1920 2510 504.]

553 2533 803 2587 Μλιωωε
833 2533 1168 2604 episcopus,
1185 2548 1392 2586 servus
1423 2545 1732 2586 servorum
1757 2528 2134 2598 Dei,Gumom

481 2617 758 2686 religioso
806 2619 1011 2675 abbati
1059 2619 1468 2674 V’izeliacensis
1520 2617 1798 2686 coenobii,
1849 2615 2135 2686 omnique

483 2707 929 2776 congregationi
957 2708 1229 2778 ejusdem
1258 2706 1602 2764 monasterii
1632 2707 1694 2761 in
1719 2710 2096 2777 perpetuum.

557 2794 796 2860 Quoties
845 2795 944 2851 illa
995 2795 1170 2851 tribui
1200 2812 1236 2851 a
1267 2795 1440 2852 nobis
1469 2799 1771 2868 optantur,
1800 2809 1936 2866 quae
1965 2793 2139 2848 ratio-

481 2882 546 2937 ni
591 2881 1002 2940 incunctanter
1065 2884 1466 2953 conveniunt,
1526 2883 1730 2940 animo
1799 2897 1910 2937 nos
1961 2882 2140 2938 debet

481 2970 688 3026 libenti
739 2973 1086 3044 concedere,
1147 2979 1204 3028 et
1255 2973 1584 3044 petentium
1634 2970 1942 3027 desideriis
2000 2987 2136 3026 con-

483 3075 702 3130 gruum
727 3060 1014 3133 impertiri
1045 3061 1418 3132 suffragium.
1447 3065 1636 3134 Atque
1663 3061 1799 3116 ideo
1829 3060 1972 3133 quia
1997 3077 2137 3134 pos-

485 3148 682 3204 tulasti
713 3166 750 3205 a
777 3149 952 3206 nobis
976 3155 1276 3223 quatenus
1297 3150 1674 3222 privilegium
1705 3149 1864 3204 sedis
1895 3155 2134 3222 aposto-

481 3237 608 3292 licae
635 3239 997 3294 monasterio
1015 3239 1326 3310 Vizeliaco,
1345 3239 1440 3294 cui
1465 3255 1718 3311 praeesse
1744 3238 2134 3309 dignosceris,

483 3325 650 3396 quod
696 3331 929 3382 constat
993 3326 1136 3382 olim
1208 3343 1244 3384 a
1310 3327 1572 3383 Gerardo
1653 3326 2030 3384 nobilissimo
2082 3333 2140 3384 et

486 3413 984 3471 Christianissimo
1043 3417 1204 3484 viro,
1278 3433 1514 3472 necnon
1582 3421 1638 3472 et
1711 3419 1880 3474 Berta
1953 3433 2136 3473 uxore
2169 3454 2210 3507 Β

486 3501 637 3571 ejus,
692 3501 754 3556 in
805 3503 1032 3558 honore
1083 3505 1316 3559 Domini
1355 3509 1412 3559 et
1469 3505 1788 3560 Salvatoris
1836 3505 2022 3560 nostri
2053 3508 2140 3560 Je-

485 3604 557 3643 su
602 3589 814 3645 Christi
855 3593 914 3646 et
939 3592 1318 3648 veneratione
1363 3593 1725 3648 beatissimaa
1757 3609 1995 3666 semper
2024 3595 2134 3649 vir-

487 3676 640 3747 ginis
712 3677 901 3734 Marite
973 3679 1270 3748 genitricis
1325 3681 1598 3752 ejusdem
1657 3681 1892 3736 Domini
1949 3684 2137 3738 nostri

485 3765 625 3820 Jesu
656 3765 866 3821 Christi
895 3771 1343 3836 constructum;
1397 3768 1456 3824 in
1509 3785 1695 3838 regno
1746 3768 1968 3826 scilicet
1997 3771 2139 3826 Bur—

486 3852 746 3922 gundiaa,
785 3852 846 3908 in
903 3869 1064 3926 pago
1117 3855 1414 3928 Avalensi,
1447 3856 1732 3928 quodque
1783 3871 1818 3911 a
1875 3857 2138 3928 praefatis

486 3941 901 3998 fundatoribus
957 3943 1133 4000 beato
1199 3945 1371 4000 Petro
1423 3945 1830 4017 apostolorum
1885 3946 2140 4018 principi

485 4030 588 4104 pia
629 4030 940 4087 devotione
984 4035 1040 4087 et
1085 4034 1422 4089 testamenti
1463 4033 1689 4106 pagina
1715 4033 2000 4090 collatum
2028 4039 2135 4103 est,

486 4119 682 4175 facere
711 4119 1100 4176 deberemus:
1134 4120 1396 4177 inclinati
1440 4121 1720 4194 precibus
1750 4123 1862 4178 tuis
1889 4123 2140 4179 libenter

485 4207 615 4262 ﬁeri
643 4207 1037 4264 decrevimus.
1073 4209 1238 4266 Unde
1268 4215 1322 4266 et
1352 4211 1768 4266 constituimus
1806 4216 1864 4268 et
1904 4217 2140 4285 aposto-

487 4294 604 4350 lica
633 4295 980 4352 auctoritate
1011 4311 1345 4368 censemus,
1377 4302 1556 4370 atque
1585 4313 1692 4371 per
1719 4299 1835 4355 hoc
1863 4305 2140 4356 nostrum

487 4382 883 4454 apostolicum
924 4384 1306 4456 privilegium
1347 4385 1799 4455 conﬁrmamus,
1833 4391 1899 4444 ut
1939 4389 2140 4444 nullus

485 4487 590 4527 rex
638 4474 742 4527 aut
785 4471 1071 4543 pontifex,
1099 4473 1194 4528 vel
1240 4473 1432 4528 abbas
1461 4478 1564 4529 aut
1609 4491 1831 4546 comes,
1863 4476 1958 4531 vel
1985 4493 2138 4548 qua-

485 4559 800 4632 liscunque
831 4575 1056 4630 magna
1083 4559 1178 4616 vel
1223 4577 1413 4634 parva
1441 4577 1720 4634 persona,
1753 4563 2011 4619 avaritiae
2043 4581 2141 4620 cu-

485 4649 732 4722 piditate
808 4657 1126 4724 corruptus
1205 4655 1310 4708 aut
1387 4651 1688 4708 diabolica
1759 4654 2139 4724 suggestione

486 4739 804 4812 deceptus,
862 4741 1082 4796 audeat
1134 4741 1230 4798 vel
1298 4747 1628 4814 praesumat
1697 4747 1903 4800 contra
1967 4749 2138 4800 tuum

485 4826 800 4897 honorem,
849 4845 885 4884 o
931 4830 1288 4886 venerabilis
1337 4831 1504 4887 Wido
1554 4831 1767 4896 abbas,
1821 4833 2137 4906 qualicun-

487 4929 605 4984 que
653 4915 835 4970 modo
883 4916 1190 4987 insurgere
1231 4919 1292 4975 in
1339 4923 1440 4976 tua
1485 4921 1607 4978 vita
1651 4927 1753 4978 aut
1794 4923 1868 4978 de
1908 4927 2010 4979 tuo
2036 4925 2140 4979 ho-

487 5017 633 5057 nore
663 5000 768 5056 tibi
809 5002 1114 5060 molestias
1144 5007 1378 5077 inferre,
1413 5010 1506 5064 vel
1542 5011 1615 5065 de
1643 5011 1926 5067 omnibus
1957 5013 2138 5068 rebus

487 5090 832 5147 monasterii
884 5106 1020 5163 quae
1074 5093 1178 5147 tibi
1235 5097 1468 5168 tuisque
1515 5099 2055 5169 prmdecessoribus
2103 5119 2139 5157 δ.

487 5179 664 5236 nobis
695 5180 1031 5253 nostrisque
1067 5184 1544 5240 antecessoribus
1565 5201 1671 5257 per
1699 5189 1988 5260 paginam
2017 5189 2136 5261 pri-

486 5267 678 5338 vilegii
709 5283 993 5324 concessa
1039 5273 1218 5341 atque
1251 5269 1486 5326 firmata
1517 5277 1674 5340 sunt,
1709 5274 1945 5347 aliquas
1975 5277 2140 5332 inva-

491 5355 688 5410 siones
733 5356 828 5410 vel
877 5357 1126 5429 rapinas
1169 5357 1291 5413 sive
1339 5357 1647 5416 violentias
1677 5361 1910 5430 inferre,
1941 5363 1990 5418 si
2015 5380 2140 5420 non

487 5443 632 5514 vult,
663 5445 1007 5502 auctoritate
1035 5447 1136 5502 Dei
1165 5453 1221 5503 et
1251 5447 1440 5504 sancti
1469 5450 1617 5506 Petri
1645 5455 1702 5505 et
1728 5455 1932 5508 nostra
1960 5467 2140 5524 apos-

489 5529 670 5589 tolica
707 5535 1346 5608 excommunicatione,
1377 5551 1414 5593 a
1465 5550 1712 5608 corpore
1757 5541 1815 5594 et
1851 5540 2142 5610 sanguine

2159 2101 2206 2152 A
2245 2091 2484 2150 Domini
2529 2093 2666 2146 Jesu
2716 2087 2928 2145 Christi
2957 2090 3016 2142 et
3041 2085 3120 2142 ab
3168 2085 3448 2154 ingressu
3495 2081 3770 2138 ecclesiae
3797 2081 3912 2136 dis-

2239 2182 2520 2254 junctum
2549 2193 2700 2233 esse.
2735 2177 2858 2232 Hoc
2887 2190 3130 2248 quoque
3159 2171 3421 2245 capitulo
3461 2171 3752 2244 praesenti
3779 2170 3916 2224 sub-

2237 2267 2575 2342 jungimus,
2607 2271 2674 2322 ut
2701 2265 2906 2322 locum
2931 2262 3195 2320 avaritiae
3235 2261 3647 2325 secludamus,
3675 2258 3912 2314 nullum

2245 2357 2321 2414 de
2349 2355 2615 2427 regibus,
2648 2353 2884 2410 nullum
2912 2352 2987 2408 de
3022 2350 3320 2424 episcopis
3347 2349 3446 2405 vel
3473 2347 3914 2412 sacerdotibus,

2243 2445 2340 2502 vel
2389 2445 2465 2500 de
2513 2442 2980 2516 quibuscunque
3026 2439 3326 2506 ﬁdelibus,
3357 2453 3466 2512 per
3509 2453 3595 2507 se,
3637 2437 3918 2508 supposi-

2245 2538 2446 2590 tamve
2471 2546 2816 2605 personam,
2841 2529 2916 2586 de
2937 2528 3314 2584 ordinatione
3343 2525 3618 2598 ejusdem
3651 2525 3916 2590 abbatis,

2245 2622 2342 2680 vel
2381 2619 2754 2688 clericorum,
2787 2623 2892 2674 aut
2933 2617 3447 2690 presbyterorum,
3477 2613 3572 2670 vel
3617 2615 3694 2670 de
3747 2613 3922 2682 largi-

2247 2713 2404 2770 tione
2447 2709 2802 2778 chrismatis,
2836 2712 2940 2764 aut
2977 2705 3426 2763 consecratione
3475 2703 3777 2766 basilicae.
3831 2703 3920 2758 vel

2247 2800 2322 2855 de
2367 2798 2832 2872 quibuscumque
2889 2795 3086 2852 causis
3139 2794 3220 2850 ad
3275 2793 3436 2848 idem
3474 2791 3922 2848 monasterium

2249 2885 2700 2960 pertinentibus,
2730 2885 2952 2940 audere
2981 2883 3044 2938 in
3072 2881 3343 2955 qualibet
3371 2879 3566 2953 specie
3601 2879 3808 2936 exenii
3837 2883 3922 2935 lo-

2247 2993 2318 3034 co
2361 2975 2700 3048 quidquam
2749 2973 3038 3046 accipere,
3073 2987 3270 3044 neque
3313 2969 3596 3026 eumdem
3629 2969 3918 3025 abbatem

2246 3081 2357 3138 pro
2402 3063 2776 3120 ordinatione
2821 3078 2932 3117 sua
2981 3060 3212 3133 aliquid
3241 3061 3385 3116 dare
3415 3074 3818 3132 praesumere,
3849 3073 3918 3112 ne

2245 3154 2360 3209 hac
2389 3151 2710 3208 occasione
2741 3167 2812 3206 ea
2837 3167 2972 3222 quae
3003 3148 3335 3205 aﬁdelibus
3365 3148 3466 3220 pio
3489 3147 3628 3203 loco
3657 3145 3920 3202 offerun-

2247 3250 2342 3299 tur
2367 3246 2819 3297 consumantur.
2853 3243 3056 3312 Neque
3085 3238 3406 3311 episcopus
3431 3235 3690 3292 civitatis
3729 3235 3920 3308 ipsius

2245 3329 2548 3404 parochias
2577 3329 2690 3384 nisi
2739 3328 2819 3384 ab
2850 3327 3069 3384 abbate
3107 3327 3298 3399 ipsius
3329 3325 3679 3381 monasterii
3703 3325 3920 3380 invita-

2249 3424 2365 3486 tus,
2397 3417 2621 3473 ibidem
2650 3416 2928 3490 publicas
2957 3415 3176 3470 missas
3207 3417 3366 3484 agat,
3401 3429 3598 3486 neque
3631 3413 3920 3468 stationes

2247 3509 2309 3564 in
2333 3507 2548 3564 eodem
2577 3505 2855 3562 coenobio
2885 3504 3128 3566 indicat,
3157 3519 3232 3560 ne
3263 3519 3578 3558 servorum
3611 3502 3717 3558 Dei
3749 3501 3920 3573 quies

2247 3594 2556 3668 quomodo
2581 3593 2861 3666 populari
2889 3595 3184 3648 conventu
3204 3589 3542 3664 perturbari
3569 3589 3796 3656 valeat,
3823 3604 3920 3643 ne-

2247 3700 2366 3758 que
2423 3687 2686 3756 paratas,
2733 3687 2838 3738 aut
2894 3679 3364 3738 mansionaticos
3409 3678 3628 3734 exinde
3685 3694 3918 3750 prasa-

2247 3778 2375 3830 mat
2400 3773 2654 3842 exigere.
2693 3770 3141 3843 Susceptionem
3186 3773 3387 3825 autem
3431 3767 3701 3823 ﬁdelium
3745 3772 3804 3822 et
3829 3781 3918 3822 re-

2247 3862 2598 3932 ligiosorum
2651 3859 2918 3915 virorum
2966 3862 3146 3930 atque
3199 3855 3684 3922 beneﬁcentiam,
3729 3871 3918 3928 quam

2243 3950 2416 4023 jubet
2458 3948 2781 4022 Apostolus
2827 3946 3054 4004 cunctis
3083 3945 3488 4002 exhibendam
3522 3960 3636 4017 pro
3663 3943 3922 4016 possibi.

2246 4039 2408 4096 litate
2436 4038 2552 4094 loci
2597 4042 2654 4092 et
2703 4036 3058 4092 facultatum
3107 4051 3230 4091 non
3279 4034 3466 4091 modo
3511 4031 3744 4090 ibidem
3795 4027 3919 4088 ﬁeri

2251 4129 2419 4200 [non]
2445 4127 2838 4196 denegamus,
2857 4140 3068 4181 verum
3099 4124 3279 4180 etiam
3309 4123 3640 4180 suademus
3669 4139 3684 4176 :
3721 4123 3836 4178 sed
3867 4127 3920 4176 et

2247 4215 2469 4272 modus
2516 4215 2576 4270 in
2615 4229 2868 4270 numero
2899 4212 3382 4284 congregationis
3421 4212 3574 4268 adeo
3601 4227 3918 4268 conserve-

2249 4309 2362 4368 tur,
2394 4307 2460 4360 ut
2487 4319 2596 4358 nec
2645 4301 2954 4374 pluralitas
3001 4301 3340 4374 penuriam,
3373 4317 3482 4357 nec
3513 4299 3797 4373 paucitas
3827 4302 3914 4354 in-

2247 4391 2649 4454 habitantium
2695 4391 3142 4446 destitutionem
3189 4390 3304 4446 loci
3355 4389 3638 4445 inducere
3691 4387 3912 4444 valeat.

2249 4480 2624 4550 Privilegium
2679 4495 2922 4552 quoque
2973 4495 3010 4534 a
3051 4479 3494 4551 praedecessore
3543 4483 3756 4534 nostro
3803 4477 3914 4549 pia:

2248 4569 2554 4624 memoriae
2575 4583 2738 4641 papa
2750 4567 2990 4623 Nicolao
3012 4567 3206 4622 eidem
3233 4566 3600 4622 monasterio
3623 4565 3914 4622 collatum

2246 4661 2452 4714 nostra
2473 4655 2820 4713 auctoritate
2847 4655 3302 4724 conﬁrmamus,
3333 4659 3582 4726 excepto
3609 4653 3916 4710 duntaxat

2248 4743 2413 4816 quod
2437 4743 2564 4816 ipse
2594 4743 2708 4798 sub
2737 4743 2981 4799 nomine
3012 4743 3368 4798 ancillarum
3385 4743 3486 4798 Dei
3515 4757 3656 4814 quae
3683 4741 3916 4798 ibidem

2247 4848 2358 4906 pro
2387 4831 2608 4887 crebris
2637 4831 3119 4888 infestationibus
3151 4831 3352 4887 szeculi
3399 4846 3560 4886 nunc
3599 4831 3916 4886 ordinabi-

2245 4921 2375 4977 liter
2423 4935 2668 4977 manere
2725 4926 3054 4994 nequeunt,
3086 4921 3230 4975 illud
3281 4920 3614 4992 delegavit:
3671 4936 3790 4974 nos
3825 4937 3920 4975 Vt}-

2245 5027 2314 5067 ro
2343 5011 2587 5082 aptioris
2619 5010 2882 5066 utilitatis
2933 5011 3126 5080 gratia
3173 5011 3288 5066 sub
3337 5010 3548 5066 habitu
3577 5012 3920 5067 monacho-

2245 5115 2384 5155 rum
2435 5114 2564 5154 esse
2613 5104 3012 5169 congruenter
3069 5098 3468 5154 decernimus.
3513 5099 3572 5156 Si
3625 5099 3768 5172 quis
3827 5114 3921 5154 ve-

2245 5203 2314 5244 ro
2364 5203 2597 5258 regum,
2646 5188 3090 5262 episcoporum,
3135 5187 3541 5258 sacerdotum,
3591 5188 3917 5250 abbatum,

2243 5276 2540 5350 judicum,
2568 5277 2876 5346 comitum,
2926 5283 3030 5334 aut
3067 5277 3442 5334 saecularium
3486 5293 3918 5350 personarum,

2249 5369 2456 5422 contra
2493 5366 2656 5422 hanc
2707 5369 2927 5421 nostrae
2981 5365 3364 5422 institutionis
3410 5366 3703 5438 paginam
3749 5367 3916 5422 veni—

2249 5469 2313 5510 re
2335 5453 2658 5522 tentaverit,
2675 5469 3000 5526 percussus
3027 5455 3355 5526 apostolico
3379 5455 3788 5522 anathemate,
3815 5471 3918 5528 po-

2251 5543 2478 5600 testatis
2529 5541 2847 5600 honorisve
2895 5544 2990 5600 sui
3037 5543 3325 5615 dignitate
3363 5549 3582 5612 careat,
3614 5559 3916 5616 reumque
