4166 6162
251 134 362 187 865

1527 134 1880 190 EPISTOLxE
1921 135 2004 189 ET
2041 135 2449 190 PRIVILEGIA.

3539 198 3542 202 .
3589 149 3695 202 866

251 270 323 309 se
351 268 552 310 coram
584 253 784 310 divino
810 253 1036 324 judicio
1077 259 1431 324 cognoscat,
1456 257 1518 309 et
1548 255 1670 310 nisi
1695 272 1765 313 ea
1793 272 1928 328 qua
1957 261 2007 315 Α
2044 257 2276 312 indulta
2304 257 2724 329 perpetualiter
2747 259 3030 318 inviolata
3058 269 3408 334 permaneat
3436 268 3692 324 auctori-

251 358 294 398 a
326 360 391 398 se
423 343 572 399 male
603 346 735 398 acta
765 347 903 398 sunt
932 342 1233 408 deleverit,
1268 360 1306 398 a
1337 343 1763 402 sacratissimo
1800 363 1930 402 cor—

248 446 406 502 pore
438 430 668 486 Domini
698 430 881 486 nostri
904 433 1039 486 Jesu
1081 429 1290 485 Christi
1335 430 1578 486 alienus
1610 432 1732 502 fiat,
1754 442 1932 506 atque

248 524 480 574 atomo
512 518 772 574 examini
803 517 1084 574 districta
1119 517 1357 572 ultionis
1394 517 1739 588 subjaceat.
1775 525 1931 579 Cun-

247 608 364 662 ctis
422 611 620 662 autem
669 607 865 662 eidem
919 607 1050 662 loco
1096 606 1259 676 justa
1290 607 1681 663 servantibus
1711 611 1786 666 sit
1809 627 1931 684 pax

267 696 507 751 Domini
538 696 721 751 nostri
739 699 763 750 J
771 712 876 751 esu
899 695 1126 763 Christi,
1149 700 1448 767 quatenus
1473 699 1532 751 et
1546 696 1643 752 hic
1666 698 1930 755 fructum

251 783 440 839 bona
461 783 707 839 actionis
731 783 1018 856 recipiant
1037 787 1092 837 et
1118 783 1281 855 apud
1303 782 1644 839 districtum
1657 787 1929 856 judicem

245 872 508 944 pramia
527 876 760 927 aterna
791 873 958 944 pacis
990 871 1315 926 inveniant.

327 959 622 1031 Scriptum
652 975 760 1031 per
788 975 1038 1015 manum
1091 959 1303 1014 Azonis
1352 959 1648 1015 scriniarii
1705 969 1927 1020 sancta

241 1051 541 1104 Romana
570 1047 842 1104 Ecclesia
891 1049 952 1104 in
1008 1063 1219 1104 mense
1255 1047 1594 1116 Februario,
1644 1049 1924 1108 indictio-

245 1141 405 1192 net.

322 1227 474 1280 Data
500 1240 539 1278 ιι
589 1227 790 1280 Nonas
841 1225 1120 1293 Februar,
1153 1241 1262 1297 per
1313 1242 1567 1282 manum
1618 1229 1923 1285 Benedicti

241 1311 517 1384 episcopi
545 1316 599 1367 et
636 1311 1073 1368 bibliothecarii
1103 1318 1327 1369 sancta
1357 1315 1514 1370 sedis
1545 1317 1918 1388 apostolica,

242 1415 436 1469 anno,
466 1403 584 1454 Deo
608 1399 886 1472 propitio,
918 1401 1304 1472 pontificatus
1331 1402 1561 1458 domini
1589 1405 1782 1459 nostri
1808 1408 1922 1461 Ma-

240 1486 362 1543 rini
415 1487 637 1543 summi
682 1487 982 1559 pontiﬁcis
1013 1492 1071 1545 et
1099 1489 1454 1547 universalis
1504 1507 1704 1564 papae,
1736 1493 1799 1547 in
1830 1508 1921 1549 sa-

2043 349 2160 401 tate
2192 344 2468 401 subnixa.

2115 434 2412 506 Scriptum
2441 449 2549 506 per
2580 450 2832 490 manum
2862 437 3150 494 Theodori
3171 440 3385 495 notarii
3413 442 3690 512 regiona-

2039 521 2108 576 rii
2137 527 2317 594 atque
2366 523 2654 578 scriniarii
2703 527 2922 578 sancta
2981 528 3261 583 Romana
3306 529 3578 587 Ecclesia
3629 532 3690 587 in

2039 625 2246 664 mense
2278 611 2480 666 Martio
2512 615 2568 666 et
2595 611 2920 666 indictione
2951 612 3162 683 prima.

2111 700 2326 752 Datum
2356 715 2416 752 vx
2449 699 2581 754 Kal.
2608 699 2790 771 April.
2819 715 2926 771 per
2954 715 3204 756 manum
3234 704 3453 762 Nicolai
3479 706 3689 779 primi-

2041 787 2178 842 cerii
2208 804 2461 842 summa
2491 789 2867 861 aspostolica
2891 789 3074 860 sedis,
3092 806 3252 847 anno
3285 796 3399 850 Deo
3428 794 3688 867 propitio

2040 875 2424 944 pontificatus
2455 877 2685 934 domini
2733 878 2921 934 nostri
2951 879 3176 935 Martini
3211 882 3431 936 summi
3454 883 3689 954 pontiﬁ-

2039 963 2122 1016 cis
2175 968 2231 1018 et
2279 963 2629 1022 universalis
2666 966 2920 1038 junioris
2968 983 3142 1039 papa
3183 967 3245 1022 in
3289 970 3691 1026 sacratissima

2038 1051 2179 1106 sede
2212 1051 2372 1108 beati
2403 1054 2549 1110 Petri
2581 1054 2836 1126 apostoli
2855 1055 3050 1126 primo
3080 1056 3142 1110 in
3171 1073 3397 1126 mense,
3421 1062 3478 1114 et
3504 1057 3689 1113 indic-

2036 1137 2195 1194 tione
2222 1139 2438 1210 prima.

2810 1232 2902 1285 IlI.

2191 1330 2417 1370 MARTINI
2455 1332 2609 1371 ΡΑΡιΕ
2650 1333 2688 1371 Π
2729 1334 3078 1374 PRIVILEGIUM
3124 1337 3228 1377 PRO
3265 1337 3527 1378 ECCLESIA

2656 1422 3041 1463 BENEVENTANA
3053 1451 3063 1462 .

2669 1493 2864 1564 (Anno
2895 1499 3046 1564 943.)

241 1577 590 1633 eratissima
643 1577 782 1632 sede
836 1576 996 1633 beati
1043 1577 1198 1634 Petri
1246 1580 1506 1652 apostoli
1556 1596 1722 1636 anno
1774 1586 1825 1650 1,
1854 1581 1918 1635 in
1951 1600 1990 1652 Β
2030 1578 2231 1650 [Apud
2281 1578 2528 1648 Ughelli,
2561 1581 2746 1637 Italia
2795 1583 3009 1651 Sacra,
3041 1587 3185 1641 tom.
3218 1586 3357 1656 VIII,
3392 1602 3531 1658 pag.
3567 1588 3686 1657 50.]

242 1681 462 1722 mense
494 1665 797 1734 Februar.,
831 1665 1034 1722 indict.
1067 1672 1116 1722 1.

1040 1759 1106 1813 II.

366 1859 717 1900 PRIVILEGIUM
759 1859 982 1899 MARTINI
1021 1861 1181 1900 ΡΔΡΔΒ
1219 1862 1258 1901 ΙΙ
1298 1861 1403 1901 PRO
1446 1861 1799 1902 MONASTERIO

733 1950 782 1990 S.
824 1949 1098 1990 BONIFACII
1140 1951 1424 1992 FULDENSI.

881 2023 1077 2092 (Anno
1106 2024 1261 2095 943.)

410 2111 688 2182 [Dronke,
724 2112 865 2168 Cod.
900 2113 1146 2181 diplom.
1177 2113 1383 2181 Fuld.,
1416 2128 1560 2186 pag.
1595 2113 1748 2184 318.]

313 2203 566 2256 Minimus
595 2200 936 2274 episcopus,
970 2218 1179 2257 servus
1210 2218 1521 2258 servorum
1575 2201 1696 2269 Dei,
1727 2204 1916 2256 ΗΑυΑ-

237 2306 398 2345 ωικο
423 2289 696 2360 religioso
717 2290 920 2347 abbati
946 2289 1305 2347 venerabilis
1334 2289 1686 2348 monasterii
1717 2289 1915 2345 sancti

236 2379 460 2435 Christi
503 2379 780 2451 martyris
811 2379 1095 2436 Bonifacii
1139 2384 1197 2436 et
1247 2395 1358 2452 per
1407 2396 1548 2436 eum
1579 2380 1638 2435 in
1689 2377 1912 2435 eodem

233 2466 565 2524 venerabili
621 2469 984 2526 monasterio
1041 2467 1279 2542 tuisque
1330 2467 1787 2525 successoribus
1846 2466 1911 2523 in

239 2560 623 2629 perpetuum.

318 2645 616 2709 Quoniam
639 2659 875 2717 semper
901 2649 1039 2701 sunt
1062 2645 1455 2702 concedenda
1484 2661 1620 2718 qua
1645 2642 1910 2702 rationa-

236 2732 468 2789 bilibus
495 2739 832 2803 congruunt
856 2733 1183 2801 desideriis,
1241 2738 1475 2806 oportet
1507 2738 1569 2788 ut
1597 2731 1908 2789 devotioni

233 2822 568 2878 conditoris
598 2823 710 2894 pia
732 2823 1188 2879 constructionis
1219 2822 1543 2879 auctoritas
1573 2823 1633 2877 in
1659 2818 1906 2895 privile-

2101 1670 2354 1723 MABINUS
2405 1667 2725 1740 episcopus
2757 1687 2965 1726 servus
3020 1688 3325 1729 servorum
3356 1675 3476 1742 Dei,
3507 1676 3686 1731 dilec-

2029 1754 2264 1810 tissimo
2295 1759 2476 1826 atque
2505 1757 2715 1813 merito
2744 1758 3085 1815 honorabili
3105 1764 3300 1816 10.1mm
3329 1766 3547 1819 sancta
3579 1765 3683 1819 Be-

2028 1847 2383 1898 neventana
2417 1843 2684 1900 Ecclesia
2705 1845 3010 1919 episcopo,
3045 1847 3281 1920 tuisque
3329 1849 3684 1906 successori-

2028 1929 2146 1986 bus
2169 1930 2229 1986 in
2259 1936 2637 2003 perpetuum.
3477 1999 3480 2001 Α

2101 2021 2249 2074 Cum
2300 2035 2552 2075 summa
2582 2026 2637 2076 et
2679 2023 3023 2094 apostolica
3053 2024 3355 2093 dignitatis
3386 2025 3596 2082 Christi
3621 2029 3686 2083 in

2027 2105 2142 2162 hac
2187 2105 2392 2162 divina
2443 2108 2796 2180 prafectura
2841 2111 2998 2166 nitor
3021 2111 3408 2181 dignoscatur
3447 2113 3687 2184 praeful-

2028 2210 2190 2265 gere,
2222 2194 2356 2249 etin
2387 2199 2729 2254 exercendis
2756 2198 2855 2254 Dei
2901 2198 3184 2255 laudibus
3229 2200 3319 2255 sui
3345 2201 3684 2273 impensius

2028 2283 2265 2340 studeat
2305 2281 2530 2340 laboris
2561 2286 2839 2342 exhibere
2871 2291 3195 2356 certamen,
3222 2287 3300 2343 ob
3329 2289 3444 2344 hoc
3481 2289 3688 2346 debita

2021 2389 2137 2429 nos
2170 2371 2438 2442 ejusdem
2494 2375 2834 2448 apostolicae
2884 2376 3168 2449 pastorali
3197 2377 3483 2450 compulit
3526 2378 3686 2434 solli-

2021 2461 2304 2520 citudinis
2335 2481 2496 2532 cura,
2526 2481 2783 2538 quaque
2810 2467 2887 2522 ad
2921 2466 3302 2522 stabilitatem
3331 2467 3571 2539 piorum
3595 2467 3683 2524 lo-

2019 2568 2236 2608 corum
2264 2554 2658 2624 promulgari,
2681 2559 2738 2610 et
2769 2555 3111 2627 apostolica
3137 2555 3524 2611 institutionis
3549 2573 3684 2612 cen-

2017 2658 2168 2698 sura
2215 2642 2578 2698 conﬁrmari.
2633 2643 2818 2712 Igitur
2868 2644 3012 2716 quia
3062 2643 3380 2716 postulasti
3415 2644 3680 2713 anobis,

2016 2736 2324 2805 quatenus
2356 2732 2512 2788 sedis
2543 2732 2956 2805 apostolicae...
2981 2732 3301 2788 decoratur
3320 2737 3376 2788 et
3401 2733 3684 2806 antiquos

2018 2822 2310 2878 terminos
2341 2821 2537 2877 eidem
2582 2837 2901 2878 concessas
2932 2821 3010 2877 ab
3042 2821 3524 2878 antecessoribus
3568 2840 3683 2880 no-

234 2912 352 2983 giis
381 2911 734 2983 prastandis
763 2912 1010 2968 minime
1036 2912 1385 2982 denegetur.
1412 2912 1592 2981 Igitur
1620 2910 1773 2984 quia
1803 2925 1910 2982 po-
1939 2947 1982 3001 ο
2019 2911 2157 2966 stris
2182 2909 2568 2982 pontificibus
2587 2908 3084 2965 conﬁrmaremus
3102 2909 3213 2980 piis
3232 2909 3345 2964 tuis
3369 2908 3681 2967 desideriis

235 2999 476 3056 stulasti
501 3016 537 3057 a
566 2999 740 3056 nobis
746 3042 766 3072 ,
787 3006 1085 3074 quatenus
1107 2999 1545 3057 monasterium
1577 3000 1908 3056 Salvatoris

236 3106 276 3145 a
311 3093 520 3144 sancto
568 3089 872 3145 Bonifacio
918 3089 1198 3162 primitus
1255 3093 1670 3145 constructum
1703 3092 1763 3143 et
1791 3092 1907 3144 ate

237 3178 474 3233 noviter
503 3177 864 3233 aediﬁcatum
908 3177 972 3233 in
1014 3178 1147 3233 loco
1200 3178 1460 3233 Boconia
1505 3193 1650 3247 erga
1709 3176 1908 3248 ripam

239 3266 511 3322 ﬂuminis
562 3265 747 3321 Fulda
792 3266 1086 3340 privilegii
1139 3267 1296 3322 sedis
1325 3265 1671 3338 apostolica
1703 3265 1905 3320 infulis

238 3356 558 3411 decoretur
589 3359 645 3410 et
675 3355 788 3409 sub
811 3355 1228 3424 jurisdictione
1257 3360 1476 3410 nostra
1503 3355 1598 3409 cui
1623 3359 1742 3409 Deo
1768 3370 1907 3410 auc-

240 3450 367 3500 tore
400 3444 776 3499 deseruimus
808 3445 1081 3500 Ecclesia
1113 3445 1502 3500 constitutum
1551 3443 1730 3498 nullis
1760 3443 1902 3499 alte-

241 3535 369 3590 rius
402 3533 677 3588 Ecclesia
697 3533 1214 3604 jurisdictionibus
1247 3533 1656 3598 submittatur;
1684 3533 1904 3589 idcirco

243 3623 359 3696 piis
391 3621 702 3677 desideriis
756 3621 1023 3678 faventes
1074 3623 1188 3677 hac
1235 3626 1439 3677 nostra
1468 3622 1816 3677 auctoritate
1841 3622 1904 3677 id

244 3709 414 3782 quod
461 3708 806 3782 exposcitur
859 3709 1092 3764 effectui
1151 3710 1595 3780 mancipamus.
1648 3712 1715 3764 Et
1769 3708 1904 3764 ideo

246 3815 488 3854 omnem
515 3797 836 3868 cujuslibet
864 3797 1138 3853 Ecclesia
1162 3799 1530 3854 sacerdotem
1563 3797 1657 3852 vel
1683 3797 1907 3868 episco-

245 3905 397 3961 pum
447 3888 506 3943 in
560 3887 810 3960 prafato
843 3887 1206 3943 monasterio
1238 3887 1523 3942 ditionem
1578 3886 1908 3958 quamlibet

244 3977 470 4032 habere
501 3980 606 4031 aut
625 3976 1040 4032 auctoritatem
1061 3980 1271 4047 praeter
1293 3975 1497 4030 sedem
1515 3974 1905 4045 apostolicam

244 4065 664 4139 prohibemus,
685 4064 768 4120 ita
799 4068 864 4120 ut
883 4064 996 4119 nisi
1019 4064 1097 4120 ab
1120 4065 1338 4120 abbate
1362 4062 1706 4119 monasterii
1735 4063 1911 4121 fuerit

244 4155 549 4222 invitatus,
605 4170 716 4208 nec
790 4153 1116 4210 missarum
1191 4153 1414 4210 ibidem
1471 4151 1908 4211 solemnitatem

244 4244 550 4317 quispiam
580 4246 910 4315 prasumat
939 4243 1189 4298 omnino
1220 4242 1537 4308 celebrare,
1557 4245 1621 4296 ut
1640 4242 1906 4313 profecto

239 4335 418 4405 juxta
446 4332 508 4387 id
535 4332 700 4404 quod
733 4331 1071 4401 subjectum
1103 4331 1445 4404 apostolica
1474 4329 1602 4384 sedi
1619 4329 1905 4394 ﬁrmitate

246 4421 544 4495 privilegii
573 4420 843 4476 consistit
871 4420 1226 4477 inconcusse
1257 4421 1527 4476 dotatum
1555 4426 1907 4491 permaneat

241 4510 394 4566 locis
423 4515 479 4565 et
508 4509 690 4564 rebus
713 4513 834 4564 tam
857 4509 940 4564 eis
960 4525 1113 4581 quas
1143 4510 1436 4565 moderno
1460 4512 1727 4578 tempore
1752 4514 1907 4566 tenet

242 4599 341 4654 vel
396 4598 687 4672 possidet,
720 4614 907 4670 quam
951 4615 1105 4670 quas
1161 4597 1372 4654 futuris
1429 4596 1800 4667 temporibus
1843 4599 1903 4655 in

238 4690 382 4760 jura
430 4688 620 4760 ipsius
672 4687 1028 4743 venerabilis
1059 4687 1404 4743 monasterii
1456 4685 1661 4741 divina
1716 4687 1904 4758 pietas

245 4791 469 4845 augere
500 4775 753 4832 voluerit
780 4792 853 4830 ex
896 4774 1071 4831 donis
1101 4781 1158 4832 et
1186 4773 1590 4832 oblationibus
1625 4773 1901 4830 decimis-

243 4882 366 4937 que
393 4865 664 4922 ﬁdelium
687 4865 918 4938 absque
948 4865 1120 4920 ullius
1142 4881 1413 4938 persona
1435 4863 1902 4921 contradictione

241 4954 527 5010 ﬁrmitate
581 4959 873 5026 perpetua
903 4953 1258 5026 perfruatur.
1296 4953 1720 5012 Constituimus
1751 4971 1902 5026 quo-

242 5060 364 5115 que
391 5059 500 5116 per
525 5044 711 5115 hujus
741 5043 959 5099 decreti
988 5042 1174 5098 nostri
1200 5043 1487 5114 paginam
1541 5046 1604 5097 ut
1646 5043 1900 5114 quicun-

242 5147 365 5204 que
387 5132 713 5205 cujuslibet
741 5131 1011 5188 Ecclesia
1041 5131 1262 5204 prasul
1285 5131 1376 5187 vel
1419 5146 1781 5204 quacunque
1810 5132 1900 5186 di-

244 5220 472 5289 gnitate
529 5237 790 5294 persona
850 5221 1006 5276 hanc
1052 5220 1238 5276 nostri
1289 5219 1580 5292 privilegii
1634 5219 1903 5275 chartam

244 5325 436 5382 quam
467 5312 816 5367 auctoritate
844 5309 1131 5383 principis
1159 5308 1569 5382 apostolorum
1590 5306 1903 5363 ﬁrmamus

246 5403 536 5455 temerare
567 5398 898 5466 tentaverit,
928 5398 1250 5453 anathema
1299 5398 1394 5463 sit,
1428 5400 1484 5453 et
1512 5397 1664 5451 iram
1694 5395 1794 5451 Dei
1819 5395 1904 5451 in-

243 5503 491 5543 currens
513 5505 549 5544 a
570 5491 728 5544 catu
748 5487 1019 5543 omnium
1044 5490 1387 5542 sanctorum
1405 5483 1654 5540 extorris
1671 5483 1900 5554 existat,

243 5575 637 5632 nihilominus
677 5577 904 5648 prafati
951 5575 1292 5631 monasterii
1341 5575 1598 5645 dignitas
1643 5589 1678 5628 a
1725 5572 1902 5631 nobis

2017 3000 2308 3067 faventes,
2339 2999 2454 3055 hoc
2484 3003 2692 3054 nostra
2723 2998 3071 3054 auctoritate
3095 2998 3176 3065 id,
3200 2998 3365 3070 quod
3411 3001 3684 3072 exposci-

2018 3092 2136 3159 tur,
2168 3087 2448 3144 effectum
2497 3087 2952 3158 mancipamus;
2986 3086 3380 3142 concedentes
3404 3085 3510 3142 tibi
3540 3092 3683 3145 tua~

2021 3193 2142 3250 que
2192 3180 2413 3232 sancta
2468 3179 2895 3231 Beneventana
2950 3175 3242 3242 Ecclesia,
3297 3190 3681 3250 quacunque

2023 3264 2310 3334 legaliter,
2357 3269 2415 3320 et
2455 3263 2886 3320 rationabiliter
2933 3263 3182 3337 antiquo
3223 3263 3356 3334 jure
3408 3267 3679 3337 tempore

2027 3354 2541 3427 praedecessorum
2573 3358 2811 3409 tuorum
2838 3354 2969 3410 visa
2997 3357 3085 3410 est
3129 3353 3454 3426 possidere,
3485 3354 3549 3411 id
3593 3361 3683 3414 est

2033 3444 2328 3511 Bivinum,
2371 3443 2677 3513 Asculum,
2711 3444 3014 3508 Larinum,
3049 3444 3383 3516 Sipontum,
3411 3448 3468 3501 et
3496 3446 3680 3503 eccle-

2031 3532 2178 3587 siam
2210 3533 2401 3587 sancti
2421 3531 2716 3589 Michaelis
2737 3531 3077 3601 archangeli
3095 3531 3159 3586 in
3179 3535 3382 3588 monte
3401 3535 3678 3604 Gargano

2021 3637 2160 3677 cum
2191 3621 2476 3676 omnibus
2500 3635 2702 3676 earum
2733 3620 3125 3692 pertinentiis,
3143 3624 3200 3676 et
3225 3621 3429 3678 omnia
3449 3600 3680 3696 praﬁa

2018 3726 2155 3764 cum
2189 3709 2482 3778 Ecclesiis,
2516 3709 2757 3764 familiis
2789 3709 3096 3781 utriusque
3124 3725 3321 3780 sexus,
3352 3715 3409 3767 et
3436 3714 3677 3783 massis,

2018 3802 2260 3868 totaque
2291 3797 2447 3854 infra
2479 3802 2644 3852 tuam
2678 3797 3027 3867 parochiam
3053 3796 3206 3863 loca,
3248 3797 3471 3854 ditione
3528 3803 3679 3858 anti-

2014 3901 2138 3957 qua
2187 3887 2302 3938 tua
2335 3885 2624 3956 religioni,
2654 3884 3226 3958 successoribusque
3267 3886 3382 3941 tuis
3407 3890 3680 3946 concedi-

2015 3989 2153 4028 mus
2201 3971 2598 4044 dominanda,
2622 3977 2678 4028 et
2701 3972 2986 4043 legaliter,
3017 3977 3197 4045 atque
3246 3977 3534 4033 canonice
3563 3979 3681 4034 dis-

2016 4060 2304 4134 ponenda
2334 4078 2474 4118 cum
2499 4060 2783 4117 omnibus
2815 4061 2937 4117 suis
2981 4061 3370 4133 pertinentiis,
3399 4064 3518 4121 sive
3563 4067 3680 4124 sint

2016 4151 2304 4223 civitates,
2339 4169 2446 4208 seu
2475 4167 2856 4225 quacunque
2888 4157 3081 4208 castra
3111 4167 3392 4225 possessa
3441 4155 3676 4214 dudum

2017 4240 2094 4297 ab
2127 4240 2618 4296 antecessoribus
2651 4240 2766 4296 tuis
2797 4240 3120 4313 episcopis,
3149 4241 3469 4301 constituta
3497 4245 3679 4319 siqui-

2017 4329 2156 4384 dem
2207 4327 2456 4400 insuper
2507 4345 2783 4397 censura,
2811 4328 2998 4384 divini
3030 4329 3143 4385 sub
3183 4329 3393 4401 judicii
3422 4332 3679 4392 obtesta-

2015 4419 2195 4484 tione,
2230 4422 2287 4474 et
2314 4419 2554 4487 validis,
2593 4423 2774 4492 atque
2832 4418 3225 4475 atrocioribus
3277 4423 3677 4480 anathematis

2014 4507 2555 4577 interdictionibus,
2588 4511 2652 4563 ut
2681 4508 2882 4564 nullus
2915 4525 3187 4582 unquam
3226 4508 3464 4567 alterius
3484 4513 3674 4584 digni-

2019 4597 2152 4653 tatis
2185 4600 2476 4668 potestate
2507 4597 2792 4670 praditus
2817 4597 3002 4652 homo
3048 4603 3394 4669 prasumat,
3427 4599 3551 4654 sive
3602 4600 3675 4656 sit

2021 4686 2120 4741 illa
2150 4701 2395 4757 magna,
2420 4687 2542 4743 sive
2569 4702 2758 4758 parva
2778 4701 3056 4757 persona,
3087 4689 3190 4740 aut
3213 4685 3450 4740 Gracus
3477 4687 3539 4740 in
3568 4690 3674 4743 tua

2023 4779 2231 4830 sancta
2260 4777 2678 4831 Beneventana
2724 4773 2981 4828 Ecclesia
3010 4772 3277 4843 aliquam
3303 4789 3422 4828 Vim
3452 4773 3668 4840 facere,

2021 4863 2114 4920 vel
2142 4863 2216 4918 de
2235 4863 2329 4933 iis,
2347 4881 2482 4937 qua
2509 4863 2560 4918 ei
2581 4861 2874 4934 pertinere
2903 4859 3178 4916 videntur
3205 4875 3455 4933 quoquo
3485 4863 3670 4919 modo

2018 4953 2268 5020 auferre,
2293 4960 2396 5008 aut
2448 4952 2728 5016 alienare,
2756 4948 2852 5003 vel
2894 4948 2978 5002 eis
3029 4948 3301 5004 minuere
3359 4951 3666 5022 terminos,

2012 5046 2070 5097 et
2115 5057 2224 5097 nec
2273 5040 2607 5114 quamlibet
2661 5036 2954 5105 militiam,
2999 5039 3104 5092 aut
3153 5035 3500 5107 fracturam,
3540 5056 3669 5094 mo-

2010 5131 2250 5201 lestiam
2297 5131 2360 5186 in
2420 5129 2634 5187 eadem
2690 5125 2903 5181 inferre
2957 5140 3325 5196 quocunque
3375 5131 3664 5198 tempore,

2011 5235 2122 5274 nec
2167 5218 2404 5274 licentia
2448 5219 2540 5284 sit,
2589 5220 2652 5271 ut
2693 5213 2916 5270 dictum
2961 5217 3049 5268 est
3095 5227 3167 5267 ex
3209 5228 3303 5282 eo,
3352 5213 3445 5269 vel
3470 5213 3664 5268 omni-

2012 5307 2127 5362 bus
2158 5307 2352 5362 eidem
2401 5302 2857 5378 pertinentibus,
2886 5315 3203 5373 nunquam
3245 5317 3486 5371 magna
3529 5316 3666 5374 par-

2010 5411 2223 5466 vaque
2276 5408 2549 5466 persona
2607 5391 2856 5456 auferre,
2913 5390 2975 5443 ut
3049 5390 3299 5459 pratato
3353 5389 3526 5461 juxta
3578 5390 3660 5460 id,

2012 5482 2178 5555 quod
2229 5499 2265 5537 a
2322 5480 2496 5535 nobis
2545 5482 2830 5536 statutum
2878 5479 2985 5541 est,
3037 5475 3251 5532 eadem
3307 5479 3662 5536 venerabilis

2015 5577 2222 5628 sancta
2267 5573 2682 5625 Beneventana
2709 5563 2967 5621 Ecclesia
3011 5566 3354 5638 apostolicis
3383 5570 3660 5627 constitu-
