4166 6162
1897 73 2142 134 IAM!"
2181 70 2388 130 ΡΛΡΑΕ
2419 73 2487 128 ll.

497 206 782 272 tionibus,
809 205 992 276 atque
1047 200 1368 274 privilegiis
1419 201 1752 258 consistens
1807 203 2038 269 ornata,
2071 199 2158 255 in-
2191 199 2238 254 Λ
2267 195 2436 270 quod
2471 209 2634 252 nune
2665 193 2833 251 {infra
2860 195 3156 252 civitatem
3187 195 3540 268 Capuanam
3559 193 3928 252 mdiﬁeatum

500 309 794 352 concussa
823 293 1030 348 dotata
1071 294 1440 363 permaneat.
1479 289 1536 348 Si
1573 291 1710 364 quis
1741 294 1962 358 autem,
1991 287 2157 362 quod

501 399 624 439 non
669 385 973 454 optamus,
1008 379 1237 436 nefario
1295 395 1448 435 ausu
1505 379 1956 452 praesumpserit
2003 378 2155 445 haec,

497 487 636 544 qua:
665 486 701 527 a
730 469 906 527 nobis
936 469 1016 525 ad
1066 468 1312 524 laudem
1343 468 1444 523 Dei
1493 483 1606 542 pro
1663 467 1983 525 stabilitate
2029 467 2158 538 jam

498 560 672 616 dictae
727 557 999 614 Ecclesiae
1051 559 1478 612 Beneventanis
1505 559 1726 613 statuta
1781 559 1940 624 sunt,
1973 553 2158 611 refra-

501 663 662 720 gare,
697 650 804 703 aut
833 646 896 702 in
925 659 1238 718 quoquam
1267 643 1622 714 transgredi,
1653 644 1773 700 sive
1799 647 2036 700 Graecus
2063 642 2155 711 sit,

501 753 612 792 seu
662 735 1036 808 quicumque
1093 733 1238 789 alter
1291 733 1495 798 homo,
1527 732 1634 804 qui
1683 731 2159 788 dominationem

501 828 606 882 aut
631 824 960 896 primatum
988 821 1211 877 habere
1235 820 1489 876 voluerit
1515 835 1622 893 per
1645 835 1728 886 se,
1761 825 1864 877 aut
1885 836 1996 893 per
2021 819 2160 876 alte-

499 929 638 968 rum
659 911 990 986 quemlibet
1013 910 1323 966 hominem
1343 909 1406 964 in
1433 907 1694 982 praefatis
1721 909 2013 982 Ecclesiis,
2033 908 2160 964 sine

501 1003 812 1058 voluntate
842 1005 898 1056 et
923 999 1195 1072 jussione
1227 1001 1630 1056 Beneventani
1655 999 1944 1073 episcopi,
1975 1003 2030 1055 et
2054 997 2156 1065 illi,

502 1091 608 1164 qui
655 1107 757 1145 eos
805 1089 1056 1146 fortasse
1083 1087 1346 1160 recipere
1401 1089 1912 1161 prmsumpserint,
1945 1101 2158 1144 omnes

501 1180 723 1253 pariter
752 1178 867 1234 sub
897 1178 1110 1234 eodem
1159 1183 1364 1234 nostro
1395 1177 1747 1250 apostolico,
1780 1181 1838 1233 et
1865 1177 2160 1249 descripto

501 1267 829 1324 inviolabili
877 1267 1259 1323 anathemate
1305 1271 1725 1339 permaneant,
1757 1271 1814 1323 et
1841 1266 1903 1322 in
1930 1265 2161 1321 nullam

501 1356 821 1414 ecclesiam
876 1356 1097 1412 intrare
1155 1359 1544 1438 praesumant,
1579 1359 1683 1412 aut
1730 1355 1976 1428 aliquod
2029 1353 2161 1410 ofﬁ-

502 1447 664 1502 cium
720 1445 1193 1502 ecclesiasticum
1241 1444 1486 1516 faciant,
1513 1448 1577 1500 at
1618 1459 1743 1501 non
1789 1443 1894 1518 qui
1934 1442 2036 1516 pio
2069 1441 2160 1498 in-

2266 290 2381 355 est;
2405 287 2528 341 imo
2549 289 2608 340 et
2627 285 3059 342 monasterium
3077 290 3303 340 sanctis
3331 283 3566 356 Sophim
3587 284 3760 356 quod
3777 284 3928 342 infra

2265 374 2562 430 civitatem
2619 376 3098 429 Beneventanam
3155 371 3520 428 aediﬁcatum
3565 377 3696 440 est;
3749 376 3930 445 atque

2263 461 2698 520 monasterium
2727 464 2958 518 Sanctae
2986 463 3179 520 Mariae
3207 461 3388 518 situm
3413 461 3476 516 in
3495 461 3726 518 ﬁnibus
3755 464 3932 518 Bene-

2265 552 2540 608 ventanis
2559 551 2618 608 in
2643 551 2778 608 loco
2799 551 2901 624 qui
2933 551 3149 608 dicitur
3175 551 3459 620 Canneto,
3474 552 3650 623 juxta
3671 551 3928 608 ﬂuvium

2263 640 2550 710 Trinium,
2581 655 2822 697 necnon
2852 644 2908 696 et
2949 640 3383 698 monasterium
3439 643 3672 698 Sancta:
3735 641 3928 699 larisa

2265 729 2422 786 intra
2451 729 2747 786 civitatem
2775 729 3077 787 Cosenciae
3104 729 3460 786 ancillarum
3491 729 3594 786 Dei
3619 745 3769 786 cum
3799 746 3930 786 om-

2265 818 2464 886 nibus,
2491 821 2554 874 ut
2583 819 2871 889 diximus,
2893 819 3074 875 rebus
3103 823 3160 876 et
3179 819 3528 890 adjacentiis
3555 835 3666 891 per
3687 819 3932 878 diversa

2264 905 2399 962 loca
2425 909 2550 962 tam
2577 906 2640 962 in
2667 906 2893 962 ﬁnibus
2927 907 3352 964 Beneventanis
3379 921 3566 980 quam
3599 911 3658 962 et
3677 907 3744 964 in
3771 911 3932 979 Apu-

2265 993 2413 1062 lum,
2445 999 2503 1050 et
2527 994 2938 1064 Calabritanis,
2971 1011 3162 1070 quam
3192 996 3370 1052 etiam
3399 995 3460 1051 in
3507 995 3740 1054 ﬁnibus
3790 999 3933 1053 Mar-

2269 1083 2436 1151 chiae,
2479 1099 2716 1140 necnon
2766 1089 2824 1140 et
2877 1085 2938 1140 in
2993 1084 3217 1142 finibus
3267 1087 3618 1154 Marsorum,
3649 1085 3780 1140 sive
3829 1085 3930 1141 ubi

2266 1171 2444 1244 longe
2491 1171 2730 1245 lateque
2761 1188 2870 1246 per
2897 1173 3148 1230 diversis
3177 1173 3324 1230 locis
3351 1189 3473 1229 una
3501 1189 3644 1230 eum
3677 1173 3927 1242 colonis,

2267 1265 2326 1318 et
2361 1261 2694 1318 eolonabus
2719 1279 2826 1319 seu
2859 1263 3044 1318 servis
3069 1267 3126 1320 et
3150 1262 3378 1320 ancillis
3405 1262 3722 1336 utriusque
3753 1279 3928 1320 sexus

2268 1350 2348 1406 ad
2373 1351 2644 1422 ejusdem
2693 1351 3046 1407 monasterii
3069 1352 3209 1423 jura
3255 1351 3715 1424 pertinentibus,
3750 1353 3832 1408 ita
3871 1357 3932 1408 ut

2268 1439 2590 1511 privilegiis
2613 1441 2776 1497 sedis
2825 1440 3166 1514 apostolica;
3207 1439 3410 1497 infulis
3467 1441 3814 1510 decoretur,
3871 1444 3934 1497 ut

499 1535 652 1592 tuitu
723 1533 1094 1605 observator,
1151 1538 1208 1589 et
1259 1533 1319 1588 in
1369 1532 1655 1590 omnibus
1717 1533 1912 1588 existit
1968 1537 2162 1589 custo-
2197 1549 2240 1604 Β
2271 1526 2385 1583 sub
2409 1527 2823 1598 jurisdictione
2851 1533 3074 1585 sanctas
3103 1533 3346 1594 nostrae,
3391 1529 3486 1585 cui
3519 1532 3643 1586 Deo
3690 1537 3932 1587 auctore

501 1623 675 1680 diens
728 1623 911 1694 hujus
969 1621 1156 1678 nostri
1204 1621 1518 1694 apostolici
1565 1621 1866 1678 constituti
1912 1620 1990 1678 ad
2045 1620 2163 1676 cul-

501 1714 634 1768 tum
724 1712 826 1766 Dei
893 1709 1242 1783 respiciens,
1305 1708 1734 1766 benedictionis
1795 1709 2051 1780 gratiam
2125 1723 2163 1767 a

504 1799 1072 1855 misericordissimo
1125 1801 1245 1854 Deo
1299 1803 1508 1856 nostro
1565 1798 1966 1872 multipliciter
2024 1813 2161 1854 con-

505 1891 856 1962 sequantur,
909 1891 966 1944 et
1019 1888 1152 1944 vitae
1210 1892 1446 1944 aeternae
1510 1887 1830 1961 participes
1885 1903 2160 1944 merean-

504 1980 622 2050 tur.
687 1975 984 2048 Scriptum
1047 1992 1155 2048 per
1213 1991 1431 2032 manus
1513 1975 1798 2050 Stephani
1873 1975 2163 2032 scriniarii

507 2067 568 2122 S.
621 2067 685 2122 Β.
737 2068 798 2121 Ε.
851 2065 914 2121 in
971 2079 1176 2121 mense
1227 2065 1459 2132 Octob.,
1499 2065 1702 2122 indict.
1759 2070 1813 2122 2.
1854 2067 2009 2122 Bene
2063 2079 2164 2123 va-

504 2153 618 2210 lete
628 2196 641 2210 .

577 2245 796 2300 Datum
825 2259 885 2298 Ill
913 2241 1054 2299 idus
1083 2241 1431 2300 Novembris
1477 2259 1586 2318 per
1635 2259 1888 2301 manum
1939 2241 2163 2300 Nicolai

505 2332 828 2405 primicerii
871 2335 1094 2388 sanctae
1140 2331 1481 2406 apostolicae
1513 2332 1692 2388 sedis.
1725 2337 1897 2389 Anno
1929 2331 2164 2390 Domini

504 2421 763 2494 propitio
783 2421 1168 2494 pontiﬁcatus
1223 2422 1452 2478 domini
1473 2422 1658 2478 nostri
1685 2421 1910 2478 Martini
1939 2420 2165 2477 summi

505 2509 806 2583 pontiﬁcis
836 2515 894 2568 et
921 2511 1273 2566 universalis
1301 2527 1478 2584 papae
1499 2511 1562 2566 in
1591 2510 1998 2567 sacratissima
2023 2509 2164 2566 sede

505 2599 669 2655 beati
695 2600 848 2655 Petri
897 2597 1155 2672 apostoli
1181 2603 1237 2670 2,
1267 2599 1330 2654 in
1381 2615 1611 2674 mense,
1641 2603 1698 2656 et
1720 2597 1926 2656 indict.
1959 2614 2166 2673 supra-

507 2685 730 2760 scripta
759 2691 814 2743 2.

1281 2793 1377 2850 IV.

639 2913 995 2956 PRIVILEGIUM
1035 2914 1229 2956 EARINI
1265 2915 1423 2956 ΡΔΡΒ
1459 2914 1502 2956 ll
1537 2915 1644 2956 PRO
1683 2915 2032 2956 MONASTERIO

1167 3005 1512 3052 CASSINENSL

1147 3095 1344 3166 (Anno
1373 3095 1522 3166 944.)

837 3200 1114 3274 {Cattula,
1146 3201 1302 3257 Hist.
1337 3202 1593 3269 Cassin.,
1624 3217 1686 3274 p.
1713 3202 1829 3272 94.]

579 3313 830 3367 MARINUS
857 3310 1199 3383 episcopus,
1225 3323 1431 3364 servus
1459 3323 1770 3365 servorum
1799 3307 1920 3380 Dei,
1949 3307 2164 3366 dilecto

507 3397 631 3456 tilio
662 3403 962 3467 BALDL‘INO,
995 3397 1321 3455 venerabili
1351 3397 1556 3453 abbati
1585 3398 1930 3454 monasterii
1955 3397 2166 3456 Christi

511 3487 866 3552 confessoris
897 3485 1214 3556 Benedicti,
1249 3486 1342 3542 siti
1385 3486 1445 3541 in
1499 3490 1701 3542 monte
1749 3487 1854 3559 qui
1893 3489 2164 3544 Castrum

511 3576 822 3634 Cassinum
853 3579 1122 3645 vocatur,
1152 3577 1500 3646 sanctisque
1531 3577 1648 3630 tuae
1687 3575 2166 3647 congregationis

509 3664 1076 3736 successoribusque
1131 3662 1248 3719 tuis
1295 3663 1357 3718 in
1381 3666 1760 3735 perpetuum.

583 3755 872 3814 Convenit
923 3752 1254 3828 apostolico
1302 3753 1702 3810 moderamini
1731 3755 1832 3826 pia
1879 3753 2166 3826 religione

509 3843 870 3920 pollentibus
899 3843 1196 3901 benevola
1239 3845 1660 3916 compassione
1713 3860 2081 3917 succurrere,
2113 3849 2169 3902 et

509 3933 890 4012 poscentium
920 3933 1156 3989 animos
1183 3932 1365 3988 alacri
1413 3931 1730 3988 devotione
1763 3933 2012 4006 implere
2047 3933 2168 3990 suf-

509 4023 748 4096 fragiis;
781 4040 854 4080 ex
879 4023 994 4078 hoc
1023 4023 1186 4077 enim
1216 4021 1364 4078 lucri
1410 4022 1790 4094 potissimum
1847 4025 2167 4096 praemium

511 4124 547 4164 a
585 4107 892 4164 conditore
924 4107 1219 4175 omnium,
1266 4108 1406 4174 Deo,
1445 4107 1658 4178 procul
1697 4108 1883 4164 dubio
1925 4125 2165 4181 prome-

509 4211 713 4252 remur
755 4195 1004 4267 quando
1052 4193 1416 4251 venerabilia
1444 4193 1576 4251 loca
1624 4201 1960 4270 opportune
2005 4198 2165 4253 ordi-

510 4289 653 4340 nata
702 4255 796 4340 ad‘
811 4283 1118 4339 meliorem
1143 4283 1360 4339 fuerint
1389 4284 1516 4339 sine
1549 4255 1735 4341 dubio
1789 4291 2010 4342 statum
2038 4303 2167 4359 per-
2202 4255 2248 4312 Β

511 4373 712 4430 ducta.
753 4373 934 4442 igitur
978 4373 1123 4447 quia
1176 4373 1522 4446 postulastis
1553 4389 1590 4429 a
1637 4375 1811 4432 nobis
1868 4381 2166 4450 quatenus

512 4461 1031 4534 conﬁrmaremus,
1062 4467 1118 4520 et
1143 4463 1607 4520 concederemus
1635 4464 1809 4522 vobis
1860 4473 2166 4524 monaste-

508 4552 667 4610 rium
729 4551 942 4610 Christi
995 4551 1351 4610 confessoris
1399 4552 1560 4609 beati
1611 4553 1931 4626 Benedicti,
1987 4556 2166 4612 situm

509 4641 573 4698 in
601 4645 804 4698 monte
835 4643 1040 4700 Castro
1067 4641 1336 4713 Cassino,
1368 4641 1474 4698 ubi
1515 4641 1988 4699 sacratissimum
2036 4659 2166 4701 cor-

509 4745 626 4802 pus
678 4731 807 4802 ejus
849 4730 1170 4786 humatum
1220 4745 1350 4786 esse
1403 4729 1660 4800 videtur,
1694 4747 1834 4787 cum
1885 4731 2168 4790 omnibus

511 4818 692 4873 rebus
744 4818 1093 4888 adjacentiis
1135 4817 1254 4875 sive
1306 4819 1675 4891 pertinentiis
1699 4823 1824 4876 tam
1867 4820 1928 4877 in
1957 4838 2168 4879 mona-

513 4906 707 4962 steriis
735 4907 1013 4963 vivorum
1065 4923 1252 4984 quam
1297 4911 1353 4964 et
1396 4909 1749 4965 ancillarum
1779 4910 1898 4980 Dei,
1930 4927 2168 4968 necnon

513 4999 572 5053 et
603 4995 783 5068 cellis,
817 5011 888 5052 ac
917 4995 1160 5068 praediis
1190 4997 1537 5072 ubicunque
1561 4999 1654 5055 vel
1672 4999 2167 5076 qualitercunquc

513 5087 592 5144 ad
616 5087 756 5158 jura
779 5084 1054 5158 ejusdem
1085 5083 1431 5144 monasterii
1479 5089 1772 5160 pertinere
1798 5089 2168 5160 dignoscitur

512 5175 719 5233 omnia
745 5175 807 5233 in
837 5175 1162 5245 integrum.
1193 5176 1615 5232 Monasterium
1669 5192 1814 5234 vero
1865 5179 2165 5254 imprimis

513 5267 748 5324 Domini
781 5265 1104 5325 Salvatoris
1147 5265 1411 5338 positum
1439 5267 1516 5324 ad
1537 5266 1758 5340 pedem
1783 5269 1974 5342 ipsius
1999 5287 2168 5326 mon-

513 5355 606 5426 tis,
669 5361 848 5431 atque
905 5356 1338 5414 monasterium
1399 5360 1621 5412 sanctae
1701 5358 1798 5414 Dei
1864 5359 2167 5416 Genitricis

513 5447 570 5498 et
593 5443 840 5514 virginis
871 5449 1060 5504 Mariae
1091 5445 1258 5522 quod
1291 5447 1673 5504 Plumbarola
1701 5453 1979 5516 vocatur;
2003 5449 2168 5504 item-

506 5547 626 5600 que
679 5537 738 5592 et
789 5537 1225 5593 monasterium
1295 5541 1517 5594 sanctas
1567 5537 1760 5595 Marias
1815 5537 1876 5593 in
1934 5537 2161 5609 Cingla,

2270 1613 2647 1672 deservimus
2679 1617 2974 1686 Ecclesim,
3006 1617 3391 1674 constitutum
3419 1617 3649 1674 nullius
3690 1618 3932 1675 alterius

2271 1705 2544 1762 Ecclesiae
2567 1706 3088 1778 jurisdictionibus
3119 1708 3522 1765 submittatur.
3551 1710 3670 1765 Pro
3693 1726 3821 1782 qua
3848 1725 3928 1782 re,

2269 1794 2385 1868 piis
2431 1794 2744 1851 desideriis
2775 1795 3062 1863 faventes,
3095 1797 3213 1852 hoc
3261 1803 3463 1854 nostra
3491 1798 3848 1855 auctoritate
3871 1797 3931 1854 id

2271 1884 2439 1957 quod
2465 1885 2807 1958 exposcitur
2833 1885 3066 1942 eﬁ‘eetui
3087 1887 3528 1961 maneipamus,
3557 1893 3614 1944 et
3643 1888 3786 1944 ideo
3811 1905 3932 1945 om-

2269 1988 2412 2028 nem
2459 1973 2779 2044 cujuslibet
2827 1974 3498 2032 Ecclesiaesacerdotem
3554 1977 3616 2034 in
3667 1977 3928 2050 praefatis

2271 2061 2649 2119 monasteriis
2675 2062 2966 2119 ditionem
2989 2063 3326 2135 quamlibet
3352 2064 3576 2122 habere
3601 2064 3698 2121 vel
3727 2069 3930 2122 aucto-

2269 2149 2504 2206 ritatem
2557 2154 2774 2224 praeter
2825 2151 3032 2208 sedem
3089 2153 3480 2226 apostolicam
3511 2154 3926 2227 prohibemus.

2271 2237 2351 2294 ita
2381 2243 2446 2295 ut
2476 2239 2590 2295 nisi
2623 2240 2700 2296 ab
2749 2240 2972 2298 abbate
3005 2243 3351 2299 monasterii
3403 2243 3577 2300 fuerit
3625 2243 3928 2312 invitatus,

2271 2343 2383 2384 nec
2430 2329 2756 2386 missarum
2809 2331 3038 2387 ibidem
3095 2332 3538 2390 solemnitatem
3601 2337 3934 2406 praesumat

2273 2418 2573 2475 celebrare
2609 2419 2986 2490 omnimodo,
3013 2422 3120 2478 sed
3150 2437 3187 2478 a
3213 2423 3492 2494 praesenti
3539 2423 3818 2480 secunda
3851 2424 3935 2479 in-

2271 2507 2530 2564 dictione
2561 2509 3026 2567 irrevocabiliter
3071 2512 3135 2566 in
3179 2517 3536 2584 perpetuum
3593 2512 3935 2569 stabilimus

2272 2597 2684 2667 detinendum,
2717 2603 2774 2655 et
2803 2615 2942 2654 cum
2973 2600 3073 2655 Dei
3125 2601 3338 2657 timore
3365 2601 3705 2672 regendum
3735 2607 3794 2658 et
3821 2602 3938 2658 dis-

2271 2687 2645 2760 ponendum,
2678 2690 3006 2745 statuentes
3035 2689 3286 2762 insuper
3315 2689 3649 2762 apostolica
3681 2707 3938 2748 censura

2273 2775 2387 2832 sub
2413 2775 2600 2832 divini
2623 2776 2834 2848 judicii
2851 2777 3390 2848 obtestatione,sed
3417 2785 3472 2836 et
3515 2779 3730 2837 validis
3753 2785 3936 2853 atque

2203 2904 2244 2960 Β
2275 2865 2669 2960 atrocioribus
2716 2867 3115 2924 anathematis
3161 2867 3699 2960 interdictionibus,
3745 2873 3938 2960 utine-

2272 2969 2391 3027 que
2419 2953 2578 3010 nllus
2607 2971 2880 3028 unquam
2901 2961 3230 3028 praesumat
3241 2957 3546 3031 quispiam
3563 2959 3721 3014 alius
3739 2959 3834 3030 cuj
3843 2975 3936 3014 us-

2273 3059 2512 3116 cunque
2565 3043 2639 3100 sit
2667 3044 2971 3114 dignitatis
3021 3045 3311 3118 preeditus
3340 3051 3396 3103 et
3449 3048 3784 3120 potestatis,
3841 3047 3936 3104 vel

2273 3132 2452 3188 etiam
2499 3149 2880 3206 quaecunque
2929 3149 3154 3205 magna
3195 3149 3506 3208 parvaque
3553 3152 3816 3208 persona
3875 3137 3936 3193 in

2273 3221 2486 3278 eodem
2537 3223 2923 3294 monasterio,
2971 3222 3068 3278 vel
3121 3224 3255 3296 ejus
3307 3225 3503 3281 causis
3557 3225 3936 3296 incumbere,

2275 3313 2378 3364 aut
2405 3309 2480 3366 de
2527 3309 2730 3381 rebus,
2763 3315 2818 3367 et
2848 3313 3341 3384 possessionibus
3371 3314 3465 3371 vel
3511 3316 3776 3372 ecclesiis
3821 3317 3940 3373 sibi

2275 3397 2582 3470 subjectis,
2615 3399 2708 3455 vel
2737 3400 3034 3474 quidquid
3065 3401 3325 3476 denique
3353 3403 3406 3460 ei
3449 3405 3744 3477 pertinere
3775 3407 3940 3462 vide-

2275 3489 2369 3541 tur
2411 3489 2850 3560 quoquomodo
2909 3489 3120 3546 offerre
3177 3497 3280 3548 aut
3327 3491 3606 3562 alienare,
3661 3495 3768 3550 sed
3825 3513 3940 3551 nec

2275 3575 2609 3647 quamlibet
2653 3577 2878 3633 militiae
2934 3584 3037 3635 aut
3055 3580 3304 3650 jacturas
3345 3581 3686 3639 molestiam
3707 3583 3939 3640 ibidem

2275 3662 2398 3718 sive
2423 3663 2614 3736 pacis,
2639 3663 2763 3721 sive
2783 3665 3086 3724 barbarici
3107 3669 3392 3743 temporis
3413 3669 3592 3727 ﬁrma
3613 3671 3938 3729 stabilitate

2275 3751 2654 3810 decernimus
2685 3755 2802 3810 sub
2829 3756 3213 3826 juridictione
3243 3763 3462 3815 sanctae
3489 3765 3710 3817 nostrae
3743 3762 3938 3817 Eccle-

2277 3839 2378 3896 sia:
2422 3844 2930 3916 permanendum.
2963 3847 3425 3918 Promulgamus
3451 3865 3692 3923 nempe,
3725 3855 3783 3907 et
3819 3852 3938 3908 hac

2277 3931 2626 3988 auctoritate
2647 3931 2805 3988 beati
2825 3935 2974 3990 Petri
2995 3935 3404 4007 apostolorum
3422 3938 3711 4012 principis
3729 3956 3938 3996 coram

2277 4021 2397 4074 Deo
2423 4023 2480 4075 et
2504 4020 2748 4076 terribili
2770 4022 2897 4092 ejus
2925 4021 3124 4080 futuro
3145 4027 3437 4094 examine,
3463 4031 3518 4082 et
3543 4028 3728 4100 hujus
3749 4030 3940 4086 nostri

2279 4109 2590 4180 apostolici
2620 4110 2912 4182 privilegii
2943 4117 3121 4184 atque
3173 4116 3453 4171 constitui
3511 4118 3842 4189 sancimus,
3879 4125 3942 4175 ut

2277 4197 2409 4252 loca
2427 4215 2562 4271 quae
2594 4199 2672 4254 ab
2705 4199 2924 4256 abbate
2947 4201 3263 4272 cujuslibet
3293 4205 3398 4276 qui
3421 4205 3599 4261 nobis
3630 4207 3694 4262 in
3719 4207 3938 4265 eodem

2277 4289 2526 4362 przefato
2581 4291 2945 4347 monasterio
2985 4293 3179 4348 Sancti
3209 4295 3506 4350 Benedicti
3559 4302 3940 4355 commutata

2280 4377 2372 4434 vel
2401 4393 2691 4436 concessa
2731 4384 2890 4448 sunt,
2923 4396 3160 4437 necnon
3191 4385 3248 4438 et
3277 4383 3422 4440 alias
3469 4383 3748 4442 locorum
3799 4405 3940 4461 pos-

2276 4468 2578 4524 sessiones
2605 4484 2742 4540 quae
2763 4469 3056 4539 aregibus
3088 4487 3158 4526 ac
3183 4471 3438 4528 ducibus
3461 4473 3558 4530 vel
3583 4476 3936 4546 gastaldeis,

2276 4560 2333 4613 et
2357 4557 2582 4613 caeteris
2613 4557 2958 4614 Christianis
2985 4559 3052 4615 in
3077 4559 3290 4616 eodem
3313 4567 3522 4618 sancto
3553 4561 3690 4618 loco
3719 4562 3940 4634 largita

2275 4650 2456 4720 atque
2511 4647 2714 4704 oblata
2759 4653 2916 4719 sunt,
2960 4655 3064 4706 aut
3107 4649 3170 4706 in
3219 4651 3610 4723 postmodum
3653 4652 3736 4708 illi
3796 4669 3942 4708 con-

2275 4753 2451 4793 cessa
2475 4735 2696 4793 fuerint
2715 4737 2914 4807 ﬁrma,
2947 4738 3203 4810 stabilia,
3233 4757 3302 4797 ac
3327 4741 3390 4797 in
3401 4742 3537 4812 jure
3565 4741 3758 4814 ipsius
3787 4758 3942 4814 prte-

2275 4825 2416 4880 dicti
2463 4827 2809 4882 monasterii
2851 4829 3181 4898 existenda,
3229 4833 3407 4902 atque
3451 4830 3514 4886 in
3571 4837 3940 4904 perpetuum

2275 4914 2689 4986 permanenda
2719 4917 3054 4985 statuimus,
3075 4933 3184 4974 nec
3213 4917 3455 4975 licentia
3487 4919 3580 4988 sit,
3613 4924 3680 4975 ut
3703 4918 3942 4976 dictum

2275 5007 2383 5070 est,
2415 5017 2490 5058 ex
2513 5003 2643 5074 ejus
2667 5003 2757 5060 vel
2786 5006 3069 5062 omnibus
3102 5006 3300 5063 eidem
3357 5009 3728 5065 monasterio
3759 5009 3942 5081 perti—

2275 5091 2555 5148 nentibus
2584 5097 2877 5167 tanquam
2906 5111 3132 5167 magna
3181 5113 3488 5170 parvaque
3535 5113 3802 5170 persona
3833 5115 3940 5156 au-

2275 5179 2448 5252 ferre,
2479 5187 2582 5238 aut
2607 5183 2874 5256 profecto
2888 5185 3060 5256 juxta
3087 5185 3150 5240 id
3175 5185 3342 5258 quod
3369 5186 3676 5258 subjectus
3707 5186 3942 5243 eisdem

2275 5271 2634 5328 venerabilis
2661 5273 2831 5329 "locus
2858 5274 3206 5346 apostolicis
3238 5275 3570 5332 constitutis
3610 5279 3794 5349 atque
3821 5277 3942 5349 pri-

2276 5360 2504 5431 vilegiis
2536 5362 2806 5418 consistit
2833 5363 3189 5420 inconcusse
3219 5365 3522 5422 (lotandus
3551 5371 3934 5438 permaneat,

2278 5454 2336 5506 et
2363 5450 2536 5508 liceat
2563 5451 2790 5508 eisdem
2837 5455 3149 5511 monachis
3197 5456 3272 5512 de
3314 5473 3422 5512 sua
3465 5457 3938 5526 congregatione

2280 5539 2564 5596 abbatem
2622 5557 2858 5615 semper
2928 5543 3161 5615 eligere.
3221 5544 3408 5604 Etiam
3463 5543 3700 5602 licentia
3759 5545 3940 5602 vobis
