4166 6162
227 166 340 226 359
1529 148 1879 228 EPISTOLE
1917 156 2005 223 ET

225 269 304 325 sit
329 281 444 340 pro
475 261 874 320 confectione
906 258 1191 315 chrismae
1219 259 1312 315 vel
1342 260 1664 321 oblatione,
1696 262 1753 315 et
1776 261 1930 317 ordi-

225 358 473 416 natione
501 351 1001 428 presbiterorum
1037 364 1148 403 seu
1170 347 1587 410 diaconorum,
1610 351 1665 402 et
1693 349 1931 408 subdia-

226 461 547 510 conorum,
590 447 652 498 et
701 439 922 498 altaria
969 441 1454 496 consecrandum
1497 437 1738 512 qualem
1761 440 1930 496 vobis

225 535 520 614 placuerit
591 531 970 605 episcopum
1021 525 1425 586 invitandum.
1459 533 1761 602 Hymnum
1795 546 1930 586 vero

228 627 573 699 angelicum
605 639 722 698 per
781 620 912 676 dies
945 615 1300 674 Dominicos
1351 624 1408 677 et
1460 619 1709 677 testibus
1766 618 1959 676 omni-

226 723 496 790 tempore
528 713 610 768 ad
641 711 986 767 missarum
1022 705 1341 763 solemniis
1368 709 1689 765 dicendum
1717 725 1928 765 conce-

228 807 449 874 dimus,
475 808 531 859 et
557 803 744 858 liceat
773 798 954 856 vobis
986 795 1243 867 signum
1274 798 1513 872 pulsare
1529 802 1652 855 tam
1681 799 1742 854 in
1772 799 1929 856 ἀίω»-

228 895 346 963 nis,
378 909 565 966 quam
614 890 676 945 in
711 886 1035 944 nocturnis
1090 883 1265 940 horis
1297 888 1545 960 quando
1601 888 1771 944 vobis
1800 888 1929 962 pla-

230 984 432 1046 cuerit,
463 987 586 1037 tam
615 979 680 1034 in
729 978 863 1049 jam
909 976 1078 1032 dicto
1125 978 1522 1048 monasterio,
1556 989 1741 1051 quam
1787 977 1931 1033 etin

227 1072 390 1131 cellis
422 1071 570 1144 ejus,
606 1071 662 1124 et
686 1066 894 1122 nullus
927 1065 1274 1140 episcopus
1297 1066 1613 1131 prohibeat
1637 1067 1931 1141 populum

232 1162 336 1218 Dei
364 1156 611 1230 ingredi,
641 1159 773 1211 tam
804 1154 866 1209 in
910 1151 1322 1216 monasterio,
1356 1170 1545 1227 quam
1577 1159 1632 1210 et
1662 1156 1722 1210 in
1773 1154 1934 1210 cellis

231 1249 359 1306 suis
403 1247 479 1304 ad
500 1243 876 1303 audiendum
904 1242 1174 1299 verbum
1200 1240 1326 1296 Dei.
1360 1243 1610 1316 Insuper
1634 1243 1814 1299 etiam
1839 1259 1937 1298 vo-

226 1339 436 1395 lumus
482 1339 546 1390 ut
573 1331 778 1389 nullus
806 1331 1139 1403 episcopus
1169 1336 1512 1398 praesumat
1559 1331 1619 1387 in
1645 1332 1936 1404 jamdicto

227 1423 613 1490 monasterio,
641 1419 737 1477 vel
759 1419 823 1474 in
856 1417 1151 1491 subjectis
1186 1419 1316 1474 suis
1357 1419 1626 1476 ecclesiis
1653 1421 1936 1477 sacerdo-

228 1523 319 1575 tes
369 1510 911 1575 excommunicare,
946 1508 1040 1563 vel
1070 1503 1156 1562 ad
1199 1506 1523 1580 synodum
1577 1526 1934 1581 provocare,

232 1612 341 1665 aut
366 1605 663 1669 abbatem,
695 1602 751 1656 et
775 1595 1116 1654 monachos
1152 1596 1266 1666 qui
1286 1593 1528 1652 ibidem
1552 1597 1613 1653 in
1659 1602 1933 1670 tempore

232 1695 430 1765 fuerit,
455 1695 625 1751 liceat
643 1690 821 1748 etiam
845 1687 1026 1745 vobis
1047 1683 1367 1754 clericum,
1399 1701 1510 1742 seu
1527 1687 1928 1755 sacerdotem,

232 1787 333 1845 vel
375 1786 714 1852 diaconum,
744 1797 848 1836 seu
881 1777 1343 1834 subdiaconum
1401 1774 1479 1832 de
1523 1777 1930 1851 qualicunque

237 1877 595 1952 episcopatu
649 1870 822 1928 fuerit
868 1867 1188 1940 suscipere
1242 1864 1319 1920 ab
1372 1863 1803 1936 habitandum,
1835 1865 1932 1921 vel

236 1961 664 2025 monachicum
684 1958 970 2017 habitum
996 1952 1418 2027 recipiendum
1440 1971 1579 2011 cum
1608 1956 1789 2012 rebus
1807 1954 1930 2010 suis

240 2055 479 2128 absque
543 2049 947 2127 prohibitione
1023 2043 1297 2102 omnium
1364 2045 1813 2120 episcoporum,
1874 2048 1931 2100 et

237 2144 419 2201 liceat
472 2140 662 2210 vobis,
715 2143 1090 2207 tuorumque
1145 2132 1462 2189 monachis
1490 2133 1594 2189 tibi
1640 2132 1928 2204 subjectis

233 2231 514 2306 judicare
546 2234 667 2286 tam
697 2223 1142 2283 monasterium
1168 2221 1458 2290 virorum,
1493 2227 1549 2278 et
1580 2221 1927 2278 coenobium

239 2321 585 2396 puellarum
617 2317 846 2389 absque
882 2309 1162 2368 saeculari
1211 2314 1523 2384 potestate,
1557 2315 1612 2366 et
1655 2309 1926 2384 prohibi-

241 2411 405 2468 tione
429 2407 742 2480 cujuslibet
771 2401 1043 2477 episcopi
1066 2420 1078 2469 ;
1110 2399 1157 2454 si
1186 2399 1322 2471 quis
1352 2404 1573 2470 autem,
1603 2398 1770 2472 quod
1800 2415 1927 2454 non

240 2504 551 2573 optamus,
595 2493 822 2552 nefario
882 2506 1045 2547 ausu
1089 2486 1558 2562 praesumpserit,
1601 2491 1656 2542 et
1702 2503 1837 2558 quae
1890 2504 1928 2544 a

239 2587 424 2645 nobis
442 2585 521 2642 ad
545 2583 790 2641 laudem
809 2579 910 2636 Dei
932 2594 1046 2652 pro
1078 2575 1396 2632 stabilitate
1417 2575 1690 2647 jamdicti
1714 2591 1926 2633 mona-

241 2674 409 2732 sterii
433 2676 659 2730 statuta
687 2673 826 2725 sunt
850 2665 1154 2735 refragare
1185 2667 1288 2719 aut
1317 2662 1378 2717 in
1408 2678 1718 2737 quoquam
1736 2667 1924 2718 trans-

241 2762 441 2836 gredi,
476 2760 622 2817 sciat
663 2775 748 2830 se,
774 2756 892 2813 nisi
923 2750 1258 2825 resipuerit,
1291 2750 1691 2808 anathematis
1720 2750 1925 2807 vincu-

239 2854 303 2909 lo
335 2849 717 2914 innodatum,
751 2849 808 2901 et
837 2861 874 2900 a
920 2857 1109 2912 regno
1157 2839 1257 2895 Dei
1307 2839 1654 2909 alienatum,
1683 2843 1740 2895 et
1781 2855 1922 2895 cum

2041 158 2466 222 PRIVILEGIA.
3612 181 3720 239 870

2050 268 2384 326 venerabili
2406 276 2776 332 monasterio
2816 279 3164 349 regulariter
3199 283 3627 357 promovendis
3655 285 3718 340 in

2045 361 2434 427 perpetuum.

2119 443 2426 537 Quoniam
2457 449 2556 522 pia
2589 450 2979 513 sollicitudine
3001 463 3275 519 convenit
3303 480 3416 519 nos
3438 479 3550 537 pro
3585 461 3714 516 uni-

2043 531 2242 620 versis
2277 537 2376 592 Dei
2410 539 2680 596 Ecclesiis
2705 558 2939 616 semper
2968 546 3364 620 invigilare,et
3394 531 3518 608 tota
3541 565 3712 606 men-

2045 614 2120 671 tis
2181 620 2508 684 intentione
2556 614 2986 690 venerabilium
3036 614 3304 694 locorum
3349 638 3711 710 integritates

2049 719 2400 798 procurare,
2431 716 2565 773 ideo
2597 719 2839 776 utilitate
2894 722 3150 794 illorum,
3184 729 3239 781 et
3291 727 3553 782 maxime
3599 740 3710 798 pro

2050 795 2256 863 quiete
2289 807 2743 875 monachorum,
2791 814 3070 881 optamus
3116 813 3382 870 subsidia
3416 795 3706 881 conferre,

2050 886 2114 937 ut
2146 887 2360 947 divinae
2392 895 2778 952 misericodite
2805 903 3343 958 remunerationem
3373 903 3435 957 in
3465 900 3710 957 sidereis

2049 974 2288 1034 arcibus
2318 997 2779 1056 consequamur.
2815 987 2992 1054 Igitur
3018 989 3160 1061 quia
3190 988 3418 1062 petistis
3448 1005 3483 1042 a
3505 985 3706 1048 nobis,

2052 1066 2116 1119 ut
2147 1072 2576 1128 monasterium
2599 1074 2759 1130 beati
2791 1075 3080 1133 Vincentii
3095 1078 3400 1149 martyris,
3418 1091 3542 1131 una
3568 1092 3710 1130 cum

2046 1158 2332 1214 omnibus
2358 1160 2469 1216 sibi
2494 1164 2944 1238 pertinentibus,
2972 1165 3371 1232 monasteriis,
3398 1164 3578 1236 cellis,
3613 1182 3710 1224 ca-

2045 1246 2240 1318 pellis,
2292 1251 2476 1314 terris,
2520 1257 2576 1308 et
2613 1253 2888 1326 ca_stellis,
2931 1255 3137 1324 servis,
3174 1260 3233 1311 et
3287 1253 3538 1326 ancillis,
3570 1273 3712 1313 cum

2049 1337 2338 1392 universis
2365 1316 2797 1397 redditionibus
2829 1343 2950 1398 suis
2974 1344 3086 1400 sub
3101 1343 3524 1416 jurisdictione
3544 1363 3716 1404 sanc-

2048 1427 2122 1480 tae
2179 1428 2464 1484 Romanae
2496 1430 2787 1494 Ecclesiae,
2822 1433 2915 1487 cui
2945 1435 3064 1489 Deo
3107 1436 3366 1489 auctore
3402 1437 3719 1510 servimus,

2050 1516 2237 1570 nostri
2280 1516 2569 1588 privilegii
2627 1521 2973 1577 auctoritate
3020 1521 3437 1594 muniremus,
3477 1527 3720 1603 idcirco,

2049 1602 2173 1670 tibi,
2235 1603 2470 1677 tuisque
2536 1609 2978 1665 successoribus
3046 1609 3353 1681 legitimis
3407 1602 3726 1680 abbatibus

2046 1687 2196 1746 illud
2227 1692 2613 1749 concedimus
2642 1695 3051 1769 detinendum,
3084 1701 3159 1754 ut
3212 1702 3442 1764 nullius
3488 1711 3729 1771 alterius

2044 1779 2317 1837 Ecclesiae
2334 1781 2661 1840 ditionibus
2682 1784 3084 1852 submittatur,
3119 1787 3249 1843 sed
3284 1809 3419 1853 cum
3446 1803 3730 1860 omnibus

2041 1868 2155 1923 sibi
2200 1869 2486 1943 subjectis
2536 1873 2930 1941 monasteriis,
2965 1879 3021 1930 et
3067 1874 3273 1947 cellis,
3297 1883 3569 1946 videlicet
3596 1908 3730 1948 mo-

2039 1958 2366 2046 nasterium
2396 1959 2556 2017 beati
2631 1961 2781 2017 Petri
2829 1962 3084 2035 apostoli
3116 1967 3397 2037 positum
3420 1976 3595 2046 juxta
3617 1979 3730 2035 Πα-

2035 2045 2202 2102 vium
2256 2047 2499 2105 Sabbati
2545 2049 2833 2106 territorio
2869 2051 2997 2122 jam
3054 2051 3224 2109 dicto
3274 2045 3721 2132 Beneventano,

2038 2135 2473 2192 monasterium
2507 2143 2728 2194 sanctae
2761 2139 2860 2195 Dei
2895 2139 3198 2210 genitricis
3238 2147 3431 2202 Mariae
3479 2150 3542 2206 in
3580 2151 3720 2207 loco

2041 2225 2217 2287 Sano,
2254 2225 2686 2282 monasterium
2715 2223 2947 2282 Domini
2967 2229 3313 2304 Salvatoris,
3352 2236 3520 2307 quod
3551 2237 3717 2308 posi-

2036 2315 2166 2367 tum
2209 2317 2300 2368 est
2345 2312 2408 2368 in
2460 2314 2629 2381 Alife,
2662 2316 3097 2377 monasterium
3137 2324 3357 2376 sanctze
3410 2324 3607 2389 uariae
3652 2321 3718 2374 in

2033 2399 2168 2456 loco
2251 2401 2586 2474 Apinianici
2660 2404 2950 2461 territorio
3014 2406 3378 2472 Marsicano,
3464 2422 3720 2466 monas-

2033 2489 2250 2545 terium
2327 2496 2546 2546 sanctae
2603 2491 2790 2548 Mariae
2869 2493 2929 2549 in
2982 2495 3133 2551 duas
3211 2495 3532 2564 basilicas,
3589 2508 3724 2554 m0-

2032 2578 2365 2634 nasterium
2438 2583 2658 2636 sanctae
2725 2581 2916 2636 Mariae
3001 2582 3064 2638 in
3129 2583 3284 2641 duas
3335 2585 3727 2652 Castanieto,

2033 2666 2470 2723 monasterium
2527 2672 2748 2724 sanctae
2811 2669 3002 2727 Mariae
3081 2670 3141 2728 in
3195 2672 3418 2741 Palere,
3488 2669 3735 2731 territo-

2031 2755 2120 2810 rio
2170 2756 2381 2825 Domo,
2433 2757 2871 2815 monasterium
2943 2765 3162 2817 sanctae
3216 2762 3408 2818 Mariae
3463 2763 3554 2821 in
3604 2759 3737 2819 Pla-

2028 2842 2165 2914 nisi,
2197 2845 2631 2902 monasterium
2661 2847 2847 2903 sancti
2877 2849 3030 2904 Petri
3058 2850 3121 2906 in
3169 2850 3380 2924 Vipera
3406 2867 3578 2910 cum
3603 2854 3740 2926 ipso

243 2937 518 3007 diabolo,
544 2940 601 2993 et
625 2936 753 3007 ejus
785 2929 1180 2989 atrocissimis
1222 2927 1483 3001 pompis,
1517 2931 1573 2984 et
1605 2926 1759 2983 Juda
1785 2930 1923 2983 Jesu
1957 2933 1999 2988 C
2035 2931 2232 2988 casale
2257 2933 2484 3002 Leonis,
2509 2935 2944 2992 monasterium
2971 2938 3160 2994 sancti
3181 2939 3331 2994 Petri
3359 2938 3422 2994 in
3443 2941 3736 3002 Tontole»

245 3029 465 3087 Christi
521 3024 758 3081 Domini
816 3021 1002 3078 nostri
1058 3017 1360 3082 traditore,
1415 3017 1620 3072 aeterni
1665 3013 1930 3072 incendii

259 3114 560 3191 supplicio
599 3107 1081 3168 concremandus
1103 3106 1175 3162 sit
1204 3105 1542 3178 deputatus.
1573 3108 1644 3160 At
1665 3121 1804 3160 vero
1827 3102 1933 3176 qui

250 3206 356 3279 pio
414 3201 631 3259 intuitu
681 3201 1036 3256 observatos
1095 3200 1151 3251 et
1205 3195 1267 3250 in
1321 3195 1605 3249 omnibus
1645 3193 1932 3249 exstiterit

253 3290 602 3348 custodiens
627 3289 810 3359 hujus
841 3285 1028 3342 nostri
1073 3282 1383 3356 apostolici
1414 3282 1732 3349 constituti,
1764 3287 1819 3337 et
1848 3282 1930 3339 ad

251 3383 487 3438 cultum
518 3379 618 3435 Dei
643 3375 1124 3450 respicientibus,
1150 3371 1583 3428 benedictionis
1611 3371 1867 3440 gratiam
1895 3389 1931 3428 a

251 3467 818 3528 misericordissimo
864 3467 984 3520 Deo
1039 3467 1242 3519 nostro
1284 3478 1392 3535 per
1431 3461 1927 3518 intercessionem

252 3559 418 3617 beati
451 3557 748 3616 Benedicti
787 3553 1189 3626 multipliciter
1238 3557 1661 3625 consequatur,
1696 3555 1752 3606 et
1800 3551 1930 3606 vitae

255 3655 497 3705 aaternae
553 3647 873 3719 particeps,
920 3641 1074 3698 efﬁci
1123 3644 1439 3696 mereatur.
1475 3640 1771 3712 Scriptum
1820 3655 1931 3711 per

257 3752 515 3794 manum
545 3735 754 3790 Leonis
787 3732 1022 3801 notarii,
1043 3733 1098 3786 et
1125 3728 1464 3798 regionarii,
1492 3733 1669 3802 atque
1689 3725 1930 3784 scrinia-

259 3827 332 3884 rii
361 3830 581 3883 sanctae
599 3826 883 3880 Romanae
916 3820 1191 3876 Ecclesiae
1207 3818 1269 3873 in
1296 3834 1503 3874 mense
1519 3816 1802 3874 Januario
1826 3832 1932 3888 per

257 3915 648 3973 indictionem
708 3910 1184 3985 suprascriptum
1237 3907 1586 3963 secundam.
1623 3909 1773 3961 Bene
1831 3923 1934 3963 va-

258 4006 394 4062 lete.
433 4007 576 4060 Data
601 4019 685 4059 xu
717 4001 848 4058 Kal.
880 3997 1188 4056 Februarii
1217 4012 1323 4069 per
1353 4013 1605 4053 manum
1635 3995 1932 4052 Benedicti

264 4093 534 4167 episcopi
565 4096 784 4147 sanctae
811 4089 1004 4163 Sylvze
1028 4085 1309 4144 Candidas
1329 4085 1623 4151 Ecclesiae,
1646 4083 1932 4140 etbiblio-

266 4181 512 4240 thecarii
552 4186 771 4237 sanctae
813 4179 972 4234 sedis
1003 4175 1344 4250 apostolicae
1372 4190 1553 4241 anno,
1589 4177 1706 4228 Deo
1733 4174 1935 4245 propi-

266 4270 371 4341 tio,
394 4268 776 4343 pontiﬁcatus
810 4265 1019 4323 domni
1050 4265 1236 4321 nostri
1264 4263 1491 4321 Martini
1519 4261 1740 4318 summi
1778 4278 1932 4350 pon—
1971 4297 2012 4350 Β

267 4359 460 4428 tiﬁcis,
495 4362 550 4413 et
597 4355 951 4412 universalis
995 4352 1243 4408 secundi
1269 4351 1550 4425 papze,in
1607 4349 1932 4406 sacratissi-

272 4464 377 4504 ma
407 4446 546 4502 sede
569 4444 730 4501 beati
752 4444 903 4501 Petri
932 4441 1191 4517 apostoli
1219 4441 1486 4497 secundo
1515 4440 1577 4495 in
1607 4455 1816 4496 mense
1845 4442 1936 4496 Ja-

267 4537 511 4607 nuario,
545 4535 868 4592 indictione
898 4532 1186 4590 secunda.

1071 4679 1134 4732 ν.

271 4803 446 4844 BELLA
500 4801 700 4843 MAle
745 4801 900 4841 PAPE
937 4800 977 4840 ll
1016 4798 1120 4839 PRO
1173 4796 1522 4838 MONASTERIO
1569 4797 1620 4838 S.
1661 4795 1933 4838 VINCENTII

907 4888 1277 4931 VULTURNENSI
1286 4914 1299 4927 .

919 5000 1113 5071 (Anno
1143 5001 1290 5066 944).

481 5126 802 5200 [Muratori,
835 5127 976 5192 Iter,
1003 5126 1146 5181 Ital.
1173 5123 1398 5191 Script.
1434 5127 1473 5193 Ι,
1507 5139 1551 5191 ι,
1582 5123 1732 5196 432.]

349 5257 600 5311 MARINL'S
660 5251 976 5326 episcopus
1024 5265 1232 5306 servus
1282 5263 1591 5304 servorum
1632 5247 1752 5320 Dei,
1775 5263 1935 5304 LEONI

279 5342 605 5401 venerabili
660 5341 863 5399 abbati
897 5358 970 5397 ex
1015 5337 1379 5396 monasterio
1410 5337 1618 5394 Christi
1653 5338 1934 5410 martyris

282 5434 593 5502 Vincentii,
637 5432 802 5506 quod
829 5433 1007 5487 situm
1026 5429 1185 5488 estin
1213 5427 1482 5502 partibus
1515 5428 1789 5495 Samnite,
1821 5431 1934 5483 ter-

280 5524 484 5580 ritorio
516 5526 931 5578 Beneventano
988 5536 1165 5593 super
1195 5518 1416 5574 fontem
1451 5516 1716 5573 Vulturni
1742 5516 1933 5572 ﬂumi-

282 5613 398 5688 nis,
428 5617 486 5669 et
508 5628 620 5686 pro
651 5616 704 5669 te
734 5610 960 5668 cunctis
988 5607 1435 5666 successoribus
1484 5606 1597 5663 tuis
1627 5605 1690 5661 in
1717 5603 1931 5662 eodem

2041 3022 2477 3078 monasterium
2527 3023 2714 3080 sancti
2769 3026 2920 3080 Petri
2971 3025 3033 3082 in
3091 3027 3240 3095 trite,
3271 3034 3734 3095 monasterium

2046 3114 2265 3166 sanctae
2318 3111 2511 3166 Mariae
2559 3112 2620 3168 in
2671 3116 2933 3178 Musano,
2996 3115 3428 3172 monasterium
3498 3130 3727 3184 sanctas

2043 3199 2233 3255 Mariae
2265 3199 2325 3254 in
2358 3201 2557 3273 Arole,
2589 3204 3023 3260 monasterium
3046 3204 3235 3262 sancti
3264 3205 3504 3274 Georgii
3534 3208 3595 3265 in
3622 3215 3723 3272 Sa-

2041 3287 2230 3355 lerno,
2291 3291 2731 3347 monasterium
2783 3293 2971 3348 sancti
3023 3293 3308 3351 Vincentii
3364 3293 3426 3349 in
3488 3298 3717 3374 Capua,

2042 3380 2482 3436 monasterium
2540 3383 2727 3438 sancti
2782 3383 3030 3455 Martini,
3064 3391 3120 3442 et
3152 3387 3372 3440 sanctae
3405 3386 3610 3442 Crucis
3649 3391 3713 3448 in

2041 3471 2244 3523 monte
2306 3469 2578 3541 Marsico,
2635 3472 3071 3530 monasterium
3137 3476 3356 3529 sanctae
3405 3473 3713 3536 Columbae

2039 3557 2099 3611 in
2158 3559 2324 3625 Sora,
2398 3560 2835 3616 monasterium
2904 3565 3097 3620 sancti
3165 3563 3367 3627 Mauri,
3418 3567 3474 3619 et
3523 3570 3714 3626 sancti

2039 3644 2337 3702 Valentini
2403 3647 2467 3704 in
2532 3650 2722 3720 Atine,
2776 3655 3214 3710 monasterium
3270 3653 3462 3710 sancti
3495 3657 3713 3716 Donati

2041 3750 2180 3789 cum
2237 3734 2462 3807 inclyta
2520 3738 2672 3794 valle
2721 3740 2966 3796 Sorana.
3000 3745 3138 3799 Haec
3196 3743 3420 3811 omnia,
3464 3748 3520 3800 et
3570 3762 3709 3810 cum

2044 3822 2327 3878 omnibus
2365 3825 2480 3880 sibi
2514 3826 2647 3897 jure
2676 3828 3115 3900 pertinentibus
3161 3830 3340 3885 rebus
3371 3831 3483 3886 sub
3528 3835 3712 3893 tutela

2042 3911 2200 3966 sedis
2221 3913 2566 3984 apostolicae
2613 3919 2830 3971 nostra:
2859 3916 2941 3972 ita
2983 3917 3326 3990 recipimus,
3366 3923 3429 3974 ut
3455 3923 3710 3994 quamli-

2041 3999 2142 4055 bet
2184 4001 2684 4060 Christianitatem
2727 4004 3064 4073 indigentes
3091 4007 3152 4062 in
3187 4006 3436 4080 praefato
3467 4025 3710 4068 venera-

2040 4087 2145 4144 bili
2190 4091 2576 4160 monasterio,
2611 4092 2807 4165 qualis
2854 4093 3174 4166 episcopus
3218 4096 3296 4152 ad
3327 4095 3707 4158 invitandum

2041 4175 2366 4245 volueritis,
2401 4178 2675 4236 habeatis
2705 4180 3057 4237 omnimodo
3104 4186 3479 4255 potestatem.
3540 4187 3707 4244 Simi-

2042 4266 2172 4322 liter
2224 4268 2303 4324 ad
2351 4269 2630 4326 ecclesias
2673 4272 3137 4342 consecrandas,
3167 4278 3222 4330 et
3265 4275 3706 4336 ordinationem

2044 4355 2118 4411 de
2152 4357 2589 4425 sacerdotibus,
2631 4365 2687 4416 et
2737 4360 3093 4420 diaconibus
3147 4379 3255 4435 per
3305 4368 3576 4438 tempora
3625 4369 3706 4425 fa-

2045 4445 2343 4516 ciendam,
2364 4452 2419 4503 et
2447 4448 2522 4505 de
2549 4450 2716 4505 omni
2745 4451 2939 4521 gradu
2967 4449 3192 4508 ibidem
3223 4453 3701 4527 adimplendum.

2045 4537 2452 4593 Protestamus
2507 4537 2748 4610 etenim,
2785 4543 2849 4596 ut
2903 4539 3104 4598 nullus
3133 4542 3452 4620 episcopus
3490 4544 3707 4604 debeat

2045 4624 2259 4683 exinde
2289 4626 2682 4696 sacerdotem,
2719 4628 2809 4686 vel
2834 4627 3160 4690 diaconum
3197 4630 3277 4690 ad
3311 4648 3492 4692 suam
3519 4652 3704 4708 syno-

2045 4713 2195 4771 dum
2248 4732 2598 4790 provocare,
2631 4715 2746 4773 nisi
2775 4732 2884 4774 sua
2911 4717 3087 4776 fuerit
3131 4720 3376 4798 propria
3402 4723 3703 4796 voluntas,

2045 4808 2149 4859 aut
2195 4803 2500 4876 abbatem,
2552 4803 2649 4860 vel
2701 4806 3036 4864 monachos
3087 4811 3527 4882 .quoquomodo
3551 4813 3708 4884 judi-

2044 4909 2202 4964 care,
2233 4893 2321 4950 vcl
2350 4893 2892 4952 excommunicare.
2936 4894 3254 4963 Volumus,
3286 4901 3344 4954 et
3369 4902 3706 4974 apostolica

2043 4983 2419 5055 injungimus
2449 4983 2800 5041 auctoritate
2827 4983 3004 5041 vobis
3032 4986 3369 5059 vestrisque
3393 4991 3703 5064 supradic-

2044 5071 2116 5128 tis
2146 5071 2468 5128 abbatibus
2498 5071 2574 5128 de
2595 5071 3024 5150 qualicumque
3054 5074 3315 5134 Ecclesia
3343 5079 3698 5146 sacerdotes

2042 5159 2138 5215 vel
2186 5160 2450 5230 clericos,
2484 5160 2533 5218 si
2580 5161 2849 5222 venerint
2891 5163 2971 5218 ad
3009 5163 3412 5222 habitandum
3457 5165 3520 5222 in
3567 5181 3703 5220 con-

2043 5250 2386 5321 gregatione
2415 5250 2691 5324 fratrum,
2719 5251 2845 5310 sive
2897 5253 3301 5312 monasticum
3339 5253 3702 5328 suscipiendi

2041 5338 2318 5396 habitum
2368 5355 2428 5396 se
2466 5340 2842 5410 contulerint,
2876 5341 3076 5398 statim
3105 5339 3482 5412 recipiantur.
3514 5342 3702 5399 Chris-

2044 5445 2144 5485 ma
2185 5444 2325 5484 vero
2373 5445 2409 5484 a
2451 5429 2616 5500 quali
2659 5431 2942 5503 episcopo
2990 5429 3159 5484 vobis
3206 5429 3479 5486 voluntas
3527 5432 3704 5488 fuerit

2048 5517 2427 5590 impetrandi,
2469 5518 2645 5576 liceat
2697 5532 2932 5590 semper
2982 5516 3316 5573 secundum
3346 5520 3512 5592 quod
3559 5522 3704 5578 dixi-

2044 5623 2182 5663 mus
2234 5607 2348 5664 sub
2399 5607 2728 5679 apostolica
2762 5608 2967 5666 nostra
3011 5608 3323 5678 potestate.
3357 5611 3423 5667 Et
3459 5625 3704 5676 omnem
