4166 6162
477 123 572 176 871

474 331 578 387 bili
607 327 968 386 monasterio
991 325 1324 398 quamlibet
1344 323 1629 380 ditionem
1660 319 1904 382 habere,
1925 321 2137 390 praeter

475 419 680 475 sedem
726 415 1122 490 apostolicam
1173 413 1585 488 prohibemus,
1643 410 1723 466 ita
1772 411 1836 464 ut
1887 406 2005 464 nisi
2061 405 2138 462 ab

475 507 695 564 abbate
725 505 1070 563 monasterii
1115 503 1290 560 fuerit
1331 501 1634 565 invitatus,
1667 513 1778 554 nec
1809 497 2140 552 missarum

477 595 770 653 solemnia
807 594 1033 651 ibidem
1078 591 1378 648 celebrare
1419 591 1762 662 praesumat.
1809 587 2140 642 Statuentes

475 683 806 758 apostolica
851 685 1098 755 insuper
1128 696 1404 748 censura,
1435 678 1549 733 sub
1584 676 1772 732 divini
1789 673 2000 745 judicii
2030 673 2140 728 ob-

477 775 806 837 testatione,
835 774 941 828 sed
970 775 1028 826 et
1070 769 1279 826 validis
1310 773 1489 840 atque
1539 763 1935 822 atrocioribus
1993 779 2140 819 ana-

475 863 756 919 thematis
813 858 1325 916 interdictionibus
1381 854 1798 929 prohibemus,
1831 857 1896 908 ut
1937 851 2142 908 nullus

479 966 751 1023 unquam
781 951 1106 1022 praesumat
1131 947 1546 1017 cujuscunque
1591 943 1896 1012 dignitatis
1922 939 2140 1014 prt'edi-

479 1042 574 1094 tus
596 1041 906 1110 potestate,
937 1034 1028 1090 vel
1059 1034 1118 1089 in
1149 1033 1366 1089 eodem
1397 1030 1724 1087 venerabili
1753 1029 2138 1096 monasterio,

477 1127 572 1182 vel
592 1127 720 1197 ejus
749 1123 948 1180 causis
975 1122 1344 1185 incumbere,
1363 1125 1467 1177 aut
1493 1120 1567 1176 de
1593 1119 1796 1190 rebus,
1826 1123 1882 1174 et
1907 1134 2141 1191 posses-

477 1214 764 1276 sionibus,
793 1212 887 1268 vel
942 1211 1216 1268 Ecclesiis
1275 1209 1572 1281 sebjectis,
1605 1209 1694 1264 vel
1737 1207 2034 1282 quidquid
2065 1207 2141 1262 de

475 1303 591 1367 his,
623 1318 755 1376 quae
795 1302 925 1372 ejus
981 1316 1112 1356 esse
1169 1300 1466 1370 videntur,
1517 1297 1828 1370 quomodo
1885 1296 2140 1365 auferre,

475 1395 580 1447 aut
631 1391 912 1459 alienare,
965 1389 1070 1445 sed
1121 1405 1230 1445 nec
1277 1387 1610 1462 quamlibet
1661 1385 1974 1454 malitiam,
2035 1387 2143 1440 aut

469 1480 720 1551 jactura:
755 1477 1092 1534 molestiam
1122 1475 1373 1545 ibidem,
1403 1476 1525 1531 sive
1555 1474 1742 1547 pacis,
1777 1473 1899 1529 sive
1925 1471 2144 1528 barba-

483 1569 594 1624 rici
617 1567 904 1641 temporis
937 1566 1138 1639 aliquo
1161 1567 1346 1622 modo
1385 1565 1621 1634 inferre,
1654 1565 1799 1620 dum
1821 1563 2141 1636 praefatum
2166 1599 2210 1652 Β

474 1656 837 1729 perenniter,
871 1659 937 1711 ut
975 1655 1203 1710 dictum
1230 1658 1338 1724 est,
1362 1653 1792 1710 monasterium
1819 1653 1995 1708 ﬁrma
2027 1655 2141 1706 sta-

473 1743 697 1800 bilitate
734 1743 1116 1800 decernimus
1161 1743 1274 1798 sub
1322 1742 1734 1814 jurisdictione
1775 1745 1997 1797 sanctae
2027 1743 2138 1794 Ho-

473 1847 670 1889 manae
743 1831 1020 1887 Ecclesiae
1092 1830 1594 1903 permanendum.
1677 1828 2132 1898 Promulgantes

475 1935 716 1993 nempe,
771 1924 827 1975 et
880 1920 996 1976 hac
1044 1919 1390 1975 auctoritate
1423 1918 1594 1998 beati
1646 1918 1796 1972 Petri
1833 1915 2138 1989 apostolo-

473 2024 612 2064 rum
641 2007 927 2081 principis
948 2023 1154 2064 coram
1187 2010 1324 2078 Deo,
1355 2011 1411 2063 et
1441 2007 1569 2078 ejus
1598 2005 1842 2062 terribili
1861 2005 2138 2062 examine

473 2113 584 2170 per
631 2097 812 2168 hujus
842 2095 1130 2170 privilegii
1161 2095 1349 2152 nostri
1395 2095 1885 2152 constitutionem
1939 2093 2135 2150 sanci-

473 2202 612 2242 mus
650 2201 718 2243 ac
744 2185 1142 2254 decernimus,
1184 2190 1249 2241 ut
1275 2185 1427 2252 loca,
1459 2201 1593 2256 quae
1622 2201 1659 2240 a
1682 2183 1952 2256 quolibet
1977 2183 2134 2255 epis-

473 2290 650 2347 copo,
681 2273 771 2330 vel
823 2274 1041 2330 abbate
1071 2277 1443 2330 commutata
1469 2277 1624 2344 sunt,
1655 2289 1766 2328 nec
1795 2287 1920 2328 non
1965 2276 2022 2327 et
2049 2271 2136 2326 di-

476 2379 793 2419 versorum
823 2363 1094 2419 locorum
1139 2362 1572 2435 possessiones,
1613 2377 1750 2433 qua:
1793 2376 1830 2416 a
1867 2358 2132 2430 regibus,

473 2450 752 2524 ducibus,
781 2450 1175 2523 principibus,
1203 2449 1537 2516 castaldeis,
1562 2453 1621 2504 et
1644 2465 1680 2504 a
1697 2447 1918 2504 caeteris
1946 2447 2137 2504 Chris-

475 2539 668 2604 tianis,
701 2554 1006 2606 concessa,
1036 2539 1270 2608 largita,
1295 2537 1385 2593 vel
1437 2537 1641 2593 oblata
1672 2541 1811 2593 sunt
1834 2537 1898 2591 in
1919 2535 2134 2591 eodem

475 2632 683 2684 sancto
715 2631 772 2683 et
825 2625 1150 2682 venerabili
1203 2625 1593 2696 monasterio,
1626 2630 1728 2682 aut
1756 2624 1818 2680 in
1868 2628 2134 2696 postmo-

473 2716 624 2772 dum
653 2730 968 2782 concessa,
999 2713 1090 2770 vel
1139 2712 1342 2770 oblata
1371 2713 1608 2784 fuerint,
1634 2713 1822 2786 ipsius
1848 2713 1981 2783 jure
2007 2729 2136 2768 mo-

473 2803 714 2860 nasterii
741 2803 802 2858 in
827 2807 1185 2875 perpetuum
1209 2801 1622 2874 permanenda
1643 2801 1960 2858 statuimus
1988 2819 2000 2870 ;
2023 2816 2136 2856 nec

473 2891 713 2948 licentia
743 2891 834 2958 sit,
869 2895 933 2946 ut
989 2891 1216 2948 dictum
1241 2895 1350 2960 est,
1402 2893 1461 2946 et
1509 2891 1660 2961 ejus,
1693 2889 1788 2945 vel
1845 2888 2133 2944 omnibus

473 2979 748 3052 ejusdem
767 2978 1114 3035 monasterii
1128 2977 1561 3051 pertinentibus
1589 2977 1876 3050 cuiquam
1897 2992 2135 3048 magnae
2163 2977 2204 3004 “

472 3083 798 3142 parvaeque
827 3083 1101 3140 personae
1129 3067 1380 3135 auferre,
1409 3072 1475 3123 ut
1497 3081 1608 3138 pro
1637 3071 1820 3136 recto,
1847 3066 2020 3137 juxta
2049 3065 2133 3138 id,

478 3159 646 3232 quod
700 3157 1037 3230 subjectum
1094 3157 1255 3213 idem
1309 3155 1650 3212 venerabile
1702 3154 2138 3212 monasterium

471 3245 812 3320 apostolicis
867 3245 1219 3313 constitutis,
1251 3249 1430 3317 atque
1473 3242 1795 3318 privilegiis
1845 3243 2132 3313 consistit,

479 3336 835 3392 inconcusse
865 3337 1238 3407 permaneat.
1272 3335 1338 3388 Et
1361 3331 1534 3388 liceat
1561 3331 1786 3387 eisdem
1817 3331 2134 3388 monachis

473 3424 548 3480 de
571 3440 681 3480 sua
712 3423 1177 3493 congregatione
1207 3422 1494 3478 abbatem
1524 3435 1761 3492 semper
1791 3419 2006 3490 eligere
2037 3439 2050 3490 ;
2078 3427 2135 3478 et

471 3511 648 3568 liceat
700 3511 812 3584 ipsi
862 3511 1067 3567 abbati
1116 3526 1256 3566 suos
1297 3509 1569 3581 judicare
1619 3509 1950 3565 monachos
2009 3527 2133 3568 non

475 3598 672 3656 solum
699 3597 886 3666 virile,
929 3597 1034 3654 sed
1092 3601 1148 3654 et
1195 3597 1486 3653 muliebre
1533 3597 1964 3653 monasterium
2021 3597 2134 3654 sibi

475 3687 832 3758 subjectum.
877 3686 936 3744 Si
985 3685 1122 3758 quis
1177 3691 1398 3755 autem,
1435 3685 1600 3758 quod
1655 3701 1779 3742 non
1825 3693 2129 3759 optamus,

471 3775 702 3832 nefario
731 3791 887 3831 ausu
911 3774 1360 3848 prtesumpserit
1397 3775 1548 3844 haec,
1592 3789 1727 3847 quae
1777 3790 1815 3831 a
1848 3775 2024 3831 nobis
2051 3776 2134 3832 ad

471 3864 716 3922 laudem
745 3864 848 3921 Dei
874 3865 1064 3921 nostri
1091 3880 1201 3938 pro
1250 3863 1566 3921 stabilitate
1616 3865 1746 3936 jam
1781 3863 1921 3921 dicti
1949 3881 2129 3922 vene-

471 3954 676 4010 rabilis
713 3953 1060 4013 monasterii
1115 3955 1334 4009 statuta
1364 3955 1526 4024 sunt,
1557 3951 1880 4024 refragare,
1915 3960 2019 4010 aut
2067 3954 2130 4010 in

471 4059 784 4117 quoquam
815 4042 1104 4100 transilire
1149 4042 1422 4114 voluerit,
1460 4041 1858 4098 anathematis
1888 4043 2128 4101 vinculo

471 4131 816 4196 innodatus,
845 4137 1066 4188 etcum
1105 4131 1350 4188 diabolo
1397 4135 1454 4187 et
1491 4130 1719 4201 angelis
1765 4132 1916 4202 ejus,
1951 4137 2129 4206 atque

470 4221 626 4277 Juda
664 4219 948 4277 traditore
997 4220 1231 4276 Domini
1261 4221 1452 4276 nostri
1477 4221 1620 4275 Jesu
1650 4219 1862 4277 Christi
1909 4226 2130 4281 aeterno

471 4308 750 4376 incendio
807 4308 1288 4366 concremandus
1336 4309 1672 4382 deputetur.
1707 4312 1783 4368 At
1837 4327 1980 4368 vero
2025 4312 2130 4386 qui

471 4397 574 4470 pio
599 4396 816 4452 intuitu
845 4397 1196 4454 observator
1222 4397 1284 4453 in
1315 4395 1598 4453 omnibus
1615 4397 1916 4470 exstiterit,
1941 4405 2131 4457 custo-

471 4485 642 4542 diens
667 4484 848 4556 hujus
863 4485 1052 4542 nostri
1077 4485 1362 4559 privilegii
1384 4485 1774 4543 constitutum
1801 4488 1880 4544 ad
1901 4489 2128 4546 cultum

473 4573 575 4631 Dei
601 4573 1038 4647 respicientem,
1069 4573 1503 4632 benedictionis
1533 4575 1786 4644 gratiam
1807 4593 1844 4635 a
1875 4578 2130 4635 Domino

471 4667 591 4720 Deo
621 4667 825 4720 nostro
854 4664 1411 4721 misericordissimo
1441 4664 1844 4738 multipliciter
1887 4682 2127 4724 conser~

472 4756 666 4824 vatur,
716 4757 774 4808 et
801 4753 934 4809 vitas
989 4757 1220 4810 aeternae
1275 4753 1574 4826 particeps
1621 4752 1750 4810 ﬁeri
1804 4761 2124 4813 mereatur.

473 4843 626 4896 Bene
667 4839 872 4898 valete.
910 4842 1207 4914 Scriptum
1248 4859 1356 4916 per
1405 4858 1659 4899 manum
1708 4844 1952 4902 Adriani
1981 4846 2127 4902 scri-

471 4927 646 4984 niarii
675 4931 894 4986 sanctae
921 4931 1204 4987 Romanae
1259 4929 1532 4987 Ecclesiae
1554 4930 1616 4986 in
1645 4947 1852 4990 mense
1900 4935 2124 5006 Martio,

469 5017 795 5075 indictione
856 5017 1142 5075 secunda.
1197 5022 1345 5076 Data
1395 5035 1501 5092 per
1557 5035 1810 5079 manum
1843 5023 2128 5097 Stephani

473 5105 797 5180 primicerii
854 5105 1243 5164 defensorum
1289 5123 1542 5164 summm
1590 5110 1931 5182 apostolicae
1968 5111 2126 5168 sedis

469 5212 630 5254 anno
657 5196 1045 5271 pontiﬁcatus
1092 5195 1302 5254 domni
1343 5196 1548 5254 Marini
1593 5199 1795 5256 sumni
1825 5201 2123 5273 pontiﬁcis

476 5287 723 5343 secundi
750 5291 784 5343 2
809 5287 872 5345 in
903 5286 1311 5344 sacratissima
1331 5287 1471 5344 sede
1499 5285 1660 5345 beati
1679 5289 1828 5346 Petri
1849 5291 2124 5364 apostoli.

1899 87 2138 161 MARINI
2163 103 2369 160 PAPJE
2416 107 2480 160 ιι.

476 241 794 315 cujuslibet
820 236 1094 295 Ecclesia:
1126 235 1497 292 sacerdotem
1522 233 1584 289 in
1613 231 1863 306 praefato
1891 245 2134 299 venera.
2165 233 2212 287 A

3809 105 3920 158 8'72

3029 229 3118 282 Vl.

2347 369 2536 409 MARINI
2575 369 2730 410 PAPE
2767 368 2806 407 ιι
2845 368 3020 408 BULLA
3061 366 3169 406 PRO
3213 365 3470 408 ECCLESIA
3514 366 3830 408 SABINENSL

2889 459 3086 530 (Anno
3116 458 3266 530 944).

2505 564 2884 639 [Sperandio,
2913 564 3142 622 Sabina
3177 579 3374 632 sacra,
3407 580 3466 637 p.
3493 565 3647 636 331.}

2316 677 2585 742 Mxmxus,
2617 673 2965 745 episcopus,
2997 657 3206 728 servus
3239 688 3546 728 servorum
3577 674 3704 739 Dei,
3737 671 3918 728 dilec-

2244 763 2476 820 tissimo
2509 763 2669 818 fratri
2717 765 2916 818 10mm
2963 761 3253 835 episcopo
3284 761 3599 818 Sabinensi
3655 762 3918 833 ejusque

2247 851 2692 909 successoribus
2717 851 2780 906 in
2809 855 3188 925 perpetuum.

2321 942 2606 1000 Convenit
2656 941 2986 1014 apostolico
3017 939 3432 997 moderamine
3485 940 3586 1012 pia
3623 939 3916 1008 religione

2245 1031 2611 1106 pollentibus
2665 1029 2963 1087 benevola
3011 1029 3430 1102 compassione
3465 1043 3836 1096 succurrere,
3862 1035 3920 1084 et

2249 1121 2576 1194 petentium
2621 1119 2936 1176 desideriis
2993 1133 3330 1189 congruum
3375 1117 3674 1192 impertire
3705 1117 3918 1173 suffra—

2249 1211 2435 1282 gium.
2483 1209 2666 1280 Igitur
2717 1224 2854 1282 quae
2904 1206 3247 1280 postulastis
3295 1222 3332 1262 a
3383 1205 3558 1262 nobis
3612 1211 3916 1279 quatenus

2250 1297 2740 1368 concederemus,
2780 1301 2837 1353 et
2864 1296 3322 1353 terminaremus
3351 1295 3458 1350 tibi
3495 1294 3914 1368 episcopatum

2253 1387 2664 1456 Sabinensem,
2700 1386 2802 1460 qui
2845 1389 2933 1442 est
2963 1385 3042 1442 ad
3085 1385 3380 1441 honorem
3429 1387 3652 1440 sancte
3699 1384 3912 1446 Mariae.

2251 1477 2352 1532 Dei
2379 1476 2696 1548 genitricis,
2725 1475 2828 1548 qui
2881 1473 3124 1548 ponitur
3153 1473 3217 1530 in
3268 1476 3579 1530 F‘oronovo
3609 1489 3756 1529 cum
3785 1490 3914 1529 om-

2249 1567 2429 1622 nibus
2481 1565 2625 1636 suis,
2670 1581 2804 1638 quae
2845 1566 3002 1637 juste
3031 1569 3090 1621 et
3127 1564 3395 1636 legaliter
3437 1564 3489 1619 ei
3542 1569 3912 1637 competunt,

2248 1655 2513 1712 inclinati
2537 1654 2816 1720 precibus
2847 1655 3056 1711 vestris
3079 1653 3512 1711 conﬁrmamus
3537 1657 3599 1709 et
3627 1653 3908 1709 corrobo-

2246 1761 2454 1802 ramus
2475 1743 2578 1802 tibi
2608 1745 3165 1817 episcopatum,per
3193 1743 3351 1799 hanc
3372 1746 3642 1798 nostram
3674 1747 3911 1815 aposto—

2246 1834 2376 1892 licae
2430 1834 2845 1908 praeceptionis
2915 1835 3231 1907 paginam,
3283 1832 3454 1904 cujus
3495 1835 3586 1888 est
3645 1847 3684 1888 a
3735 1832 3913 1888 latere

2247 1923 2475 1980 ﬂumen
2504 1923 2722 1996 Tybur,
2757 1938 3001 1978 currens
3041 1937 3234 1995 usque
3265 1921 3342 1977 ad
3373 1919 3744 1977 territorium
3775 1921 3914 1976 Utri-

2248 2012 2535 2068 culanum
2565 2013 2746 2080 rivus,
2796 2012 2902 2085 qui
2949 2016 3199 2068 vocatur
3239 2011 3516 2079 Votivus;
3566 2009 3786 2066 exinde
3829 2026 3916 2065 as-

2249 2100 2446 2156 cendit
2494 2101 2573 2156 ad
2620 2099 2808 2155 ﬁnem
2857 2099 3248 2156 Narniensem
3291 2098 3446 2166 loco,
3499 2099 3606 2170 qui
3668 2103 3914 2154 vocatur

2247 2192 2441 2261 Prata,
2483 2196 2540 2245 et
2577 2189 2656 2245 ab
2701 2190 2834 2262 ipso
2877 2187 3058 2244 afﬁne
3095 2185 3371 2261 provenit
3415 2187 3478 2242 in
3525 2186 3818 2256 conﬁnio,
3861 2191 3916 2242 et

2245 2277 2479 2333 devenit
2499 2277 2560 2333 in
2593 2279 2842 2351 Scapua.
2871 2291 3233 2349 procurrens
3252 2275 3316 2330 in
3337 2273 3602 2330 conﬁnio
3631 2274 3908 2342 Reatino;

2245 2368 2302 2422 et
2330 2365 2408 2422 ab
2435 2365 2568 2438 ipso
2591 2365 2770 2422 aﬁine
2795 2365 2958 2422 venit
2983 2365 3045 2421 in
3071 2369 3341 2421 montem
3369 2363 3474 2437 qui
3494 2367 3752 2420 vocatur
3771 2366 3914 2419 Tan-

2245 2455 2370 2523 cia;
2393 2459 2451 2511 et
2474 2455 2552 2511 ab
2575 2454 2693 2527 ipsi
2724 2453 3010 2512 aﬁinibus
3037 2453 3200 2510 venit
3227 2454 3290 2509 in
3333 2469 3576 2508 morum
3629 2451 3910 2509 Sabellia-

2243 2559 2413 2614 num,
2443 2544 2814 2617 veniensque
2839 2544 2902 2600 in
2944 2543 3259 2600 cacumine
3302 2542 3526 2598 montis
3569 2541 3754 2612 Nigri,
3784 2558 3914 2614 per-

2243 2648 2511 2706 gensque
2539 2634 2601 2689 in
2629 2632 2892 2690 casalem
2923 2632 3176 2703 longum
3220 2631 3284 2688 in
3325 2631 3525 2704 ipsum
3569 2629 3908 2694 Staﬁlum;

2243 2725 2302 2778 et
2330 2721 2408 2778 ab
2437 2721 2570 2794 ipso
2603 2721 2782 2778 afﬁne
2811 2721 3007 2795 pergit
3033 2721 3113 2778 ad
3145 2723 3371 2776 Leones
3418 2719 3908 2784 montanianum,

2243 2808 2462 2866 deinde
2491 2811 2685 2883 pergit
2711 2811 2790 2867 ad
2820 2810 3019 2866 rivum
3070 2809 3172 2882 qui
3206 2808 3375 2865 vadit
3416 2808 3591 2879 juxta
3636 2812 3910 2863 sanctam

2243 2897 2561 2956 Victoriam
2613 2899 3042 2972 Trybilensem.
3080 2897 3305 2954 Deinde
3353 2896 3624 2953 ascendit
3652 2898 3718 2952 in
3745 2912 3912 2952 mon-

2241 2989 2364 3043 tem
2385 2988 2489 3061 qui
2509 2993 2759 3046 vocatur
2788 2987 3000 3058 Carbo,
3028 2990 3086 3044 et
3105 3003 3212 3060 per
3250 2990 3484 3060 Aquam
3513 2988 3784 3043 Mensam
3811 2983 3912 3040 de-

2241 3077 2401 3134 venit
2427 3078 2490 3134 in
2519 3079 2746 3135 ﬂumen
2771 3076 3016 3144 Torritii,
3046 3081 3104 3133 et
3143 3092 3252 3150 per
3292 3076 3495 3148 ipsam
3543 3073 3777 3132 faldata
3808 3073 3910 3128 de-

2244 3165 2426 3222 currit
2477 3166 2539 3222 in
2593 3165 2834 3230 Carzoli,
2862 3169 2920 3221 et
2965 3163 3126 3220 venit
3161 3164 3225 3220 in
3283 3165 3580 3236 Campum
3633 3163 3906 3219 Sacrum.

2245 3254 2426 3325 Igitur
2453 3255 2833 3326 inchoantur,
2865 3253 3018 3311 sicut
3037 3251 3268 3326 praefati
3297 3269 3530 3320 sumus,
3553 3252 3671 3324 ipsi
3693 3251 3908 3308 aﬁines

2244 3358 2282 3399 a
2304 3343 2552 3401 ﬂumine
2595 3344 2839 3417 Tyberis
2883 3358 3139 3416 pergens
3187 3343 3364 3415 juxta
3421 3345 3662 3416 portam
3717 3339 3910 3397 sancti

2241 3431 2550 3500 Valentini,
2579 3436 2634 3488 et
2657 3432 2817 3488 venit
2845 3431 2926 3488 ad
2975 3435 3212 3504 portam
3265 3430 3693 3498 Pincianicam,
3721 3433 3780 3485 et
3825 3428 3908 3486 ab

2241 3519 2374 3592 ipsa
2415 3521 2607 3593 pergit
2644 3521 2724 3577 ad
2751 3525 2989 3594 portam
3032 3519 3343 3589 Salariam,
3371 3519 3474 3575 ubi
3521 3523 3612 3574 est
3651 3517 3907 3574 ecclesia

2243 3609 2435 3666 sancti
2487 3609 2697 3667 Millitis
2759 3613 3032 3678 Romam,
3065 3609 3173 3682 qui
3224 3613 3315 3666 est
3359 3609 3511 3680 juris
3571 3606 3908 3680 cupradicti

2239 3699 2621 3772 episcopatus
2653 3699 3020 3766 Sabinensis,
3043 3703 3100 3756 et
3127 3697 3341 3754 exinde
3367 3697 3527 3754 venit
3553 3697 3636 3753 ad
3669 3697 3908 3754 Silicem

2237 3790 2343 3862 qui
2363 3794 2452 3846 est
2495 3790 2668 3861 juxta
2696 3795 2972 3846 sanctum
3001 3789 3407 3854 Laurentium,
3440 3792 3498 3844 et
3525 3787 3606 3844 ab
3631 3788 3766 3860 ipso
3816 3785 3908 3842 af-

2235 3877 2358 3934 ﬁne
2387 3879 2548 3935 venit
2589 3878 2669 3936 ad
2703 3881 2940 3952 Septem
2991 3881 3246 3946 Fratres,
3293 3883 3350 3934 et
3373 3893 3480 3950 per
3533 3877 3704 3950 ipsos
3757 3876 3910 3932 ﬁnes

2237 3970 2398 4025 venit
2421 3970 2484 4026 in
2540 3969 2731 4040 Silice,
2761 3969 2866 4042 qui
2911 3973 2997 4026 est
3033 3969 3209 4041 juxta
3239 3973 3513 4025 sanctam
3563 3967 3910 4024 Anatoliam

2237 4075 2375 4131 quae
2400 4065 2489 4116 est
2517 4059 2712 4132 posita
2737 4059 2940 4115 subter
2969 4061 3238 4116 montem
3269 4059 3376 4132 qui
3405 4061 3658 4114 vocatur
3699 4057 3910 4114 Rasio-

2237 4163 2340 4218 no,
2371 4149 2454 4205 ibi
2477 4153 2568 4206 est
2597 4148 2846 4206 ecelesia
2874 4147 3046 4216 Petri,
3071 4163 3208 4221 quae
3239 4153 3330 4204 est
3345 4147 3497 4221 juris
3528 4147 3720 4221 ipsius
3750 4147 3912 4219 epis-

2239 4236 2394 4310 copi,
2427 4241 2482 4294 et
2511 4237 2726 4294 exinde
2754 4236 2915 4294 venit
2935 4236 2998 4293 in
3024 4237 3194 4294 Silice
3219 4236 3326 4310 qui
3355 4235 3517 4294 vadit
3537 4237 3714 4306 juxta
3738 4250 3912 4292 sanc-

2239 4329 2368 4382 tum
2393 4327 2786 4396 Vincentium,
2819 4342 3201 4400 pergensque
3231 4326 3294 4382 in
3343 4329 3618 4382 sanctum
3653 4326 3906 4398 Stepha-

2237 4431 2388 4472 num
2416 4416 2478 4472 in
2506 4415 2627 4473 ﬁne
2657 4415 2788 4489 rivi,
2821 4421 2880 4473 et
2927 4415 3144 4472 deinde
3175 4431 3284 4489 per
3332 4415 3495 4488 ipsos
3547 4413 3764 4471 afﬁnes
3807 4430 3906 4471 as-

2239 4505 2438 4561 cendit
2474 4504 2534 4560 in
2594 4505 2906 4562 cacumine
2964 4504 3186 4560 montis
3233 4501 3519 4571 Januarii,
3580 4505 3640 4559 et
3686 4501 3906 4558 exinde

2235 4594 2399 4649 venit
2420 4593 2484 4648 in
2525 4597 2794 4650 montem
2819 4592 2925 4666 qui
2947 4596 3195 4649 vocatur
3219 4590 3526 4663 Possode;
3549 4595 3608 4648 et
3636 4605 3904 4664 pergens

2237 4697 2342 4755 per
2370 4687 2527 4738 terra
2571 4681 2892 4752 montium,
2941 4680 3160 4738 deinde
3211 4680 3460 4738 veniens
3489 4680 3554 4736 in
3579 4681 3908 4754 Campum

2239 4773 2507 4840 Sacrum,
2540 4787 2680 4828 cum
2734 4770 3024 4828 universis
3065 4769 3467 4846 popularibus
3499 4773 3683 4843 atque
3713 4769 3906 4827 eccle-

2235 4861 2360 4931 siis,
2387 4864 2443 4917 et
2469 4860 2677 4916 omnia
2703 4875 2842 4933 quae
2864 4859 2980 4918 sub
2994 4859 3268 4932 ejusdem
3288 4859 3574 4934 episcopo
3594 4859 3696 4932 adj
3705 4874 3902 4932 acere,

2235 4953 2292 5006 et
2318 4949 2612 5022 pertinere
2637 4949 2890 5020 videtur,
2923 4953 3048 5006 tam
3071 4949 3136 5006 in
3161 4949 3341 5019 vasis,
3378 4941 3622 5023 tamque
3663 4949 3904 5020 castris,

2233 5037 2406 5108 villis,
2438 5043 2495 5095 et
2550 5037 2850 5096 casalibus
2900 5055 3010 5095 seu
3055 5038 3209 5096 inter
3249 5037 3528 5096 eamdem
3581 5037 3906 5096 ecclesiam

2235 5142 2544 5185 sacrarum
2567 5144 2716 5186 vasa
2743 5145 2928 5186 aurea
2959 5128 3054 5185 vel
3091 5132 3396 5200 argentea,
3427 5127 3518 5184 vel
3546 5127 3908 5201 qualiacun-

2233 5232 2352 5290 que
2378 5216 2600 5289 ﬁctilia,
2633 5221 2736 5276 aut
2756 5217 3085 5287 codicibus,
3121 5217 3219 5275 vel
3237 5217 3612 5288 indumenta,
3645 5216 3744 5274 vel
3771 5216 3908 5289 qui-

2232 5305 2495 5365 buslibet
2521 5307 2700 5364 rebus
2727 5307 3184 5378 mobilibus,vel
3211 5305 3628 5365 immobilibus
3649 5322 3791 5380 quae
3823 5305 3908 5362 ad

2234 5397 2515 5454 eumdem
2547 5397 2897 5471 episcopum
2924 5397 3218 5470 pertinere
3241 5396 3634 5468 dignoscitur,
3653 5396 3732 5452 sit
3753 5397 3907 5452 Inte-

2234 5483 2430 5554 griter,
2453 5485 2761 5557 quomodo
2782 5485 3326 5558 praedecessoribus
3349 5485 3463 5542 tuis
3495 5483 3822 5558 episcopis,
3843 5487 3906 5540 et

2235 5571 2496 5645 pristinis
2509 5573 2890 5646 pontiﬁcibus
2913 5575 3133 5633 nostris
3149 5574 3482 5633 exauritum
3497 5571 3905 5628 fuitconcedi-
