4166 6162
267 120 375 174 873

1560 110 1921 172 EPISTOLJE
1959 118 2046 178 Ετ
2081 120 2485 184 PRIVILEGIA

3643 139 3753 194 874

267 257 409 298 mus
444 237 575 304 tibi,
614 234 1351 329 tuisquesuccessoribus
1371 238 1429 294 in
1450 238 1808 311 perpetuum
1828 239 1970 298 deti-
2001 246 2050 302 Α
2081 243 2145 300 in
2175 247 2496 323 principali
2521 251 2664 310 aula
2692 256 2948 313 nutritus
2976 259 3054 315 ad
3074 259 3520 329 famulandum,
3552 263 3619 316 ut
3647 275 3754 316 au-

264 329 570 392 nenduui,
603 325 1028 388 reddendum,
1054 325 1465 383 ordinandum
1494 334 1618 384 tam
1675 334 1969 387 monaste-

263 421 376 491 ria,
400 433 598 492 quam
628 415 822 472 etiam
855 419 1110 471 caeteras
1140 414 1449 480 ecclesias,
1473 430 1608 490 quae
1635 414 1695 470 in
1720 414 1863 489 ipsis
1886 418 1970 476 af-

264 510 439 576 ﬁnes,
463 523 609 564 cum
644 504 950 562 omnibus
982 519 1122 577 quae
1152 507 1430 576 superius
1459 507 1737 576 leguntur
1756 512 1814 564 et
1831 524 1969 565 con.

267 598 618 656 cluduntur.
651 596 937 667 Itemque
973 591 1304 649 statuimus
1329 596 1713 670 presbyteris,
1735 601 1793 655 et
1837 597 1966 655 dia-

267 688 544 755 conibus,
573 690 634 743 et
665 684 969 741 omnibus
999 680 1240 738 clericis
1269 683 1331 741 in
1360 687 1688 743 minoribus
1743 687 1967 745 ordini-

265 778 383 835 bus
414 774 912 851 persistentibus,
947 788 1094 829 cum
1124 770 1492 832 diaconissis
1518 780 1574 834 et
1595 777 1824 836 ancillis
1868 776 1970 835 Dei

269 869 387 924 sint
411 867 536 931 tibi,
570 867 820 938 tuisque
852 859 1327 920 successoribus
1365 866 1635 940 subjecti,
1687 873 1754 924 ut
1781 867 1969 926 sancti

267 961 468 1015 Patres
493 959 858 1024 statuerunt,
908 965 1163 1010 necnon
1214 956 1282 1008 ut
1328 955 1442 1028 ipsi
1483 957 1804 1032 pel-sistant
1854 957 1970 1016 sub

265 1047 398 1118 lege
425 1051 482 1103 et
500 1060 760 1102 censura
786 1047 1010 1107 vestra,
1045 1043 1522 1119 vestrorumque
1552 1063 1972 1106 successorum

267 1137 328 1194 in
363 1139 746 1210 perpetuum,
779 1137 835 1188 et
857 1129 1129 1189 absoluti
1167 1128 1294 1188 sint
1320 1149 1357 1190 a
1393 1137 1620 1192 caeteris
1664 1137 1971 1210 potestati-

270 1224 409 1288 bus,
445 1225 525 1280 ita
551 1227 615 1279 ut
638 1221 845 1278 nullus
873 1220 1115 1294 absque
1143 1232 1259 1274 vos
1290 1223 1687 1295 constringat,
1718 1232 1822 1284 aut
1873 1227 1974 1283 de-

273 1315 460 1372 ducat
483 1314 544 1370 in
593 1311 891 1386 palatium
940 1326 1054 1382 pro
1110 1307 1507 1380 quibuslibet
1555 1316 1970 1388 querimoniis,

273 1421 475 1479 neque
507 1403 702 1460 forum
734 1400 812 1457 ab
843 1400 931 1456 eis
961 1397 1191 1472 aliquis
1224 1402 1456 1471 exigat,
1512 1418 1650 1475 quia
1706 1411 1845 1462 sunt
1895 1405 1972 1462 de

275 1499 440 1552 sorte
471 1493 589 1561 Dei,
622 1491 755 1548 ideo
776 1504 903 1546 non
925 1489 1164 1563 oportet
1189 1503 1300 1544 eos
1330 1488 1678 1549 ministrare
1699 1495 1761 1550 in
1777 1495 1972 1551 omni-

2079 331 2214 422 ditu
2244 336 2592 413 didicimus,
2623 343 2944 416 perstitisti,
2976 349 3277 406 saecularia
3319 350 3518 421 magis
3560 364 3750 422 quam

2075 420 2224 511 jura
2245 427 2615 503 episcopalia
2641 431 2967 498 meditaris,
2999 438 3312 511 magisque
3363 420 3749 495 conventicu-

2081 507 2218 568 lum
2250 515 2543 576 laicorum
2571 536 2758 593 quam
2789 507 3134 581 clericorum
3177 507 3364 584 coetus
3414 525 3747 584 desideras.

2085 599 2441 678 Immemor,
2462 609 2586 666 imo
2607 611 2840 666 nescius
2860 611 3015 668 illius
3064 613 3564 672 Chalcedonensis
3611 627 3749 668 con-

2087 684 2212 746 cilii
2239 696 2500 769 capitulo
2529 704 2762 764 octavo,
2794 701 2958 772 quod
2983 701 3302 775 episcopus
3338 703 3506 760 nullo
3558 699 3746 758 modo

2087 776 2171 832 ad
2202 785 2544 842 comitatum
2573 787 2656 844 ire
2681 788 2915 859 debeat,
2943 794 3000 846 ct
3024 795 3236 846 caetera
3261 789 3323 845 in
3345 791 3558 846 eodem
3585 787 3746 859 capi-

2086 866 2216 927 tulo
2240 889 2422 944 nono,
2450 880 2514 933 ut
2540 876 2704 933 nullo
2731 878 2916 934 modo
2945 879 3299 952 improbitas
3319 878 3746 951 episcoporum

2083 955 2311 1018 nitatur
2337 964 2414 1020 ad
2445 965 2791 1022 comitatum
2822 981 3088 1039 pergere,
3113 971 3172 1024 et
3209 965 3460 1038 reliqua.
3494 965 3634 1019 Haec
3690 967 3749 1020 et

2083 1046 2204 1106 alia
2231 1052 2419 1110 multa
2447 1053 2642 1125 magis
2671 1059 2877 1112 contra
2907 1055 3189 1129 teipsum,
3209 1070 3397 1128 quam
3415 1057 3626 1110 contra
3651 1069 3749 1110 ca-

2081 1151 2273 1197 nones
2294 1157 2533 1199 exerces
2562 1161 2574 1211 ;
2599 1143 2846 1216 insuper
2873 1144 3163 1216 ignorans
3194 1143 3396 1199 studia
3414 1141 3749 1200 litterarum

2081 1243 2206 1286 non
2228 1246 2366 1286 cum
2384 1232 2774 1306 disciplinatis
2795 1249 2991 1307 neque
3009 1232 3412 1308 peritissimis,
3435 1231 3540 1304 qui
3556 1237 3610 1289 te
3623 1233 3752 1306 qui-

2078 1325 2287 1377 verant
2307 1320 2618 1390 instruere,
2651 1322 2757 1378 sed
2787 1339 2927 1378 cum
2947 1322 3269 1379 vilissimis
3291 1325 3472 1394 atque
3514 1321 3754 1381 indisci-

2079 1409 2323 1482 plinatis
2352 1411 2519 1467 laicis
2551 1416 2608 1468 et
2635 1411 2864 1468 clericis
2915 1412 3220 1485 imperitis
3279 1412 3546 1484 quotidie
3595 1431 3760 1489 vaga

2083 1503 2262 1570 atque
2293 1500 2602 1558 saecularia
2617 1500 2944 1557 meditaris.
2970 1501 3140 1558 Unde
3169 1515 3298 1556 nec
3314 1503 3501 1563 Deum
3519 1523 3629 1566 nec
3648 1508 3762 1567 ho-

272 1585 396 1642 bus
428 1581 812 1640 saecularibus
859 1575 1365 1653 quomodolibet,
1423 1581 1531 1637 sed
1574 1581 1635 1638 in
1685 1588 1974 1656 potestate
2003 1594 2045 1652 B
2083 1587 2311 1644 minem
2327 1590 3117 1662 metuens,plurimacontra
3133 1598 3768 1675 sacramScripturam

273 1681 499 1745 vestra,
531 1678 994 1745 vestrorumque
1013 1683 1450 1727 successorum
1489 1679 1886 1746 permaneant
1913 1675 1975 1732 in

273 1770 641 1841 perpetuum
662 1779 800 1821 cum
830 1761 1088 1819 decimis
1117 1762 1179 1816 et
1205 1759 1516 1832 primitiis,
1567 1763 1662 1819 vel
1713 1780 1783 1821 ea
1836 1781 1976 1838 qua

275 1873 394 1931 pro
437 1854 685 1912 mortuis
727 1855 1050 1910 testantur.
1109 1852 1262 1907 Sunt
1297 1851 1514 1908 omnia
1561 1852 1686 1910 haec
1709 1854 1824 1910 sub
1839 1855 1976 1926 jure

276 1950 504 2014 vestro,
535 1948 1004 2014 vestrorumque
1037 1953 1465 1995 successorum
1495 1941 1557 1997 in
1587 1947 1972 2016 perpetuum,

279 2036 365 2092 ita
393 2039 460 2091 ut
488 2033 689 2090 nullus
719 2031 864 2102 dux,
892 2027 1108 2086 nullus
1139 2043 1362 2097 comes,
1388 2027 1760 2100 vice-comes,
1785 2032 1977 2089 nulla-

278 2141 404 2200 que
436 2124 574 2188 alia,
607 2123 708 2180 illa
737 2136 993 2190 magna,
1026 2133 1338 2192 parvaque
1369 2134 1631 2191 persona
1651 2123 1975 2194 cujuscun-

280 2231 406 2288 que
439 2212 748 2284 dignitatis
781 2209 872 2266 vel
905 2209 1332 2280 cujuscunque
1358 2207 1611 2278 ordinis,
1663 2210 1822 2267 hanc
1869 2227 1976 2269 no-

281 2309 476 2360 stram
508 2300 906 2374 apostolicam
933 2297 1314 2367 dignitatem,
1344 2297 1780 2369 auctoritatem,
1800 2304 1858 2356 et
1877 2315 1975 2358 ve-

283 2392 392 2448 stri
424 2391 813 2464 episcopatus
845 2383 1398 2449 conﬁrmationem,
1421 2385 1481 2440 in
1505 2385 1709 2460 aliquo
1728 2386 1969 2458 laedere,

281 2481 588 2545 minuere,
608 2477 698 2534 vel
717 2479 1042 2533 retractare
1060 2476 1393 2546 presumat
1419 2491 1432 2542 ;
1455 2475 1621 2547 quod
1652 2475 1700 2531 si
1730 2476 1868 2549 quis
1892 2477 1971 2534 fe-

282 2570 453 2636 cerit,
478 2573 692 2625 nostro
722 2565 1114 2624 anathemate
1146 2563 1408 2630 feriatur,
1441 2565 1615 2634 (245')
1647 2570 1705 2622 et
1729 2568 1790 2622 in
1831 2583 1969 2643 per-

2084 1692 2263 1769 agere
2277 1683 2594 1751 pertentas.
2618 1679 2752 1749 Sed,
2766 1679 2928 1752 quod
2953 1680 3218 1769 mirum,
3239 1697 3384 1744 cum
3401 1690 3578 1750 etiam
3605 1695 3774 1769 quod

2083 1765 2430 1825 benefactor
2455 1773 2594 1824 tuus
2625 1769 2895 1839 instituit,
2926 1768 3030 1841 qui
3079 1774 3136 1825 te
3189 1769 3282 1828 ab
3329 1779 3601 1850 Agarena
3625 1765 3778 1843 emit

2085 1860 2279 1926 gente,
2308 1859 2372 1913 tu
2401 1856 2778 1914 contumacia
2808 1862 2986 1930 atque
3016 1857 3340 1931 imperitia
3373 1868 3609 1943 ductus,
3660 1889 3774 1931 nec

2085 1945 2274 2001 Deum
2292 1961 2404 2002 nec
2427 1950 2664 2002 sanctos
2685 1961 2947 2002 canones
2967 1950 3279 2019 metuens,
3309 1969 3496 2013 ausus
3521 1975 3584 2014 es
3603 1976 3772 2017 rum-

2083 2049 2244 2107 pere,
2267 2050 2380 2091 nec
2409 2036 2631 2091 veritus
2651 2051 2714 2090 es
2745 2035 3163 2104 transgredere
3203 2041 3376 2109 quod
3430 2059 3770 2115 praecessor

2082 2126 2222 2178 tuus
2253 2122 2608 2179 venerabilis
2629 2123 2892 2186 antistes,
2926 2123 3030 2196 qui
3061 2126 3356 2182 canonice
3385 2134 3474 2186 est
3519 2134 3766 2188 ordina-

2080 2213 2198 2280 tus,
2229 2210 2481 2267 instituit
2510 2215 2568 2268 et
2592 2210 2704 2266 sub
2736 2210 3136 2267 anathematis
3165 2211 3410 2270 vinculo
3456 2217 3757 2287 religavit,

2081 2303 2138 2356 et
2165 2298 2458 2355 canonica
2490 2298 3253 2369 conﬁrmavitauctoritate,
3280 2300 3343 2356 in
3365 2305 3610 2359 tantum
3639 2303 3763 2357 hoc

2079 2401 2192 2460 pro
2222 2385 2409 2442 nihilo
2439 2385 2682 2449 duxisti,
2737 2391 2804 2442 ut
2865 2387 3016 2442 sicut
3071 2386 3375 2460 Scriptura
3429 2387 3764 2461 cujusdam

2079 2475 2341 2531 doctoris
2362 2478 2631 2543 testatur,
2651 2474 2925 2547 imperito
2946 2479 3003 2530 et
3022 2474 3084 2530 in
3103 2475 3485 2548 disciplinato
3511 2482 3620 2534 tuo
3639 2471 3769 2526 dia-

2079 2579 2255 2632 cono,
2279 2563 2599 2620 ecclesiam
2619 2563 2970 2620 monasterii
3002 2565 3191 2621 sancti
3210 2564 3419 2636 Angeli
3440 2566 3536 2624 de
3555 2563 3770 2625 Monte,

281 2665 477 2734 petuo
505 2656 919 2715 damnationis
948 2654 1138 2710 chaos
1171 2647 1515 2726 absorptus,
1554 2660 1612 2712 et
1654 2671 1840 2726 regno
1867 2659 1970 2718 Dei
2073 2653 2204 2725 jam
2231 2652 2434 2708 multis
2461 2653 2637 2709 annis
2665 2653 2777 2709 sub
2828 2653 3085 2724 regulari
3131 2654 3366 2711 tramite
3421 2649 3778 2714 monacho-

282 2749 549 2815 alienus,
577 2752 634 2803 et
663 2762 803 2802 cum
835 2743 1038 2817 impiis
1068 2746 1292 2798 aeterno
1337 2742 1635 2812 incendio,
1691 2745 1971 2820 veljsup-
2075 2758 2213 2798 rum
2235 2740 2684 2809 conﬁrmatum,
2711 2740 2972 2814 tradens,
3006 2746 3072 2798 ut
3091 2741 3195 2810 ibi,
3226 2742 3380 2798 sicut
3406 2741 3774 2814 quondam,

284 2837 476 2911 plicio
505 2833 978 2892 condemnando
1004 2835 1347 2904 sortemque
1378 2832 1578 2904 capiat
1623 2849 1764 2890 cum
1813 2836 1969 2896 Juda
2079 2829 2425 2887 saltationes
2455 2835 2514 2887 et
2540 2829 2885 2887 vacationes
2907 2831 3073 2888 ﬁant.
3107 2833 3271 2888 Certe
3321 2830 3370 2885 si
3415 2833 3552 2890 Dei
3609 2835 3779 2894 timo-

284 2924 577 2982 traditore
609 2922 848 2980 Domini
869 2919 1058 2977 nostri
1086 2921 1222 2976 Jesu
1251 2918 1463 2976 Christi
1482 2936 1519 2976 a
1543 2920 1970 2980 misericordis-
1995 2948 2038 3002 ο
2074 2935 2203 2976 rem
2232 2919 2293 2975 in
2323 2918 2913 2988 animocontineres,
2945 2935 3069 2976 non
3099 2920 3214 2976 hoc
3257 2924 3617 2992 perpetrari
3667 2928 3770 2987 sed

285 3015 448 3070 simo
479 3013 736 3070 Domino
769 3015 891 3068 Deo
921 3013 1130 3067 nostro
1161 3008 1449 3082 consequi
1479 3014 1798 3068 mereatur.
2076 3007 2484 3065 contradicere
2513 3009 2832 3077 debueras,
2865 3008 3117 3079 etiamsi,
3161 3009 3328 3081 quod
3373 3023 3520 3065 non
3580 3019 3770 3078 credi-

363 3103 668 3176 Scriptum
694 3117 804 3174 per
833 3115 1089 3156 manum
1117 3097 1327 3155 Leonis
1357 3100 1574 3156 notarii
1620 3101 1962 3174 regionarii,
2073 3112 2233 3165 mus,
2264 3095 2424 3152 ﬁlius
2454 3101 2656 3153 noster
2685 3101 2821 3152 tuus
2851 3097 3158 3170 princeps,
3191 3095 3296 3168 qui
3327 3099 3392 3150 ut
3422 3110 3640 3166 agnus
3668 3105 3760 3164 in-

284 3197 346 3250 et
377 3191 675 3250 scriniarii
696 3194 923 3247 sanctae
966 3188 1257 3244 Romanae
1311 3187 1582 3245 Ecclesiae
1641 3188 1702 3246 in
1754 3207 1966 3251 mense
2074 3200 2300 3242 nocens
2329 3185 2392 3240 in
2422 3186 2644 3242 talibus
2673 3190 3035 3258 perseverat,
3064 3186 3259 3243 facere
3275 3183 3590 3258 voluisset,
3623 3198 3754 3267 etsi,

283 3280 442 3340 Maio
473 3296 582 3353 per
628 3277 1025 3335 indictionem
1047 3275 1397 3332 secundam.
1424 3279 1576 3334 Bene
1596 3277 1806 3336 valete.
1859 3283 1968 3339 Da-
2075 3275 2242 3347 quod
2264 3273 2443 3346 abSit,
2470 3275 2567 3332 ille
2596 3276 2656 3331 in
2686 3274 2906 3332 talibus
2937 3275 3254 3345 consentit,
3287 3273 3403 3330 illis
3434 3289 3583 3333 eum
3630 3298 3753 3343 cre-

284 3373 422 3426 tum
447 3384 557 3442 per
572 3383 832 3424 manum
850 3365 1136 3437 Gregorii,
1167 3363 1266 3420 Dei
1286 3365 1665 3437 providentia
1693 3369 1968 3426 secundi-
2075 3363 2277 3420 dimus
2298 3364 2852 3422 machinationibus
2873 3365 3215 3424 seductum.
3236 3363 3406 3420 Unde
3420 3371 3748 3438 praesciens

285 3457 431 3515 cerii
457 3461 679 3514 sancte:
697 3455 860 3514 sedis
886 3452 1252 3528 apostolicae,
1285 3469 1465 3518 anno,
1511 3457 1631 3512 Deo
1681 3458 1964 3531 propitio,
2075 3452 2282 3511 omnia
2313 3456 2494 3526 Deus,
2521 3459 2578 3512 et
2604 3457 2821 3512 cuncta
2847 3471 2957 3513 suo
3001 3453 3324 3514 libramine
3373 3453 3745 3536 discernens,

284 3547 679 3622 pontiﬁcatus
707 3544 920 3602 domui
947 3541 1172 3612 Marini,
1205 3543 1428 3600 summi
1456 3544 1778 3617 pontiﬁcis,
1836 3547 1966 3604 uni-
2067 3541 2235 3614 justo
2263 3543 2398 3614 ejus
2423 3543 2652 3615 judicio
2681 3559 2820 3600 eum
2852 3549 3062 3603 contra
3091 3551 3148 3604 te
3178 3544 3434 3615 benigne
3471 3546 3742 3620 irritavit,

285 3635 539 3694 versalis
569 3651 770 3710 papae,
789 3633 854 3690 in
883 3631 1287 3690 sacratissima
1315 3632 1456 3690 sede
1481 3635 1541 3691 Β.
1587 3634 1733 3691 Petri
1785 3651 1965 3710 epos»
2073 3637 2141 3688 ut
2167 3635 2223 3688 te
2252 3632 2314 3688 in
2345 3633 2623 3690 exsilium
2653 3633 2927 3702 mitteret,
2952 3636 3058 3708 qui
3078 3635 3249 3711 prius
3283 3651 3520 3709 corpus,
3577 3655 3742 3700 nunc

285 3726 412 3791 toﬁ,
442 3741 674 3793 mense,
706 3728 819 3790 etc.
2074 3722 2348 3779 animam
2377 3723 2605 3780 moliris
2631 3723 2921 3780 occidere.
2954 3726 3140 3794 Igitur
3164 3726 3224 3779 in
3253 3725 3345 3781 his
3375 3728 3432 3781 et
3454 3727 3514 3782 in
3537 3728 3666 3786 aliis
3684 3737 3742 3790 et

1070 3808 1183 3864 VII.
2070 3810 2418 3884 imperitum
2445 3811 2790 3881 ostendens,
2811 3812 2955 3884 quia
2977 3813 3127 3869 nihil
3155 3814 3578 3885 interrogando
3630 3821 3739 3877 sci-

283 3919 554 3962 EPISTOLA
585 3917 786 3960 usam
828 3916 986 3958 ΡΑΡλε
1029 3916 1070 3956 ιι
1111 3915 1184 3954 an
1229 3913 1391 3955 sicuu
1433 3914 1727 3956 CAPUANUM
1777 3918 1963 3967 arise.
2069 3917 2135 3956 re
2159 3899 2461 3956 debueras
2483 3901 2651 3974 quod
2676 3900 2996 3957 concilium
3017 3902 3503 3962 Chalcedonense
3527 3907 3588 3963 in
3642 3926 3738 3966 ca-

887 3990 1084 4062 (Anno
1111 3990 1366 4055 942-46.)

502 4080 703 4153 [Tosti,
735 4079 939 4137 Storia
968 4078 1035 4135 di
1059 4077 1489 4148 Montecasino,
1522 4077 1566 4150 Ι,
1594 4078 1743 4150 215.]

357 4173 616 4227 ΜΑιιιΝυε
647 4168 993 4242 episcopus,
1029 4181 1239 4222 servus
1280 4180 1590 4222 servorum
1640 4165 1761 4236 Dei,
1804 4168 1955 4238 SICO,

284 4261 595 4334 Capuanae
627 4257 904 4316 Ecclesiae
935 4256 1245 4331 episcopo.

359 4348 649 4415 Quamvis
701 4347 781 4404 ab
831 4346 950 4403 hac
993 4341 1397 4401 sacratissima
1458 4343 1597 4400 sede
1637 4343 1956 4403 beatorum

285 4438 706 4512 apostolorum
725 4435 876 4493 Petri
890 4438 948 4490 et
964 4431 1146 4504 Pauli,
1166 4431 1575 4506 apostolorum
1588 4433 1954 4508 principum,

283 4534 498 4586 contra
527 4529 749 4584 statuta
769 4539 1097 4591 canonum,
1118 4525 1298 4595 atque
1315 4521 1699 4594 antiquorum
1717 4526 1958 4582 Patrum

284 4617 530 4674 decreta
561 4617 624 4673 in
655 4612 988 4688 episcopali
1018 4611 1228 4670 ordine
1261 4616 1643 4668 consecratus
1669 4612 1774 4683 sis,
1833 4629 1958 4670 non

284 4713 340 4764 te
362 4712 575 4764 contra
604 4709 770 4763 tanto
801 4703 1029 4774 erigere
1056 4700 1374 4770 debueras,
1425 4717 1536 4758 nec
1583 4700 1690 4758 tibi
1746 4717 1958 4759 conve-

285 4795 418 4853 nire
442 4795 717 4863 licuerat,
750 4796 977 4865 quanta
1005 4795 1062 4846 et
1089 4789 1294 4863 qualia
1323 4805 1360 4847 a
1387 4789 1823 4863 probatissimis
1880 4791 1962 4854 vi.

281 4885 366 4942 ris
391 4887 583 4941 Deum
613 4882 966 4940 timentibus
991 4880 1066 4936 de
1099 4883 1153 4936 te
1178 4878 1534 4937 referuntur.
1592 4884 1763 4953 Nam,
1810 4879 1960 4938 sicut

283 4975 642 5034 leestinus
669 4988 834 5046 papa
865 4971 926 5027 in
946 4969 1072 5026 suis
1113 4968 1366 5025 decretis
1418 4968 1753 5040 conﬁrmat,
1811 4968 1960 5026 nulli

283 5063 586 5123 sacerdoti
615 5062 754 5118 licet
775 5075 1040 5117 canones
1067 5057 1366 5128 ignorare,
1395 5063 1625 5130 quanto
1655 5058 1849 5128 magis
1903 5062 1958 5115 te

280 5171 389 5212 eos
417 5156 801 5227 perscrutare
833 5150 1216 5214 convenerat,
1250 5147 1355 5218 qui
1378 5145 1438 5201 in
1485 5146 1810 5220 episcopali
1839 5147 1960 5204 cul-

282 5245 447 5301 mine
479 5241 866 5307 constitutus,
902 5244 955 5295 te
987 5237 1187 5311 ipsum
1222 5234 1404 5308 prius,
1428 5234 1644 5292 deinde
1670 5235 1819 5293 alios
1844 5237 1956 5293 im-

279 5334 470 5391 buere
491 5333 817 5390 debueras.
849 5329 964 5385 Sed
984 5327 1127 5401 quia
1160 5325 1356 5382 laicali
1384 5330 1582 5382 mente
1639 5329 1695 5382 et
1748 5325 1957 5386 habitu

354 5445 532 5515 (245')
565 5441 667 5515 Hic
697 5439 868 5496 locus
898 5439 980 5493 sic
1023 5435 1198 5515 nobis
1223 5433 1623 5515 restituendus
1679 5433 1913 5515 videtur
1939 5451 1952 5490 :

283 5505 547 5587 «amp,
591 5513 654 5568 d.
708 5528 760 5566 c.
797 5512 1064 5587 _maneat
1118 5523 1198 5587 at,
1257 5505 1954 5587 et.....condemnandus,

281 5575 753 5658 sortemque...”
786 5579 996 5636 Christi
1027 5596 1039 5647 ;
1073 5577 1176 5651 qui
1208 5581 1408 5633 autem
1439 5579 1638 5632 custos
1669 5581 1725 5632 et
1758 5575 1956 5632 obser-

686 5676 929 5729 ΡΑτιιοι.
974 5668 1246 5726 CXXXIII.

2072 3985 2262 4060 pitulo
2283 3985 2575 4058 vigesimo
2596 3993 2810 4061 quarto
2836 3988 2910 4043 de
2931 3990 3310 4046 monasteriis
3331 3997 3606 4064 testatur;
3627 3999 3734 4054 sed

2070 4076 2218 4150 quia
2238 4075 2600 4148 negligendo
2616 4093 2726 4134 nec
2746 4077 3172 4149 interrogando
3197 4079 3470 4139 ordinem
3491 4087 3736 4143 cononi-

2071 4182 2212 4223 cum
2240 4166 2647 4240 prosequeris,
2678 4166 2752 4222 de
2773 4167 2887 4223 hoc
2918 4183 3109 4241 usque
3140 4169 3220 4226 ad
3235 4174 3474 4244 tempus
3497 4173 3728 4235 sileam.

2071 4255 2186 4310 Sed
2215 4254 2361 4329 quia
2385 4255 2774 4312 ecclesiarum
2805 4255 2995 4312 sancti
3037 4257 3245 4329 Angeli
3265 4259 3339 4315 de
3363 4259 3563 4318 Monte
3618 4281 3731 4338 pro

2069 4359 2274 4401 amore
2296 4345 2380 4401 tui
2420 4344 2660 4402 diaconi
2716 4349 2922 4402 contra
2975 4351 3248 4404 sanctam
3298 4348 3730 4412 institutionem

2069 4433 2442 4491 subtractam
2464 4433 2538 4490 de
2569 4435 3032 4506 congregatione
3086 4438 3527 4497 monachorum
3573 4443 3730 4514 judi-

2067 4522 2238 4594 casti,
2256 4522 2418 4578 hunc
2429 4538 2466 4579 a
2481 4527 2583 4579 tuo
2600 4525 2918 4595 consortio,
2938 4525 3049 4580 nisi
3061 4526 3308 4599 quando
3319 4527 3340 4598 j
3350 4532 3484 4584 usta
3496 4546 3728 4587 morem

2065 4611 2175 4669 tibi
2204 4611 2648 4680 ministraverit,
2681 4627 2997 4669 censemus
3020 4630 3148 4670 esse
3173 4615 3496 4687 privatum.
3531 4619 3727 4675 Eccle-

2067 4700 2221 4758 siam
2249 4716 2392 4757 vero
2418 4701 2607 4757 sancti
2629 4700 2837 4770 Angeli
2865 4701 2940 4756 de
2971 4704 3161 4758 Monte
3191 4702 3470 4760 volumus
3497 4705 3577 4762 ad
3602 4723 3730 4764 mo-

2066 4789 2310 4846 nasterii
2328 4790 2519 4846 redire
2539 4789 2830 4859 vigorem,
2881 4790 2987 4846 sed
3041 4791 3171 4847 haec
3228 4808 3474 4851 necesse
3524 4800 3613 4853 est
3665 4800 3730 4854 ut

2067 4878 2285 4937 nostris
2307 4877 2665 4935 roborentur
2693 4879 3026 4952 praeceptis.
3058 4882 3434 4954 Quapropter
3470 4884 3571 4940 Dei
3603 4900 3729 4941 om-

2066 4967 2386 5041 nipotentis
2443 4972 2501 5023 et
2548 4966 2865 5024 beatorum
2923 4969 3335 5042 apostolorum
3383 4972 3727 5046 principum

2066 5057 2215 5114 Petri
2247 5060 2304 5114 et
2329 5055 2513 5125 Pauli,
2547 5059 2604 5113 et
2627 5057 2901 5113 omnium
2935 5057 3054 5127 SS.,
3113 5063 3172 5116 et
3226 5063 3455 5133 septem
3495 5062 3729 5116 univer-

2069 5146 2286 5204 salium
2313 5160 2616 5204 canonum
2649 5145 3000 5204 auctoritate
3025 5153 3078 5205 te
3110 5148 3720 5218 excommunicando,

2066 5236 2377 5305 mittimus,
2426 5241 2489 5292 ut
2543 5235 2621 5293 ab
2664 5236 2948 5293 omnibus
3003 5237 3094 5294 his
3153 5252 3339 5309 supra
3378 5236 3726 5293 memoratis

2065 5343 2400 5401 praecavere
2435 5331 2512 5397 te,
2563 5330 2742 5400 atque
2790 5327 3111 5384 emendare
3162 5339 3546 5391 summopere
3607 5331 3727 5383 stu-

2064 5440 2236 5493 vator
2257 5436 2439 5508 hujus
2467 5436 2655 5493 nostri
2676 5434 2967 5508 privilegii
3017 5433 3318 5502 exstiterit,
3366 5431 3728 5492 benedictio-

2065 5523 2204 5563 nem
2236 5513 2292 5564 ct
2322 5507 2597 5580 gratiam.
2626 5528 2654 5554 ιν
2678 5507 2785 5561 etc.
2819 5507 2973 5558 Emr.

3370 5675 3439 5726 28
