4116 6156
488 131 593 184 87B

1910 112 2153 173 MARINI
2188 114 2390 173 ΡΔΡιλΕ
2430 121 2471 174 ll

3798 121 3909 177 870

486 243 1011 315 deas,eteamdsm
1036 241 1349 301 ecclesiam
1378 242 1570 299 sancti
1596 241 1803 311 Angeli
1826 239 1903 297 de
1925 240 2133 304 Monte,
2168 240 2215 299 Α
2245 243 2598 312 parochiam
2628 247 2686 300 et
2704 242 3031 309 dioecesim,
3055 243 3135 298 ita
3154 247 3374 310 tamen,
3404 245 3467 300 ut
3487 241 3603 298 sub
3631 246 3739 299 tua
3772 247 3909 299 tua

485 352 673 412 quam
695 338 890 391 vester
910 332 1321 406 praedecessor
1348 330 1707 388 venerabilis
1729 329 1976 386 antistes
1998 341 2138 382 cum

485 425 734 483 consilio
764 423 1051 497 principis
1078 420 1477 479 benefactoris
1502 421 1587 477 tui
1618 421 1755 477 huic
1777 415 2138 476 monasterio

485 514 667 583 dedit,
699 517 757 570 et
784 510 1075 569 canonica
1105 511 1451 568 auctoritate
1477 508 1868 571 conﬁrmavit,
1896 508 2141 577 insuper

486 602 885 662 anathematis
914 601 1151 658 vinculo
1193 600 1521 667 innodavit,
1577 599 1657 657 ad
1706 595 2139 654 monasterium

482 694 822 769 prafatum,
850 708 886 749 a
906 690 1189 765 praesnti
1218 690 1368 747 hora
1394 689 1688 745 restituas.
1723 691 1790 744 Et
1843 698 2138 742 convoca—

484 785 557 842 tis
577 782 872 841 universis
901 779 1175 838 Ecclesia
1205 778 1535 846 ordinibus,
1587 778 1777 835 taliter
1823 773 2137 841 conﬁrma,

483 879 552 931 ut
577 874 640 929 in
664 875 1025 946 perpetuum
1063 869 1147 926 ibi
1169 869 1245 925 sit
1291 868 1748 936 monasterium,
1800 870 1857 922 et
1904 877 2142 934 semper

482 963 560 1019 sit
581 961 694 1018 sub
721 959 992 1017 custodia
1021 962 1078 1015 et
1104 957 1374 1015 dominio
1408 957 1593 1014 sancti
1618 953 1911 1012 Benedicti
1932 956 2140 1006 vestrae

484 1050 761 1119 civitatis,
793 1054 852 1105 et
899 1053 952 1104 te
999 1046 1084 1103 ibi
1111 1048 1349 1119 tuisque
1374 1044 1819 1101 successoribus
1873 1041 1935 1097 in
1977 1038 2142 1095 nullo

485 1137 825 1196 molestiam
842 1135 1271 1206 ingerentibus,
1294 1134 1409 1191 nisi
1436 1138 1736 1207 quantum
1757 1148 1793 1188 θ.
1815 1128 2143 1203 praedeces-

487 1242 620 1283 sore
647 1231 750 1282 tuo
779 1225 1077 1281 sancitum
1105 1227 1217 1280 est.
1252 1223 1309 1281 Si
1332 1238 1472 1279 vero
1500 1221 1640 1278 huic
1666 1224 1884 1276 nostra
1930 1217 2142 1271 exhor-

485 1314 691 1373 tationi
718 1319 775 1371 et
802 1312 1187 1387 praceptioni
1243 1310 1596 1368 inobediens
1654 1308 1853 1375 fueris,
1906 1307 1984 1362 sis
2040 1303 2143 1360 Dei

480 1402 913 1477 omnipotentis
967 1407 1023 1458 et
1076 1402 1393 1458 beatorum
1443 1398 1854 1471 apostolorum
1910 1394 2058 1453 Petri
2087 1396 2144 1450 et

484 1493 654 1550 Pauli
678 1496 737 1550 et
760 1491 1039 1548 omnium
1067 1489 1247 1546 simul
1275 1494 1642 1554 sanctorum,
1666 1491 1850 1558 atque
1897 1498 2142 1540 venera-

2246 347 2365 403 que
2392 333 2684 399 Ecclesia,
2714 333 2877 390 salva
2903 332 3189 403 dignitate
3230 332 3420 404 ipsius
3461 337 3757 388 maneant
3816 347 3912 403 po-

2248 426 2473 479 testate.
2511 423 2567 481 Si
2593 423 2726 495 quis
2757 427 2956 480 autem
2987 428 3194 478 contra
3222 423 3403 493 hujus
3424 427 3653 479 nostra
3711 426 3913 477 aucto-

2248 511 2434 567 ritatis
2460 512 2839 584 privilegium
2870 511 2954 567 ire
2989 510 3316 577 tentaverit,
3360 516 3418 567 et
3470 508 3912 583 quoquomodo

2248 602 2310 657 in
2333 608 2499 673 parte
2522 602 2611 657 vel
2635 602 2696 657 in
2723 606 2845 658 toto
2861 604 3133 671 frangere
3159 601 3327 657 nisus
3357 599 3549 667 fuerit,
3574 600 3652 657 sit
3672 614 3911 655 excom-

2249 692 2589 748 municatus
2615 706 2653 748 a
2675 707 2925 763 corpore
2948 695 3004 745 ct
3038 690 3271 747 viviiico
3324 689 3621 759 sanguine
3677 688 3912 746 Domini

2246 781 2439 837 nostri
2463 784 2603 837 Jesu
2626 780 2854 847 Christi,
2886 786 2947 836 et
2975 784 3200 837 sancta
3228 778 3330 836 Dei
3360 778 3633 836 Ecclesia
3664 778 3844 834 aditu
3862 783 3913 833 et

2245 869 2640 927 conventione
2670 874 3003 941 separatus.
3059 868 3416 925 Observator
3468 872 3679 925 autem
3726 867 3914 937 hujus

2249 963 2468 1016 nostrae
2501 958 2928 1014 admonitionis
2958 962 3014 1013 et
3038 956 3326 1027 jussionis
3359 955 3581 1013 habeat
3626 954 3911 1011 benedic-

2250 1050 2471 1107 tionem
2495 1047 2923 1120 omnipotentis
2955 1047 3077 1117 Dei,
3106 1047 3546 1118 beatorumque
3600 1043 3913 1117 apostolo—

2250 1154 2385 1197 rum
2412 1142 2468 1194 et
2492 1141 2787 1205 nostram,
2819 1136 2921 1209 qui
2938 1152 3147 1192 eorum
3167 1135 3477 1206 fungimur
3498 1134 3912 1191 vicariatione.

2324 1229 2621 1300 Scriptum
2687 1243 2794 1299 per
2861 1242 3112 1283 manum
3174 1226 3496 1295 Benedicti,
3567 1222 3913 1281 cancellarii

2252 1322 2472 1374 sancta
2506 1320 2788 1373 Romana
2818 1314 3089 1374 Ecclesia
3136 1314 3199 1371 in
3232 1330 3438 1371 mense
3486 1313 3665 1381 laio,
3722 1311 3915 1369 indic»

2250 1410 2410 1465 tione
2436 1412 2622 1465 sexta.

3046 1494 3115 1551 ΙΙ.

480 1581 695 1639 bilium
722 1584 957 1653 septem
988 1577 1419 1636 universalium
1448 1575 1842 1632 conciliorum
1892 1571 2142 1630 auctori;
2177 1593 2220 1648 Β
2249 1619 2426 1659 nam
2456 1617 2648 1659 “mm
2682 1617 2839 1658 NH,
2867 1616 2905 1656 η
2936 1613 3396 1657 ωκηηηοηυ
3440 1614 3660 1655 mw.
3706 1612 3914 1654 xm

480 1675 599 1728 tate
620 1685 862 1727 necnon
888 1672 947 1725 et
964 1667 1218 1741 Spiritus
1247 1666 1435 1723 sancti
1479 1665 1709 1736 judicio
1749 1662 1918 1720 omni
1944 1677 2139 1718 sacer-

478 1758 670 1815 dotali
694 1760 988 1815 honorem
1017 1759 1077 1812 et
1098 1756 1345 1812 nomine
1366 1753 1616 1822 alienus,
1648 1757 1708 1811 ct
1740 1750 1912 1809 omni
1939 1749 2138 1808 cilicio

476 1848 793 1906 clericatus
816 1851 1050 1915 exutus,
1082 1846 1165 1903 ita
1189 1850 1256 1902 ut
1306 1846 1363 1901 si
1416 1844 1664 1901 ulterius
1716 1860 1907 1901 ausus
1954 1840 2139 1899 fueris

480 1953 650 1995 more
678 1936 928 2011 pristino
958 1935 1186 2009 aliquid
1208 1935 1284 1991 de
1306 1950 1482 1992 sacro
1535 1932 1860 1991 ministerio
1912 1930 2139 1988 contin-

475 2042 642 2098 gere,
684 2026 857 2084 nullo
900 2025 1086 2083 modo
1112 2024 1219 2081 tibi
1241 2023 1417 2081 liceat
1441 2022 1901 2080 communiones
1929 2020 2020 2077 vel
2049 2036 2139 2076 sa-

480 2115 830 2173 tisfactionis
868 2131 1041 2188 spem
1068 2114 1312 2183 habere,
1347 2113 1455 2169 sed
1475 2113 1537 2169 in
1587 2114 1944 2186 perpetuum
1996 2125 2139 2166 ana-

480 2204 918 2276 thematizams,
944 2219 1169 2278 corpus
1199 2206 1255 2260 et
1281 2201 1634 2272 sanguinem
1670 2200 1904 2257 Domini
1941 2198 2137 2255 vicino

476 2298 716 2352 tantum
748 2294 957 2351 mortis
986 2292 1253 2367 periculo
1274 2291 1589 2365 percipias.

1184 2402 1433 2459 DUBIA

1290 2491 1335 2544 1-.

659 2594 1009 2639 rnmmcwn
1050 2594 1247 2637 manu
1283 2596 1440 2637 rule
1478 2581 1520 2637 Il
1555 2596 1662 2636 rso
1696 2592 1959 2635 seemsu

1102 2680 1493 2727 HAMBURGEXSI
1501 2714 1512 2727 .

1122 2758 1314 2832 (Anno
1340 2759 1497 2831 946.)

673 2862 1110 2939 [Lappenberg,
1140 2865 1620 2937 Hamburgz‘s'che
1652 2862 1949 2937 Urkund.'|

551 2980 805 3036 MARINUS
831 2975 1169 3050 episcopus,
1204 2992 1412 3032 servus
1445 2992 1756 3032 servorum
1788 2974 1910 3042 Dei,
1970 2986 2165 3031 reve-'

479 3065 822 3126 rentissimo
852 3068 909 3121 et
937 3065 1314 3122 sanctiss1mo
1333 3069 1662 3138 ADALDAGO,
1691 3070 1909 3122 sancta
1959 3060 2137 3120 Ham-

479 3154 904 3228 maburgensis
962 3154 1234 3212 Ecclesia
1270 3154 1721 3228 archiepiscopo
1771 3159 1827 3211 et
1857 3154 2137 3211 confratri

478 3250 706 3318 nostro,
750 3250 1068 3318 paternam
1125 3238 1502 3303 dilectionem
1561 3248 1618 3300 et
1665 3249 2021 3318 perpetuam
2074 3243 2135 3300 in

481 3335 710 3394 Christo
733 3332 1236 3391 benedictionem.

551 3413 837 3496 Cumpia
861 3421 1226 3479 desiderium
1246 3421 1569 3477 voluntatis
1595 3425 1651 3477 et
1676 3416 1995 3478 laudandae
2030 3421 2133 3478 de-

478 3511 738 3570 votionis
763 3510 1010 3567 intentio
1042 3510 1384 3584 apostolicis
1414 3510 1488 3565 sit
1516 3527 1753 3583 semper
1774 3511 1983 3567 studiis
2026 3510 2133 3567 ad-

2162 2944 2209 2998 Ο

2569 1706 2640 1748 ΑΟ
2672 1706 2933 1748 ωΝΟΒυἈ
2962 1705 3233 1746 mensus
3271 1704 3578 1745 sum.

2872 1780 3077 1851 (Anno
3104 1782 3261 1848 9w.)

2454 1887 2779 1962 [Mur-ateri,
2799 1885 2983 1943 Amic
3001 1886 3143 1944 Ital.
3174 1891 3321 1943 tom.
3352 1887 3396 1954 l,
3416 1884 3531 1942 col.
3558 1887 3691 1957 947]

2316 2002 2606 2057 Nummus
2635 1996 2974 2070 episcopus,
3010 2010 3216 2050 servus
3249 2010 3559 2051 servorum
3590 1994 3714 2049 Dei.

2321 2087 2607 2144 (ionvenit
2651 2084 2980 2160 apostolico
3046 2083 3459 2140 moderamine
3512 2083 3913 2158 poscentibus

2244 2176 2527 2235 benivola
2557 2173 2979 2247 compassione
3010 2188 3376 2239 succurrere,
3410 2177 3467 2228 et
3522 2172 3913 2245 poscentium

2248 2284 2430 2324 sacra
2457 2264 2756 2321 devotioni
2786 2262 3077 2334 impertiri
3106 2277 3425 2317 assensum
3453 2279 3466 2316 :
3502 2274 3573 2316 ex
3595 2259 3717 2316 hoc
3746 2262 3912 2315 enim

2245 2356 2393 2412 lucri
2420 2355 2806 2430 potissimum
2829 2353 3094 2428 primum
3125 2352 3290 2426 apud
3332 2351 3707 2407 conditorem
3763 2368 3915 2425 pra-

2245 2446 2486 2520 ponitur
2518 2446 2726 2512 Deum,
2758 2442 3048 2517 quoniam
3076 2439 3438 2497 venerabilia
3464 2439 3599 2497 loca
3647 2439 3731 2496 ad
3792 2458 3914 2498 me-

2245 2535 2453 2591 liorem
2483 2532 2703 2590 fuerint
2728 2536 2950 2589 statum
2978 2531 3104 2588 sine
3131 2530 3318 2587 dubio
3347 2529 3665 2605 producta.
3714 2535 3914 2604 Atque

2245 2623 2399 2694 ideo,
2432 2621 2578 2696 quia
2599 2621 2758 2693 juste
2786 2625 2842 2677 et
2863 2618 3291 2676 rationabiliter
3341 2622 3545 2674 nostro
3605 2618 3915 2692 apostola-

2248 2712 2329 2769 tui
2374 2711 2679 2767 humiliter
2728 2709 3074 2784 postulastis
3122 2712 3422 2781 quatenus
3479 2712 3758 2763 sanctam
3807 2709 3913 2764 Dei

2247 2801 2568 2859 Ecclesiam
2593 2799 2943 2855 Adriensem
2969 2797 3132 2855 beati
3160 2796 3309 2854 Petri
3359 2796 3619 2872 apostoli
3668 2798 3912 2854 Domini

2244 2909 2350 2964 per
2382 2890 2687 2965 prasentis
2720 2889 2905 2945 nostri
2930 2887 3230 2961 privilegii
3251 2886 3666 2943 auctoritatem
3696 2903 3913 2943 conce-

2244 2982 2522 3036 dercznus
2555 2983 2610 3035 et
2640 2977 3135 3035 conﬁrmaremus
3162 2992 3373 3033 omnes
3404 2975 3826 3049 possessiones
3854 2980 3910 3032 et

2244 3070 2632 3143 proyn'ietates
2662 3067 2934 3140 ejusdem
2965 3066 3238 3124 Ecclesia
3294 3064 3618 3131 Adriensis,
3678 3065 3743 3120 id
3796 3069 3905 3132 est,

2243 3160 2522 3229 insulam,
2546 3173 2680 3229 qua
2712 3160 2960 3212 vocatur
2984 3153 3269 3222 Adriana,
3301 3170 3424 3211 una
3441 3170 3579 3210 cum
3604 3158 3737 3210 tota
3759 3153 3908 3210 silva

2242 3268 2350 3307 sua
2376 3254 2432 3305 (ιι
2450 3244 2950 3322 portubus,quod
2974 3248 3061 3301 est
3090 3249 3297 3319 portus
3322 3244 3577 3309 Laureti,
3606 3248 3665 3300 et
3694 3250 3907 3317 portus

2242 3338 2437 3410 Gauri,
2471 3335 2676 3392 omnia
2730 3335 2791 3391 in
2838 3334 3140 3405 integrum
3187 3334 3535 3409 persistente
3588 3349 3788 3407 usque
3845 3334 3906 3389 in

2240 3445 2428 3496 mare,
2462 3431 2519 3483 et
2540 3442 2576 3481 a
2605 3428 2783 3498 portu
2804 3423 3042 3480 Laureti
3070 3438 3260 3496 usque
3292 3421 3353 3477 in
3390 3420 3597 3477 canale
3656 3423 3794 3485 Fea,
3852 3426 3907 3477 et

2241 3534 2433 3591 usque
2489 3517 2550 3572 in
2604 3514 2811 3570 canale
2854 3512 3028 3569 Falce
3083 3528 3206 3569 una
3263 3528 3400 3567 cum
3455 3510 3905 3581 venationibus,

474 3601 769 3674 juvanda,
803 3616 947 3657 cura
968 3605 1057 3657 est
1082 3599 1492 3656 sollicitudinis
1541 3600 1888 3658 adhibenda
1945 3606 2009 3658 ut
2063 3616 2135 3658 ea
2236 3605 2695 3685 piscationibus,
2740 3601 3243 3676 aucupationibus
3293 3601 3415 3656 suis
3470 3600 3533 3655 in
3570 3600 3904 3671 integrum.

478 3707 617 3766 qua
634 3689 903 3761 legaliter
928 3693 1237 3769 geruntur,
1263 3693 1319 3746 et
1347 3690 1640 3764 aquitatis
1672 3690 1879 3748 forma
1921 3708 2135 3748 conve-
2247 3696 2432 3754 Simul
2460 3710 2745 3752 massam.
2771 3692 3009 3759 Quinto,
3062 3694 3119 3747 e‘t
3174 3688 3324 3746 silva
3358 3689 3643 3763 Lapario,
3693 3694 3754 3746 e't
3804 3693 3905 3747 La-

477 3780 671 3849 niunt,
697 3778 865 3836 nulla
893 3778 1135 3837 valeant
1166 3778 1565 3850 refragatione
1613 3781 1970 3854 perturbari,
2029 3776 2134 3837 sed
2244 3784 2468 3855 thualo,
2496 3788 2553 3840 et
2571 3781 2777 3839 canale
2810 3780 3070 3848 Trionis,
3095 3796 3202 3836 seu
3230 3778 3439 3837 canale
3468 3779 3543 3834 de
3563 3779 3707 3835 Aira
3733 3784 3792 3835 et
3812 3796 3905 3835 ca-

476 3867 893 3939 irrefragabilli
918 3868 1074 3940 jure,
1102 3871 1222 3924 Deo
1260 3872 1520 3935 auctore,
1578 3865 1839 3926 debeant
1893 3880 2132 3944 perma-
2189 3888 2203 3921 τ
2241 3874 2377 3931 nale
2408 3873 2482 3931 de
2514 3872 2670 3941 Palo,
2705 3887 2809 3927 seu
2840 3868 3286 3941 Conchagatula
3315 3884 3504 3942 usque
3530 3867 3591 3923 in
3640 3868 3902 3942 piscaria

475 3974 638 4016 nere.
671 3962 739 4015 Et
767 3957 845 4014 ob
868 3957 983 4014 hoc
1009 3952 1351 4032 apostolicis
1380 3956 1778 4031 promulgatis
1810 3956 2131 4017 sanctioni-
2226 3949 2475 4036 'Cythiu,
2510 3966 2567 4017 et
2589 3957 3183 4029 Corrigio'Susorum.
3216 3960 3612 4029 Atque‘tdtam
3636 3956 3903 4014 insulam

473 4049 590 4106 bus
618 4048 864 4123 propria
890 4047 1211 4121 unicuique
1238 4064 1373 4121 qua
1389 4047 1604 4105 rationi
1626 4054 1970 4123 suppetunt,
1997 4068 2132 4125 pos-
2240 4052 2390 4108 inter
2409 4049 2677 4107 Athicem
2717 4051 2774 4103 et
2810 4049 3141 4114 Tartarum,
3185 4062 3320 4101 cum
3368 4044 3535 4111 silva,
3581 4049 3642 4102 et
3697 4062 3903 4103 mane-

475 4138 728 4195 sidenda
754 4139 846 4195 fas
873 4137 1054 4208 exigit
1081 4136 1447 4194 conﬁrmari.
1480 4140 1546 4194 Et
1584 4139 1874 4211 quoniam
1928 4146 2132 4213 postu-
2240 4142 2405 4213 gium
2437 4145 2615 4213 atque
2647 4152 2913 4193 massam
2943 4135 3183 4193 Gave‘llo
3204 4134 3276 4191 'in
3305 4135 3629 4206 integrum,
3659 4140 3720 4192 et
3762 4136 3900 4192 villa

468 4226 610 4284 lasti
662 4231 727 4283 ut
777 4226 1156 4301 privilegium
1205 4230 1318 4283 tua
1366 4226 1699 4283 faceremus
1738 4226 2024 4284 Ecclesia
2072 4232 2129 4286 et
2232 4230 2523 4288 Martiana
2550 4228 2613 4283 in
2636 4226 2955 4295 integrum,
2990 4241 3096 4281 seu
3121 4223 3566 4281 fundumBoda
3586 4241 3732 4280 cum
3751 4224 3899 4283 silva

469 4316 802 4390 apostolica
839 4316 1085 4373 tuitione
1132 4315 1677 4388 roboravissemus,
1735 4317 2014 4374 eamdem
2064 4318 2125 4374 in
2237 4325 2293 4378 et
2322 4319 2471 4378 valle
2502 4318 2613 4375 sibi
2632 4315 2963 4390 pertinente
2993 4329 3185 4388 usque
3206 4312 3362 4370 valle
3380 4313 3681 4370 Fraxinita
3713 4320 3773 4370 et
3788 4318 3898 4371 La-

467 4405 788 4480 pristinum
819 4421 1065 4462 manere
1095 4408 1316 4461 statum
1338 4405 1745 4462 concedimus.
1776 4410 1841 4462 Et
1883 4411 2123 4480 aposto-
2233 4410 2389 4481 vigie
2422 4415 2479 4464 et
2526 4405 2855 4463 Valentina.
2903 4403 3115 4477 Sicque
3170 4402 3442 4474 Argelem
3486 4403 3788 4476 majorem
3838 4408 3896 4460 et

463 4496 582 4553 lico
605 4495 740 4568 jure
760 4493 1075 4551 ﬁrmamus
1100 4493 1204 4552 tibi
1225 4498 1461 4567 tuaque
1488 4499 1708 4552 sancta
1731 4497 2126 4555 Hammabur-
2234 4500 2555 4571 Grignano,
2580 4497 2707 4553 sive
2739 4499 2945 4551 contra
2958 4509 3169 4550 massa
3186 4492 3477 4560 Pedrulio,
3504 4509 3611 4549 seu
3632 4492 3891 4550 fundum

464 4584 638 4658 gensi
666 4584 937 4642 Ecclesia
966 4583 1541 4658 successoribusque
1569 4583 1684 4641 tuis
1713 4584 1879 4642 illam
1932 4581 2124 4659 digni-
2224 4588 2493 4646 Pontecli
2518 4602 2706 4660 usque
2728 4585 2789 4641 in
2812 4582 3248 4653 'Vibo‘Carario,
3270 4586 3327 4639 et
3350 4581 3614 4639 fundum
3630 4585 3894 4639 Lamen-

462 4679 644 4733 tatem
674 4680 732 4732 et
758 4674 912 4733 ﬁnes
940 4673 1243 4750 proprios,
1277 4690 1416 4731 cum
1442 4674 1691 4747 praediis
1734 4671 2018 4734 omnibus
2065 4678 2123 4735 et
2230 4678 2329 4748 do,
2365 4682 2422 4736 et
2441 4676 2726 4751 pradic‘ta
2755 4690 2958 4730 massa
2972 4672 3257 4730 'Pedrulio
3284 4673 3638 4747 persistente
3694 4688 3891 4748 usque

454 4764 761 4835 parochiis
791 4768 847 4821 et
864 4764 1149 4821 omnibus
1177 4763 1359 4820 rebus
1386 4763 1715 4821 mobilibus
1743 4764 1833 4821 vel
1867 4761 2121 4824 inmobi-
2228 4769 2290 4826 in
2326 4764 2485 4825 Stillo
2512 4767 2586 4822 de
2613 4763 2818 4822 Baldo.
2841 4763 3100 4838 insuper
3130 4760 3560 4818 confirmamus
3585 4767 3643 4817 et
3687 4779 3890 4819 corro-

456 4849 637 4914 libus,
667 4868 809 4907 cum
834 4852 1152 4926 mancipiis
1183 4853 1491 4926 utriusque
1522 4869 1699 4910 sexus
1722 4851 2035 4927 possidere
2062 4861 2119 4915 et
2214 4856 2515 4915 'boramus
2540 4856 2602 4911 in
2632 4851 2919 4927 pradiéta
2942 4855 3149 4909 saneta
3162 4850 3431 4909 Ecclesia
3451 4850 3741 4908 Adriense
3768 4853 3893 4927 ple-

459 4941 678 5010 tenere,
705 4956 892 5012 quam
922 4941 1034 5014 pia
1055 4942 1363 4998 memoria
1387 4942 1725 5016 Gregorius,
1774 4949 2115 5009 antecessor
2216 4946 2365 5005 'bem
2396 4948 2617 5002 sancta
2642 4942 2856 5012 Maria,
2900 4958 3038 5016 qua
3094 4944 3340 4997 vocatur
3391 4942 3584 4997 Corna
3640 4942 3891 4999 Cervina

2220 5034 2572 5113 persistente
2594 5051 2630 5091 a
2659 5026 2865 5089 canale
2896 5031 2971 5087 de
2996 5028 3196 5087 ‘Finale
3230 5045 3425 5103 usque
3448 5029 3507 5085 in
3540 5031 3742 5087 Gauro
3776 5050 3789 5099 ;
3832 5035 3891 5087 et

454 5133 678 5192 copum
706 5117 771 5175 in
794 5121 898 5175 tua
921 5117 1222 5174 ordinavit
1243 5119 1525 5191 Ecclesia,
1574 5124 1883 5194 concessit,
1935 5128 2114 5185 stabi-
2221 5125 2463 5202 plebem
2498 5128 2718 5180 sancta
2746 5120 2939 5179 Maria
2970 5119 3033 5183 in
3058 5117 3315 5181 Stornio,
3346 5134 3535 5191 quam
3557 5117 3743 5176 diruit
3769 5120 3888 5176 llu-

447 5204 553 5266 lito
581 5208 802 5266 scilicet
824 5208 959 5280 jure
989 5211 1047 5265 et
1075 5206 1304 5263 cunctis
1353 5206 1596 5279 ﬁnibus,
1655 5228 1811 5284 quas
1862 5217 2111 5275 Lodovi-
2220 5232 2362 5273 men
2382 5210 2597 5283 Padus,
2631 5216 2688 5269 et
2704 5210 3052 5286 persistente
3082 5223 3119 5265 a
3149 5211 3327 5282 rupta
3358 5207 3644 5265 Jovianea
3689 5225 3886 5284 usque

452 5311 579 5367 cus,
603 5298 715 5370 pia
746 5296 1056 5355 memoria
1085 5297 1434 5370 imperator,
1463 5301 1520 5354 et
1569 5298 1925 5375 Lodovicus,
1977 5308 2107 5380 ejus
2216 5305 2279 5362 in
2309 5304 2475 5361 fossa
2503 5300 2728 5374 Opilea,
2760 5313 2953 5372 usque
2994 5297 3067 5354 in
3114 5296 3278 5352 fossa
3328 5296 3573 5354 Corru'lo
3621 5297 3684 5353 in
3738 5299 3887 5355 inte-

448 5384 628 5471 filius,
656 5392 821 5444 tuam
842 5388 1163 5444 voluerunt
1190 5386 1412 5443 habere
1445 5387 1785 5461 Ecclesiam,
1817 5398 1873 5451 et
1920 5395 2106 5471 impe-
2218 5410 2391 5465 grum
2424 5396 2639 5464 :atque
2696 5389 2935 5463 plebem
2977 5387 3163 5442 sancti
3215 5385 3445 5455 Georgii
3497 5385 3561 5442 in
3600 5389 3880 5456 Tamara,

447 5472 577 5529 rizﬂi
599 5472 965 5533 diﬂinierunt
984 5480 1292 5550 potestate.
1334 5476 1721 5533 DecernimUS
1776 5487 1998 5553 autem,
2041 5490 2106 5544 ut
2216 5497 2339 5541 una
2366 5500 2505 5540 cum
2529 5479 3127 5551 massa'Copario,-et
3152 5475 3342 5532 fundo
3370 5476 3662 5533 Ambioso
3686 5494 3879 5553 usque

447 5567 810 5636 potestatem
838 5565 1065 5623 habeas
1086 5567 1407 5626 ordinandi
1423 5566 1739 5642 episcopos
1759 5570 1914 5629 infra
1936 5578 2103 5633 tuam
2212 5573 2274 5632 in
2299 5572 2454 5632 valle
2476 5571 2786 5631 Fraxineta
2802 5569 2866 5626 in
2884 5567 3207 5640 integrum.
3231 5565 3445 5640 Sicque
3469 5564 3712 5639 plebem
3745 5583 3886 5627 san-

454 5030 677 5097 noster,
707 5029 1021 5099 Ansgario,
1054 5030 1415 5086 antecessori
1447 5035 1547 5088 tuo
1568 5049 1752 5105 quem
1793 5032 2113 5110 archiepis-
