4114 6146
1490 70 1849 129 Εριετοω
1872 66 1981 126 ΕΤ
2021 70 2434 131 PRIVIDEGIA.

261 194 581 255 otiilartini
612 194 688 252 in
733 195 1040 255 hariolum
1060 198 1130 253 in
1182 198 1508 267 integrum,
1567 199 1626 253 et
1656 195 1911 270 .plebem
1940 197 1990 255 Δ
2095 198 2217 267 Ego
2232 200 2503 255 Romans
3046 197 3209 270 magis
3244 198 3527 261 mtuam
3550 215 3674 265 au:

265 285 449 343 sancti
468 284 691 343 Donati
719 285 780 341 in
810 285 1102 350 Pedrulio,
1155 287 1397 358 habeat,
1455 290 1669 353 teneat,
1720 284 1911 358 possi-

261 376 394 432 deat
421 374 829 448 suprascripta
859 376 1118 432 Ecclesia
1164 376 1470 433 Adriensis
1497 376 1559 431 in
1586 376 1909 445 integrum.

263 466 519 539 Ideoque
536 481 652 539 per
678 465 987 538 prasentis
1009 466 1197 523 nostri
1254 466 1544 540 privilegii
1595 464 1911 522 auctorita-

262 556 376 608 tem
401 549 835 609 conﬁrmamus
881 550 944 605 in
995 550 1281 623 praedicta
1325 551 1585 608 Ecclesia
1626 549 1911 607 Adriense

261 657 459 701 massa
472 640 863 712 Cappaciana
913 647 971 697 et
998 641 1384 711 Lendenaria,
1440 657 1566 697 una
1594 656 1732 697 cum
1762 638 1913 696 silva

263 741 370 781 sua
400 740 588 797 usque
616 724 678 780 in
707 724 934 781 ﬂumen
964 725 1250 793 Athicem,
1286 742 1391 782 seu
1423 726 1682 793 Sulicini,
1712 728 1770 781 et
1796 724 1912 781 Trir

258 813 440 883 hanc,
497 817 555 869 et
598 813 996 885 Iardinagus,
1054 831 1162 879 seu
1211 815 1596 885 Anguillaria,
1628 814 1913 887 et.Capite

260 901 888 976 Argelle.Quapropter
907 909 1114 961 nostra
1135 905 1467 977 apostolica
1493 905 1909 978 praeceptione,

262 992 379 1048 sive
410 1008 486 1048 ex
508 995 911 1063 praceptione
940 995 1313 1070 dilectissimi
1329 996 1448 1065 ﬁlii
1474 996 1669 1052 nostri
1695 995 1910 1065 Ugom’s

258 1082 813 1152 amarissimam,
834 1082 1230 1156 mactemus
1252 1086 1325 1151 at
1340 1082 1519 1155 nulla
1546 1098 1743 1156 neque
1764 1097 1908 1157 par-

260 1185 406 1225 sona
426 1168 742 1225 hominum
800 1170 1215 1244 cujuscunque
1246 1170 1604 1227 conditionis
1634 1169 1724 1226 vel
1772 1186 1909 1240 gra-

261 1257 372 1314 dus
404 1258 496 1326 sit,
530 1258 653 1313 sive
682 1257 987 1328 dignitatis
1012 1260 1107 1315 vel
1139 1260 1558 1331 religiositatis,
1606 1260 1910 1321 licentiam
1952 1322 1957 1325 μ

260 1347 476 1404 habeat
501 1347 564 1402 in
589 1347 771 1404 rebus
798 1352 855 1404 et
878 1349 1366 1421 possessionibus
1395 1349 1694 1422 praedicta
1722 1348 1913 1405 Eccle-

262 1435 360 1490 sia
390 1433 622 1505 ingredi
652 1434 777 1491 Sine
799 1451 1098 1491 consensu
1129 1436 1415 1509 episcopi,
1439 1436 1535 1492 vel
1564 1436 1668 1509 qui
1698 1438 1913 1510 praeest

260 1522 368 1595 ipsi
398 1522 691 1594 Ecclesia,
744 1540 943 1597 neque
1001 1525 1293 1596 minuere,
1350 1540 1548 1597 neque
1594 1524 1909 1580 dominare

262 1612 379 1668 sive
410 1628 517 1685 per
549 1612 1119 1683 hospitalitationem
1174 1612 1268 1669 vel
1299 1630 1404 1686 per
1433 1613 1911 1669 commendatio-

260 1718 415 1769 nem,
448 1701 540 1763 vel
591 1701 857 1775 aliquam
917 1702 1264 1759 violentiam
1316 1703 1509 1760 facere
1558 1707 1907 1776 praesumat.

264 1791 373 1849 Sed
400 1792 622 1864 potius,
655 1797 718 1847 ut
745 1792 974 1865 prafati
1009 1809 1242 1862 sumus,
1274 1793 1521 1848 omnino
1550 1794 1609 1848 in
1643 1797 1910 1866 tempore

261 1880 453 1937 salvas
477 1885 534 1935 et
561 1879 776 1936 illasas
804 1881 1124 1953 persistant
1154 1898 1274 1937 una
1302 1898 1441 1937 cum
1473 1881 1753 1938 omnibus
1785 1886 1908 1938 tam

261 1969 481 2025 clericis
501 1986 690 2042 quam
711 1969 878 2041 laicis
907 1976 961 2027 et
989 1970 1484 2040 deservientibus,
1519 1987 1629 2037 seu
1652 1971 1910 2031 residen-

265 2057 414 2112 tibus
443 2057 716 2127 ejusdem
745 2058 1043 2125 Ecclesia,
1076 2063 1132 2114 et
1175 2075 1386 2115 omnes
1420 2076 1627 2116 earum
1658 2076 1750 2115 res
1778 2076 1908 2116 mo-

261 2145 406 2202 biles
435 2151 491 2203 et
519 2146 949 2219 immobiles,se
980 2163 1165 2221 seque
1188 2154 1496 2206 moventes
1526 2149 1587 2204 in
1608 2150 1908 2220 integrum

262 2241 410 2292 stare
436 2237 632 2310 quiete
654 2242 710 2293 et
732 2237 978 2311 paciﬁce
1022 2239 1215 2294 vivere
1262 2240 1535 2295 omnium
1593 2240 1909 2295 hominum

257 2328 484 2380 remota
508 2325 935 2382 controversia.
994 2329 1163 2393 Nam,
1214 2327 1380 2399 quod
1410 2343 1533 2384 non
1586 2314 1908 2398 credimus,

258 2413 610 2487 siquispiam
662 2414 820 2479 haue
890 2415 1077 2475 nostri
1158 2415 1449 2489 privilegii
1498 2417 1911 2483 auctoritatem

259 2498 507 2559 violator
530 2508 800 2576 repertus
840 2503 1046 2573 .fuerit,
1090 2505 1238 2562 sciat
1263 2522 1328 2560 se
1357 2506 1418 2561 in
1442 2506 1597 2562 iram
1618 2506 1783 2562 beati
1801 2510 1910 2573 ,Pe-

260 2592 327 2648 tri
352 2592 764 2665 apostolorum
783 2593 1092 2667 principis,
1140 2598 1197 2650 et
1227 2594 1329 2650 ﬁlii
1369 2596 1555 2671 nostri
1587 2597 1803 2667 Ugom's
1826 2612 1914 2653 re-

259 2682 348 2753 gis
364 2686 421 2737 et
438 2686 732 2752 nostram,
755 2698 1062 2738 casurum.
1078 2686 1145 2738 Et
1162 2684 1447 2756 pradicta
1481 2684 1738 2740 Ecclesia
1771 2701 1909 2740 cum

261 2768 380 2824 suis
406 2769 776 2842 pertinentiis
803 2774 867 2826 ut
918 2770 1191 2842 superius
1218 2770 1450 2841 legitur,
1481 2774 1593 2828 sub
1633 2773 1792 2829 beati
1814 2776 1910 2828 Pe-

261 2858 332 2915 tri
350 2859 761 2932 apostolorum
790 2860 1096 2933 principis,
1129 2865 1186 2916 ct
1212 2867 1416 2917 nostra
1444 2866 1910 2936 nostrorumque

262 2965 677 3005 successorum
707 2951 1072 3022 protectione
1101 2955 1471 3023 permaneat.
1527 2956 1772 3024 insuper
1796 2952 1913 3007 nisi

262 3038 832 3114 amaloresipuerit,
852 3039 997 3115 sciat
1019 3056 1080 3095 se
1108 3041 1587 3116 compositurum
1607 3042 1737 3097 auri
1758 3041 1913 3116 opti-

261 3129 344 3185 mi
370 3122 717 3186 mancusios
747 3114 930 3198 mille,
964 3114 1342 3187 medietatem
1373 3136 1581 3188 nostro
1612 3148 1782 3189 sacro
1802 3114 1916 3206 pa-

258 3218 421 3285 latio,
453 3219 832 3276 medietatem
862 3219 1160 3293 pradicta
1192 3221 1482 3277 Ecclesiae.
1515 3223 1625 3287 Qui
1648 3238 1788 3279 vero
1813 3223 1914 3295 pio

258 3309 473 3366 intuitu
498 3314 701 3366 custos
739 3314 797 3365 et
843 3310 1188 3366 observator
1217 3311 1278 3366 in
1326 3312 1610 3368 omnibus
1635 3312 1912 3379 existerit,

258 3398 693 3456 benedictionis
744 3399 1019 3470 gratiam,
1076 3400 1383 3474 vitamque
1436 3406 1722 3458 aeternam
1775 3418 1912 3477 cum

258 3487 543 3543 omnibus
570 3488 791 3544 sanctis
816 3488 941 3545 sine
966 3488 1086 3545 ﬁne
1117 3488 1336 3546 habere
1364 3497 1665 3548 mereatur
1712 3491 1777 3548 in
1803 3508 1912 3551 sa-

260 3575 426 3632 culas
454 3575 805 3634 aculorum.
829 3580 1036 3633 Amen.

329 3665 557 3738 Scripta
583 3681 692 3738 per
734 3678 987 3724 manum
1018 3666 1278 3737 Gregorii
1308 3666 1597 3723 scriniarii
1627 3670 1912 3725 Romanae

260 3752 556 3808 Ecclesiae.

334 3844 481 3896 Data
534 3841 897 3913 patriarchio
984 3842 1362 3899 Lateranensi
1421 3860 1478 3899 Ill
1530 3843 1669 3899 ldus
1734 3844 1915 3901 Junii.

258 3932 416 3986 Bene
436 3928 647 3985 valete.
1450 3978 1457 3979 ,

335 4022 459 4089 Ego
488 4018 791 4090 Benignus
845 4020 1163 4094 episcopus
1213 4020 1501 4081 Ostiensis
1556 4037 1746 4081 manu
1781 4038 1920 4080 mea

257 4107 609 4182 subscripsi.

329 4201 454 4269 Ego
482 4198 846 4271 Grisogonus
865 4199 1190 4272 episcopus
1209 4201 1546 4258 Portuensis
1565 4217 1754 4259 manu
1782 4217 1920 4259 mea

256 4287 605 4361 subscripsi.

330 4378 507 4433 Anno
559 4376 689 4449 ejus
747 4376 908 4433 sedis
962 4376 1249 4447 secundo,
1306 4383 1361 4436 et
1429 4378 1640 4437 domui
1692 4379 1919 4457 Ugonis

255 4470 496 4539 quarto,
526 4465 850 4523 indictione
878 4483 978 4522 xu.

329 4556 399 4617 Et
447 4569 560 4624 ego
592 4554 969 4623 .Dominicus,
998 4553 1210 4612 Christi
1252 4553 1669 4611 misericordia
1699 4559 1918 4612 sancta

252 4641 560 4701 Adriensis
585 4642 857 4701 Ecclesia
911 4642 1201 4711 notarius,
1228 4643 1353 4701 vidi
1391 4644 1551 4700 hanc
1588 4644 1919 4701 authentici

576 4733 884 4806 paginam,
942 4733 1227 4806 scriptam
1252 4749 1360 4806 per
1414 4750 1670 4790 manum
1705 4733 1917 4790 domni

250 4820 525 4892 Gregorii
549 4821 817 4878 scriniari
847 4824 1132 4877 Romana
1182 4822 1475 4889 Ecclesia,
1507 4822 1657 4878 nihil
1681 4822 1914 4879 addens

251 4911 681 4983 Velminuens,
713 4909 1047 4983 exemplavi
1077 4925 1239 4967 anno
1260 4911 1584 4969 Dominica
1638 4912 1917 4971 incarna-

463 4998 1207 5073 95lgquarto.decimo,die
1235 5005 1487 5057 exeunte
1506 5017 1715 5060 mense
1742 5001 1918 5075 Apri-

244 5087 350 5158 lis,
382 5089 706 5146 indictione
732 5105 857 5159 xiv,
915 5092 1184 5161 tempore
1211 5086 1444 5146 domini
1470 5090 1718 5161 Eugenii
1740 5106 1916 5165 papae

248 5180 313 5235 et
342 5177 603 5236 Conradi
630 5178 807 5253 regis.

326 5322 478 5396 (246)
508 5324 717 5396 Pugna
763 5323 853 5379 est
878 5320 1030 5377 inter
1058 5335 1252 5396 annos
1268 5320 1481 5396 Marini
1507 5337 1685 5396 papa
1713 5321 1916 5396 eti-Iu-

247 5388 636 5475 gonis're‘gis':
671 5402 843 5475 anno
870 5408 1115 5475 quoque
1138 5393 1244 5475 944
1284 5388 1644 5475 decurrebat
1671 5393 1914 5475 indictio

244 5462 316 5537 ῐι,
352 5462 757 5538 ηοῂνίἰιάἱοῐίο
782 5462 1335 5538 χῃέἈῃῖωδάνβιξιθ
1387 5465 1565 5538 etiam
1608 5464 1795 5538 verba
1818 5465 1918 5522 illa

246 5530 333 5594 ea:
355 5530 765 5608 praeeptione
798 5530 1303 5607 ditectissimiﬁlii
1317 5537 1512 5594 nostri
1539 5536 1813 5609 Hugom's
1826 5551 1916 5595 se-

2020 286 2301 343 tenticum
2316 288 2509 359 hujus
2529 287 2790 360 exempli
2804 287 2934 347 vidi
2957 292 3019 346 et
3038 287 3179 360 legi,
3207 287 3379 361 sicuti
3403 289 3502 351 hic
3525 304 3672 357 com

2020 374 2234 432 tinetur
2252 376 2423 447 (246).

2798 468 2892 525 ΠΙ.

2018 569 2209 610 nam
2228 571 2393 612 rara
2408 570 2458 611 υ
2474 569 2843 612 ριιιινιιιζθιωι
2860 569 2984 611 ιιιιο
3008 569 3364 627 nummo
3376 570 3675 623 Ionam:-

2523 659 2667 700 ΙΛΝο
2728 659 2780 700 S.
2848 658 3165 700 SYLVEBTRI.

2614 733 2806 804 (Anno
2822 732 3086 803 952-46).

2300 821 2551 893 (Marini,
2580 821 2797 891 Papiri
2828 819 3269 891 diplomatibus,
3306 821 3391 892 lt]

2090 913 2341 967 luamus
2371 910 2713 983 episcopus,
2743 925 2954 979 servus
2983 924 3295 969 servorum
3339 908 3468 971 Del.
3495 911 3677 973 Τκιθη

2020 1015 2220 1057 DORICO
2249 999 2528 1072 religioso
2547 999 2756 1056 abbati
2772 997 3136 1057 .senerabilis
3160 999 3513 1059 monasterii
3542 1013 3679 1061 sen-

2004 1088 2094 1157 ,ρξί
2119 1088 2465 1164 Sylvestri...
2490 1087 2788 1166 territorio
2812 1086 3152 1165 “Mutinensi,
3192 1101 3444 1169 (necnon
3484 1086 3679 1171 omni-

2017 1177 2134 1233 bus
2164 1177 2635 1249 subjacentibus,
2667 1182 2725 1233 et
2752 1176 2815 1232 in
2854 1179 3210 1250 perpetuo...

2091 1268 2356 1339 Quaque
2386 1265 2465 1322 ad
2490 1265 2738 1322 laudem
2769 1263 3184 1338 Redemptoris
3216 1262 3318 1320 Dei
3346 1266 3405 1320 et
3440 1263 3679 1320 Domini

2017 1353 2338 1409 Salvatorts
2365 1354 2718 1409 nostri-Jesu
2743 1351 2954 1411 Christi
3001 1351 3295 1425 pertinere
3320 1354 3673 1419 noscuntur,

2019 1443 2076 1494 et
2117 1437 2196 1494 ad
2238 1436 2629 1513 stabilitatem
2682 1435 3117 1492 venerabilium
3161 1435 3433 1492 locorum
3485 1434 3675 1508 respi-

1950 1546 1992 1601 Β
2019 1525 2201 1594 ciunt,
2225 1541 2365 1582 cum
2388 1540 2616 1596 magno
2646 1523 3056 1581 sollicitudinis
3077 1523 3274 1581 studio
3303 1538 3416 1580 nos
3458 1539 3676 1599 convef

2017 1616 2105 1671 nit
2134 1613 2466 1687 apostolica
2501 1619 2559 1670 et
2612 1612 2953 1669 rationabili
3000 1629 3260 1670 censura
3309 1627 3672 1685 procurare;

2016 1709 2316 1777 quatenus
2348 1719 2421 1759 ex
2445 1703 2560 1759 hoc
2581 1703 2758 1774 juges
2806 1702 3003 1759 eidem
3055 1701 3431 1775 propitiatori
3465 1706 3675 1759 nostro

2008 1793 2272 1851 Domino
2303 1795 2421 1849 Deo
2452 1791 2754 1849 efﬁcacius
2776 1791 3034 1865 persolvi
3063 1792 3300 1865 possint
3334 1790 3674 1848 carminum

2015 1882 2247 1950 laudes,
2281 1886 2338 1939 et
2364 1881 2563 1953 nobis,
2591 1880 2695 1953 qui
2723 1880 2858 1937 licet
2890 1879 3205 1950 immeriti,
3236 1878 3445 1937 divina
3469 1883 3675 1937 tamen

2019 1972 2211 2043 gratia
2237 1971 2654 2046 praveniente,
2710 1968 3077 2044 pastoralem
3123 1968 3432 2040 regiminis
3463 1985 3674 2026 curam

2019 2064 2303 2135 gerimus,
2329 2062 2533 2134 opima
2560 2063 2623 2117 in
2660 2059 2905 2116 sidereis
2951 2059 3193 2116 arcibus
3241 2058 3673 2116 remuneratio-

2017 2153 2109 2210 nis
2138 2152 2388 2227 pramia
2415 2150 2813 2208 ascribantur.
2869 2148 3051 2219 Igitur
3095 2147 3241 2222 quia
3279 2152 3514 2206 constat
3536 2147 3672 2205 reli-

2018 2242 2353 2320 giositatem
2383 2245 2549 2298 tuam
2578 2238 2754 2295 nobis
2797 2237 3083 2295 detulisse
3120 2241 3489 2311 praceptum
3516 2252 3672 2311 pra-

2004 2315 2346 2387 decessoris
2375 2329 2559 2385 nostri
2582 2326 2818 2385 Domini
2854 2326 3118 2395 Adriani,
3150 2329 3208 2383 et
3228 2324 3477 2383 Joannis
3504 2340 3673 2382 reve-

2013 2419 2217 2485 renda
2236 2416 2550 2490 memoria
2578 2414 2930 2490 pontiﬁcum
2956 2414 3033 2477 de
3060 2413 3346 2491 praedicto
3364 2416 3678 2493 monaste-

2008 2505 2127 2576 rio,
2153 2513 2211 2563 et
2232 2507 2518 2564 omnibus
2542 2507 2597 2562 ei
2650 2505 3086 2579 pertinentibus
3138 2503 3286 2569 locis
3304 2518 3390 2569 ,ac
3430 2518 3677 2575 xpossaa-

2019 2595 2309 2672 sionibus,
2363 2612 2498 2673 qua
2551 2593 2798 2668 petistis,
2852 2596 2919 2650 ut
2971 2609 3081 2667 per
3130 2592 3323 2649 nostri
3356 2589 3678 2665 apostolid

2010 2682 2306 2765 privilegii
2358 2685 2649 2757 paginam
2730 2683 3246 2740 conﬁrmaremus.
3305 2680 3472 2738 Unde
3537 2696 3675 2761 nos,

2012 2772 2298 2849 precibus
2322 2774 2530 2830 vestris
2577 2772 2865 2841 inclinati,
2891 2776 2950 2828 et
2978 2787 3015 2828 a
3057 2770 3336 2844 prasenti
3362 2769 3561 2843 prima
3577 2770 3677 2826 in-

2012 2856 2277 2920 dictione
2306 2863 2368 2919 in
2396 2866 2757 2936 perpetuum
2808 2859 3198 2932 sapedictum
3230 2858 3677 2937 monasterium

2022 2969 2438 3010 successorum
2470 2958 2712 3009 tuorum
2742 2949 3035 3018 abbatum
3059 2948 3284 3006 ditione
3313 2949 3676 3020 etpotestate

2020 3059 2160 3099 cum
2188 3042 2472 3099 omnibus
2499 3040 2612 3113 sibi
2646 3038 3079 3114 pertinentibus
3127 3034 3678 3113 conﬁrmantes,ir-

2020 3130 2362 3203 refragabili
2387 3130 2520 3201 jure
2559 3127 2939 3185 decernimus
2989 3124 3423 3200 permanenda,
3456 3122 3532 3202 id
3559 3127 3673 3215 est,

2021 3220 2452 3277 monasterium
2482 3218 2670 3275 sancti
2702 3216 3003 3291 Sylvestri,
3255 3230 3293 3273 a
3338 3212 3679 3271 Nonantula

2018 3310 2313 3367 territorio
2342 3307 2671 3366 Mutinensi.
2732 3308 3111 3379 Quapropter
3138 3303 3491 3362 auctoritate
3512 3301 3679 3360 beati

2022 3400 2172 3456 Petri
2199 3397 2472 3473 apostoli,
2506 3398 2667 3453 cui’a
2697 3395 2951 3453 Domino
2997 3398 3119 3452 Deo
3146 3397 3356 3452 nostro
3387 3391 3678 3449 calorum

2020 3488 2193 3561 regni
2244 3488 2443 3545 claves
2503 3486 2729 3544 traditae
2783 3489 2943 3558 sunt,
3006 3488 3065 3542 et
3119 3486 3387 3556 potestas
3448 3481 3679 3553 ligandi

2025 3585 2203 3652 atque
2234 3576 2506 3634 solvendi
2563 3575 2713 3632 calo
2738 3579 3016 3648 terraque
3065 3588 3351 3630 concessa
3398 3575 3507 3637 est,
3536 3586 3679 3644 pro-

2025 3667 2367 3737 mulgantes
2404 3664 2806 3734 decernimus,
2863 3667 2921 3719 et
2947 3662 3125 3718 ﬁrma
3166 3658 3501 3716 stabilitatis
3547 3674 3682 3715 cen-

2024 3771 2167 3812 sura
2195 3753 2533 3822 statuimus,
2558 3758 2624 3808 ut
2647 3752 2849 3824 ipsum
2874 3748 3216 3806 venerabile
3244 3746 3683 3805 monasterium

2026 3860 2166 3901 cum
2195 3841 2480 3899 omnibus
2502 3840 2669 3913 locis,
2722 3838 2977 3907 mansis,
3022 3837 3247 3907 fundis,
3298 3836 3480 3903 casis,
3511 3851 3682 3892 casa-

2024 3933 2184 4001 libus
2211 3930 2516 4002 domibus,
2540 3934 2718 4002 atque
2745 3926 3004 3996 familiis,
3037 3925 3225 3982 servis
3263 3923 3681 3994 originalibus,

2024 4000 2331 4092 simulque
2354 4000 2555 4087 rebus,
2584 4000 2643 4075 et
2664 4014 3175 4090 possessionibus,
3202 4029 3315 4070 nec
3341 4028 3465 4069 non
3486 4010 3688 4085 aquis-

2032 4109 2227 4177 molis,
2282 4108 2533 4175 olivetis,
2593 4107 2683 4164 vel
2721 4105 3018 4180 quidquid
3063 4104 3126 4161 in
3150 4102 3685 4177 quibuscunque...

2031 4199 2266 4255 videtur
2292 4196 2388 4254 vel
2414 4199 2704 4270 potestate
2750 4194 3018 4265 legaliter
3046 4192 3341 4249 donatum
3389 4190 3486 4247 vel
3511 4190 3687 4260 largi-

2034 4292 2162 4346 tum
2189 4287 2384 4357 fuerit,
2415 4290 2519 4343 aut
2545 4284 2815 4358 quolibet
2868 4282 3053 4340 modo
3101 4282 3260 4354 juste
3289 4279 3572 4351 evenerit,
3607 4284 3690 4337 te-

2020 4394 2172 4443 nere
2223 4381 2281 4434 et
2309 4375 2616 4452 possidere
2651 4374 2779 4430 sine
2825 4371 3094 4446 qualibet
3122 4369 3528 4428 controversia
3555 4384 3690 4442 per-

2029 4466 2225 4540 petuis
2254 4452 2627 4537 temporibus
2653 4462 2870 4519 valeat.
2904 4463 2971 4518 Et
3024 4459 3172 4516 nulli
3214 4474 3487 4531 unquam
3515 4457 3691 4514 liceat

2027 4570 2307 4633 regum...
2367 4552 2857 4627 episcoporum...
2888 4548 2985 4606 vel
3034 4552 3306 4605 actorum
3351 4561 3556 4620 parva
3593 4543 3691 4601 vel

2027 4659 2267 4715 magna
2295 4657 2568 4715 persona
2589 4641 2650 4697 in
2678 4638 2965 4713 praedicto
3013 4633 3340 4692 venerabili
3391 4635 3690 4690 monaste-

2027 4733 2136 4801 rio,
2162 4732 2339 4805 velpin
2376 4731 2483 4802 eis,
2509 4746 2647 4802 qua
2698 4727 2900 4785 eidem
2947 4723 3275 4799 venerabili
3325 4720 3691 4799 monasterio

2024 4821 2319 4899 pertinere
2342 4819 2660 4887 videntur;
2684 4830 3054 4890 quocunque
3082 4812 3267 4871 modo
3315 4811 3690 4880 incumbere,

2024 4914 2129 4969 aut
2178 4908 2559 4966 invasionem
2604 4906 2868 4963 facere...
2955 4901 3262 4971 accedere,
3322 4900 3421 4958 vel
3500 4900 3690 4956 missa

2027 5016 2166 5069 rum
2196 4997 2491 5059 solemnia
2519 4996 2843 5066 celebrare,
2884 4993 3001 5051 nisi
3030 4992 3251 5052 abbate
3266 4990 3452 5066 tuerit
3481 4989 3695 5067 invita-

2031 5096 2163 5158 tus;
2221 5092 2524 5162 quatenus
2572 5086 2711 5156 boc,
2764 5082 2934 5158 quod
2969 5082 3050 5153 ad
3099 5081 3346 5143 laudem
3370 5082 3429 5135 et
3466 5075 3696 5151 ,utilita-

2033 5184 2155 5237 tem
2186 5176 2517 5254 supradicti
2541 5174 2733 5234 sancti
2774 5171 3125 5233 monasterii
3146 5168 3488 5236 statuimus,
3514 5163 3696 5237 ﬁrma

2034 5322 2338 5380 θ’θηίεεὶΜὶ
2356 5322 2533 5393 regis,
2560 5325 2629 5376 ut
2648 5319 2773 5393 alia
2803 5317 3098 5393 omittam.
3141 5314 3430 5369 Caeterum
3459 5305 3702 5389 sixbulla

2032 5396 2162 5452 hac
2189 5386 2712 5450 sincera'dicenda
2741 5394 2915 5454 esset,
2952 5386 3317 5441 haberemus
3351 5386 3701 5459 .ntancusiqs

2024 5468 2192 5524 mille
2223 5465 2657 5537 componendas
2687 5461 3061 5519 medietatem
3096 5468 3271 5512 sacro
3286 5453 3546 5523 palatio.
3596 5453 3700 5513 La-

2028 5537 2348 5597 teranensi.
