4166 6162
289 215 390 268 881
482 279 486 284 λ
1284 205 1575 262 CARMEN
1613 204 1712 258 na
1755 203 1860 260 ss.
1904 205 1934 259 1

2152 206 2339 263 0MPO
2379 209 2465 264 ΕΤ
2505 209 2744 267 SOCIIS.
3693 228 3797 284 882

291 333 911 421 episcoposuccessit,
935 337 1006 415 _ut
1032 331 1484 421 testanturoacta
1515 329 2265 421 sanomrumnmartyrqm
2291 331 2462 386 indes
2489 338 2546 388 et
2569 335 2834 421 Domum,
2867 347 3034 421 quae
3062 332 3268 414 recitat
3296 341 3679 421 metaphrasc,
3713 364 3792 403 νη

351 406 429 462 al.
459 399 614 491 Jnulii,
647 420 717 460 ex
736 421 860 491 quo
891 399 1116 485 ἥρως),
1143 399 1706 491 ιξί-ξιξὶνξιξεκίςξῐιί
1849 399 2143 491 Beiram
2171 401 2460 491 honorem
2495 399 2840 491 sanctorum
2871 399 3126 491 Syngsii
3165 411 3220 461 et
3247 399 3632 491 rhe‘dgsﬁgi
3647 399 3785 490 qui:

291 477 442 533 dam
472 468 714 549 Cosmas
745 468 1105 549 Hateriénsis
1134 477 1270 549 ante
1297 474 1400 526 700
1433 483 1638 549 annos
1671 468 1800 549 haec
1843 470 2135 549 ca‘rnlina
2179 473 2388 549 cecinit
2416 475 2834 549 inscripsitque
2863 468 2947 549 ad
3004 468 3784 549 ρι’θςοιδὶλῷᾚδῆἕῇιᾙᾷ-

292 565 448 621 num
471 547 861 621 monachum,
893 543 1365 621 ineptaquidem
1397 545 1452 597 et
1478 538 1610 619 sine
1646 539 1793 606 sale,
1823 537 1940 621 §ed
1977 541 2320 621 Christiana
2347 537 2698 621 antiquitate
2726 537 3098 621 redolentia,
3134 537 3381 619 quae};
3423 537 3778 616 gga‘ga;g.

294 619 626 676 tustissimo
656 607 860 675 codice
890 607 1306 674 Nonantiilano
1331 608 1772 684 excerpsimus,
1803 607 1960 665 dum
1999 610 2235 672 ibidem
2263 607 2514 672 abbatis.
2531 633 2778 673 munere
2808 607 3236 687 iungeremur.

1822 809 2262 830 ᾖ

373 982 600 1038 Cosms
625 979 982 1037 Materiensis
1012 976 1292 1048 Gregorio
1323 979 1481 1033 LIGO.
2005 981 2056 1034 Α
2163 979 2311 1036 Vivit
2333 979 2395 1036 in
2416 996 2550 1038 arce
2577 982 2717 1054 poli,
2747 983 2939 1039 trinus
2966 981 3196 1040 honore
3221 985 3374 1056 jugi.

299 1072 551 1127 Cosmas
575 1068 854 1140 Gregorio
886 1067 1188 1124 monacho
1219 1065 1385 1122 dedit
1408 1064 1526 1120 ista
1555 1062 1831 1134 benigno
2093 1067 2286 1140 Spirat
2315 1071 2372 1123 et
2398 1068 2644 1126 irradiat
2672 1071 2972 1144 proprios,
3007 1072 3176 1126 terris
3204 1088 3450 1145 quoque
3469 1071 3749 1140 mandat;

372 1159 654 1216 Carmina
680 1157 914 1214 levitico
944 1158 1048 1231 qui
1079 1156 1222 1214 eluit
1245 1153 1462 1211 oiﬂcio.
2159 1157 2437 1213 Germina
2468 1164 2682 1216 cuncta
2721 1165 2921 1228 novat,
2959 1159 3146 1232 spirat
3172 1165 3229 1217 et
3255 1161 3519 1217 irradiat.

299 1249 390 1307 0b
421 1247 701 1304 meritum
728 1246 938 1317 magni
965 1243 1336 1318 Theopompi
1362 1243 1640 1316 praesulis
1671 1240 1842 1310 almi,
2087 1245 2280 1317 Rejice
2309 1262 2466 1302 vana
2493 1248 2721 1320 minax,
2757 1249 2882 1306 cole
2909 1250 3041 1320 jam
3071 1249 3171 1322 pia
3200 1255 3374 1306 votus
3402 1253 3458 1306 et
3486 1250 3710 1317 audax,

372 1337 582 1410 Obque
615 1334 844 1409 Synesii
874 1351 980 1390 seu
1001 1334 1235 1391 Theone
1264 1332 1444 1389 tanei.
2157 1334 2532 1408 Eﬂ‘ectusque
2561 1337 2739 1406 ferax,
2769 1339 2946 1407 rejice
2968 1354 3128 1394 vana
3159 1339 3385 1394 minax.

299 1425 532 1498 Saepius
560 1424 608 1480 is
631 1425 856 1482 celsam
883 1423 1164 1495 rogitavit
1192 1437 1457 1494 namque
1489 1427 1802 1481 catervam
2086 1423 2355 1481 Gaudeat
2377 1430 2441 1482 ut
2467 1426 2753 1482 Dominus
2781 1427 2855 1483 de
2882 1431 2937 1484 te
2969 1430 3124 1483 Deus
3143 1427 3362 1501 inclyte
3387 1426 3671 1498 Christus,

370 1513 678 1571 Scribendi
699 1529 950 1570 causam
979 1529 1093 1570 nos
1122 1510 1422 1568 celebrare
1444 1513 1632 1585 piam.
2158 1514 2202 1568 Ο
2235 1513 2472 1570 Dioclite
2502 1531 2672 1570 meus
2703 1515 2964 1585 gaudeat
2991 1520 3058 1571 ut
3083 1516 3392 1572 Dominus.

299 1606 432 1660 Mox
461 1618 710 1675 operam
736 1602 1034 1658 dedimus.
1065 1603 1268 1658 Graeco
1305 1598 1380 1655 de
1405 1599 1566 1658 fonte
1597 1598 1846 1657 Latinus
2086 1604 2207 1658 Rex
2230 1602 2390 1658 ferus
2416 1605 2744 1677 obstupuit,
2775 1605 3061 1678 quisnam
3097 1606 3246 1662 foret
3272 1606 3441 1678 isque
3477 1604 3743 1678 requirit.

372 1695 691 1750 Murmuret
722 1695 788 1747 ut
815 1690 988 1748 citius
1017 1694 1186 1761 gesta
1215 1693 1452 1746 sacrata
1482 1690 1640 1763 pius.
2160 1693 2276 1748 Ista
2298 1691 2553 1766 loquens
2577 1694 2791 1763 timuit,
2815 1711 2919 1750 rex
2948 1695 3108 1750 ferus
3131 1695 3456 1768 obstupuit.

303 1785 546 1837 Annuat
564 1785 628 1836 ut
660 1780 950 1836 Dominus
978 1779 1156 1836 nobis
1187 1795 1296 1834 sua
1328 1795 1583 1836 munera
1615 1778 1886 1834 Christus
1919 1796 1934 1846 ;
2085 1779 2432 1853 lnditopem
2450 1782 3192 1855 gregibus,Theopompus
3221 1797 3396 1838 senes
3423 1782 3746 1852 amandus,

374 1869 573 1924 Addat
599 1884 780 1941 opem
806 1869 1106 1942 precibus,
1134 1871 1323 1924 coetus
1354 1883 1544 1924 ovans
1566 1870 1826 1940 Lygeus.
2156 1869 2499 1925 Pontiﬁcem
2532 1870 2837 1942 Bithynus,
2860 1870 3011 1926 indit
3033 1887 3212 1943 opem
3243 1869 3547 1940 gregibus.

307 1956 507 2014 Salvet
535 1973 706 2013 amor
731 1955 1028 2013 famulum
1050 1955 1259 2013 Christi
1280 1955 1541 2029 ﬁdeique
1563 1953 1968 2029 peramplum.
2084 1959 2204 2012 Rex
2219 1956 2546 2013 furibunda
2562 1958 2708 2025 vice,
2724 1958 3033 2028 magicum
3053 1958 3372 2014 boathunc
3385 1957 3580 2027 magis
3596 1972 3748 2024 esse,

382 2045 644 2103 Sufﬁciat
672 2045 987 2119 proprium
1010 2049 1253 2118 tempus
1282 2044 1344 2101 in
1369 2045 1514 2102 orbe
1538 2044 1825 2118 probum,
2158 2048 2224 2101 Et
2244 2045 2467 2102 lacerat
2495 2062 2709 2116 nocue,
2737 2062 2842 2102 rex
2869 2045 3200 2102 furibunda
3232 2046 3376 2102 vice.

593 2139 805 2192 Amen.
2085 2136 2310 2192 Cuncta
2329 2135 2566 2205 ﬂagella
2598 2135 2714 2207 piis
2753 2134 3000 2207 spondit
3037 2134 3522 2208 moribundaque
3553 2148 3750 2189 mem-

380 2226 627 2281 Cosmas
652 2224 1020 2296 martyribus
1050 2223 1234 2280 sacris
1264 2238 1508 2280 carmen
1537 2222 1702 2280 dedit
1729 2225 1900 2278 actus
2155 2222 2360 2278 ludere
2390 2223 2545 2278 dans
2573 2222 2860 2295 scapulis,
2878 2225 3096 2278 cuncta
3122 2221 3361 2291 ﬂagella
3381 2221 3513 2294 piis.
3577 2219 3748 2292 [bris,

379 2313 639 2382 Gregorii
666 2312 947 2386 precibus
974 2317 1173 2369 mente
1202 2312 1304 2386 pia
1329 2314 1617 2386 Japygus.
2008 2336 2046 2388 Β
2086 2309 2241 2374 Bella
2287 2327 2503 2382 magus
2549 2311 2754 2380 agitat,
2805 2311 2956 2366 dum
2986 2309 3246 2366 menﬁca
3273 2309 3546 2381 duraque
3571 2322 3750 2363 mon-

1000 2400 1281 2457 Feliciter.
2154 2399 2350 2455 Victus
2371 2399 2451 2456 ad
2473 2404 2635 2456 astra
2657 2399 2836 2468 volat,
2855 2398 3016 2455 bella
3035 2413 3254 2468 magus
3271 2396 3476 2468 agitat.
3554 2397 3748 2468 [straL

307 2491 563 2548 Contulit
605 2489 948 2561 agminibus
976 2491 1227 2548 fratrum
1255 2490 1356 2563 pia
1384 2505 1640 2546 munera
1681 2489 1972 2548 Christus.
2086 2489 2353 2560 Sumpsit
2380 2489 2542 2544 enim
2567 2489 2860 2554 Theonas,
2891 2487 3234 2543 rudimenta
3252 2501 3362 2558 per
3389 2483 3610 2540 undas.

379 2580 558 2650 Orgia
583 2579 736 2637 ferre
765 2582 918 2635 Deus
944 2579 1193 2636 contulit
1216 2578 1580 2649 agminibus.
2154 2576 2410 2648 Martyrii
2441 2581 2632 2633 metas
2657 2576 2916 2648 sumpsit
2944 2575 3105 2630 enim
3132 2575 3425 2631 Theonas.

309 2670 555 2725 Sumere
586 2668 767 2741 plena
796 2667 967 2738 rosis,
1001 2672 1062 2725 at
1079 2667 1317 2740 lipsana
1346 2683 1518 2724 sacra
1546 2666 1717 2724 violis
2085 2670 2229 2722 Ecce
2253 2665 2426 2722 beate
2453 2666 2577 2735 tibi,
2608 2664 2831 2739 praesul
2859 2664 3026 2720 dedit
3054 2665 3223 2720 alma
3249 2661 3480 2734 Synesi.

381 2757 705 2830 Martyricis
729 2756 922 2826 sertis,
952 2772 1186 2813 sumere
1211 2755 1392 2828 plena
1418 2756 1590 2813 rosis.
2153 2754 2402 2811 Nomine
2431 2754 2561 2826 lege
2591 2754 2740 2829 poli,
2764 2769 2902 2810 ecce
2931 2753 3107 2809 beate
3137 2751 3263 2808 tibi.

307 2845 566 2916 Agmina
596 2849 736 2901 sunt
764 2844 1016 2912 Domini,
1046 2860 1191 2901 nam
1219 2843 1406 2900 rubra
1433 2859 1644 2901 cruore
1670 2843 1861 2900 suavi.
2081 2843 2347 2902 Trutinat
2369 2844 2645 2914 excidua,
2676 2844 2917 2916 sphaera
2944 2841 3101 2898 tauri
3129 2837 3407 2895 membra
3435 2843 3756 2912 perempta

383 2936 563 2992 Sacra
592 2934 804 2990 nidore
827 2933 970 3007 poli,
1004 2933 1250 3004 agmina
1277 2937 1418 2989 sunt
1445 2932 1701 2989 Domini.
2154 2936 2222 2990 Et
2249 2937 2351 2989 tua
2379 2949 2629 3006 prorsus
2661 2949 2844 3005 aqua,
2875 2931 3123 2987 trutinat
3151 2927 3425 2984 excidua.

306 3023 641 3097 Martyriale
664 3023 868 3090 decus,
896 3023 1319 3095 Theopompus
1363 3020 1637 3095 splendet
1682 3024 1740 3077 et
1781 3025 1970 3077 artus.
2083 3022 2244 3078 Pavit
2269 3037 2480 3078 amara
2511 3023 2703 3096 pium,
2734 3020 2974 3077 dulcem
2999 3018 3164 3074 dedit
3183 3014 3364 3074 aifola
3394 3019 3664 3085 gustum.

380 3112 596 3168 Antula
626 3115 822 3182 gestat
850 3126 1026 3184 opus,
1054 3109 1400 3183 martyriale
1425 3110 1628 3166 decus.
2156 3111 2344 3184 Impia
2371 3108 2569 3182 plasta
2593 3110 2814 3178 virum,
2843 3107 3010 3181 pavit
3039 3120 3246 3163 amara
3265 3103 3456 3177 pium.

308 3200 526 3257 Reddit
549 3217 696 3274 opes
728 3199 1002 3270 magicis,
1030 3199 1281 3256 liberato
1312 3199 1572 3256 restibus
1606 3196 1764 3254 atris.
2081 3201 2258 3271 Angit
2275 3215 2487 3256 amens
2513 3200 2782 3266 oculum,
2817 3200 3016 3254 Caesar
3041 3194 3193 3252 sacri
3223 3197 3594 3267 reparatum.

378 3292 555 3346 Tersa
571 3287 782 3362 Synesi
808 3287 916 3355 vis,
947 3287 1144 3345 reddit
1171 3302 1319 3360 opes
1349 3287 1622 3359 magicis.
2157 3289 2479 3362 lnspiciens
2505 3290 2768 3360 origum,
2803 3286 2970 3356 angit
2998 3300 3206 3343 amens
3237 3282 3481 3340 oculum
3513 3300 3528 3342 :

306 3377 653 3434 Ymnidicos
684 3376 987 3444 modulos,
1026 3376 1268 3433 reboate
1292 3374 1463 3448 lyges
1491 3373 1818 3449 lapidosos.
2080 3381 2305 3450 Aspera
2329 3377 2649 3450 supplicia,
2678 3373 2906 3432 stabilis
2931 3375 3354 3447 Theopompus
3385 3371 3466 3429 ad
3493 3377 3650 3432 acta.

380 3465 624 3522 Reddite
653 3480 762 3538 per
788 3480 1056 3538 campos,
1083 3463 1466 3537 hymnidicos
1488 3463 1792 3520 modulos.
2152 3463 2364 3520 Pandit
2390 3480 2586 3523 ovans
2616 3470 2821 3534 tenua,
2853 3479 3066 3536 aspera
3095 3461 3407 3536 supplicia.

305 3554 509 3610 Intulit
537 3569 613 3610 en
643 3553 831 3610 nitida
859 3553 1030 3609 vobis
1056 3553 1400 3610 Nicomedia
1438 3553 1648 3609 fulcra.
2082 3553 2224 3610 inde
2252 3552 2388 3627 pius
2418 3554 2626 3624 gladio
2645 3553 2956 3628 jugulatus
2985 3551 3044 3609 in
3083 3552 3304 3608 aethera
3331 3554 3458 3608 tuto

381 3641 614 3698 Bebrua
642 3641 807 3697 dona
833 3656 942 3696 sua
967 3641 1162 3697 intulit
1184 3656 1260 3698 en
1282 3640 1510 3698 nitidia.
1999 3689 2042 3745 ο
2153 3645 2350 3699 Gestat
2377 3659 2631 3703 amcena
2654 3645 2806 3711 loco,
2841 3643 2977 3700 inde
3002 3643 3136 3715 pius
3165 3640 3384 3712 gladio.

307 3731 582 3788 Vestibus
613 3730 922 3799 athleticis,
954 3730 1262 3786 redimitoa
1289 3733 1531 3803 pangite
1559 3730 1734 3787 notis.
2001 3730 2041 3745 ν
2083 3733 2232 3789 Vivit
2256 3733 2319 3788 in
2345 3749 2482 3789 arce
2511 3735 2719 3800 nimis,
2750 3735 3137 3805 Theonasque
3167 3730 3449 3803 Synesius
3472 3733 3651 3790 arvis.

385 3821 468 3877 Sit
490 3819 652 3876 salus
683 3823 747 3874 ut
777 3818 962 3886 tectis,
994 3818 1261 3874 vestibus
1287 3818 1594 3875 athleticis.
2155 3823 2255 3877 Sat
2283 3823 2696 3893 catapalastus
2731 3821 2921 3894 equis,
2951 3821 3093 3875 vivit
3119 3822 3179 3874 in
3211 3835 3345 3875 arce
3366 3821 3568 3876 nimis.

305 3911 556 3982 Semper
585 3923 772 3979 agens
802 3908 966 3975 Itala,
986 3907 1367 3964 stomachum
1389 3912 1691 3980 pagatque
1713 3911 1968 3963 caterva.
2082 3915 2311 3966 Funera
2339 3909 2487 3964 dum
2518 3911 2742 3966 relevat
2772 3909 3111 3966 Nicomedia
3140 3908 3310 3981 plebs
3341 3913 3397 3964 et
3425 3909 3702 3981 adornat,

380 4003 598 4054 Annua
626 3996 726 4052 det
749 3996 958 4068 jubila,
991 4013 1228 4070 semper
1257 4011 1444 4065 agens
1475 3994 1635 4052 Itala.
2152 4002 2299 4054 Ecce
2329 4001 2606 4054 Nonanta
2629 3999 2829 4064 micat,
2861 3997 3072 4054 funera
3104 3997 3252 4052 dum
3280 3995 3520 4053 relevat.

307 4086 554 4143 Cantica
569 4085 697 4156 jam
729 4083 891 4146 socii,
927 4084 1247 4140 reboemus
1268 4084 1407 4139 hinc
1436 4083 1826 4156 Theopompi.
2082 4085 2356 4159 Lygurici
2385 4086 2618 4157 populi,
2645 4086 2817 4142 vobis
2847 4089 2985 4143 sunt
3012 4101 3147 4142 ecce
3177 4085 3432 4158 patroni.

381 4177 531 4230 Rata
559 4178 773 4230 sonent
801 4172 1053 4245 graphii,
1086 4172 1319 4229 cantica
1343 4173 1472 4244 jam
1501 4171 1664 4228 socii.
2149 4177 2179 4230 J
2186 4190 2287 4230 am
2315 4178 2590 4230 venerate
2611 4174 2754 4243 dati,
2783 4174 3056 4247 Lygurici
3083 4173 3310 4247 populi.

307 4263 471 4321 Ordo
496 4263 639 4319 boet
667 4261 914 4333 cumuli,
943 4266 997 4318 et
1022 4277 1183 4318 nunc
1207 4261 1376 4334 praeit
1406 4276 1625 4330 magne
1667 4261 1896 4332 Synesi.
2079 4263 2320 4321 Cantica
2349 4278 2519 4318 sacra
2551 4266 2670 4319 Deo
2699 4269 2935 4320 resonet
2960 4264 3136 4338 polus
3165 4264 3370 4320 ordine
3400 4264 3576 4321 trino.

381 4351 613 4423 Inclyta
640 4353 845 4406 sancte
871 4349 978 4421 tui,
999 4349 1150 4406 ordo
1179 4350 1320 4405 boet
1344 4348 1586 4405 cumuli.
2151 4354 2384 4408 Intonet
2409 4351 2609 4406 omnis
2637 4351 2822 4408 homo
2861 4353 3094 4408 cantica
3122 4368 3294 4409 sacra
3324 4355 3462 4410 Deo.

306 4439 568 4496 Suscitat
595 4438 874 4511 impietas
905 4438 1204 4494 decimam
1231 4442 1461 4510 pestem
1489 4453 1598 4510 per
1627 4453 1790 4506 eoas,
2078 4441 2254 4497 Trina
2282 4454 2536 4496 manens
2566 4440 2838 4497 maculas
2882 4447 3116 4498 nostras
3160 4442 3318 4498 lavet
3360 4441 3522 4499 alma
3566 4447 3734 4516 pote-

383 4525 744 4586 Christicolis
773 4525 1106 4597 machinas,
1149 4525 1396 4581 suscitat
1423 4524 1719 4596 impietas.
2153 4529 2501 4601 Expietipsa
2525 4529 2678 4585 feras
2703 4531 2860 4587 trina
2889 4547 3144 4588 manens
3173 4532 3462 4588 maculas.
3563 4533 3730 4604 [stas.

307 4617 489 4687 Angit
517 4632 706 4688 opum
736 4615 1010 4688 cupidus,
1045 4615 1295 4671 tinctum
1327 4613 1729 4671 Dioclitianus.
2081 4623 2284 4690 Regna
2311 4617 2429 4673 tuis
2455 4617 2694 4674 famulis
2723 4619 3010 4689 tribuens,
3042 4622 3214 4688 Deus,
3257 4636 3456 4676 annue
3483 4622 3656 4676 votis.

382 4709 505 4761 Rex
529 4704 749 4760 violare
780 4719 993 4773 genus,
1023 4704 1189 4776 angit
1216 4719 1403 4776 opum
1443 4702 1718 4775 cupidus.
2151 4705 2350 4763 Redde
2380 4706 2691 4779 vicemque
2721 4707 2918 4776 bonis,
2949 4723 3137 4777 regna
3160 4709 3274 4764 tuis
3305 4708 3565 4765 famulis.

307 4795 491 4852 Multa
516 4793 630 4848 sibi
661 4793 911 4848 stolidus
940 4808 1083 4848 nam
1106 4792 1326 4848 fecerat
1354 4791 1515 4847 idola
1545 4807 1789 4864 pravus,
2364 4800 2573 4851 Amen.

387 4882 633 4938 Ethnica
658 4882 811 4937 dans
842 4881 1039 4950 latius,
1066 4881 1256 4937 multa
1286 4882 1397 4936 sibi
1428 4880 1699 4936 stolidus.
2755 4887 3077 4956 Hymnum.

309 4973 399 5029 Nil
429 4971 615 5026 valuit
645 4987 838 5025 nocuo
869 4969 1028 5025 cultu
1059 4975 1375 5025 veneratus
1406 4969 1637 5041 Apollo.
2367 4971 2599 5028 Celsum
2629 4971 3000 5046 triumphum
3031 4977 3367 5047 martyrum

385 5061 522 5116 Dira
554 5061 740 5115 Diana
770 5075 960 5129 sacro,
984 5058 1068 5112 nil
1099 5059 1283 5113 valuit
1321 5074 1540 5113 nocuo.
2001 5050 2044 5102 Β
2366 5061 2710 5129 Pangamus
2740 5077 2950 5116 omnes
2980 5078 3274 5135 annuum,

309 5149 580 5206 Eximius
612 5147 880 5216 rutilans,
915 5146 1040 5202 adit
1064 5151 1123 5202 at
1145 5147 1570 5218 Theopompus
1598 5149 1656 5201 et
1683 5146 1933 5216 instans,
2366 5150 2587 5203 Devota
2612 5154 2809 5205 mente
2841 5150 3174 5206 maximum

384 5237 644 5295 Destruit
671 5241 801 5292 atra
830 5235 1054 5306 solans,
1082 5235 1336 5291 eximius
1361 5233 1632 5290 rutilans.
2367 5237 2594 5294 Christo
2623 5237 2874 5294 ferentes
2905 5240 3224 5295 canticum.

309 5329 432 5384 Ista
457 5327 643 5382 miser
672 5325 931 5392 macida,
965 5323 1304 5380 stantidola
1334 5339 1495 5378 vana
1523 5337 1634 5378 nec
1659 5321 1840 5380 alma.
2367 5326 2700 5383 Psallamus
2731 5331 2792 5384 at
2821 5327 3200 5400 Theopompi

383 5419 532 5473 Tota
559 5414 753 5484 magis
778 5429 994 5480 nocua,
1028 5413 1143 5470 ista
1170 5411 1348 5468 miser
1379 5409 1638 5467 macida.
2367 5417 2496 5472 Mox
2525 5415 2702 5484 bella,
2735 5431 2839 5472 seu
2868 5415 3098 5485 Synesii

307 5510 538 5564 Auctor
557 5507 614 5560 et
642 5503 1025 5576 omnipotens
1058 5505 1213 5558 Deus
1241 5506 1347 5570 est,
1379 5499 1541 5557 orbis
1581 5497 1708 5556 sola
1745 5499 1979 5572 ﬁngens
2367 5505 2608 5562 Virtutis
2639 5509 2771 5562 acta
2801 5503 3003 5569 lucidi,

387 5597 620 5653 Cuncta
649 5608 836 5648 manu
863 5592 1150 5662 retinens,
1174 5595 1380 5647 auctor
1408 5593 1465 5647 et
1494 5588 1874 5661 omnipotens
2372 5596 2480 5649 Pro
2510 5593 2663 5663 regis
2692 5591 2792 5648 alti
2823 5589 3062 5646 muniis.

308 5685 531 5746 Trinus
558 5681 788 5739 honore
809 5679 964 5754 jugi,
993 5679 1220 5738 sobolis
1251 5694 1360 5737 seu
1385 5676 1647 5736 ﬂaminis
1673 5675 1836 5748 almi,
2374 5680 2444 5736 Hi
2471 5694 2736 5755 namque
2763 5677 2897 5736 vitae
2926 5678 3169 5750 gaudia,
