4166 6162
242 189 355 246 885
1404 185 1636 244 8ΕῆΜο
1677 190 1744 245 ΙΝ
1787 186 2064 245 νιριιιῐδ
2109 189 2166 246 S.
2213 187 2598 248 BENEDICTI.
3629 200 3732 255 886

240 327 460 370 eorum
504 306 923 370 inveniuntur,
955 321 1095 378 quae
1141 305 1205 360 in
1253 306 1476 362 Latinis
1515 325 1640 365 non
1688 316 1850 381 sunt,
1883 313 1945 367 in
1976 316 2022 368 Α
2126 311 2233 368 Sec
2271 318 2328 368 et
2375 315 2504 370 haec
2556 329 2662 386 per
2708 316 2900 372 multa
2949 315 3235 383 tempora
3282 336 3417 378 cum
3459 323 3521 377 in
3550 319 3728 376 corde

241 402 522 458 Latinum
567 399 991 450 converterem
1040 393 1335 462 linguam.
1389 395 1505 450 Sed
1556 413 1670 467 ego
1723 400 1945 471 saepius
2056 419 2192 459 meo
2246 419 2563 468 versarem,
2624 407 2680 458 et
2737 406 3040 460 nescirem
3100 409 3300 466 utrum
3357 411 3460 466 tibi
3517 408 3724 464 obedi-

239 487 507 566 Opposui
553 485 656 542 tibi
704 484 1102 541 rusticitatem
1146 483 1266 538 mei
1309 486 1630 552 sermonis,
1665 487 1944 543 eonside-
2055 509 2203 558 rem,
2267 499 2369 549 aut
2423 493 2824 563 ignorantiam
2888 506 3095 548 meam
3155 497 3383 554 silentio
3435 503 3716 567 tegerem,

238 597 390 638 rans
439 581 615 636 tantae
666 573 1010 630 latitudinis
1063 571 1283 644 pelago
1322 588 1422 626 me
1452 573 1532 628 ad
1561 578 1945 631 transmean-

241 671 399 725 dnm
431 682 549 724 non
596 677 786 736 posse
820 661 1093 717 sufﬁcere
1125 676 1266 715 cum
1299 664 1425 715 tam
1456 677 1654 733 parva
1683 665 1944 720 scientia!

242 757 547 823 navicula,
579 768 730 808 cum
779 753 899 806 sint
949 748 1099 805 tanti
1131 764 1442 805 sermones
1480 753 1755 826 tantique
1785 753 1942 820 libri,

246 853 316 904 ut
363 844 740 902 conﬁdenter
766 842 991 904 dicam,
1027 837 1078 893 si
1129 838 1529 895 surrexissent
1558 842 1940 908 Ambrosius,

248 936 656 1006 Augustinus,
719 932 1129 1000 Hieronymus
1183 933 1364 1000 atque
1419 931 1774 1001 Gregorius,
1835 930 1944 1003 qui

250 1027 499 1082 fuerunt
525 1020 858 1077 doctissimi
903 1019 964 1073 in
1006 1021 1260 1088 utraque
1292 1017 1564 1085 scientia,
1600 1020 1805 1077 divina
1832 1019 1944 1074 sci-

2057 582 2428 654 quandoque
2457 582 2574 636 tuis
2605 581 2875 636 devictus
2898 578 3566 653 adhortationibus,nec
3593 598 3718 638 non

2056 674 2112 724 et
2157 669 2418 725 conﬁsus
2448 670 2509 725 in
2559 668 2997 726 benevolentia.
3030 670 3269 727 Patrum
3315 672 3712 744 fratrumque,

2053 756 2117 812 in
2164 773 2425 830 quorum
2473 758 2755 814 manibus
2807 761 3061 813 ventura
3109 763 3248 814 sunt
3292 761 3419 815 haec
3449 759 3714 832 capitula

2054 861 2162 901 seu
2217 847 2619 914 narrationes,
2675 847 2780 919 qui
2830 846 3092 915 benigne
3149 861 3249 902 eas
3305 847 3597 918 corrigere
3656 851 3716 902 et

2054 935 2374 991 emendare
2418 935 2761 1002 studebant,
2795 933 3112 1005 aggrediar
3138 934 3254 990 hoc
3303 949 3456 1006 opus
3481 935 3714 1005 injunc-

2055 1027 2210 1092 tum,
2261 1025 2602 1080 invocando
2660 1025 2998 1095 adjutorem
3061 1023 3340 1095 Spiritum
3399 1027 3710 1094 sanctum,

246 1117 392 1171 licet
441 1119 498 1168 et
543 1112 838 1176 humana,
873 1113 931 1163 et
978 1106 1198 1161 fuerint
1241 1106 1301 1160 in
1359 1106 1710 1179 eloquentia
1758 1109 1942 1166 veluti

250 1207 520 1278 quatuor
546 1199 812 1274 paradisi
857 1197 1136 1260 ﬂumina,
1163 1195 1277 1267 ipsi
1325 1195 1577 1268 quidem
1609 1215 1717 1271 per
1749 1200 1940 1255 multa

249 1301 533 1366 tempora
581 1289 875 1344 haberent
933 1301 1070 1358 qua:
1127 1285 1319 1340 facere
1368 1293 1641 1357 possent.
1695 1291 1934 1354 Quanto

252 1384 456 1454 magis
488 1395 618 1450 ego,
652 1394 792 1434 cum
820 1377 933 1432 sim
966 1374 1254 1430 minimus
1281 1374 1577 1443 omnium,
1599 1382 1657 1434 et
1682 1379 1741 1434 in
1774 1384 1934 1435 utra-

252 1491 379 1548 que
414 1470 658 1528 scientia
703 1468 902 1523 minus
952 1465 1238 1532 eruditus,
1271 1469 1328 1521 et
1356 1481 1574 1522 sensus
1603 1484 1729 1540 prae
1756 1472 1928 1526 estate

248 1566 386 1636 jam
418 1560 492 1616 sit
518 1557 868 1622 diminutas,
897 1559 956 1610 et
981 1554 1137 1610 oculi
1162 1553 1546 1623 caligaverint
1573 1556 1763 1614 mihi?

1153 1753 1398 1762 _..—.-..;....
1411 1750 1604 1760 ...ηηρ--υη-
1616 1753 1640 1760 ο
1654 1754 1830 1760 -...—_—._
1839 1755 1848 1759 -
1857 1753 2134 1760 -ὼν-*σαι-
2143 1749 2497 1759 _--_...—_—__.-.¢
2531 1753 2606 1759 ..-
2623 1751 2968 1760 _...—————-_

2051 1113 2154 1185 qui
2206 1113 2393 1184 aperit
2467 1129 2573 1168 ora
2631 1118 2938 1169 mutorum
2991 1118 3048 1169 et
3096 1112 3334 1183 linguas
3387 1112 3710 1168 infantium

2049 1201 2189 1258 facit
2238 1203 2509 1258 disertas.
2548 1203 2711 1258 Unde
2759 1219 2971 1274 precor
3021 1217 3130 1257 vos
3181 1217 3392 1258 omnes
3447 1202 3550 1274 qui
3587 1202 3709 1257 lec-

2048 1293 2160 1346 turi
2188 1293 2326 1347 estis
2353 1310 2364 1359 ;
2393 1293 2560 1363 quod
2591 1291 3015 1359 corrigendum
3043 1296 3151 1361 est,
3185 1291 3496 1361 corrigite;
3538 1290 3709 1363 quod

2043 1380 2518 1445 emendandum,
2549 1380 2890 1452 emendate,
2920 1384 2976 1436 et
3004 1380 3173 1451 mihi,
3207 1394 3436 1452 quaeso,
3462 1379 3706 1436 veniam

2040 1470 2202 1525 date.

1109 1753 1398 1762 ——-_..—.-..;.~
1411 1750 1604 1760 -———--———-_...
1616 1753 1640 1760 ο
1654 1754 1830 1760 -...—_—._
1839 1755 1848 1759 -
1857 1753 2134 1760 -ὼν-ψ...-
2143 1733 2497 1759 ----σ-σ--ι-‹⁵γ‹
2531 1753 2606 1759 .——.

1664 1901 1810 1941 ANNO
1852 1901 2048 1941 DOHINI
2090 1899 2312 1941 DCCCCL.

1377 2069 2588 2218 LAUBEENTIUS

721 2314 1166 2371 CASSINENSIS
1203 2314 1468 2369 PRIMUM
1507 2312 1911 2380 MONACHUS,
1953 2313 2227 2370 POSTEA
2265 2310 2580 2366 INCERTIE
2623 2312 2819 2368 SEDIS
2861 2312 3235 2369 EPISCOPUS

1525 2547 1896 2654 NOTITIA
1943 2583 2433 2654 HISTORICA
2559 2689 2574 2708 ο

1328 2730 1344 2798 (
1371 2727 1547 2800 Apud
1577 2728 1706 2796 Mai,
1739 2727 2037 2800 Spicilegii
2067 2724 2322 2782 Romani
2359 2727 2504 2780 tom.
2536 2726 2624 2796 ν.)

331 2994 533 3063 Petrus
559 2988 856 3063 Diaconus
885 2987 947 3042 in
972 2986 1174 3063 libello
1205 2985 1453 3063 Deviris
1482 2984 1812 3041 illustribus
1843 2983 2454 3063 Casinensibusucap.
2481 2987 2534 3050 6,
2569 2984 2697 3063 haec
2725 2985 2934 3063 habet:
2968 2985 3317 3063 Laurentius
3343 2982 3692 3063 Casinensis

258 3062 519 3119 ctenobii
550 3061 907 3122 monachus,
934 3058 1665 3129 scientiagantecessorum
1686 3072 1942 3129 suorum
1974 3060 2115 3129 post
2137 3057 2585 3110 sanctissimum
2614 3057 3018 3129 Benedictum,
3043 3058 3189 3113 nulli
3209 3057 3470 3128 inferior,
3498 3058 3694 3116 factus

257 3135 599 3208 episcopus,
630 3136 761 3208 et_c.,
788 3146 1131 3208 sermonem
1162 3128 1235 3184 de
1267 3128 1424 3208 beati
1454 3125 1752 3208 Benedicti
1783 3125 1998 3208 vigilia
2019 3127 2359 3207 elegantem
2385 3127 2786 3208 coxi;iposuit.)3
2814 3125 3037 3208 sedem
3058 3129 3348 3208 Laurentii
3379 3125 3694 3208 episcopa-

256 3197 377 3262 lém
400 3197 742 3260 Casinensia
775 3207 1168 3257 monumenta
1195 3215 1316 3255 non
1351 3199 1668 3268 designant
1694 3217 1705 3266 ;
1739 3197 1947 3270 ipsam
1976 3203 2178 3253 tamen
2209 3197 2366 3252 circa
2386 3197 2615 3252 annum
2649 3198 2856 3256 Christi
2878 3203 2981 3257 950
3000 3200 3271 3257 ﬂoruisse
3304 3197 3478 3258 tradit
3499 3197 3694 3259 Marus

258 3280 320 3334 in
351 3274 839 3332 adnotationibus
890 3273 989 3344 ad,
1019 3275 1252 3344 Petrum
1279 3271 1650 3344 ADiaconum.
1700 3272 2070 3344 sequentem
2095 3283 2255 3344 ergo
2304 3283 2648 3344 sermonem
2688 3287 2759 3327 ex
2801 3271 3004 3329 codice
3032 3273 3317 3330 Vaticano
3361 3273 3516 3344 1202,
3549 3273 3695 3332 olim

259 3348 588 3414 Casinensi,
622 3343 1086 3414 Longobardicis
1118 3342 1324 3399 litteris
1357 3342 1576 3415 scripto
1607 3344 1664 3396 et
1689 3341 1844 3398 mire
1876 3343 2060 3416 picto,
2095 3341 2351 3397 libenter
2378 3341 2640 3413 profero.

1539 3700 2415 3800 LAURENTII

741 3905 1069 3996 SERMO
1128 3904 1233 3995 IN
1294 3903 1710 3994 VlGlLIIS
1775 3904 2199 3995 SANCTIS
2258 3853 2619 3996 PATRIS
2680 3905 3209 4018 BENEDIGTI

334 4208 590 4266 Almiﬁci
613 4207 798 4264 Patris
829 4205 1014 4262 nostri
1058 4202 1375 4268 Benedicti,
1407 4219 1444 4259 ο
1471 4203 1933 4262 venerabillima
1963 4211 2002 4263 Β
2037 4210 2271 4262 tantum
2295 4205 2532 4262 Patrem
2562 4205 3002 4279 excipiendum.
3040 4206 3343 4280 Siquidem
3371 4208 3528 4266 illius
3551 4226 3691 4270 cum

265 4300 494 4365 concio,
548 4297 896 4354 celebraturi
931 4295 1244 4365 solemnia,
1296 4293 1758 4365 cunctipotentis
1807 4297 1927 4364 Dei,

266 4389 370 4462 qui
391 4388 764 4462 perfectionis
787 4386 1024 4442 culmen
1047 4384 1099 4441 ei
1121 4382 1408 4439 scandere
1439 4383 1755 4450 concessit,
1782 4401 1928 4457 sup-

266 4479 450 4552 plices
478 4478 815 4548 ﬂagitemus
847 4473 1244 4541 clementiam,
1269 4477 1568 4546 quatenus
1597 4489 1771 4528 mens
1792 4490 1931 4529 nos-

267 4574 380 4640 tra,
407 4569 687 4624 vitiorum
731 4565 1059 4623 emundata
1106 4563 1406 4634 rubigine,
1439 4561 1524 4618 sic
1570 4562 1664 4618 sui
1688 4565 1928 4635 patroni

268 4657 481 4715 devote
536 4655 907 4729 praestoletur
961 4655 1306 4722 adventum,
1367 4656 1430 4708 ut
1482 4653 1610 4724 ejus
1668 4668 1927 4724 praesen—

270 4748 416 4806 tiam
444 4744 791 4808 laetabunda
815 4748 1114 4800 mereatur
1143 4741 1442 4815 amplecti.
1478 4741 1824 4798 Nullatenus
1855 4740 1928 4796 si-

271 4836 515 4910 quidem
539 4833 941 4894 dubitandum
988 4835 1094 4902 est,
1127 4831 1290 4887 hunc
1321 4830 1797 4888 sacratissimum
1825 4847 1930 4903 pa-

272 4929 509 4981 tronum
557 4923 765 4978 adesse
808 4920 982 4976 nobis
1035 4924 1416 4992 praesentem,
1449 4936 1588 4974 cum
1627 4918 1757 4990 ejus
1804 4917 1928 4988 glo-

270 5015 495 5069 riosam
544 5011 916 5068 festivitatem
971 5009 1307 5066 devotionis
1369 5009 1561 5065 colere
1616 5008 1928 5065 studemus

271 5101 505 5157 affectu.
545 5103 608 5155 Et
663 5099 932 5172 quidem,
987 5114 1128 5153 cum
1187 5097 1353 5153 omni
1405 5101 1670 5170 tempore
1720 5097 1926 5152 obser-

268 5195 475 5246 vantes
528 5188 790 5245 almiﬁca
845 5204 954 5243 sua
1011 5186 1303 5242 mandata
1354 5185 1569 5258 pietate
1618 5184 1786 5241 solita
1843 5185 1929 5240 di-

272 5284 486 5350 gnetur
525 5272 803 5342 invisere,
845 5275 1202 5350 munireque
1251 5291 1373 5331 non
1425 5271 1679 5343 desinat,
1706 5273 1767 5329 in
1814 5273 1927 5330 hac

270 5374 474 5426 tamen
522 5380 633 5424 sua
680 5366 1059 5424 sanctissima
1108 5365 1483 5421 solemnitate
1515 5359 1755 5436 speciali
1785 5379 1929 5436 qua-

270 5459 414 5517 dam
444 5457 816 5515 humanitate
848 5458 970 5513 suis
990 5457 1274 5513 interesse
1296 5451 1641 5524 dignabitur
1663 5448 1926 5524 famulis,

269 5549 375 5624 qui
389 5548 593 5621 utique
621 5547 938 5621 specialius
970 5547 1263 5618 solitoque
1288 5560 1452 5600 more
1475 5542 1746 5600 devotius
1764 5545 1930 5601 omni

2037 4295 2245 4368 capitis
2293 4299 2526 4350 constat
2580 4311 2708 4352 esse
2758 4295 3139 4368 potissimum
3189 4299 3553 4372 membrum,
3586 4303 3692 4374 qui

2035 4383 2380 4455 evangelica
2441 4383 2720 4441 intonans
2784 4401 2930 4442 voce
2981 4385 3177 4444 dicere
3232 4391 3321 4445 est
3365 4389 3686 4462 dignatus:

2037 4473 2142 4531 Ubi
2199 4473 2322 4529 duo
2372 4473 2461 4530 vel
2507 4479 2621 4530 tres
2659 4475 3005 4546 congregati
3056 4475 3275 4535 fuerint
3322 4479 3386 4535 in
3445 4482 3689 4538 nomine

2033 4581 2193 4635 meo,
2214 4563 2329 4619 illic
2360 4568 2418 4619 et
2440 4579 2553 4636 ego
2581 4565 2642 4620 in
2672 4565 2874 4622 medio
2902 4582 3112 4622 eorum
3133 4583 3234 4624 ero
3255 4568 3494 4640 (Matth.
3518 4586 3684 4639 xvni,

2032 4655 2146 4726 20).
2179 4654 2235 4711 Si
2264 4668 2404 4723 ergo
2435 4659 2636 4727 caput,
2670 4655 2952 4724 Christus,
2983 4656 3254 4714 videlicet
3279 4658 3456 4715 nobis
3483 4659 3547 4716 in
3577 4674 3687 4717 suo

2032 4743 2278 4798 nomine
2344 4744 2722 4815 congregatis
2786 4744 2996 4800 adesse
3049 4744 3354 4816 dignatur,
3406 4748 3538 4820 ejus
3580 4750 3690 4806 uti-

2032 4847 2151 4904 que
2226 4832 2503 4888 membra
2559 4832 2898 4888 nullatenus
2953 4833 3193 4892 absunt.
3255 4835 3316 4893 Si
3389 4841 3592 4896 autem
3633 4840 3688 4896 ei

2033 4921 2330 4987 membra,
2383 4920 2547 4976 electi
2603 4921 2824 4978 scilicet
2881 4939 3124 4993 omnes,
3175 4927 3530 4996 generaliter
3587 4945 3686 4986 as-

2034 5014 2191 5072 sunt,
2223 5015 2450 5082 quanto
2493 5010 2687 5080 magis
2714 5010 3207 5080 gloriossissimus
3243 5019 3536 5087 patronus
3557 5034 3690 5075 nos-

2033 5104 2118 5156 ter
2175 5099 2544 5166 Benedictus,
2579 5100 2709 5171 ejus
2756 5101 3067 5158 adhaerens
3119 5120 3260 5160 suos
3311 5106 3469 5163 fovet
3512 5107 3686 5162 clien-

2035 5194 2138 5256 tes,
2167 5205 2496 5261 eorumque
2524 5191 2873 5262 precamina
2898 5198 3159 5266 votaque
3197 5195 3459 5250 salubria
3489 5194 3686 5250 studet

2035 5278 2201 5352 apud
2231 5277 2513 5334 eumdem
2543 5278 2940 5338 Altithronum
2981 5282 3405 5338 commendare
3424 5281 3452 5336 ?
3495 5283 3683 5347 Quem

2034 5369 2236 5442 utique
2312 5372 2476 5425 tanto
2547 5367 2776 5426 facilius
2825 5375 3094 5428 nostram
3155 5370 3474 5442 impetrare
3520 5371 3683 5428 salu-

2035 5463 2155 5516 tem
2204 5458 2281 5514 ab
2330 5458 2544 5516 eodem
2583 5462 2703 5516 Deo
2753 5463 2808 5515 et
2858 5459 3111 5515 Domino
3147 5461 3352 5516 nostro
3380 5459 3547 5516 haud
3575 5460 3686 5517 du-

2034 5550 2131 5606 bie
2157 5548 2478 5614 credimus,
2503 5554 2728 5622 quanto
2757 5551 2892 5622 post
2918 5547 3130 5603 beatos
3169 5551 3228 5606 et
3269 5554 3510 5607 sanctos
3541 5565 3684 5625 apo-

268 5638 570 5697 industria
615 5654 728 5696 sua
757 5637 998 5696 student
1035 5635 1369 5712 praecordia
1406 5649 1642 5692 comere
1691 5634 1822 5708 [sic]
1852 5635 1932 5693 ad
1959 5639 1998 5696 C
2038 5636 2219 5694 stolos
2260 5654 2384 5712 prae
2413 5639 2641 5696 cunctis
2687 5654 2841 5716 pene
2884 5637 3211 5711 terrigenis,
3242 5644 3302 5700 et
3335 5641 3686 5698 meritorum
