4114 6146
459 114 564 168 887

1226 106 1594 162 LAURENTII
1635 59 2084 164 CA‘SSINENSIS
2125 107 2355 166 SERMO
2394 111 2461 166 ΙΝ
2503 111 2706 168 VlGlL.
2748 109 2807 166 S.
2849 109 3100 164 BENED.

456 232 647 304 gloria
675 231 1050 298 sublimatus,
1083 233 1140 286 et
1163 229 1591 286 miraculorum
1621 229 1954 300 ingentium
1984 229 2111 286 eﬂi-
2142 233 2190 288 Α
2217 233 2513 306 obsequio
2555 250 2662 308 per
2711 237 2959 291 stratam
3003 231 3200 306 polico
3247 230 3592 288 decoratam
3637 235 3880 300 ornatu,

455 320 633 377 caciis
680 318 1039 376 eminentius
1091 317 1384 375 exaltatus
1433 323 1542 375 est.
1577 319 1841 392 Denique
1869 318 2111 375 merito-

453 425 590 466 rum
636 408 766 480 ejus
805 407 1067 478 insignia
1112 407 1196 464 sic
1225 408 1509 464 humanis
1540 407 1894 464 omnimodo
1923 409 2114 465 admi-

451 497 645 554 randa
687 501 826 553 sunt
868 496 1164 564 sensibus,
1192 501 1258 554 ut
1303 513 1512 553 eorum
1565 497 1884 554 modulum
1930 497 2110 554 nimis

453 587 738 644 excellere
763 585 1101 642 videantur.

525 675 741 734 Puerili
766 691 1032 747 namque
1083 675 1196 731 sub
1226 691 1353 732 aevo
1397 676 1586 731 sancti
1631 675 1894 733 ﬂaminis
1923 677 2114 746 gratia

451 768 696 840 potitus,
725 765 810 821 ita
861 763 1032 820 senili
1079 763 1271 820 factus
1321 769 1410 821 est
1459 765 1775 837 sapientia,
1808 770 1871 822 ut
1897 765 2112 822 relictis

453 854 718 929 paternis
751 852 988 925 opibus,
1010 857 1328 926 spretaque
1355 870 1583 926 pompa
1611 855 1902 924 humana,
1925 871 2112 928 quam

451 943 700 1018 quidem
729 942 1074 1000 liberalibus
1123 943 1386 999 maxime
1419 943 1648 1000 artibus
1681 944 1985 1001 studentes
2015 961 2112 1001 as-

453 1032 622 1105 sequi
651 1037 792 1088 tunc
822 1031 1214 1098 conabantur,
1247 1036 1552 1105 postremo
1583 1033 1831 1088 nutricis
1871 1033 1980 1088 sibi
2011 1032 2117 1089 ob-

457 1121 760 1194 sequentis
789 1123 987 1192 spreto
1019 1120 1332 1188 solamine,
1357 1121 1618 1177 arduum
1643 1125 1866 1194 peteret
1887 1122 2116 1178 institu-

453 1213 600 1267 tum.
655 1209 875 1266 Callem
929 1225 1172 1282 quoque
1223 1209 1658 1282 perdifﬁcilem,
1707 1215 1941 1268 tantum
1991 1211 2114 1268 suis

453 1298 644 1355 eﬂ‘ecit
683 1297 1043 1370 sequacibus
1095 1298 1372 1371 exemplo
1419 1315 1674 1372 operum
1721 1301 2114 1374 doctrinaque

453 1387 739 1444 melliﬂua
766 1387 1022 1454 facilem,
1043 1391 1106 1442 ut
1129 1387 1331 1443 herilis
1357 1405 1470 1444 vox
1498 1389 1728 1461 passim
1753 1390 2114 1462 experiatur,

452 1493 576 1549 qua
601 1475 850 1532 dicitur:
905 1479 1124 1546 Jugum
1170 1475 1416 1548 quidem
1463 1494 1668 1532 meum
1718 1494 1898 1534 suave
1925 1483 2030 1546 est,
2059 1482 2116 1536 et

2216 321 2508 378 caelorum
2553 321 2886 396 tripudians
2935 321 3054 378 alta
3094 320 3459 378 conscendit.
3521 323 3750 392 Nempe
3796 317 3884 374 di-

2218 425 2403 481 gnum
2426 415 2534 480 est,
2568 417 2635 468 ut
2661 412 2792 484 ejus
2814 411 3254 484 amplectamur
3273 409 3487 466 devota
3515 408 3884 465 exultatione

2217 499 2528 569 solemnia,
2567 517 2750 574 quem
2793 516 2826 557 e
2867 502 3034 557 terris
3073 499 3440 556 abstractum
3469 514 3582 554 sua
3613 497 3884 556 Christus

2217 589 2422 646 ditavit
2447 590 2877 647 muniﬁcentia.
2913 593 3041 648 Non
3072 589 3151 646 ab
3181 605 3244 646 re
3279 593 3370 644 est
3395 603 3535 644 eum
3563 603 3694 660 prae
3719 591 3888 643 cate-

2216 679 2297 734 ris
2340 681 2561 736 sanctis
2609 679 2886 737 devotius
2935 678 3254 748 celebrare,
3287 677 3482 748 cujus,
3523 675 3738 731 divina
3789 688 3890 728 an-

2217 773 2437 824 nuente
2481 769 2814 836 clementia,
2865 768 3132 842 quotidie
3189 767 3532 840 experimur
3563 765 3882 836 juvamen.

2217 857 2396 911 Porro
2425 857 2599 914 valde
2628 861 2717 914 est
2743 857 3028 914 indecens
3056 861 3122 913 ut
3150 872 3292 912 eum
3317 871 3429 910 sua
3467 852 3718 927 propria
3743 867 3884 906 con-

2217 945 2330 1012 cio,
2365 951 2584 1004 conatu
2620 964 2744 1020 quo
2781 946 2959 1015 valet,
2997 945 3328 1016 gloriﬁcare
3377 943 3666 1015 negligat,
3697 955 3884 1014 quem

2218 1039 2429 1090 exterae
2459 1052 2734 1110 quaeque,
2763 1035 3095 1110 proculque
3123 1035 3332 1109 positae
3371 1031 3724 1106 provinciae.
3757 1045 3882 1086 me-

2217 1122 2468 1181 ritorum
2497 1126 2626 1197 ejus
2653 1126 2894 1200 spiculis
2921 1126 3246 1188 illustratae,
3278 1121 3682 1181 devotissimis
3711 1119 3885 1177 obse-

2218 1213 2374 1286 quiis
2403 1220 2781 1274 venerantur.
2810 1216 2924 1272 Sed
2951 1216 3190 1274 interim
3225 1214 3448 1288 quibus
3493 1212 3884 1286 potissimum

2217 1303 2314 1359 hic
2345 1309 2546 1361 noster
2564 1305 2946 1363 beatissimus
2969 1308 3138 1362 Pater
3151 1303 3436 1361 delectari
3461 1303 3752 1374 dignatur
3774 1298 3886 1356 ob-

2220 1393 2465 1466 sequiis,
2497 1395 2625 1467 ejus
2673 1400 2892 1453 sanctae
2941 1393 3323 1452 institutionis
3361 1391 3570 1464 regula
3617 1389 3886 1464 perlecta

2219 1481 2650 1557 diligenterque
2665 1488 3088 1558 perscrustata,
3101 1482 3554 1558 perpendamus
3578 1485 3888 1554 quatenus

453 1581 606 1621 onus
650 1580 856 1620 meum
901 1563 1051 1619 leve.
1087 1567 1235 1620 Nam
1280 1565 1451 1636 cujus
1501 1565 1774 1623 doctrina
1809 1565 2114 1640 eﬁatuque
2139 1581 2183 1637 Β
2219 1573 2350 1644 ejus
2379 1578 2694 1646 sequentes
2743 1574 3042 1631 tramitem
3077 1573 3266 1630 deviis
3303 1572 3647 1646 quibusque
3695 1568 3888 1642 possi-

453 1649 728 1722 miriﬁco,
757 1652 880 1707 imo
908 1652 1214 1724 praecipuo
1259 1653 1536 1727 exemplo
1585 1657 1750 1711 tanta
1791 1656 2114 1713 monacho-

451 1758 590 1798 rum
615 1739 884 1813 phalanx
911 1739 1128 1795 divinis
1161 1757 1222 1796 se
1249 1743 1618 1816 mancipavit
1648 1744 2110 1818 praeceptis,nisi

454 1829 603 1900 ejus,
631 1827 736 1900 qui
765 1831 884 1883 Deo
913 1829 1192 1900 praesule,
1207 1845 1278 1886 ea
1309 1847 1444 1903 quae
1474 1831 1806 1889 luculenter
1835 1837 1890 1889 et
1913 1833 2113 1891 suavi-

453 1923 540 1973 ter
564 1917 784 1985 docuit,
818 1932 996 1988 opere
1027 1916 1342 1975 efﬁcaciter
1370 1920 1757 1994 adimplevit?
1798 1924 1992 1988 Quam
2020 1922 2113 1979 di-

453 2009 707 2077 gnanter
732 2009 934 2061 autem
965 2009 1118 2061 Deus
1140 2007 1268 2078 ejus
1290 2009 1712 2080 approbaverit
1733 2009 2112 2082 famulatum,

451 2094 590 2150 hinc
642 2093 869 2165 liquido
918 2093 1116 2162 claret,
1159 2097 1325 2168 quod
1381 2113 1540 2168 eum,
1574 2114 1758 2171 quem
1811 2100 2013 2156 multis
2050 2101 2114 2157 in

451 2181 726 2254 exemplo
757 2181 892 2237 vitae
925 2198 1263 2255 proponere
1301 2184 1720 2258 destinaverat,
1753 2189 1814 2244 in
1841 2189 2114 2246 cavernis

450 2270 746 2327 montium
801 2269 906 2326 diu
956 2270 1186 2328 latitare
1251 2289 1642 2348 nequaquam
1698 2277 1988 2350 permisit.
2043 2281 2115 2337 Ut

451 2359 613 2415 enim
661 2358 723 2414 in
768 2359 899 2430 ejus
928 2359 1052 2416 vita
1079 2360 1312 2432 legitur,
1341 2379 1527 2434 quam
1555 2365 1769 2422 beatus
1798 2367 2112 2438 Gregorius

449 2447 699 2503 dulciter
725 2446 926 2515 edidit,
957 2452 1012 2504 et
1036 2449 1233 2521 primo
1279 2451 1520 2508 cuidam
1553 2454 1904 2526 presbytero
1928 2455 2113 2512 refec-

449 2536 674 2592 tionem
727 2535 841 2591 sibi
895 2535 956 2591 in
1010 2538 1284 2609 paschali
1333 2539 1704 2598 solemnitate
1747 2544 2112 2617 praeparanti

448 2621 774 2692 praecipere
794 2622 1077 2692 dignatus
1107 2630 1214 2696 est,
1246 2631 1308 2684 ut
1341 2643 1518 2684 suum
1539 2629 1991 2690 devotissimum
2021 2633 2108 2691 fa-

447 2708 683 2765 mulum
717 2709 782 2766 in
813 2712 1200 2785 scopulorum
1230 2715 1502 2790 abruptis
1541 2719 1740 2778 inedia
1769 2723 2106 2780 confectum

445 2797 742 2868 inviseret,
773 2803 831 2856 et
876 2803 1265 2874 postmodum
1314 2805 1578 2863 subulcis
1621 2813 1679 2865 et
1719 2809 1850 2867 aliis
1887 2828 2106 2885 quam-

2218 1677 2356 1718 mus
2397 1661 2712 1734 vigilanter
2759 1679 2961 1720 carere
3013 1663 3274 1720 dumetis
3298 1661 3450 1734 [sic].
3485 1663 3636 1717 Inter
3665 1663 3888 1716 cetera

2217 1751 2502 1808 nimirum
2527 1769 2664 1826 quee
2690 1753 3076 1811 celeberrima
3103 1752 3264 1810 idem
3297 1755 3464 1809 Pater
3491 1751 3734 1808 edocuit
3757 1749 3887 1804 ins-

2216 1844 2517 1898 trumenta
2545 1843 2851 1912 virtutum,
2883 1843 3235 1900 charitatem
3265 1858 3401 1916 quae
3431 1845 3520 1898 est
3565 1839 3884 1914 perfectio-

2217 1930 2310 1986 nis
2339 1931 2668 2000 vinculum,
2701 1931 3219 2006 humilitatemque
3248 1947 3434 2006 quam
3481 1934 3721 1986 constat
3747 1944 3886 1984 om-

2217 2019 2386 2076 nium
2411 2021 2778 2094 reliquarum
2823 2037 2955 2078 esse
2981 2021 3294 2078 custodem
3331 2021 3641 2088 virtutum,
3675 2017 3886 2092 praeci-

2217 2125 2335 2183 pue
2361 2111 3135 2170 commendavit.Psallendi
3153 2128 3395 2186 quoque
3408 2110 3678 2168 ofﬁcium
3693 2126 3886 2184 quam

2218 2203 2388 2257 caute
2413 2199 2862 2274 moderateque,
2891 2205 2950 2258 et
2997 2205 3065 2257 ut
3109 2202 3296 2275 ipsius
3343 2205 3478 2256 utar
3506 2199 3728 2270 elogio,
3758 2215 3888 2272 qua

2219 2289 2506 2360 gravitate
2568 2289 2746 2347 nobis
2813 2288 3223 2348 exhibendum
3270 2288 3638 2364 praeceperit,
3683 2293 3888 2344 vestra

2217 2377 2474 2435 charitas
2500 2379 2748 2436 minime
2777 2377 3013 2450 ignorat
3066 2381 3214 2438 Dicit
3245 2379 3408 2437 enim
3436 2379 3590 2435 inter
3616 2383 3882 2434 caetera:

2217 2469 2300 2525 sic
2329 2473 2555 2525 stemus
2585 2469 2666 2528 ad
2695 2470 3078 2543 psallendum
3103 2475 3170 2528 ut
3186 2486 3359 2528 mens
3389 2474 3610 2527 nostra
3623 2483 3882 2526 concor-

2214 2557 2315 2614 det
2342 2557 2476 2615 voci
2501 2563 2739 2616 nostrae.
2761 2562 2823 2615 In
2844 2560 3066 2634 quibus
3091 2560 3285 2617 verbis
3307 2559 3442 2616 luce
3471 2558 3698 2615 clarius
3731 2553 3892 2614 indi-

2213 2652 2328 2719 cat,
2359 2663 2484 2704 non
2528 2664 2590 2705 se
2614 2663 2834 2706 vocum
2865 2649 3205 2720 dulcedine,
3224 2650 3753 2722 immoderateque
3786 2665 3888 2703 su-

2214 2735 2462 2793 blimata
2492 2736 2808 2806 cantilena,
2837 2737 2944 2794 sed
2983 2739 3185 2811 potius
3237 2736 3610 2811 inspectione
3647 2737 3736 2791 vis
3763 2751 3890 2790 ver-

2211 2824 2451 2894 borum,
2481 2825 2827 2900 salubrique
2862 2827 3139 2884 delectari
3171 2827 3664 2900 compunctione.

445 2884 719 2996 ﬁnitimis
789 2903 930 2945 eum
979 2889 1182 2992 vomit.
1210 2893 1600 2992 ἴξιᾶηίῖθείθΐί·
1653 2898 1841 2969 Βίεηο
1895 2884 2106 2973 Procli]
2133 2938 2174 2996 ο
2285 2884 2642 2971 Studeamus
2668 2884 2891 2988 itaque,
2919 2884 3253 2974 dulcissimi
3277 2884 3588 2983 fratres,in
3613 2915 3737 2971 hac
3753 2911 3886 2984 ejus

444 2972 633 3032 dubio
675 2980 1005 3052 sanctoque
1052 2980 1303 3052 judicio,
1355 2989 1650 3055 quatenus
1681 2989 1805 3043 tam
1836 2972 2104 3047 emicans

443 3062 727 3121 virtutum
764 3066 1055 3142 exemplis
1095 3068 1358 3142 lucerna,
1393 3078 1638 3148 tamque
1675 3079 1995 3151 praenitens
2034 3081 2105 3136 si-

443 3164 702 3220 gnorum
743 3153 1011 3213 efﬁcacia
1035 3171 1299 3228 gemma,
1332 3160 1437 3218 diu
1480 3161 1594 3219 sub
1639 3163 1870 3222 latibuli
1897 3167 2102 3226 modio

443 3255 566 3296 non
596 3246 753 3299 esset
782 3244 1034 3303 occulta.
1995 3269 2000 3274 '

513 3333 692 3387 Porro
721 3337 951 3404 quanta
981 3335 1055 3392 sit
1101 3353 1240 3395 eum
1273 3343 1553 3400 comitata
1579 3345 1993 3417 prodigiorum
2021 3347 2105 3404 ef-

441 3416 672 3506 ﬁcacia,
701 3421 934 3479 nullam
962 3424 1112 3480 scire
1141 3425 1374 3500 difﬁdo,
1403 3447 1540 3486 cum
1587 3416 1792 3506 utique
1832 3439 1955 3493 tam
1983 3437 2102 3495 sint

440 3504 722 3596 insignia,
756 3513 821 3564 ut
846 3515 982 3582 post
1011 3518 1270 3582 sanctos,
1303 3521 1368 3572 ut
1393 3504 1714 3590 praefatum
1736 3528 1842 3594 est,
1867 3531 2104 3596 aposto-

437 3591 550 3664 los,
568 3593 622 3650 ei
648 3596 977 3668 specialiter
998 3602 1456 3674 quodammodo
1479 3623 1514 3664 a
1547 3591 1850 3670 Salvatore
1873 3591 2100 3672 dictum

437 3682 623 3739 fuisse
652 3685 945 3743 videatur.
972 3690 1193 3762 Majora
1221 3693 1314 3750 his
1361 3695 1568 3768 facies,
1601 3701 1850 3758 credens
1890 3703 1950 3760 in
1993 3721 2100 3763 no-

438 3771 601 3828 mine
632 3789 790 3831 meo.
823 3777 972 3834 Vere
995 3779 1058 3836 in
1088 3781 1218 3852 ejus
1266 3786 1510 3842 nomine
1540 3789 1813 3864 credens,
1841 3797 1926 3852 tot
1955 3795 2100 3854 alia-

436 3875 554 3933 que
585 3861 862 3921 exhibere
913 3867 1203 3927 miracula
1231 3873 1437 3943 voluit,
1465 3893 1648 3949 quem
1689 3861 1973 3940 omnibus
2005 3903 2096 3942 se-

435 3950 648 4049 positis
697 3952 886 4049 hujus
929 3955 1189 4049 labantis
1235 3962 1367 4020 vitae
1397 3969 1722 4041 prosperis,
1750 3975 1838 4029 est
1866 3975 2095 4049 ample-

433 4052 570 4094 xus.
589 4039 754 4135 Unde
778 4042 912 4114 jure
935 4046 1163 4104 caelitus
1189 4049 1242 4106 ei
1273 4052 1488 4114 collata
1512 4039 1600 4114 est
1627 4039 1810 4117 virtus
1835 4039 2088 4135 excelsa,

433 4142 558 4199 qua
584 4129 791 4204 utique
821 4135 1082 4192 examini
1125 4139 1406 4200 cadaveri
1449 4146 1634 4206 vitam
1664 4151 1896 4211 orando
1931 4129 2094 4214 resti;

433 4215 544 4308 tuit
575 4234 588 4284 ;
637 4221 696 4308 et
729 4219 882 4277 inter
910 4229 1125 4284 caetera
1165 4228 1504 4308 innumera,
1530 4237 1657 4296 solo
1685 4239 1901 4301 intuitu
1927 4245 2092 4305 vince

432 4304 632 4402 torum
677 4304 809 4364 lora
835 4308 1223 4373 brachiorum
1261 4297 1550 4382 dissoluit.
1584 4297 2092 4408 numerius—Em
2122 4297 2168 4354 υ

431 4390 681 4449 omnino
733 4411 992 4457 vacuum
1039 4409 1213 4463 oratu
1268 4411 1524 4484 supplici
1559 4417 1797 4492 lecytho
1843 4390 2092 4485 manare

429 4483 704 4590 potenter
722 4486 1008 4590 exhibuit.
1023 4493 1330 4556 Placidum
1349 4483 1584 4564 necnon
1603 4483 1860 4581 puerum
1887 4483 2093 4590 aequo-

561 4571 910 4676 demersum
937 4579 1000 4638 in
1029 4585 1217 4676 unda,
1245 4590 1336 4647 sui
1364 4594 1526 4668 pepli
1559 4571 1684 4672 [sic]
1715 4571 2088 4676 apparitione

429 4674 539 4756 per
563 4664 834 4756 llaurum
879 4683 1052 4746 mque
1098 4673 1346 4736 beatum
1367 4664 1585 4742 stabili
1625 4664 1884 4751 reddimt
1913 4664 2087 4756 solo;

433 4751 490 4844 et
513 4751 746 4825 reliqua
775 4773 911 4831 quae
955 4777 1110 4835 pene
1156 4770 1281 4826 toto
1329 4772 1461 4830 orbi
1501 4777 1798 4838 terrarum
1825 4787 1882 4842 et
1910 4751 2093 4844 notis;

433 4835 698 4951 stmalet
751 4846 1006 4948 celebria
1059 4853 1186 4913 fore
1241 4875 1366 4918 non
1405 4865 1669 4939 ambigo.

430 4929 696 5028 annobis
753 4936 875 5028 suis
930 4945 1179 5002 scrvulis
1235 4950 1439 5012 debita
1489 4929 1822 5020 celebratur
1874 4929 2091 5028 5010;1-

428 5015 768 5129 ni'tate,uqui
813 5041 1102 5129 corporea
1139 5039 1460 5129 tranquille
1506 5047 1782 5121 deposita
1828 5058 2090 5129 sarcina,

429 5104 509 5207 ad
575 5109 840 5207 ωηιξη-εξ
877 5104 1343 5207 _transmigravit
1417 5104 2094 5207 palatia,ﬂi-lla"sus-c‘e:

427 5197 639 5295 pturus
691 5199 1019 5265 ineffabilia
1087 5215 1336 5284 praemia
1396 5197 1534 5292 quae
1599 5197 1870 5292 humana
1890 5197 2092 5295 Ea}-

425 5285 689 5393 matione
753 5300 997 5378 propter
1047 5300 1140 5358 sui
1193 5285 1672 5380 magnitudinem
1731 5319 1906 5393 plene
1961 5342 2091 5384 non

423 5381 682 5441 possunt
707 5384 1097 5448 considerari.

736 5487 978 5550 quoque
1021 5480 1084 5539 in
1119 5487 1249 5559 ejus
1298 5501 1682 5560 sacrosancta
1711 5499 2089 5560 solemnitate

425 5554 716 5621 spirituali
735 5554 1358 5658 tripudiamusjubilo,

2209 3002 2518 3077 praecipua
2543 3003 2915 3063 solemnitate
2944 3005 3230 3064 charitate
3257 3005 3491 3074 fervidi,
3523 3005 3754 3061 mentis
3775 3003 3890 3058 hu’

2209 3091 2454 3150 militate
2519 3093 2750 3166 decori,
2815 3095 3124 3153 cantilenae
3190 3095 3484 3153 suavitate
3553 3091 3882 3150 salubriter

2209 3183 2571 3257 compuncti,
2587 3185 2734 3241 tanti
2763 3185 2944 3242 Patris
2970 3185 3270 3246 celebrare
3296 3187 3684 3256 memoriam,
3707 3183 3886 3254 cujus

2209 3273 2558 3346 patrociniis
2603 3273 2827 3347 ubique
2867 3291 3207 3332 mereamur
3255 3276 3498 3333 muniri.
3545 3275 3664 3331 Sed
3713 3271 3882 3348 quia,

2209 3360 2360 3418 sicut
2386 3361 2546 3418 idem
2579 3363 2990 3420 sanctissimus
3021 3363 3183 3435 dicit,
3197 3381 3270 3421 ea
3293 3381 3430 3438 quae
3451 3363 3696 3435 agenda
3717 3366 3880 3429 sunt,

2209 3453 2383 3506 oratu
2421 3450 2642 3508 debent
2665 3452 2954 3521 inchoari,
2987 3453 3418 3527 aliquantisper
3455 3453 3612 3510 illius
3643 3452 3880 3526 suppli—

2209 3554 2414 3595 cemus
2447 3541 2864 3612 patrocinatui,
2897 3546 3196 3615 quatenus
3225 3543 3436 3600 devote
3470 3547 3671 3616 ccepta
3701 3541 3882 3598 felici-

2205 3629 2295 3683 ter
2345 3634 2858 3685 consummentur.
2891 3631 3090 3701 lgitur,
3133 3636 3186 3688 te
3229 3636 3502 3688 nostrum
3541 3635 3878 3704 pastorem,

2206 3732 2429 3773 cernua
2459 3721 2678 3786 mente,
2707 3722 2821 3774 tuae
2859 3718 3202 3790 ﬂagitamus
3241 3720 3535 3790 bidentes,
3567 3725 3631 3776 ut
3681 3715 3882 3776 nostri

2206 3806 2522 3878 dignanter
2577 3808 2875 3876 misertus,
2937 3809 3140 3866 solitas
3193 3809 3412 3866 offeras
3482 3805 3881 3864 cunctisatori

2207 3897 2326 3951 Deo
2357 3909 2467 3968 pro
2507 3899 2610 3952 tuo
2659 3911 2836 3968 grege
2865 3913 3074 3971 preces
3101 3917 3113 3967 ;
3161 3899 3240 3955 ab
3270 3898 3500 3971 antiqui
3535 3897 3732 3953 hostis
3763 3911 3880 3951 nos

2207 3989 2341 4042 tuos
2369 3983 2709 4044 famellulos
2736 3987 3180 4046 incursionibus
3207 3989 3304 4063 pie
3325 3987 3544 4045 tuearis
3569 4005 3583 4056 ;
3617 3987 3876 4044 charita-

2205 4075 2280 4132 tis
2313 4091 2424 4133 nos
2454 4075 2675 4150 pollere
2721 4077 2931 4136 virtute
2963 4079 3422 4136 misericorditer
3459 4077 3681 4146 facias;
3737 4077 3880 4132 cha-

2203 4165 2520 4224 rismatum
2550 4163 2824 4224 omnium
2855 4161 3230 4225 aﬂluentium
3259 4165 3579 4224 clementer
3595 4163 3876 4236 largieris

2203 4256 2322 4314 tuis
2360 4255 2675 4328 clientulis,
2707 4275 2777 4316 ac
2823 4256 3191 4332 quandoque
3223 4257 3338 4316 tuis
3383 4273 3496 4314 nos
3525 4255 3718 4313 facias
3763 4269 3876 4326 ag-

2204 4340 2439 4418 gregari
2478 4347 2750 4404 cautibus.
2783 4349 2866 4405 Me
2895 4359 3138 4421 quoque
3167 4346 3252 4404 tui
3290 4345 3546 4404 encomii
3576 4359 3876 4418 praesum-

2201 4440 2435 4509 ptorem
2463 4436 2757 4494 litterariae
2789 4435 2991 4510 pertire
3021 4435 3223 4494 minus
3259 4435 3562 4507 edoctum,
3605 4431 3872 4489 famulo-

2199 4540 2338 4583 rum
2385 4524 2607 4584 scilicet
2655 4531 2896 4585 tuorum
2945 4521 3339 4584 vernaculum
3391 4525 3694 4592 ultimum,
3741 4527 3870 4588 tuo,

2199 4632 2430 4690 quaeso,
2477 4621 2721 4692 protege
2773 4617 3130 4692 patrocinio,
3174 4621 3476 4692 quatenus
3517 4628 3734 4672 omnes
3763 4627 3878 4685 pao

2195 4706 2336 4764 riter
2389 4711 2494 4764 tuo
2544 4723 2794 4766 munere
2845 4707 3035 4778 ditati,
3079 4711 3422 4764 nostrorum
3469 4704 3878 4778 impetremus

2197 4795 2534 4854 facinorum
2581 4796 2840 4854 veniam.
2886 4799 3111 4854 [nterea
3165 4801 3385 4853 nostrae
3435 4795 3678 4868 paginae
3731 4788 3874 4848 calx

2195 4885 2454 4942 breviter
2492 4886 2676 4958 hujus
2715 4887 3196 4944 excellentissimi
3246 4886 3435 4942 Patris
3477 4884 3666 4942 nostri
3701 4895 3876 4940 sume

2199 4991 2365 5032 mam
2396 4975 2736 5033 concludat.

2273 5062 2388 5120 Sed
2413 5063 2659 5137 quando
2685 5068 2888 5122 nostra
2931 5066 3141 5124 inertia
3169 5066 3358 5124 faceto
3389 5065 3714 5138 lepidoque
3747 5079 3866 5119 ser-

2200 5167 2380 5209 mone
2407 5153 2590 5226 hujus
2631 5154 2806 5228 plene
2840 5155 2994 5212 valet
3023 5171 3302 5213 enarrare
3341 5155 3693 5211 meritorum
3721 5151 3866 5210 insi-

2199 5241 2342 5312 gnia
2356 5242 2384 5298 ‘I
2403 5245 2551 5301 Cum
2567 5243 2746 5301 etiam
2761 5245 2919 5302 Plato
2931 5246 3024 5302 vel
3037 5245 3463 5303 Demosthenes
3483 5243 3866 5318 eloquentiae,

2200 5331 2353 5388 sicut
2382 5333 2567 5403 aiunt,
2599 5337 2907 5406 torrentes,
2940 5335 2988 5391 si
3018 5335 3097 5392 ab
3125 5333 3296 5393 Erebi
3325 5333 3626 5402 faucibus,
3658 5333 3722 5390 in
3743 5347 3868 5406 quo

2199 5419 2561 5492 cruciantur,
2583 5429 2978 5495 resurgerent,
3007 5424 3150 5480 tanti
3179 5422 3482 5498 praeconia
3528 5421 3716 5479 Patris
3757 5437 3868 5494 po-

2197 5508 2316 5565 tius
2345 5517 2591 5583 possent
2619 5518 2855 5588 stupere
2900 5530 3088 5588 quam
3133 5513 3320 5586 loqui.
3355 5511 3868 5584 Quandoquidem

2197 5600 2363 5680 tanta
2382 5617 2522 5672 eum
2539 5604 2800 5666 tonantis
2821 5601 3452 5678 clemenﬁainsignivit
3467 5600 3868 5666 beatitudine.
