4166 6162
251 162 368 218 889

1203 151 1511 210 AGAPETI
1557 153 1763 211 ΡΑΡΕ
1799 154 1849 210 II
1883 153 2244 214 EPISTOL/E
2283 160 2369 215 ET
2405 159 2824 217 PRIVILEGIA.

3645 166 3752 222 890

253 288 327 341 ut
355 286 416 340 et
438 277 635 356 polica
663 275 1114 348 regnajustitiaa
1143 277 1468 331 stemmate
1491 275 1799 334 laureatus
1821 294 1959 351 pos-
1984 283 2032 337 Α
2070 279 2414 352 plectuntur
2438 281 2731 356 tripudiis.
2766 284 2855 340 En
2873 283 3054 340 illius
3082 284 3365 360 vestigiis,
3394 305 3574 363 quem
3603 287 3745 343 olim

253 373 457 430 sideat
480 381 694 430 ovans,
759 369 820 420 et
867 381 981 421 sua
1028 363 1312 437 pignora,
1345 363 1573 436 quibus
1607 367 1962 422 Cassinense

248 461 478 518 beatur
524 453 906 522 ccenobium,
963 469 1000 510 a
1051 452 1297 523 regibus
1322 456 1495 509 terrae
1526 470 1752 511 cernuo
1799 473 1963 510 sum-

252 551 570 622 missoque
596 549 972 600 venerentur
1001 541 1278 599 adoratu.
1329 542 1534 597 Tantis
1585 544 1748 600 enim
1776 545 1960 600 mira-

254 640 540 698 culorum
568 632 874 708 prodigiis
910 633 1092 690 etiam
1121 647 1284 688 nunc
1325 631 1496 705 apud
1522 650 1706 691 suum
1765 636 1960 691 hono-

254 728 501 786 riﬁcum
550 725 747 782 larem
803 720 1137 796 praepollet,
1190 723 1255 776 ut
1309 721 1620 791 ejusmodi
1699 723 1962 780 rumoris

259 816 594 873 tonitruum
651 811 1102 868 transmarinos
1152 809 1764 884 ultramontanosque
1791 813 1959 884 prin-

260 905 432 978 cipes
461 903 539 960 ad
586 899 679 956 sui
729 900 1042 974 pertrahat
1088 901 1362 971 potenter
1408 897 1798 972 obsequium.
1837 903 1960 956 Nec

261 993 573 1065 immerito
597 1006 746 1046 sane
768 989 1020 1047 terrenis
1046 1005 1082 1044 a
1111 987 1484 1061 principibus
1530 991 1962 1047 venerabiliter

261 1083 620 1146 honoratur,
647 1079 756 1152 qui
794 1093 1011 1148 regum
1033 1076 1309 1132 omnium
1335 1077 1461 1144 regi
1494 1077 1655 1134 colla
1679 1079 1958 1135 summit-

264 1175 428 1240 tens,
459 1170 521 1225 in
547 1167 713 1225 omni
770 1167 1004 1224 studuit
1048 1165 1173 1222 vita
1220 1181 1330 1221 sua
1374 1164 1732 1235 dignissime
1764 1168 1959 1225 famu-

263 1259 404 1317 lari.
440 1264 569 1331 Ipse
622 1257 925 1330 siquidem
983 1271 1093 1328 per
1133 1255 1493 1328 prophetam
1543 1255 1834 1328 dignatus
1865 1260 1958 1314 est

263 1347 545 1423 polliceri
574 1364 588 1402 :
620 1360 734 1416 ego
765 1344 1170 1416 gloriﬁcantes
1197 1359 1296 1398 me
1323 1342 1698 1414 gloriﬁcabo.

347 1440 492 1493 Vere
522 1434 770 1509 quidem
794 1433 1111 1502 insigniter
1164 1433 1327 1488 hunc
1372 1437 1650 1491 nostrum
1682 1435 1955 1492 sacratis-

270 1525 503 1582 simum
578 1527 811 1580 Patrem
907 1520 1262 1592 gloriﬁcavit
1328 1526 1384 1578 et
1452 1521 1766 1592 gloriﬁcat,
1808 1539 1952 1602 .non

2072 369 2202 424 sola
2230 371 2560 443 Campania
2615 377 2879 439 noverat,
2931 383 3106 427 nunc
3148 385 3322 446 reges
3371 383 3533 434 terrae
3574 376 3743 430 litant

2071 458 2463 515 devotissima
2493 459 2700 515 oscula
2748 475 2990 516 necnon
3022 466 3414 529 permuniﬁca
3461 477 3732 520 munera.

2069 549 2203 603 Jam
2264 563 2424 604 nunc
2476 564 2639 618 ergo,
2699 551 2866 604 Pater
2922 546 3418 608 excellentissime
3469 555 3730 623 patrum,

2071 638 2238 692 tuam
2261 638 2464 694 cernui
2492 637 2834 710 ﬂagitamus
2865 636 3270 706 clementiam,
3302 647 3366 696 ut
3393 640 3571 696 nobis
3597 637 3731 710 opis

2070 729 2186 780 tuae
2246 728 2519 800 porrigas
2557 727 2880 783 dexteram.
2941 725 3214 794 Obstrue,
3271 745 3500 800 quaeso,
3541 725 3728 783 nostri

2071 815 2354 872 misertus
2398 818 2743 889 iniquorum
2776 816 2932 888 (σοὺ.
2994 815 3280 889 cicorum)
3309 834 3417 874 ora
3462 817 3730 873 crudelia

2070 903 2172 974 qui
2233 909 2364 960 tuas
2412 904 2820 961 fraudulenter
2850 906 3110 976 gestiunt
3151 905 3367 961 illicere
3423 904 3724 960 vernulas.

2071 994 2157 1048 Da
2179 993 2447 1050 solamen
2500 1000 2690 1066 tuum,
2738 997 2926 1062 Pater,
2981 994 3098 1050 tuis
3141 993 3432 1050 clientulis
3461 1009 3616 1065 quos
3646 992 3728 1048 ad

2069 1083 2241 1136 tuum
2297 1081 2659 1138 imitandum
2707 1083 2920 1140 callem
2967 1083 3303 1155 pertraxisti
3351 1080 3724 1138 clementius.

2066 1169 2268 1224 Pande
2292 1169 2637 1239 dignanter,
2661 1171 2992 1244 poscimus,
3043 1171 3152 1227 iter
3204 1187 3328 1243 quo
3359 1170 3436 1225 ad
3467 1169 3727 1242 patriam

2063 1259 2426 1329 pervenitur,
2458 1264 2757 1332 quatenus
2788 1275 2862 1315 ex
2894 1264 2994 1315 tuo
3022 1274 3199 1329 grege
3226 1258 3460 1314 nullum
3491 1257 3728 1314 nancis-

2064 1350 2235 1402 catur
2259 1347 2591 1420 periculum
2618 1365 2631 1416 ;
2666 1353 2731 1404 ut
2753 1348 2899 1404 olim
2929 1347 3035 1403 tibi
3065 1347 3284 1404 collata
3314 1347 3533 1403 talenta
3563 1362 3726 1402 com-

2061 1436 2235 1492 muni
2286 1437 2540 1492 Domino
2587 1438 2895 1508 geminata
2942 1437 3016 1492 de
3045 1437 3222 1492 nobis
3245 1437 3578 1503 restituens,
3610 1435 3726 1490 du-

2059 1524 2199 1596 plici
2229 1525 2480 1597 praemio
2510 1525 2688 1597 potiri
2720 1525 3022 1582 merearis.
3075 1529 3190 1581 Nos
3235 1540 3479 1598 quoque
3513 1525 3728 1579 imme-

270 1619 514 1672 tantum
589 1613 651 1668 in
725 1609 1000 1668 aethereis
1054 1609 1275 1680 regnis,
1329 1610 1437 1667 sed
1497 1611 1678 1668 etiam
1743 1629 1950 1669 coram
1981 1632 2022 1686 Β
2059 1613 2153 1668 riti
2237 1630 2345 1686 per
2396 1619 2567 1670 tuum
2645 1613 3043 1669 interventum
3113 1613 3323 1669 saltem
3395 1613 3726 1670 evadamus

269 1701 629 1760 hominibus
677 1700 738 1756 in
785 1699 955 1756 terris
1017 1714 1139 1771 quo
1211 1701 1370 1754 totus
1424 1705 1718 1770 agnoscat
1787 1700 1953 1757 orbis

269 1794 508 1864 quanta
531 1786 920 1845 beatitudinis
953 1785 1146 1857 gloria
1177 1786 1492 1858 exaltatur,
1521 1788 1625 1860 qui
1675 1804 1786 1861 pro
1817 1789 1951 1860 ejus

270 1878 526 1934 nomine
551 1875 778 1932 studuit
822 1875 884 1930 in
938 1874 1052 1930 hac
1109 1874 1230 1931 vita
1277 1875 1592 1932 salubriter
1620 1877 1947 1934 humiliari.

271 1970 362 2024 En
391 1966 563 2023 illum
591 1981 775 2039 quem
811 1963 1054 2038 spelaea
1109 1964 1441 2038 [spelunca]
1476 1970 1796 2022 tenuerunt
1845 1967 1950 2024 ali-

271 2053 644 2128 quantulum
695 2053 1048 2119 latitantem,
1122 2069 1284 2109 nunc
1359 2053 1679 2126 paradisus
1734 2055 1950 2112 retinet

273 2143 717 2211 exsultantem;
749 2147 808 2197 et
834 2157 1018 2214 quem
1045 2157 1191 2198 arva
1245 2142 1560 2215 quondam
1597 2141 1946 2200 habuerunt

273 2231 621 2289 confectum
669 2230 932 2302 jejuniis,
981 2245 1145 2286 nunc
1212 2231 1449 2304 Olympi
1501 2231 1726 2301 gaudia
1774 2247 1942 2287 com-

297 2444 716 2456 ..___——-—

2064 1701 2451 1774 supplicium,
2477 1718 2633 1774 quos
2662 1702 2742 1757 ob
2769 1702 3122 1758 meritorum
3141 1703 3488 1774 qualitatem
3517 1718 3725 1758 conse-

2063 1795 2308 1846 cuturos
2351 1790 2720 1858 ambigimus
2751 1791 3091 1861 praemium.
3124 1794 3438 1846 Praestante
3473 1790 3726 1845 Domino

2060 1884 2270 1936 nostro
2291 1883 2431 1935 Jesu
2461 1879 2691 1934 Christo
2717 1879 2821 1950 qui
2849 1884 2920 1940 te,
2966 1878 3309 1935 beatissime
3344 1881 3530 1942 Pater,
3565 1877 3724 1933 adeo

2061 1967 2411 2023 sublimavit
2434 1971 2502 2022 ut
2525 1966 2692 2022 nullo
2724 1971 3076 2022 sanctorum
3107 1968 3218 2034 (ita
3248 1968 3404 2037 cod.)
3427 1971 3563 2038 post
3583 1965 3728 2021 bea-

2059 2062 2150 2113 tos
2170 2055 2475 2128 apostolos
2496 2054 2737 2110 inferior
2756 2055 3009 2112 videaris
3032 2072 3047 2122 ;
3074 2056 3206 2128 ipso
3231 2055 3436 2128 utique
3453 2055 3558 2127 qui
3582 2071 3724 2110 cum

2056 2149 2221 2202 Patre
2252 2149 2310 2201 et
2343 2143 2558 2216 Spiritu
2611 2148 2818 2200 sancto
2866 2144 3005 2200 vivit
3031 2147 3090 2200 et
3130 2149 3347 2215 regnat
3377 2159 3484 2216 per
3511 2143 3724 2200 omnia

2057 2233 2281 2289 saecula
2309 2231 2695 2288 saeculorum.
2725 2236 2936 2288 Amen.
3027 2297 3030 2302 ι

1549 2587 1721 2628 ANNO
1785 2588 2040 2630 DOMINI
2106 2587 2433 2628 DCCCCLVI
2456 2614 2468 2627 .

1013 2757 2034 2905 AGAPETUS
2146 2755 2658 2897 PAPA
2776 2762 2959 2907 II.

1772 3001 2197 3015 ψ

1466 3108 1894 3203 ΝΟΤΙΤΙΑ
1966 3106 2561 3202 HISTORICA.

991 3261 1190 3334 (Apud
1236 3261 1442 3329 Mansi,
1483 3261 1879 3319 conciliorum
1919 3260 2305 3334 amplissima
2350 3259 2589 3317 Collect.
2632 3261 2820 3328 XVIII,
2857 3262 3004 3333 405.)

1884 3393 2101 3408 μ

348 3492 655 3560 Agapetus
684 3484 905 3560 Marino
951 3482 1450 3560 successi_t,_anno
1501 3481 1716 3560 C_h_risti
1745 3488 1878 3555 946,
1909 3489 2120 3560 tempo

2123 3501 2185 3540 re
2211 3482 2588 3539 Constantini
2640 3483 2778 3539 VIII.
2813 3482 2916 3539 Hic
2939 3485 3077 3555 post
3098 3483 3319 3540 multas
3351 3485 3621 3555 synodos
3661 3487 3725 3544 in

278 3553 775 3628 causa'Hugonis
796 3561 853 3611 et
876 3555 1100 3628 Artaldi
1136 3553 1491 3628 celebratas,
1527 3553 1934 3628 Rhemense'm
1979 3553 2573 3628 archiepiscopatum
2605 3555 2848 3628 Artaldo
2877 3553 3291 3628 adjudicatum
3321 3553 3720 3614 confirmavit.

282 3629 547 3686 Brunoni
579 3625 914 3706 Coloniensi
941 3625 1417 3706 archiepiscopo,
1451 3625 1680 3706 0ttonis
1724 3625 1918 3706 fratri,
1966 3625 2223 3706 pallium
2243 3625 2479 3706 petenti
2523 3627 2834 3706 concessit.
2872 3625 3183 3706 Debellatis
3237 3626 3558 3706 ab_0tt_one
3585 3645 3724 3706 rege

278 3715 510 3770 magna
563 3699 806 3754 victoria
860 3698 1060 3770 Danis,
1112 3695 1448 3770 iisdem—que
1498 3697 1562 3770 _i_n
1624 3695 2032 3754 Christianam
2085 3695 2440 3770 religionem
2482 3698 2759 3770 acceptis,
2807 3697 3136 3766 gratulatus
3167 3701 3254 3753 est
3289 3695 3725 3770 Hamburgerfsi

278 3741 577 3840 Ecclesiae,
612 3771 861 3842 ejusque
891 3741 1202 3842 privilegia
1233 3783 1269 3824 a
1294 3741 1634 3842 miajoribus
1657 3775 1922 3842 accepta
1952 3741 2267 3842 innovavit
2297 3769 2499 3842 (ADA_M.
2527 3741 2664 3842 lib:
2687 3741 2759 3836 n,’
2777 3741 2841 3842 et:
2861 3771 2939 3842 2).

353 3843 835 3921 391“???me

929 3844 1031 3910 ost
1067 3839 1301 3910 obitum
1355 3837 1611 3910 Lotharii
1657 3837 2064 3910 Berengarius
2119 3853 2378 3906 regnum
2437 3838 2615 3910 Italiae
2644 3838 2884 3910 invasit.
2919 3839 3049 3892 Otto
3106 3837 3434 3910 imperator
3471 3855 3611 3910 vero
3642 3841 3722 3898 ab

279 3907 605 3970 Adelbeide
633 3907 756 3968 ﬁlia
784 3907 1082 3983 Rodulphi
1096 3909 1443 3983 relictaque
1464 3907 1724 3983 botharii
1752 3907 1971 3983 uxore,
2000 3914 2058 3966 et
2084 3909 2686 3983 Agapetopontifice,
2719 3907 2924 3983 fugata
2953 3912 3074 3962 tota
3106 3907 3442 3977 Berengarii
3465 3909 3718 3983 familia,

278 4000 394 4058 pro
421 3983 710 4058 suppetiis
740 3977 1392 4058 ferendissollicitattls,
1421 3977 1816 4058 Adelheidem
1851 3977 2318 4058 reginamfolim
2351 3977 2607 4058 Lotharii
2634 3979 2974 4058 conjugem,
3001 3980 3524 4058 uxoremaccepit.
3556 3977 3720 4038 Idem

281 4047 941 4126 regnum'integerrime
980 4049 1264 4126 defendit.
1298 4053 1624 4126 Agapetus,
1654 4064 1800 4126 cum
1829 4047 2052 4126 novem
2084 4051 2280 4116 annis,
2314 4049 2623 4104 mensibus
2653 4047 2879 4122 septem
2909 4053 2966 4104 et
2988 4047 3201 4104 diebus
3231 4047 3438 4104 deceni
3470 4067 3719 4108 munere

283 4119 567 4199 pastorali
596 4119 750 4182 bene
776 4124 1018 4181 functus
1049 4122 1274 4184 fuisset,
1305 4137 1379 4176 ex
1406 4119 1521 4175 hac
1548 4119 1672 4175 vita
1701 4121 2008 4192 migravit.

1177 4386 1988 4506 AGAPBTI
2075 4387 2594 4503 PAPE
2667 4386 2839 4504 II.

981 4593 1721 4717 EPISTOL/E
1838 4597 2019 4715 ET
2108 4597 2352 4714 PR1
2376 4594 3007 4717 VILEGIA.

1106 4935 1148 4989 ῐ.

279 5057 520 5101 ΑΟΛΡΕἸἹ
547 5057 713 5099 ΡΑΡΒ
738 5057 781 5096 ιι
812 5054 1173 5096 PRIVILEGIUM
1211 5054 1323 5094 PRO
1364 5054 1708 5094 MONASTEBIO
1737 5054 1786 5092 S.
1820 5053 1953 5092 SAL-

840 5127 1082 5166 VATORIS
1122 5125 1404 5165 FULDENSI.

936 5217 1133 5290 (Anno
1167 5215 1319 5287 946.)

283 5343 682 5415 Conﬁrmatio
705 5343 1173 5415 privilegiorum
1210 5354 1342 5415 qius
1373 5339 1648 5415 Marinus
1672 5339 1732 5392 II
1788 5352 1950 5408 papa

607 5410 907 5473 Fuldensi
937 5410 1305 5470 'monastei'io
1330 5410 1630 5467 concessit.

276 5525 716 5600 [Cocquelines,
735 5523 962 5580 bullar.
970 5562 990 5593 ,
999 5521 1104 5592 pri
1108 5521 1279 5589 vileg.
1292 5533 1469 5587 ,amp.
1479 5517 1721 5573 Collect.
1731 5517 1949 5588 ,I,250.]

349 5654 657 5709 AGAPETUS
681 5649 1036 5724 episcopus,
1077 5656 1283 5700 servus
1309 5655 1622 5698 servorum
1677 5640 1798 5710 Dei,
1836 5639 1952 5695 ΗΑ-

1972 4935 2018 4986 Λ
2057 4948 2286 4988 nmmo
2317 4932 2592 5002 religioso
2615 4931 2819 4988 abbati
2848 4931 3202 4989 venerabilis
3223 4935 3571 4992 monasterii
3607 4939 3717 4992 Do-

2063 5021 2209 5076 mini
2241 5021 2580 5086 Salvatoris,
2605 5025 2660 5076 et
2690 5036 2796 5092 per
2820 5026 2872 5076 te
2899 5021 2957 5076 in
2984 5021 3198 5077 eodem
3226 5024 3548 5080 venerabili
3583 5042 3714 5079 mo-

2061 5110 2320 5164 nasterio
2351 5109 2920 5183 successoribusque
2947 5112 3062 5166 tuis
3091 5111 3414 5168 abbatibus
3462 5113 3522 5168 in
3582 5127 3712 5182 per-

2060 5202 2331 5270 petuum.

2136 5287 2446 5343 Summam
2467 5291 2738 5355 gerentes
2759 5286 3216 5344 sollicitudinem
3237 5286 3513 5342 omnium
3536 5299 3714 5340 vene-

2059 5374 2339 5453 rabilium
2385 5374 2677 5446 locorum,
2725 5379 3021 5448 quantum
3069 5391 3141 5430 ex
3183 5373 3384 5428 divino
3410 5371 3710 5443 adjutorio

2059 5463 2419 5538 possibilitas
2445 5465 2639 5532 datur,
2658 5465 2731 5520 de
2750 5479 2956 5519 eorum
2971 5461 3286 5518 stabilitate
3300 5466 3570 5531 satagere
3587 5465 3710 5518 stu-

2059 5554 2292 5610 demus.
2317 5554 2440 5610 Hoc
2461 5570 2724 5627 namque
2742 5551 2959 5617 studio,
2985 5556 3041 5606 et
3069 5550 3273 5607 divina
3301 5551 3574 5624 placatur
3599 5550 3712 5608 cle-

2057 5643 2302 5712 mentia,
2335 5647 2392 5700 et
2419 5643 2552 5700 laus
2585 5640 2858 5699 Ecclesiae
2897 5638 3108 5696 Christi
3133 5644 3492 5712 procuratur
3519 5658 3534 5710 ;
3567 5653 3713 5697 nam
