4114 6146
455 151 556 216 894

1835 147 2136 210 ΑΟΑΡΕΤῙ
2180 153 2378 214 ΡΑΡίΕ
2423 155 2468 215 Π

454 276 671 352 potiori
700 277 758 332 et
785 287 896 332 nos
924 275 1148 332 ﬁducia
1175 287 1288 349 pro
1312 277 1696 350 impetranda
1723 276 1896 332 venia
1925 275 2110 332 delic-
2147 283 2192 335 Α
2227 280 2428 338 thema
2450 283 2541 350 sit,
2571 287 2628 340 et
2655 283 2808 340 iram
2833 283 2936 340 Dei
2963 283 3294 356 incurrens,
3326 299 3364 340 a
3391 287 3550 340 coetu
3603 281 3886 339 omnium

454 371 674 434 torum,
706 365 989 420 aeternam
1021 365 1302 437 pietatem
1335 367 1629 422 audemus
1661 365 2020 438 implorare:
2054 367 2112 421 et

453 453 588 511 ideo
613 453 943 509 reverentia
989 457 1090 509 tua
1142 455 1470 526 postulavit
1523 469 1557 511 a
1589 455 1762 510 nobis
1813 459 2110 526 quatenus

447 546 578 616 jam
601 541 826 598 dictum
859 541 1198 599 venerabile
1253 544 1692 600 monasterium
1723 543 1956 598 Domini
1989 543 2112 598 Sal-

454 631 675 690 vatoris
708 647 744 688 a
795 637 1004 688 sancto
1033 633 1334 689 Bonifacio
1365 633 1650 706 episcopo
1701 635 2110 688 constructum

452 723 514 777 in
543 721 675 777 loco
705 721 810 793 qui
833 725 1084 776 vocatur
1117 722 1375 777 Boconia
1427 737 1570 791 erga
1619 721 1812 793 ripam
1842 719 2110 776 ﬂuminis

455 807 742 880 Fuldaha,
775 809 1066 882 privilegii
1101 809 1258 865 sedis
1277 810 1618 882 apostolica:
1649 809 1982 864 munimine
2011 807 2112 862 de-

455 901 709 966 coretur,
765 903 822 954 et
873 898 990 952 sub
1015 897 1426 969 jurisdictione
1467 903 1686 954 sanctae
1733 901 1952 953 nostris
1991 897 2107 964 cui,

456 991 576 1044 Deo
628 991 886 1054 auctore,
941 987 1316 1043 deservimus
1369 988 1662 1057 Ecclesiae,
1723 985 2110 1042 constitutum

455 1073 676 1131 nullius
702 1075 941 1131 alterius
999 1075 1272 1130 Ecclesiae
1315 1074 1834 1146 jurisdictionibus
1865 1073 2111 1128 submit-

456 1169 612 1220 tatur
640 1179 654 1219 :
686 1163 760 1219 de
791 1177 912 1235 qua
943 1179 1004 1218 re
1033 1163 1146 1236 piis
1179 1164 1486 1219 desideriis
1518 1165 1633 1220 tuis
1681 1165 1964 1231 faventes,
1997 1162 2112 1216 hac

455 1259 657 1310 nostra
699 1253 1031 1326 apostolica
1084 1254 1432 1310 auctoritate
1485 1253 1566 1323 id,
1615 1254 1782 1326 quod
1815 1251 2110 1324 exposcis,

455 1343 686 1400 effectui
719 1344 1140 1416 mancipamus
1163 1342 1497 1399 secundum
1525 1343 1814 1416 privilegii
1871 1341 2107 1410 seriem,

453 1434 620 1506 quod
641 1432 718 1489 ab
740 1437 1114 1490 antecessore
1136 1439 1343 1489 nostro
1362 1433 1540 1489 bonae
1565 1431 1868 1488 memoriae
1890 1430 2112 1486 Marino

455 1523 636 1594 hujus
667 1521 840 1578 almae
873 1523 1030 1578 sedis
1061 1513 1314 1594 praesule
1342 1523 1488 1578 inibi
1520 1521 1946 1595 perpetualiter
1987 1519 2110 1574 fac-

454 1613 582 1668 tum
611 1611 786 1667 nobis
816 1612 1128 1668 ostendere
1159 1612 1420 1682 sategisti
1454 1629 1466 1667 :
1501 1617 1557 1667 et
1578 1611 1713 1666 ideo
1735 1624 1980 1666 omnem
2011 1623 2112 1664 cu-

449 1699 694 1772 juslibet
713 1697 974 1756 ecclesias
1005 1701 1376 1756 sacerdotem
1433 1701 1492 1754 in
1526 1699 1774 1772 praefato
1811 1702 2112 1754 monaste-

453 1789 542 1844 rio
570 1787 856 1844 ditionem
881 1787 1211 1859 quamlibet
1237 1787 1480 1858 habere,
1514 1791 1616 1842 aut
1675 1785 2106 1853 auctoritatem,

456 1878 671 1947 praeter
701 1875 907 1931 sedem
939 1875 1334 1948 apostolicam
1362 1875 1774 1949 prohibemus,
1805 1874 1885 1930 ita
1911 1876 1977 1928 ut
1997 1872 2110 1928 nisi

455 1961 532 2019 ab
565 1963 784 2020 abbate
813 1965 1158 2020 monasterii
1184 1964 1357 2020 fuerit
1387 1964 1689 2032 invitatus,
1723 1977 1832 2018 nec
1889 1959 2108 2018 missa-

457 2065 592 2107 rum
649 2051 875 2108 ibidem
929 2053 1366 2110 solemnitatem
1421 2049 1722 2125 quispiam
1783 2055 2112 2124 praesumat

454 2141 702 2198 omnino
733 2141 1030 2198 celebrare
1057 2161 1069 2210 ;
1101 2148 1167 2198 ut
1195 2143 1460 2215 profecto
1479 2143 1648 2214 juxta
1663 2141 1745 2204 id,
1767 2141 1932 2213 quod
1967 2140 2108 2194 sub-

453 2232 696 2302 jectum,
725 2232 1074 2304 apostolicae
1108 2234 1234 2288 sedi
1263 2233 1540 2288 ﬁrmitate
1571 2231 1858 2304 privilegii
1889 2229 2110 2286 consis-

453 2321 538 2390 tit,
571 2320 927 2377 inconcusse
985 2321 1258 2378 dotatum
1315 2325 1686 2394 permaneat,
1719 2321 2004 2391 locisque,
2039 2335 2108 2373 ac

451 2409 656 2476 rebus,
703 2413 824 2466 tam
855 2409 939 2466 eis
971 2427 1125 2482 quas
1155 2409 1446 2466 moderno
1479 2413 1744 2482 tempore
1791 2411 1964 2478 tenet,
2019 2403 2110 2463 vel

452 2497 738 2570 possidet,
788 2515 974 2571 quam
1032 2516 1186 2571 quas
1237 2499 1449 2554 futuris
1479 2497 1850 2570 temporibus
1885 2497 1946 2551 in
1971 2497 2110 2567 jura

452 2588 801 2643 monasterii
830 2589 1034 2644 divina
1063 2591 1251 2660 pietas
1279 2588 1526 2644 voluerit
1547 2601 1767 2657 angere
1798 2601 1866 2641 es.
1909 2585 2104 2655 donis,

454 2681 510 2730 et
533 2675 936 2731 oblationibus
966 2676 1332 2749 decimisque
1363 2677 1632 2732 ﬁdelium
1661 2676 1894 2747 absque
1927 2675 2106 2730 ullius

453 2779 726 2836 personae
749 2766 1214 2822 contradictione
1235 2765 1512 2822 ﬁrmitate
1533 2767 1822 2838 perpetua
1841 2763 2110 2837 perfrua-

453 2858 566 2910 tur.
597 2856 675 2908 De
695 2858 907 2910 caetero
931 2871 1073 2910 vero
1102 2857 1214 2910 hoc
1237 2855 1652 2922 deliberantes,
1705 2855 2104 2920 decernimus,

2223 373 2570 428 sanctorum
2601 373 2852 428 extorris
2878 373 3109 442 existat,
3137 381 3195 430 et
3223 371 3618 428 nihilominus
3649 373 3888 445 praefati

2219 461 2564 516 monasterii
2620 459 2880 531 dignitas
2915 477 2952 517 a
2981 461 3156 516 nobis
3197 461 3428 517 indulta
3459 459 3890 534 perpetualiter

2219 549 2504 606 inviolata
2533 555 2888 622 permaneat
2923 551 3257 622 apostolica
3305 551 3662 606 auctoritate
3711 550 3890 606 robo-

2219 643 2364 695 rata.
2395 639 2502 704 Qui
2534 645 2738 696 autem
2769 645 2972 696 custos
3003 645 3060 696 et
3088 640 3442 696 observator
3469 640 3656 710 hujus
3699 641 3886 695 nostri

2219 729 2510 802 privilegii
2541 729 2718 801 [adde
2775 731 3075 802 exstiterit]
3125 729 3608 787 benedictionem
3659 735 3720 785 et
3751 745 3886 798 gra-

2219 819 2364 874 tiam
2393 837 2426 876 a
2451 821 2703 876 Domino
2729 825 3154 894 consequatur.

2293 905 2590 977 Scriptum
2639 919 2748 978 per
2805 921 3025 961 manus
3059 905 3268 962 Leonis
3313 903 3604 962 scriniarii
3659 909 3886 960 sancta

2220 995 2502 1050 Romanis
2533 995 2800 1050 Ecclesiae
2829 995 2890 1051 in
2920 1009 3126 1051 mense
3153 995 3445 1064 Octobris,
3475 995 3804 1050 indictione
3827 1011 3880 1049 v.

2221 1087 2434 1138 Datum
2461 1099 2538 1138 vn
2566 1083 2694 1139 Kal.
2730 1083 3074 1140 Novembris
3101 1099 3208 1156 per
3255 1099 3508 1140 manum
3567 1084 3880 1156 Stephani,

2219 1173 2539 1244 primicerii
2586 1189 2837 1228 summae
2895 1173 3236 1247 apostolicae
3295 1173 3474 1243 sedis,
3533 1189 3722 1238 anno,
3789 1173 3886 1228 Dei

2219 1261 2494 1333 propitio,
2526 1261 2904 1335 pontificatus
2936 1264 3144 1318 domni
3173 1263 3424 1335 Agapeti
3455 1263 3680 1318 summi
3735 1277 3886 1335 pon-

2221 1351 2410 1419 titicis,
2445 1357 2502 1408 et
2557 1353 2907 1410 universalis
2955 1367 3130 1427 papae
3171 1369 3230 1424 II,
3261 1353 3324 1409 in
3353 1369 3562 1409 mense
3587 1353 3886 1420 Octobris,

2218 1440 2422 1498 indict.
2455 1457 2507 1496 v.

3028 1529 3072 1585 Il

2220 1673 2456 1712 AGAPETI
2513 1673 2667 1712 PAPJ‘E
2719 1673 2760 1712 ΙΙ
2791 1671 3056 1711 EPISTULA
3085 1673 3157 1711 AD
3209 1671 3530 1712 ATENULPUM
3583 1671 3884 1712 PRINCIPE!

2813 1743 3266 1783 BENEVENTANUM.

2855 1832 3046 1904 (Anno
3085 1835 3230 1906 946).

2217 1945 2520 2000 Hortatur
2569 1947 2634 1996 ut
2691 1943 3118 1998 monasterium
3176 1943 3242 2000 S.
3293 1941 3538 2011 Sophia?
3566 1943 3886 1998 monachis

2667 2012 3084 2068 Casinensibus
3113 2015 3410 2070 restituat.

2537 2119 2738 2192 [Apud
2767 2120 3022 2190 Gattula,
3055 2121 3214 2176 Hist.
3243 2121 3406 2191 Cas.,
3438 2119 3552 2194 53.]

2287 2233 2581 2284 Acarerus
2613 2227 2956 2300 episcopus,
2997 2241 3205 2283 servus
3237 2243 3548 2283 servorum
3579 2227 3708 2292 Dei,
3737 2231 3884 2282 Ans-

2217 2333 2412 2382 NULFO,
2447 2321 2860 2372 Beneventano
2890 2316 3164 2390 principi,
3199 2317 3452 2373 salutem
3493 2321 3552 2372 et
3597 2317 3882 2389 apostoli-

2217 2425 2350 2464 cam
2377 2405 2875 2462 benedictionem.

2289 2496 2475 2552 Oﬂicii
2498 2497 2686 2552 nostri
2725 2497 3100 2553 consuetudo
3150 2498 3422 2570 deposcit
3451 2497 3796 2566 vigilantes,
3829 2503 3886 2553 et

2215 2583 2375 2641 diem
2409 2583 2618 2657 judicii
2643 2589 3080 2658 exspectantes,
3113 2591 3176 2642 ut
3207 2587 3264 2641 in
3299 2585 3510 2642 melius
3533 2585 3880 2658 proﬁciant,

2216 2675 2560 2742 admonere,
2595 2673 2960 2745 negligentes
2991 2675 3303 2746 corrigere,
3331 2676 3504 2746 juxta
3557 2675 3712 2730 illud
3741 2693 3884 2748 apo-

2217 2761 2495 2820 stolicum
2547 2781 2560 2818 :
2614 2783 2642 2813 ‹‹
2691 2765 2908 2834 Argue,
2941 2761 3192 2821 obsecra
3239 2769 3296 2820 et
3323 2765 3570 2836 increpa
3603 2766 3700 2832 (II
3729 2767 3882 2820 Tim.

2215 2867 2291 2920 ιν,
2311 2853 2386 2914 2).
2419 2873 2445 2902 υ
2481 2851 2626 2908 Hinc
2655 2852 2716 2908 in
2749 2847 2865 2908 alio
2891 2853 3023 2908 loco
3055 2853 3343 2908 Dominus
3373 2870 3482 2926 per
3509 2854 3880 2926 prOphetam

453 2945 518 2997 ut
543 2943 821 3012 congruis
847 2944 1236 3016 temporibus,
1271 2949 1488 3000 nostrae
1521 2943 1902 3000 sollicitudini
1929 2942 2109 2997 eccle—
2146 2927 2185 2982 Ο
2216 2941 2360 2998 dicit
2389 2960 2401 2998 :
2437 2963 2464 2990 ‹‹
2502 2941 2557 2996 Si
2613 2957 2735 2996 non
2763 2942 3209 2996 annuntiaveris
3243 2941 3452 3014 iniquo
3495 2941 3882 3012 iniquitatem

454 3030 706 3087 siasticae
737 3031 1060 3102 intimatur,
1093 3033 1347 3105 qualiter
1399 3033 1604 3102 religio
1651 3031 1985 3088 monastica
2015 3047 2104 3086 re-

453 3120 644 3190 gulari
661 3121 870 3177 habitu
901 3123 1208 3192 dirigatur,
1240 3123 1681 3195 concordiaque
1735 3121 2106 3179 convenienti

453 3209 849 3266 ecclesiastico
905 3211 1102 3266 studio
1156 3213 1553 3284 mancipetur,
1612 3227 1686 3266 ne
1739 3211 1907 3280 forte,
1941 3210 2107 3283 quod

451 3298 624 3364 absit,
658 3299 770 3354 sub
803 3300 982 3370 hujus
1013 3301 1304 3372 privilegii
1334 3301 1602 3364 obtentu,
1655 3299 1892 3354 animus
1943 3315 2105 3370 gres-

452 3401 678 3456 susque
707 3387 1074 3442 rectitudinis
1095 3405 1132 3442 a
1159 3405 1314 3442 verae
1355 3404 1572 3443 norma
1613 3387 1856 3458 leStitltB
1902 3387 2106 3458 aliquo

452 3472 638 3527 modo
661 3477 1111 3545 retorqueatur;
1171 3479 1229 3530 et
1257 3489 1452 3546 neque
1492 3475 1639 3544 regi,
1696 3489 1892 3546 neque
1949 3475 2104 3545 epis-

454 3573 607 3630 copo
639 3559 897 3631 cuilibet,
949 3559 1040 3615 vel
1067 3561 1287 3630 comiti,
1327 3561 1420 3618 vel
1442 3559 1572 3617 aliae
1605 3577 1840 3632 magnae
1875 3575 2108 3633 parvas-

452 3662 572 3720 que
599 3663 872 3720 personae
927 3647 1157 3704 licitum
1217 3647 1291 3706 sit
1343 3649 1677 3722 quamlibet
1717 3650 1839 3705 vim
1868 3649 2103 3718 inferre,

454 3736 574 3792 sive
631 3736 898 3810 aliquam
952 3738 1422 3795 controversiam
1479 3739 1672 3795 facere
1719 3739 1784 3794 in
1841 3739 2024 3795 rebus
2051 3742 2108 3795 et

451 3825 692 3883 familiis
712 3828 984 3900 ejusdem
1001 3833 1164 3902 Saepe
1190 3829 1330 3885 dicti
1353 3829 1710 3886 venerabilis
1739 3829 2102 3885 monasterii.

523 3919 880 3976 Auctoritate
911 3923 1117 3976 nostra
1147 3919 1327 3976 etiam
1357 3919 1794 3992 interdicimus,
1847 3922 1910 3976 ut
1941 3917 2107 3975 nulla

451 4003 678 4066 femina
713 4005 862 4066 inibi
889 4009 1124 4080 ingredi
1153 4026 1426 4083 unquam
1457 4014 1805 4083 praesumat,
1837 4026 2015 4066 nemo
2045 4009 2106 4065 in

454 4097 670 4152 eodem
697 4099 1024 4155 venerabili
1053 4099 1441 4164 monasterio.
1493 4099 1588 4155 vel
1632 4099 1694 4155 in
1724 4099 1948 4155 caeteris
1978 4101 2107 4170 ejus

453 4182 600 4239 locis
627 4185 911 4256 placitum
964 4187 1204 4259 habeat,
1263 4203 1442 4243 nemo
1474 4203 1692 4256 servos,
1725 4187 1819 4242 vel
1858 4187 2105 4242 colonos

2216 3033 2364 3102 ejus,
2427 3031 2784 3102 sanguinem
2862 3032 2992 3102 ejus
3047 3031 3120 3086 de
3179 3047 3364 3087 manu
3418 3035 3520 3086 tua
3569 3031 3882 3103 requiram

2218 3123 2446 3192 (Ezech,
2481 3121 2572 3188 Ill,
2636 3123 2734 3192 18).
2773 3141 2800 3170 ››
2833 3125 3054 3176 Nostrae
3117 3121 3294 3190 igitur
3342 3120 3559 3176 mentis
3613 3119 3882 3175 benevo-

2215 3210 2458 3265 lentiam
2517 3225 2554 3264 a
2610 3209 2823 3265 dilecto
2877 3207 2998 3264 ﬁlio
3045 3215 3250 3264 nostro
3307 3209 3596 3265 Balduino
3661 3209 3880 3264 abbate

2215 3297 2546 3368 audientes,
2603 3299 2760 3354 unde
2817 3297 2990 3354 valde
3046 3299 3376 3368 gaudentes
3429 3315 3668 3364 smnus,
3715 3298 3880 3370 quod

2215 3404 2325 3443 nos
2353 3387 2430 3442 ad
2457 3387 2843 3443 ecclesiarum
2892 3387 3312 3444 exaltationem
3341 3393 3660 3460 promptos
3707 3387 3880 3442 audi-

2215 3479 2433 3534 vimus.
2495 3477 2608 3535 Sed
2639 3479 2783 3551 quia
2823 3491 2936 3533 nos
2965 3479 3319 3548 constringit
3345 3479 3620 3534 omnium
3685 3477 3882 3534 Eccle-

2216 3569 2440 3623 siarum
2503 3567 2819 3640 pastoralis
2881 3585 3026 3624 cura
3083 3567 3328 3623 sollicite
3383 3567 3650 3640 vigilare,
3727 3569 3882 3624 sicut

2213 3655 2391 3712 nobis
2441 3661 2646 3713 noster
2723 3655 3044 3730 spiritualis
3101 3656 3260 3713 ﬁlius
3309 3655 3678 3728 Balduinus,"
3715 3673 3882 3714 reve-

2213 3745 2586 3802 rentissimus
2633 3746 3136 3802 monasteriorum
3189 3749 3374 3818 Pater,
3433 3745 3632 3803 retulit
3663 3747 3878 3802 vestris

2214 3832 2748 3904 dominationibus,
2803 3834 2865 3890 in
2920 3833 3084 3890 bono
3167 3834 3336 3908 quod
3387 3835 3706 3908 cmperatis
3753 3850 3878 3890 non

2211 3923 2647 3997 permansisse.
2713 3921 2877 3980 Unde
2925 3921 3100 3979 valde
3131 3939 3475 3988 maeremus,
3515 3927 3573 3980 et
3601 3923 3880 3980 dolentes

2215 4029 2446 4080 sumus,
2479 4011 2646 4086 quod
2673 4011 3106 4069 monasterium
3135 4013 3194 4068 in
3237 4011 3466 4070 honore
3497 4017 3720 4070 sancta:
3775 4015 3879 4070 So-

2214 4103 2373 4176 phiee
2402 4102 2554 4158 intra
2603 4105 3085 4159 Beneventanam
3142 4103 3450 4159 civitatem
3483 4103 3774 4176 positum,
3819 4107 3878 4159 et

2219 4192 2331 4247 sub
2371 4191 2594 4247 ditione
2624 4192 2784 4248 beati
2841 4192 3137 4248 Benedicti
3191 4193 3376 4248 Patris
3431 4195 3872 4248 monachorum

454 4269 535 4328 ad
562 4273 808 4346 aliquod
837 4275 1139 4331 servitium
1167 4275 1472 4346 astringat,
1495 4273 1609 4332 illis
1633 4281 1864 4333 tantum
1891 4293 2104 4349 excep-
2134 4271 2178 4326 Ι)
2218 4277 2280 4336 in
2307 4279 2549 4338 Cassino
2578 4287 2780 4337 monte
2807 4281 3124 4337 constituto
3155 4281 3232 4338 ab
3263 4281 3394 4355 ipso
3419 4299 3542 4338 suae
3571 4289 3876 4338 construc-

455 4359 527 4415 tis
553 4364 848 4432 personis,
881 4364 1101 4436 quibus
1142 4366 1333 4421 abbas
1384 4365 1470 4422 ad‘
1495 4365 1806 4422 utilitatem
1846 4381 1970 4422 sua:
1999 4381 2104 4422 ne—

455 4451 740 4506 cessitatis
764 4467 1078 4508 assensum
1103 4455 1443 4526 praebuerit.

523 4540 792 4611 Eligendi
811 4541 924 4597 Sibi
944 4542 1253 4610 abbatem,
1295 4545 1540 4616 quando
1570 4561 1722 4618 opus
1773 4544 1966 4612 fuerit,
1995 4545 2108 4600 fra-

452 4633 569 4686 tres
625 4631 776 4686 inter
849 4649 910 4688 se
977 4638 1334 4706 potestatem
1405 4633 1687 4702 habeant,
1771 4631 2106 4690 secundum

451 4721 724 4789 regulam
755 4723 942 4778 sancti
971 4723 1266 4780 Benedicti
1298 4725 1423 4779 sine
1455 4724 1631 4778 ullius
1661 4739 1934 4796 personas
1961 4739 2104 4779 con-

455 4808 824 4882 tradictione,
879 4811 1122 4885 tibique,
1181 4813 1389 4868 dilecte
1439 4813 1521 4868 tili
1581 4813 1933 4880 Hadamare,
1963 4811 2107 4884 quia

455 4899 510 4952 te
539 4895 692 4951 bene
721 4900 1040 4970 eruditum,
1071 4906 1128 4958 et
1155 4903 1534 4974 eloquentem
1573 4903 1770 4958 virum
1802 4903 2102 4970 novimus,

455 4983 709 5040 verbum
758 4988 860 5042 Dei
913 4991 1239 5060 praedicare
1285 4992 1630 5048 auctoritate
1687 4992 1874 5048 sancti
1937 4993 2102 5061 Petri,

455 5076 514 5130 et
539 5075 946 5145 concedimus,
997 5083 1054 5136 et
1107 5081 1507 5152 praecipimus.
1559 5082 1739 5151 igitur
1783 5086 2105 5138 statuentes

455 5163 784 5236 apostolica
823 5182 1081 5224 censura
1133 5169 1514 5225 decernimus
1543 5187 1648 5243 per
1677 5171 1858 5242 hujus
1887 5171 2106 5226 decreti

453 5253 642 5310 nostri
670 5255 976 5327 paginam,
1009 5261 1074 5314 ut
1099 5257 1468 5330 quicumque
1485 5260 1804 5332 cujuslibet
1835 5259 2104 5316 Ecclesiae

453 5343 716 5411 antistes,
744 5345 834 5400 vel
859 5361 1222 5419 quacunque
1252 5347 1538 5418 dignitate
1571 5349 1821 5422 praedita
1845 5365 2106 5421 persona

453 5431 612 5487 hanc
657 5433 946 5506 privilegii
1001 5437 1188 5493 nostri
1235 5438 1668 5506 auctoritatem,
1721 5453 1910 5510 quam
1957 5455 2106 5509 prae-

455 5521 724 5590 rogativa
803 5525 1088 5598 principis
1147 5527 1560 5600 apostolorum
1625 5527 1960 5592 ﬁrmamus,
2023 5529 2104 5580 te-

453 5625 688 5669 merare
736 5617 1206 5690 presumpserit,
1259 5616 1372 5672 nisi
1417 5616 1532 5674 cito
1587 5613 1920 5690 resipuerit,
1959 5630 2104 5674 ana-

2219 4369 2393 4425 tionis
2413 4369 2660 4425 exordio
2685 4371 2765 4425 ita
2793 4375 3202 4441 permanente,
3237 4371 3440 4425 vestris
3471 4377 3672 4426 autem
3733 4377 3872 4426 tem-

2215 4457 2464 4530 poribus
2491 4459 2772 4514 audacter
2799 4462 3020 4514 statuta
3067 4475 3299 4528 regum,
3353 4463 3410 4514 et
3441 4459 3872 4515 universalium

2215 4547 2682 4620 apostolicorum
2711 4549 2978 4604 virorum
3003 4565 3127 4622 thB
3157 4548 3341 4604 oculis
3377 4565 3502 4604 non
3557 4549 3868 4614 habentes,

2211 4636 2340 4706 jam
2362 4635 2588 4692 dictum
2619 4636 3054 4692 monasterium
3081 4641 3300 4692 sanctae
3332 4637 3568 4709 Sophia:
3601 4637 3872 4693 inaudita

2217 4725 2539 4780 temeritate
2573 4725 2686 4780 sub
2726 4725 2948 4780 ditione
2998 4725 3344 4781 monasterii
3383 4725 3542 4781 beati
3575 4725 3872 4782 Benedicti

2219 4811 2566 4868 subtrahere
2597 4829 2717 4868 non
2745 4812 3132 4882 formidastis,
3167 4814 3272 4868 sed
3311 4815 3594 4870 eumdem
3623 4831 3870 4870 monas-

2217 4903 2426 4958 terium
2452 4903 2583 4973 jam
2605 4902 2830 4958 dictum
2853 4904 3180 4960 Balduinus
3205 4904 3744 4960 revereudissimus
3771 4905 3874 4960 ab-

2215 4992 2325 5048 bas
2345 4993 2634 5047 canonica
2661 4993 3024 5061 auctoritate,
3055 4999 3110 5049 et
3125 5007 3356 5064 regum,
3377 4997 3434 5049 et
3455 4993 3872 5066 apostolorum

2215 5081 2527 5154 praeceptis
2580 5079 2872 5150 legalibus
2921 5083 3302 5139 recollectum
3345 5085 3406 5138 in
3461 5079 3652 5155 ipsius
3681 5083 3872 5138 sancti

2215 5171 2560 5226 monasterii
2613 5171 2835 5228 ditione
2905 5177 3270 5229 revocatum.
3317 5172 3874 5229 Praedeessoriau-

2217 5265 2337 5316 tem
2385 5265 2590 5316 nostro
2643 5261 2864 5317 Marino
2917 5261 3198 5334 pontiﬁce
3247 5279 3386 5318 eum
3417 5261 3497 5318 ad
3527 5279 3588 5318 se
3620 5269 3872 5319 vocante

2214 5349 2376 5405 idem
2405 5353 2602 5422 ipsum
2659 5353 3090 5407 monasterium
3131 5351 3416 5408 invadere
3445 5353 3874 5426 pnesumpsis—

2219 5437 2308 5492 tis.
2363 5437 2585 5492 Idcirco
2635 5439 2999 5494 omnimodis
3051 5453 3390 5508 monemus,
3423 5443 3479 5496 et
3509 5457 3617 5512 pro
3659 5441 3872 5498 Christi

2217 5541 2421 5582 amore
2447 5527 2854 5598 obsecramus,
2887 5533 2950 5584 ut
2976 5529 3106 5600 jam
3149 5529 3380 5586 dictum
3433 5529 3872 5586 monasterium

2215 5616 2502 5689 repetenti
2563 5617 2906 5690 supradicto
2959 5619 3166 5676 abbati
3219 5619 3283 5677 in
3331 5619 3563 5692 integro
3615 5619 3870 5680 reddere
