4166 6162
233 197 347 268 8ϋὲ

231 417 592 480 Cassinensi-
613 417 907 473 eoenobio
938 415 1280 472 molestiam
1311 431 1436 471 non
1462 416 1714 484 faciatis,
1773 421 1834 472 et
1857 415 1927 482 si,

227 511 408 585 quod
434 509 610 574 absit,
636 505 818 563 aliter
841 506 1119 569 feceritis,
1141 505 1295 561 sicut
1314 506 1386 560 in:
1403 510 1755 563 uestrorum
1780 521 1926 579 prie-

230 601 631 656 decessorum
666 595 1029 667 pOntiﬁcum
1078 594 1396 666 praeceptis
1455 596 1760 651 sancitum
1813 599 1928 665 est,

229 689 320 744 ita
350 693 410 744 et
438 703 543 743 vos
587 683 708 739 sub
765 684 1176 741 anathematis
1216 681 1459 739 vinculo
1499 684 1929 740 innodandum

232 777 632 833 nihilominus
667 774 896 831 sciatis.

311 887 314 890 ’
1046 883 1134 935 Ill.

239 1007 486 1048 AGAPETI
534 1006 572 1045 ιι
620 1004 992 1046 PRIV'ILEGIUM
1049 1003 1154 1042 PRO
1193 1001 1557 1042 PARTHENONE
1608 1003 1922 1044 ESSENENSI.

894 1097 1093 1166 (Anno
1121 1096 1272 1166 946.)

238 1203 652 1262 Parmenonis
678 1202 1030 1258 Essenensis
1059 1201 1404 1272 privilegia,
1448 1207 1696 1270 petente
1739 1205 1924 1260 Hate-

635 1293 794 1362 wiga
837 1291 1162 1354 abbatissa,
1193 1291 1530 1358 cmzﬁrmat.

528 1396 772 1469 [Marini,
795 1398 1016 1467 Papiri
1057 1396 1492 1468 diplomaticln‘,
1521 1399 1642 1471 35.}

324 1491 620 1543 Acareres
648 1487 991 1560 episcopus,
1021 1501 1227 1542 servus
1271 1501 1582 1543 servorum
1625 1490 1746 1545 Dei.
1809 1493 1917 1545 HA-

243 1587 530 1632 rnewren
550 1576 836 1645 religiosae
851 1575 1192 1641 abbatissae,
1214 1579 1269 1631 et
1294 1579 1661 1634 monasterio
1677 1579 1916 1634 A‘sinclua

241 1665 328 1722 ab
355 1664 604 1721 Altfrido
631 1665 947 1738 quondam
977 1664 1232 1738 praesule
1263 1670 1624 1736 constructo,
1669 1668 1915 1741 suisque

243 1753 701 1810 successoribus
733 1755 798 1810 in
824 1758 1202 1827 perpetuum.

319 1847 486 1900 Tunc
517 1857 772 1899 summa:
795 1844 1138 1917 apostolicae
1161 1845 1468 1915 dignitatis
1495 1861 1649 1919 apex
1680 1847 1743 1902 in
1799 1847 1913 1902 hcc

242 1932 441 1988 divini
497 1937 852 2007 prospectus
906 1933 1096 1990 nitore
1138 1934 1507 2005 dignoscitur
1552 1935 1911 2008 perfulgere,

239 2039 388 2078 cum
418 2023 487 2078 in
513 2023 857 2078 exercendis
889 2023 988 2078 Dei
1007 2023 1288 2080 laudibus
1327 2025 1658 2098 impensius
1717 2025 1914 2081 stude-

240 2110 334 2166 bit
408 2110 500 2165 sui
547 2111 780 2167 laboris
819 2112 1100 2167 exhibere
1161 2117 1479 2169 certamen.
1530 2113 1713 2184 Igitur
1765 2115 1910 2185 quia

237 2199 598 2273 postulastis
629 2215 664 2256 a
690 2201 864 2256 nobis
888 2216 993 2272 per
1016 2203 1409 2258 interventum
1451 2203 1654 2258 domui
1680 2206 1737 2258 et
1781 2203 1909 2272 gloa

233 2289 384 2345 riosi
415 2291 571 2360 regis
600 2290 846 2359 O’tt‘o'nis,
878 2294 1182 2363 quatenus
1202 2292 1580 2364 privilegium
1608 2292 1818 2348 datum
1872 2295 1908 2349 ό.

235 2376 696 2451 praedeceSSOre
723 2383 927 2435 nostro
954 2381 1183 2437 domno
1212 2382 1494 2438 Zacharia
1523 2387 1692 2454 papas
1712 2381 1906 2455 praeli-

237 2467 394 2523 bato
423 2469 815 2538 monasterio,
839 2470 935 2524 cui
964 2471 1334 2526 vocabulum
1385 2475 1475 2526 est
1524 2471 1781 2537 Asin'dae,
1828 2471 1906 2528 ab

236 2556 470 2613 Alfrido
549 2559 805 2629 praesule
868 2565 1230 2631 constructo,
1297 2561 1464 2633 quod
1520 2561 1906 2617 ﬂammarum

235 2644 563 2703 aduistione
604 2661 742 2702 cum
791 2647 1076 2719 przedicto
1120 2650 1491 2705 monasterio
1524 2650 1908 2706 combustum

234 2740 352 2801 est,
381 2737 590 2791 nostra
620 2733 950 2808 apostolica
990 2738 1336 2793 auctoritate
1373 2738 1542 2793 vobis
1587 2738 1747 2794 idem
1794 2741 1910 2810 pri-

230 2823 528 2893 vilegium
560 2824 788 2879 noviter
845 2826 1173 2881 concedere
1221 2826 1590 2898 jnberem‘us,
1640 2830 1698 2882 et
1753 2827 1908 2884 deci-

233 2910 429 2983 mam,
462 2927 648 2984 quam
682 2913 984 2985 permissu
1015 2915 1282 2986 praedicti
1312 2913 1520 2970 domui
1567 2916 1900 2986 apostolici,

231 3004 290 3057 et
325 3003 584 3057 assensu
621 3002 1051 3075 episcoporum
1085 3005 1264 3060 totius
1309 3005 1469 3059 cleri‘.
1535 2999 1901 3062 Guntharius

231 3089 614 3144 Coloniensis
671 3090 940 3146 Ecclesiae
1008 3091 1497 3165 archiepiscopus
1543 3094 1898 3150 earumdem

231 3178 793 3235 sanctimonialium
815 3179 992 3235 victui
1018 3181 1522 3253 atterminaverat,
1555 3188 1610 3237 et
1663 3183 1898 3240 electio-

226 3269 324 3323 nis
355 3269 690 3338 arbitrium,
725 3273 787 3324 ut
817 3271 1072 3342 quando
1094 3270 1401 3326 abbatissa
1427 3267 1707 3326 defuncta
1766 3273 1895 3328 fue-

226 3358 302 3413 rit
322 3357 626 3414 licentiam
650 3359 911 3414 habeant
935 3359 1437 3426 sanctimoniales,
1463 3376 1647 3432 quam
1666 3360 1897 3418 ibidem

226 3445 407 3502 fuerit
428 3447 810 3515 intrinsecus,-
841 3448 914 3504 de
947 3448 1277 3521 Semetipsis
1309 3465 1446 3521 quae
1466 3449 1650 3518 digna
1696 3448 1894 3523 fuerit,

228 3540 287 3590 et
321 3539 439 3591 Deo
466 3536 704 3609 placita,
738 3538 959 3607 eligere
984 3537 1376 3593 abbatissam.
1398 3541 1540 3592 Etut
1565 3537 1897 3611 privilegiis

224 3625 578 3698 apostolicae
611 3626 767 3681 sedis
797 3626 956 3682 idem
991 3626 1423 3682 menasterium
1454 3627 1794 3699 decoretur,
1835 3636 1901 3688 ut

225 3714 342 3770 sub
361 3715 774 3785 jurisdictlone
807 3719 1028 3772 sanctae”
1061 3719 1296 3782 nostrae,
1332 3715 1427 3771 cui
1460 3717 1578 3771 Deo
1624 3723 1896 3789 auctore,

223 3803 606 3860 deservimus
626 3805 895 3862 Ecclesiae
928 3806 1336 3876 constitutum,
1369 3805 1590 3860 nullius
1649 3806 1900 3866 alterius

220 3892 501 3948 Ecclesiae
525 3894 1046 3964 jurisdictionibus
1077 3893 1461 3949 submittatur
1490 3911 1503 3961 ;
1530 3909 1642 3965 pro
1674 3911 1804 3966 qua
1837 3915 1900 3954 re

218 3981 338 4055 piis
361 3981 670 4038 desideriis
697 3983 908 4039 vestris
939 3984 1225 4050 faventes,
1257 3982 1322 4038 id
1351 3981 1520 4054 quod
1572 3986 1902 4054 exposcitis

220 4069 461 4126 effectui
485 4073 932 4145 mancipamus,
986 4074 1310 4128 statuentes
1365 4070 1696 4143 apostolica
1757 4091 1900 4131 cen-

222 4175 371 4215 sura
397 4159 511 4215 sub
542 4160 727 4216 divini
747 4161 957 4234 judicii
986 4159 1404 4226 obtestatione,
1435 4163 1491 4214 et
1539 4161 1900 4221 anathema-

220 4249 295 4304 tis
325 4248 666 4320 interdictu,
689 4255 754 4306 ut
778 4250 978 4306 nullus
1029 4264 1300 4320 unquam
1349 4252 1680 4320 praesumat
1732 4253 1900 4323 quis-

218 4337 387 4409 piam
421 4337 840 4411 cujuscunque
865 4339 940 4394 sit
969 4337 1296 4409 dignitatis,
1329 4336 1423 4392 vel
1451 4340 1900 4409 quantumcun-

218 4442 339 4498 que
366 4443 593 4498 magna
623 4443 932 4501 pravaque
961 4442 1239 4500 persona,
1266 4426 1341 4481 de
1370 4427 1553 4482 rebus
1600 4432 1701 4483 aut
1757 4446 1898 4502 pos-

222 4516 626 4587 sessionibus,
649 4517 742 4572 vel
767 4517 1106 4590 quidquam
1127 4531 1262 4588 quae
1296 4515 1347 4570 ei
1375 4516 1666 4586 pertinere
1688 4517 1896 4575 viden-

223 4609 320 4660 tur
345 4622 599 4678 quoquo
621 4607 804 4662 modo
835 4605 1087 4672 auferre,
1123 4609 1225 4661 aut
1245 4604 1503 4661 alienare
1545 4614 1896 4678 praesumat,

221 4693 329 4748 sed
359 4708 474 4748 nec
496 4694 833 4768 quamlibet
852 4693 1273 4760 malitiam,aut
1285 4694 1537 4764 jacturae
1561 4694 1895 4751 molestiam

220 4781 452 4837 ibidem
486 4781 608 4837 sive
633 4783 822 4856 pacis,
859 4782 979 4836 sive
1027 4781 1348 4838 barbarico
1399 4786 1667 4854 tempore
1719 4782 1894 4839 ﬁrma

223 4870 547 4926 stabilitate
601 4871 985 4926 decernimus
1038 4870 1151 4926 sub
1202 4871 1614 4942 jurisdictione
1670 4877 1891 4927 sanctae

224 4957 448 5016 nostrae
485 4959 757 5016 Ecclesiae
772 4960 1279 5032 permanendum.
1303 4965 1374 5015 At
1393 4977 1533 5016 vero
1558 4961 1661 5033 qui
1690 4961 1790 5033 pio
1815 4961 1895 5016 in-

221 5039 375 5103 tuitu
397 5049 750 5106 observator
779 5049 962 5119 hujus
995 5049 1185 5105 nostri
1240 5049 1554 5121 apostolici
1605 5050 1894 5131 privilegii

222 5137 526 5207 exstiterit,
558 5137 999 5196 benedictionis
1028 5139 1282 5208 gratiam
1333 5154 1369 5192 a
1413 5138 1892 5196 misericordissi-

219 5243 324 5284 mo
358 5211 614 5286 Domino
644 5232 765 5285 Deo
796 5227 1210 5300 multipliciter
1241 5232 1662 5300 consequatur.

1527 195 1896 264 Episroee
1921 195 2024 258 EI“
2043 199 2468 268 PRIVILEGIA.

230 332 531 397 debeatis,
564 327 621 383 et
646 325 904 383 ulterius
936 313 1012 384 de
1033 326 1404 383 monasterio
1430 332 1654 384 sancire
1683 326 1922 400 Sophiee
1957 323 2009 377 A

3618 227 3722 282 89$

2831 341 2932 393 1in

2041 439 2275 491 meum
2305 445 2517 494 parari
2549 444 2814 498 aris‘rou
2858 459 2930 499 Αι)
2998 455 3211 505 Leoseu
3259 465 3326 507 er
3369 460 3711 508 BENEDICTUM

2076 537 2132 576 ΙΝ
2163 540 2450 583 ECCLESIAS
2474 541 2844 586 TRIVBNTINAM
2866 547 2934 587 ΕΤ
2969 537 3669 596 TERMOLENSEM'INTRUS’OS.

2685 621 2875 691 (Anno
2915 620 3070 692 947.)

2309 723 2502 796 [Apud
2550 728 2754 795 Mansi,
2788 728 3018 785 Concil.
3051 717 3249 803 XVIII,
3282 726 3446 806 4i2.]'

2113 829 2408 887 AGAPETUS
2439 833 2778 907 episcopus,
2801 851 3010 891 servus
3032 852 3338 894 servorum
3375 831 3495 910 Dei,
3521 844 3699 897 Leom

2037 917 2392 991 presbytero
2421 925 2478 977 et
2505 926 2824 988 monacho,
2855 930 2911 980 et
2939 928 3241 982 BENEDICTO
3262 943 3432 1000 aeque
3454 930 3701 1001 presby-

2036 1007 2185 1069 tero.
2216 1007 2692 1068 irrationabiliter
2717 1030 2752 1070 a
2777 1014 2954 1070 nobis
2978 1016 3339 1073 consecratis
3371 1017 3694 1090 episcopis,

2037 1099 2093 1149 et
2121 1095 2321 1167 ipsum
2353 1099 2693 1157 ordinem...
2727 1102 3135 1158 vestientibus.

2108 1185 2370 1242 Misimus
2390 1187 2519 1258 jam
2541 1190 2711 1246 vobis
2741 1191 2963 1248 litteras
2984 1197 3282 1265 quatenus
3307 1195 3594 1251 veniretis
3615 1195 3696 1251 ad

2032 1287 2164 1340 nos,
2222 1280 2279 1330 et
2323 1276 2737 1334 satisfaceretis
2800 1282 3285 1338 accusationibus
3339 1288 3394 1339 et
3434 1285 3694 1356 querelis

2031 1376 2186 1432 quas
2217 1363 2507 1420 adversus
2535 1382 2646 1422 nos
2675 1367 2858 1424 habet
2882 1370 3142 1425 Joannes
3173 1371 3491 1444 episcopus
3516 1389 3692 1428 sanc-

2030 1451 2104 1503 tte
2129 1450 2288 1505 sedis
2317 1451 2766 1521 Beneventanus,
2800 1457 2904 1527 qui
2934 1456 3328 1529 interpellavit
3359 1473 3539 1531 super
3578 1469 3696 1515 nos

2030 1542 2211 1610 atque
2241 1541 2500 1596 ostendit
2524 1543 2838 1614 privilegia
2862 1543 3020 1600 facta
3048 1547 3268 1602 nostris
3313 1549 3697 1604 antecessori-

2026 1625 2144 1681 bus
2174 1629 2562 1699 pontiﬁcibus
2592 1633 2645 1686 S.
2676 1633 2742 1686 Β.
2777 1629 2838 1688 Ε.
2869 1637 2926 1688 et
2953 1635 3301 1705 apostolicae
3333 1637 3491 1692 sedis
3547 1654 3687 1693 cum

2025 1714 2298 1772 districto
2329 1720 2732 1788 anathemate,
2770 1724 2836 1776 ut
2863 1722 3064 1777 nullus
3093 1724 3308 1796 aliquis
3367 1731 3697 1798 prmwmat

2025 1805 2296 1862 minuere
2328 1807 2611 1864 terminos
2627 1809 2928 1881 prredictae
2954 1813 3388 1869 Beneventanus
3405 1814 3690 1883 ecclesiae,

2024 1901 2082 1951 ct
2111 1896 2281 1967 quod
2323 1897 2660 1954 Tri'ventina
2693 1903 2751 1953 et
2776 1901 3172 1956 Termolensis
3214 1901 3476 1958 ecclesiae
3535 1903 3689 1959 anti-

2023 1985 2236 2057 quitus
2283 1985 2548 2041 subditae?
2613 1987 2866 2044 fuissent
2915 1993 3333 2048 Beneventano
3380 1993 3690 2066 episeopo,

2023 2073 2366 2147 pariterque
2394 2075 2452 2130 ei-
2476 2089 2692 2132 omnes
2718 2075 2850 2132 aliae
2889 2079 3172 2149 ecclesiae,
3206 2093 3340 2152 quae
3389 2086 3692 2137 construe»

2022 2165 2097 2216 tae
2128 2161 2221 2215 vel
2243 2162 2664 2217 construendae
2699 2167 2838 2218 sunt
2863 2164 3018 2220 infra
3049 2167 3332 2223 terminos
3356 2168 3607 2224 istarum
3637 2175 3694 2226 et

2025 2249 2280 2306 aliarum
2340 2265 2446 2321 per
2501 2250 2766 2306 civitates
2822 2257 2880 2308 et
2933 2258 3149 2325 castra,
3195 2261 3528 2329 cunctaque
3554 2258 3696 2314 loca

2025 2337 2422 2393 Beneventani
2446 2339 2820 2412 principatus
2845 2341 3054 2398 ditioni
3097 2344 3384 2414 subjecta,
3435 2349 3494 2399 et
3546 2345 3691 2417 qm

2021 2424 2303 2480 renuistis
2355 2425 2578 2492 venire,
2624 2431 2680 2482 et
2729 2428 3023 2485 rationem
3075 2431 3342 2499 reddere,
3406 2433 3691 2502 cognovi-

2021 2531 2183 2580 mus,
2213 2529 2322 2568 vos
2345 2529 2468 2568 non
2501 2529 2608 2585 per
2637 2517 2856 2572 ostium
2885 2518 3160 2587 intrasse,
3188 2521 3292 2575 sed
3334 2519 3570 2588 furtive,
3623 2528 3692 2579 ut

2020 2603 2186 2658 fures
2218 2607 2276 2656 et
2305 2601 2570 2657 latrones
2632 2604 2874 2660 ali-unde
2929 2607 3270 2680 irrupsisse,
3325 2613 3384 2663 et
3426 2608 3691 2665 indebita

2020 2690 2363 2764 episcopale
2393 2691 2789 2748 ministerium
2825 2709 3195 2768 usurpasse;
3222 2711 3490 2768 cumque
3530 2705 3691 2755 nova

2019 2778 2413 2852 praesumptio
2442 2783 2782 2849 surrexerit,
2815 2789 2879 2839 ut
2907 2785 3164 2850 videtur,
3193 2791 3257 2842 ut
3304 2786 3511 2858 plebes
3550 2802 3689 2860 quin

2021 2867 2280 2922 subdi-tae
2306 2872 2450 2922 sunt
2469 2870 2584 2925 sub
2609 2871 2850 2927 dioecesi
2879 2877 3024 2930 et....
3057 2875 3441 2948 episcopatus
3494 2875 3688 2948 ipsius

2023 2959 2461 3012 Beneventanus
2480 2960 2807 3030 provincia!
2832 2968 3045 3018 contra
3068 2964 3340 3020 instituta
3379 2975 3686 3022 canonum

2020 3061 2127 3118 per
2152 3045 2468 3118 praemium
2495 3053 2553 3104 et
2581 3049 2792 3105 datum
2823 3052 3127 3122 elegerunt
3157 3069 3262 3109 vos
3295 3053 3408 3108 sibi
3454 3069 3564 3126 per
3614 3057 3686 3112 si-

2018 3135 2364 3190 moniacam
2415 3136 2689 3193 hmresim
2742 3141 3076 3213 episcopos,
3131 3142 3389 3215 ideoque
3437 3156 3681 3201 excom.

2017 3225 2408 3279 municamus
2431 3232 2550 3280 vos
2573 3241 2644 3282 ex
2670 3229 3024 3285 auctoritate
3065 3231 3124 3286 Β.
3177 3231 3331 3286 Petri
3377 3233 3682 3304 apostolo-

2015 3328 2156 3367 rum
2177 3313 2494 3386 principis,
2521 3319 2585 3372 ut
2610 3331 2814 3390 neque
2839 3318 2900 3373 in
2944 3318 3172 3375 eisdem
3218 3319 3522 3393 plebibus,
3565 3323 3683 3380 hoc

2017 3407 2107 3457 est
2132 3402 2481 3459 Triventina
2498 3410 2561 3461 et
2584 3408 2943 3464 Temulana
2969 3408 3240 3480 ecclesia,
3270 3411 3676 3484 episcopalem

2016 3493 2462 3549 cathedram....
2497 3497 2896 3566 praesumatis,
2928 3513 3036 3554 nec
3064 3497 3125 3553 in
3151 3499 3316 3555 nulla
3349 3500 3468 3557 alia
3498 3503 3682 3560 eccle-

2017 3580 2108 3637 sia
2137 3581 2504 3654 permissum
2533 3585 2805 3641 habeatis
2857 3586 3101 3658 aliquod
3153 3588 3498 3662 episcopale
3551 3591 3681 3647 ofﬂ-

2015 3669 2176 3727 cium
2209 3686 2518 3744 peragere.
2570 3677 2686 3730 Nos
2727 3676 2988 3748 denique
3039 3683 3468 3748 cognoscentes
3512 3681 3679 3753 quod

2012 3759 2149 3816 licet
2175 3761 2329 3816 illud.
2357 3761 2436 3816 ab
2468 3763 2731 3836 antiquis
2758 3780 3110 3837 possessum
3139 3773 3228 3823 est
3269 3769 3671 3839 pontiﬁcibus,

2013 3851 2072 3902 et
2102 3848 2309 3904 omnia
2340 3853 2395 3904 et
2426 3851 2765 3920 parochias,
2793 3856 2848 3906 et
2889 3851 3173 3908 diozceses
3223 3853 3451 3923 integre
3498 3859 3677 3913 Bene-

2012 3941 2276 3992 ventano
2307 3936 2669 4010 principatui
2698 3939 3077 4009 retradimus,
3101 3955 3463 3999 renovamus
3494 3951 3673 4018 atque

2014 4026 2452 4080 conﬁrmamus
2520 4026 2714 4082 eidem
2766 4029 2979 4083 Joanni
3045 4031 3459 4088 Beneventano
3511 4034 3671 4105 epis.

2011 4127 2188 4186 copo,
2222 4113 2478 4185 ejusque
2509 4115 2959 4172 successoribus
2988 4116 3050 4171 in
3079 4123 3436 4190 perpetuum
3477 4123 3669 4194 possi-

2013 4204 2304 4272 dendum,
2339 4217 2377 4258 a
2404 4207 2868 4278 nostrorumque
2894 4221 3309 4264 successorum
3347 4210 3515 4266 nullo
3567 4211 3669 4268 alt-

1936 4308 1980 4361 ι)
2011 4292 2157 4364 quid
2207 4291 2628 4360 minuendum,
2690 4298 3008 4368 propterea
3060 4296 3468 4364 admonendo,
3498 4314 3669 4357 man-

2009 4381 2217 4436 dando
2245 4381 2872 4454 excommunicamus,
2931 4386 3278 4443 auctoritate
3328 4387 3485 4444 beati
3516 4391 3669 4446 Petri

2010 4468 2420 4540 apostolorum
2453 4469 2760 4542 principis,
2805 4471 3052 4529 clericos
3109 4480 3167 4530 et
3219 4481 3500 4532 cunctam
3546 4477 3667 4550 ple-

2008 4557 2149 4613 bem
2178 4557 2579 4614 Triventinam
2611 4566 2670 4615 et
2699 4561 2760 4616 in
2793 4562 3076 4618 Termolis
3130 4565 3552 4620 consistentem
3603 4571 3668 4621 ut

2005 4645 2290 4702 si....stne
2322 4647 2642 4715 gastaldeis
2669 4650 3155 4706 ministerialibus
3228 4668 3334 4707 seu
3395 4652 3661 4722 clericus,

2009 4735 2098 4789 vel
2166 4735 2429 4807 populus
2499 4737 2770 4807 ipsarum
2845 4738 3152 4814 civitatum
3221 4743 3672 4814 praisumpserit

2005 4837 2275 4893 quaerere
2307 4825 2686 4895 supradictas
2721 4828 2977 4881 Leonem
3003 4813 3375 4882 monachum
3404 4834 3461 4884 et
3486 4813 3666 4886 Bene-

2002 4910 2228 4964 dictum
2255 4923 2423 4982 teque
2455 4912 2872 4984 presbyterum
2900 4914 2963 4968 in
2988 4914 3134 4987 ipsis
3193 4915 3534 4973 civitatibus
3563 4933 3664 4974 ex-

2008 4998 2202 5070 cipere
2233 4999 2306 5054 ad
2355 4999 2760 5070 pontiﬁcalem
2787 5002 3061 5059 ordinem
3114 5005 3517 5061 exercendum
3552 5006 3665 5062 sub

2007 5087 2404 5144 anathematis
2426 5089 2667 5144 vinculo
2712 5096 2999 5148 meneant
3045 5093 3362 5149 constricti.
3421 5095 3477 5150 Si
3529 5096 3664 5166 quis

2007 5181 2228 5244 autem,
2260 5176 2427 5247 quod
2473 5193 2596 5233 non
2643 5183 2947 5252 optamus,
3009 5198 3164 5238 ausu
3220 5182 3664 5254 praesumpserit

1999 5265 2128 5322 haec
2182 5280 2319 5337 quas
2368 5281 2404 5321 a
2468 5267 2644 5324 nobis
2699 5269 2777 5324 ad
2806 5269 3051 5326 laudem
3084 5271 3184 5326 Dei
3212 5283 3323 5342 pro
3344 5269 3662 5324 stabilitate

2001 5354 2129 5424 jam
2158 5354 2329 5408 dictas
2364 5357 2788 5414 Beneventanis
2818 5358 3088 5414 Ecclesiae
3115 5361 3335 5414 statuta
3375 5361 3514 5412 sunt
3568 5372 3660 5412 re-

2005 5444 2259 5512 fragare,
2291 5449 2394 5499 aut
2420 5444 2482 5499 in
2510 5459 2822 5518 quoquam
2849 5446 3200 5515 transgredi,
3229 5449 3334 5501 aut
3388 5445 3660 5502 minuere

2003 5534 2309 5602 terminos,
2342 5535 2488 5591 sciat
2513 5552 2574 5592 se
2601 5535 2998 5592 anathematis
3019 5534 3258 5591 vinculo
3274 5535 3658 5598 innodatum,

2000 5622 2110 5678 sed
2131 5627 2189 5679 et
2208 5638 2348 5681 cum
2366 5623 2520 5682 Juda
2547 5623 2781 5682 Domini
2811 5622 3112 5686 traditore,
3133 5625 3193 5680 et
3213 5639 3355 5681 cum
3373 5623 3664 5683 omnibus
