4166 6162
520 121 624 173 895

1920 99 2216 158 AGAPETI
2255 99 2454 156 ΡΑΡιΕ
2491 101 2536 154 lI

3849 100 3950 156 896

521 235 726 309 impiis
757 241 978 290 aterno
1010 231 1307 306 supplicio
1365 231 1854 288 condemnatum.
1917 227 1990 280 At
2034 236 2178 309 vero
2210 225 2258 279 Α
2297 221 2582 278 Ludovici
2607 227 2836 293 votum,
2861 222 3023 296 ipsas
3053 219 3372 295 praedictas
3413 219 3724 290 diceceses,
3777 222 3952 276 Ham-

525 308 630 396 qui
657 339 768 396 pro
797 323 1010 378 intuitu
1035 321 1388 376 observator
1415 325 1474 376 et
1500 320 1560 376 in
1582 318 1866 375 omnibus
1901 308 2184 370 exstiterit

527 413 872 468 custodiens
923 412 1106 482 hujus
1163 411 1350 466 nostri
1393 409 1703 482 apostolici
1749 401 2048 462 constituti
2104 397 2184 454 ad

532 501 760 556 cultum
813 500 913 556 Dei
971 499 1315 572 respiciens,
1361 497 1794 554 benedictionis
1842 491 2093 564 gratiam
2147 503 2185 543 a

527 587 1190 644 misericordiosissimo
1229 585 1484 643 Domino
1527 589 1731 641 nostro
1787 577 2186 652 multipliciter

528 681 953 750 consequatur,
980 679 1038 732 et
1066 675 1202 732 vita
1231 679 1466 732 aterna
1515 674 1812 748 particeps
1858 667 2013 726 effici
2057 681 2184 722 me-

524 769 746 823 reatur.

603 857 820 910 Datum
849 869 958 927 per
987 869 1205 909 manus
1266 851 1546 926 Stephani
1603 847 1922 924 primicerii
1966 847 2186 902 sancta

531 947 815 1000 Romana
842 947 898 998 et
924 942 1265 1015 apostolica
1286 941 1466 1008 sedis,
1501 957 1684 1012 anno,
1713 938 1963 995 Domino
1991 933 2188 1009 propi-

523 1032 628 1098 tio,
661 1031 1046 1105 pontiﬁcatus
1071 1031 1302 1087 domini
1321 1031 1570 1104 Agapeti
1601 1034 1644 1085 ll
1675 1045 1850 1102 papa
1876 1027 1936 1082 in
1992 1039 2187 1080 sacra-

515 1121 746 1179 tissima
767 1121 906 1177 sede
933 1121 1094 1178 beati
1123 1121 1272 1178 Petri
1300 1121 1557 1195 apostoli
1586 1119 1803 1194 primo,
1843 1115 1967 1172 ind.
1989 1131 2040 1170 v.

1325 1233 1387 1284 V.

519 1354 756 1394 AGAPETI
799 1356 958 1396 ΡΑΡΒ
1007 1356 1043 1394 Il
1087 1355 1350 1395 EPISTOLA
1409 1355 1480 1394 AD
1530 1352 1888 1393 ADALGARIUM
1933 1348 2186 1388 HAMBUR-

991 1445 1198 1484 GENSEM
1227 1443 1696 1484 ARCHIEPISCOPUM
1707 1469 1718 1481 .

1167 1521 1362 1586 (Anno
1395 1521 1546 1584 948.)

521 1607 904 1663 Junclionem
955 1607 1293 1662 Bremensis
1361 1605 1648 1660 Ecclesia:
1697 1619 1828 1659 cum
1880 1600 2186 1656 Hambur—

573 1696 764 1765 gensi,
793 1700 846 1750 et
877 1700 1094 1750 catera
1117 1694 1594 1764 Hamburgensis
1611 1694 1764 1762 jura
1796 1690 2131 1757 conﬁrmat.

595 1805 890 1856 Acus-rus
925 1801 1268 1872 episcopus,
1303 1815 1510 1855 servus
1539 1813 1848 1854 servorum
1883 1795 2000 1859 Dei,
2031 1809 2190 1848 reve-

527 1888 888 1944 rendissimo
919 1892 978 1943 et
1007 1887 1384 1943 sanctissimo
1407 1891 1740 1942 ADALGARIO
1793 1887 1848 1942 S.
1906 1885 2189 1939 ﬂamma-

525 1976 848 2046 burgensis
879 1976 1156 2032 Ecclesiae
1183 1977 1652 2049 archiepiscopo,
1689 1974 1924 2046 tuisque
1954 1987 2189 2028 succes-

531 2064 770 2120 soribus
797 2065 858 2120 in
880 2071 1259 2139 perpetuum.

604 2153 888 2210 Convenit
907 2154 1248 2227 apostolica
1303 2153 1700 2210 moderationi
1757 2151 1859 2223 pia
1909 2149 2192 2220 religione

529 2241 894 2315 pollentibus
923 2242 1218 2300 benevola
1244 2243 1668 2315 compassione
1709 2255 2076 2306 succurrere,
2137 2243 2194 2294 et

530 2330 918 2402 poscentibus
947 2331 1182 2388 animos
1229 2331 1414 2388 alacri
1469 2329 1785 2386 devotione
1846 2327 2191 2400 impertire;

532 2435 607 2476 ex
651 2419 768 2476 hoc
805 2421 966 2476 enim
1023 2421 1173 2476 lucri
1233 2421 1618 2494 potissimum
1667 2409 1986 2491 praemium
2031 2415 2196 2490 apud

529 2508 902 2565 conditorem
927 2509 1200 2566 omnium
1231 2513 1420 2566 Deum
1439 2509 1650 2582 procul
1690 2507 1876 2564 dubio
1893 2521 2196 2580 promere-

531 2613 689 2664 mur,
721 2597 870 2654 dum
897 2599 1264 2656 venerabilia
1287 2599 1422 2654 loca
1477 2601 1815 2670 opportune
1863 2595 1942 2652 ad
1992 2594 2196 2650 melio-

533 2699 664 2740 rem
701 2684 918 2742 fuerint
977 2691 1198 2743 statum
1239 2687 1366 2742 sine
1417 2686 1603 2742 dubio
1641 2685 1954 2758 producta.
2015 2683 2196 2753 Igitur

533 2774 679 2846 quia
705 2775 1052 2848 postulastis
1081 2792 1119 2832 a
1147 2777 1324 2832 nobis
1366 2779 1666 2848 quatenus
1719 2774 2196 2846 archiepiscopa-

535 2867 664 2918 tum
709 2863 1284 2934 Hammaburgensis
1341 2864 1612 2920 Ecclesia
1658 2867 1850 2920 totum
1892 2863 2194 2932 integrum

533 2951 708 3008 vobis
763 2953 1283 3027 conﬁrmaremus,
1339 2954 1490 3009 sicut
1545 2969 1582 3009 a
1627 2953 2067 3026 pradecessore
2125 2953 2189 3006 D.
2223 2928 2264 2984 θ

533 3045 740 3098 nostro
771 3041 1011 3099 Nicolao
1053 3043 1236 3116 hujus
1289 3043 1630 3115 apostolica
1675 3041 1832 3098 sedis
1887 3041 2194 3098 decretum

539 3134 662 3198 est;
696 3131 964 3188 inclinati
990 3131 1270 3204 precibus
1301 3131 1625 3188 Hadamari
1653 3130 1959 3187 Fuldensis
2001 3129 2192 3185 abba-

535 3218 630 3289 tis,
659 3219 990 3292 apostolica
1019 3220 1367 3276 auctoritate
1391 3219 1780 3276 concedimus
1823 3235 1960 3276 cum
2005 3217 2196 3275 omni-

535 3306 651 3362 bus
677 3308 1030 3377 generaliter
1055 3313 1238 3381 atque
1269 3309 1598 3382 specialiter
1625 3308 1774 3364 locis
1803 3309 1882 3365 ad
1911 3308 2193 3364 eumdem

535 3400 800 3452 vestrum
877 3397 1394 3471 archiepiscopum
1469 3397 1920 3470 pertinentibus,
1977 3397 2196 3454 scilicet

537 3485 740 3540 omnia
760 3502 898 3558 qua
925 3489 1098 3543 vestri
1123 3492 1530 3544 antecessores
1562 3487 1684 3542 suis
1733 3485 2043 3542 laboribus
2094 3503 2194 3542 ac-

537 3572 928 3645 quisiverunt,
955 3576 1046 3631 vel
1075 3578 1254 3632 etiam
1304 3592 1477 3630 amor
1527 3581 1760 3631 aeterna
1791 3575 2000 3648 patria
2039 3575 2124 3632 ibi
2159 3591 2194 3632 a

539 3661 1021 3720 Christicolarum
1049 3663 1327 3721 ﬁdelibus
1362 3664 1576 3734 largita
1625 3667 1763 3720 sunt
1809 3663 2146 3734 largiuntur
2178 3683 2192 3734 ;

535 3755 676 3807 cum
701 3751 814 3808 illis
844 3753 1043 3822 etiam,
1070 3753 1176 3827 qui
1203 3770 1364 3809 nunc
1390 3770 1500 3810 suo
1531 3759 1798 3826 tempore
1830 3753 2036 3810 divina
2060 3770 2196 3826 pro-

535 3842 794 3910 tegentia
818 3842 897 3898 ad
924 3843 1135 3900 Christi
1165 3843 1438 3898 conversi
1493 3847 1632 3898 sunt
1669 3843 1875 3908 ﬁdem,
1931 3843 2198 3899 videlicet

534 3928 830 4002 episcopis
855 3932 1181 3997 Danorum,
1217 3933 1646 3994 Norvenorum,
1663 3933 2066 3999 Suvevonum,
2085 3947 2198 3988 nec

533 4031 658 4072 non
685 4018 960 4074 omnium
991 4019 1572 4092 septemtrionalium
1597 4020 1860 4091 partium
1894 4037 1908 4087 ;
1944 4019 2194 4091 pallium

533 4121 798 4178 quoque,
831 4113 889 4163 et
916 4107 1046 4178 ejus
1077 4124 1256 4164 usum
1285 4108 1346 4164 in
1377 4108 1830 4180 pranominatis
1853 4124 1889 4165 a
1909 4109 2196 4181 praedicto

533 4207 698 4265 papa
725 4193 890 4252 factis
919 4195 1272 4252 habendum
1303 4197 1430 4268 tibi,
1458 4201 1516 4252 et
1559 4197 1842 4254 omnibus
1894 4213 2196 4254 successoo

2293 309 2658 380 burgensem
2689 312 2926 378 scilicet,
2951 317 3008 367 et
3033 314 3435 378 Bremensem,
3483 326 3612 366 non
3669 309 3954 382 deinceps

2293 399 2467 468 duas,
2517 402 2622 458 sed
2673 417 2860 457 unam
2915 417 3046 457 esse
3073 405 3130 457 et
3159 399 3401 468 vocari;
3433 415 3682 456 omnem
3711 415 3952 472 quoque

2295 487 2713 546 adversantem
2745 490 2836 546 vel
2867 490 3396 558 contradicentem,
3427 495 3612 562 atque
3653 489 3772 561 piis
3817 505 3952 545 nos-

2293 578 2399 634 tris
2429 579 2638 635 studiis
2667 579 2936 653 quolibet
2963 579 3147 636 modo
3165 578 3570 642 insidiantem,
3597 579 3954 636 anathema-

2298 667 2370 724 tis
2425 685 2702 726 sermone
2779 669 3168 742 percutimus,
3229 673 3654 742 perpetuaque
3715 667 3956 724 ultionis

2292 771 2467 814 reum
2496 757 2798 815 diabolica
2829 763 2984 816 sorte
3013 757 3401 830 damnamus,
3425 761 3494 813 ut
3517 757 3759 813 culmen
3785 773 3958 831 apos-

2295 845 2575 916 tolorum,
2605 863 2772 903 more
2819 845 3334 920 pradecessorum
3383 849 3756 916 nostrorum,
3819 861 3958 902 cau-

2296 951 2548 1008 samque
2581 936 2680 992 Dei
2704 935 2805 1008 pio
2827 935 3044 992 affectu
3073 935 3330 991 zelantes
3369 935 3449 991 ab
3493 933 3764 990 adversis
3821 934 3958 992 hinc

2295 1023 2436 1079 inde
2457 1025 2729 1097 partibus
2757 1025 3125 1080 muniamus.
3167 1023 3508 1097 Apostolica
3527 1023 3734 1096 itaque
3761 1029 3960 1080 aucto-

2295 1113 2484 1182 ritate,
2517 1119 2574 1170 et
2597 1114 2944 1170 Bernhardo
2983 1115 3268 1188 episcopo
3308 1113 3778 1182 Alverstadensi,
3837 1114 3960 1171 Thi-

2297 1203 2489 1259 dardo
2519 1203 2906 1260 Hisdenensis
2937 1203 3224 1272 ecclesia,
3257 1207 3314 1259 et
3368 1203 3598 1260 cateris
3645 1205 3956 1260 contermi-

2297 1291 2536 1346 nalibus
2561 1291 2864 1366 episcopis
2895 1293 3144 1365 insuper
3165 1291 3452 1363 jubemus
3482 1296 3540 1348 et
3595 1308 3702 1348 eos
3751 1308 3960 1348 mone-

2296 1397 2454 1444 mus,
2479 1385 2544 1438 ut
2563 1385 2618 1438 te
2647 1382 2709 1438 in
2739 1382 3022 1438 omnibus
3049 1382 3360 1453 adjuvent,
3409 1385 3715 1456 quatenus
3765 1398 3960 1439 sacer-

2297 1469 2494 1526 dotale
2525 1471 2919 1528 ministerium
2951 1471 3189 1545 explere
3215 1475 3274 1528 et
3289 1471 3634 1528 animarum
3655 1471 3834 1528 lucra
3859 1475 3963 1528 Do-

2227 1578 2268 1632 Β
2297 1559 2464 1615 mino
2491 1562 2630 1616 Jesu
2661 1559 2890 1617 Christo
2915 1560 3151 1616 facilius
3197 1560 3504 1634 acquirere
3553 1561 3784 1617 valeas.
3819 1565 3965 1617 Auc-

2297 1647 2529 1704 toritate
2554 1664 2695 1718 ergo
2727 1649 3054 1722 apostolica
3077 1653 3134 1705 et
3169 1665 3426 1706 censura
3447 1649 3561 1705 sub
3587 1649 3772 1706 divini
3801 1649 3964 1721 judi-

2297 1736 2370 1791 cii
2401 1736 2816 1805 obtestatione,
2850 1741 2906 1792 et
2929 1737 3330 1794 anathematis
3387 1737 3698 1794 interdicto
3755 1737 3964 1794 statui-

2299 1843 2459 1896 mus,
2487 1831 2544 1882 et
2571 1827 2738 1882 nulla
2761 1843 3026 1900 persona
3071 1844 3299 1898 magna
3351 1826 3444 1884 vel
3499 1843 3712 1900 parva,
3769 1829 3966 1899 cujus-

2299 1931 2539 1988 cunque
2561 1917 2808 1984 ordinis,
2842 1921 2947 1973 aut
2974 1917 3278 1988 dignitatis
3300 1917 3397 1985 sit,
3419 1917 3624 1974 omnia
3645 1933 3790 1990 qua
3809 1933 3846 1974 a
3867 1933 3966 1974 no-

2298 2001 2412 2068 bis,
2445 2003 2538 2058 vel
2569 2004 3110 2076 pradecessoribus
3153 2005 3374 2062 nostris
3420 2004 3688 2060 ecclesia
3735 2009 3858 2060 tua
3913 2011 3966 2062 et

2299 2091 2406 2148 tibi
2433 2107 2720 2150 concessa
2747 2098 2886 2149 sunt
2914 2093 3094 2150 violet
3127 2113 3140 2162 ;
3169 2093 3517 2167 quicunque
3547 2098 3758 2150 autem
3783 2099 3968 2150 muta-

2301 2179 2466 2244 verit,
2492 2180 2588 2236 vel
2615 2181 2678 2236 in
2706 2181 2908 2254 aliquo
2933 2181 3157 2238 violare
3187 2181 3658 2254 prasumpserit,
3689 2181 3810 2237 nisi
3833 2183 3966 2238 resi-

2303 2269 2518 2340 puerit,
2551 2270 2899 2326 auctoritate
2941 2270 3060 2338 Dei,
3089 2273 3214 2326 etB
3267 2269 3437 2340 Petri,
3469 2275 3526 2326 et
3573 2273 3812 2342 nostra,
3869 2271 3968 2344 qui

2304 2357 2433 2430 ejus
2463 2357 2772 2428 fungimur
2803 2359 3200 2430 vicariatione,
3231 2359 3500 2432 perpetui
3558 2359 3967 2416 anathematis

2304 2445 2546 2503 vinculo
2577 2448 2652 2504 sit
2677 2447 3024 2504 innodatus.
3057 2447 3168 2514 Qui
3194 2463 3340 2504 vero
3367 2451 3567 2504 custos
3595 2451 3658 2504 et
3685 2447 3970 2504 observa-

2307 2539 2398 2591 tor
2413 2536 2546 2608 ejus
2577 2537 2859 2594 exstiterit
2878 2537 3313 2594 benedictionis
3335 2538 3608 2608 gratiam,
3635 2541 3694 2594 et
3715 2537 3968 2594 celestis

2305 2623 2706 2682 retributionis
2735 2641 2772 2680 a
2815 2625 2981 2696 justo
3018 2625 3222 2698 judice
3273 2626 3525 2682 Domino
3583 2629 3708 2682 Deo
3763 2631 3966 2683 nostro

2305 2713 2594 2786 consequi
2623 2718 2943 2780 mereatur.

2377 2801 2672 2874 Scriptum
2703 2818 2812 2876 per
2839 2818 3092 2859 manum
3108 2803 3354 2859 Arronis
3375 2803 3592 2858 notarii
3619 2804 3964 2873 regionarii,

2303 2895 2483 2964 atque
2540 2891 2831 2948 scriniarii
2889 2894 2944 2949 S.
3015 2893 3084 2948 R.
3139 2895 3205 2949 Ε.
3275 2893 3338 2948 in
3399 2908 3606 2948 mense
3659 2893 3962 2960 Januario,

2301 2979 2626 3036 indictione
2654 2997 2732 3036 vr.
2760 2985 2907 3038 Data
2933 2997 2990 3037 1v
3021 2984 3222 3038 Nonas
3251 2982 3519 3038 Januarii
3545 2997 3658 3055 per
3713 2999 3963 3039 manum

2299 3069 2550 3126 Andrea
2577 3071 2790 3128 arcarii
2820 3075 3040 3128 sancta
3067 3072 3226 3128 sedis
3256 3073 3602 3146 apostolica
3617 3072 3682 3128 in
3699 3073 3966 3130 sacratis-

2304 3161 2460 3216 sima
2490 3161 2630 3218 sede
2662 3164 2721 3218 B.
2755 3161 2908 3218 Petri
2938 3162 3214 3235 apostoli,
3257 3163 3578 3220 indictione
3637 3179 3720 3218 vr.

3077 3251 3172 3308 Vl.

2301 3353 2536 3394 AGAPETI
2593 3355 2748 3394 PAPB
2807 3345 2848 3394 Π
2897 3355 3160 3396 EPISTOLA
3211 3357 3286 3396 Αι)
3323 3356 3754 3398 W'INDILGARDEI
3797 3357 3962 3397 ABBA-

3011 3445 3214 3484 TlSSAM
3223 3469 3237 3484 .

2929 3521 3125 3586 (Anno
3169 3519 3320 3590 948.)

2297 3607 2730 3664 Monasterium
2763 3607 3335 3665 Gandersheimense
3387 3608 3451 3664 in
3503 3610 3784 3666 Saxonia
3835 3625 3959 3666 con-

2370 3683 2690 3748 structum,
2713 3680 2821 3734 sub
2847 3681 3217 3748 proiectione
3246 3680 3397 3736 sedis
3429 3681 3780 3750 apostolica:
3823 3683 3958 3738 reci-

2369 3751 2540 3818 pitur
2569 3752 2870 3821 variisque
2899 3751 3165 3806 donatur
3190 3752 3545 3820 privilegiis.

2397 3839 2596 3911 [Apud
2627 3838 3002 3912 Coquelines,
3035 3841 3359 3896 Bullarum
3389 3841 3620 3896 collect.
3651 3845 3693 3912 l,
3713 3843 3866 3914 251.]

2373 3931 2666 3983 AGAPETUS
2693 3928 3032 4001 episcopus,
3057 3943 3266 3984 servus
3297 3943 3608 3985 servorum
3641 3929 3768 3997 Dei,
3817 3933 3954 3984 Νικ-

2303 4032 2581 4084 uncum,
2633 4016 2952 4072 abbatissa
2996 4015 3350 4072 venerabilis
3401 4017 3754 4072 monasterii
3813 4021 3960 4074 Gan-

2301 4103 2852 4173 derescheimensis,
2907 4105 3194 4161 construti
3225 4105 3304 4160 ab
3353 4107 3564 4162 Ottone
3615 4107 3838 4162 comite
3889 4107 3960 4162 dc

2305 4193 2584 4264 Saxonia,
2643 4193 2894 4268 aliisque
2923 4211 3046 4250 sua
3079 4195 3252 4252 sortis
3282 4195 3608 4252 abbatissis
3655 4196 3718 4252 in
3760 4211 3962 4270 perpe-

534 4279 703 4336 ribus
755 4281 870 4338 tuis
922 4287 1212 4356 perpetuo
1263 4283 1662 4340 decernimus.
1711 4286 2000 4358 Deinceps
2057 4300 2196 4340 vero
2225 4276 2270 4330 Ι)
2303 4286 2494 4340 tuum.

533 4368 770 4424 nullum
800 4371 1412 4446 archiepiscoporum,
1463 4373 1560 4430 vel
1609 4374 2046 4446 Coloniensem,
2101 4373 2198 4430 vel

535 4456 722 4515 alium
747 4459 1075 4532 quemlibet
1097 4461 1158 4517 in
1178 4468 1372 4518 vestra
1395 4462 1642 4520 diacesi
1671 4464 1858 4520 ullam
1905 4464 2018 4520 sibi
2071 4463 2198 4520 vin-

533 4547 734 4605 dicare
766 4549 1146 4607 decernimus
1173 4557 1530 4622 potestatem
1565 4571 1578 4622 ;
1615 4555 1888 4626 quinimo
1942 4557 1998 4609 et
2047 4553 2196 4626 ipsis

533 4641 590 4694 et
607 4638 891 4694 omnibus
902 4640 1149 4696 omnino
1175 4641 1504 4698 suademus
1531 4641 1857 4699 cultoribus
1872 4641 2194 4714 religionis,

534 4731 600 4782 ut
619 4727 1011 4800 adjutorium,
1042 4734 1100 4785 et
1129 4732 1342 4787 solatia
1368 4748 1444 4788 vo
1491 4733 1540 4787 is
1567 4733 1628 4788 in
1675 4733 1959 4788 omnibus
2003 4733 2196 4790 admi-

535 4816 788 4872 nistrent
821 4836 834 4885 ;
856 4823 1154 4889 quatenus
1179 4835 1290 4893 pro
1317 4821 1508 4890 gratia
1535 4821 1718 4892 hujus
1747 4821 2024 4878 beneﬁcii
2065 4823 2194 4896 ple-

534 4919 678 4958 nam
731 4904 994 4976 recipere
1037 4909 1382 4964 mercedem
1429 4926 1466 4965 a
1531 4911 1782 4966 Domino
1829 4915 2192 4983 mereantur,

534 5009 676 5048 cum
696 4993 925 5064 omnia,
957 5011 1092 5067 qua
1124 4997 1396 5069 proﬁcua
1423 4998 1686 5054 ecclesia
1717 4999 2050 5071 probantur
2097 5015 2194 5056 ex-

532 5081 760 5152 hibere,
795 5085 852 5138 et
879 5082 1097 5139 divinis
1125 5101 1250 5140 non
1287 5086 1726 5157 impugnantur
1777 5088 2194 5160 praeceptioni-

531 5171 672 5240 bus,
705 5171 1024 5231 efﬁcienda
1047 5177 1106 5230 et
1133 5174 1464 5246 praebenda
1492 5175 1916 5249 omnipotentis
1937 5179 2039 5234 Dei
2059 5193 2198 5234 auo-

535 5261 790 5334 toritate,
819 5265 877 5318 et
899 5261 1218 5320 beatorum
1261 5263 1674 5334 apostolorum
1731 5265 1880 5320 Petri
1931 5269 1990 5322 et
2029 5265 2194 5322 Pauli

535 5363 664 5403 esse
693 5365 820 5408 non
850 5349 1226 5421 dubitamus,
1258 5355 1316 5406 et
1337 5351 1453 5408 hoc
1481 5355 1688 5409 nostro
1719 5352 1960 5410 decreto
1989 5353 2194 5410 decer-

533 5437 754 5508 nimus,
789 5441 1126 5496 secundum
1153 5441 1606 5512 pranominata
1651 5442 1830 5500 bona
1885 5443 2193 5500 memoria

525 5524 746 5586 Nicolai
775 5543 966 5606 papa
995 5529 1390 5607 sanctionem,
1421 5534 1482 5588 et
1505 5531 1986 5594 reverendissimi
2033 5532 2191 5604 regis

2375 4371 2672 4439 Quoniam
2703 4389 2941 4446 semper
2969 4377 3109 4429 sunt
3137 4373 3544 4443 concedenda,
3603 4391 3746 4448 qua
3795 4377 3964 4433 ratio-

2303 4461 2604 4518 nabilibus
2635 4467 2974 4532 congruunt
3005 4463 3332 4532 desideriis,
3363 4468 3616 4536 oportet,
3677 4470 3746 4522 ut
3785 4466 3960 4522 devo-

2303 4550 2448 4607 tioni
2505 4551 2826 4606 conditoris
2851 4551 2966 4624 pia
3021 4552 3493 4608 conservationis
3523 4555 3856 4611 auctoritas
3905 4555 3958 4610 in

2309 4639 2628 4712 privilegiis
2673 4639 3030 4712 prastandis
3069 4640 3317 4696 minime
3373 4641 3724 4712 denegetur.
3787 4645 3962 4714 Igitur

2304 4729 2448 4801 quia
2507 4728 2832 4800 postulavit
2883 4745 2919 4784 a
2989 4729 3166 4784 nobis
3237 4730 3647 4788 Hathumarus
3720 4749 3960 4790 venera-

2303 4817 2437 4873 bilis
2467 4816 2681 4886 abbas,
2709 4821 2772 4872 ut
2799 4835 2908 4890 per
2933 4819 3060 4890 ejus
3089 4819 3492 4875 interventum
3535 4825 3721 4893 atque
3751 4823 3958 4896 depre-

2304 4907 2600 4962 cationem
2651 4913 2914 4963 vestrum
2964 4909 3398 4964 monasterium
3455 4911 3954 4968 Ganderescheim

2305 4997 2482 5052 situm
2499 4995 2671 5066 juxta
2701 4996 2954 5052 fluvium
2984 5002 3286 5066 Aternam,
3322 4999 3656 5071 apostolica
3699 5005 3954 5058 auctori-

2303 5089 2419 5142 tate
2449 5085 2620 5140 vobis
2651 5085 3168 5158 conﬁrmaremus,
3201 5087 3314 5142 sub
3351 5081 3768 5159 jurisdictione
3802 5107 3956 5146 sanc-

2305 5177 2376 5230 ta
2406 5178 2644 5241 nostra,
2677 5173 2772 5230 cui
2801 5176 2919 5231 Deo
2941 5179 3182 5232 auctore
3239 5175 3629 5240 deservimus,
3676 5181 3952 5236 ecclesiae.

2304 5263 2711 5332 constitutum,
2745 5263 2969 5320 nullius
2999 5264 3240 5321 alterius
3286 5265 3548 5322 ecclesia
3595 5268 3948 5339 jnrisdictio-

2304 5353 2482 5410 nibus
2513 5353 2915 5410 submittatur.
2949 5357 3060 5410 Pro
3100 5371 3222 5428 qua
3265 5371 3328 5412 re
3361 5355 3473 5428 piis
3504 5356 3820 5414 desideriis
3879 5357 3952 5414 fa-

2303 5447 2509 5500 ventes
2532 5444 2679 5516 [per]
2711 5444 2866 5500 hanc
2887 5447 3160 5500 nostram
3191 5445 3605 5502 auctoritatem
3658 5447 3744 5513 id,
3795 5445 3950 5520 quod

2303 5533 2588 5606 poscitur,
2618 5533 2852 5590 effectui
2869 5535 3313 5608 mancipamus,
3341 5539 3398 5592 et
3425 5534 3562 5594 ideo
3593 5551 3842 5594 omnem
3863 5553 3950 5592 cu-
