  <div class='ocr_page' id='page_1' title='image "/cluster/home/n/w/nwhite01/storage/ocr_20150623/133/hvd.32044054759949/454.png"; bbox 0 0 4166 6162; ppageno 0'>
   <div class='ocr_carea' id='block_1_1' title="bbox 223 109 3728 187">
    <p class='ocr_par' dir='ltr' id='par_1_1' title="bbox 223 109 3728 187">
     <span class='ocr_line' id='line_1_1' title="bbox 223 109 3728 187; baseline -0.008 0"><span class='ocrx_word' id='word_1_1' title='bbox 223 134 332 187; x_wconf 84' lang='grc'>897</span> <span class='ocrx_word' id='word_1_2' title='bbox 1511 115 1869 174; x_wconf 69' lang='lat' dir='ltr'>EPISTOLAE</span> <span class='ocrx_word' id='word_1_3' title='bbox 1909 113 1996 168; x_wconf 86' lang='lat' dir='ltr'>ET</span> <span class='ocrx_word' id='word_1_4' title='bbox 2033 109 2468 166; x_wconf 81' lang='lat' dir='ltr'>PRIVILEGIA.</span> <span class='ocrx_word' id='word_1_5' title='bbox 3623 127 3728 182; x_wconf 77' lang='lat'><strong>393</strong></span> 
     </span>
    </p>
   </div>
   <div class='ocr_carea' id='block_1_2' title="bbox 215 232 3728 317">
    <p class='ocr_par' dir='ltr' id='par_1_2' title="bbox 215 232 3728 317">
     <span class='ocr_line' id='line_1_2' title="bbox 215 232 3728 317; baseline -0.002 -4"><span class='ocrx_word' id='word_1_6' title='bbox 215 241 469 314; x_wconf 73' lang='lat' dir='ltr'>iuslibet</span> <span class='ocrx_word' id='word_1_7' title='bbox 498 244 766 304; x_wconf 88' lang='lat' dir='ltr'>ecclesia</span> <span class='ocrx_word' id='word_1_8' title='bbox 799 239 1186 296; x_wconf 78' lang='lat' dir='ltr'>sacerdotem</span> <span class='ocrx_word' id='word_1_9' title='bbox 1231 238 1291 294; x_wconf 92' lang='lat' dir='ltr'>in</span> <span class='ocrx_word' id='word_1_10' title='bbox 1331 240 1585 312; x_wconf 87' lang='lat' dir='ltr'>prafato</span> <span class='ocrx_word' id='word_1_11' title='bbox 1616 244 1921 296; x_wconf 87' lang='lat' dir='ltr'>monaste-</span> <span class='ocrx_word' id='word_1_12' title='bbox 1955 236 2005 290; x_wconf 80' lang='grc' dir='ltr'><strong>Α</strong></span> <span class='ocrx_word' id='word_1_13' title='bbox 2034 232 2204 306; x_wconf 90' lang='lat' dir='ltr'>quod</span> <span class='ocrx_word' id='word_1_14' title='bbox 2265 233 2628 304; x_wconf 84' lang='lat' dir='ltr'>exposcitur</span> <span class='ocrx_word' id='word_1_15' title='bbox 2681 238 2918 298; x_wconf 75' lang='lat' dir='ltr'>effectui</span> <span class='ocrx_word' id='word_1_16' title='bbox 2969 245 3416 317; x_wconf 89' lang='lat' dir='ltr'>mancipamus.</span> <span class='ocrx_word' id='word_1_17' title='bbox 3479 251 3544 304; x_wconf 87' lang='lat' dir='ltr'>Et</span> <span class='ocrx_word' id='word_1_18' title='bbox 3589 248 3728 306; x_wconf 90' lang='lat' dir='ltr'>ideo</span> 
     </span>
    </p>
   </div>
   <div class='ocr_carea' id='block_1_3' title="bbox 223 320 3728 408">
    <p class='ocr_par' dir='ltr' id='par_1_3' title="bbox 223 320 3728 408">
     <span class='ocr_line' id='line_1_3' title="bbox 223 320 3728 408; baseline -0.002 -9"><span class='ocrx_word' id='word_1_19' title='bbox 223 345 319 399; x_wconf 87' lang='lat' dir='ltr'>rio</span> <span class='ocrx_word' id='word_1_20' title='bbox 345 340 630 397; x_wconf 87' lang='lat' dir='ltr'>ditionem</span> <span class='ocrx_word' id='word_1_21' title='bbox 663 329 1006 406; x_wconf 81' lang='lat' dir='ltr'>quamlibet</span> <span class='ocrx_word' id='word_1_22' title='bbox 1045 326 1275 383; x_wconf 89' lang='lat' dir='ltr'>habere</span> <span class='ocrx_word' id='word_1_23' title='bbox 1305 330 1661 385; x_wconf 76' lang='lat' dir='ltr'>auctoritate</span> <span class='ocrx_word' id='word_1_24' title='bbox 1691 334 1922 392; x_wconf 89' lang='lat' dir='ltr'>nostra,</span> <span class='ocrx_word' id='word_1_25' title='bbox 2037 336 2292 378; x_wconf 90' lang='lat' dir='ltr'>omnem</span> <span class='ocrx_word' id='word_1_26' title='bbox 2330 320 2663 390; x_wconf 86' lang='lat' dir='ltr'>cujuslibet</span> <span class='ocrx_word' id='word_1_27' title='bbox 2695 327 2968 386; x_wconf 88' lang='lat' dir='ltr'>Ecclesia</span> <span class='ocrx_word' id='word_1_28' title='bbox 2998 333 3368 389; x_wconf 80' lang='lat' dir='ltr'>sacerdotem</span> <span class='ocrx_word' id='word_1_29' title='bbox 3389 335 3478 390; x_wconf 89' lang='lat' dir='ltr'>vel</span> <span class='ocrx_word' id='word_1_30' title='bbox 3503 335 3728 408; x_wconf 83' lang='lat' dir='ltr'>episco-</span> 
     </span>
    </p>
   </div>
   <div class='ocr_carea' id='block_1_4' title="bbox 223 409 3727 504">
    <p class='ocr_par' dir='ltr' id='par_1_4' title="bbox 223 409 3727 504">
     <span class='ocr_line' id='line_1_4' title="bbox 223 409 3727 504; baseline -0.003 -17"><span class='ocrx_word' id='word_1_31' title='bbox 223 433 440 504; x_wconf 89' lang='lat' dir='ltr'>prater</span> <span class='ocrx_word' id='word_1_32' title='bbox 466 425 672 482; x_wconf 88' lang='lat' dir='ltr'>sedem</span> <span class='ocrx_word' id='word_1_33' title='bbox 704 417 1112 493; x_wconf 84' lang='lat' dir='ltr'>apostolicam</span> <span class='ocrx_word' id='word_1_34' title='bbox 1166 417 1593 488; x_wconf 80' lang='lat' dir='ltr'>prohibemus.</span> <span class='ocrx_word' id='word_1_35' title='bbox 1654 415 1927 471; x_wconf 75' lang='lat' dir='ltr'>Auctori-</span> <span class='ocrx_word' id='word_1_36' title='bbox 2038 427 2189 504; x_wconf 80' lang='lat' dir='ltr'>pum</span> <span class='ocrx_word' id='word_1_37' title='bbox 2223 409 2290 463; x_wconf 87' lang='lat' dir='ltr'>in</span> <span class='ocrx_word' id='word_1_38' title='bbox 2333 410 2592 479; x_wconf 82' lang='lat' dir='ltr'>praefato</span> <span class='ocrx_word' id='word_1_39' title='bbox 2645 419 3009 475; x_wconf 91' lang='lat' dir='ltr'>monasterio</span> <span class='ocrx_word' id='word_1_40' title='bbox 3067 421 3351 479; x_wconf 88' lang='lat' dir='ltr'>ditionem</span> <span class='ocrx_word' id='word_1_41' title='bbox 3394 425 3727 496; x_wconf 87' lang='lat' dir='ltr'>quamlibet</span> 
     </span>
    </p>
   </div>
   <div class='ocr_carea' id='block_1_5' title="bbox 225 499 3724 586">
    <p class='ocr_par' dir='ltr' id='par_1_5' title="bbox 225 499 3724 586">
     <span class='ocr_line' id='line_1_5' title="bbox 225 499 3724 586; baseline -0.003 -11"><span class='ocrx_word' id='word_1_42' title='bbox 225 499 348 575; x_wconf 76' lang='lat' dir='ltr'>tate</span> <span class='ocrx_word' id='word_1_43' title='bbox 374 528 638 586; x_wconf 88' lang='lat' dir='ltr'>namque</span> <span class='ocrx_word' id='word_1_44' title='bbox 659 511 982 569; x_wconf 87' lang='lat' dir='ltr'>beatorum</span> <span class='ocrx_word' id='word_1_45' title='bbox 1016 503 1440 576; x_wconf 84' lang='lat' dir='ltr'>apostolorum</span> <span class='ocrx_word' id='word_1_46' title='bbox 1494 504 1646 559; x_wconf 87' lang='lat' dir='ltr'>Petri</span> <span class='ocrx_word' id='word_1_47' title='bbox 1678 509 1738 560; x_wconf 89' lang='lat' dir='ltr'>et</span> <span class='ocrx_word' id='word_1_48' title='bbox 1767 501 1932 559; x_wconf 86' lang='lat' dir='ltr'>Pauli</span> <span class='ocrx_word' id='word_1_49' title='bbox 2040 499 2274 554; x_wconf 85' lang='lat' dir='ltr'>habere</span> <span class='ocrx_word' id='word_1_50' title='bbox 2337 501 2449 586; x_wconf 70' lang='lat' dir='ltr'>aut</span> <span class='ocrx_word' id='word_1_51' title='bbox 2505 503 2915 560; x_wconf 85' lang='lat' dir='ltr'>auctoritatem</span> <span class='ocrx_word' id='word_1_52' title='bbox 2953 513 3166 579; x_wconf 81' lang='lat' dir='ltr'>praeter</span> <span class='ocrx_word' id='word_1_53' title='bbox 3213 511 3414 567; x_wconf 90' lang='lat' dir='ltr'>sedem</span> <span class='ocrx_word' id='word_1_54' title='bbox 3443 512 3724 584; x_wconf 86' lang='lat' dir='ltr'>apostoli-</span> 
     </span>
    </p>
   </div>
   <div class='ocr_carea' id='block_1_6' title="bbox 225 584 3722 680">
    <p class='ocr_par' dir='ltr' id='par_1_6' title="bbox 225 584 3722 680">
     <span class='ocr_line' id='line_1_6' title="bbox 225 584 3722 680; baseline -0.002 -18"><span class='ocrx_word' id='word_1_55' title='bbox 225 607 512 680; x_wconf 86' lang='lat' dir='ltr'>jubemus</span> <span class='ocrx_word' id='word_1_56' title='bbox 537 584 623 656; x_wconf 50' lang='lat' dir='ltr'>—ut</span> <span class='ocrx_word' id='word_1_57' title='bbox 669 597 876 655; x_wconf 90' lang='lat' dir='ltr'>nullus</span> <span class='ocrx_word' id='word_1_58' title='bbox 926 610 1030 650; x_wconf 78' lang='lat' dir='ltr'>rex</span> <span class='ocrx_word' id='word_1_59' title='bbox 1086 592 1336 663; x_wconf 89' lang='lat' dir='ltr'>audeat,</span> <span class='ocrx_word' id='word_1_60' title='bbox 1369 598 1590 666; x_wconf 89' lang='lat' dir='ltr'>prater</span> <span class='ocrx_word' id='word_1_61' title='bbox 1618 592 1935 647; x_wconf 88' lang='lat' dir='ltr'>licentiam</span> <span class='ocrx_word' id='word_1_62' title='bbox 2045 604 2192 680; x_wconf 83' lang='lat' dir='ltr'>cam</span> <span class='ocrx_word' id='word_1_63' title='bbox 2213 584 2648 680; x_wconf 69' lang='lat' dir='ltr'>prohibemus,</span> <span class='ocrx_word' id='word_1_64' title='bbox 2675 593 2757 648; x_wconf 89' lang='lat' dir='ltr'>ita</span> <span class='ocrx_word' id='word_1_65' title='bbox 2781 597 2844 650; x_wconf 93' lang='lat' dir='ltr'>ut</span> <span class='ocrx_word' id='word_1_66' title='bbox 2873 594 2984 650; x_wconf 89' lang='lat' dir='ltr'>nisi</span> <span class='ocrx_word' id='word_1_67' title='bbox 3015 596 3092 652; x_wconf 88' lang='lat' dir='ltr'>ab</span> <span class='ocrx_word' id='word_1_68' title='bbox 3119 597 3337 654; x_wconf 86' lang='lat' dir='ltr'>abbate</span> <span class='ocrx_word' id='word_1_69' title='bbox 3374 599 3722 656; x_wconf 86' lang='lat' dir='ltr'>monasterii</span> 
     </span>
    </p>
   </div>
   <div class='ocr_carea' id='block_1_7' title="bbox 231 673 3722 762">
    <p class='ocr_par' dir='ltr' id='par_1_7' title="bbox 231 673 3722 762">
     <span class='ocr_line' id='line_1_7' title="bbox 231 673 3722 762; baseline -0.002 -10"><span class='ocrx_word' id='word_1_70' title='bbox 231 673 513 762; x_wconf 68' lang='lat' dir='ltr'>vestram,</span> <span class='ocrx_word' id='word_1_71' title='bbox 547 686 985 746; x_wconf 87' lang='lat' dir='ltr'>monasterium</span> <span class='ocrx_word' id='word_1_72' title='bbox 1011 681 1322 754; x_wconf 84' lang='lat' dir='ltr'>aliquibus</span> <span class='ocrx_word' id='word_1_73' title='bbox 1352 680 1719 737; x_wconf 87' lang='lat' dir='ltr'>hominibus</span> <span class='ocrx_word' id='word_1_74' title='bbox 1747 682 1809 735; x_wconf 88' lang='lat' dir='ltr'>in</span> <span class='ocrx_word' id='word_1_75' title='bbox 1837 680 1939 734; x_wconf 88' lang='lat' dir='ltr'>be-</span> <span class='ocrx_word' id='word_1_76' title='bbox 2046 676 2225 732; x_wconf 83' lang='lat' dir='ltr'>fuerit</span> <span class='ocrx_word' id='word_1_77' title='bbox 2252 673 2569 749; x_wconf 80' lang='lat' dir='ltr'>invitatus,</span> <span class='ocrx_word' id='word_1_78' title='bbox 2612 698 2720 738; x_wconf 91' lang='lat' dir='ltr'>nec</span> <span class='ocrx_word' id='word_1_79' title='bbox 2760 683 3078 739; x_wconf 91' lang='lat' dir='ltr'>missarum</span> <span class='ocrx_word' id='word_1_80' title='bbox 3129 685 3350 742; x_wconf 89' lang='lat' dir='ltr'>ibidem</span> <span class='ocrx_word' id='word_1_81' title='bbox 3381 688 3722 744; x_wconf 91' lang='lat' dir='ltr'>solemnita—</span> 
     </span>
    </p>
   </div>
   <div class='ocr_carea' id='block_1_8' title="bbox 232 761 3720 848">
    <p class='ocr_par' dir='ltr' id='par_1_8' title="bbox 232 761 3720 848">
     <span class='ocr_line' id='line_1_8' title="bbox 232 761 3720 848; baseline -0.003 -8"><span class='ocrx_word' id='word_1_82' title='bbox 232 761 512 841; x_wconf 87' lang='lat' dir='ltr'>neﬁcium</span> <span class='ocrx_word' id='word_1_83' title='bbox 545 780 712 847; x_wconf 91' lang='lat' dir='ltr'>dare,</span> <span class='ocrx_word' id='word_1_84' title='bbox 744 781 811 832; x_wconf 92' lang='lat' dir='ltr'>ut</span> <span class='ocrx_word' id='word_1_85' title='bbox 838 773 1109 848; x_wconf 91' lang='lat' dir='ltr'>profecto</span> <span class='ocrx_word' id='word_1_86' title='bbox 1143 770 1324 840; x_wconf 80' lang='lat' dir='ltr'>juxta</span> <span class='ocrx_word' id='word_1_87' title='bbox 1377 771 1459 837; x_wconf 89' lang='lat' dir='ltr'>id,</span> <span class='ocrx_word' id='word_1_88' title='bbox 1518 769 1696 840; x_wconf 89' lang='lat' dir='ltr'>quod</span> <span class='ocrx_word' id='word_1_89' title='bbox 1734 769 1940 840; x_wconf 91' lang='lat' dir='ltr'>subje-</span> <span class='ocrx_word' id='word_1_90' title='bbox 2049 769 2168 821; x_wconf 90' lang='lat' dir='ltr'>tem</span> <span class='ocrx_word' id='word_1_91' title='bbox 2225 761 2546 836; x_wconf 87' lang='lat' dir='ltr'>quispiam</span> <span class='ocrx_word' id='word_1_92' title='bbox 2598 777 2919 842; x_wconf 79' lang='lat' dir='ltr'>praesumat</span> <span class='ocrx_word' id='word_1_93' title='bbox 2966 772 3211 828; x_wconf 89' lang='lat' dir='ltr'>omnino</span> <span class='ocrx_word' id='word_1_94' title='bbox 3265 773 3583 843; x_wconf 89' lang='lat' dir='ltr'>celebrare,</span> <span class='ocrx_word' id='word_1_95' title='bbox 3655 778 3720 830; x_wconf 87' lang='lat' dir='ltr'>ut</span> 
     </span>
    </p>
   </div>
   <div class='ocr_carea' id='block_1_9' title="bbox 237 854 3717 941">
    <p class='ocr_par' dir='ltr' id='par_1_9' title="bbox 237 854 3717 941">
     <span class='ocr_line' id='line_1_9' title="bbox 237 854 3717 941; baseline -0.004 -12"><span class='ocrx_word' id='word_1_96' title='bbox 237 878 398 929; x_wconf 90' lang='lat' dir='ltr'>ctum</span> <span class='ocrx_word' id='word_1_97' title='bbox 429 868 773 941; x_wconf 88' lang='lat' dir='ltr'>apostolica</span> <span class='ocrx_word' id='word_1_98' title='bbox 805 863 931 920; x_wconf 91' lang='lat' dir='ltr'>sedi</span> <span class='ocrx_word' id='word_1_99' title='bbox 961 859 1249 916; x_wconf 81' lang='lat' dir='ltr'>ﬁrmitate</span> <span class='ocrx_word' id='word_1_100' title='bbox 1299 855 1600 930; x_wconf 81' lang='lat' dir='ltr'>privilegii</span> <span class='ocrx_word' id='word_1_101' title='bbox 1631 857 1938 924; x_wconf 89' lang='lat' dir='ltr'>consistit,</span> <span class='ocrx_word' id='word_1_102' title='bbox 2049 854 2328 928; x_wconf 82' lang='lat' dir='ltr'>profecto</span> <span class='ocrx_word' id='word_1_103' title='bbox 2352 855 2526 924; x_wconf 83' lang='lat' dir='ltr'>juxta</span> <span class='ocrx_word' id='word_1_104' title='bbox 2545 859 2603 914; x_wconf 91' lang='lat' dir='ltr'>id</span> <span class='ocrx_word' id='word_1_105' title='bbox 2633 859 2792 931; x_wconf 89' lang='lat' dir='ltr'>quod</span> <span class='ocrx_word' id='word_1_106' title='bbox 2822 861 3158 932; x_wconf 89' lang='lat' dir='ltr'>subjectum</span> <span class='ocrx_word' id='word_1_107' title='bbox 3206 862 3545 933; x_wconf 83' lang='lat' dir='ltr'>apostolicae</span> <span class='ocrx_word' id='word_1_108' title='bbox 3586 862 3717 918; x_wconf 90' lang='lat' dir='ltr'>sedi</span> 
     </span>
    </p>
   </div>
   <div class='ocr_carea' id='block_1_10' title="bbox 238 943 3714 1026">
    <p class='ocr_par' dir='ltr' id='par_1_10' title="bbox 238 943 3714 1026">
     <span class='ocr_line' id='line_1_10' title="bbox 238 943 3714 1026; baseline -0.005 -10"><span class='ocrx_word' id='word_1_109' title='bbox 238 961 590 1016; x_wconf 89' lang='lat' dir='ltr'>inconcusse</span> <span class='ocrx_word' id='word_1_110' title='bbox 615 957 871 1013; x_wconf 87' lang='lat' dir='ltr'>ditatum</span> <span class='ocrx_word' id='word_1_111' title='bbox 899 954 1262 1026; x_wconf 87' lang='lat' dir='ltr'>permaneat</span> <span class='ocrx_word' id='word_1_112' title='bbox 1292 949 1438 1005; x_wconf 91' lang='lat' dir='ltr'>locis</span> <span class='ocrx_word' id='word_1_113' title='bbox 1472 963 1545 1002; x_wconf 94' lang='lat' dir='ltr'>ac</span> <span class='ocrx_word' id='word_1_114' title='bbox 1570 943 1791 1014; x_wconf 85' lang='lat' dir='ltr'>rebus,</span> <span class='ocrx_word' id='word_1_115' title='bbox 1819 952 1942 1004; x_wconf 88' lang='lat' dir='ltr'>tam</span> <span class='ocrx_word' id='word_1_116' title='bbox 2050 943 2336 1000; x_wconf 86' lang='lat' dir='ltr'>ﬁrmitate</span> <span class='ocrx_word' id='word_1_117' title='bbox 2396 946 2684 1018; x_wconf 81' lang='lat' dir='ltr'>privilegii</span> <span class='ocrx_word' id='word_1_118' title='bbox 2734 948 3016 1015; x_wconf 88' lang='lat' dir='ltr'>consistit,</span> <span class='ocrx_word' id='word_1_119' title='bbox 3057 949 3408 1005; x_wconf 88' lang='lat' dir='ltr'>inconcusse</span> <span class='ocrx_word' id='word_1_120' title='bbox 3439 949 3714 1006; x_wconf 81' lang='lat' dir='ltr'>dotatum</span> 
     </span>
    </p>
   </div>
   <div class='ocr_carea' id='block_1_11' title="bbox 236 1031 3712 1120">
    <p class='ocr_par' dir='ltr' id='par_1_11' title="bbox 236 1031 3712 1120">
     <span class='ocr_line' id='line_1_11' title="bbox 236 1031 3712 1120; baseline -0.004 -15"><span class='ocrx_word' id='word_1_121' title='bbox 236 1050 355 1118; x_wconf 91' lang='lat' dir='ltr'>his,</span> <span class='ocrx_word' id='word_1_122' title='bbox 402 1064 536 1120; x_wconf 89' lang='lat' dir='ltr'>qua</span> <span class='ocrx_word' id='word_1_123' title='bbox 589 1051 859 1118; x_wconf 90' lang='lat' dir='ltr'>tempore</span> <span class='ocrx_word' id='word_1_124' title='bbox 911 1041 1210 1098; x_wconf 88' lang='lat' dir='ltr'>moderno</span> <span class='ocrx_word' id='word_1_125' title='bbox 1252 1038 1460 1103; x_wconf 87' lang='lat' dir='ltr'>habet,</span> <span class='ocrx_word' id='word_1_126' title='bbox 1522 1031 1617 1090; x_wconf 88' lang='lat' dir='ltr'>vel</span> <span class='ocrx_word' id='word_1_127' title='bbox 1661 1037 1944 1104; x_wconf 82' lang='lat' dir='ltr'>possidet</span> <span class='ocrx_word' id='word_1_128' title='bbox 2050 1038 2409 1105; x_wconf 89' lang='lat' dir='ltr'>permaneat</span> <span class='ocrx_word' id='word_1_129' title='bbox 2436 1033 2580 1090; x_wconf 87' lang='lat' dir='ltr'>locis</span> <span class='ocrx_word' id='word_1_130' title='bbox 2607 1039 2662 1091; x_wconf 88' lang='lat' dir='ltr'>et</span> <span class='ocrx_word' id='word_1_131' title='bbox 2691 1035 2869 1091; x_wconf 85' lang='lat' dir='ltr'>rebus</span> <span class='ocrx_word' id='word_1_132' title='bbox 2915 1041 3036 1091; x_wconf 90' lang='lat' dir='ltr'>tam</span> <span class='ocrx_word' id='word_1_133' title='bbox 3080 1036 3163 1091; x_wconf 90' lang='lat' dir='ltr'>eis</span> <span class='ocrx_word' id='word_1_134' title='bbox 3221 1053 3373 1108; x_wconf 91' lang='lat' dir='ltr'>quas</span> <span class='ocrx_word' id='word_1_135' title='bbox 3417 1037 3712 1093; x_wconf 89' lang='lat' dir='ltr'>moderno</span> 
     </span>
    </p>
   </div>
   <div class='ocr_carea' id='block_1_12' title="bbox 237 1123 3713 1212">
    <p class='ocr_par' dir='ltr' id='par_1_12' title="bbox 237 1123 3713 1212">
     <span class='ocr_line' id='line_1_12' title="bbox 237 1123 3713 1212; baseline -0.004 -19"><span class='ocrx_word' id='word_1_136' title='bbox 237 1154 427 1212; x_wconf 88' lang='lat' dir='ltr'>quam</span> <span class='ocrx_word' id='word_1_137' title='bbox 457 1153 588 1209; x_wconf 82' lang='lat' dir='ltr'>qua</span> <span class='ocrx_word' id='word_1_138' title='bbox 619 1133 832 1191; x_wconf 91' lang='lat' dir='ltr'>futuris</span> <span class='ocrx_word' id='word_1_139' title='bbox 871 1127 1254 1204; x_wconf 89' lang='lat' dir='ltr'>temporibus</span> <span class='ocrx_word' id='word_1_140' title='bbox 1301 1129 1362 1183; x_wconf 91' lang='lat' dir='ltr'>in</span> <span class='ocrx_word' id='word_1_141' title='bbox 1386 1128 1530 1199; x_wconf 88' lang='lat' dir='ltr'>jure</span> <span class='ocrx_word' id='word_1_142' title='bbox 1575 1123 1778 1195; x_wconf 90' lang='lat' dir='ltr'>ipsius</span> <span class='ocrx_word' id='word_1_143' title='bbox 1817 1142 1943 1182; x_wconf 85' lang='lat' dir='ltr'>mo-</span> <span class='ocrx_word' id='word_1_144' title='bbox 2051 1126 2322 1212; x_wconf 82' lang='lat' dir='ltr'>tempore</span> <span class='ocrx_word' id='word_1_145' title='bbox 2338 1125 2507 1212; x_wconf 85' lang='lat' dir='ltr'>tenet</span> <span class='ocrx_word' id='word_1_146' title='bbox 2527 1123 2619 1178; x_wconf 90' lang='lat' dir='ltr'>vel</span> <span class='ocrx_word' id='word_1_147' title='bbox 2643 1123 3116 1196; x_wconf 90' lang='lat' dir='ltr'>possidetquam</span> <span class='ocrx_word' id='word_1_148' title='bbox 3146 1139 3297 1195; x_wconf 90' lang='lat' dir='ltr'>quas</span> <span class='ocrx_word' id='word_1_149' title='bbox 3327 1125 3541 1180; x_wconf 86' lang='lat' dir='ltr'>futuris</span> <span class='ocrx_word' id='word_1_150' title='bbox 3566 1129 3713 1181; x_wconf 90' lang='lat' dir='ltr'>tem-</span> 
     </span>
    </p>
   </div>
   <div class='ocr_carea' id='block_1_13' title="bbox 237 1209 3712 1295">
    <p class='ocr_par' dir='ltr' id='par_1_13' title="bbox 237 1209 3712 1295">
     <span class='ocr_line' id='line_1_13' title="bbox 237 1209 3712 1295; baseline -0.005 -11"><span class='ocrx_word' id='word_1_151' title='bbox 237 1209 486 1284; x_wconf 75' lang='lat' dir='ltr'>nasterii</span> <span class='ocrx_word' id='word_1_152' title='bbox 540 1224 745 1279; x_wconf 85' lang='lat' dir='ltr'>divina</span> <span class='ocrx_word' id='word_1_153' title='bbox 790 1222 982 1295; x_wconf 90' lang='lat' dir='ltr'>pietas</span> <span class='ocrx_word' id='word_1_154' title='bbox 1024 1217 1292 1274; x_wconf 86' lang='lat' dir='ltr'>voluerit</span> <span class='ocrx_word' id='word_1_155' title='bbox 1330 1229 1578 1287; x_wconf 87' lang='lat' dir='ltr'>augere,</span> <span class='ocrx_word' id='word_1_156' title='bbox 1622 1217 1686 1269; x_wconf 89' lang='lat' dir='ltr'>et</span> <span class='ocrx_word' id='word_1_157' title='bbox 1739 1215 1936 1281; x_wconf 86' lang='lat' dir='ltr'>donis,</span> <span class='ocrx_word' id='word_1_158' title='bbox 2048 1209 2300 1282; x_wconf 90' lang='lat' dir='ltr'>poribus</span> <span class='ocrx_word' id='word_1_159' title='bbox 2331 1211 2390 1265; x_wconf 90' lang='lat' dir='ltr'>in</span> <span class='ocrx_word' id='word_1_160' title='bbox 2418 1212 2556 1282; x_wconf 86' lang='lat' dir='ltr'>jura</span> <span class='ocrx_word' id='word_1_161' title='bbox 2581 1211 2767 1283; x_wconf 88' lang='lat' dir='ltr'>ipsius</span> <span class='ocrx_word' id='word_1_162' title='bbox 2798 1211 3154 1267; x_wconf 85' lang='lat' dir='ltr'>venerabilis</span> <span class='ocrx_word' id='word_1_163' title='bbox 3187 1211 3532 1267; x_wconf 87' lang='lat' dir='ltr'>monasterii</span> <span class='ocrx_word' id='word_1_164' title='bbox 3560 1211 3712 1266; x_wconf 90' lang='lat' dir='ltr'>divi-</span> 
     </span>
    </p>
   </div>
   <div class='ocr_carea' id='block_1_14' title="bbox 238 1298 3708 1381">
    <p class='ocr_par' dir='ltr' id='par_1_14' title="bbox 238 1298 3708 1381">
     <span class='ocr_line' id='line_1_14' title="bbox 238 1298 3708 1381; baseline -0.002 -19"><span class='ocrx_word' id='word_1_165' title='bbox 238 1313 667 1380; x_wconf 67' lang='lat' dir='ltr'>oblationibus,</span> <span class='ocrx_word' id='word_1_166' title='bbox 707 1310 1079 1381; x_wconf 87' lang='lat' dir='ltr'>decimisque</span> <span class='ocrx_word' id='word_1_167' title='bbox 1126 1305 1410 1363; x_wconf 88' lang='lat' dir='ltr'>ﬁdelium</span> <span class='ocrx_word' id='word_1_168' title='bbox 1463 1304 1706 1376; x_wconf 87' lang='lat' dir='ltr'>absque</span> <span class='ocrx_word' id='word_1_169' title='bbox 1757 1305 1939 1361; x_wconf 89' lang='lat' dir='ltr'>ullius</span> <span class='ocrx_word' id='word_1_170' title='bbox 2049 1313 2130 1354; x_wconf 89' lang='lat' dir='ltr'>na</span> <span class='ocrx_word' id='word_1_171' title='bbox 2154 1298 2345 1372; x_wconf 89' lang='lat' dir='ltr'>pietas</span> <span class='ocrx_word' id='word_1_172' title='bbox 2375 1315 2593 1371; x_wconf 90' lang='lat' dir='ltr'>augere</span> <span class='ocrx_word' id='word_1_173' title='bbox 2619 1300 2868 1356; x_wconf 88' lang='lat' dir='ltr'>voluerit</span> <span class='ocrx_word' id='word_1_174' title='bbox 2893 1317 2965 1356; x_wconf 85' lang='lat' dir='ltr'>ex</span> <span class='ocrx_word' id='word_1_175' title='bbox 2992 1301 3168 1356; x_wconf 91' lang='lat' dir='ltr'>donis</span> <span class='ocrx_word' id='word_1_176' title='bbox 3213 1305 3267 1356; x_wconf 89' lang='lat' dir='ltr'>et</span> <span class='ocrx_word' id='word_1_177' title='bbox 3296 1299 3708 1356; x_wconf 89' lang='lat' dir='ltr'>oblationibus</span> 
     </span>
    </p>
   </div>
   <div class='ocr_carea' id='block_1_15' title="bbox 236 1384 3708 1480">
    <p class='ocr_par' dir='ltr' id='par_1_15' title="bbox 236 1384 3708 1480">
     <span class='ocr_line' id='line_1_15' title="bbox 236 1384 3708 1480; baseline -0.006 -18"><span class='ocrx_word' id='word_1_178' title='bbox 236 1421 516 1480; x_wconf 79' lang='lat' dir='ltr'>persona</span> <span class='ocrx_word' id='word_1_179' title='bbox 569 1399 1038 1458; x_wconf 87' lang='lat' dir='ltr'>contradictione</span> <span class='ocrx_word' id='word_1_180' title='bbox 1090 1395 1384 1453; x_wconf 87' lang='lat' dir='ltr'>ﬁrmitate</span> <span class='ocrx_word' id='word_1_181' title='bbox 1445 1397 1744 1466; x_wconf 88' lang='lat' dir='ltr'>perpetua</span> <span class='ocrx_word' id='word_1_182' title='bbox 1798 1409 1936 1467; x_wconf 91' lang='lat' dir='ltr'>per-</span> <span class='ocrx_word' id='word_1_183' title='bbox 2048 1384 2422 1480; x_wconf 75' lang='lat' dir='ltr'>decimisque</span> <span class='ocrx_word' id='word_1_184' title='bbox 2453 1387 2721 1443; x_wconf 85' lang='lat' dir='ltr'>ﬁdelium</span> <span class='ocrx_word' id='word_1_185' title='bbox 2755 1388 2986 1460; x_wconf 88' lang='lat' dir='ltr'>absque</span> <span class='ocrx_word' id='word_1_186' title='bbox 3026 1388 3203 1443; x_wconf 88' lang='lat' dir='ltr'>ullius</span> <span class='ocrx_word' id='word_1_187' title='bbox 3249 1403 3520 1460; x_wconf 85' lang='lat' dir='ltr'>persona</span> <span class='ocrx_word' id='word_1_188' title='bbox 3568 1402 3708 1442; x_wconf 84' lang='lat' dir='ltr'>con-</span> 
     </span>
    </p>
   </div>
   <div class='ocr_carea' id='block_1_16' title="bbox 239 1474 3706 1558">
    <p class='ocr_par' dir='ltr' id='par_1_16' title="bbox 239 1474 3706 1558">
     <span class='ocr_line' id='line_1_16' title="bbox 239 1474 3706 1558; baseline -0.007 -6"><span class='ocrx_word' id='word_1_189' title='bbox 239 1474 494 1552; x_wconf 53' lang='lat' dir='ltr'>fruatur.</span> <span class='ocrx_word' id='word_1_190' title='bbox 529 1490 780 1558; x_wconf 89' lang='lat' dir='ltr'>Quando</span> <span class='ocrx_word' id='word_1_191' title='bbox 805 1492 1005 1544; x_wconf 91' lang='lat' dir='ltr'>autem</span> <span class='ocrx_word' id='word_1_192' title='bbox 1036 1484 1359 1542; x_wconf 86' lang='lat' dir='ltr'>abbatissa</span> <span class='ocrx_word' id='word_1_193' title='bbox 1389 1484 1585 1556; x_wconf 88' lang='lat' dir='ltr'>ipsius</span> <span class='ocrx_word' id='word_1_194' title='bbox 1622 1487 1938 1540; x_wconf 88' lang='lat' dir='ltr'>monaste—</span> <span class='ocrx_word' id='word_1_195' title='bbox 2047 1475 2398 1531; x_wconf 75' lang='lat' dir='ltr'>tradictione</span> <span class='ocrx_word' id='word_1_196' title='bbox 2426 1476 2703 1532; x_wconf 85' lang='lat' dir='ltr'>ﬁrmitate</span> <span class='ocrx_word' id='word_1_197' title='bbox 2731 1481 3019 1549; x_wconf 90' lang='lat' dir='ltr'>perpetua</span> <span class='ocrx_word' id='word_1_198' title='bbox 3062 1476 3421 1548; x_wconf 84' lang='lat' dir='ltr'>perfruatur.</span> <span class='ocrx_word' id='word_1_199' title='bbox 3477 1474 3706 1532; x_wconf 85' lang='lat' dir='ltr'>Consti-</span> 
     </span>
    </p>
   </div>
   <div class='ocr_carea' id='block_1_17' title="bbox 239 1563 3706 1646">
    <p class='ocr_par' dir='ltr' id='par_1_17' title="bbox 239 1563 3706 1646">
     <span class='ocr_line' id='line_1_17' title="bbox 239 1563 3706 1646; baseline -0.007 -4"><span class='ocrx_word' id='word_1_200' title='bbox 239 1585 319 1642; x_wconf 91' lang='lat' dir='ltr'>rii</span> <span class='ocrx_word' id='word_1_201' title='bbox 348 1583 425 1640; x_wconf 91' lang='lat' dir='ltr'>de</span> <span class='ocrx_word' id='word_1_202' title='bbox 446 1583 558 1637; x_wconf 92' lang='lat' dir='ltr'>hoc</span> <span class='ocrx_word' id='word_1_203' title='bbox 590 1577 809 1636; x_wconf 86' lang='lat' dir='ltr'>saculo</span> <span class='ocrx_word' id='word_1_204' title='bbox 838 1573 1204 1646; x_wconf 83' lang='lat' dir='ltr'>migraverit,</span> <span class='ocrx_word' id='word_1_205' title='bbox 1242 1574 1399 1631; x_wconf 90' lang='lat' dir='ltr'>nulli</span> <span class='ocrx_word' id='word_1_206' title='bbox 1437 1573 1509 1628; x_wconf 90' lang='lat' dir='ltr'>sit</span> <span class='ocrx_word' id='word_1_207' title='bbox 1537 1573 1790 1644; x_wconf 88' lang='lat' dir='ltr'>licitum,</span> <span class='ocrx_word' id='word_1_208' title='bbox 1832 1571 1939 1628; x_wconf 88' lang='lat' dir='ltr'>ali-</span> <span class='ocrx_word' id='word_1_209' title='bbox 1969 1588 2010 1642; x_wconf 77' lang='grc' dir='ltr'>Β</span> <span class='ocrx_word' id='word_1_210' title='bbox 2048 1563 2275 1619; x_wconf 78' lang='lat' dir='ltr'>tuimus</span> <span class='ocrx_word' id='word_1_211' title='bbox 2305 1580 2547 1636; x_wconf 73' lang='lat' dir='ltr'>Quoque</span> <span class='ocrx_word' id='word_1_212' title='bbox 2576 1580 2683 1636; x_wconf 89' lang='lat' dir='ltr'>per</span> <span class='ocrx_word' id='word_1_213' title='bbox 2711 1565 2892 1634; x_wconf 86' lang='lat' dir='ltr'>hujus</span> <span class='ocrx_word' id='word_1_214' title='bbox 2930 1564 3148 1620; x_wconf 84' lang='lat' dir='ltr'>decreti</span> <span class='ocrx_word' id='word_1_215' title='bbox 3195 1564 3380 1620; x_wconf 89' lang='lat' dir='ltr'>nostri</span> <span class='ocrx_word' id='word_1_216' title='bbox 3417 1563 3706 1636; x_wconf 85' lang='lat' dir='ltr'>paginam</span> 
     </span>
    </p>
   </div>
   <div class='ocr_carea' id='block_1_18' title="bbox 244 1652 3709 1748">
    <p class='ocr_par' dir='ltr' id='par_1_18' title="bbox 244 1652 3709 1748">
     <span class='ocr_line' id='line_1_18' title="bbox 244 1652 3709 1748; baseline -0.006 -19"><span class='ocrx_word' id='word_1_217' title='bbox 244 1689 438 1748; x_wconf 88' lang='lat' dir='ltr'>quam</span> <span class='ocrx_word' id='word_1_218' title='bbox 485 1669 705 1726; x_wconf 87' lang='lat' dir='ltr'>ibidem</span> <span class='ocrx_word' id='word_1_219' title='bbox 763 1665 1040 1722; x_wconf 89' lang='lat' dir='ltr'>ordinare</span> <span class='ocrx_word' id='word_1_220' title='bbox 1089 1661 1508 1723; x_wconf 87' lang='lat' dir='ltr'>abbatissam.</span> <span class='ocrx_word' id='word_1_221' title='bbox 1556 1661 1674 1717; x_wconf 92' lang='lat' dir='ltr'>nisi</span> <span class='ocrx_word' id='word_1_222' title='bbox 1705 1678 1776 1718; x_wconf 87' lang='lat' dir='ltr'>ex</span> <span class='ocrx_word' id='word_1_223' title='bbox 1803 1661 1941 1733; x_wconf 85' lang='lat' dir='ltr'>ipsa</span> <span class='ocrx_word' id='word_1_224' title='bbox 2049 1657 2115 1708; x_wconf 91' lang='lat' dir='ltr'>ut</span> <span class='ocrx_word' id='word_1_225' title='bbox 2133 1654 2477 1748; x_wconf 76' lang='lat' dir='ltr'>quicunque</span> <span class='ocrx_word' id='word_1_226' title='bbox 2507 1653 2826 1724; x_wconf 90' lang='lat' dir='ltr'>cujuslibet</span> <span class='ocrx_word' id='word_1_227' title='bbox 2854 1652 3125 1708; x_wconf 91' lang='lat' dir='ltr'>Ecclesia</span> <span class='ocrx_word' id='word_1_228' title='bbox 3154 1652 3392 1725; x_wconf 88' lang='lat' dir='ltr'>prasul,</span> <span class='ocrx_word' id='word_1_229' title='bbox 3419 1652 3515 1707; x_wconf 89' lang='lat' dir='ltr'>vel</span> <span class='ocrx_word' id='word_1_230' title='bbox 3561 1667 3709 1724; x_wconf 86' lang='lat' dir='ltr'>qua-</span> 
     </span>
    </p>
   </div>
   <div class='ocr_carea' id='block_1_19' title="bbox 247 1741 3712 1832">
    <p class='ocr_par' dir='ltr' id='par_1_19' title="bbox 247 1741 3712 1832">
     <span class='ocr_line' id='line_1_19' title="bbox 247 1741 3712 1832; baseline -0.006 -15"><span class='ocrx_word' id='word_1_231' title='bbox 247 1741 733 1832; x_wconf 65' lang='lat' dir='ltr'>congregatione,</span> <span class='ocrx_word' id='word_1_232' title='bbox 766 1756 815 1811; x_wconf 90' lang='lat' dir='ltr'>si</span> <span class='ocrx_word' id='word_1_233' title='bbox 844 1754 1022 1811; x_wconf 88' lang='lat' dir='ltr'>talem</span> <span class='ocrx_word' id='word_1_234' title='bbox 1049 1752 1369 1822; x_wconf 82' lang='lat' dir='ltr'>invenerit,</span> <span class='ocrx_word' id='word_1_235' title='bbox 1411 1767 1556 1824; x_wconf 88' lang='lat' dir='ltr'>qua</span> <span class='ocrx_word' id='word_1_236' title='bbox 1603 1751 1789 1821; x_wconf 86' lang='lat' dir='ltr'>digna</span> <span class='ocrx_word' id='word_1_237' title='bbox 1817 1754 1940 1806; x_wconf 91' lang='lat' dir='ltr'>Deo</span> <span class='ocrx_word' id='word_1_238' title='bbox 2050 1758 2291 1816; x_wconf 87' lang='lat' dir='ltr'>cunque</span> <span class='ocrx_word' id='word_1_239' title='bbox 2330 1743 2618 1814; x_wconf 84' lang='lat' dir='ltr'>dignitate</span> <span class='ocrx_word' id='word_1_240' title='bbox 2674 1758 2933 1816; x_wconf 88' lang='lat' dir='ltr'>persona</span> <span class='ocrx_word' id='word_1_241' title='bbox 2984 1742 3141 1798; x_wconf 90' lang='lat' dir='ltr'>hanc</span> <span class='ocrx_word' id='word_1_242' title='bbox 3189 1742 3377 1798; x_wconf 86' lang='lat' dir='ltr'>nostri</span> <span class='ocrx_word' id='word_1_243' title='bbox 3417 1741 3712 1832; x_wconf 73' lang='lat' dir='ltr'>privilegii</span> 
     </span>
    </p>
   </div>
   <div class='ocr_carea' id='block_1_20' title="bbox 249 1830 3710 1909">
    <p class='ocr_par' dir='ltr' id='par_1_20' title="bbox 249 1830 3710 1909">
     <span class='ocr_line' id='line_1_20' title="bbox 249 1830 3710 1909; baseline -0.007 0"><span class='ocrx_word' id='word_1_244' title='bbox 249 1853 349 1909; x_wconf 92' lang='lat' dir='ltr'>sit.</span> <span class='ocrx_word' id='word_1_245' title='bbox 375 1830 442 1906; x_wconf 82' lang='lat' dir='ltr'>Et</span> <span class='ocrx_word' id='word_1_246' title='bbox 472 1849 517 1905; x_wconf 88' lang='lat' dir='ltr'>si</span> <span class='ocrx_word' id='word_1_247' title='bbox 544 1848 790 1903; x_wconf 80' lang='lat' dir='ltr'>fortasse</span> <span class='ocrx_word' id='word_1_248' title='bbox 828 1842 1048 1899; x_wconf 89' lang='lat' dir='ltr'>ibidem</span> <span class='ocrx_word' id='word_1_249' title='bbox 1077 1841 1325 1898; x_wconf 89' lang='lat' dir='ltr'>inventa</span> <span class='ocrx_word' id='word_1_250' title='bbox 1390 1856 1526 1896; x_wconf 84' lang='lat' dir='ltr'>nou</span> <span class='ocrx_word' id='word_1_251' title='bbox 1574 1839 1767 1906; x_wconf 90' lang='lat' dir='ltr'>fuerit,</span> <span class='ocrx_word' id='word_1_252' title='bbox 1809 1843 1940 1894; x_wconf 89' lang='lat' dir='ltr'>tum</span> <span class='ocrx_word' id='word_1_253' title='bbox 2051 1833 2324 1888; x_wconf 88' lang='lat' dir='ltr'>chartam</span> <span class='ocrx_word' id='word_1_254' title='bbox 2353 1849 2541 1906; x_wconf 91' lang='lat' dir='ltr'>quam</span> <span class='ocrx_word' id='word_1_255' title='bbox 2572 1832 2920 1889; x_wconf 91' lang='lat' dir='ltr'>auctoritate</span> <span class='ocrx_word' id='word_1_256' title='bbox 2963 1832 3249 1904; x_wconf 89' lang='lat' dir='ltr'>principis</span> <span class='ocrx_word' id='word_1_257' title='bbox 3298 1830 3710 1902; x_wconf 91' lang='lat' dir='ltr'>apostolorum</span> 
     </span>
    </p>
   </div>
   <div class='ocr_carea' id='block_1_21' title="bbox 249 1919 3712 2010">
    <p class='ocr_par' dir='ltr' id='par_1_21' title="bbox 249 1919 3712 2010">
     <span class='ocr_line' id='line_1_21' title="bbox 249 1919 3712 2010; baseline -0.007 -12"><span class='ocrx_word' id='word_1_258' title='bbox 249 1960 361 2000; x_wconf 78' lang='lat' dir='ltr'>rex</span> <span class='ocrx_word' id='word_1_259' title='bbox 384 1939 602 1997; x_wconf 86' lang='lat' dir='ltr'>habeat</span> <span class='ocrx_word' id='word_1_260' title='bbox 628 1937 980 2010; x_wconf 87' lang='lat' dir='ltr'>potestatem</span> <span class='ocrx_word' id='word_1_261' title='bbox 1007 1931 1187 1988; x_wconf 87' lang='lat' dir='ltr'>talem</span> <span class='ocrx_word' id='word_1_262' title='bbox 1216 1931 1467 1987; x_wconf 89' lang='lat' dir='ltr'>ibidem</span> <span class='ocrx_word' id='word_1_263' title='bbox 1517 1929 1795 1987; x_wconf 90' lang='lat' dir='ltr'>ordinare</span> <span class='ocrx_word' id='word_1_264' title='bbox 1834 1927 1942 1984; x_wconf 91' lang='lat' dir='ltr'>ab-</span> <span class='ocrx_word' id='word_1_265' title='bbox 2048 1920 2366 2010; x_wconf 82' lang='lat' dir='ltr'>ﬁrmamus</span> <span class='ocrx_word' id='word_1_266' title='bbox 2421 1927 2708 1978; x_wconf 88' lang='lat' dir='ltr'>temerare</span> <span class='ocrx_word' id='word_1_267' title='bbox 2758 1921 3089 1992; x_wconf 91' lang='lat' dir='ltr'>tentaverit,</span> <span class='ocrx_word' id='word_1_268' title='bbox 3141 1920 3465 2010; x_wconf 82' lang='lat' dir='ltr'>anathema</span> <span class='ocrx_word' id='word_1_269' title='bbox 3513 1919 3606 1987; x_wconf 88' lang='lat' dir='ltr'>sit,</span> <span class='ocrx_word' id='word_1_270' title='bbox 3653 1922 3712 1975; x_wconf 91' lang='lat' dir='ltr'>et</span> 
     </span>
    </p>
   </div>
   <div class='ocr_carea' id='block_1_22' title="bbox 253 2008 3710 2100">
    <p class='ocr_par' dir='ltr' id='par_1_22' title="bbox 253 2008 3710 2100">
     <span class='ocr_line' id='line_1_22' title="bbox 253 2008 3710 2100; baseline -0.008 -12"><span class='ocrx_word' id='word_1_271' title='bbox 253 2031 549 2089; x_wconf 86' lang='lat' dir='ltr'>batissam</span> <span class='ocrx_word' id='word_1_272' title='bbox 579 2008 714 2100; x_wconf 79' lang='lat' dir='ltr'>qua</span> <span class='ocrx_word' id='word_1_273' title='bbox 743 2023 924 2093; x_wconf 87' lang='lat' dir='ltr'>digna</span> <span class='ocrx_word' id='word_1_274' title='bbox 955 2023 1070 2076; x_wconf 90' lang='lat' dir='ltr'>Deo</span> <span class='ocrx_word' id='word_1_275' title='bbox 1103 2019 1339 2090; x_wconf 88' lang='lat' dir='ltr'>placere</span> <span class='ocrx_word' id='word_1_276' title='bbox 1375 2019 1602 2092; x_wconf 89' lang='lat' dir='ltr'>possit.</span> <span class='ocrx_word' id='word_1_277' title='bbox 1630 2015 1943 2075; x_wconf 88' lang='lat' dir='ltr'>Constitui-</span> <span class='ocrx_word' id='word_1_278' title='bbox 2049 2010 2204 2066; x_wconf 89' lang='lat' dir='ltr'>iram</span> <span class='ocrx_word' id='word_1_279' title='bbox 2262 2009 2362 2066; x_wconf 92' lang='lat' dir='ltr'>Dei</span> <span class='ocrx_word' id='word_1_280' title='bbox 2411 2010 2722 2066; x_wconf 87' lang='lat' dir='ltr'>incurrens</span> <span class='ocrx_word' id='word_1_281' title='bbox 2766 2026 2802 2065; x_wconf 89' lang='lat' dir='ltr'>a</span> <span class='ocrx_word' id='word_1_282' title='bbox 2856 2013 3014 2065; x_wconf 77' lang='lat' dir='ltr'>cata</span> <span class='ocrx_word' id='word_1_283' title='bbox 3061 2008 3335 2064; x_wconf 91' lang='lat' dir='ltr'>omnium</span> <span class='ocrx_word' id='word_1_284' title='bbox 3365 2011 3710 2063; x_wconf 88' lang='lat' dir='ltr'>sanctorum</span> 
     </span>
    </p>
   </div>
   <div class='ocr_carea' id='block_1_23' title="bbox 255 2095 3712 2187">
    <p class='ocr_par' dir='ltr' id='par_1_23' title="bbox 255 2095 3712 2187">
     <span class='ocr_line' id='line_1_23' title="bbox 255 2095 3712 2187; baseline -0.008 -9"><span class='ocrx_word' id='word_1_285' title='bbox 255 2137 402 2178; x_wconf 90' lang='lat' dir='ltr'>mus</span> <span class='ocrx_word' id='word_1_286' title='bbox 427 2095 619 2175; x_wconf 32' lang='lat' dir='ltr'>etiam“</span> <span class='ocrx_word' id='word_1_287' title='bbox 638 2129 746 2187; x_wconf 87' lang='lat' dir='ltr'>per</span> <span class='ocrx_word' id='word_1_288' title='bbox 775 2111 952 2181; x_wconf 88' lang='lat' dir='ltr'>hujus</span> <span class='ocrx_word' id='word_1_289' title='bbox 995 2107 1216 2163; x_wconf 86' lang='lat' dir='ltr'>decreti</span> <span class='ocrx_word' id='word_1_290' title='bbox 1263 2107 1469 2162; x_wconf 88' lang='lat' dir='ltr'>nostri</span> <span class='ocrx_word' id='word_1_291' title='bbox 1521 2105 1832 2180; x_wconf 85' lang='lat' dir='ltr'>paginam,</span> <span class='ocrx_word' id='word_1_292' title='bbox 1880 2106 1946 2158; x_wconf 90' lang='lat' dir='ltr'>ut</span> <span class='ocrx_word' id='word_1_293' title='bbox 2053 2099 2301 2155; x_wconf 80' lang='lat' dir='ltr'>extorris</span> <span class='ocrx_word' id='word_1_294' title='bbox 2331 2098 2563 2169; x_wconf 82' lang='lat' dir='ltr'>existat,</span> <span class='ocrx_word' id='word_1_295' title='bbox 2604 2103 2661 2155; x_wconf 88' lang='lat' dir='ltr'>et</span> <span class='ocrx_word' id='word_1_296' title='bbox 2689 2097 3076 2155; x_wconf 88' lang='lat' dir='ltr'>nihilominus</span> <span class='ocrx_word' id='word_1_297' title='bbox 3105 2096 3335 2170; x_wconf 87' lang='lat' dir='ltr'>prafati</span> <span class='ocrx_word' id='word_1_298' title='bbox 3367 2095 3712 2153; x_wconf 89' lang='lat' dir='ltr'>monasterii</span> 
     </span>
    </p>
   </div>
   <div class='ocr_carea' id='block_1_24' title="bbox 259 2185 3714 2285">
    <p class='ocr_par' dir='ltr' id='par_1_24' title="bbox 259 2185 3714 2285">
     <span class='ocr_line' id='line_1_24' title="bbox 259 2185 3714 2285; baseline -0.007 -19"><span class='ocrx_word' id='word_1_299' title='bbox 259 2185 951 2285; x_wconf 47' lang='lat' dir='ltr'>quacunque—dignitate</span> <span class='ocrx_word' id='word_1_300' title='bbox 980 2196 1236 2272; x_wconf 80' lang='lat' dir='ltr'>praedita</span> <span class='ocrx_word' id='word_1_301' title='bbox 1263 2211 1542 2285; x_wconf 86' lang='lat' dir='ltr'>persona</span> <span class='ocrx_word' id='word_1_302' title='bbox 1569 2196 1727 2251; x_wconf 89' lang='lat' dir='ltr'>hanc</span> <span class='ocrx_word' id='word_1_303' title='bbox 1757 2193 1946 2249; x_wconf 87' lang='lat' dir='ltr'>nostri</span> <span class='ocrx_word' id='word_1_304' title='bbox 2053 2189 2314 2260; x_wconf 87' lang='lat' dir='ltr'>dignitas</span> <span class='ocrx_word' id='word_1_305' title='bbox 2372 2205 2408 2245; x_wconf 91' lang='lat' dir='ltr'>a</span> <span class='ocrx_word' id='word_1_306' title='bbox 2466 2188 2927 2285; x_wconf 50' lang='lat' dir='ltr'>nobishmdulta</span> <span class='ocrx_word' id='word_1_307' title='bbox 2975 2185 3397 2285; x_wconf 76' lang='lat' dir='ltr'>perpetualiter</span> <span class='ocrx_word' id='word_1_308' title='bbox 3431 2185 3714 2258; x_wconf 76' lang='lat' dir='ltr'>inviolata</span> 
     </span>
    </p>
   </div>
   <div class='ocr_carea' id='block_1_25' title="bbox 259 2273 3447 2374">
    <p class='ocr_par' dir='ltr' id='par_1_25' title="bbox 259 2273 3447 2374">
     <span class='ocr_line' id='line_1_25' title="bbox 259 2273 3447 2374; baseline -0.008 -19"><span class='ocrx_word' id='word_1_309' title='bbox 259 2273 560 2374; x_wconf 71' lang='lat' dir='ltr'>privilegii</span> <span class='ocrx_word' id='word_1_310' title='bbox 587 2273 877 2357; x_wconf 80' lang='lat' dir='ltr'>chartam,</span> <span class='ocrx_word' id='word_1_311' title='bbox 899 2303 1083 2361; x_wconf 90' lang='lat' dir='ltr'>quam</span> <span class='ocrx_word' id='word_1_312' title='bbox 1106 2284 1467 2342; x_wconf 86' lang='lat' dir='ltr'>auctoritate</span> <span class='ocrx_word' id='word_1_313' title='bbox 1487 2283 1775 2358; x_wconf 89' lang='lat' dir='ltr'>principis</span> <span class='ocrx_word' id='word_1_314' title='bbox 1801 2297 1948 2354; x_wconf 51' lang='lat' dir='ltr'>apo-</span> <span class='ocrx_word' id='word_1_315' title='bbox 2055 2280 2406 2374; x_wconf 68' lang='lat' dir='ltr'>permaneat</span> <span class='ocrx_word' id='word_1_316' title='bbox 2433 2276 2764 2350; x_wconf 90' lang='lat' dir='ltr'>apostolica</span> <span class='ocrx_word' id='word_1_317' title='bbox 2792 2276 3140 2374; x_wconf 77' lang='lat' dir='ltr'>auctoritate</span> <span class='ocrx_word' id='word_1_318' title='bbox 3169 2273 3447 2373; x_wconf 50' lang='lat' dir='ltr'>subnisa.</span> 
     </span>
    </p>
   </div>
   <div class='ocr_carea' id='block_1_26' title="bbox 265 2359 3716 2446">
    <p class='ocr_par' dir='ltr' id='par_1_26' title="bbox 265 2359 3716 2446">
     <span class='ocr_line' id='line_1_26' title="bbox 265 2359 3716 2446; baseline -0.009 -1"><span class='ocrx_word' id='word_1_319' title='bbox 265 2359 565 2446; x_wconf 59' lang='lat' dir='ltr'>stoloriim</span> <span class='ocrx_word' id='word_1_320' title='bbox 588 2383 904 2439; x_wconf 88' lang='lat' dir='ltr'>ﬁrmamus</span> <span class='ocrx_word' id='word_1_321' title='bbox 918 2359 1227 2434; x_wconf 62' lang='lat' dir='ltr'>temerare</span> <span class='ocrx_word' id='word_1_322' title='bbox 1253 2373 1594 2444; x_wconf 86' lang='lat' dir='ltr'>tentaverit,</span> <span class='ocrx_word' id='word_1_323' title='bbox 1622 2371 1948 2429; x_wconf 90' lang='lat' dir='ltr'>anathema</span> <span class='ocrx_word' id='word_1_324' title='bbox 2127 2366 2422 2439; x_wconf 86' lang='lat' dir='ltr'>Scriptum</span> <span class='ocrx_word' id='word_1_325' title='bbox 2447 2382 2555 2440; x_wconf 90' lang='lat' dir='ltr'>per</span> <span class='ocrx_word' id='word_1_326' title='bbox 2574 2383 2826 2423; x_wconf 88' lang='lat' dir='ltr'>manum</span> <span class='ocrx_word' id='word_1_327' title='bbox 2855 2365 3137 2438; x_wconf 86' lang='lat' dir='ltr'>Stephani</span> <span class='ocrx_word' id='word_1_328' title='bbox 3164 2362 3377 2420; x_wconf 90' lang='lat' dir='ltr'>notarii</span> <span class='ocrx_word' id='word_1_329' title='bbox 3397 2359 3716 2432; x_wconf 89' lang='lat' dir='ltr'>regionarii</span> 
     </span>
    </p>
   </div>
   <div class='ocr_carea' id='block_1_27' title="bbox 268 2451 3716 2544">
    <p class='ocr_par' dir='ltr' id='par_1_27' title="bbox 268 2451 3716 2544">
     <span class='ocr_line' id='line_1_27' title="bbox 268 2451 3716 2544; baseline -0.009 -10"><span class='ocrx_word' id='word_1_330' title='bbox 268 2478 368 2544; x_wconf 90' lang='lat' dir='ltr'>sit,</span> <span class='ocrx_word' id='word_1_331' title='bbox 403 2480 460 2532; x_wconf 89' lang='lat' dir='ltr'>et</span> <span class='ocrx_word' id='word_1_332' title='bbox 483 2474 632 2529; x_wconf 89' lang='lat' dir='ltr'>iram</span> <span class='ocrx_word' id='word_1_333' title='bbox 665 2470 766 2526; x_wconf 91' lang='lat' dir='ltr'>Dei</span> <span class='ocrx_word' id='word_1_334' title='bbox 803 2469 1133 2534; x_wconf 89' lang='lat' dir='ltr'>incurrens,</span> <span class='ocrx_word' id='word_1_335' title='bbox 1181 2479 1218 2518; x_wconf 90' lang='lat' dir='ltr'>a</span> <span class='ocrx_word' id='word_1_336' title='bbox 1242 2466 1401 2517; x_wconf 78' lang='lat' dir='ltr'>catu</span> <span class='ocrx_word' id='word_1_337' title='bbox 1433 2466 1780 2517; x_wconf 90' lang='lat' dir='ltr'>sanctorum</span> <span class='ocrx_word' id='word_1_338' title='bbox 1813 2475 1946 2514; x_wconf 90' lang='lat' dir='ltr'>om-</span> <span class='ocrx_word' id='word_1_339' title='bbox 2057 2461 2238 2528; x_wconf 89' lang='lat' dir='ltr'>atque</span> <span class='ocrx_word' id='word_1_340' title='bbox 2259 2456 2547 2512; x_wconf 87' lang='lat' dir='ltr'>scriniarii</span> <span class='ocrx_word' id='word_1_341' title='bbox 2573 2461 2790 2512; x_wconf 83' lang='lat' dir='ltr'>sancta</span> <span class='ocrx_word' id='word_1_342' title='bbox 2820 2458 3100 2512; x_wconf 81' lang='lat' dir='ltr'>Romanae</span> <span class='ocrx_word' id='word_1_343' title='bbox 3130 2451 3402 2508; x_wconf 87' lang='lat' dir='ltr'>Ecclesia</span> <span class='ocrx_word' id='word_1_344' title='bbox 3425 2451 3488 2506; x_wconf 88' lang='lat' dir='ltr'>in</span> <span class='ocrx_word' id='word_1_345' title='bbox 3508 2465 3716 2505; x_wconf 88' lang='lat' dir='ltr'>mense</span> 
     </span>
    </p>
   </div>
   <div class='ocr_carea' id='block_1_28' title="bbox 271 2545 2872 2626">
    <p class='ocr_par' dir='ltr' id='par_1_28' title="bbox 271 2545 2872 2626">
     <span class='ocr_line' id='line_1_28' title="bbox 271 2545 2872 2626; baseline -0.009 -3"><span class='ocrx_word' id='word_1_346' title='bbox 271 2567 448 2624; x_wconf 89' lang='lat' dir='ltr'>nium</span> <span class='ocrx_word' id='word_1_347' title='bbox 478 2561 726 2620; x_wconf 74' lang='lat' dir='ltr'>extorris</span> <span class='ocrx_word' id='word_1_348' title='bbox 751 2559 982 2626; x_wconf 82' lang='lat' dir='ltr'>existat,</span> <span class='ocrx_word' id='word_1_349' title='bbox 1023 2559 1089 2609; x_wconf 91' lang='lat' dir='ltr'>ut</span> <span class='ocrx_word' id='word_1_350' title='bbox 1130 2550 1528 2608; x_wconf 90' lang='lat' dir='ltr'>nihilominus</span> <span class='ocrx_word' id='word_1_351' title='bbox 1556 2549 1788 2622; x_wconf 88' lang='lat' dir='ltr'>prafati</span> <span class='ocrx_word' id='word_1_352' title='bbox 1815 2564 1947 2604; x_wconf 82' lang='lat' dir='ltr'>mo-</span> <span class='ocrx_word' id='word_1_353' title='bbox 2057 2545 2338 2601; x_wconf 85' lang='lat' dir='ltr'>Januario</span> <span class='ocrx_word' id='word_1_354' title='bbox 2365 2549 2422 2600; x_wconf 90' lang='lat' dir='ltr'>et</span> <span class='ocrx_word' id='word_1_355' title='bbox 2443 2545 2766 2601; x_wconf 91' lang='lat' dir='ltr'>indictione</span> <span class='ocrx_word' id='word_1_356' title='bbox 2797 2561 2872 2599; x_wconf 82' lang='lat' dir='ltr'>v1.</span> 
     </span>
    </p>
   </div>
   <div class='ocr_carea' id='block_1_29' title="bbox 271 2631 3020 2719">
    <p class='ocr_par' dir='ltr' id='par_1_29' title="bbox 271 2631 3020 2719">
     <span class='ocr_line' id='line_1_29' title="bbox 271 2631 3020 2719; baseline -0.009 -8"><span class='ocrx_word' id='word_1_357' title='bbox 271 2651 524 2712; x_wconf 88' lang='lat' dir='ltr'>nasterii</span> <span class='ocrx_word' id='word_1_358' title='bbox 553 2648 814 2719; x_wconf 89' lang='lat' dir='ltr'>dignitas</span> <span class='ocrx_word' id='word_1_359' title='bbox 862 2662 898 2701; x_wconf 89' lang='lat' dir='ltr'>a</span> <span class='ocrx_word' id='word_1_360' title='bbox 922 2642 1101 2700; x_wconf 91' lang='lat' dir='ltr'>nobis</span> <span class='ocrx_word' id='word_1_361' title='bbox 1125 2638 1380 2708; x_wconf 90' lang='lat' dir='ltr'>indulta,</span> <span class='ocrx_word' id='word_1_362' title='bbox 1410 2636 1832 2710; x_wconf 89' lang='lat' dir='ltr'>perpetualiter</span> <span class='ocrx_word' id='word_1_363' title='bbox 1860 2636 1950 2691; x_wconf 90' lang='lat' dir='ltr'>in-</span> <span class='ocrx_word' id='word_1_364' title='bbox 2133 2636 2348 2689; x_wconf 89' lang='lat' dir='ltr'>Datum</span> <span class='ocrx_word' id='word_1_365' title='bbox 2379 2649 2437 2688; x_wconf 79' lang='lat' dir='ltr'>Iv</span> <span class='ocrx_word' id='word_1_366' title='bbox 2464 2637 2661 2690; x_wconf 86' lang='lat' dir='ltr'>Nonas</span> <span class='ocrx_word' id='word_1_367' title='bbox 2687 2631 3020 2689; x_wconf 76' lang='lat' dir='ltr'>Ianuarias.</span> 
     </span>
    </p>
   </div>
   <div class='ocr_carea' id='block_1_30' title="bbox 274 2723 2972 2813">
    <p class='ocr_par' dir='ltr' id='par_1_30' title="bbox 274 2723 2972 2813">
     <span class='ocr_line' id='line_1_30' title="bbox 274 2723 2972 2813; baseline -0.01 -13"><span class='ocrx_word' id='word_1_368' title='bbox 274 2743 506 2800; x_wconf 83' lang='lat' dir='ltr'>violata</span> <span class='ocrx_word' id='word_1_369' title='bbox 534 2738 909 2813; x_wconf 87' lang='lat' dir='ltr'>permaneat,</span> <span class='ocrx_word' id='word_1_370' title='bbox 940 2729 1272 2806; x_wconf 84' lang='lat' dir='ltr'>apostolica</span> <span class='ocrx_word' id='word_1_371' title='bbox 1293 2728 1641 2784; x_wconf 88' lang='lat' dir='ltr'>auctoritate</span> <span class='ocrx_word' id='word_1_372' title='bbox 1664 2725 1946 2781; x_wconf 82' lang='lat' dir='ltr'>subnixa.</span> <span class='ocrx_word' id='word_1_373' title='bbox 2827 2723 2972 2775; x_wconf 85' lang='lat' dir='ltr'><strong>VIII.</strong></span> 
     </span>
    </p>
   </div>
   <div class='ocr_carea' id='block_1_31' title="bbox 359 2814 1952 2902">
    <p class='ocr_par' dir='ltr' id='par_1_31' title="bbox 359 2814 1952 2902">
     <span class='ocr_line' id='line_1_31' title="bbox 359 2814 1952 2902; baseline -0.013 -15"><span class='ocrx_word' id='word_1_374' title='bbox 359 2830 659 2902; x_wconf 89' lang='lat' dir='ltr'>Scriptum</span> <span class='ocrx_word' id='word_1_375' title='bbox 684 2842 790 2898; x_wconf 90' lang='lat' dir='ltr'>per</span> <span class='ocrx_word' id='word_1_376' title='bbox 817 2839 1038 2880; x_wconf 90' lang='lat' dir='ltr'>manus</span> <span class='ocrx_word' id='word_1_377' title='bbox 1067 2816 1354 2890; x_wconf 88' lang='lat' dir='ltr'>Stephani</span> <span class='ocrx_word' id='word_1_378' title='bbox 1392 2814 1679 2871; x_wconf 87' lang='lat' dir='ltr'>scriniarii</span> <span class='ocrx_word' id='word_1_379' title='bbox 1729 2819 1952 2869; x_wconf 89' lang='lat' dir='ltr'>sancta</span> 
     </span>
    </p>
   </div>
   <div class='ocr_carea' id='block_1_32' title="bbox 283 2903 2024 2995">
    <p class='ocr_par' dir='ltr' id='par_1_32' title="bbox 283 2903 2024 2995">
     <span class='ocr_line' id='line_1_32' title="bbox 283 2903 2024 2995; baseline -0.011 -17"><span class='ocrx_word' id='word_1_380' title='bbox 283 2926 576 2979; x_wconf 77' lang='lat' dir='ltr'>Romana</span> <span class='ocrx_word' id='word_1_381' title='bbox 631 2914 895 2972; x_wconf 87' lang='lat' dir='ltr'>ecclesia</span> <span class='ocrx_word' id='word_1_382' title='bbox 938 2911 999 2966; x_wconf 89' lang='lat' dir='ltr'>in</span> <span class='ocrx_word' id='word_1_383' title='bbox 1055 2922 1261 2964; x_wconf 89' lang='lat' dir='ltr'>mense</span> <span class='ocrx_word' id='word_1_384' title='bbox 1299 2903 1582 2961; x_wconf 84' lang='lat' dir='ltr'>Januario</span> <span class='ocrx_word' id='word_1_385' title='bbox 1631 2903 1953 2960; x_wconf 88' lang='lat' dir='ltr'>indictione</span> <span class='ocrx_word' id='word_1_386' title='bbox 1984 2939 2024 2995; x_wconf 64' lang='grc' dir='ltr'><strong>Ο</strong></span> 
     </span>
    </p>
   </div>
   <div class='ocr_carea' id='block_1_33' title="bbox 286 2992 1956 3066">
    <p class='ocr_par' dir='ltr' id='par_1_33' title="bbox 286 2992 1956 3066">
     <span class='ocr_line' id='line_1_33' title="bbox 286 2992 1956 3066; baseline -0.011 0"><span class='ocrx_word' id='word_1_387' title='bbox 286 3014 476 3066; x_wconf 77' lang='lat' dir='ltr'>sexta.</span> <span class='ocrx_word' id='word_1_388' title='bbox 513 3009 664 3062; x_wconf 90' lang='lat' dir='ltr'>Bene</span> <span class='ocrx_word' id='word_1_389' title='bbox 692 3003 904 3060; x_wconf 88' lang='lat' dir='ltr'>valete.</span> <span class='ocrx_word' id='word_1_390' title='bbox 947 3002 1166 3056; x_wconf 89' lang='lat' dir='ltr'>Datum</span> <span class='ocrx_word' id='word_1_391' title='bbox 1195 3012 1258 3050; x_wconf 85' lang='lat' dir='ltr'>III</span> <span class='ocrx_word' id='word_1_392' title='bbox 1280 3009 1475 3050; x_wconf 91' lang='lat' dir='ltr'>nonas</span> <span class='ocrx_word' id='word_1_393' title='bbox 1502 2992 1816 3050; x_wconf 87' lang='lat' dir='ltr'>Januarias</span> <span class='ocrx_word' id='word_1_394' title='bbox 1846 3009 1956 3065; x_wconf 91' lang='lat' dir='ltr'>per</span> 
     </span>
    </p>
   </div>
   <div class='ocr_carea' id='block_1_34' title="bbox 283 3081 1955 3155">
    <p class='ocr_par' dir='ltr' id='par_1_34' title="bbox 283 3081 1955 3155">
     <span class='ocr_line' id='line_1_34' title="bbox 283 3081 1955 3155; baseline -0.011 -1"><span class='ocrx_word' id='word_1_395' title='bbox 283 3113 514 3155; x_wconf 88' lang='lat' dir='ltr'>manus</span> <span class='ocrx_word' id='word_1_396' title='bbox 570 3093 821 3148; x_wconf 79' lang='lat' dir='ltr'>Andrea</span> <span class='ocrx_word' id='word_1_397' title='bbox 868 3086 1074 3155; x_wconf 90' lang='lat' dir='ltr'>divini,</span> <span class='ocrx_word' id='word_1_398' title='bbox 1133 3087 1438 3155; x_wconf 90' lang='lat' dir='ltr'>respectus</span> <span class='ocrx_word' id='word_1_399' title='bbox 1485 3081 1695 3151; x_wconf 88' lang='lat' dir='ltr'>gratia,</span> <span class='ocrx_word' id='word_1_400' title='bbox 1742 3081 1955 3137; x_wconf 88' lang='lat' dir='ltr'>arcarii</span> 
     </span>
    </p>
   </div>
   <div class='ocr_carea' id='block_1_35' title="bbox 291 3171 1954 3252">
    <p class='ocr_par' dir='ltr' id='par_1_35' title="bbox 291 3171 1954 3252">
     <span class='ocr_line' id='line_1_35' title="bbox 291 3171 1954 3252; baseline -0.011 -9"><span class='ocrx_word' id='word_1_401' title='bbox 291 3191 513 3244; x_wconf 85' lang='lat' dir='ltr'>sancta</span> <span class='ocrx_word' id='word_1_402' title='bbox 541 3182 697 3239; x_wconf 90' lang='lat' dir='ltr'>sedis</span> <span class='ocrx_word' id='word_1_403' title='bbox 726 3177 1090 3252; x_wconf 79' lang='lat' dir='ltr'>apostolicae,</span> <span class='ocrx_word' id='word_1_404' title='bbox 1123 3187 1306 3240; x_wconf 89' lang='lat' dir='ltr'>anno,</span> <span class='ocrx_word' id='word_1_405' title='bbox 1330 3175 1448 3228; x_wconf 92' lang='lat' dir='ltr'>Deo</span> <span class='ocrx_word' id='word_1_406' title='bbox 1489 3171 1767 3244; x_wconf 88' lang='lat' dir='ltr'>propitio,</span> <span class='ocrx_word' id='word_1_407' title='bbox 1800 3187 1954 3242; x_wconf 90' lang='lat' dir='ltr'>pon-</span> 
     </span>
    </p>
   </div>
   <div class='ocr_carea' id='block_1_36' title="bbox 288 3260 1949 3343">
    <p class='ocr_par' dir='ltr' id='par_1_36' title="bbox 288 3260 1949 3343">
     <span class='ocr_line' id='line_1_36' title="bbox 288 3260 1949 3343; baseline -0.011 -10"><span class='ocrx_word' id='word_1_408' title='bbox 288 3277 552 3334; x_wconf 83' lang='lat' dir='ltr'>tificatus</span> <span class='ocrx_word' id='word_1_409' title='bbox 581 3269 848 3343; x_wconf 83' lang='lat' dir='ltr'>Agapeti,</span> <span class='ocrx_word' id='word_1_410' title='bbox 876 3264 1098 3322; x_wconf 91' lang='lat' dir='ltr'>summi</span> <span class='ocrx_word' id='word_1_411' title='bbox 1119 3261 1442 3336; x_wconf 87' lang='lat' dir='ltr'>pontiﬁcis,</span> <span class='ocrx_word' id='word_1_412' title='bbox 1463 3260 1742 3324; x_wconf 84' lang='lat' dir='ltr'>Junioris,</span> <span class='ocrx_word' id='word_1_413' title='bbox 1757 3276 1949 3333; x_wconf 75' lang='lat' dir='ltr'>papa,</span> 
     </span>
    </p>
   </div>
   <div class='ocr_carea' id='block_1_37' title="bbox 287 3347 1950 3423">
    <p class='ocr_par' dir='ltr' id='par_1_37' title="bbox 287 3347 1950 3423">
     <span class='ocr_line' id='line_1_37' title="bbox 287 3347 1950 3423; baseline -0.011 -1"><span class='ocrx_word' id='word_1_414' title='bbox 287 3367 353 3423; x_wconf 81' lang='lat' dir='ltr'>in</span> <span class='ocrx_word' id='word_1_415' title='bbox 383 3360 791 3421; x_wconf 88' lang='lat' dir='ltr'>sacratissima</span> <span class='ocrx_word' id='word_1_416' title='bbox 819 3356 960 3413; x_wconf 90' lang='lat' dir='ltr'>sede</span> <span class='ocrx_word' id='word_1_417' title='bbox 989 3353 1149 3411; x_wconf 89' lang='lat' dir='ltr'>beati</span> <span class='ocrx_word' id='word_1_418' title='bbox 1181 3350 1328 3407; x_wconf 90' lang='lat' dir='ltr'>Petri</span> <span class='ocrx_word' id='word_1_419' title='bbox 1357 3349 1630 3422; x_wconf 87' lang='lat' dir='ltr'>apostoli,</span> <span class='ocrx_word' id='word_1_420' title='bbox 1665 3347 1950 3405; x_wconf 90' lang='lat' dir='ltr'>secundo.</span> 
     </span>
    </p>
   </div>
   <div class='ocr_carea' id='block_1_38' title="bbox 1067 3459 1187 3514">
    <p class='ocr_par' dir='ltr' id='par_1_38' title="bbox 1067 3459 1187 3514">
     <span class='ocr_line' id='line_1_38' title="bbox 1067 3459 1187 3514; baseline -0.008 -3"><span class='ocrx_word' id='word_1_421' title='bbox 1067 3459 1187 3514; x_wconf 87' lang='lat' dir='ltr'>VII.</span> 
     </span>
    </p>
   </div>
   <div class='ocr_carea' id='block_1_39' title="bbox 293 3576 1956 3635">
    <p class='ocr_par' dir='ltr' id='par_1_39' title="bbox 293 3576 1956 3635">
     <span class='ocr_line' id='line_1_39' title="bbox 293 3576 1956 3635; baseline -0.012 0"><span class='ocrx_word' id='word_1_422' title='bbox 293 3593 536 3635; x_wconf 73' lang='lat' dir='ltr'>AGAPETI</span> <span class='ocrx_word' id='word_1_423' title='bbox 573 3589 732 3630; x_wconf 65' lang='grc' dir='ltr'>ΡΑΡΕ</span> <span class='ocrx_word' id='word_1_424' title='bbox 771 3588 811 3627; x_wconf 84' lang='lat' dir='ltr'>ll</span> <span class='ocrx_word' id='word_1_425' title='bbox 850 3581 1209 3626; x_wconf 74' lang='lat' dir='ltr'>PRIVILEGIUM</span> <span class='ocrx_word' id='word_1_426' title='bbox 1247 3580 1352 3620; x_wconf 76' lang='lat' dir='ltr'>PRO</span> <span class='ocrx_word' id='word_1_427' title='bbox 1394 3578 1738 3619; x_wconf 78' lang='lat' dir='ltr'>MONASTERIO</span> <span class='ocrx_word' id='word_1_428' title='bbox 1779 3577 1827 3618; x_wconf 82' lang='lat' dir='ltr'>S.</span> <span class='ocrx_word' id='word_1_429' title='bbox 1861 3576 1956 3616; x_wconf 88' lang='lat' dir='ltr'>BO-</span> 
     </span>
    </p>
   </div>
   <div class='ocr_carea' id='block_1_40' title="bbox 871 3669 1383 3714">
    <p class='ocr_par' dir='ltr' id='par_1_40' title="bbox 871 3669 1383 3714">
     <span class='ocr_line' id='line_1_40' title="bbox 871 3669 1383 3714; baseline -0.012 0"><span class='ocrx_word' id='word_1_430' title='bbox 871 3673 1072 3714; x_wconf 76' lang='lat' dir='ltr'>NIFACll</span> <span class='ocrx_word' id='word_1_431' title='bbox 1106 3669 1383 3710; x_wconf 79' lang='lat' dir='ltr'>FULDENSL</span> 
     </span>
    </p>
   </div>
   <div class='ocr_carea' id='block_1_41' title="bbox 941 3763 1315 3837">
    <p class='ocr_par' dir='ltr' id='par_1_41' title="bbox 941 3763 1315 3837">
     <span class='ocr_line' id='line_1_41' title="bbox 941 3763 1315 3837; baseline -0.011 -18"><span class='ocrx_word' id='word_1_432' title='bbox 941 3765 1136 3837; x_wconf 83' lang='lat' dir='ltr'>(Anno</span> <span class='ocrx_word' id='word_1_433' title='bbox 1166 3763 1315 3832; x_wconf 75' lang='grc'>948).</span> 
     </span>
    </p>
   </div>
   <div class='ocr_carea' id='block_1_42' title="bbox 294 3864 1961 3942">
    <p class='ocr_par' dir='ltr' id='par_1_42' title="bbox 294 3864 1961 3942">
     <span class='ocr_line' id='line_1_42' title="bbox 294 3864 1961 3942; baseline -0.014 -1"><span class='ocrx_word' id='word_1_434' title='bbox 294 3878 654 3941; x_wconf 83' lang='lat' dir='ltr'>Monasterii</span> <span class='ocrx_word' id='word_1_435' title='bbox 673 3874 1013 3942; x_wconf 82' lang='lat' dir='ltr'>Fuldensis,</span> <span class='ocrx_word' id='word_1_436' title='bbox 1046 3893 1075 3920; x_wconf 90' lang='lat'><strong>«</strong></span> <span class='ocrx_word' id='word_1_437' title='bbox 1101 3869 1334 3925; x_wconf 88' lang='lat' dir='ltr'>noviter</span> <span class='ocrx_word' id='word_1_438' title='bbox 1360 3865 1633 3922; x_wconf 80' lang='lat' dir='ltr'>renovati</span> <span class='ocrx_word' id='word_1_439' title='bbox 1659 3886 1688 3913; x_wconf 83' lang='lat'>»</span> <span class='ocrx_word' id='word_1_440' title='bbox 1718 3864 1961 3933; x_wconf 78' lang='lat' dir='ltr'>privile-</span> 
     </span>
    </p>
   </div>
   <div class='ocr_carea' id='block_1_43' title="bbox 888 3958 1389 4032">
    <p class='ocr_par' dir='ltr' id='par_1_43' title="bbox 888 3958 1389 4032">
     <span class='ocr_line' id='line_1_43' title="bbox 888 3958 1389 4032; baseline -0.012 -15"><span class='ocrx_word' id='word_1_441' title='bbox 888 3962 991 4032; x_wconf 88' lang='lat' dir='ltr'>gia</span> <span class='ocrx_word' id='word_1_442' title='bbox 1052 3958 1389 4026; x_wconf 82' lang='lat' dir='ltr'>conﬁrmat.</span> 
     </span>
    </p>
   </div>
   <div class='ocr_carea' id='block_1_44' title="bbox 483 4061 1779 4147">
    <p class='ocr_par' dir='ltr' id='par_1_44' title="bbox 483 4061 1779 4147">
     <span class='ocr_line' id='line_1_44' title="bbox 483 4061 1779 4147; baseline -0.014 -15"><span class='ocrx_word' id='word_1_443' title='bbox 483 4073 761 4147; x_wconf 90' lang='lat' dir='ltr'>[Dronke,</span> <span class='ocrx_word' id='word_1_444' title='bbox 797 4070 998 4127; x_wconf 72' lang='lat' dir='ltr'>Codex</span> <span class='ocrx_word' id='word_1_445' title='bbox 1028 4067 1273 4136; x_wconf 83' lang='lat' dir='ltr'>diplom.</span> <span class='ocrx_word' id='word_1_446' title='bbox 1306 4062 1508 4130; x_wconf 86' lang='lat' dir='ltr'>Futd.,</span> <span class='ocrx_word' id='word_1_447' title='bbox 1542 4077 1602 4133; x_wconf 91' lang='lat' dir='ltr'>p.</span> <span class='ocrx_word' id='word_1_448' title='bbox 1635 4061 1779 4130; x_wconf 83' lang='lat'>320].</span> 
     </span>
    </p>
   </div>
   <div class='ocr_carea' id='block_1_45' title="bbox 373 4150 1964 4235">
    <p class='ocr_par' dir='ltr' id='par_1_45' title="bbox 373 4150 1964 4235">
     <span class='ocr_line' id='line_1_45' title="bbox 373 4150 1964 4235; baseline -0.014 -11"><span class='ocrx_word' id='word_1_449' title='bbox 373 4173 669 4224; x_wconf 79' lang='lat' dir='ltr'>AGAPETUS</span> <span class='ocrx_word' id='word_1_450' title='bbox 699 4162 1041 4235; x_wconf 92' lang='lat' dir='ltr'>episcopus,</span> <span class='ocrx_word' id='word_1_451' title='bbox 1071 4171 1277 4211; x_wconf 90' lang='lat' dir='ltr'>servus</span> <span class='ocrx_word' id='word_1_452' title='bbox 1315 4166 1624 4208; x_wconf 85' lang='lat' dir='ltr'>servorum</span> <span class='ocrx_word' id='word_1_453' title='bbox 1677 4150 1796 4218; x_wconf 92' lang='lat' dir='ltr'>Dei,</span> <span class='ocrx_word' id='word_1_454' title='bbox 1853 4151 1964 4203; x_wconf 78' lang='lat' dir='ltr'>HA-</span> 
     </span>
    </p>
   </div>
   <div class='ocr_carea' id='block_1_46' title="bbox 303 4237 1964 4316">
    <p class='ocr_par' dir='ltr' id='par_1_46' title="bbox 303 4237 1964 4316">
     <span class='ocr_line' id='line_1_46' title="bbox 303 4237 1964 4316; baseline -0.014 -1"><span class='ocrx_word' id='word_1_455' title='bbox 303 4271 534 4316; x_wconf 68' lang='lat' dir='ltr'>mmao</span> <span class='ocrx_word' id='word_1_456' title='bbox 563 4249 889 4309; x_wconf 84' lang='lat' dir='ltr'>venerabili</span> <span class='ocrx_word' id='word_1_457' title='bbox 910 4245 1118 4303; x_wconf 88' lang='lat' dir='ltr'>abbati</span> <span class='ocrx_word' id='word_1_458' title='bbox 1145 4248 1204 4300; x_wconf 88' lang='lat' dir='ltr'>et</span> <span class='ocrx_word' id='word_1_459' title='bbox 1221 4259 1327 4315; x_wconf 90' lang='lat' dir='ltr'>per</span> <span class='ocrx_word' id='word_1_460' title='bbox 1351 4257 1490 4296; x_wconf 90' lang='lat' dir='ltr'>eum</span> <span class='ocrx_word' id='word_1_461' title='bbox 1511 4239 1571 4295; x_wconf 90' lang='lat' dir='ltr'>in</span> <span class='ocrx_word' id='word_1_462' title='bbox 1598 4237 1964 4294; x_wconf 88' lang='lat' dir='ltr'>monasterio</span> 
     </span>
    </p>
   </div>
   <div class='ocr_carea' id='block_1_47' title="bbox 303 4331 1963 4409">
    <p class='ocr_par' dir='ltr' id='par_1_47' title="bbox 303 4331 1963 4409">
     <span class='ocr_line' id='line_1_47' title="bbox 303 4331 1963 4409; baseline -0.015 -4"><span class='ocrx_word' id='word_1_463' title='bbox 303 4367 341 4405; x_wconf 86' lang='lat' dir='ltr'>a</span> <span class='ocrx_word' id='word_1_464' title='bbox 372 4348 581 4403; x_wconf 89' lang='lat' dir='ltr'>sancto</span> <span class='ocrx_word' id='word_1_465' title='bbox 610 4339 913 4398; x_wconf 89' lang='lat' dir='ltr'>Bonifacio</span> <span class='ocrx_word' id='word_1_466' title='bbox 952 4334 1227 4409; x_wconf 89' lang='lat' dir='ltr'>primitus</span> <span class='ocrx_word' id='word_1_467' title='bbox 1256 4333 1596 4388; x_wconf 92' lang='lat' dir='ltr'>constructo</span> <span class='ocrx_word' id='word_1_468' title='bbox 1626 4331 1805 4399; x_wconf 90' lang='lat' dir='ltr'>atque</span> <span class='ocrx_word' id='word_1_469' title='bbox 1852 4343 1963 4381; x_wconf 84' lang='lat' dir='ltr'>no-</span> 
     </span>
    </p>
   </div>
   <div class='ocr_carea' id='block_1_48' title="bbox 301 4414 1964 4497">
    <p class='ocr_par' dir='ltr' id='par_1_48' title="bbox 301 4414 1964 4497">
     <span class='ocr_line' id='line_1_48' title="bbox 301 4414 1964 4497; baseline -0.016 -4"><span class='ocrx_word' id='word_1_470' title='bbox 301 4438 456 4492; x_wconf 87' lang='lat' dir='ltr'>viter</span> <span class='ocrx_word' id='word_1_471' title='bbox 485 4433 768 4489; x_wconf 88' lang='lat' dir='ltr'>renovato</span> <span class='ocrx_word' id='word_1_472' title='bbox 800 4426 1045 4497; x_wconf 88' lang='lat' dir='ltr'>suisque</span> <span class='ocrx_word' id='word_1_473' title='bbox 1076 4416 1525 4476; x_wconf 90' lang='lat' dir='ltr'>successoribus</span> <span class='ocrx_word' id='word_1_474' title='bbox 1557 4414 1878 4472; x_wconf 86' lang='lat' dir='ltr'>abbatibus</span> <span class='ocrx_word' id='word_1_475' title='bbox 1901 4415 1964 4469; x_wconf 91' lang='lat' dir='ltr'>in</span> 
     </span>
    </p>
   </div>
   <div class='ocr_carea' id='block_1_49' title="bbox 300 4527 1302 4601">
    <p class='ocr_par' dir='ltr' id='par_1_49' title="bbox 300 4527 1302 4601">
     <span class='ocr_line' id='line_1_49' title="bbox 300 4527 1302 4601; baseline -0.014 -20"><span class='ocrx_word' id='word_1_476' title='bbox 300 4527 688 4601; x_wconf 89' lang='lat' dir='ltr'>perpetuum.</span> <span class='ocrx_word' id='word_1_477' title='bbox 1299 4576 1302 4580; x_wconf 37' lang='grc'><em>,</em></span> 
     </span>
    </p>
   </div>
   <div class='ocr_carea' id='block_1_50' title="bbox 384 4592 1968 4680">
    <p class='ocr_par' dir='ltr' id='par_1_50' title="bbox 384 4592 1968 4680">
     <span class='ocr_line' id='line_1_50' title="bbox 384 4592 1968 4680; baseline -0.014 -11"><span class='ocrx_word' id='word_1_478' title='bbox 384 4592 679 4680; x_wconf 51' lang='lat' dir='ltr'>Q—uoniam</span> <span class='ocrx_word' id='word_1_479' title='bbox 709 4620 945 4677; x_wconf 89' lang='lat' dir='ltr'>semper</span> <span class='ocrx_word' id='word_1_480' title='bbox 975 4605 1111 4657; x_wconf 90' lang='lat' dir='ltr'>sunt</span> <span class='ocrx_word' id='word_1_481' title='bbox 1133 4595 1521 4655; x_wconf 91' lang='lat' dir='ltr'>concedenda</span> <span class='ocrx_word' id='word_1_482' title='bbox 1545 4610 1681 4666; x_wconf 89' lang='lat' dir='ltr'>qua</span> <span class='ocrx_word' id='word_1_483' title='bbox 1706 4592 1968 4648; x_wconf 90' lang='lat' dir='ltr'>rationa-</span> 
     </span>
    </p>
   </div>
   <div class='ocr_carea' id='block_1_51' title="bbox 304 4680 1969 4766">
    <p class='ocr_par' dir='ltr' id='par_1_51' title="bbox 304 4680 1969 4766">
     <span class='ocr_line' id='line_1_51' title="bbox 304 4680 1969 4766; baseline -0.017 -5"><span class='ocrx_word' id='word_1_484' title='bbox 304 4704 532 4763; x_wconf 89' lang='lat' dir='ltr'>bilibus</span> <span class='ocrx_word' id='word_1_485' title='bbox 557 4699 895 4766; x_wconf 88' lang='lat' dir='ltr'>congruunt</span> <span class='ocrx_word' id='word_1_486' title='bbox 941 4689 1272 4754; x_wconf 89' lang='lat' dir='ltr'>desideriis,</span> <span class='ocrx_word' id='word_1_487' title='bbox 1321 4688 1551 4759; x_wconf 90' lang='lat' dir='ltr'>oportet</span> <span class='ocrx_word' id='word_1_488' title='bbox 1578 4687 1645 4738; x_wconf 91' lang='lat' dir='ltr'>ut</span> <span class='ocrx_word' id='word_1_489' title='bbox 1669 4680 1969 4736; x_wconf 85' lang='lat' dir='ltr'>devotioni</span> 
     </span>
    </p>
   </div>
   <div class='ocr_carea' id='block_1_52' title="bbox 309 4769 1969 4860">
    <p class='ocr_par' dir='ltr' id='par_1_52' title="bbox 309 4769 1969 4860">
     <span class='ocr_line' id='line_1_52' title="bbox 309 4769 1969 4860; baseline -0.018 -8"><span class='ocrx_word' id='word_1_490' title='bbox 309 4789 636 4852; x_wconf 85' lang='lat' dir='ltr'>conditoris</span> <span class='ocrx_word' id='word_1_491' title='bbox 663 4787 776 4860; x_wconf 88' lang='lat' dir='ltr'>pia</span> <span class='ocrx_word' id='word_1_492' title='bbox 807 4779 1261 4839; x_wconf 89' lang='lat' dir='ltr'>constructionis</span> <span class='ocrx_word' id='word_1_493' title='bbox 1290 4774 1612 4832; x_wconf 87' lang='lat' dir='ltr'>auctoritas</span> <span class='ocrx_word' id='word_1_494' title='bbox 1637 4772 1699 4826; x_wconf 89' lang='lat' dir='ltr'>in</span> <span class='ocrx_word' id='word_1_495' title='bbox 1729 4769 1969 4842; x_wconf 91' lang='lat' dir='ltr'>privile-</span> 
     </span>
    </p>
   </div>
   <div class='ocr_carea' id='block_1_53' title="bbox 312 4858 1973 4955">
    <p class='ocr_par' dir='ltr' id='par_1_53' title="bbox 312 4858 1973 4955">
     <span class='ocr_line' id='line_1_53' title="bbox 312 4858 1973 4955; baseline -0.017 -16"><span class='ocrx_word' id='word_1_496' title='bbox 312 4885 425 4955; x_wconf 86' lang='lat' dir='ltr'>giis</span> <span class='ocrx_word' id='word_1_497' title='bbox 481 4858 832 4952; x_wconf 77' lang='lat' dir='ltr'>prastandis</span> <span class='ocrx_word' id='word_1_498' title='bbox 890 4868 1137 4925; x_wconf 89' lang='lat' dir='ltr'>minime</span> <span class='ocrx_word' id='word_1_499' title='bbox 1184 4866 1530 4932; x_wconf 77' lang='lat' dir='ltr'>denegatur.</span> <span class='ocrx_word' id='word_1_500' title='bbox 1591 4861 1797 4955; x_wconf 63' lang='lat' dir='ltr'>Igitur_</span> <span class='ocrx_word' id='word_1_501' title='bbox 1827 4858 1973 4955; x_wconf 81' lang='lat' dir='ltr'>quia</span> 
     </span>
    </p>
   </div>
   <div class='ocr_carea' id='block_1_54' title="bbox 310 4948 1972 5048">
    <p class='ocr_par' dir='ltr' id='par_1_54' title="bbox 310 4948 1972 5048">
     <span class='ocr_line' id='line_1_54' title="bbox 310 4948 1972 5048; baseline -0.016 -20"><span class='ocrx_word' id='word_1_502' title='bbox 310 4948 627 5048; x_wconf 71' lang='lat' dir='ltr'>postulasti</span> <span class='ocrx_word' id='word_1_503' title='bbox 659 4983 696 5022; x_wconf 89' lang='lat' dir='ltr'>a</span> <span class='ocrx_word' id='word_1_504' title='bbox 723 4963 916 5024; x_wconf 43' lang='lat' dir='ltr'>nobis,</span> <span class='ocrx_word' id='word_1_505' title='bbox 952 4964 1249 5032; x_wconf 81' lang='lat' dir='ltr'>quatenus</span> <span class='ocrx_word' id='word_1_506' title='bbox 1294 4951 1724 5009; x_wconf 88' lang='lat' dir='ltr'>monasterium</span> <span class='ocrx_word' id='word_1_507' title='bbox 1768 4948 1972 5005; x_wconf 88' lang='lat' dir='ltr'>Salva-</span> 
     </span>
    </p>
   </div>
   <div class='ocr_carea' id='block_1_55' title="bbox 313 5042 1975 5120">
    <p class='ocr_par' dir='ltr' id='par_1_55' title="bbox 313 5042 1975 5120">
     <span class='ocr_line' id='line_1_55' title="bbox 313 5042 1975 5120; baseline -0.018 -1"><span class='ocrx_word' id='word_1_508' title='bbox 313 5042 460 5120; x_wconf 73' lang='lat' dir='ltr'>toris</span> <span class='ocrx_word' id='word_1_509' title='bbox 487 5075 524 5116; x_wconf 88' lang='lat' dir='ltr'>a</span> <span class='ocrx_word' id='word_1_510' title='bbox 543 5060 750 5113; x_wconf 90' lang='lat' dir='ltr'>sancto</span> <span class='ocrx_word' id='word_1_511' title='bbox 782 5047 1081 5107; x_wconf 87' lang='lat' dir='ltr'>Bonifacio</span> <span class='ocrx_word' id='word_1_512' title='bbox 1112 5043 1386 5116; x_wconf 89' lang='lat' dir='ltr'>primitus</span> <span class='ocrx_word' id='word_1_513' title='bbox 1413 5043 1824 5096; x_wconf 91' lang='lat' dir='ltr'>constructum</span> <span class='ocrx_word' id='word_1_514' title='bbox 1859 5042 1913 5092; x_wconf 85' lang='lat' dir='ltr'>et</span> <span class='ocrx_word' id='word_1_515' title='bbox 1939 5053 1975 5092; x_wconf 90' lang='lat' dir='ltr'>a</span> 
     </span>
    </p>
   </div>
   <div class='ocr_carea' id='block_1_56' title="bbox 315 5126 1973 5209">
    <p class='ocr_par' dir='ltr' id='par_1_56' title="bbox 315 5126 1973 5209">
     <span class='ocr_line' id='line_1_56' title="bbox 315 5126 1973 5209; baseline -0.019 -1"><span class='ocrx_word' id='word_1_516' title='bbox 315 5159 373 5209; x_wconf 89' lang='lat' dir='ltr'>te</span> <span class='ocrx_word' id='word_1_517' title='bbox 403 5147 630 5205; x_wconf 88' lang='lat' dir='ltr'>noviter</span> <span class='ocrx_word' id='word_1_518' title='bbox 658 5141 1021 5200; x_wconf 89' lang='lat' dir='ltr'>adiﬁcatum</span> <span class='ocrx_word' id='word_1_519' title='bbox 1049 5136 1110 5190; x_wconf 90' lang='lat' dir='ltr'>in</span> <span class='ocrx_word' id='word_1_520' title='bbox 1138 5133 1272 5188; x_wconf 93' lang='lat' dir='ltr'>loco</span> <span class='ocrx_word' id='word_1_521' title='bbox 1314 5129 1563 5185; x_wconf 89' lang='lat' dir='ltr'>Boconis</span> <span class='ocrx_word' id='word_1_522' title='bbox 1595 5143 1737 5195; x_wconf 88' lang='lat' dir='ltr'>erga</span> <span class='ocrx_word' id='word_1_523' title='bbox 1777 5126 1973 5197; x_wconf 89' lang='lat' dir='ltr'>ripam</span> 
     </span>
    </p>
   </div>
   <div class='ocr_carea' id='block_1_57' title="bbox 317 5213 1976 5301">
    <p class='ocr_par' dir='ltr' id='par_1_57' title="bbox 317 5213 1976 5301">
     <span class='ocr_line' id='line_1_57' title="bbox 317 5213 1976 5301; baseline -0.017 -5"><span class='ocrx_word' id='word_1_524' title='bbox 317 5236 583 5296; x_wconf 87' lang='lat' dir='ltr'>ﬂuminis</span> <span class='ocrx_word' id='word_1_525' title='bbox 613 5231 799 5288; x_wconf 90' lang='lat' dir='ltr'>Fulda</span> <span class='ocrx_word' id='word_1_526' title='bbox 837 5224 1124 5301; x_wconf 87' lang='lat' dir='ltr'>privilegii</span> <span class='ocrx_word' id='word_1_527' title='bbox 1174 5219 1332 5276; x_wconf 88' lang='lat' dir='ltr'>sedis</span> <span class='ocrx_word' id='word_1_528' title='bbox 1381 5215 1722 5289; x_wconf 86' lang='lat' dir='ltr'>apostolica</span> <span class='ocrx_word' id='word_1_529' title='bbox 1773 5213 1976 5268; x_wconf 85' lang='lat' dir='ltr'>infulis</span> 
     </span>
    </p>
   </div>
   <div class='ocr_carea' id='block_1_58' title="bbox 317 5307 1976 5388">
    <p class='ocr_par' dir='ltr' id='par_1_58' title="bbox 317 5307 1976 5388">
     <span class='ocr_line' id='line_1_58' title="bbox 317 5307 1976 5388; baseline -0.017 -3"><span class='ocrx_word' id='word_1_530' title='bbox 317 5329 630 5385; x_wconf 88' lang='lat' dir='ltr'>decoretur</span> <span class='ocrx_word' id='word_1_531' title='bbox 655 5327 709 5378; x_wconf 92' lang='lat' dir='ltr'>et</span> <span class='ocrx_word' id='word_1_532' title='bbox 739 5319 852 5376; x_wconf 91' lang='lat' dir='ltr'>sub</span> <span class='ocrx_word' id='word_1_533' title='bbox 874 5312 1286 5388; x_wconf 88' lang='lat' dir='ltr'>jurisdictione</span> <span class='ocrx_word' id='word_1_534' title='bbox 1327 5312 1530 5362; x_wconf 87' lang='lat' dir='ltr'>nostra</span> <span class='ocrx_word' id='word_1_535' title='bbox 1575 5308 1691 5359; x_wconf 92' lang='lat' dir='ltr'>Deo</span> <span class='ocrx_word' id='word_1_536' title='bbox 1737 5307 1976 5357; x_wconf 90' lang='lat' dir='ltr'>auctore</span> 
     </span>
    </p>
   </div>
   <div class='ocr_carea' id='block_1_59' title="bbox 319 5389 1977 5473">
    <p class='ocr_par' dir='ltr' id='par_1_59' title="bbox 319 5389 1977 5473">
     <span class='ocr_line' id='line_1_59' title="bbox 319 5389 1977 5473; baseline -0.017 -1"><span class='ocrx_word' id='word_1_537' title='bbox 319 5417 416 5473; x_wconf 90' lang='lat' dir='ltr'>cui</span> <span class='ocrx_word' id='word_1_538' title='bbox 444 5412 812 5469; x_wconf 89' lang='lat' dir='ltr'>deservimus</span> <span class='ocrx_word' id='word_1_539' title='bbox 845 5402 1115 5460; x_wconf 87' lang='lat' dir='ltr'>Ecclesia</span> <span class='ocrx_word' id='word_1_540' title='bbox 1148 5398 1533 5456; x_wconf 76' lang='lat' dir='ltr'>constitutum</span> <span class='ocrx_word' id='word_1_541' title='bbox 1564 5390 1785 5447; x_wconf 90' lang='lat' dir='ltr'>nullius</span> <span class='ocrx_word' id='word_1_542' title='bbox 1836 5389 1977 5444; x_wconf 89' lang='lat' dir='ltr'>alte-</span> 
     </span>
    </p>
   </div>
   <div class='ocr_carea' id='block_1_60' title="bbox 318 5477 1977 5568">
    <p class='ocr_par' dir='ltr' id='par_1_60' title="bbox 318 5477 1977 5568">
     <span class='ocr_line' id='line_1_60' title="bbox 318 5477 1977 5568; baseline -0.019 -6"><span class='ocrx_word' id='word_1_543' title='bbox 318 5506 444 5562; x_wconf 88' lang='lat' dir='ltr'>rius</span> <span class='ocrx_word' id='word_1_544' title='bbox 473 5500 740 5558; x_wconf 84' lang='lat' dir='ltr'>Ecclesia</span> <span class='ocrx_word' id='word_1_545' title='bbox 768 5490 1254 5568; x_wconf 90' lang='lat' dir='ltr'>juridictionibus</span> <span class='ocrx_word' id='word_1_546' title='bbox 1288 5483 1672 5540; x_wconf 84' lang='lat' dir='ltr'>submittatur</span> <span class='ocrx_word' id='word_1_547' title='bbox 1700 5497 1712 5533; x_wconf 90' lang='lat'><strong>:</strong></span> <span class='ocrx_word' id='word_1_548' title='bbox 1757 5477 1977 5532; x_wconf 91' lang='lat' dir='ltr'>idcirco</span> 
     </span>
    </p>
   </div>
   <div class='ocr_carea' id='block_1_61' title="bbox 319 5567 1979 5669">
    <p class='ocr_par' dir='ltr' id='par_1_61' title="bbox 319 5567 1979 5669">
     <span class='ocr_line' id='line_1_61' title="bbox 319 5567 1979 5669; baseline -0.019 -17"><span class='ocrx_word' id='word_1_549' title='bbox 319 5595 436 5669; x_wconf 91' lang='lat' dir='ltr'>piis</span> <span class='ocrx_word' id='word_1_550' title='bbox 464 5567 779 5649; x_wconf 84' lang='lat' dir='ltr'>desideriis</span> <span class='ocrx_word' id='word_1_551' title='bbox 802 5586 1066 5641; x_wconf 82' lang='lat' dir='ltr'>faventes</span> <span class='ocrx_word' id='word_1_552' title='bbox 1115 5581 1228 5635; x_wconf 87' lang='lat' dir='ltr'>hac</span> <span class='ocrx_word' id='word_1_553' title='bbox 1278 5579 1484 5631; x_wconf 88' lang='lat' dir='ltr'>nostra</span> <span class='ocrx_word' id='word_1_554' title='bbox 1541 5568 1887 5627; x_wconf 86' lang='lat' dir='ltr'>auctoritate</span> <span class='ocrx_word' id='word_1_555' title='bbox 1919 5567 1979 5622; x_wconf 87' lang='lat' dir='ltr'>id</span> 
     </span>
    </p>
   </div>
   <div class='ocr_carea' id='block_1_62' title="bbox 2061 2820 3721 2866">
    <p class='ocr_par' dir='ltr' id='par_1_62' title="bbox 2061 2820 3721 2866">
     <span class='ocr_line' id='line_1_62' title="bbox 2061 2820 3721 2866; baseline -0.004 0"><span class='ocrx_word' id='word_1_556' title='bbox 2061 2826 2326 2866; x_wconf 73' lang='lat' dir='ltr'>EPlSTOLA</span> <span class='ocrx_word' id='word_1_557' title='bbox 2360 2827 2599 2866; x_wconf 73' lang='lat' dir='ltr'>AGAPETI</span> <span class='ocrx_word' id='word_1_558' title='bbox 2629 2827 2786 2866; x_wconf 68' lang='grc' dir='ltr'>ΡΑΡΒ</span> <span class='ocrx_word' id='word_1_559' title='bbox 2825 2825 2861 2864; x_wconf 82' lang='lat' dir='ltr'>Il</span> <span class='ocrx_word' id='word_1_560' title='bbox 2909 2825 2980 2863; x_wconf 77' lang='lat' dir='ltr'>AD</span> <span class='ocrx_word' id='word_1_561' title='bbox 3028 2821 3327 2863; x_wconf 71' lang='lat' dir='ltr'>GERARDUM</span> <span class='ocrx_word' id='word_1_562' title='bbox 3370 2820 3721 2860; x_wconf 68' lang='lat' dir='ltr'>LAUREACEN-</span> 
     </span>
    </p>
   </div>
   <div class='ocr_carea' id='block_1_63' title="bbox 2565 2911 3222 2955">
    <p class='ocr_par' dir='ltr' id='par_1_63' title="bbox 2565 2911 3222 2955">
     <span class='ocr_line' id='line_1_63' title="bbox 2565 2911 3222 2955; baseline -0.009 1"><span class='ocrx_word' id='word_1_563' title='bbox 2565 2917 2667 2955; x_wconf 78' lang='lat' dir='ltr'>SEM</span> <span class='ocrx_word' id='word_1_564' title='bbox 2722 2911 3222 2954; x_wconf 79' lang='lat' dir='ltr'>ARCHIEPISCOPUM.</span> 
     </span>
    </p>
   </div>
   <div class='ocr_carea' id='block_1_64' title="bbox 2702 2987 3078 3057">
    <p class='ocr_par' dir='ltr' id='par_1_64' title="bbox 2702 2987 3078 3057">
     <span class='ocr_line' id='line_1_64' title="bbox 2702 2987 3078 3057; baseline -0.008 -16"><span class='ocrx_word' id='word_1_565' title='bbox 2702 2987 2896 3057; x_wconf 87' lang='lat' dir='ltr'>(Anno</span> <span class='ocrx_word' id='word_1_566' title='bbox 2931 2987 3078 3055; x_wconf 84' lang='grc'>948).</span> 
     </span>
    </p>
   </div>
   <div class='ocr_carea' id='block_1_65' title="bbox 2061 3070 3722 3140">
    <p class='ocr_par' dir='ltr' id='par_1_65' title="bbox 2061 3070 3722 3140">
     <span class='ocr_line' id='line_1_65' title="bbox 2061 3070 3722 3140; baseline -0.003 -6"><span class='ocrx_word' id='word_1_567' title='bbox 2061 3078 2386 3134; x_wconf 86' lang='lat' dir='ltr'>Dissidium</span> <span class='ocrx_word' id='word_1_568' title='bbox 2417 3078 2804 3135; x_wconf 81' lang='lat' dir='ltr'>ecclesiarum</span> <span class='ocrx_word' id='word_1_569' title='bbox 2829 3073 3258 3130; x_wconf 86' lang='lat' dir='ltr'>Laureacensis</span> <span class='ocrx_word' id='word_1_570' title='bbox 3275 3070 3411 3140; x_wconf 87' lang='lat' dir='ltr'>(hoc</span> <span class='ocrx_word' id='word_1_571' title='bbox 3433 3077 3515 3128; x_wconf 87' lang='lat' dir='ltr'>est</span> <span class='ocrx_word' id='word_1_572' title='bbox 3535 3073 3722 3129; x_wconf 89' lang='lat' dir='ltr'>Pata-</span> 
     </span>
    </p>
   </div>
   <div class='ocr_carea' id='block_1_66' title="bbox 2135 3161 3724 3237">
    <p class='ocr_par' dir='ltr' id='par_1_66' title="bbox 2135 3161 3724 3237">
     <span class='ocr_line' id='line_1_66' title="bbox 2135 3161 3724 3237; baseline -0.004 -13"><span class='ocrx_word' id='word_1_573' title='bbox 2135 3166 2367 3237; x_wconf 88' lang='lat' dir='ltr'>viensis)</span> <span class='ocrx_word' id='word_1_574' title='bbox 2421 3172 2478 3223; x_wconf 89' lang='lat' dir='ltr'>et</span> <span class='ocrx_word' id='word_1_575' title='bbox 2520 3164 2997 3234; x_wconf 86' lang='lat' dir='ltr'>Salisburgensis</span> <span class='ocrx_word' id='word_1_576' title='bbox 3049 3162 3364 3231; x_wconf 80' lang='lat' dir='ltr'>componit.</span> <span class='ocrx_word' id='word_1_577' title='bbox 3414 3161 3724 3218; x_wconf 85' lang='lat' dir='ltr'>Salisbur-</span> 
     </span>
    </p>
   </div>
   <div class='ocr_carea' id='block_1_67' title="bbox 2134 3249 3724 3327">
    <p class='ocr_par' dir='ltr' id='par_1_67' title="bbox 2134 3249 3724 3327">
     <span class='ocr_line' id='line_1_67' title="bbox 2134 3249 3724 3327; baseline -0.004 -15"><span class='ocrx_word' id='word_1_578' title='bbox 2134 3257 2304 3327; x_wconf 86' lang='lat' dir='ltr'>gensi</span> <span class='ocrx_word' id='word_1_579' title='bbox 2325 3254 2757 3312; x_wconf 77' lang='lat' dir='ltr'>occidentalem</span> <span class='ocrx_word' id='word_1_580' title='bbox 2781 3251 3161 3308; x_wconf 78' lang='lat' dir='ltr'>Pannoniam</span> <span class='ocrx_word' id='word_1_581' title='bbox 3203 3249 3516 3321; x_wconf 79' lang='lat' dir='ltr'>attribuit;</span> <span class='ocrx_word' id='word_1_582' title='bbox 3563 3251 3724 3307; x_wconf 89' lang='lat' dir='ltr'>Lau-</span> 
     </span>
    </p>
   </div>
   <div class='ocr_carea' id='block_1_68' title="bbox 2135 3340 3727 3415">
    <p class='ocr_par' dir='ltr' id='par_1_68' title="bbox 2135 3340 3727 3415">
     <span class='ocr_line' id='line_1_68' title="bbox 2135 3340 3727 3415; baseline -0.003 -14"><span class='ocrx_word' id='word_1_583' title='bbox 2135 3345 2421 3410; x_wconf 84' lang='lat' dir='ltr'>reacensi,</span> <span class='ocrx_word' id='word_1_584' title='bbox 2437 3349 2646 3415; x_wconf 79' lang='lat' dir='ltr'>utpote</span> <span class='ocrx_word' id='word_1_585' title='bbox 2665 3340 3015 3412; x_wconf 82' lang='lat' dir='ltr'>antiquiori,</span> <span class='ocrx_word' id='word_1_586' title='bbox 3050 3340 3467 3396; x_wconf 76' lang='lat' dir='ltr'>benedictionis</span> <span class='ocrx_word' id='word_1_587' title='bbox 3489 3345 3544 3396; x_wconf 90' lang='lat' dir='ltr'>et</span> <span class='ocrx_word' id='word_1_588' title='bbox 3573 3341 3727 3397; x_wconf 83' lang='lat' dir='ltr'>sedis</span> 
     </span>
    </p>
   </div>
   <div class='ocr_carea' id='block_1_69' title="bbox 2140 3429 3726 3499">
    <p class='ocr_par' dir='ltr' id='par_1_69' title="bbox 2140 3429 3726 3499">
     <span class='ocr_line' id='line_1_69' title="bbox 2140 3429 3726 3499; baseline -0.001 -11"><span class='ocrx_word' id='word_1_589' title='bbox 2140 3431 2818 3496; x_wconf 80' lang='lat' dir='ltr'>honorem,orientalem</span> <span class='ocrx_word' id='word_1_590' title='bbox 2848 3429 3247 3496; x_wconf 89' lang='lat' dir='ltr'>Pannoniam,</span> <span class='ocrx_word' id='word_1_591' title='bbox 3276 3429 3544 3499; x_wconf 83' lang='lat' dir='ltr'>regiones</span> <span class='ocrx_word' id='word_1_592' title='bbox 3570 3432 3726 3486; x_wconf 79' lang='lat' dir='ltr'>Ava-</span> 
     </span>
    </p>
   </div>
   <div class='ocr_carea' id='block_1_70' title="bbox 2136 3519 3728 3588">
    <p class='ocr_par' dir='ltr' id='par_1_70' title="bbox 2136 3519 3728 3588">
     <span class='ocr_line' id='line_1_70' title="bbox 2136 3519 3728 3588; baseline -0.002 -11"><span class='ocrx_word' id='word_1_593' title='bbox 2136 3536 2363 3588; x_wconf 84' lang='lat' dir='ltr'>rorum,</span> <span class='ocrx_word' id='word_1_594' title='bbox 2395 3521 2810 3588; x_wconf 85' lang='lat' dir='ltr'>Moravorum,</span> <span class='ocrx_word' id='word_1_595' title='bbox 2837 3519 3191 3575; x_wconf 85' lang='lat' dir='ltr'>Sclavorum</span> <span class='ocrx_word' id='word_1_596' title='bbox 3217 3533 3238 3572; x_wconf 86' lang='lat'><em>:</em></span> <span class='ocrx_word' id='word_1_597' title='bbox 3277 3522 3628 3587; x_wconf 79' lang='lat' dir='ltr'>potestatem</span> <span class='ocrx_word' id='word_1_598' title='bbox 3661 3519 3728 3574; x_wconf 87' lang='lat' dir='ltr'>li-</span> 
     </span>
    </p>
   </div>
   <div class='ocr_carea' id='block_1_71' title="bbox 2140 3607 3727 3680">
    <p class='ocr_par' dir='ltr' id='par_1_71' title="bbox 2140 3607 3727 3680">
     <span class='ocr_line' id='line_1_71' title="bbox 2140 3607 3727 3680; baseline -0.001 -14"><span class='ocrx_word' id='word_1_599' title='bbox 2140 3612 2274 3668; x_wconf 83' lang='lat' dir='ltr'>bere</span> <span class='ocrx_word' id='word_1_600' title='bbox 2294 3611 2689 3680; x_wconf 76' lang='lat' dir='ltr'>pradicandi</span> <span class='ocrx_word' id='word_1_601' title='bbox 2711 3624 2822 3679; x_wconf 84' lang='lat' dir='ltr'>per</span> <span class='ocrx_word' id='word_1_602' title='bbox 2864 3623 3060 3664; x_wconf 88' lang='lat' dir='ltr'>omnes</span> <span class='ocrx_word' id='word_1_603' title='bbox 3115 3607 3470 3664; x_wconf 83' lang='lat' dir='ltr'>Sclavorum</span> <span class='ocrx_word' id='word_1_604' title='bbox 3511 3612 3727 3680; x_wconf 82' lang='lat' dir='ltr'>terras,</span> 
     </span>
    </p>
   </div>
   <div class='ocr_carea' id='block_1_72' title="bbox 2138 3697 3729 3769">
    <p class='ocr_par' dir='ltr' id='par_1_72' title="bbox 2138 3697 3729 3769">
     <span class='ocr_line' id='line_1_72' title="bbox 2138 3697 3729 3769; baseline -0.002 -13"><span class='ocrx_word' id='word_1_605' title='bbox 2138 3701 2439 3769; x_wconf 81' lang='lat' dir='ltr'>episcopos</span> <span class='ocrx_word' id='word_1_606' title='bbox 2486 3702 2576 3756; x_wconf 84' lang='lat' dir='ltr'>ibi</span> <span class='ocrx_word' id='word_1_607' title='bbox 2619 3698 2963 3763; x_wconf 87' lang='lat' dir='ltr'>ordinandi,</span> <span class='ocrx_word' id='word_1_608' title='bbox 3014 3697 3329 3767; x_wconf 86' lang='lat' dir='ltr'>omniaque</span> <span class='ocrx_word' id='word_1_609' title='bbox 3367 3697 3729 3753; x_wconf 78' lang='lat' dir='ltr'>auctoritate</span> 
     </span>
    </p>
   </div>
   <div class='ocr_carea' id='block_1_73' title="bbox 2139 3785 2924 3857">
    <p class='ocr_par' dir='ltr' id='par_1_73' title="bbox 2139 3785 2924 3857">
     <span class='ocr_line' id='line_1_73' title="bbox 2139 3785 2924 3857; baseline -0.006 -14"><span class='ocrx_word' id='word_1_610' title='bbox 2139 3787 2471 3857; x_wconf 74' lang='lat' dir='ltr'>apostolica</span> <span class='ocrx_word' id='word_1_611' title='bbox 2502 3785 2924 3842; x_wconf 84' lang='lat' dir='ltr'>constituendi.</span> 
     </span>
    </p>
   </div>
   <div class='ocr_carea' id='block_1_74' title="bbox 2355 3873 3447 3946">
    <p class='ocr_par' dir='ltr' id='par_1_74' title="bbox 2355 3873 3447 3946">
     <span class='ocr_line' id='line_1_74' title="bbox 2355 3873 3447 3946; baseline -0.004 -17"><span class='ocrx_word' id='word_1_612' title='bbox 2355 3875 2556 3946; x_wconf 86' lang='lat' dir='ltr'>[Apud</span> <span class='ocrx_word' id='word_1_613' title='bbox 2584 3873 2788 3944; x_wconf 86' lang='lat' dir='ltr'>Mansi,</span> <span class='ocrx_word' id='word_1_614' title='bbox 2818 3874 3044 3931; x_wconf 81' lang='lat' dir='ltr'>Concil.</span> <span class='ocrx_word' id='word_1_615' title='bbox 3077 3874 3265 3940; x_wconf 88' lang='lat' dir='ltr'><strong>XVIII,</strong></span> <span class='ocrx_word' id='word_1_616' title='bbox 3297 3873 3447 3944; x_wconf 73' lang='lat'>405].</span> 
     </span>
    </p>
   </div>
   <div class='ocr_carea' id='block_1_75' title="bbox 2139 3961 3731 4036">
    <p class='ocr_par' dir='ltr' id='par_1_75' title="bbox 2139 3961 3731 4036">
     <span class='ocr_line' id='line_1_75' title="bbox 2139 3961 3731 4036; baseline -0.001 -15"><span class='ocrx_word' id='word_1_617' title='bbox 2139 3968 2438 4021; x_wconf 60' lang='lat' dir='ltr'>Acsrerus</span> <span class='ocrx_word' id='word_1_618' title='bbox 2465 3963 2807 4036; x_wconf 91' lang='lat' dir='ltr'>episcopus,</span> <span class='ocrx_word' id='word_1_619' title='bbox 2851 3979 3058 4018; x_wconf 90' lang='lat' dir='ltr'>servus</span> <span class='ocrx_word' id='word_1_620' title='bbox 3087 3977 3397 4018; x_wconf 89' lang='lat' dir='ltr'>servorum</span> <span class='ocrx_word' id='word_1_621' title='bbox 3424 3961 3544 4030; x_wconf 89' lang='lat' dir='ltr'>Dei,</span> <span class='ocrx_word' id='word_1_622' title='bbox 3566 3962 3731 4019; x_wconf 89' lang='lat' dir='ltr'>fratri</span> 
     </span>
    </p>
   </div>
   <div class='ocr_carea' id='block_1_76' title="bbox 2069 4051 3730 4109">
    <p class='ocr_par' dir='ltr' id='par_1_76' title="bbox 2069 4051 3730 4109">
     <span class='ocr_line' id='line_1_76' title="bbox 2069 4051 3730 4109; baseline -0.001 1"><span class='ocrx_word' id='word_1_623' title='bbox 2069 4051 2458 4109; x_wconf 88' lang='lat' dir='ltr'>dilectissimo</span> <span class='ocrx_word' id='word_1_624' title='bbox 2515 4055 2574 4107; x_wconf 90' lang='lat' dir='ltr'>et</span> <span class='ocrx_word' id='word_1_625' title='bbox 2624 4051 3122 4108; x_wconf 89' lang='lat' dir='ltr'>reverendissimo</span> <span class='ocrx_word' id='word_1_626' title='bbox 3177 4052 3442 4107; x_wconf 52' lang='lat' dir='ltr'>Gsaliano</span> <span class='ocrx_word' id='word_1_627' title='bbox 3509 4055 3730 4108; x_wconf 87' lang='lat' dir='ltr'>sancta</span> 
     </span>
    </p>
   </div>
   <div class='ocr_carea' id='block_1_77' title="bbox 2073 4138 3731 4213">
    <p class='ocr_par' dir='ltr' id='par_1_77' title="bbox 2073 4138 3731 4213">
     <span class='ocr_line' id='line_1_77' title="bbox 2073 4138 3731 4213; baseline -0.001 -15"><span class='ocrx_word' id='word_1_628' title='bbox 2073 4139 2498 4198; x_wconf 88' lang='lat' dir='ltr'>Laureacensis</span> <span class='ocrx_word' id='word_1_629' title='bbox 2558 4138 2831 4196; x_wconf 85' lang='lat' dir='ltr'>Ecclesia</span> <span class='ocrx_word' id='word_1_630' title='bbox 2882 4140 3355 4213; x_wconf 89' lang='lat' dir='ltr'>archiepiscopo,</span> <span class='ocrx_word' id='word_1_631' title='bbox 3401 4141 3464 4196; x_wconf 89' lang='lat' dir='ltr'>in</span> <span class='ocrx_word' id='word_1_632' title='bbox 3503 4141 3731 4198; x_wconf 86' lang='lat' dir='ltr'>Christo</span> 
     </span>
    </p>
   </div>
   <div class='ocr_carea' id='block_1_78' title="bbox 2075 4231 2349 4288">
    <p class='ocr_par' dir='ltr' id='par_1_78' title="bbox 2075 4231 2349 4288">
     <span class='ocr_line' id='line_1_78' title="bbox 2075 4231 2349 4288; baseline -0.007 -2"><span class='ocrx_word' id='word_1_633' title='bbox 2075 4231 2349 4288; x_wconf 90' lang='lat' dir='ltr'>salutem.</span> 
     </span>
    </p>
   </div>
   <div class='ocr_carea' id='block_1_79' title="bbox 2147 4311 3732 4392">
    <p class='ocr_par' dir='ltr' id='par_1_79' title="bbox 2147 4311 3732 4392">
     <span class='ocr_line' id='line_1_79' title="bbox 2147 4311 3732 4392; baseline -0.001 -17"><span class='ocrx_word' id='word_1_634' title='bbox 2147 4318 2456 4375; x_wconf 86' lang='lat' dir='ltr'>Petitiones</span> <span class='ocrx_word' id='word_1_635' title='bbox 2486 4321 2620 4374; x_wconf 89' lang='lat' dir='ltr'>tuas</span> <span class='ocrx_word' id='word_1_636' title='bbox 2649 4334 2759 4391; x_wconf 91' lang='lat' dir='ltr'>pro</span> <span class='ocrx_word' id='word_1_637' title='bbox 2787 4318 3150 4374; x_wconf 90' lang='lat' dir='ltr'>renovandis</span> <span class='ocrx_word' id='word_1_638' title='bbox 3178 4311 3300 4375; x_wconf 90' lang='lat' dir='ltr'>sive</span> <span class='ocrx_word' id='word_1_639' title='bbox 3322 4318 3732 4392; x_wconf 88' lang='lat' dir='ltr'>approbandis</span> 
     </span>
    </p>
   </div>
   <div class='ocr_carea' id='block_1_80' title="bbox 2075 4407 3734 4480">
    <p class='ocr_par' dir='ltr' id='par_1_80' title="bbox 2075 4407 3734 4480">
     <span class='ocr_line' id='line_1_80' title="bbox 2075 4407 3734 4480; baseline 0 -16"><span class='ocrx_word' id='word_1_640' title='bbox 2075 4407 2352 4464; x_wconf 88' lang='lat' dir='ltr'>Ecclesia</span> <span class='ocrx_word' id='word_1_641' title='bbox 2406 4411 2522 4462; x_wconf 88' lang='lat' dir='ltr'>tua</span> <span class='ocrx_word' id='word_1_642' title='bbox 2577 4407 2899 4480; x_wconf 89' lang='lat' dir='ltr'>privilegiis</span> <span class='ocrx_word' id='word_1_643' title='bbox 2938 4452 2951 4475; x_wconf 93' lang='lat'>,</span> <span class='ocrx_word' id='word_1_644' title='bbox 3018 4407 3374 4464; x_wconf 88' lang='lat' dir='ltr'>venerabilis</span> <span class='ocrx_word' id='word_1_645' title='bbox 3429 4408 3734 4464; x_wconf 89' lang='lat' dir='ltr'>Fuldensis</span> 
     </span>
    </p>
   </div>
   <div class='ocr_carea' id='block_1_81' title="bbox 2075 4497 3734 4565">
    <p class='ocr_par' dir='ltr' id='par_1_81' title="bbox 2075 4497 3734 4565">
     <span class='ocr_line' id='line_1_81' title="bbox 2075 4497 3734 4565; baseline -0.002 -10"><span class='ocrx_word' id='word_1_646' title='bbox 2075 4497 2427 4555; x_wconf 91' lang='lat' dir='ltr'>monasterii</span> <span class='ocrx_word' id='word_1_647' title='bbox 2453 4497 2645 4553; x_wconf 88' lang='lat' dir='ltr'>abbas</span> <span class='ocrx_word' id='word_1_648' title='bbox 2679 4498 3068 4565; x_wconf 86' lang='lat' dir='ltr'>Hademarus,</span> <span class='ocrx_word' id='word_1_649' title='bbox 3096 4498 3214 4553; x_wconf 90' lang='lat' dir='ltr'>huc</span> <span class='ocrx_word' id='word_1_650' title='bbox 3245 4515 3430 4554; x_wconf 90' lang='lat' dir='ltr'>causa</span> <span class='ocrx_word' id='word_1_651' title='bbox 3451 4498 3734 4554; x_wconf 90' lang='lat' dir='ltr'>orationis</span> 
     </span>
    </p>
   </div>
   <div class='ocr_carea' id='block_1_82' title="bbox 2077 4586 3735 4659">
    <p class='ocr_par' dir='ltr' id='par_1_82' title="bbox 2077 4586 3735 4659">
     <span class='ocr_line' id='line_1_82' title="bbox 2077 4586 3735 4659; baseline -0.001 -16"><span class='ocrx_word' id='word_1_652' title='bbox 2077 4587 2344 4657; x_wconf 87' lang='lat' dir='ltr'>veniens,</span> <span class='ocrx_word' id='word_1_653' title='bbox 2400 4602 2540 4642; x_wconf 92' lang='lat' dir='ltr'>cum</span> <span class='ocrx_word' id='word_1_654' title='bbox 2589 4602 2814 4655; x_wconf 87' lang='lat' dir='ltr'>magna</span> <span class='ocrx_word' id='word_1_655' title='bbox 2861 4586 3278 4642; x_wconf 90' lang='lat' dir='ltr'>benevolentia</span> <span class='ocrx_word' id='word_1_656' title='bbox 3308 4592 3528 4642; x_wconf 88' lang='lat' dir='ltr'>nostra</span> <span class='ocrx_word' id='word_1_657' title='bbox 3561 4601 3735 4659; x_wconf 78' lang='lat' dir='ltr'>expe-</span> 
     </span>
    </p>
   </div>
   <div class='ocr_carea' id='block_1_83' title="bbox 2078 4674 3736 4748">
    <p class='ocr_par' dir='ltr' id='par_1_83' title="bbox 2078 4674 3736 4748">
     <span class='ocr_line' id='line_1_83' title="bbox 2078 4674 3736 4748; baseline -0.002 -16"><span class='ocrx_word' id='word_1_658' title='bbox 2078 4676 2302 4732; x_wconf 81' lang='lat' dir='ltr'>rientiae</span> <span class='ocrx_word' id='word_1_659' title='bbox 2332 4675 2646 4744; x_wconf 89' lang='lat' dir='ltr'>suggessit,</span> <span class='ocrx_word' id='word_1_660' title='bbox 2673 4675 3012 4747; x_wconf 88' lang='lat' dir='ltr'>pariterque</span> <span class='ocrx_word' id='word_1_661' title='bbox 3038 4675 3240 4746; x_wconf 90' lang='lat' dir='ltr'>jurgia</span> <span class='ocrx_word' id='word_1_662' title='bbox 3268 4678 3324 4730; x_wconf 92' lang='lat' dir='ltr'>et</span> <span class='ocrx_word' id='word_1_663' title='bbox 3361 4674 3736 4748; x_wconf 89' lang='lat' dir='ltr'>disceptatio-</span> 
     </span>
    </p>
   </div>
   <div class='ocr_carea' id='block_1_84' title="bbox 2078 4763 3740 4837">
    <p class='ocr_par' dir='ltr' id='par_1_84' title="bbox 2078 4763 3740 4837">
     <span class='ocr_line' id='line_1_84' title="bbox 2078 4763 3740 4837; baseline 0 -17"><span class='ocrx_word' id='word_1_664' title='bbox 2078 4782 2187 4820; x_wconf 90' lang='lat' dir='ltr'>nes</span> <span class='ocrx_word' id='word_1_665' title='bbox 2214 4763 2600 4834; x_wconf 89' lang='lat' dir='ltr'>gravissimas</span> <span class='ocrx_word' id='word_1_666' title='bbox 2628 4764 2779 4818; x_wconf 90' lang='lat' dir='ltr'>inter</span> <span class='ocrx_word' id='word_1_667' title='bbox 2808 4766 2861 4817; x_wconf 91' lang='lat' dir='ltr'>te</span> <span class='ocrx_word' id='word_1_668' title='bbox 2888 4767 2944 4818; x_wconf 90' lang='lat' dir='ltr'>et</span> <span class='ocrx_word' id='word_1_669' title='bbox 2974 4763 3298 4818; x_wconf 86' lang='lat' dir='ltr'>Heroldum</span> <span class='ocrx_word' id='word_1_670' title='bbox 3343 4764 3740 4837; x_wconf 89' lang='lat' dir='ltr'>archiepisco-</span> 
     </span>
    </p>
   </div>
   <div class='ocr_carea' id='block_1_85' title="bbox 2080 4850 3742 4925">
    <p class='ocr_par' dir='ltr' id='par_1_85' title="bbox 2080 4850 3742 4925">
     <span class='ocr_line' id='line_1_85' title="bbox 2080 4850 3742 4925; baseline -0.001 -17"><span class='ocrx_word' id='word_1_671' title='bbox 2080 4870 2252 4925; x_wconf 90' lang='lat' dir='ltr'>pum,</span> <span class='ocrx_word' id='word_1_672' title='bbox 2279 4869 2388 4924; x_wconf 89' lang='lat' dir='ltr'>pro</span> <span class='ocrx_word' id='word_1_673' title='bbox 2410 4852 2686 4923; x_wconf 89' lang='lat' dir='ltr'>utrinque</span> <span class='ocrx_word' id='word_1_674' title='bbox 2713 4855 2991 4921; x_wconf 89' lang='lat' dir='ltr'>suscepta</span> <span class='ocrx_word' id='word_1_675' title='bbox 3023 4851 3084 4906; x_wconf 92' lang='lat' dir='ltr'>in</span> <span class='ocrx_word' id='word_1_676' title='bbox 3107 4867 3227 4908; x_wconf 90' lang='lat' dir='ltr'>una</span> <span class='ocrx_word' id='word_1_677' title='bbox 3251 4851 3557 4923; x_wconf 90' lang='lat' dir='ltr'>provincia</span> <span class='ocrx_word' id='word_1_678' title='bbox 3577 4850 3742 4925; x_wconf 84' lang='lat' dir='ltr'>pallii</span> 
     </span>
    </p>
   </div>
   <div class='ocr_carea' id='block_1_86' title="bbox 2082 4939 3744 5015">
    <p class='ocr_par' dir='ltr' id='par_1_86' title="bbox 2082 4939 3744 5015">
     <span class='ocr_line' id='line_1_86' title="bbox 2082 4939 3744 5015; baseline -0.001 -17"><span class='ocrx_word' id='word_1_679' title='bbox 2082 4941 2428 4998; x_wconf 87' lang='lat' dir='ltr'>auctoritate</span> <span class='ocrx_word' id='word_1_680' title='bbox 2486 4945 2742 5010; x_wconf 80' lang='lat' dir='ltr'>exortas,</span> <span class='ocrx_word' id='word_1_681' title='bbox 2794 4939 3063 4995; x_wconf 89' lang='lat' dir='ltr'>ﬂebiliter</span> <span class='ocrx_word' id='word_1_682' title='bbox 3110 4941 3446 4997; x_wconf 86' lang='lat' dir='ltr'>nuntiavit:</span> <span class='ocrx_word' id='word_1_683' title='bbox 3481 4942 3649 5015; x_wconf 91' lang='lat' dir='ltr'>quod</span> <span class='ocrx_word' id='word_1_684' title='bbox 3687 4944 3744 4997; x_wconf 90' lang='lat' dir='ltr'>et</span> 
     </span>
    </p>
   </div>
   <div class='ocr_carea' id='block_1_87' title="bbox 2083 5028 3741 5103">
    <p class='ocr_par' dir='ltr' id='par_1_87' title="bbox 2083 5028 3741 5103">
     <span class='ocr_line' id='line_1_87' title="bbox 2083 5028 3741 5103; baseline -0.001 -17"><span class='ocrx_word' id='word_1_685' title='bbox 2083 5031 2196 5103; x_wconf 91' lang='lat' dir='ltr'>ipsi</span> <span class='ocrx_word' id='word_1_686' title='bbox 2228 5047 2299 5085; x_wconf 86' lang='lat' dir='ltr'>ex</span> <span class='ocrx_word' id='word_1_687' title='bbox 2324 5029 2522 5085; x_wconf 87' lang='lat' dir='ltr'>debita</span> <span class='ocrx_word' id='word_1_688' title='bbox 2551 5028 2838 5101; x_wconf 88' lang='lat' dir='ltr'>pastorali</span> <span class='ocrx_word' id='word_1_689' title='bbox 2869 5045 3013 5085; x_wconf 89' lang='lat' dir='ltr'>cura</span> <span class='ocrx_word' id='word_1_690' title='bbox 3043 5029 3230 5085; x_wconf 90' lang='lat' dir='ltr'>nimio</span> <span class='ocrx_word' id='word_1_691' title='bbox 3261 5030 3456 5086; x_wconf 89' lang='lat' dir='ltr'>cordis</span> <span class='ocrx_word' id='word_1_692' title='bbox 3487 5045 3741 5086; x_wconf 83' lang='lat' dir='ltr'>maerore</span> 
     </span>
    </p>
   </div>
   <div class='ocr_carea' id='block_1_88' title="bbox 2083 5117 3740 5191">
    <p class='ocr_par' dir='ltr' id='par_1_88' title="bbox 2083 5117 3740 5191">
     <span class='ocr_line' id='line_1_88' title="bbox 2083 5117 3740 5191; baseline -0.002 -16"><span class='ocrx_word' id='word_1_693' title='bbox 2083 5120 2379 5189; x_wconf 89' lang='lat' dir='ltr'>dolemus,</span> <span class='ocrx_word' id='word_1_694' title='bbox 2437 5117 2982 5190; x_wconf 90' lang='lat' dir='ltr'>detestabilitcrque</span> <span class='ocrx_word' id='word_1_695' title='bbox 3033 5120 3446 5191; x_wconf 89' lang='lat' dir='ltr'>profanamus.</span> <span class='ocrx_word' id='word_1_696' title='bbox 3509 5118 3740 5188; x_wconf 87' lang='lat' dir='ltr'>Quippe</span> 
     </span>
    </p>
   </div>
   <div class='ocr_carea' id='block_1_89' title="bbox 2087 5207 3740 5277">
    <p class='ocr_par' dir='ltr' id='par_1_89' title="bbox 2087 5207 3740 5277">
     <span class='ocr_line' id='line_1_89' title="bbox 2087 5207 3740 5277; baseline -0.002 -13"><span class='ocrx_word' id='word_1_697' title='bbox 2087 5214 2294 5265; x_wconf 91' lang='lat' dir='ltr'>sancta</span> <span class='ocrx_word' id='word_1_698' title='bbox 2342 5213 2398 5263; x_wconf 90' lang='lat' dir='ltr'>et</span> <span class='ocrx_word' id='word_1_699' title='bbox 2450 5207 2805 5263; x_wconf 88' lang='lat' dir='ltr'>universalis</span> <span class='ocrx_word' id='word_1_700' title='bbox 2867 5208 3148 5277; x_wconf 88' lang='lat' dir='ltr'>Ecclesia,</span> <span class='ocrx_word' id='word_1_701' title='bbox 3193 5208 3286 5262; x_wconf 92' lang='lat' dir='ltr'>cui</span> <span class='ocrx_word' id='word_1_702' title='bbox 3341 5212 3581 5261; x_wconf 91' lang='lat' dir='ltr'>auctore</span> <span class='ocrx_word' id='word_1_703' title='bbox 3620 5207 3740 5261; x_wconf 91' lang='lat' dir='ltr'>Deo</span> 
     </span>
    </p>
   </div>
   <div class='ocr_carea' id='block_1_90' title="bbox 2086 5294 3743 5371">
    <p class='ocr_par' dir='ltr' id='par_1_90' title="bbox 2086 5294 3743 5371">
     <span class='ocr_line' id='line_1_90' title="bbox 2086 5294 3743 5371; baseline -0.003 -16"><span class='ocrx_word' id='word_1_704' title='bbox 2086 5297 2500 5371; x_wconf 85' lang='lat' dir='ltr'>prasidemus,</span> <span class='ocrx_word' id='word_1_705' title='bbox 2515 5314 2549 5353; x_wconf 90' lang='lat' dir='ltr'>a</span> <span class='ocrx_word' id='word_1_706' title='bbox 2572 5297 2862 5367; x_wconf 89' lang='lat' dir='ltr'>religiosis</span> <span class='ocrx_word' id='word_1_707' title='bbox 2884 5302 3063 5368; x_wconf 89' lang='lat' dir='ltr'>atque</span> <span class='ocrx_word' id='word_1_708' title='bbox 3085 5296 3309 5368; x_wconf 90' lang='lat' dir='ltr'>pacatis</span> <span class='ocrx_word' id='word_1_709' title='bbox 3331 5294 3743 5350; x_wconf 66' lang='lat' dir='ltr'>sacerdotibus</span> 
     </span>
    </p>
   </div>
   <div class='ocr_carea' id='block_1_91' title="bbox 2089 5382 3746 5455">
    <p class='ocr_par' dir='ltr' id='par_1_91' title="bbox 2089 5382 3746 5455">
     <span class='ocr_line' id='line_1_91' title="bbox 2089 5382 3746 5455; baseline -0.002 -13"><span class='ocrx_word' id='word_1_710' title='bbox 2089 5388 2231 5453; x_wconf 89' lang='lat' dir='ltr'>suis,</span> <span class='ocrx_word' id='word_1_711' title='bbox 2264 5392 2319 5442; x_wconf 88' lang='lat' dir='ltr'>et</span> <span class='ocrx_word' id='word_1_712' title='bbox 2346 5387 2408 5441; x_wconf 92' lang='lat' dir='ltr'>in</span> <span class='ocrx_word' id='word_1_713' title='bbox 2438 5387 2723 5443; x_wconf 86' lang='lat' dir='ltr'>charitate</span> <span class='ocrx_word' id='word_1_714' title='bbox 2754 5401 2870 5441; x_wconf 88' lang='lat' dir='ltr'>non</span> <span class='ocrx_word' id='word_1_715' title='bbox 2899 5383 3039 5440; x_wconf 87' lang='lat' dir='ltr'>ﬁcta</span> <span class='ocrx_word' id='word_1_716' title='bbox 3070 5382 3354 5450; x_wconf 88' lang='lat' dir='ltr'>solidatis,</span> <span class='ocrx_word' id='word_1_717' title='bbox 3409 5383 3583 5455; x_wconf 89' lang='lat' dir='ltr'>quasi</span> <span class='ocrx_word' id='word_1_718' title='bbox 3614 5383 3746 5440; x_wconf 89' lang='lat' dir='ltr'>toti-</span> 
     </span>
    </p>
   </div>
   <div class='ocr_carea' id='block_1_92' title="bbox 2089 5471 3745 5539">
    <p class='ocr_par' dir='ltr' id='par_1_92' title="bbox 2089 5471 3745 5539">
     <span class='ocr_line' id='line_1_92' title="bbox 2089 5471 3745 5539; baseline -0.003 -8"><span class='ocrx_word' id='word_1_719' title='bbox 2089 5477 2226 5531; x_wconf 91' lang='lat' dir='ltr'>dem</span> <span class='ocrx_word' id='word_1_720' title='bbox 2258 5475 2551 5531; x_wconf 89' lang='lat' dir='ltr'>columnis</span> <span class='ocrx_word' id='word_1_721' title='bbox 2577 5475 2772 5530; x_wconf 86' lang='lat' dir='ltr'>innisa</span> <span class='ocrx_word' id='word_1_722' title='bbox 2803 5473 3076 5539; x_wconf 89' lang='lat' dir='ltr'>fulcitur;</span> <span class='ocrx_word' id='word_1_723' title='bbox 3125 5471 3610 5528; x_wconf 88' lang='lat' dir='ltr'>discordantibus</span> <span class='ocrx_word' id='word_1_724' title='bbox 3643 5489 3745 5528; x_wconf 88' lang='lat' dir='ltr'>au-</span> 
     </span>
    </p>
   </div>
   <div class='ocr_carea' id='block_1_93' title="bbox 2093 5561 3747 5633">
    <p class='ocr_par' dir='ltr' id='par_1_93' title="bbox 2093 5561 3747 5633">
     <span class='ocr_line' id='line_1_93' title="bbox 2093 5561 3747 5633; baseline -0.004 -11"><span class='ocrx_word' id='word_1_725' title='bbox 2093 5571 2211 5622; x_wconf 89' lang='lat' dir='ltr'>tem</span> <span class='ocrx_word' id='word_1_726' title='bbox 2236 5570 2293 5623; x_wconf 93' lang='lat' dir='ltr'>et</span> <span class='ocrx_word' id='word_1_727' title='bbox 2337 5566 2661 5622; x_wconf 87' lang='lat' dir='ltr'>adversum</span> <span class='ocrx_word' id='word_1_728' title='bbox 2707 5581 2768 5619; x_wconf 90' lang='lat' dir='ltr'>se</span> <span class='ocrx_word' id='word_1_729' title='bbox 2823 5561 3110 5620; x_wconf 87' lang='lat' dir='ltr'>hostiliter</span> <span class='ocrx_word' id='word_1_730' title='bbox 3166 5562 3412 5621; x_wconf 85' lang='lat' dir='ltr'>inﬂante</span> <span class='ocrx_word' id='word_1_731' title='bbox 3466 5561 3747 5633; x_wconf 87' lang='lat' dir='ltr'>superbia</span> 
     </span>
    </p>
   </div>
  </div>
