4114 6146
1844 119 2141 179 ΑΕΔΔΡΕΕῚ
2171 119 2392 181 9*Ρῶ
2418 123 2496 183 Ἠ.
2574 126 2577 133 λ

3803 121 3914 187 900

477 251 751 309 animum
783 216 2130 317 tollentibus,praeertimtantiapoutiﬁcibus,
2169 247 2218 304 Α
2246 244 2395 301 Petri
2423 244 2833 313 apostolorum
2850 243 3139 316 principis
3171 241 3565 311 absolvimus,
3590 246 3656 297 et
3680 241 3913 299 archie.‘

475 338 639 396 velut
652 336 880 401 .evulsis
913 333 1333 390 sustentaculis
1354 349 1588 396 casura,
1602 348 1734 390 non
1758 333 1883 388 sine
1900 348 2134 401 magno

476 426 741 500 periculo
768 429 827 482 et
853 423 1076 494 vigoris
1104 423 1197 479 sui
1217 423 1573 480 detrimento
1604 439 1640 479 a
1678 421 1928 496 proprio
1978 426 2135 479 statu

476 514 830 572 concutitur.
866 516 1119 585 Insuper
1144 513 1327 570 etiam
1358 512 1507 568 dum
1556 512 1777 569 deforis
1820 510 1970 566 inter
2027 527 2134 566 vos

475 620 585 676 pro
608 603 779 676 pallii
804 604 1035 659 honore
1052 601 1441 673 pertinaciter
1456 600 1814 671 hujusmodi
1834 599 2133 657 contentio

474 698 825 751 exsecetur:
850 692 1058 761 agitur
1084 691 1237 747 utin
1257 691 1521 747 fraterna
1544 689 1927 747 aemulatione
1952 689 2134 745 decor

473 781 792 838 sacerdotii
812 781 976 837 intus
1006 772 1348 835 evacuatur.

540 869 689 925 inde
716 884 879 938 ergo,
910 868 1117 935 frater,
1166 865 1433 923 ofﬁcium
1480 871 1763 924 nostrum
1818 865 1967 922 illud
2003 881 2132 925 esse

474 958 932 1031 perpendentes,
960 973 1036 1012 ne
1062 955 1985 1013 inimicitiarumfomiteinvobis
2004 971 2133 1010 suc-

474 1053 773 1104 crescente
816 1045 1136 1102 dissidium
1157 1051 1396 1102 sancta
1442 1046 1543 1101 Dei
1599 1044 1893 1117 Ecclesia,
1951 1048 2131 1116 atque

474 1137 832 1194 scandalum
858 1137 984 1191 sine
1005 1135 1236 1192 consilii
1267 1140 1323 1191 et
1339 1135 1606 1193 utilitatis
1622 1139 1835 1191 vestra
1854 1137 2133 1206 respectu

474 1225 693 1280 diutius
704 1224 1003 1280 nutriatur
1035 1241 1048 1278 :
1076 1223 1156 1280 ad
1174 1222 1853 1295 sequestrandumlitem
1870 1225 2130 1278 vestram

473 1312 816 1369 accedimus
842 1328 955 1368 nos
986 1312 1257 1383 arbitres,
1275 1316 1408 1368 rtam
1428 1327 1510 1368 ex
1539 1311 1933 1368 sollicitudine
1964 1327 2001 1366 a
2028 1309 2133 1366 do-

474 1403 640 1458 mino
668 1401 975 1472 regiminis
994 1401 1084 1472 .inj
1097 1401 1276 1468 uncti,
1304 1417 1495 1474 quam
1551 1400 1874 1457 amborum
1902 1404 2129 1456 vestro—

468 1508 605 1548 rum
624 1508 840 1548 amore
856 1491 944 1547 ad
972 1492 1087 1547 hoc
1114 1491 1369 1563 permoti
1396 1509 1417 1559 -;
1440 1490 1522 1546 ita
1539 1490 1818 1545 videlicet
1847 1494 1912 1545 ut
1936 1494 1993 1545 et
2052 1490 2128 1545 de

2244 333 2658 407 piscopamus,
2686 340 2744 391 et
2769 333 2833 389 in
2862 333 3102 390 culmen
3126 332 3658 405 metropolitanum
3722 331 3913 388 subli-

2238 439 2499 493 mamus,
2532 429 2588 481 et
2618 423 2929 496 privilegia
2957 422 3134 483 nobis
3156 421 3509 481 transmissa
3532 436 3739 477 manu
3769 436 3911 493 pro-

2240 513 2372 585 pria
2400 514 2712 569 munimus
2741 517 2799 568 et
2826 511 3311 580 corroboramus,
3340 526 3411 568 ac
3456 515 3590 567 rata
3637 525 3779 573 esse
3816 510 3915 569 tir-

2240 615 2505 668 mamus,
2546 599 2868 672 denuoque
2900 598 2999 655 tibi
3023 597 3274 671 pallium
3295 614 3433 655 cum
3462 596 3915 669 praesentipre-

2241 693 2412 761 cepto
2441 688 2774 745 secundum
2807 704 2989 744 usum
3013 687 3179 761 prius
3237 702 3615 753 concessum,
3670 702 3913 744 succes-

2241 777 2597 850 soribusque
2623 777 2739 833 tuis
2766 777 3061 849 perpetim
3091 775 3418 833 tenendum
3457 774 3784 843 tradimus.
3840 774 3914 831 ll-

2237 867 2430 939 lisque
2460 884 2532 923 ex
2563 866 2791 923 amussi
2819 866 2900 923 ita
2932 866 3005 923 ad
3025 865 3320 937 justitiam
3347 864 3751 933 reintegratis,
3804 863 3912 920 de-

2239 952 2532 1013 crevimus
2561 954 2721 1011 rixas
2744 959 2993 1021 vestras,
3021 957 3078 1010 et
3095 953 3504 1010 dissensiones
3527 951 3784 1025 prafata
3838 968 3910 1008 ex

2239 1058 2423 1100 causa
2449 1042 2750 1100 derivatas
2774 1043 3072 1111 dirimere,
3108 1049 3287 1116 atque
3316 1044 3380 1101 in
3394 1042 3727 1111 fraternum
3740 1058 3909 1099 amo-

2236 1145 2365 1186 rem
2390 1147 2492 1187 vos
2516 1131 2922 1199 reconciliare,
2948 1131 3101 1188 sicut
3122 1131 3357 1202 utrique
3402 1134 3667 1189 vestrum
3720 1129 3906 1186 modo

2240 1224 2553 1293 susceptus
2586 1224 2848 1276 servetur
2872 1220 3036 1292 pallii
3058 1220 3254 1277 honor
3296 1218 3539 1289 illasus,
3590 1219 3907 1275 hortantes

2235 1314 2536 1381 quatenus
2563 1310 2886 1382 apostolice
2903 1310 3172 1376 instituti,
3206 1308 3429 1371 amodo
3474 1324 3596 1371 non
3639 1309 3706 1369 in
3767 1324 3905 1365 con-

2236 1398 2499 1461 tentione
2528 1399 2991 1459 etamulatione
3015 1398 3338 1457 maneatis.
3374 1400 3615 1463 Constat
3646 1397 3902 1469 quidem

2235 1487 2403 1559 quod
2446 1488 2734 1551 canonice
2791 1487 3043 1558 singulis
3094 1486 3417 1560 provinciis
3470 1485 3695 1556 singuli
3744 1485 3902 1556 ordi-

468 1581 780 1653 preelibata
798 1580 1122 1636 conﬂictus
1152 1579 1331 1635 vestri
1352 1578 2127 1651 querimoniarationabili-
2161 1597 2207 1658 Β
2236 1582 2457 1643 nentur
2507 1577 2970 1650 metropolitani.
3026 1577 3276 1641 Rroinde
3322 1575 3678 1641 distribuere
3720 1580 3904 1648 atque

469 1669 584 1725 bus
609 1668 849 1740 judiciis
872 1669 980 1724 rite
1000 1668 1246 1739 justitia
1279 1667 1742 1731 satisfaciamus,
1775 1672 1833 1725 et
1856 1682 1965 1722 vos
1995 1683 2127 1725 om-

469 1756 533 1811 ni
559 1754 1317 1828 explosacontroversiain
1354 1754 1689 1812 fraternam
1737 1753 2126 1823 concordiam

471 1844 701 1901 Christo
730 1842 1084 1909 moderante
1106 1858 1483 1901 revocamus.

541 1936 757 1992 Notum
780 1932 1092 2002 estigitur,
1114 1931 1448 2004 litterisque
1478 1947 1792 2004 penesnos
1816 1947 2124 1991 commen-

468 2022 699 2089 datum,
727 2021 950 2094 quibus
976 2021 1365 2078 ecclesiarum
1384 2021 1540 2077 vloeis
1570 2021 1831 2091 dignitas
1854 2021 2012 2093 pallii
2042 2021 2125 2079 ab

466 2110 583 2167 hac
604 2109 944 2183 apostolica
970 2110 1115 2167 sede
1147 2109 1457 2169 debeatur.
1504 2110 1964 2169 Lauriaeensem
2012 2126 2124 2169 au-

466 2204 587 2256 tem
616 2199 828 2256 urbem
852 2200 1186 2272 antiquitus
1206 2198 1731 2271 metropolitanum
1760 2198 1907 2269 fore,
1938 2204 2010 2256 .et
2025 2215 2125 2259 ar-

465 2287 827 2360 chiepiscopi
854 2287 1207 2357 sedem,.cui
1233 2287 1519 2347 sanctitas
1576 2292 1680 2344 tua
1713 2302 1985 2359 .praesse
2026 2287 2123 2346 di-

466 2374 792 2446 gnoscitur,
822 2375 976 2432 sicut
1002 2376 1065 2431 in
1102 2374 1421 2448 privilegiis
1464 2374 1822 2436 authenticis
1868 2374 1959 2434 ad
2002 2389 2123 2430 nos

466 2481 657 2537 usque
688 2468 799 2521 ate
823 2464 1060 2521 directis
1108 2464 1390 2534 legimus,
1428 2463 1521 2523 ita
1560 2479 1812 2535 quoque
1865 2462 2123 2523 inventis

465 2554 833 2625 quibusdam
864 2553 1307 2625 exemplaribus
1332 2553 1554 2609 charta
1574 2556 1864 2611 vetustate
1906 2552 2121 2611 admo-

464 2641 613 2696 dum
654 2641 861 2696 attritis
905 2641 967 2697 in
998 2641 1260 2698 archivio
1325 2641 1514 2699 sancti
1558 2640 1717 2697 Petri
1760 2640 2119 2714 reperimus.

468 2732 629 2785 Hanc
652 2730 833 2785 etiam
848 2730 909 2785 in
933 2729 1177 2785 exordio
1203 2731 1503 2787 nascentis
1516 2729 1807 2798 Ecclesia,
1831 2736 1887 2786 et
1902 2730 2119 2787 imma-

460 2818 1205 2876 nissimaﬂhristianorum
1234 2819 1666 2893 persecutione,
1690 2835 1731 2875 a
1775 2819 2122 2879 doctoribus

2234 1664 2632 1729 determinare
2678 1667 2759 1732 ita
2808 1666 2980 1729 vobis
3037 1665 3378 1739 parochias,
3430 1665 3664 1723 bonum
3709 1669 3771 1721 et
3788 1680 3903 1737 pa-

2234 1752 2475 1815 ciﬁcum
2529 1754 2905 1824 aestimamus
2963 1771 2977 1816 :
3010 1760 3091 1823 ut
3127 1754 3335 1821 divisis
3362 1753 3637 1823 duabus.
3672 1753 3903 1811 Norica

2232 1844 2494 1914 regionis
2549 1844 2889 1916 provinciis,
2943 1844 3197 1907 Heroldo
3238 1843 3695 1916 archbpiscopo
3741 1843 3900 1901 occi-

2234 1932 2489 1995 dentalis
2522 1934 2844 2000 Pannonia
2870 1950 3017 2001 cura
3040 1934 3525 2002 committaturet
3578 1933 3897 1989 custodia:

2235 2020 2340 2078 tibi
2378 2026 2579 2080 autem
2632 2021 3200 2095 successoribusque
3228 2021 3365 2091 tuis,
3392 2024 3637 2094 propter
3686 2022 3899 2091 emeri-

2231 2112 2357 2170 tam
2379 2109 3038 2182 antiquitatemsancta;
3060 2110 3475 2179 Lauriaccnsis
3492 2108 3788 2179 ecclesiae,
3802 2109 3899 2165 cui

2226 2199 2361 2272 jure
2384 2201 2697 2272 juniorum
2715 2201 3044 2259 reverentia
3064 2200 3344 2272 assurgit,
3378 2200 3437 2263 in
3452 2199 3897 2263 benedictionis

2229 2292 2287 2345 et
2316 2287 2477 2349 sedis
2505 2290 2715 2349 ordine
2743 2289 3005 2362 praelatis
3056 2293 3239 2362 atque
3290 2288 3650 2361 praposiﬁs,
3698 2288 3899 2361 provio

2229 2377 2499 2437 dentiam
2522 2379 2828 2441 orientalis
2859 2379 3203 2447 Pannonia,
3258 2378 3693 2451 regionemque
3740 2385 3898 2437 Ava-

2228 2483 2435 2525 rorum
2466 2471 2647 2541 atque
2677 2466 3056 2529 Maraborum
3079 2469 3230 2540 (248)
3271 2468 3378 2533 sed
3409 2473 3467 2525 et
3516 2467 3896 2538 Sclavorum,

2228 2554 2335 2628 qui
2385 2556 2570 2615 modo
2628 2557 2961 2622 Christiani,
3016 2556 3104 2613 vel
3179 2556 3378 2617 adhuc
3425 2572 3532 2629 per
3586 2556 3901 2630 baptisma

2230 2644 2460 2703 Christo
2474 2645 2761 2707 lucrandi
2786 2651 2947 2713 sunt,
2978 2645 3451 2719 circumquaque
3489 2646 3896 2718 manentium,

2231 2734 2553 2806 credimus,
2592 2739 2994 2808 nostramque
3046 2735 3443 2809 apostolicam
3503 2735 3697 2803 vicem
3738 2736 3805 2793 in
3833 2736 3895 2793 il-

2227 2825 2300 2882 lis
2344 2825 2617 2898 partibus
2672 2825 3060 2899 praedicandi,
3117 2829 3175 2884 et
3218 2842 3339 2899 pro
3385 2824 3640 2887 arbitrio
3698 2829 3897 2889 vestro

460 2907 630 2963 istius
657 2908 815 2965 sedis
841 2908 1148 2966 catholica
1160 2908 1602 2966 ﬁdeinovimus
1626 2908 1971 2964 rudimenta
1990 2925 2123 2982 per-
2149 2951 2203 3006 ,ε
2231 2913 2335 2971 ubi
2367 2929 2536 2986 .opus
2583 2919 2671 2973 est
2706 2914 3034 2988 episcopos
3089 2914 3511 2983 constituendi,
3561 2915 3895 2988 omnisque

462 2998 728 3071 cepisse;
755 3002 813 3055 et
839 2997 1052 3054 exinde
1084 3015 1121 3055 a
1146 2998 1608 3056 succedentibus
1629 2998 2122 3071 pradicatoribus
2149 2990 2203 3006 ’ν
2227 3002 2547 3075 disponere
2602 3006 2783 3076 atque
2839 3003 3118 3066 ordinare
3168 3002 3268 3061 tali
3293 3003 3658 3065 auctoritate
3713 3010 3895 3077 atque

459 3087 522 3143 in
552 3088 881 3160 superioris
934 3092 1116 3161 atque
1155 3087 1449 3147 inferioris
1486 3087 1817 3145 {’annonia
1876 3088 2126 3160 provin-

455 3177 909 3248 eiuseiusdem
958 3177 1099 3233 fidei
1160 3192 1475 3237 emanasse
1551 3176 1827 3246 gratiam.
1889 3176 2120 3241 Quibus

456 3266 639 3322 etiam
705 3266 946 3322 duabus
1009 3266 1361 3339 provinciis,
1406 3265 1768 3338 illarumque
1818 3265 2119 3338 pontiﬁci-

457 3355 596 3424 bus,
647 3371 841 3428 usque
878 3355 965 3411 ad
1022 3359 1295 3429 tempora
1347 3355 1704 3422 Hunnorum
1757 3370 1884 3411 non
1941 3354 2113 3423 alius,

454 3461 645 3516 quam
692 3449 912 3501 sancta
954 3444 1373 3500 tLauriacensis
1410 3443 1658 3517 .prafuit
1725 3444 2117 3515 archiepisco-

2228 3096 2521 3165 pctestate
2572 3092 2946 3164 delegamus,
2996 3109 3076 3150 ac
3148 3095 3202 3155 si
3263 3094 3380 3167 ipsi
3425 3100 3760 3167 ,prasentes
3794 3094 3897 3161 at;

2227 3181 2579 3253 fuissemus.
2654 3182 2831 3250 Quod
2873 3184 2927 3241 si
2993 3184 3124 3255 jam
3176 3183 3373 3245 dictus
3436 3184 3739 3250 .Heroldus
3792 3201 3897 3243 ar.-

2225 3273 2644 3347 chiepiscopus
2676 3274 2980 3346 deinceps,
3038 3274 3701 3347 suorumvequispiam
3754 3291 3895 3335 suc-

2226 3378 2555 3433 cessorum,
2586 3362 2835 3421 minime
2864 3362 3119 3421 ditﬁnito
3146 3363 3341 3424 limite
3392 3369 3736 3436 contentus,
3770 3365 3894 3423 sed

2222 3450 2599 3508 interdictam
2628 3457 2807 3524 atque
2833 3468 2870 3507 a
2890 3467 3001 3507 sua
3030 3455 3323 3525 potestate
3353 3458 3703 3525 separatam
3747 3453 3896 3509 dire-

456 3550 594 3606 pus,
649 3549 912 3605 quorum
956 3532 1284 3588 barbarica
1336 3532 1538 3589 feritas
1590 3548 1713 3587 non
1743 3533 2116 3605 solumprie-
2223 3540 2406 3596 cesim
2435 3544 2698 3614 repetere
2729 3540 3116 3613 pervicaciter
3142 3547 3414 3614 conatur,
3446 3558 3559 3598 nec
3604 3559 3641 3598 a
3690 3542 3895 3617 prohi-

455 3622 681 3678 dictam
718 3622 1184 3679 .Lauriacensem
1230 3622 1549 3689 civitatem,
1584 3638 1797 3677 verum
1840 3623 2024 3679 etiam
2051 3622 2114 3678 in
2219 3628 2359 3685 bita
2390 3630 2782 3685 contentionis
2813 3630 3133 3686 schismate
3163 3646 3270 3703 per
3292 3631 3433 3687 istas
3456 3636 3700 3687 nostras
3715 3649 3892 3705 apos-

455 3712 705 3769 circuitu
756 3711 1102 3783 adjacentes
1150 3711 1424 3781 regiones
1484 3710 1877 3784 depopulavit
1931 3716 2112 3785 atque
2219 3716 2428 3773 tolicas
2456 3717 2803 3774 traditiones
2835 3722 3014 3791 atque
3039 3718 3564 3775 determinationes
3613 3736 3893 3793 compes-

454 3800 724 3857 funditus
794 3799 1108 3857 desolavit.
1173 3798 1316 3855 lnde
1370 3799 1633 3873 quidem
1703 3799 1971 3872 contigit,
2048 3803 2114 3857 ut
2219 3806 2416 3863 citur:
2457 3806 2585 3880 ipse
2612 3807 2791 3864 etiam
2815 3806 2912 3880 pie
2943 3823 3232 3864 concessa
3289 3808 3596 3880 dignitatis
3641 3810 3893 3866 muniﬁ-

452 3890 717 3964 episcopi
766 3891 881 3947 hac
929 3888 1277 3946 necessitate
1329 3888 1647 3962 compulsi,
1694 3888 1836 3946 sede
1884 3889 1986 3946 illa
2007 3888 2110 3945 de-

450 3983 611 4037 serta
660 3984 841 4053 atque
893 3978 1010 4036 alio
1066 3978 1374 4049 translata,
1426 3978 1610 4046 simul
1637 3978 1833 4043 etiam
1878 3978 2107 4035 archie-

449 4069 820 4143 piscopalem
887 4069 1080 4142 ipsius
1138 4068 1306 4124 sedis
1372 4067 1723 4124 desererent
1780 4068 2104 4124 honorem.

444 4160 742 4217 Modernis
786 4164 1008 4227 autem,
1054 4174 1179 4217 -nec
1208 4157 1468 4215 multum
1509 4162 1667 4214 retro
1697 4157 1923 4231 elapsis
1954 4162 2106 4215 temr

448 4247 718 4321 poribus,
776 4251 1028 4304 vacante
1086 4246 1165 4303 ab
1213 4245 1546 4320 apostolico
1594 4246 1817 4304 vicario
1896 4250 2103 4304 Bawa-

447 4335 675 4393 riorum
731 4351 950 4408 regno,
1019 4339 1179 4392 Arno
1251 4335 1483 4409 primus
1537 4339 1758 4392 sancta
1830 4334 2103 4393 Salzbur-

447 4424 648 4495 gensis
697 4424 971 4481 Ecclesia
1001 4424 1364 4494 subrogatur
1412 4424 1924 4498 archiepiscopus.
1964 4427 2102 4481 Hac

440 4518 693 4573 testatur
745 4524 979 4572 annosa
1042 4514 1408 4572 memorialis
1479 4514 1665 4571 sacris
1704 4514 1917 4570 scrinii
1978 4515 2102 4572 his-

443 4604 615 4672 toria.
666 4603 844 4662 Modo
894 4608 1096 4661 autem
1136 4602 1495 4660 mortalibus
1512 4603 1881 4676 propitiante
1908 4603 2103 4661 Chris-

2218 3895 2413 3952 centia
2441 3896 2680 3970 penitus
2707 3896 2990 3969 privetur,
3019 3902 3201 3969 atque
3230 3896 3567 3954 secundum
3592 3899 3699 3971 jus
3729 3900 3887 3972 pris-

2216 3985 2428 4053 tinum,
2490 3985 2760 4058 superior
2807 3985 3124 4042 Harmonia
3165 3987 3545 4044 continuetur
3593 3988 3883 4059 inferiori,

2216 4079 2396 4147 atque
2412 4078 2539 4131 tua
2567 4079 3378 4148 tuorumquesuccessorum
3419 4076 3617 4137 amba
3673 4092 3887 4151 perpe-

2210 4163 2451 4223 tualiter
2480 4162 2836 4233 subjaceant
2882 4162 3111 4223 ditioni.
3166 4163 3619 4233 Allubescentes
3675 4170 3882 4223 auiam

2212 4267 2652 4325 ascensumque
2676 4251 3012 4325 prabentes
3039 4252 3167 4316 istis
3184 4253 3417 4317 uestris
3462 4252 3880 4322 saluberrimis

2211 4340 2896 4399 decretisbenedicimus
2925 4347 2984 4398 et
3026 4342 3352 4407 catholicos
3398 4343 3826 4417 appl'Othus
3858 4362 3873 4403 :

2209 4430 2734 4501 nesistentesvero,
2766 4431 3283 4504 atqueintirmare
3306 4431 3407 4491 vel
3430 4433 3688 4499 omnino
3732 4450 3875 4508 per-

2208 4525 2435 4577 vertere
2456 4520 2901 4588 contendentes,
2933 4522 3314 4579 anathemate
3350 4524 3702 4581 Maranatha
3731 4540 3873 4587 san-

2208 4614 2314 4668 ctae
2340 4610 2637 4679 Trinitatis
2659 4610 2920 4667 districta
2970 4613 3370 4684 yperoutimus,
3422 4618 3480 4669 et
3520 4613 3874 4686 apostolica

441 4696 526 4765 to,
571 4693 667 4761 ab
710 4693 997 4750 hostibus
1051 4695 1276 4761 sancta
1354 4692 1773 4750 'Lauriacensis
1818 4692 2099 4750 Ecclesia

439 4782 641 4854 quiete
668 4786 741 4840 et
795 4782 857 4839 in
899 4781 1215 4840 habitandi
1240 4781 1569 4839 securitate
1606 4797 1928 4855 concessa,
1974 4797 2098 4838 non

2206 4700 2519 4767 sententia,
2553 4716 2677 4773 qua
2705 4699 2973 4757 mulctati
2991 4701 3228 4759 Anania
3247 4702 3583 4775 et‘Saphira
3607 4704 3876 4776 exspira-

2205 4793 2440 4860 verunt,
2462 4789 2935 4861 damnamus,.et
2956 4806 3098 4847 cum
3126 4790 3721 4864 blasphematoribus
3736 4808 3872 4851 san-

438 4868 585 4925 alibi
637 4887 825 4943 quam
860 4871 1085 4928 ibidem
1140 4871 1520 4928 fraternitatis
1572 4874 1689 4937 tua
1747 4871 2097 4929 cathedram
2202 4878 2959 4952 oti-Spiritussempiternis
2980 4880 3714 4954 cruciatibuapuniendos
3736 4881 3869 4938 des.

434 4961 674 5032 oportet
715 4959 944 5015 haberi.
1012 4963 1388 5034 Quapropter
1438 4961 1985 5018 .reinthronizamus
2040 4966 2096 5019 te
2204 4968 2488 5025 tinamus.

436 5048 635 5105 eidem
674 5047 956 5105 Ecclesia
1005 5052 1351 5106 sanctorum
1364 5053 1615 5108 Patrum
1647 5050 1922 5107 videlicet
1939 5067 2093 5124 pra-
2985 5059 3071 5116 ιχ.

436 5137 825 5201 decessorum
879 5141 1243 5207 nostrorum,
1279 5140 1402 5196 sed
1441 5145 1499 5197 et
1552 5139 1743 5197 beatae
1792 5141 2094 5197 memoriae
2270 5162 2532 5205 emerem
2557 5162 2794 5204 AGAPETI
2824 5164 2981 5205 pars:
3011 5165 3051 5205 ιι
3081 5165 3155 5205 AD
3180 5165 3495 5209 umnam
3533 5166 3795 5213 unum

435 5228 669 5287 domini
747 5229 957 5287 Leonis
1035 5244 1234 5303 papa,
1292 5245 1331 5286 a
1386 5246 1523 5304 .quo
1596 5229 1946 5287 excellentia
1990 5236 2092 5289 tua

430 5318 620 5392 pallio
664 5334 737 5377 ac
778 5318 1098 5393 privilegio
1128 5317 1355 5377 donata
1378 5324 1489 5389 est,
1549 5319 1887 5377 sanctiones
1911 5324 2092 5393 atque

434 5412 655 5466 statuta
703 5416 1097 5484 exsequentes
1157 5429 1169 5467 :
1213 5427 1283 5468 ac
1346 5427 1508 5485 sape
1555 5411 1780 5469 dictam
1818 5415 2088 5468 sanctam

428 5498 891 5556 Lauriacensem
939 5501 1260 5558 Ecclesiam
1290 5506 1593 5575 potestate
1644 5506 1701 5559 et
1753 5501 1881 5557 vice
1926 5500 2090 5557 beati

487 5587 655 5659 I(2&8)
683 5588 807 5646 Hoc
822 5593 1339 5661 estlaravorum,
1370 5590 1477 5664 qui
1500 5591 1817 5650 etMamvi
1863 5593 1921 5646 et
1947 5589 2199 5650 Hercei.

2802 5254 3233 5298 CLUNIACENSEI.

2437 5329 2834 5399 Pn'vilegmm
2878 5329 3138 5387 abbatia:
3158 5330 3612 5389 Ciuniacemis.

2378 5418 2571 5490 [Apud
2642 5418 2842 5486 Mansi,
2896 5420 3079 5476 Cone.
3128 5423 3314 5484 XVIII,
3375 5436 3437 5492 p.
3524 5422 3680 5491 408.]

2268 5505 2583 5568 AGAPETUS,
2639 5518 2847 5559 servus
2902 5520 3208 5562 servorum
3263 5505 3387 5573 Dei,
3457 5505 3677 5565 dilecto
3736 5506 3859 5563 tilio
