4166 6162
222 138 325 193 901

1500 126 1854 184 EPISTOLA!
1895 125 1983 181 ET
2019 126 2461 183 PBWILEGIA.

3618 149 3725 206 902

225 247 845 342 Avmnnovenerabili
860 245 1081 342 abbati
1100 249 1914 342 monasterii_Cluniacensis,
1956 252 2005 306 Α
2034 248 2261 342 siderii,
2280 250 2751 342 A-mbariacum,
2769 262 2826 314 et
2848 261 3229 320 Saviniacum
3254 265 3522 339 alodum,
3541 286 3726 342 quem

229 342 579 405 aediﬁcatiin
595 339 827 396 honore
859 335 1181 391 beatorum
1214 336 1666 407 aspostolorum
1693 335 1845 393 Petri
1867 338 1924 389 et

228 435 388 495 Pauli
423 433 512 489 siti
537 431 599 487 in
630 444 793 504 pago
822 422 1265 491 Matisconensi,
1302 429 1358 480 et
1382 442 1494 499 per
1524 430 1579 482 te
1611 426 1672 480 in
1706 426 1925 482 eodem

226 521 611 589 monasterio,
648 517 891 589 tuisque
923 512 1384 569 successoribus
1414 514 1478 570 in
1532 519 1925 588 perpetuum.

308 610 597 671 Convenit
629 604 965 682 apostolico
995 600 1407 659 moderamini
1438 603 1753 659 benevola
1775 618 1933 659 com-

226 702 509 777 passione
531 699 627 774 pie
650 694 1036 771 poscentium
1063 690 1219 747 votis
1255 708 1632 760 succurrere,
1655 697 1721 748 et
1750 691 1936 748 alacri

231 790 543 848 devotione
601 787 694 843 his
741 783 1014 858 praebere
1060 795 1414 837 assensum.
1466 783 1550 835 Ex
1593 779 1723 835 hoc
1773 781 1935 836 enim

231 878 606 952 potissimum
654 873 981 949 praemium
1022 885 1057 925 a
1100 869 1416 926 conditore
1486 866 1785 924 omnium
1816 871 1937 924 Deo

235 965 730 1041 promerebimur.
762 963 947 1033 Igitur
1003 957 1150 1033 quia
1196 959 1435 1031 petistis
1469 973 1507 1012 a
1531 954 1749 1028 nobis,
1783 975 1936 1032 qua—

232 1061 409 1113 tenus
438 1052 870 1111 monasterium
902 1049 1270 1125 praedictum
1303 1049 1363 1104 in
1388 1048 1499 1103 illo
1530 1047 1696 1101 statu
1751 1065 1874 1121 quo
1901 1063 1939 1103 a

237 1145 543 1202 Giullelmo
564 1143 714 1199 duce
737 1159 845 1215 per
865 1142 1589 1198 testamentum‘manere
1612 1133 1936 1195 decretum

234 1239 345 1305 est,
386 1238 586 1289 nostra
634 1230 965 1307 apostolica
1013 1227 1374 1285 auctoritate
1431 1226 1933 1299 decerneremus,

237 1325 460 1380 sanctae
488 1324 794 1389 Romanae,
826 1318 922 1374 cui
952 1321 1072 1373 Deo
1103 1319 1359 1373 auctore
1389 1314 1799 1385 deservimus,
1830 1320 1935 1372 Ec-

235 1413 431 1470 clesia:
460 1410 795 1481 subjectum
818 1423 947 1463 esse
975 1424 989 1461 :
1013 1403 1295 1462 inclinati
1325 1405 1611 1481 precibus
1641 1406 1788 1474 tuis,
1822 1406 1930 1462 tibi

238 1503 321 1559 ad
343 1499 675 1571 regendum
707 1496 1122 1554 concedimus.
1149 1495 1368 1569 Itaque
1404 1496 1484 1551 sit
1507 1495 1658 1551 illud
1684 1513 1931 1553 monas—

234 1594 457 1650 terium
487 1606 621 1645 cum
644 1587 928 1644 omnibus
960 1585 1163 1651 rebus,
1197 1586 1300 1642 vel
1332 1602 1497 1660 quas
1522 1602 1686 1642 nunc
1717 1586 1924 1653 habet,

236 1681 336 1738 vel
366 1696 500 1753 quae
551 1678 830 1751 deinceps
877 1675 959 1731 ibi
1006 1674 1243 1730 traditae
1292 1675 1545 1743 fuerint,
1597 1675 1854 1732 liberum
1891 1691 1928 1730 a

240 1770 559 1827 dominatu
601 1768 1015 1839 cujuscunque
1070 1765 1233 1834 regis
1282 1769 1398 1823 aut
1458 1765 1748 1839 episcopi,
1802 1764 1927 1819 sive

241 1859 501 1927 comitis,
528 1862 626 1914 aut
655 1854 969 1927 cujuslibet
998 1869 1071 1909 ex
1094 1854 1480 1929 propinquis
1523 1854 1716 1929 ipsius
1763 1853 1926 1908 Guil-

237 1950 407 2008 lemi.
442 1947 638 2006 Nullus
659 1945 1097 2003 ibidemcontra
1150 1944 1547 2001 voluntatem
1592 1943 1928 2002 monacho-

241 2057 388 2098 rum
427 2037 737 2113 praelatum
768 2035 850 2092 eis
879 2037 1013 2109 post
1056 2037 1235 2091 tuum
1263 2034 1612 2090 decessum
1644 2032 1928 2089 ordinare

243 2132 614 2207 praesumat:
648 2126 756 2182 sed
780 2125 1042 2181 habeant
1078 2123 1336 2181 liberam
1386 2124 1766 2195 facultatem,
1800 2123 1929 2179 sine

246 2219 571 2293 cujuslibet
596 2215 879 2292 principis
911 2213 1211 2283 consultu,
1243 2229 1693 2289 quemcunque
1720 2229 1933 2268 secun-

251 2310 408 2367 dum
446 2307 715 2377 regulam
742 2303 930 2362 sancti
944 2302 1246 2360 Benedicti
1266 2303 1596 2373 voluerint,
1629 2302 1743 2359 sibi
1773 2301 1933 2357 ordi-

249 2414 440 2466 nare;
470 2396 584 2451 nisi
618 2395 789 2461 forte,
817 2392 982 2466 quod
1024 2391 1203 2458 absit,
1236 2407 1570 2465 personam
1624 2391 1748 2447 suis
1771 2390 1931 2447 vitiis

256 2484 736 2544 consentientem
784 2481 997 2552 eligere
1047 2478 1389 2535 maluerint.
1424 2480 1551 2537 Hoc
1582 2480 1931 2554 quicimque

256 2574 539 2641 voluerit,
569 2590 704 2630 cum
747 2572 850 2627 Dei
894 2569 1017 2626 zelo
1063 2568 1404 2644 prohibeat.
1440 2570 1711 2625 Decimas
1761 2585 1927 2637 vero,

263 2682 408 2743 quas
436 2663 579 2720 olim
609 2662 686 2719 ad
713 2666 941 2718 vestras
972 2658 1237 2732 capellas
1275 2658 1711 2731 pertinuerunt.
1740 2662 1796 2713 et
1825 2674 1934 2731 per

262 2753 627 2811 modernam
673 2750 847 2825 quasi
887 2747 1325 2817 auctoritatem,
1373 2747 1496 2803 sive
1540 2746 1867 2814 Ticentiam,
1897 2762 1933 2803 a

263 2841 543 2917 quolibet
571 2839 853 2915 episcopo
886 2838 1226 2894 substracta
1257 2839 1418 2907 sunt,
1452 2836 1625 2893 vobis
1662 2853 1736 2892 ex
1785 2837 1931 2892 inte-

260 2948 382 3004 gro
430 2929 813 2987 restituimus.
863 2926 1134 3001 Capellas
1178 2929 1400 2995 autem,
1436 2926 1485 2980 si
1534 2926 1749 3003 aliqua;
1801 2926 1931 2997 jam

262 3022 469 3083 factae,
497 3018 593 3073 vel
610 3017 897 3073 iaciendas
924 3015 1073 3071 inibi
1106 3015 1240 3079 sint,
1269 3013 1351 3070 ita
1374 3031 1619 3070 manere
1656 3015 1932 3071 concedi-

270 3126 434 3177 mus,
467 3112 535 3163 ut
564 3107 769 3163 vestris
810 3105 1076 3161 ecclesiis
1112 3104 1266 3160 nihil
1304 3121 1375 3161 ex
1405 3104 1654 3160 decimis
1701 3104 1935 3165 minua-

262 3205 389 3257 tur.
435 3201 556 3254 Hoc
598 3212 738 3253 vero
782 3195 947 3269 quod
991 3194 1241 3251 dilectus
1284 3194 1443 3250 ﬁlius
1483 3199 1689 3251 noster
1740 3198 1936 3251 Bruno

273 3290 603 3362 episcopus
648 3286 721 3341 de
760 3284 1061 3359 praedictis
1108 3283 1350 3358 capellis
1397 3283 1572 3339 vobis
1617 3284 1932 3353 concessit,

276 3384 482 3435 ratum
532 3380 590 3431 et
617 3376 860 3432 ﬁrmum
887 3390 1015 3430 esse
1062 3373 1433 3429 decrevimus
1462 3372 1522 3428 in
1552 3378 1932 3448 perpetuum.

272 3472 587 3531 Praeterea,
621 3464 917 3539 quidquid
949 3480 1021 3520 ex
1051 3462 1261 3531 vineis,
1290 3464 1384 3519 vel
1432 3462 1676 3519 culturis
1710 3462 1789 3519 ad
1813 3480 1938 3519 ves-

270 3564 434 3615 tram
465 3560 697 3631 partem
717 3553 987 3627 pertinet,
1012 3558 1246 3625 partem
1273 3568 1515 3626 quoque
1538 3552 1930 3619 decimarum,

272 3647 354 3703 ad
384 3643 678 3717 hospitale
728 3647 994 3699 vestrum
1048 3641 1345 3717 pertinere
1383 3641 1706 3698 sancimus.
1750 3641 1937 3701 simul

274 3740 333 3792 et
356 3734 434 3790 de
480 3732 573 3790 his
601 3732 805 3802 rebus,
837 3747 993 3804 quas
1040 3730 1377 3805 percepturi
1407 3730 1563 3788 estis.
1603 3733 1723 3787 Hoc
1755 3732 1935 3788 etiam

262 3821 448 3899 ‘quod
472 3820 835 3889 Leobaldus,
869 3820 946 3879 ad
988 3819 1343 3894 praedictum
1377 3819 1808 3876 monasterium
1838 3820 1937 3877 de-

273 3912 537 3987 reliquit.
565 3909 751 3967 Simu‘l
781 3914 838 3967 et
859 3909 1004 3966 illud
1038 3909 1204 3982 quod
1230 3908 1518 3980 Magiona,
1538 3908 1629 3964 vel
1659 3909 1933 3967 alicubus

271 4001 484 4068 rebus,
518 4015 652 4074 quae
684 3998 762 4055 ad
789 3998 852 4053 id
898 3998 1331 4057 monasterium
1375 3998 1666 4071 pertinere
1692 3997 1932 4055 debent.

277 4088 725 4148 Conﬁrmamus
756 4088 933 4144 etiam
976 4092 1184 4144 nostra
1233 4086 1559 4161 apostolica
1588 4088 1936 4145 auctoritate

264 4178 592 4237 ’abbatiam
626 4177 1012 4236 Carilocensis
1038 4177 1315 4245 coenobii,
1335 4193 1469 4250 quae
1500 4176 1693 4233 eidem
1722 4178 1938 4235 collata

276 4272 370 4325 est
401 4266 792 4335 monasterio,
823 4265 1098 4323 abbatias
1144 4267 1200 4323 S.
1226 4265 1496 4335 Joannis,
1548 4270 1728 4338 atque
1775 4266 1936 4323 beati

270 4355 512 4414 Martini
560 4353 849 4412 suburbio
902 4353 1230 4412 Matiscensi
1257 4355 1420 4417 sitas,
1454 4353 1843 4410 nihilominus
1874 4356 1936 4411 in

273 4449 641 4521 perpetuum
700 4448 971 4501 constare
1025 4444 1401 4501 decernimus
1450 4443 1529 4498 ad
1582 4443 1938 4517 praedictum

270 4537 509 4607 locum,
542 4538 606 4590 ut
643 4534 843 4591 nullus
874 4534 1195 4607 episcopus
1220 4532 1317 4590 vel
1356 4548 1579 4601 comes,
1611 4532 1707 4589 vel
1734 4533 1939 4607 aliqua

275 4640 544 4701 persona
570 4624 715 4680 inibi
757 4623 1034 4680 temerari
1080 4639 1234 4679 ausu
1283 4621 1620 4698 quidquam
1660 4622 1939 4681 ordinare

274 4719 633 4791 praesumat,
669 4715 795 4771 sine
842 4713 1117 4786 ‘juss’ione
1166 4713 1410 4770 rectoris
1455 4714 1585 4786 jam
1633 4712 1773 4769 dicti
1802 4713 1938 4769 loci.

276 4805 559 4862 Similiter
591 4820 905 4861 censemus
951 4803 1025 4859 de
1072 4803 1406 4861 Celsanicas
1458 4804 1648 4863 Alodo
1676 4802 1943 4860 Hecfredi

278 4892 539 4961 comitis,
571 4908 753 4967 quem
780 4892 947 4950 ﬁlius
974 4896 1177 4950 noster
1199 4893 1559 4967 Stephanus,
1574 4892 1745 4964 justa
1771 4890 1941 4946 lance

279 4998 537 5043 causam
594 4982 967 5051 examinans,
990 4998 1112 5056 .pro
1141 4983 1415 5039 omnium
1457 4981 1725 5041 remedio
1756 4978 1946 5037 Chris-

278 5075 587 5131 tianorum
654 5071 972 5145 praelibato
1042 5070 1341 5140 delegavit
1409 5070 1574 5127 loco.
1659 5073 1947 5125 Praeterea

275 5162 456 5220 villas
506 5177 718 5220 omnes
775 5177 911 5235 quas
942 5161 1256 5239 pertinent
1300 5159 1379 5215 ad
1411 5159 1573 5215 idem
1604 5157 1946 5215 caenobium

283 5252 698 5325 Cluniacense,
727 5251 1021 5309 soliditate
1051 5249 1380 5325 apostolica
1427 5249 1806 5316 roboramus,
1840 5249 1945 5305 So-

279 5342 639 5402 lustriacum
682 5342 977 5412 videlicet,
1030 5340 1328 5409 Caninias,
1367 5339 1793 5404 .Seneciacum,
1840 5341 1943 5395 Ar-

279 5432 629 5507 pagiacum,
660 5437 935 5488 sanctum
982 5432 1292 5497 Victorem,
1320 5433 1377 5486 et
1415 5428 1732 5494 Scociolas,
1767 5429 1944 5483 Kaer-

282 5524 693 5590 dasemscum,
726 5521 1192 5587 Dabormacum,
1226 5525 1283 5575 et
1328 5517 1729 5585 Piscatoriam,
1762 5532 1948 5590 quam

283 5614 469 5671 Osam
499 5615 750 5681 vocant;
780 5610 1154 5680 Tosciacum,
1187 5614 1244 5667 et
1275 5608 1590 5667 ecclesiam
1621 5606 1810 5667 sancti
1838 5609 1948 5664 De~

2037 338 2467 426 Engelbaldus
2518 344 2710 409 dedit,
2743 353 2800 405 et
2847 351 3094 408 alodum
3141 371 3324 426 quem
3356 338 3593 425 Waldo,
3622 377 3724 416 ve-

2036 427 2212 483 niens
2246 422 2336 480 ad
2370 434 2854 509 conversionem,
2888 440 3070 498 dedit.
3108 422 3383 500 Similiter
3426 450 3481 502 et
3507 422 3724 503 Ambe-

2036 515 2217 578 riam,
2257 517 2323 604 et
2351 520 2669 581 ecclesiam
2694 528 2747 583 S.
2784 528 3044 600 Abundi,
3072 548 3258 604 quam
3289 534 3565 592 Artaldus
3596 551 3723 591 mo-

2038 605 2203 662 riens
2240 602 2332 693 afi
2360 611 2712 679 praedictum
2743 618 2975 693 reliquit
2997 602 3357 677 coenobium.
3394 624 3720 681 Ecclesiam

2043 694 2239 791 sancti
2279 691 2607 791 Saturnini,
2640 720 2777 761 cum
2806 691 2969 763 omni
2994 709 3190 778 alodo,
3215 728 3397 791 quem
3429 712 3717 770 Geraldus

2044 780 2517 863 archiepicopus
2565 792 2725 849 dedit
2770 796 3054 868 praedicto
3099 780 3393 856 coenobio.
3453 804 3518 857 Et
3566 801 3715 874 quia

2045 877 2195 933 ordo
2244 881 2621 938 monasticus
2675 902 2974 948 summam
3031 887 3327 946 desiderat
3362 890 3712 946 immunita-

2046 970 2165 1021 tem
2191 985 2203 1022 :
2238 964 2322 1020 ita
2353 970 2526 1027 vobis
2553 973 2958 1045 concedimus,
2985 975 3135 1031 sicut
3159 976 3304 1032 locis
3335 980 3557 1033 sanctis
3580 976 3709 1033 ubi-

2044 1071 2162 1130 que
2192 1059 2529 1115 reverentia
2579 1060 2845 1133 debetur,
2882 1068 2944 1118 ut
2988 1064 3187 1119 nullus
3224 1070 3420 1121 vestra
3449 1066 3706 1121 munici-

2041 1144 2162 1218 pia,
2196 1146 2303 1201 aut
2332 1161 2427 1202 res
2455 1148 2768 1223 quaslibet,
2791 1150 2914 1206 sine
2945 1156 3140 1207 vestro
3171 1153 3445 1209 consultu
3469 1153 3705 1209 distrin-

2043 1249 2200 1301 gere,
2235 1238 2339 1291 aut
2367 1234 2648 1293 invadere
2680 1237 2801 1293 ullo
2830 1238 3013 1295 modo
3036 1246 3382 1313 prmsumat.
3417 1244 3589 1309 Sane,
3622 1243 3703 1297 ad

2038 1325 2619 1393 recognoscendum,
2686 1326 2853 1398 quod
2924 1327 3276 1405 praedictum
3353 1329 3700 1385 coenobium

2040 1416 2263 1467 sanctae
2294 1413 2636 1484 apostolicae
2669 1414 2817 1481 sedi,
2848 1414 2925 1470 ad
2955 1416 3269 1489 tuendum,
3292 1421 3470 1493 atque
3496 1418 3700 1473 foven-

2039 1499 2187 1556 dum
2214 1501 2527 1573 pertineat.
2552 1503 2770 1559 dentur
2788 1519 2896 1575 per
2922 1504 3399 1579 quinquennium
3431 1523 3469 1561 Χ
3500 1505 3693 1565 solidi.

1968 1614 2008 1667 Β
2037 1588 2093 1643 Si
2122 1589 2258 1662 quis
2289 1594 2492 1645 autem
2524 1597 2729 1647 contra
2753 1592 2909 1647 hanc
2940 1593 3398 1649 saluberrimam
3427 1600 3698 1657 nostram

2039 1679 2525 1737 constitutionem
2574 1681 2904 1741 resistendo
2964 1683 3164 1738 venire
3218 1684 3548 1754 tentaverit,
3594 1689 3699 1739 aut

2038 1768 2268 1841 aliquid
2298 1770 2520 1829 horum
2553 1787 2938 1845 corrumpere
2980 1775 3228 1833 conatus
3275 1772 3364 1839 sit,
3399 1778 3456 1828 et
3491 1758 3700 1829 omnia

2038 1874 2176 1931 quae
2202 1859 2263 1914 in
2290 1860 2405 1915 hoc
2436 1860 2745 1933 privilegio
2778 1863 3082 1917 sancimus
3117 1878 3238 1918 non
3270 1862 3696 1941 observaverit,

2040 1947 2188 2003 sciat
2212 1964 2274 2002 se
2306 1948 2419 2004 sub
2450 1949 2637 2005 divini
2660 1950 2869 2021 judicii
2906 1951 3319 2018 obtestatione,
3345 1952 3699 2008 anathema-

2039 2036 2111 2092 tis
2143 2036 2383 2093 vinculo
2413 2038 2788 2110 mternaliter,
2810 2039 2923 2094 nisi
2955 2039 3287 2111 resipuerit,
3314 2039 3694 2108 innodatum,

2036 2130 2098 2181 et
2126 2142 2160 2180 a
2186 2142 2371 2196 regno
2403 2126 2503 2183 Dei
2534 2127 2942 2200 alienandum,
2996 2134 3056 2184 et
3092 2145 3238 2184 cum
3269 2128 3514 2184 diabolo
3570 2128 3698 2183 sine

2038 2214 2158 2271 ﬁne
2184 2215 2619 2272 cruciandium.
2656 2218 2766 2284 Qui
2793 2234 2932 2273 vero
2959 2222 3178 2277 nostrae
3210 2218 3399 2289 hujus
3430 2217 3697 2274 saluber-

2039 2305 2208 2360 rimae
2256 2304 2579 2361 sanctionis
2619 2312 2817 2363 custos
2862 2311 2921 2362 et
2960 2306 3310 2362 observator
3358 2306 3631 2373 extiterit,
3663 2322 3699 2361 a

2040 2394 2270 2455 Christo
2303 2395 2556 2453 Domino
2593 2396 3097 2461 benedictionem,
3124 2399 3181 2451 et
3204 2413 3241 2459 a
3270 2395 3491 2459 sanctis
3520 2410 3699 2467 apos-

2042 2485 2176 2540 tolis
2197 2484 2407 2539 mundi
2433 2484 2741 2556 judicibus
2758 2484 3203 2543 absolutionem
3219 2484 3316 2540 hic
3337 2488 3394 2543 et
3414 2484 3474 2541 in
3500 2484 3700 2541 futuro

2043 2572 2333 2649 consequi
2362 2579 2681 2630 mereatur.

2116 2662 2411 2734 Scriptum
2453 2680 2565 2741 per
2619 2679 2839 2720 manus
2886 2661 3095 2719 Leonis
3158 2660 3371 2717 notarii
3422 2660 3606 2731 regis,
3648 2664 3705 2717 et

2045 2751 2332 2809 scriniarii
2403 2760 2626 2810 sancite
2693 2757 2978 2813 Romanae
3025 2752 3322 2821 Ecclesiae,
3375 2751 3437 2807 in
3495 2767 3702 2817 mense

2042 2844 2205 2899 Mart.
2226 2856 2338 2916 per
2365 2840 2753 2899 indictionem
2790 2858 2891 2896 v11.

2844 2951 2904 3004 X.

2045 3072 2281 3111 ΑΟΑΡΕἸΊ
2320 3071 2485 3115 ;ΡΔΡΕ
2523 3074 2565 3113 Π
2596 3070 2867 3115 εΡιδῐοιΑ
2914 3070 2990 3113 AD
3037 3069 3377 3115 λιξιιιυκωυη
3426 3071 3699 3115 ΑΒΒΔῙἙΜ.

2686 3162 2879 3234 (Anno
2900 3163 3064 3229 sse.)

2048 3270 2372 3338 Conﬁrmat
2417 3270 2773 3328 sententiam
2822 3267 3052 3322 Ottom‘s
3093 3268 3300 3338 magni
3344 3269 3409 3324 in
3451 3271 3702 3328 materia

2443 3340 2843 3399 immanitatis
2869 3338 2933 3397 S.
2967 3339 3299 3396 Μ

2225 3447 2424 3519 [Apud
2452 3447 2796 3516 Hontheim,
2824 3447 2979 3503 Hist.
3022 3446 3270 3513 Trevir.,
3294 3450 3347 3513 'l,
3377 3449 3526 3521 284.]

2115 3558 2431 3621 AGAPETUS,
2467 3572 2685 3612 servus
2718 3568 3021 3609 servorum
3074 3551 3193 3620 Dei,
3228 3554 3705 3612 reverentissimo

2044 3641 2249 3699 abbati
2273 3646 2618 3713 WILLIARIO,
2652 3641 2829 3699 totius
2860 3641 3162 3699 charitatis
3192 3641 3614 3701 exhibitionem
3642 3646 3707 3702 in

2044 3732 2297 3788 Christo.

2117 3820 2364 3877 Nuntios
2396 3825 2613 3876 vestrae
2645 3819 2924 3877 almitatis
2946 3820 3024 3876 ad
3048 3835 3358 3896 sacrorum
3402 3822 3704 3895 apostolo-
3736 3820 3756 3832 ’

2044 3928 2181 3968 rum
2211 3909 2441 3977 limina,
2485 3910 2826 3983 pariterque
2872 3914 3142 3966 nostram
3187 3900 3584 3984 apostolicam
3615 3911 3705 3969 di-

2048 4000 2336 4071 gnitatem
2366 3997 2647 4069 directos,
2688 3998 2957 4054 Asolfum
3004 3997 3276 4054 videlicet
3323 4002 3502 4073 atque
3551 4002 3707 4057 Gun-

2047 4088 2310 4145 tharium
2336 4104 2477 4149 cum
2511 4102 2739 4159 magna
2766 4086 3185 4145 benevolentia
3208 4089 3606 4163 suscepimus,
3637 4107 3707 4147 ac

2048 4178 2289 4235 illorum
2315 4176 2677 4246 legationem
2707 4178 2991 4251 praesenti
3037 4177 3206 4235 omni
3247 4181 3519 4237 Romano
3549 4179 3707 4243 clero

2050 4269 2373 4325 clementer
2401 4266 2765 4323 audivimus.
2798 4267 3030 4326 Scimus
3076 4285 3235 4344 vero,
3267 4269 3411 4342 ipsis
3450 4269 3707 4328 referen-

2050 4358 2229 4419 tibus.
2264 4373 2422 4431 seepe
2467 4373 2537 4412 ac
2588 4356 2848 4414 multum
2877 4375 2986 4415 vos
3026 4362 3267 4417 vexatos
3296 4375 3333 4416 a
3363 4360 3707 4427 Ruotbcrto,

2045 4446 2331 4527 'quamvis
2361 4445 2423 4501 in
2448 4446 2562 4503 hoc
2592 4447 2863 4520 minime,
2895 4446 2956 4503 in
2989 4448 3117 4505 aliis
3150 4453 3351 4513 tamen
3380 4450 3709 4517 venerabili

2051 4536 2526 4610 archiepiscopo,
2555 4553 2625 4593 eo
2655 4538 2821 4611 quod
2850 4537 3021 4593 vobis
3049 4539 3711 4607 commissumrmonas-

2049 4626 2266 4683 terium
2303 4625 2417 4681 sibi
2469 4627 2807 4683 commissa:
2839 4626 3102 4682 ecclesiae
3131 4627 3308 4691 vellet
3337 4627 3594 4685 subdere
3618 4629 3709 4693 in-

2045 4714 2224 4785 juste,
2248 4714 2365 4770 nisi
2395 4729 2503 4770 vos
2532 4718 2834 4770 tuerentur
2858 4713 2998 4769 hinc
3020 4715 3252 4786 justum
3300 4715 3598 4787 judicium
3639 4733 3713 4773 ex

2050 4802 2216 4875 regia
2261 4802 2549 4874 dignitate
2573 4801 2934 4858 serenissimi
2957 4802 3183 4868 Ottonis
3214 4804 3539 4883 prolatum,
3571 4806 3712 4864 inde

2054 4891 2274 4948 chartae
2302 4890 2505 4953 Caroli
2549 4890 2761 4964 Magni,
2795 4894 2974 4964 atque
3021 4884 3279 4951 aliorum
3322 4894 3712 4968 antiquorum

2052 4997 2265 5051 regum
2291 4982 2353 5037 in
2373 4980 2575 5037 medio
2596 4981 2874 5038 recitata.
2900 4983 3052 5050 Ergo
3072 4982 3271 5039 omnis
3294 4983 3444 5040 ordo
3460 4983 3714 5043 Romani

2055 5071 2214 5142 cieri,
2249 5074 2551 5128 annuente
2581 5075 2790 5127 nostra
2819 5070 3151 5143 apostolica
3178 5071 3490 5145 dignitate,
3513 5073 3713 5130 decre-

2054 5162 2142 5219 vit
2186 5165 2252 5217 ut
2298 5176 2480 5234 super
2521 5159 2890 5218 monasterio
2935 5166 3155 5233 vestro,
3183 5161 3318 5221 dico
3366 5165 3568 5220 autem
3612 5160 3712 5221 illo

2055 5250 2221 5325 quod
2250 5250 2313 5313 in
2341 5250 2534 5311 vicino
2562 5251 3000 5313 Trevirensium
3031 5268 3346 5315 murorum
3373 5250 3435 5307 in
3485 5250 3712 5310 honore

2054 5342 2114 5397 S.
2142 5339 2803 5410 Joannisevangelistaa
2847 5338 3191 5411 fundatum,
3220 5339 3444 5397 sanctis
3468 5340 3711 5396 sancto-

2056 5445 2192 5484 rum
2223 5428 2636 5485 confessorum
2676 5428 3004 5496 Maximini,
3038 5430 3242 5500 Agritii
3278 5434 3471 5502 atque
3513 5426 3716 5483 Nicetli

2058 5517 2411 5592 corporibus
2439 5519 2726 5588 dicatum,
2760 5516 3100 5577 immobiles
3145 5519 3542 5590 permaneant
3587 5530 3715 5573 sen—

2055 5608 2255 5667 tentiee
2294 5608 2358 5667 in
2402 5608 2621 5668 chartis
2662 5606 3034 5679 conscriptae,
3069 5607 3298 5664 Ottonis
3348 5604 3505 5677 regis
3564 5617 3715 5674 prae-
