4114 6146
491 91 594 149 903

1881 71 2178 130 AGAPETI
2214 71 2414 126 ΡΑΡΕ
2451 73 2498 126 ΙΙ

3801 69 3918 128 904

489 223 915 280 cessorumque
944 205 1095 277 ejus,
1125 217 1338 272 regum
1367 203 1730 256 Francorum
1757 195 2044 254 videlicet.
2075 197 2142 250 ut
2179 195 2229 250 Α
2256 209 2436 266 super
2463 192 2757 266 Miliarias,
2787 196 2846 250 et
2875 192 3150 266 pervenit
3173 191 3252 249 ad
3277 207 3519 248 crucem
3546 207 3734 265 super
3785 208 3918 250 cur-

487 297 548 354 in
577 295 852 371 praesenti
880 299 936 350 et
961 293 1022 348 in
1055 295 1364 366 posterum
1394 288 1507 346 sub
1554 287 1720 357 regia
1746 290 1978 342 tantum
2033 298 2140 356 po-

489 390 694 443 testate
723 387 1092 458 permaneat,
1121 396 1318 454 neque
1363 393 1636 450 unquam
1669 375 1769 432 ulli
1812 374 1974 432 alteri
2006 389 2141 446 per-

489 491 650 531 sonae
691 473 1022 544 subjaceat,
1055 473 1302 543 excepto
1353 467 1579 536 abbati,
1631 481 1814 538 quem
1868 462 2140 536 ejusdem

487 561 834 620 monasterii
871 561 1083 617 fratres
1115 556 1424 616 communi
1453 554 1775 612 concordia
1805 549 2142 608 secundum

486 651 760 722 regulam
786 648 1087 718 elegerint.
1123 647 1178 704 Si
1209 661 1352 702 vero
1379 643 1696 717 praedictus
1746 638 2141 713 archiepisco-

486 757 622 814 pus,
655 743 757 796 aut
787 737 1000 811 aliquis
1027 749 1446 792 successorum
1474 733 1524 803 ej
1537 749 1623 797 us,
1659 747 1764 787 seu
1793 729 1944 786 alius
1973 727 2143 801 quili-

487 831 590 887 bet
617 829 889 894 fratrum,
919 826 1024 900 qui
1056 829 1215 888 sunt,
1245 823 1339 879 vel
1381 826 1553 878 erunt
1581 821 1642 877 in
1663 819 1877 876 eodem
1907 834 2145 874 monas-

487 919 654 988 terio,
681 917 944 990 quietem
964 913 1166 986 impie,
1192 910 1628 982 crudeliterque
1653 907 2000 978 turbaverit,
2025 905 2144 962 nisi

486 1007 682 1080 primo
709 1003 991 1078 praesenti
1023 999 1479 1073 conscriptione,
1513 1015 1584 1054 ac
1613 997 1830 1054 deinde
1855 995 1932 1052 ab
1964 1010 2142 1068 apos-

487 1096 664 1154 tolica
724 1093 1009 1163 dignitate
1078 1090 1424 1147 admonitus
1498 1086 1828 1160 resipiscat,
1891 1100 2014 1142 non
2079 1089 2145 1140 ut

486 1185 712 1254 pastor,
740 1180 846 1237 sed
901 1179 1054 1236 sicut
1106 1177 1512 1235 mercenarius
1551 1178 1867 1256 tractetur.
1919 1171 2143 1228 Idcirco

488 1269 540 1325 si
559 1269 622 1326 in
652 1272 775 1325 tam
803 1266 1092 1340 pertinaci
1121 1266 1340 1322 duritia
1367 1264 1705 1338 perstiterit,
1737 1263 1815 1318 ad
1865 1261 2143 1317 ultimum

369 1395 378 1404 κ
485 1365 692 1416 nostra
749 1357 1081 1430 apostolica
1151 1356 1501 1412 auctoritate
1565 1351 2142 1421 excommunicatur,

487 1453 545 1505 et
593 1448 840 1520 insuper
883 1446 1060 1502 bonis
1108 1445 1372 1516 regibus,
1406 1459 1476 1499 ac
1530 1442 1807 1510 ducibus,
1847 1441 2144 1513 justisque

2253 285 2364 350 tes,
2397 281 2614 338 deinde
2645 282 2724 338 ad
2743 282 2932 338 Chero
2951 281 3233 350 Clarinto,
3257 284 3314 337 et
3334 280 3604 354 pervenit
3621 296 3734 354 per
3755 297 3918 338 sum-

2252 369 2520 426 mitatem
2549 369 2625 427 de
2677 372 2848 428 Serra
2878 385 3068 444 usque
3116 369 3179 425 in
3224 368 3352 425 rivo
3385 368 3695 436 Merdario,
3727 373 3790 424 et
3842 369 3918 424 ab

2251 459 2556 516 occidente
2584 459 2719 534 ipsa
2749 461 2922 518 Serra
2939 459 3014 515 de
3044 459 3234 514 Chero
3259 457 3612 526 Clarinto,et
3639 458 3920 532 pervenit

2251 549 2313 605 in
2341 549 2468 606 rivo
2499 548 2806 618 Merdario,
2831 552 2889 606 et
2929 547 3096 605 ducit
3123 563 3317 622 usque
3346 547 3408 604 in
3448 546 3708 604 ﬂuvium
3739 547 3919 614 Tede,

2251 643 2310 696 et
2351 654 2388 695 a
2430 643 2600 711 parte
2653 638 2792 695 circi
2845 637 3130 694 aﬂ‘rontat
3155 637 3215 692 in
3249 641 3434 694 strata
3481 636 3733 710 publica
3781 653 3922 710 quin

2251 727 2416 785 ducit
2457 727 2538 785 ad
2593 731 2751 785 Duas
2805 729 3068 796 Sorores,
3109 730 3168 784 et
3215 726 3490 800 pervenit
3545 742 3654 798 per
3715 726 3920 800 ipsam

2251 818 2413 874 viam
2441 819 2752 892 publicam
2779 835 2974 891 usque
2999 817 3062 874 in
3091 816 3410 887 Litterano,
3441 815 3662 872 deinde
3695 816 3920 872 subtus

2253 912 2463 964 sancto
2497 907 2724 974 Felicio,
2758 911 2816 964 et
2841 907 3114 981 pervenit
3137 922 3332 980 usque
3362 905 3424 962 in
3467 905 3644 962 alode
3691 910 3920 962 sanctae

2251 999 2465 1070 Mariae,
2524 1002 2581 1054 et
2627 997 2769 1054 villa
2849 996 3208 1054 Tauriniano
3263 1012 3402 1052 cum
3461 995 3594 1070 ipsa
3665 995 3922 1052 eodem

2253 1087 2440 1144 sancti
2467 1086 2794 1156 Fructuosi,
2813 1103 2953 1143 cum
2975 1084 3223 1142 decimis
3241 1089 3298 1142 et
3323 1084 3621 1158 primitiis,
3647 1088 3710 1140 et
3737 1085 3918 1140 eccle-

2255 1175 2406 1232 siam
2437 1175 2626 1231 sancti
2645 1173 2874 1232 Martini
2895 1173 2970 1230 de
2999 1173 3270 1242 Clerano,
3290 1177 3347 1230 et
3371 1172 3696 1230 ecclesiam
3727 1172 3918 1229 sancti

2254 1263 2530 1334 Andreae,
2561 1279 2699 1336 quae
2729 1266 2816 1319 est
2856 1261 3110 1318 fundata
3139 1262 3204 1318 in
3249 1260 3391 1318 villa
3437 1260 3746 1318 Catellano
3777 1276 3918 1317 cum

2255 1369 2364 1410 suo
2414 1351 2609 1420 adole,
2639 1356 2697 1408 et
2723 1351 2928 1408 villam
2971 1351 3045 1408 de
3089 1353 3369 1408 Torrente
3403 1367 3544 1407 cum
3590 1349 3829 1406 ﬁnibus
3863 1355 3916 1406 et

2255 1441 2546 1513 terminis,
2580 1441 2732 1497 sicut
2760 1440 2820 1496 in
2850 1440 3156 1512 scripturis
3185 1439 3400 1496 vestris
3427 1439 3709 1496 veridicis
3751 1457 3915 1496 reso-

482 1536 788 1608 judicibus
817 1533 1229 1590 resistentibus
1261 1548 1511 1604 compos
1541 1529 1663 1587 voti
1705 1530 1796 1585 sui
1824 1544 2141 1602 nunquam
2182 1545 2223 1599 Β
2253 1535 2378 1599 nat,
2427 1536 2483 1586 et
2527 1529 2680 1586 valle
2728 1532 3024 1601 Taresago
3073 1533 3128 1586 et
3180 1533 3397 1599 curtes,
3437 1531 3497 1584 et
3541 1527 3694 1585 cella
3725 1530 3918 1584 sancti

485 1625 610 1682 ﬁat.

561 1713 853 1783 Scriptum
883 1727 991 1784 per
1021 1727 1272 1766 manum
1307 1707 1580 1765 sorinarii
1630 1707 1686 1762 S.
1719 1711 2002 1764 Romana:
2036 1708 2141 1762 Ec-

423 1834 434 1842 -
487 1801 702 1858 clesiae.
736 1804 884 1858 Data
918 1817 956 1856 ιι
985 1800 1115 1857 Kal.
1143 1797 1687 1870 Martii,indictione
1715 1813 1830 1856 vm.
1865 1799 2017 1852 Bene
2046 1812 2144 1852 va-

489 1890 605 1946 lete
636 1890 807 1961 (249).

1269 1997 1355 2050 XI.

487 2119 722 2160 AGAPETI
763 2120 800 2158 Π
840 2117 1194 2158 PRIVILEGIUM
1231 2116 1336 2156 PRO
1385 2115 1732 2156 MONASTERIO
1774 2115 1858 2154 SS.
1900 2111 2140 2154 GERMANI

911 2190 977 2229 ΕΤ
1017 2188 1310 2229 MICEAELIS
1360 2187 1713 2228 CUXANENSIS.

1124 2279 1322 2351 (Anno
1353 2279 1504 2350 950.)

575 2390 908 2460 Conﬁrmat
937 2387 1256 2460 privilegia
1284 2385 1633 2441 monasterii
1662 2384 2055 2440 Cuxanensis.

491 2513 694 2586 [Apud
720 2516 788 2568 D.
814 2513 1101 2582 Bouquet,
1122 2509 1363 2566 Recueil
1392 2509 1492 2564 des
1522 2507 1959 2577 historiens,1x,
1991 2507 2142 2578 227.]

561 2607 854 2657 AGAPETUS
870 2598 1213 2670 episcopus,
1231 2612 1434 2652 servus
1457 2611 1763 2651 servorum
1788 2595 1908 2663 Dei,
1932 2597 2143 2652 ϐοηθε-

490 2705 664 2746 meno
681 2687 958 2758 religioso
980 2685 1186 2743 abbati
1211 2683 1565 2741 venerabilis
1583 2685 1932 2741 monasterii
1954 2685 2142 2740 sancti

491 2776 768 2836 Germani
800 2781 980 2850 atque
1001 2774 1189 2831 sancti
1217 2773 1532 2842 Michaelis,
1559 2773 1726 2846 quod
1755 2778 1846 2830 est
1875 2774 2054 2830 situm
2079 2774 2142 2830 in

2253 1618 2540 1675 Vincentii
2568 1634 2708 1674 cum
2735 1634 2845 1674 suo
2877 1617 3071 1686 alode,
3113 1618 3266 1674 sicut
3307 1618 3372 1674 in
3411 1616 3620 1673 vestris
3653 1621 3922 1674 contine.

2254 1712 2349 1764 tur
2406 1707 2731 1780 scripturis,
2777 1711 2834 1763 et
2883 1706 3055 1763 alode
3106 1705 3421 1777 Tonegale,
3467 1705 3920 1778 Manzunculas,

2254 1795 2522 1868 Ocenias,
2571 1794 2950 1864 Tres-Valles,
3006 1797 3149 1852 Lare
3217 1811 3358 1851 cum
3409 1793 3662 1851 ecclesia
3727 1793 3922 1850 sancti

2251 1885 2523 1956 Andreae,
2547 1883 2695 1941 cella
2723 1885 2912 1941 sancti
2941 1885 3182 1940 Thomas
3209 1900 3348 1940 cum
3373 1899 3482 1940 suo
3507 1883 3710 1952 adole,
3731 1882 3921 1939 eccle-

2254 1974 2342 2030 sia
2372 1973 2562 2030 sancti
2577 1972 2727 2029 Petri
2749 1988 2885 2045 quae
2917 1977 3006 2028 est
3032 1971 3287 2029 fundata
3311 1971 3372 2028 in
3403 1971 3540 2028 villa
3559 1971 3918 2040 Inforcadis,

2255 2065 2502 2134 Laguna
2533 2079 2672 2117 cum
2704 2078 2814 2118 sua
2861 2060 3113 2118 ecclesia
3157 2065 3214 2118 et
3238 2061 3450 2118 alodiis
3477 2061 3692 2118 vestris
3721 2062 3788 2117 in
3819 2061 3912 2118 his

2251 2152 2416 2209 locis.
2452 2157 2516 2207 ln
2547 2151 2836 2208 comitatu
2865 2150 3322 2224 Rossilionense,
3353 2151 3414 2206 in
3464 2149 3606 2207 villa
3660 2151 3914 2220 Miliarii,

2251 2241 2314 2298 in
2339 2240 2634 2310 Camelas,
2665 2239 2727 2299 in
2775 2239 3018 2310 Relano,
3049 2239 3112 2296 in
3162 2245 3368 2297 sancto
3413 2239 3617 2309 Felice,
3647 2239 3712 2296 in
3765 2239 3918 2297 valle

2251 2335 2519 2399 ventosa,
2547 2331 2608 2386 in
2635 2334 2839 2386 monte
2867 2329 3134 2402 Auriolo,
3158 2329 3220 2386 in
3245 2329 3386 2386 villa
3415 2329 3640 2394 Insula,
3675 2330 3738 2385 in
3761 2330 3918 2387 valle

2255 2424 2458 2489 Locas,
2489 2420 2550 2476 in
2607 2419 2750 2476 Pulo
2797 2418 3108 2490 Nadalino,
3141 2419 3202 2476 in
3247 2419 3402 2476 valle
3451 2419 3741 2488 Vincano,
3769 2425 3832 2476 et
3857 2420 3918 2476 in

2256 2507 2596 2579 Saorla,,_in
2625 2507 3008 2575 Arbussolas,
3041 2513 3098 2564 et
3143 2507 3205 2564 in
3233 2506 3584 2576 Planirolas,
3615 2511 3680 2563 et
3735 2511 3922 2564 Inter-

2250 2599 2432 2668 rivos,
2473 2603 2531 2655 et
2571 2598 2633 2654 in
2663 2596 2817 2654 valle
2846 2597 3147 2668 Molegica,
3187 2597 3250 2653 in
3297 2596 3440 2653 villa
3482 2599 3622 2654 Orto
3665 2595 3918 2667 Falgue-

2251 2687 2392 2754 rias,
2423 2686 2484 2742 in
2536 2685 2676 2742 villa
2722 2685 2998 2754 Arriano,
3047 2685 3109 2750 in
3165 2684 3304 2742 villa
3361 2684 3636 2754 Folioliis,
3669 2685 3734 2742 in
3779 2689 3918 2742 Ver-

2252 2781 2413 2846 neto,
2461 2775 2524 2831 in
2579 2774 2953 2843 Corneliano,
2999 2774 3064 2832 in
3113 2774 3268 2832 valle
3327 2774 3590 2843 Foliano,
3638 2775 3708 2831 in
3757 2775 3918 2833 valle

488 2869 644 2925 valle
666 2867 1011 2926 Conﬂuente
1034 2865 1096 2920 in
1118 2863 1320 2920 locum
1343 2865 1447 2938 qui
1467 2869 1717 2920 vocatur
1735 2863 2142 2952 (Saint—Michﬁel
2182 2897 2224 2952 ο
2255 2867 2488 2933 Savrra,
2521 2864 2584 2920 in
2611 2867 2786 2921 Torre
2835 2863 3030 2936 sindo,
3060 2863 3124 2921 in
3165 2864 3329 2932 Pino,
3362 2867 3419 2921 et
3453 2863 3515 2920 in
3547 2864 3916 2937 Campelias,

489 2957 566 3014 de
589 2959 809 3025 Cusan)
836 2958 1078 3013 Coxano
1105 2957 1164 3011 et
1187 2957 1326 3026 post
1349 2957 1404 3009 te
1429 2952 1546 3009 tuis
1575 2953 2020 3009 successoribus
2040 2951 2142 3008 ab-

487 3045 730 3103 batibus
760 3043 1033 3118 ejusdem
1062 3042 1408 3100 monasterii
1435 3057 1498 3098 in
1526 3046 1904 3115 perpetuum.

561 3139 708 3194 Cum
757 3149 984 3205 magna
1032 3131 1208 3188 nobis
1257 3131 1592 3188 sollicitudo
1633 3131 1850 3187 insistit
1889 3135 1946 3188 et
1995 3146 2142 3187 cura

487 3241 600 3300 pro
629 3223 923 3280 universis
953 3221 1054 3278 Dei
1100 3220 1376 3277 Ecclesiis
1427 3219 1803 3291 vigilandum
1831 3235 1906 3276 ne
1936 3219 2141 3292 aliqua

488 3313 857 3372 necessitatis
881 3313 1119 3384 jactura
1163 3310 1481 3384 dispendia
1522 3313 1992 3382 consequantur.
2027 3309 2140 3380 lgi-

489 3409 585 3460 tur
634 3403 779 3476 quia
836 3401 1139 3459 Soniarius
1183 3399 1504 3471 religiosus
1545 3399 1861 3472 presbyter
1899 3403 1956 3456 et
2009 3415 2140 3456 mo-

487 3493 720 3549 nachus
771 3490 899 3547 vice
969 3492 1167 3545 vestra
1235 3491 1372 3544 ante
1423 3492 1694 3544 nostram
1758 3487 2140 3560 praesentiam

489 3580 734 3636 veniens
761 3576 1086 3652 postulavit
1128 3593 1166 3633 a
1210 3576 1387 3632 nobis
1415 3581 1710 3650 quetenus
1750 3575 2140 3634 conﬁrmare-

488 3687 626 3726 mus
669 3667 788 3726 tibi
811 3665 1018 3740 tuique
1073 3665 1521 3723 successoribus
1566 3664 1889 3722 abbatibus
1928 3681 2140 3740 supra-

487 3757 716 3816 dictum
755 3753 1189 3813 monasterium
1237 3753 1300 3810 in
1327 3753 1646 3826 integrum,
1683 3770 1824 3810 cum
1853 3753 2137 3810 omnibus

485 3845 710 3902 ﬁnibus
735 3843 878 3912 suis,
907 3841 1171 3900 terminis
1201 3847 1258 3898 et
1278 3841 1647 3914 adjacentiis,
1676 3840 1922 3914 suisque
1951 3841 2142 3900 omni-

485 3935 601 3992 bus
621 3932 988 4008 pertinentiis
1018 3931 1080 3988 in
1110 3935 1496 4005 perpetuum;
1519 3929 1784 3988 inclinati
1815 3929 1931 3986 tuis
1948 3931 2139 4004 preci-

485 4023 620 4093 bus,
649 4039 760 4098 pro
790 4021 1216 4095 omnipotentis
1245 4019 1348 4076 Dei
1391 4023 1449 4077 et
1496 4020 1686 4076 sancti
1727 4020 1878 4076 Petri
1909 4036 2136 4091 amore,

480 4113 610 4184 jam
661 4112 888 4169 dictum
951 4109 1380 4168 monasterium
1431 4125 1570 4166 cum
1625 4108 1848 4165 ﬁnibus
1899 4113 1957 4166 et
2011 4110 2138 4167 suis

485 4201 776 4270 terminis,
829 4201 981 4256 sicut
1025 4198 1231 4272 incipit
1277 4215 1314 4255 a
1356 4203 1524 4271 parte
1572 4197 1831 4266 orientis,
1865 4213 1902 4256 a
1944 4198 2136 4255 fronte

483 4306 592 4365 per
631 4290 1038 4347 summitatem
1071 4291 1254 4346 Serraa
1290 4305 1426 4361 quae
1459 4288 1652 4361 pergit
1680 4287 1754 4344 de
1785 4288 2033 4345 Bovaria
2057 4289 2135 4346 ad

483 4381 690 4436 Jovem
719 4379 794 4435 de
843 4377 1150 4450 Celerano,
1175 4382 1232 4434 et
1259 4377 1425 4434 vadit
1469 4377 1547 4434 ab
1594 4377 1727 4450 ipso
1771 4383 1975 4435 monte
2031 4379 2136 4452 qui

485 4467 700 4524 dicitur
729 4465 1061 4536 Laccarias,
1102 4469 1160 4521 et
1187 4465 1270 4522 sic
1299 4465 1463 4522 vadit
1491 4481 1599 4538 per
1631 4465 1795 4537 ipsas
1825 4466 2136 4523 Laccarias

484 4573 677 4630 usque
713 4556 776 4612 in
823 4559 1028 4612 monte
1082 4554 1406 4626 Canigone,
1455 4559 1512 4610 et
1566 4569 1602 4610 a
1649 4554 1896 4610 meridie
1939 4555 2134 4611 afron-

483 4651 569 4704 tat
609 4647 670 4702 in
716 4649 921 4702 monte
971 4643 1290 4715 Canigonis
1341 4648 1398 4700 et
1443 4643 1752 4699 descendit
1799 4659 1908 4716 per
1964 4645 2136 4702 Serra

555 4823 703 4902 (349)
722 4824 1020 4902 Suspectus
1039 4821 1187 4877 mihi
1204 4821 1345 4902 ﬁdei
1361 4835 1597 4902 semper
1611 4819 1742 4902 visa
1757 4823 1847 4876 est
1864 4835 2132 4893 praesens

484 4891 650 4965 bulla
687 4891 1027 4965 ipontiﬁcia,
1047 4893 1387 4965 praesertim
1431 4891 1666 4965 ratione
1693 4891 1945 4963 formae;
1987 4909 2132 4965 sane

485 4963 674 5034 cuivis
687 4963 746 5018 ib
759 4963 939 5033 hujus
953 4963 1476 5034 aevi’monumentis
1489 4963 1723 5018 modice
1733 4969 1970 5020 versato
1979 4964 2135 5034 ,faci—

481 5033 538 5090 le
558 5037 808 5107 apparet
821 5048 958 5088 eam
977 5033 1132 5090 illius
1154 5035 1355 5090 saeculi
1379 5034 1602 5107 stylum
1628 5039 1686 5090 et
1703 5050 1882 5107 usum
1923 5033 2134 5092 Kcma-

481 5121 577 5162 nae
597 5105 776 5161 curia:
796 5119 1013 5178 parum
1037 5105 1465 5178 sapere._Quod
1486 5109 1688 5178 autem
1713 5105 1792 5161 ad
1816 5108 2131 5178 materiam

483 5178 707 5244 attinet,
740 5175 1082 5232 nullatenus
1107 5175 1181 5231 ea
1209 5175 1288 5232 ad
1316 5177 1756 5232 immunitatem
1782 5177 2130 5234 ecclesiasti-

483 5265 639 5324 cam,
654 5264 760 5306 seu
770 5248 1010 5324 proprie
1025 5247 1247 5324 dictam
1263 5247 1704 5324 exemptionem
1714 5250 2006 5324 pertinere
2027 5265 2133 5322 po-

482 5323 612 5388 test;
626 5318 861 5376 COnstat
870 5318 1030 5376 enim
1042 5319 1247 5391 ignota
1260 5318 1342 5375 illi
1354 5318 1484 5374 aevo
1505 5319 1705 5376 adhuc
1715 5318 1920 5390 fuisse,
1935 5318 2130 5377 exem-

608 5407 657 5478 a
673 5391 1084 5478 jurisdictione
1129 5391 1552 5478 episcoporum
1589 5393 1970 5478 monasteria.
2005 5393 2130 5478 tloc
2235 5395 2417 5477 hujus
2463 5395 2680 5478 synodi
2739 5397 3174 5478 supposuisse,_
3203 5413 3424 5478 monac

483 5459 822 5535 observavit
861 5469 919 5518 et
945 5459 1222 5535 probavit
1269 5459 1420 5519 inter
1449 5461 1596 5518 alios
1625 5464 1750 5518 Van
1781 5464 1974 5534 Espen
2002 5465 2123 5535 Ju_r.

484 5530 634 5588 Eccl.
687 5533 852 5588 Univ.
881 5530 1057 5602 Pint,
1089 5533 1174 5592 tit.
1218 5537 1303 5605 12,
1352 5551 1428 5606 c.,
1457 5549 1514 5588 ιι.
1561 5535 1622 5589 2t
1676 5547 1802 5607 seq.
1852 5530 2014 5590 Certe
2063 5533 2126 5590 in

2251 2960 2308 3013 et
2353 2955 2416 3012 in
2453 2954 2940 3026 Segondaniano,
2991 2955 3053 3012 in
3097 2955 3314 3023 Juloss,
3347 2959 3404 3012 et
3449 2954 3512 3011 in
3543 2955 3831 3026 Flazano,
3863 2961 3920 3012 et

2249 3045 2312 3101 in
2353 3049 2640 3115 Angerro,
2668 3048 2725 3101 et
2769 3043 2834 3100 in
2881 3047 3066 3115 Enne,
3098 3047 3156 3100 et
3195 3043 3260 3100 in
3309 3043 3708 3112 Porciliarios,
3741 3049 3802 3101 et
3857 3046 3918 3102 in

2251 3131 2431 3188 Evole
2468 3132 2534 3188 in
2589 3131 2804 3189 Altino.
2837 3134 2907 3189 Et
2941 3131 3001 3188 in
3056 3133 3344 3188 comitatu
3390 3131 3814 3200 Cerdeniense,
3855 3133 3920 3190 in

2248 3219 2392 3278 villa
2432 3220 2762 3291 Sallagosa,
2805 3221 2868 3277 in
2916 3223 3125 3294 Onzes,
3157 3221 3219 3277 in
3267 3224 3487 3278 Annes.
3535 3225 3602 3277 In
3653 3222 3920 3280 Feniole-

2250 3315 2440 3383 tense,
2467 3310 2531 3366 in
2578 3309 2718 3367 villa
2759 3309 3144 3382 Tavernulas,
3177 3311 3240 3367 in
3282 3311 3664 3379 Sauriniano,
3699 3312 3828 3368 sive
3855 3312 3918 3368 in

2247 3399 2506 3464 Perolas,
2539 3398 2938 3470 Vallemagna
2959 3416 3098 3456 cum
3131 3415 3244 3456 sua
3273 3399 3546 3471 ecclesia,
3579 3403 3636 3456 et
3665 3400 3732 3456 in
3759 3400 3918 3458 valle

2252 3488 2466 3546 Stavia.
2525 3493 2590 3544 In
2643 3488 2932 3545 comitatu
3006 3489 3348 3560 Bergitano,
3389 3489 3452 3546 in
3519 3488 3656 3563 ipso
3709 3489 3916 3546 villare

2249 3577 2325 3635 de
2355 3577 2618 3648 Gilmari,
2649 3577 2710 3634 in
2751 3577 2889 3652 ipsa
2928 3577 3069 3636 villa
3108 3577 3183 3634 de
3238 3581 3448 3647 Canes,
3477 3582 3534 3636 et
3581 3579 3643 3634 in
3687 3579 3918 3636 caeteris

2245 3665 2394 3725 locis
2443 3667 2790 3742 ubicunque
2841 3682 2936 3724 res
2987 3667 3339 3724 monasterii
3385 3667 3679 3740 rejacent.
3731 3671 3800 3725 Et
3853 3669 3916 3725 in

2247 3755 2536 3814 comitatu
2591 3755 3050 3828 Rossilionense,
3095 3761 3153 3814 et
3197 3757 3260 3814 in
3313 3757 3468 3815 valle
3523 3757 3918 3826 conﬂuentis,

2247 3849 2305 3902 et
2327 3845 2391 3902 in
2418 3845 2705 3902 comitatu
2733 3845 3152 3918 Cerdaniense,
3185 3849 3242 3902 et
3269 3843 3335 3902 in
3363 3845 3654 3903 comitatu
3681 3847 3916 3904 Femio-

2247 3935 2494 4006 letense,
2517 3934 2612 3992 vel
2651 3934 2715 3992 in
2759 3934 3093 4006 Bergitano,
3143 3935 3207 3992 in
3245 3935 3340 3992 his
3369 3934 3516 3992 locis
3549 3935 3916 4009 supradictis

2249 4027 2307 4080 et
2334 4025 2396 4080 in
2425 4023 2828 4093 comitatibus,
2879 4027 3178 4096 quantum
3219 4024 3425 4097 ipsum
3467 4026 3914 4082 monasterium

2247 4112 2432 4171 habet
2455 4117 2514 4169 et
2551 4113 2614 4170 in
2661 4111 2967 4185 scripturis
3010 4112 3219 4170 vestris
3250 4114 3587 4172 continetur
3629 4113 3730 4170 vel
3755 4131 3918 4171 reso-

2249 4205 2375 4274 nat,
2415 4206 2472 4258 et
2515 4201 2578 4258 in
2629 4205 2766 4258 ante
2815 4201 3138 4259 auxiliante
3194 4203 3314 4260 Deo
3359 4201 3712 4276 acquisituri
3745 4204 3910 4271 estis,

2251 4307 2392 4348 cum
2433 4291 2658 4347 ﬁnibus
2702 4295 2759 4348 et
2809 4291 3102 4362 terminis,
3133 4291 3544 4364 limitibusque
3575 4292 3758 4348 vestri
3785 4308 3912 4349 mo-

2249 4381 2510 4438 nasterii.
2565 4379 2752 4438 Simul
2809 4383 2866 4437 et
2921 4381 3311 4439 concedimus
3351 4381 3521 4438 vobis
3568 4380 3644 4438 de
3696 4381 3908 4439 vestris

2245 4469 2391 4528 locis
2430 4469 2722 4544 primitias
2765 4473 2823 4527 et
2866 4470 3157 4539 decimas,
3198 4475 3256 4529 et
3292 4471 3628 4528 oblationes
3679 4472 3908 4528 rec-olli-

2245 4559 2476 4630 gendas
2505 4559 2584 4615 ad
2621 4559 2752 4630 jam
2791 4557 3020 4616 dictum
3066 4559 3502 4618 monasterium
3539 4575 3684 4615 cum
3715 4561 3908 4617 omni-

2241 4646 2360 4703 bus
2390 4650 2514 4703 suis
2560 4647 2993 4720 pertinentiis...
3026 4653 3245 4707 sanctae
3274 4651 3560 4706 Romana:
3601 4648 3902 4718 Ecclesiae,

2244 4823 2493 4902 concilio
2525 4825 2908 4902 confluentis:
2935 4825 2998 4882 in
3025 4826 3276 4902 Treviris
3301 4826 3521 4902 saeculo
3545 4844 3606 4902 ξ,
3639 4843 3902 4902 presen—

2241 4897 2402 4977 tib_u_s
2424 4896 2632 4977 Carolo
2663 4899 3002 4977 Franciaeet
3025 4899 3274 4977 Henrico
3295 4898 3628 4977 Germaniae
3641 4896 3900 4970 regibus

2240 4967 2446 5023 habito
2454 4967 2696 5044 ,_legitur
2710 4985 2726 5044 :_
2745 4991 2772 5020 (ι
2789 4967 3093 5044 Quatenus
3108 4969 3374 5044 ecclesiae
3389 4967 3900 5044 quorumcuhque

2240 5039 2682 5116 monachorum
2711 5040 3051 5116 in_si_ngulis
3077 5041 3376 5116 parochiis
3407 5039 3543 5116 sitae
3581 5039 3902 5116 episcopo-

2239 5126 2376 5191 rum
2397 5109 2680 5194 divinitus
2705 5109 3045 5194 subdantur
3067 5109 3360 5183 regimini,
3374 5111 3582 5194 eisque
3603 5109 3902 5194 obsequia

2239 5182 2301 5236 in
2319 5182 2675 5253 exercendis
2701 5182 3115 5240 ecclesiasticae
3143 5182 3304 5240 cura:
3347 5182 3618 5253 negotiis
3649 5182 3900 5241 sollicite

2239 5252 2576 5330 exhibeant.
2619 5254 2741 5330 ipsi
2786 5254 2998 5330 procul
3047 5253 3235 5330 dubio
3287 5252 3570 5330 monachi
3625 5255 3900 5330 episcopi

2240 5323 2362 5379 suis
2382 5323 2444 5380 in
2467 5323 2751 5382 omnibus
2779 5323 3084 5384 obedient.
3121 5349 3149 5377 »
3179 5326 3344 5384 Unde
3387 5341 3423 5383 a
3467 5323 3678 5399 paret,'
3697 5323 3898 5384 Patres

2240 5395 2417 5453 huius
2463 5395 2680 5453 svnodi
2739 5397 3152 5453 sunnosuisse.
3203 5341 3537 5453 monacﬁos
3593 5398 3898 5453 enisconis

3469 5414 3537 5453 OS
3593 5413 3898 5455 θοιεοοῑιιε

2238 5414 2417 5477 nujus
2463 5414 2680 5468 synocn
2739 5414 3152 5524 supgosuisse,
3203 5414 3537 5455 monacnos
3593 5414 3898 5526 episcouplis

2238 5481 2361 5521 suis
2389 5482 2461 5521 eo
2491 5473 2757 5540 tempore
2785 5484 2845 5524 1n
2895 5469 3122 5526 istincte
3152 5468 3334 5525 fuisse
3365 5469 3704 5540 subjectos;
3729 5486 3772 5526 ιι
3861 5485 3898 5526 a

2241 5543 2547 5610 exemptos
2571 5538 2722 5595 inter
2751 5542 2808 5594 et
2831 5555 2955 5597 non
2983 5545 3294 5613 exemptos
3321 5538 3672 5596 diﬂerentia.
