4166 6162
263 107 372 160 905
1506 91 1898 150 EPISTOLE
1929 91 2022 148 ET
2048 93 2482 159 PRIVILEGIA.
3647 118 3750 173 903

265 227 360 283 cui
391 229 505 282 Deo
533 229 770 281 auctore
800 225 1180 291 deservimus,
1205 220 1377 276 vobis
1406 233 1519 292 per
1563 214 1770 311 hujus
1825 213 1956 285 pri-
1989 212 2047 271 A'
2072 213 2389 311 incultum,
2421 240 2532 282 nec
2562 242 2686 284 non
2729 233 2787 285 et
2815 229 3240 303 pertinentiam
3269 240 3540 311 ejusdem
3591 238 3750 311 epis-

264 315 459 384 vilegii
491 315 702 370 seriem
731 321 991 370 vestrum
1047 309 1470 368 monasterium
1522 309 1582 360 et
1636 303 1803 399 loca
1843 319 1956 357 seu
2071 307 2252 378 copii,’
2313 312 2539 370 scilicet
2595 317 3022 378 Cerdaniensis
3077 303 3317 399 pagus;
3353 303 3742 394 Libianerisis,

265 405 540 463 ecclesias
567 404 791 476 ubique
837 405 1212 478 pertinentes,
1246 406 1362 456 eta
1416 390 1718 472 praesenti
1781 406 1959 490 nona
2037 397 2532 476 ’Bergitanensis,
2591 405 2947 464 Paliareusis
3006 390 3290 490 qu-oqvue;
3326 423 3503 490 atque
3570 390 3744 472 Riba;

263 493 578 550 indictione
603 493 664 548 in
692 498 1046 566 perpetuum
1066 491 1170 546 tibi
1197 489 1423 561 tuisque
1460 479 1956 574 successoribus
2069 489 2403 574 curcensis,
2455 494 2864 560 Jestabiensis,
2914 479 3094 574 atque
3147 479 3548 567 Cardoseiisis,
3591 507 3745 560 Ana-

265 583 448 639 servis
482 582 578 637 Dei
600 581 742 637 inibi
757 579 1268 638 commorantibus
1285 571 1721 634 caanobiticam
1751 567 1952 644 vitam
2067 571 2298 632 biensis
2329 593 2400 634 ac
2432 582 2770 644 Tirbiensis.
2804 590 2860 642 et
2885 567 3033 644 locis
3059 599 3277 649 sanctae
3303 592 3581 649 Deodatae
3603 607 3742 648 cum

264 670 620 726 ducentibus
651 669 989 726 stabilimus
1023 668 1121 724 Dei
1153 684 1289 723 cum
1324 667 1526 722 timore
1551 654 1946 726 regendum,
2066 659 2298 720 ﬁnibus
2328 668 2472 733 suis,
2504 677 2560 727 et
2592 675 2823 730 Fencris
2854 691 2994 732 cum
3042 678 3263 735 finibus
3313 681 3455 748 suis,
3488 684 3546 736 et
3595 679 3742 735 Sub-

263 758 673 825 detinendum,
720 763 777 814 et
805 774 1011 814 secure
1043 762 1220 829 atque
1251 756 1445 829 quiete
1474 750 1584 808 sub
1612 755 1858 829 noAl‘ma
1887 751 1947 803 et
2067 757 2278 809 monte
2300 771 2439 814 cum
2467 759 2691 819 ﬁnibus
2723 764 2869 820 suis.
2897 806 2910 820 .
2939 806 2951 820 .
2981 809 2994 822 .
3021 810 3032 824 .
3089 767 3525 825 Conﬁrmamus
3555 768 3737 824 etiam

265 847 593 921 apostolica
621 845 869 903 tuitione
900 827 1419 918 permanendum;
1467 839 1572 898 sed
1620 827 1752 892 sub
1794 834 1943 928 ‘nul-
2069 842 2131 894 et
2155 843 2384 900 tertiam
2417 855 2647 920 partem
2693 853 2906 910 telonei
2955 855 3225 927 ejusdem
3267 855 3571 928 episcopii,
3595 873 3736 912 cum

266 937 379 993 lius
422 937 574 993 alius
612 937 976 1008 cujusquam
1014 934 1321 1008 potestatis
1374 929 1754 1017 subjicimtlS_-
1779 926 1938 1017 item
2067 931 2442 998 pertinentiis
2467 943 2733 1014 mercati,
2766 943 2860 998 vel
2889 926 3026 1000 cum
3057 926 3340 1001 omnibus
3397 926 3490 1000 ad
3529 945 3734 1017 ipsum

265 1025 594 1099 apostolica
643 1025 992 1081 auctoritate
1045 1024 1332 1095 jubemus
1385 1021 1590 1081 Christi
1647 1013 1937 1073 ﬁdelibus
2067 1019 2442 1096 episcopium
2469 1044 2540 1084 ex
2566 1031 2688 1086 suis
2718 1033 3000 1089 omnibus
3038 1033 3186 1088 locis
3243 1013 3589 1106 ubicunque
3633 1048 3734 1103 ge-

265 1115 521 1186 benigne
567 1114 902 1171 secundum
951 1117 1138 1170 Deum
1169 1113 1429 1186 hospitio
1455 1107 1834 1186 recipiendis.
1868 1108 1968 1168 Et.
2062 1111 2344 1168 neraliter
2372 1120 2428 1172 et
2455 1117 2517 1172 in
2542 1119 2772 1191 integro
2809 1121 3242 1196 pertinentibus
3299 1121 3454 1178 infra
3511 1137 3730 1195 supra-

264 1209 332 1262 tu
361 1221 496 1260 cum
528 1204 606 1261 ab
636 1205 750 1260 hac
778 1203 912 1259 luce
942 1203 1124 1259 fueris
1157 1202 1520 1265 subtractus,
1545 1218 1581 1258 a
1610 1197 1776 1258 nulla
1804 1212 1936 1272 per-
2059 1198 2286 1258 dictum
2320 1204 2753 1281 episcopatum,
2786 1227 2823 1268 a
2855 1211 3140 1268 territorio
3183 1211 3554 1283 Urgellensis,
3595 1211 3730 1266 Cer-

265 1309 417 1349 sona
468 1292 549 1348 ibi
579 1291 830 1361 eligatur
878 1291 1072 1347 abbas
1103 1290 1441 1346 secundum
1475 1294 1661 1347 Deum
1695 1305 1731 1346 δ.
1784 1303 1934 1362 prae-
2053 1289 2382 1357 daniensis,
2412 1298 2868 1368 Bergitanensis,
2903 1299 3271 1356 Palliarensis
3327 1305 3506 1372 atque
3553 1299 3728 1354 Biba-

264 1382 424 1438 dicta
453 1381 936 1451 congregatione.
996 1380 1381 1453 Praecipimus
1436 1385 1636 1436 autem
1691 1383 1935 1452 aposto-
2053 1381 2381 1437 curcensis.
2411 1385 2554 1442 Item
2580 1392 2637 1444 et
2681 1389 3118 1445 conﬁrmamus
3159 1388 3264 1444 tibi
3307 1389 3547 1462 tuisque
3591 1402 3726 1443 suc-

263 1471 383 1528 lica
407 1471 772 1541 auctoritate,
798 1475 864 1525 ut
893 1469 1057 1526 nulla
1087 1484 1312 1539 magna
1334 1485 1650 1542 parvaque
1674 1481 1937 1542 persona
2050 1471 2392 1527 cessoribus
2424 1474 2499 1530 de
2529 1474 2720 1547 ipsius
2751 1476 3080 1550 supradicti
3130 1477 3417 1550 episcopii
3469 1476 3616 1533 locis
3665 1477 3725 1530 et

267 1563 533 1636 aliquam
559 1561 680 1617 vim
707 1564 810 1617 aut
835 1559 1209 1617 invasionem
1237 1559 1298 1614 in
1319 1560 1668 1633 supradicto
1694 1574 1938 1614 monas-
1968 1570 2014 1624 Β
2048 1559 2420 1632 pertinentiis
2475 1563 2771 1634 primitias
2815 1569 2872 1620 et
2913 1564 3200 1622 decimas.
3231 1569 3471 1622 Necnon
3517 1568 3575 1620 et
3614 1563 3723 1620 ite-

264 1652 416 1708 terio
443 1651 626 1707 autin
657 1650 780 1706 suis
809 1649 988 1706 rebus
1041 1665 1311 1722 unquam
1359 1649 1558 1706 facere
1610 1652 1939 1722 praesumat
2047 1663 2186 1703 rum
2243 1648 2582 1706 stabilimus
2633 1658 2698 1708 ut
2743 1651 2912 1708 nulla
2955 1653 3236 1724 quaelibet
3289 1669 3550 1726 persona
3604 1651 3724 1708 cle-

267 1745 380 1797 Pro
426 1757 546 1814 quo
587 1739 700 1796 sub
738 1739 924 1795 divini
946 1737 1156 1809 judicii
1183 1737 1585 1794 obtestatione
1615 1741 1672 1794 et
1698 1737 1940 1794 anathe-
2046 1736 2184 1792 ricis
2210 1735 2390 1793 vestri
2419 1736 2714 1811 episcopii
2744 1741 3210 1798 conststentibus
3240 1742 3460 1812 injuste
3490 1741 3570 1798 ad
3599 1739 3725 1794 dis-

265 1829 448 1886 matis
487 1828 894 1885 interdictione
943 1826 1399 1900 promulgantes
1445 1826 1827 1882 decernimus
1875 1829 1940 1881 ut
2049 1825 2381 1882 trictionem
2413 1830 2518 1880 aut
2541 1826 2625 1881 ad
2652 1828 2949 1899 injustam
2973 1829 3171 1902 legem
3219 1832 3535 1904 deportare
3585 1843 3730 1884 cum

265 1919 417 1976 nulli
448 1934 716 1992 unquam
747 1922 1090 1974 nostrorum
1117 1933 1535 1972 successorum
1556 1915 1935 1989 pontiﬁcum,
2044 1915 2242 1972 laicali
2270 1930 2532 1988 persona
2559 1923 2920 1988 praesumat.
2962 1924 3108 1979 Nam
3139 1923 3288 1994 quia
3317 1920 3728 1996 supradictum

264 2009 364 2065 vel
399 2009 560 2064 nulla
589 2008 960 2080 [praesumat]
991 2007 1170 2077 hujus
1198 2006 1380 2062 nostri
1414 2005 1729 2079 apostolici
1762 2005 1938 2077 privi-
2047 2005 2421 2078 episcopium
2461 2020 2610 2060 cum
2662 2007 2951 2066 omnibus
2998 2012 3178 2069 rebus
3229 2013 3575 2084 ubicunque
3619 2008 3735 2066 sibi

265 2098 406 2168 legii
437 2098 847 2154 auctoritatem
878 2096 1170 2166 frangere.
1208 2099 1353 2150 Nam
1385 2094 1556 2167 quod
1599 2109 1724 2150 non
1752 2093 1940 2149 credi-
2046 2092 2480 2168 pertinentibus
2509 2108 2546 2148 a
2579 2096 2954 2156 Francorum
3005 2103 3251 2175 regibus
3305 2120 3414 2178 per
3454 2098 3737 2175 pracepti

268 2205 429 2258 mus,
454 2189 556 2260 qui
577 2187 742 2244 aliter
767 2203 942 2257 agere
965 2185 1432 2258 praesumpserit,
1454 2184 1601 2240 sciat
1621 2199 1684 2239 se
1705 2199 1940 2240 excom-
2045 2185 2333 2258 paginam
2363 2182 2686 2240 ﬁrmatum
2739 2189 2798 2242 et
2843 2189 3166 2248 solidatum
3224 2199 3312 2251 est
3361 2189 3552 2261 regali
3592 2206 3736 2247 auc-

265 2277 643 2333 municatum
663 2280 720 2330 et
749 2273 1147 2330 anathematis
1179 2272 1432 2328 vinculis
1462 2272 1846 2342 innodatum,
1880 2277 1939 2329 et
2046 2273 2298 2340 toritate,
2354 2272 2438 2328 ita
2495 2275 2554 2328 et
2603 2278 2816 2332 nostra
2860 2280 3190 2350 apostolica
3228 2279 3584 2339 auctoritate
3639 2280 3744 2338 fir-

265 2384 304 2423 a
334 2382 521 2436 regno
555 2365 653 2421 Dei
682 2364 1030 2434 alienatum,
1056 2367 1113 2418 et
1134 2363 1194 2418 in
1218 2361 1568 2430 voraginem
1587 2366 1938 2418 tartareum~
2045 2378 2308 2431 mamus,
2340 2365 2404 2417 ut
2437 2360 2672 2418 amodo
2704 2368 2765 2420 et
2793 2364 2852 2421 in
2882 2373 3062 2425 antea
3114 2370 3423 2446 quidquid
3454 2387 3564 2428 vos
3608 2389 3741 2431 ves-

264 2471 389 2529 que
419 2456 602 2510 chaos
631 2455 945 2510 demersus
976 2469 1115 2508 cum
1141 2451 1339 2524 impiis
1363 2450 1616 2508 deﬁciat.
1655 2451 1766 2516 Qui
1791 2467 1936 2507 vero
2045 2451 2238 2523 trique
2324 2465 2710 2508 successores
2793 2453 3064 2525 lcgaliter
3124 2462 3485 2534 acquisituri
3562 2463 3740 2524 fueri-

267 2550 472 2602 custos
500 2550 554 2600 et
584 2545 939 2600 observator
994 2541 1300 2608 exstiterit,
1336 2541 1596 2611 gratiam
1653 2539 1936 2596 benedic-
2046 2539 2120 2595 tis
2174 2537 2388 2594 futuris
2437 2541 2841 2613 temporibus,
2876 2560 2951 2600 ex
2991 2551 3272 2620 praesenti
3325 2567 3498 2611 anno
3546 2559 3740 2617 Incar-

269 2635 448 2692 tionis
482 2652 516 2690 a
547 2635 780 2689 Christo
815 2632 1066 2688 Domino
1117 2635 1235 2686 Deo
1278 2635 1484 2687 nostro
1535 2629 1935 2704 multipliciter
2044 2627 2303 2686 nationis
2337 2629 2576 2685 Domini
2603 2633 2789 2688 nostri
2809 2635 2951 2690 Jesu
2983 2636 3194 2694 Christi
3216 2644 3342 2710 991,
3373 2642 3618 2708 decima
3652 2652 3738 2710 in-

268 2723 559 2796 consequi
590 2728 908 2779 mereatur.
2043 2716 2322 2784 dictione,
2381 2716 2654 2774 inclinati
2704 2721 2990 2792 precibus
3044 2727 3283 2796 vestris,
3344 2746 3464 2802 per
3532 2745 3736 2802 vestra

341 2832 637 2905 Scriptum
670 2847 776 2903 per
807 2845 1058 2885 manum
1087 2827 1295 2883 Leonis
1349 2827 1562 2884 notarii
1611 2827 1930 2898 regionarii

2085 2803 2268 2905 agalia
2296 2809 2602 2905 praicepta
2637 2807 2897 2905 ethujus
2930 2810 3222 2882 privilegii
3251 2817 3470 2874 seriem
3510 2822 3570 2878 in
3597 2842 3730 2899 per-

266 2927 324 2977 et
382 2892 920 2975 scrinarifsanctae
967 2921 1248 2972 Romamn
1293 2915 1565 2972 Ecclesiae
1611 2916 1669 2971 in
1724 2931 1930 2973 mense
1970 2929 2010 2984 ο
2038 2896 2292 2966 Paulum
2322 2892 2860 2984 V9§i§_YeSiPiS§Il1¢
2898 2901 3352 2956 successoribus
3396 2910 3724 2972 conﬁrma.

267 3007 617 3066 Decembrio
673 3023 779 3080 per
832 3006 1219 3062 indictionem
1293 3004 1720 3077 supradictam.
1777 3007 1912 3062 Bene

2078 2998 2179 3036 ms
2235 2983 2309 3078 et.
2338 2979 2678 3080 stabilimus
2726 2983 3144 3052 detinendum,
3171 2991 3638 3071 possidendum,
3665 3007 3723 3058 et

264 3098 478 3155 valete.
673 3069 694 3080 ⁵
1367 3069 1387 3077 ’
2039 3085 2181 3127 cum
2213 3069 2315 3156 Dei
2343 3069 2557 3125 timore
2589 3069 3069 3143 dispensandum
3110 3078 3290 3148 atque
3336 3069 3714 3156 regendum;

2037 3162 2106 3214 ut
2126 3155 2327 3214 nullus
2356 3172 2480 3227 rex,
2523 3157 2844 3232 nullusque
2893 3160 3192 3236 princeps,
3235 3164 3438 3221 nullus
3481 3155 3710 3245 comes,

2037 3246 2240 3303 nullus
2278 3245 2572 3309 marchio,
2606 3247 2809 3303 nullus
2855 3248 3064 3320 judex,
3093 3267 3292 3325 neque
3349 3253 3473 3312 ulla
3518 3272 3714 3329 parva

263 3345 504 3386 AGAPBTI
541 3345 697 3385 ΡΔΡΒ
725 3344 770 3384 ll
802 3342 1068 3382 EPISTOLA
1116 3342 1191 3378 AD
1240 3340 1499 3381 WISADUM
1544 3341 1929 3382 URGELLENSEM
2037 3351 2384 3410 magnaque
2411 3352 2672 3410 persona
2703 3337 2970 3410 aliquam
3018 3341 3143 3397 vim
3187 3347 3291 3398 aut
3331 3343 3711 3404 invasionem

946 3449 1273 3490 Eplscopuu.
2037 3425 2100 3482 in
2116 3425 2330 3482 eodem
2355 3426 2682 3500 episcopio,
2706 3443 2901 3500 neque
2931 3429 2994 3485 in
3011 3431 3134 3486 suis
3181 3431 3554 3505 pertinentiis
3601 3451 3722 3492 un-

934 3564 1110 3616 Αηηο
1139 3564 1290 3617 951.)
2037 3531 2228 3617 irim.
2249 3513 2442 3617 facere
2473 3523 2820 3617 ιξνθεευφειιο
2846 3519 3115 3617 ιῖτοέιξιο
3137 3520 3252 3617 si?
3290 3519 3475 3578 divini
3498 3522 3710 3617 adici

909 3564 1110 3630 (Anno
1139 3564 1290 3629 951-)
2038 3564 2440 3661 διξὶὲζιέῐίόἶὲ
2463 3564 2956 3663 magna};
2967 3564 3277 3666 ίὲἑὲῖᾱίὲῖο
3291 3564 3708 3682 Ἑὲὲξέιῖιῖξὲιέἶ

413 3691 695 3748 Ecclesiae
731 3689 1096 3760 Urgellensis
1110 3687 1441 3758 privilegia
1471 3688 1785 3758 conﬁrmat
2038 3697 2146 3764 tes,
2169 3693 2549 3750 decernimus
2580 3699 2645 3752 ut
2673 3695 2874 3752 nullus
2904 3702 3248 3754 nostrorum
3288 3715 3707 3758 successorum

2037 3781 2392 3856 pontiﬁcum
2418 3797 2615 3856 neque
2660 3784 2782 3841 ulla
2825 3801 3050 3856 magna
3095 3802 3407 3859 parvaque
3444 3805 3708 3862 persona

1350 3939 1360 3949 ⁸
1430 3869 1441 3880 ’
1473 3869 1493 3885 ι
1693 3869 1736 3950 ξ.
1809 3939 1820 3950 .
2038 3869 2260 3928 audeat
2285 3885 2482 3942 neque
2502 3876 2830 3943 praasumat
2857 3878 3064 3930 contra
3093 3875 3208 3930 hoc
3237 3879 3518 3934 nostrum
3531 3893 3708 3950 apos-

334 3945 650 4036 AGAPEers,
687 3959 894 4036 setius
931 3938 1927 4036 SGPVOI‘limPei:“rerfl‘ePdisfinP
2038 3959 2283 4015 tolicum
2320 3938 2702 4030 privilegium
2757 3960 2819 4016 in
2874 3961 3176 4034 aliquibus
3231 3978 3409 4032 agere
3461 3938 3702 4036 injliste,

259 4037 318 4090 et
346 4032 726 4128 sanctissimo
748 4032 990 4087 WlSADO
1011 4032 1228 4128 sanctis
1247 4027 1600 4128 Urgellensis
1620 4028 1928 4128 ﬁccclesiae
2037 4063 2234 4121 neque
2292 4027 2564 4117 {fangeré
2626 4053 2824 4106 tentet,
2900 4027 2996 4108 Si-
3032 4050 3167 4124 quis
3236 4027 3462 4123 amem,
3521 4027 3704 4128 ’(Ῑιιοεί

262 4123 571 4196 episcopo,
604 4125 840 4195 illisque
869 4117 1318 4176 successoribus
1348 4118 1411 4174 in
1438 4122 1819 4192 Perpetuum-
2036 4117 2161 4195 non
2218 4135 2542 4206 credimus,
2593 4138 2654 4194 in
2689 4138 2992 4212 aliquibus
3042 4117 3314 4212 frangere
3368 4117 3700 4214 tentaverit,

337 4231 623 4288 Convenit
673 4227 1004 4303 apostolico
1055 4225 1454 4283 moderamini
1492 4225 1594 4300 pia
1642 4226 1927 4298 religione
1963 4283 2004 4303 η
2037 4227 2184 4284 sciat
2226 4243 2308 4298 se,
2341 4225 2455 4282 nisi
2500 4227 2832 4301 resipuerit,
2865 4229 3214 4287 auctoritate
3265 4232 3368 4288 Dei
3410 4239 3468 4290 et
3514 4235 3702 4291 sancti

262 4321 628 4396 pollentibus
685 4283 977 4376 brenevola
1008 4317 1432 4390 compassione
1474 4333 1842 4389 succurrere,
1869 4321 1926 4374 et
1963 4283 2006 4338 θ
2034 4317 2186 4373 Petri
2213 4315 2470 4389 apostoli
2490 4321 2671 4390 atque
2700 4323 2927 4390 nostra,
2958 4319 3062 4393 qui
3092 4320 3222 4392 ejus
3276 4320 3586 4393 fungimur
3612 4324 3702 4380 vi-

263 4412 643 4486 poscentium
683 4409 900 4467 animis
930 4407 1112 4464 alacri
1159 4406 1474 4462 devotione
1516 4405 1802 4479 impertiri
1833 4423 1928 4465 as-
2034 4405 2378 4476 cariatione,
2402 4407 2802 4464 anathematis
2815 4407 3065 4465 vinculis
3093 4409 3585 4470 indissolubiliter
3614 4413 3702 4470 in-

267 4517 536 4556 sensum.
567 4503 647 4556 Ex
675 4499 791 4555 hoc
815 4496 975 4554 enim
1005 4494 1152 4551 lucri
1182 4494 1564 4567 potissimum
1607 4496 1925 4567 praemium
2032 4495 2430 4564 nodandum;
2472 4499 2593 4566 eta
2632 4513 2820 4569 regno
2869 4498 2971 4554 Dei
3027 4497 3436 4574 alienandum,
3457 4507 3514 4558 et
3560 4519 3700 4559 cum

266 4589 433 4663 apud
485 4589 854 4645 conditorem
905 4584 1182 4642 omnium
1227 4587 1413 4640 Deum
1475 4583 1686 4657 procul
1739 4585 1924 4642 dubio
2033 4585 2348 4643 diaboloet
2371 4586 2501 4658 ejus
2525 4587 2911 4644 atrocissimis
2931 4588 3170 4661 pompis
3192 4593 3372 4662 atque
3393 4591 3700 4649 cumJuda

264 4694 704 4754 promeremur,
733 4675 981 4750 quando
1011 4672 1377 4731 venerabilia
1413 4672 1545 4730 loca
1589 4679 1924 4748 opportune
2031 4675 2315 4733 traditore
2337 4675 2572 4732 Domini
2592 4676 2777 4732 nostri
2823 4677 2964 4732 Jesu
3013 4676 3221 4734 Christi
3247 4678 3526 4735 incendio
3554 4695 3698 4736 con-

265 4770 542 4828 ordinata
571 4767 650 4826 ad
701 4767 1010 4823 meliorem
1047 4764 1265 4822 fuerint
1305 4763 1433 4820 sine
1462 4762 1650 4820 dubio
1703 4769 1923 4821 statum
2033 4763 2428 4820 cremandum
2453 4781 2467 4832 ;
2491 4768 2548 4820 et
2575 4763 2635 4820 in
2664 4764 2950 4834 voragine
2979 4768 3356 4838 tartareoque
3379 4767 3562 4824 chaos
3592 4767 3698 4825 de-

1033 3201 1143 3256 XII.

478 3816 677 3890 [Apud
708 3819 772 3872 D.
810 3816 1080 3886 Bouquet
1106 3811 1208 3866 ubi
1235 3827 1442 3882 supra,
1472 3828 1528 3885 p.
1558 3813 1711 3884 230.]

264 4859 574 4934 perducta.
600 4858 780 4929 Igitur
806 4856 952 4930 quia
981 4853 1294 4928 postulasti
1325 4870 1362 4910 a
1402 4854 1580 4912 nobis
1626 4859 1924 4928 quatenus
2031 4872 2267 4912 mersus
2295 4872 2434 4912 cum
2459 4854 2659 4928 impiis
2687 4854 2943 4910 deﬁciat.
2970 4855 3081 4921 Qui
3107 4872 3248 4912 vero
3279 4861 3480 4914 custos
3507 4862 3565 4915 et
3593 4859 3701 4916 ob-

264 4949 680 5022 supradictum
743 4947 1156 5020 episcopatum
1221 4942 1572 5013 Urgellensis
1651 4943 1924 5001 Ecclesiae
2032 4949 2302 5002 servator
2329 4945 2630 5015 exstiterit,
2658 4943 3172 5001 benedictictionis
3202 4947 3459 5016 gratiam
3500 4952 3557 5005 et
3585 4965 3700 5006 cce-

263 5055 405 5094 cum
427 5037 710 5094 omnibus
740 5035 863 5092 suis
890 5033 1179 5104 aediﬁciis,
1212 5048 1318 5088 seu
1339 5035 1396 5088 et
1427 5032 1604 5101 villis,
1637 5033 1922 5105 ecclesiis,
2030 5033 2195 5092 lestis
2218 5033 2624 5091 retributionis
2655 5050 2691 5090 a
2715 5034 2878 5106 justo
2895 5034 3097 5106 judice
3126 5035 3383 5093 Domino
3417 5041 3534 5094 Deo
3560 5055 3698 5095 nos-

262 5128 589 5202 parochiis,
647 5124 820 5193 casis,
880 5121 1086 5192 vineis,
1160 5120 1352 5190 terris,
1405 5121 1654 5194 campis,
1713 5123 1921 5194 pratis,
2031 5126 2124 5179 tro
2153 5122 2554 5196 multipliciter
2583 5127 3008 5194 consequatur,
3041 5127 3098 5180 et
3124 5124 3256 5181 vitae
3295 5129 3531 5182 aeternae
3561 5141 3697 5198 par-
3776 5149 3780 5156 ι

260 5217 526 5292 pascuis,
559 5215 741 5284 silvis,
776 5212 1027 5283 saletris,
1050 5210 1385 5278 arboribus,
1418 5210 1749 5283 pomiferis,
1774 5211 1926 5268 fruc-
2032 5212 2217 5286 ticeps
2247 5229 2375 5269 esse
2405 5216 2724 5268 mereatur.
2759 5215 2972 5269 Amen.
2998 5215 3151 5269 Bene
3180 5214 3392 5270 valete.

263 5307 447 5365 tifcris
477 5307 570 5362 vel
591 5303 988 5362 infructiveris
1017 5299 1235 5357 diversi
1265 5299 1519 5370 generis,
1550 5300 1766 5373 puteis,
1796 5300 1926 5357 fon-
2107 5302 2402 5376 Scriptum
2427 5318 2534 5375 per
2560 5318 2812 5358 manum
2842 5301 3055 5358 Leonis
3093 5302 3306 5357 notarii
3352 5301 3690 5373 regionarii,

263 5397 447 5466 tibus,
477 5395 638 5466 rivis,
665 5390 1044 5456 molendinis,
1077 5388 1342 5462 piscariis
1397 5388 1570 5461 aquis
1601 5404 1923 5461 aquarum-
2033 5396 2214 5464 atque
2241 5391 2526 5460 scrinarii,
2561 5395 2778 5448 sanctae
2811 5394 3092 5447 Romanae
3135 5394 3351 5445 nostra:
3399 5389 3691 5461 Ecclesiae,

262 5501 385 5561 que
415 5483 806 5551 discursibus,
842 5479 1114 5549 castellis,
1143 5478 1470 5549 montibus,
1495 5477 1772 5548 vallibus,
1807 5480 1922 5536 col-
2031 5480 2093 5537 in
2141 5497 2347 5538 mense
2393 5481 2764 5546 Decembrio,
2804 5480 2865 5535 in
2907 5477 3252 5550 supradicto
3299 5495 3482 5551 anno,
3512 5480 3696 5537 indic-

260 5575 448 5646 libus,
501 5573 766 5647 rupturis
801 5567 1272 5642 adjacentiisque
1320 5583 1528 5626 eorum
1561 5567 1788 5624 cultum
1832 5569 1923 5625 vel
2033 5569 2192 5627 tione
2222 5585 2407 5644 supra
2436 5569 2766 5628 nominata.

554 5665 764 5720 PATOL.
798 5659 1038 5719 CXXXIII
3343 5663 3412 5714 29
