4116 6156
574 73 682 128 907

1326 185 1466 242 XIII.

636 311 869 354 AGAPETI
900 311 940 351 ll
970 309 1329 350 PRIVILEGIUM
1360 309 1472 350 PRO
1513 309 1862 350 MONASTERIO
1905 310 1952 348 S.
1985 309 2174 348 MANE

1200 399 1600 440 RIVIPULLENSI.

1215 492 1412 562 (Anno
1441 492 1586 563 951.)

783 599 980 674 [Apud
1010 602 1074 656 D.
1106 602 1376 672 Bouquet
1401 599 1504 654 ubi
1528 613 1738 668 supra,
1771 614 1830 671 p.
1865 599 2014 667 229.)
2091 657 2096 662 ,

644 732 939 784 Ααλνετυε
985 723 1326 798 episcopus,
1366 739 1574 778 servus
1624 739 1934 778 servorum
1968 721 2088 791 Dei,
2115 726 2227 776 An-

572 833 748 873 NULLO
819 814 1098 883 religioso
1177 811 1380 868 abbati
1451 811 1808 866 venerabilis
1883 811 2230 866 monasterii

573 910 794 962 sanctae
825 903 1015 960 Mariae
1055 901 1302 971 virginis
1333 899 1433 956 Dei
1459 901 1758 970 genitricis
1785 900 2048 955 dominre
2093 915 2226 954 nos-

571 999 697 1062 trai,
728 992 896 1066 quod
927 997 1016 1048 est
1047 992 1227 1047 situm
1261 989 1322 1044 in
1361 989 1647 1044 comitatu
1678 995 1940 1054 Ausona,
1969 990 2030 1044 in
2076 988 2228 1043 valle

571 1081 930 1155 Riopollensi
958 1080 1109 1136 inter
1137 1079 1260 1135 duo
1289 1078 1560 1147 ﬂumina,
1593 1081 1650 1133 et
1678 1083 1814 1150 post
1842 1084 1895 1133 te
1929 1077 1986 1132 in
2013 1076 2228 1132 eodem

569 1170 892 1227 venerabili
919 1169 1285 1225 monasterio
1314 1167 1430 1222 tuis
1459 1168 1903 1222 successoribus
1931 1167 1992 1222 in
2023 1182 2232 1239 perpe-

571 1265 762 1316 tuum.

642 1348 929 1406 Convenit
973 1347 1303 1420 apostolico
1347 1346 1745 1402 niodcrauiini
1802 1346 1903 1419 pia
1943 1345 2228 1415 religione

566 1437 927 1512 pollentibus
969 1435 1264 1492 benevola
1314 1436 1731 1508 compassione
1761 1450 2126 1503 succurrere,
2159 1450 2228 1490 ac

1960 61 2263 118 assem
2295 61 2495 117 PAPIE
2534 64 2604 119 ιι.
2993 101 3000 108 .
3805 80 3881 136 ωε

2268 189 2316 241 Α
2343 186 2744 242 anathematis
2771 186 3085 245 interdicto
3132 189 3563 260 promulgantes
3595 195 3879 258 decernimus

2342 278 2406 329 ut
2451 289 2562 330 nec
2607 290 2834 344 magna
2883 291 3192 348 parvaque
3230 293 3482 350 persona
3523 283 3708 340 audeat
3747 303 3882 361 neque

2339 369 2666 434 presumat
2712 369 2920 422 contra
2957 365 3072 422 hoc
3122 373 3388 424 nostrum
3433 372 3771 442 apostolicum
3806 380 3884 450 pri-

2340 453 2625 522 vilegium
2681 454 2744 510 iu
2773 455 3076 528 aliquibus
3133 471 3308 526 agere
3337 457 3558 529 injuste,
3577 476 3740 534 neque
3781 466 3884 524 itan.

2339 557 2476 612 gere
2509 547 2706 600 tentet.
2737 543 2795 600 Si
2822 545 2960 616 quis
2988 549 3208 613 autem,
3241 546 3403 618 quod
3429 563 3544 604 non
3573 551 3879 624 credimus,in

2340 631 2642 704 aliquibus
2700 633 2974 702 frangere
3025 634 3354 703 tentaverit,
3384 636 3522 692 sciat
3562 655 3634 704 se,
3663 641 3754 696 nisi
3792 645 3886 699 resi-

2336 721 2549 794 puerit,
2583 722 2930 778 auctoritate
2961 723 3056 778 Dei
3085 723 3521 796 omnipotentis,
3542 733 3594 782 et
3618 727 3885 788 sanctiPetri

2337 809 2746 880 apostolorum
2776 810 3080 882 principis,
3107 817 3286 883 atque
3325 817 3540 880 nostra,
3565 815 3658 887 qui
3680 817 3780 887 ejus
3801 818 3887 874 fun-

2339 897 2536 966 gimur
2565 898 2966 969 vicariatione,
2995 899 3395 956 anathematis
3441 900 3670 958 vinculis
3705 905 3886 961 indisso-

2335 985 2554 1042 lubiter
2571 1003 2700 1042 esse
2726 987 3168 1057 innodandum,
3200 993 3259 1044 et
3287 1006 3323 1045 a
3367 1005 3542 1060 regno
3583 991 3669 1046 Dei
3693 991 3885 1051 alienan-

2337 1076 2507 1145 dum,
2540 1081 2597 1132 et
2623 1092 2762 1132 cum
2792 1077 3036 1133 diabolo
3065 1081 3119 1134 et
3168 1079 3298 1148 ejus
3329 1079 3686 1136 atrocissimis
3718 1085 3888 1156 pompis

2339 1169 2520 1237 atque
2583 1182 2723 1221 cum
2788 1166 2942 1222 Juda
2998 1166 3277 1224 traditore
3336 1169 3560 1224 Domini
3603 1172 3755 1226 nostri
3797 1173 3889 1226 Jesn

2341 1253 2552 1308 Christi
2579 1259 2800 1310 aeterno
2825 1254 3105 1311 incendio
3133 1256 3647 1325 concremandum,
3673 1263 3718 1314 et
3749 1257 3796 1314 in
3828 1275 3889 1314 vo-

2341 1342 2614 1411 raginem
2649 1345 3093 1414 tartareumque
3120 1343 3306 1399 chaos
3353 1360 3573 1399 mersus
3599 1361 3716 1400 cum
3753 1346 3888 1417 impiis

2345 1429 2602 1485 deﬁciat.
2638 1430 2748 1495 Qui
2788 1447 2929 1486 vero
2973 1437 3176 1488 custos
3226 1436 3286 1488 et
3322 1433 3649 1489 observator
3673 1435 3888 1501 exstiterit

567 1528 895 1602 petentium
917 1526 1135 1583 animis
1165 1525 1348 1582 alacri
1383 1525 1700 1580 devotione
1721 1524 2006 1596 impertiri
2027 1539 2228 1579 assen—
2256 1537 2300 1595 Β
2342 1518 2776 1576 benedictionis
2824 1521 3082 1590 gratiam
3121 1527 3182 1578 et
3227 1522 3477 1578 cmlestis
3511 1523 3838 1579 retributionis
3868 1540 3891 1578 a

567 1635 726 1674 sum.
755 1621 834 1672 Ex
865 1617 981 1672 hoc
1011 1615 1170 1670 enim
1201 1614 1583 1686 potissimum
1616 1613 1931 1686 praemium
1961 1630 1997 1669 a
2025 1613 2228 1667 condi-

567 1712 692 1764 tore
714 1707 988 1762 omnium
1013 1708 1130 1760 Deo
1152 1696 1570 1775 procul‘dubio
1589 1719 2020 1774 promeremur,
2043 1718 2230 1774 quan-

565 1795 647 1852 do
659 1792 1024 1850 venerabilia
1033 1792 1168 1847 loca
1182 1795 1518 1864 opportune
1539 1790 1746 1846 ordine
1759 1796 1816 1846 ta
1828 1791 1905 1846 ad
1923 1789 2229 1846 meliorem

567 1885 790 1942 fuerint
834 1884 962 1940 sine
991 1881 1178 1938 dubio
1225 1885 1448 1937 statum
1496 1879 1806 1952 perducta.
1858 1880 2040 1949 Igitur
2083 1880 2230 1952 quia

563 1975 916 2049 postulastis
944 1989 980 2030 a
1011 1972 1188 2028 nobis
1213 1975 1513 2045 quatenus
1543 1971 1954 2043 supradictum
1981 1987 2227 2026 monas-

563 2065 780 2121 terium
811 2079 950 2118 cum
968 2061 1092 2118 suis
1115 2061 1280 2129 locis,
1305 2060 1573 2116 videlicet
1593 2060 1879 2126 ecclesiis,
1902 2061 2226 2133 parochiis,

562 2155 734 2224 villis,
765 2153 988 2220 fundis,
1018 2151 1196 2220 casis,
1230 2151 1552 2221 casalibus,
1597 2151 1787 2220 terris,
1819 2151 2026 2220 vineis,
2062 2167 2226 2207 cam-

565 2243 680 2316 pis,
713 2242 916 2316 pratis,
949 2240 1210 2313 pascuis,
1239 2239 1420 2307 silvis,
1465 2239 1728 2309 garricis,
1761 2237 1933 2306 areis,
1969 2239 2226 2296 torcula-

561 2333 684 2400 riis,
713 2347 1011 2404 aquarum
1041 2330 1166 2397 viis,
1199 2329 1583 2394 molendinis,
1618 2345 1758 2384 cum
1807 2329 1932 2384 suis
1976 2333 2226 2402 caputa-

563 2421 700 2494 quis
721 2425 778 2477 et
823 2420 945 2476 suis
1001 2417 1355 2490 piscatoriis,
1383 2417 1609 2473 cultum
1655 2422 1712 2472 et
1757 2417 2066 2486 incultum,
2101 2417 2226 2473 sive

563 2511 742 2568 etiam
773 2515 830 2566 et
884 2509 946 2564 in
983 2507 1148 2575 locis,
1181 2511 1238 2563 et
1278 2511 1576 2580 quantum
1621 2506 1682 2562 in
1739 2506 1984 2562 circuilu
2039 2508 2228 2580 ipsius

562 2597 909 2654 monasterii
937 2595 1160 2652 habere
1189 2594 1579 2666 dignoscitur,
1610 2594 2108 2650 conﬁrmaremus
2125 2612 2228 2652 vo-

561 2686 678 2756 bis,
709 2689 821 2742 etc.
853 2684 1182 2742 Statuimus
1209 2688 1411 2739 autem
1436 2688 1520 2750 ut,
1552 2683 1800 2756 quando
1822 2683 2015 2740 abbas
2038 2683 2226 2757 ipsius

563 2775 823 2833 coenobii
853 2775 928 2830 de
959 2775 1074 2830 hoc
1105 2773 1324 2829 saeculo
1356 2773 1718 2842 migraverit,
1748 2789 1944 2846 neque
1993 2791 2030 2830 a
2071 2775 2228 2843 regi-

2337 1610 2502 1680 justo
2526 1610 2729 1680 judice
2756 1610 3012 1666 Domino
3043 1617 3248 1668 nostro
3279 1615 3420 1668 Jesu
3453 1613 3662 1669 Christo
3694 1612 3890 1686 multipli-

2339 1700 2483 1756 citer
2527 1705 2951 1773 consequatur,
2981 1707 3041 1757 et
3076 1703 3212 1756 vita)
3255 1707 3490 1758 caterua:
3523 1703 3774 1775 particeps
3807 1719 3892 1758 esse

2343 1805 2454 1844 me)
2475 1793 2660 1845 catur.
3271 1833 3280 1861 τ

2413 1880 2707 1950 Scriptum
2739 1894 2844 1950 per
2891 1894 3144 1935 manum
3177 1880 3461 1952 Stephani
3487 1881 3680 1936 notarii
3703 1881 3894 1949 regiona-

2338 1967 2408 2023 rii
2439 1984 2616 2040 aque
2647 1968 2938 2024 scriniarii
2980 1973 3204 2024 sanctae
3252 1969 3552 2026 Eccclesiaa
3595 1970 3823 2026 Romanis
3854 1969 3892 2022 in

2337 2069 2471 2109 mei:
2497 2071 2544 2109 se
2571 2056 2966 2126 ευθεθωὺπίο,
2993 2057 3320 2115 indictione
3362 2058 3678 2132 supradicta
3714 2057 3892 2114 decima.

2339 2145 2490 2198 Bene
2524 2145 2732 2202 valete.

3101 2237 3238 2291 XIV.

2512 2357 2748 2396 AGAPETI
2777 2356 2814 2396 ιι
2841 2356 3112 2396 EPISTﬂLA
3143 2357 3215 2396 AD
3245 2358 3547 2398 SUNIARIU!
3567 2357 3780 2416 ᾼΒΒΔΤΕΙ

2979 2446 3172 2518 (Anno
3201 2449 3360 2520 951.)

2463 2553 2818 2610 Μοηαειθνίἰ
2839 2553 3175 2610 Crassensis
3192 2557 3522 2629 privilegia
3550 2556 3808 2625 conﬁrmat

2549 2661 2750 2734 [Apud
2775 2663 2840 2717 D.
2874 2664 3144 2734 Bouquet
3176 2665 3286 2720 ubi
3311 2681 3515 2736 supra,
3545 2681 3600 2737 p.
3623 2662 3748 2734 23L]

2407 2774 2486 2824 Ac
2507 2785 2700 2825 'sPETUS
2770 2769 3110 2844 episcopus,
3198 2787 3412 2828 servus
3482 2787 3754 2829 servorum
3804 2767 3893 2830 Dei,

559 2865 696 2931 bus,
729 2880 925 2938 neque
948 2879 985 2920 a
1007 2863 1372 2930 comitimus,
1395 2878 1591 2936 neque
1613 2879 1649 2918 a
1670 2863 2074 2936 qualicunque
2096 2880 2228 2936 per-
2257 2896 2296 2950 Ο
2341 2858 2505 2913 Sum:
2519 2874 2611 2912 R10
2658 2858 2935 2927 religioso
2991 2859 3196 2916 abbati
3245 2861 3596 2917 venerabilis
3643 2852 3894 2914 monasterii

563 2970 716 3011 sona
767 2969 878 3026 pro
925 2952 1265 3026 cupiditatis
1314 2952 1587 3025 pecunire
1633 2967 1838 3018 causa,
1879 2968 2076 3025 neque
2115 2969 2226 3026 pro

565 3043 971 3117 qualicunque
993 3041 1424 3099 favorisinanis
1461 3042 1670 3110 gloria,
1694 3041 1915 3096 ibidem
1935 3041 2128 3098 abbas
2154 3041 2227 3098 sit

565 3133 954 3198 constitutus;
987 3132 1091 3188 sed
1112 3147 1149 3187 a
1179 3131 1408 3186 cunctis
1451 3130 1638 3185 servis
1670 3132 1770 3185 Dei
1809 3131 2082 3199 ejusdem
2122 3147 2224 3186 su-

561 3222 816 3295 pradicti
867 3221 1127 3278 coenobii
1173 3220 1510 3276 secundum
1560 3223 1744 3275 Deum
1795 3224 1851 3276 et
1890 3221 2225 3276 secundum

561 3311 751 3366 sancti
777 3309 1076 3366 Benedicti
1102 3309 1290 3364 Patris
1319 3309 1590 3378 regulam
1622 3309 1808 3377 digna
1837 3325 2097 3380 persona
2126 3309 2225 3365 eli-

539 3404 737 3470 ‘gatur
757 3398 1220 3455 abbatis.Situm
1246 3413 1512 3469 namque
1539 3402 1630 3452 est
1659 3398 2067 3468 supradictum
2103 3415 2222 3454 cce-

559 3487 814 3543 nobium
843 3486 1110 3542 territorii
1138 3485 1396 3541 Ausonis
1425 3486 1484 3540 in
1513 3485 1659 3540 valle
1689 3486 2052 3556 ltiopulleusi
2075 3487 2226 3542 inter

562 3575 686 3630 duo
705 3573 980 3630 ﬂumina.
1005 3575 1150 3629 Item
1174 3573 1356 3628 etiam
1385 3572 1801 3628 constituimus
1843 3573 1946 3629 tibi
1991 3573 2226 3646 tuisque

561 3662 1010 3720 successoribus
1025 3662 1100 3717 de
1117 3661 1443 3733 supradicti
1487 3661 1744 3716 caanobii
1772 3661 1920 3718 locis
1961 3666 2018 3718 et
2047 3665 2229 3736 perti-

559 3753 774 3809 nentiis
796 3751 1086 3826 primitias
1107 3755 1162 3807 et
1183 3749 1470 3806 decimas.
1499 3753 1737 3806 Necnon
1768 3756 1826 3807 et
1862 3751 2076 3808 iterum
2109 3758 2225 3810 sta-

557 3842 800 3898 bilimus
815 3846 878 3898 ut
897 3841 1062 3896 nulla
1083 3839 1364 3913 quaelibet
1379 3855 1639 3912 persona
1654 3842 1964 3898 menachis
1985 3859 2226 3916 supras-

557 3933 726 4006 cripti
755 3931 934 3987 vestri
971 3929 1231 3987 caanobii
1271 3929 1730 3986 consistentibus
1758 3930 1975 4002 injuste
2008 3931 2224 3989 inferre

556 4021 1005 4088 districtionem,
1027 4024 1131 4077 aut
1145 4020 1220 4076 ad
1236 4019 1314 4090 inj
1328 4025 1520 4076 ustam
1532 4019 1727 4088 legem
1745 4020 2062 4094 deportare
2084 4039 2221 4078 cum

553 4111 748 4168 laicali
776 4125 1036 4183 persona
1055 4112 1404 4182 praesumat.
1433 4112 1579 4165 Nam
1620 4109 1764 4181 quia
1803 4111 2219 4183 supradictum

555 4200 986 4256 monasterium
1033 4199 1376 4270 ubicunque
1424 4214 1562 4254 cum
1608 4198 1732 4254 suis
1771 4199 2136 4271 pertinentiis
2185 4217 2223 4257 a

554 4293 918 4347 Francorum
932 4288 1174 4359 regibus
1190 4303 1298 4361 per
1314 4287 1594 4361 praecepti
1605 4270 1890 4360 paginam
1914 4270 2220 4347 ﬁrmatum

553 4384 610 4436 et
628 4378 950 4435 solidatum
971 4382 1063 4434 est
1077 4376 1262 4447 regali
1278 4377 1646 4444 auctoritate,
1662 4382 1726 4433 ut
1747 4378 2021 4450 superius
2039 4379 2223 4436 inser-

550 4474 679 4526 tum
709 4471 818 4538 est,
851 4467 1074 4524 amodo
1103 4472 1160 4523 et
1188 4467 1426 4524 inantea
1453 4466 1752 4539 quidquid
1779 4483 1890 4524 vos
1919 4469 2218 4542 vestrique

550 4574 926 4616 successores
952 4556 1218 4627 legaliter
1247 4555 1521 4629 acquisiti
1550 4555 1777 4612 fueritis
1823 4556 2035 4614 futuris
2065 4563 2216 4615 tem-

547 4649 818 4721 poribus,
875 4663 911 4704 a
956 4646 1236 4721 praesenti
1291 4645 1528 4702 decima
1566 4645 1908 4715 indictione,
1949 4647 2217 4705 inclinati

544 4739 826 4810 precibus
843 4735 1072 4805 vestris,
1104 4741 1163 4792 et
1189 4751 1296 4808 per
1342 4735 1752 4808 suprascripta
1799 4735 2026 4806 regalia
2071 4753 2220 4810 prae-

547 4830 738 4898 cepta,
772 4831 826 4881 et
851 4827 1034 4896 hujus
1063 4825 1356 4898 privilegii
1383 4826 1617 4895 seriem,
1651 4831 1716 4882 ut
1744 4826 2019 4899 superius
2072 4828 2217 4884 mis-

546 4929 682 4969 sum
723 4917 830 4985 est,
859 4914 921 4968 in
973 4919 1331 4986 perpetuum
1379 4915 1556 4972 vobis
1602 4915 1935 4989 vestrisque
1983 4932 2216 4975 succes-

545 5003 781 5060 soribus
831 5003 1264 5058 conﬁrmamus
1309 5007 1367 5060 et
1423 5003 1765 5060 stalil‘mus
1815 5005 2210 5063 detinendam

538 5097 596 5150 et
624 5092 851 5150 amodo
881 5091 1362 5165 dispensandum
1389 5097 1570 5166 atque
1599 5095 1953 5164 regendum,
1978 5100 2044 5152 ut
2071 5097 2211 5152 nul-

533 5183 628 5240 lus
646 5200 772 5255 rex,
793 5182 994 5240 nullus
1009 5182 1313 5256 princeps,
1335 5182 1534 5239 nullus
1555 5199 1779 5255 comes,
1798 5185 2000 5243 nullus
2043 5202 2208 5244 mar-

534 5275 690 5345 chio,
733 5273 935 5330 nullus
978 5271 1403 5345 judex,neque
1449 5272 1573 5330 ulla
1613 5289 1806 5346 parva
1857 5274 2204 5349 magnaque

531 5375 791 5433 persona
813 5362 1056 5435 aliquod
1077 5361 1374 5418 damnum
1392 5367 1494 5419 aut
1512 5361 1758 5419 invasio:
1773 5379 1888 5420 rem
1907 5363 1970 5420 in
1985 5365 2200 5420 eodem

533 5449 831 5520 coenobio,
850 5467 1047 5524 neque
1067 5453 1128 5508 in
1149 5452 1272 5507 suis
1297 5451 1668 5524 pertinentiis
1701 5468 1974 5526 unquam
2003 5453 2198 5510 facere

528 5529 876 5612 praesumat.
901 5543 1009 5597 Pro
1025 5558 1149 5613 quo
1171 5541 1284 5598 sub
1301 5542 1486 5599 divini
1499 5541 1712 5615 judicii
1729 5543 2130 5601 obtestatione
2141 5547 2202 5600 et

2337 2952 2556 3000 sancte
2624 2945 2724 3001 Dei
2792 2946 3090 3016 genitricis
3161 2948 3380 3016 Mariae,
3435 2947 3676 3005 domina:
3727 2948 3894 3008 nostra,

2337 3035 2664 3106 [quodest]
2707 3035 2886 3090 situm
2934 3036 2996 3091 in
3043 3037 3337 3094 comitatu
3387 3043 3754 3102 Carcassense,
3777 3045 3896 3104 super

2334 3125 2515 3178 lluvio
2549 3125 2846 3195 Urbionis,
2869 3131 2925 3180 et
2953 3131 3086 3198 pest
3115 3130 3168 3182 te
3198 3127 3265 3183 in
3289 3128 3500 3184 eodem
3529 3123 3796 3184 venerabili
3814 3135 3896 3176 mo-

2335 3214 2594 3270 nasterio
2625 3213 2736 3270 tuis
2767 3216 3215 3272 successoribus
3255 3217 3315 3273 in
3345 3223 3698 3291 perpetuum.

2405 3303 2693 3360 Convenit
2738 3305 3070 3376 apostolico
3116 3307 3519 3363 moderamim
3563 3307 3656 3380 pia
3691 3302 3894 3370 religione

2335 3391 2700 3465 pollentibus
2733 3393 3024 3449 benevola
3069 3397 3495 3468 compassione
3542 3405 3838 3455 succurrere,
3858 3391 3894 3439 et

2334 3482 2710 3554 poscentium
2741 3483 2958 3538 animis
2990 3499 3130 3538 cum
3175 3485 3363 3541 alacri
3416 3483 3706 3541 devotione
3744 3481 3894 3548 imper-

2333 3571 2426 3628 tiri
2479 3587 2818 3628 assensum.
2875 3575 2957 3628 Ex
3007 3573 3122 3628 hoc
3175 3575 3342 3630 enim
3397 3575 3540 3631 lucri
3605 3571 3892 3647 potissimum

2334 3661 2674 3734 praemium,
2706 3677 2742 3717 a
2784 3663 3091 3719 conditore
3137 3665 3440 3732 omnium,
3469 3667 3582 3720 Deo
3617 3656 3789 3736 procul
3823 3653 3894 3708 du-

2332 3750 2432 3806 bio
2462 3767 2896 3824 promeremur,
2923 3752 3172 3825 quando
3201 3754 3563 3811 venerabilia
3601 3753 3716 3808 loca
3736 3757 3892 3819 oppor-

2334 3846 2475 3898 tune
2501 3842 2777 3898 ordinata
2806 3841 2886 3898 ad
2910 3843 3218 3899 meliorem
3245 3843 3467 3900 fuerint
3508 3843 3624 3899 sine
3649 3836 3797 3896 dubio
3820 3836 3893 3887 sta-

2333 3936 2462 3988 tum
2515 3932 2824 4006 perducta.
2859 3933 3060 4004 Igitur,
3085 3935 3230 4007 quia
3262 3949 3372 4008 per
3409 3938 3656 3990 vestrum
3688 3929 3890 3998 legatum.

2331 4021 2600 4078 videlicet
2627 4021 2943 4078 Amulium
2965 4022 3259 4080 humilem
3304 4023 3580 4081 abbatem
3609 4011 3894 4090 «Rivipullcn‘

2334 4111 2485 4184 sem)
2506 4111 2820 4184 postulasti
2839 4127 2876 4168 a
2914 4111 3090 4168 nobis
3109 4118 3412 4186 quatenus
3437 4107 3809 4169 monasterium
3832 4113 3879 4154 sn

2333 4201 2675 4274 pradictum
2691 4201 3226 4270 conﬁrmaremus;
3260 4219 3402 4259 cum
3444 4200 3702 4259 omnibus
3725 4192 3818 4251 sinis
3843 4186 3896 4241 lg

2331 4290 2436 4362 cis,
2456 4291 2730 4348 videlicet
2743 4291 3072 4348 ecclesiis...
3095 4291 3376 4363 villabus,
3399 4293 3568 4358 casis,
3585 4277 3894 4352 nimisnimis.

2332 4381 2586 4454 campis,
2632 4381 2836 4454 pratis,
2886 4381 3146 4454 pascuis,
3198 4381 3381 4450 silvis,
3430 4379 3679 4452 garricis,
3705 4367 3894 4433 ωὀίεινθί

2328 4469 2686 4538 torculariis,
2713 4471 2906 4543 aquis,
2933 4485 3233 4544 aquarum
3284 4472 3416 4543 viis,
3445 4463 3764 4527 molendinis
3800 4468 3894 4514 cum

2331 4559 2458 4616 suis
2486 4560 2844 4633 caputaquis
2869 4564 2926 4616 et
2952 4560 3077 4616 suis
3102 4561 3457 4633 piscatoriis,
3488 4558 3695 4616 cultum
3734 4547 3804 4606 vel
3835 4544 3895 4600 in-

2328 4649 2592 4718 cultum;
2627 4649 2750 4705 sive
2773 4649 2954 4706 etiam
2983 4654 3041 4705 et
3062 4650 3124 4705 in
3148 4649 3244 4706 his
3265 4649 3436 4720 locis,
3457 4649 3516 4706 in
3534 4644 3781 4704 comitatu

2333 4753 2631 4802 cassense,
2677 4737 2882 4795 villam
2961 4739 3269 4809 Agrifolio,
3321 4755 3462 4796 cum
3499 4732 3726 4794 ecclesia
3761 4723 3894 4782 ωδε

2327 4827 2516 4900 Cyrici
2549 4843 2689 4882 cum
2725 4827 2991 4884 terminis
3019 4833 3080 4885 et
3117 4828 3343 4886 ﬁnibus
3392 4828 3537 4895 suis,
3557 4823 3736 4881 villam
3767 4813 3893 4872 εὕδω

2329 4915 2666 4972 Verzeliano
2695 4931 2835 4972 cum
2867 4917 3122 4974 ecclesia
3147 4921 3374 4974 sancta
3401 4915 3586 4974 Marias
3611 4917 3796 4968 etcum
3817 4904 3892 4955 ια’·

2321 5005 2500 5062 minis
2521 5005 2666 5073 suis,
2695 5009 2753 5062 et
2775 5005 2976 5062 villam
3005 5007 3354 5064 Cucuniano
3374 5022 3512 5063 cum
3535 4998 3754 5061 ecclesia
3770 5001 3890 5047 sanc-

2320 5098 2393 5152 ιω
2427 5095 2622 5152 Mariae
2652 5099 2710 5152 et
2746 5095 3016 5152 terminis
3072 5095 3216 5162 suis,
3271 5095 3638 5152 medietatem
3679 5077 3890 5147 etiam;et

2318 5189 2616 5258 quantum
2646 5185 2708 5240 in
2733 5185 2861 5256 jam
2891 5185 3052 5242 dicto
3097 5186 3390 5242 comitatu
3434 5185 3555 5257 ipse
3599 5181 3793 5236 locum...
3816 5178 3890 5258 ως

2316 5247 2484 5332 tea...
2507 5247 2980 5345 conﬁrmamus;
3014 5279 3072 5332 et
3097 5274 3159 5331 in
3209 5247 3494 5332 comitatu
3533 5259 3803 5328 Tolosonsi.

2306 5364 2369 5421 in
2417 5365 2652 5421 vicariis
2693 5366 2817 5421 suis
2865 5365 3181 5424 ecclesiam
3214 5370 3436 5424 sanctas
3483 5361 3659 5422 Mariae
3682 5359 3730 5412 et
3751 5343 3886 5406 ςωαυ

2323 5453 2666 5526 Salvatoris,
2699 5461 2756 5512 et
2809 5457 2998 5513 sancti
3033 5456 3278 5514 Joannis
3307 5456 3369 5512 in
3422 5453 3638 5520 Ercino,
3661 5437 3708 5502 εί
3739 5439 3886 5526 Ῑοσωῖξ

2311 5544 2606 5602 Camboni
2649 5518 2790 5603 cum
2847 5546 3136 5604 omnibus
3183 5546 3263 5604 ad
3290 5561 3356 5603 se
3399 5518 3690 5618 pertinenti
3730 5540 3816 5591 ωε
3845 5518 3887 5574 ⁸⁸
