4114 6146
205 86 310 141 909

1463 80 1814 138 EPISTOLJE
1851 76 2406 143 ET,PR1VILEGIA.

3537 78 3646 136 9ίῦ

205 210 501 280 quantum
532 204 613 261 ibi
643 205 981 277 Simplicius
1015 203 1355 260 archilevita
1394 202 1690 258 concessit
1730 217 1867 255 cum
1900 202 1947 256 Α
1985 198 2333 254 auctoritate
2377 201 2443 254 ut
2489 201 2764 272 superius
2806 200 3096 256 insertum
3145 203 3322 269 est,...
3380 199 3647 258 inclinati

210 314 331 352 ειυς
364 296 847 364 consanguineis,
892 296 1042 349 sicut
1069 295 1127 348 in
1177 309 1385 347 eorum
1437 293 1867 363 scripturarum

211 386 356 440 serie
382 391 641 445 resonat,
676 384 763 437 vel
794 385 851 437 in
882 388 1059 439 antea
1087 382 1147 437 in
1177 382 1322 453 ipsis
1354 380 1703 454 acquisituri
1733 380 1871 434 estis

210 473 354 529 locis
383 490 397 533 ;
426 479 483 527 et
520 473 579 526 in
636 473 921 525 comitatu
982 470 1245 525 Redcnse
1302 474 1600 541 quantum
1647 467 1871 523 ibidem

212 562 493 636 praefatus
531 562 867 631 Simplicius
900 560 1243 615 archilevita
1274 560 1584 623 concessit,
1640 562 1763 613 tam
1814 556 1875 611 in

214 650 511 723 parocbiis
537 665 724 719 quam
753 654 808 702 et
848 648 904 702 in
954 648 1181 702 caeteris
1228 647 1393 711 locis,
1447 647 1647 701 villam
1698 645 1877 700 etiam

214 742 688 793 Boxamaureain
720 742 775 791 et
814 736 1187 791 Aureliosam
1219 753 1355 791 cum
1404 735 1690 791 omnibus
1730 733 1876 804 juri-

212 826 327 881 bus
354 826 590 879 illorum
619 844 630 892 ;
666 831 722 879 et
752 825 811 879 in
845 825 1135 879 subumiio
1179 825 1718 897 Petrapertusiense
1765 823 1879 877 hoc

214 915 376 986 quod
429 912 593 968 dedit
651 914 934 975 Bogorius
998 914 1055 967 in
1120 914 1487 980 (Lucuuiano,
1545 914 1759 979 Retgas
1818 911 1880 964 in

218 1003 387 1059 Ollito
414 1019 552 1057 cum
601 1002 938 1066 ecclesia,...
982 1002 1041 1056 in
1092 1005 1342 1056 Paterno
1392 1018 1529 1056 cum
1584 1004 1882 1072 quantum

217 1092 291 1147 de
324 1092 463 1147 villa
494 1091 847 1147 Corneliano
894 1107 1083 1162 usque
1135 1092 1209 1146 ad
1258 1092 1386 1161 jam
1434 1091 1679 1155 dictum,
1731 1090 1886 1144 sicut

216 1182 300 1237 ibi
328 1181 536 1237 Holiba
563 1182 889 1245 concessit;
952 1182 1160 1235 Villam
1204 1180 1556 1237 Corneliano
1584 1196 1720 1235 cum
1755 1179 1887 1251 ipsa

220 1271 489 1336 ecclesia,
524 1270 726 1325 villam
770 1269 1024 1340 Stagello
1056 1287 1195 1325 cum
1228 1287 1337 1325 sua
1368 1270 1685 1325 ecclesia...
1735 1283 1885 1341 qua-

223 1359 506 1417 rumlibet
534 1358 595 1414 in
623 1359 763 1415 villa
804 1359 1078 1427 Gologias
1111 1376 1250 1414 cum
1281 1360 1530 1415 ecclesia
1580 1374 1711 1427 sua,
1767 1373 1889 1411 me-

224 1450 394 1505 dium
424 1452 767 1504 Vernettum
799 1464 935 1502 cum
979 1464 1086 1502 sua
1136 1447 1408 1513 ecclesia,
1456 1447 1662 1502 villam
1709 1446 1888 1517 Ripas

1983 288 2262 359 precibus
2296 287 2624 359 supradicti
2654 288 2832 357 legati
2880 288 3061 344 vestri
3106 288 3333 345 Arnulﬁ
3382 290 3643 358 abbatis,

1984 382 2039 431 et
2069 393 2175 448 per
2200 377 2606 449 suprascripta
2629 377 2854 446 regalia
2881 383 3184 451 praecepta
3210 384 3267 434 et
3304 379 3421 436 alia
3468 378 3649 453 privi-

1983 464 2204 535 legia...
2236 465 2297 520 in
2330 469 2685 538 perpetuum
2716 463 2885 520 vobis
2910 466 3237 538 vestrisque
3288 466 3647 523 successori-

1984 555 2100 611 bus
2122 557 2555 611 contirmamus
2580 560 2637 610 et
2667 554 3003 610 stabilimus
3031 556 3442 625 detinendum,
3466 563 3524 613 et
3548 556 3651 613 Dei

1987 660 2125 699 cum
2150 645 2362 699 timore
2401 649 2457 700 et
2496 660 2531 699 a
2575 645 2759 699 modo
2807 644 3284 715 dispensandum
3335 652 3515 719 atque
3561 661 3652 702 re-

1990 734 2275 802 gendum,
2311 738 2377 788 ut
2428 732 2629 788 nullus
2658 749 2780 795 rex,
2840 732 3040 788 nullus
3092 732 3392 806 princeps,
3450 734 3651 790 nullus

1988 839 2215 891 comes,
2255 821 2453 877 nullus
2483 822 2770 887 marchio,
2802 821 3001 877 nullus
3024 821 3234 892 judex,
3258 838 3454 894 neque
3488 824 3653 880 nulla

1992 927 2216 979 magna
2246 927 2553 983 parvaque
2578 927 2842 984 persona
2881 910 3145 982 aliquam
3175 911 3298 966 vim
3342 916 3446 967 aut
3490 912 3650 968 inva-

1992 1000 2223 1054 sionem
2257 1000 2317 1053 in
2348 999 2558 1054 eodem
2589 998 2885 1063 coenobio,
2913 1015 3109 1070 neque
3131 999 3191 1053 in
3217 999 3340 1054 suis
3362 999 3657 1071 pertinen-

1995 1088 2085 1144 tiis
2118 1104 2389 1160 unquam
2417 1088 2610 1143 facere
2638 1092 2983 1160 praesumat.
3018 1090 3125 1142 Pro
3154 1104 3277 1160 quo
3317 1093 3375 1143 et
3426 1088 3541 1145 sub
3570 1088 3657 1144 di-

1994 1178 2115 1232 vini
2142 1177 2350 1246 judicii
2380 1176 2773 1232 obtestatione
2803 1181 2861 1232 et
2903 1176 3304 1232 anathematis
3346 1177 3658 1233 interdicto

1995 1267 2449 1339 promulgantes
2491 1267 2895 1331 decernimus,
2924 1270 2991 1322 ut
3035 1266 3181 1322 nulli
3231 1282 3505 1339 unquam
3555 1282 3661 1323 no-

1999 1361 2255 1411 strorum
2296 1372 2713 1412 successorum
2736 1356 3113 1429 pontiﬁcum,
3153 1360 3227 1423 et,
3273 1361 3340 1412 ut
3383 1357 3658 1429 superius

1997 1446 2336 1519 posuimus,
2365 1445 2529 1501 nulla
2557 1460 2784 1515 magna
2820 1460 3130 1518 parvaque
3154 1460 3415 1519 persona
3441 1446 3664 1502 audeat

222 1537 383 1593 Altas
414 1538 699 1591 cum‘isua
751 1536 1022 1604 ecclesia,
1077 1540 1133 1590 et
1179 1535 1378 1607 ipsum
1428 1534 1700 1590 Villarem
1751 1549 1889 1587 cum
1922 1554 1964 1609 Β
2000 1550 2197 1606 neque
2226 1541 2555 1607 praesumat
2581 1540 2788 1590 contra
2817 1535 2930 1590 hoc
2959 1539 3231 1590 nostrum
3263 1535 3662 1607 apostolicum

228 1642 338 1682 sua
367 1626 635 1690 ecclesia,
672 1624 871 1680 villam
900 1626 1200 1693 Coningos
1233 1640 1373 1679 cum
1405 1639 1515 1678 sua
1540 1621 1807 1688 ecclesia,
1837 1625 1894 1677 et

225 1714 287 1771 in
319 1715 484 1771 villas
516 1713 738 1785 Palsas,
770 1718 827 1768 et
854 1714 916 1769 in
948 1712 1084 1769 villa
1112 1714 1188 1767 de
1220 1715 1478 1769 Canonae
1516 1712 1890 1783 piscaturas;

229 1809 286 1860 et
341 1805 404 1859 in
461 1803 746 1859 comitatu
804 1803 1141 1859 conﬂuente
1193 1807 1495 1873 quantum
1547 1800 1782 1857 habetis
1832 1799 1893 1854 in

231 1898 405 1966 prata
434 1897 491 1948 et
508 1894 571 1948 in
594 1892 851 1948 bonaria
879 1891 958 1947 ad
988 1908 1050 1947 se
1074 1890 1466 1963 pertinentia;
1499 1890 1562 1945 in
1610 1890 1897 1945 comitatu

232 1980 616 2039 Gerundense
646 1979 961 2036 ecclesiam
994 1980 1184 2035 sancti
1234 1978 1456 2049 Felicis,
1504 1978 1567 2033 in
1614 1978 1755 2034 villa
1788 1981 1895 2033 Lo-

230 2069 511 2139 rostaria,
543 2072 601 2123 et
629 2084 740 2124 sua
771 2067 1057 2135 ecclesia;
1084 2067 1145 2123 in
1176 2068 1460 2123 comitatu
1491 2066 1897 2122 Bisuldinense

235 2157 553 2214 ecclesiam
584 2157 774 2213 sancti
806 2156 1088 2227 Stephani
1120 2160 1177 2211 et
1202 2156 1391 2212 sancti
1419 2155 1737 2225 Peregrini,
1793 2170 1901 2210 seu

234 2252 292 2303 et
319 2246 525 2302 villam
564 2246 841 2301 Enuscho
867 2251 924 2300 et
947 2244 1218 2301 Mediana
1246 2261 1388 2301 cum
1432 2244 1680 2300 ecclesia
1706 2247 1763 2299 et
1790 2259 1902 2300 sua

233 2335 594 2409 pertinentia
622 2352 637 2403 ;
667 2339 724 2391 et
747 2335 911 2406 quod
936 2334 1164 2389 habent
1194 2335 1256 2389 in
1280 2326 1742 2402 Barcinonense,
1770 2332 1901 2389 etin

238 2424 576 2490 Oriellense,
605 2429 663 2480 et
689 2424 751 2479 in
785 2424 1190 2489 Sardariense,
1243 2428 1300 2478 et
1326 2424 1388 2479 in
1434 2423 1816 2493 Cabastense,
1847 2426 1905 2478 et

236 2512 298 2568 in
322 2512 621 2575 Albiense,
653 2514 711 2567 et
737 2510 800 2565 in
831 2510 1217 2578 Minerbense,
1250 2510 1703 2578 conﬁrmamus,
1737 2514 1794 2567 et
1842 2510 1905 2565 in

240 2602 528 2658 comitatu
554 2601 937 2658 Narbonense
968 2601 1169 2657 villam
1212 2602 1443 2657 Erciam
1473 2618 1612 2656 cum
1657 2617 1768 2656 sua
1814 2617 1906 2655 ec-

240 2691 443 2759 clesia,
467 2695 525 2745 et
550 2689 825 2745 ininsula
849 2689 961 2746 Sici
991 2689 1302 2744 ecclesiam
1331 2690 1520 2745 sancti
1568 2689 1719 2745 Petri
1766 2706 1907 2745 cum

243 2795 358 2835 sua
386 2778 765 2851 pertinentia,
811 2781 868 2833 et
916 2785 1214 2849 quantum
1262 2778 1345 2833 ibi
1393 2778 1558 2834 dedit
1603 2778 1906 2849 Remigius

2001 1623 2381 1696 privilegium
2406 1624 2464 1679 in
2482 1623 2711 1695 aliquid
2731 1639 2927 1693 agere,
2950 1638 3147 1695 neque
3170 1623 3444 1693 frangere
3459 1627 3658 1680 tentet.

2003 1713 2060 1768 Si
2086 1713 2221 1785 quis
2250 1718 2474 1778 autem,
2505 1712 2671 1784 quod
2690 1727 2811 1767 non
2841 1712 3162 1780 credimus,
3188 1713 3247 1767 in
3276 1712 3480 1785 aliquo
3509 1713 3667 1768 fran-

2005 1818 2140 1871 gere
2162 1803 2493 1869 tentaverit,
2524 1802 2669 1858 sciat
2698 1818 2783 1873 se,
2815 1802 2929 1857 nisi
2956 1801 3292 1874 resipuerit,
3317 1801 3667 1858 auctoritate

2007 1890 2107 1947 Dei
2136 1890 2581 1964 omnipotentis,
2611 1896 2667 1948 et
2694 1891 2881 1947 sancti
2898 1890 3050 1947 Petri
3071 1890 3482 1963 apostolorum
3501 1890 3667 1964 prin-

2006 1980 2174 2053 cipis,
2233 1985 2412 2053 atque
2456 1985 2681 2049 nostra,
2738 1981 2844 2053 qui
2901 1981 3032 2051 ejus
3076 1979 3384 2050 fungimur
3423 1979 3671 2037 vicaria-

2006 2069 2185 2136 tione,
2235 2069 2633 2125 anathematis
2694 2068 2949 2124 vinculis
3005 2067 3493 2124 indissolubiliter
3538 2083 3669 2125 esse

2006 2156 2447 2228 innodandum,
2482 2162 2538 2212 et
2568 2173 2605 2214 a
2631 2172 2818 2227 regno
2859 2156 2960 2213 Dei
2990 2155 3398 2225 alienandum,
3446 2160 3503 2213 et
3530 2172 3669 2213 cum

2009 2246 2253 2302 diabolo
2292 2252 2349 2302 et
2375 2247 2505 2318 ejus
2550 2246 2937 2303 atrocissimis
2984 2234 3247 2319 pompis,
3300 2250 3482 2319 atque
3531 2262 3672 2302 cum

2009 2335 2166 2392 Juda
2196 2336 2476 2391 traditore
2510 2335 2740 2391 Domini
2767 2336 2956 2393 nostri
2989 2336 3132 2391 Jesu
3163 2334 3393 2405 Christi,
3449 2338 3672 2392 aeterno

2010 2424 2288 2480 incendio
2319 2425 2851 2493 concremandum,
2885 2429 2943 2481 et
2990 2424 3051 2480 in
3098 2423 3454 2494 voraginem
3498 2428 3675 2481 tarta-

2011 2530 2304 2587 reumque
2333 2515 2517 2571 chaos
2545 2514 2857 2570 demersus
2887 2530 3027 2570 cum
3052 2513 3253 2587 impiis
3277 2513 3537 2570 deﬁciat.

2088 2604 2385 2677 Scriptum
2423 2621 2531 2678 per
2577 2619 2827 2661 manum
2877 2604 3181 2678 Stephani,
3235 2603 3452 2660 notarii
3496 2608 3676 2677 atque

2016 2693 2307 2748 scriniarii
2337 2698 2557 2749 sanctae
2587 2699 2768 2766 atque
2800 2694 3141 2766 apostolicae
3171 2696 3457 2749 Romanaa
3480 2691 3678 2749 Eccle-

2016 2781 2138 2850 εἰῶ,
2170 2782 2234 2837 in
2266 2797 2471 2838 mense
2503 2782 2833 2849 Decembri,
2872 2799 2980 2856 per
3024 2782 3410 2839 indictionem
3465 2796 3679 2854 supra-

243 2866 610 2962 archilevita,
643 2870 701 2922 et
731 2865 793 2921 in
819 2866 1112 2962 Tolosano
1136 2866 1343 2922 villa...
1377 2871 1434 2922 et
1462 2866 1731 2962 Dalmam
1761 2871 1818 2922 et
1846 2866 1908 2922 in
1938 2904 1982 2962 ο
2015 2869 2239 2926 dictam
2267 2870 2585 2927 decimam.
2621 2874 2772 2927 Bene
2797 2870 3009 2927 valete.

242 2955 386 3011 villa
436 2954 673 3010 Alianto
722 2958 779 3009 et
810 2953 1156 3009 Fabriciano
1204 2959 1261 3009 et
1308 2954 1592 3023 Ferrales,
1626 2956 1909 3011 Fabarios

247 3044 439 3103 sancti
466 3042 749 3115 Stephani
778 3047 835 3097 et
874 3044 1065 3098 sancti
1096 3042 1337 3099 Genesi:
1388 3044 1483 3099 vel
1520 3044 1581 3099 in
1625 3044 1765 3100 villa
1811 3044 1910 3101 Mi-

244 3134 388 3190 lano
442 3137 739 3205 quantum
785 3131 1008 3187 ibidem
1052 3132 1295 3188 habent.
1345 3137 1408 3188 In
1458 3133 1746 3190 comitatu
1792 3138 1910 3189 Au-

250 3238 401 3280 sana
427 3221 741 3277 ecclesiam
776 3220 970 3276 sancti
1017 3220 1263 3283 Martini,
1312 3237 1452 3277 cum
1500 3222 1623 3277 suis
1665 3223 1914 3279 decimis

250 3316 310 3368 et
336 3310 725 3384 pertinentiis,
775 3325 881 3365 seu
928 3310 1072 3365 etin
1115 3310 1250 3366 villa
1296 3313 1556 3367 R....ano
1604 3317 1661 3367 et
1711 3313 1915 3368 villare

252 3399 560 3469 Asenario,
591 3404 888 3471 quantum
911 3398 1137 3455 ibidem
1162 3400 1425 3467 habent;
1479 3406 1537 3456 et
1578 3401 1639 3456 in
1685 3402 1918 3458 Salinas

254 3504 443 3562 prope
493 3486 774 3543 Narbona
818 3491 876 3543 et
916 3488 1087 3558 juxta
1133 3492 1411 3556 stagnum
1469 3493 1765 3560 quantum
1815 3490 1921 3545 ibi-

256 3578 398 3634 dem
426 3577 671 3643 habent,
706 3576 799 3632 vel
828 3593 967 3631 cum
997 3577 1281 3632 omnibus
1320 3576 1400 3633 ad
1443 3580 1921 3652 suprascriptum

256 3665 691 3721 monasterium
722 3665 784 3719 in
813 3665 1046 3735 integro
1075 3664 1511 3737 pertinentibus
1542 3683 1555 3720 :
1608 3670 1666 3721 et
1711 3664 1924 3721 conﬁr-

260 3770 504 3810 mamus
551 3752 723 3808 vobis
780 3753 1171 3824 pontaticum,
1225 3753 1605 3825 raptaticum,
1657 3753 1922 3809 salinati-

261 3858 425 3909 cum,
455 3840 780 3907 toloneum,
811 3841 961 3895 sicut
985 3856 1156 3909 reges
1186 3841 1358 3896 vobis
1391 3858 1498 3913 per
1514 3842 1797 3914 praecepti
1817 3857 1926 3914 pa-

262 3931 472 4001 ginam
503 3933 946 3984 concesserunt.
982 3928 1305 3986 Statuimus
1336 3934 1537 3985 autem
1567 3935 1649 3999 ut,
1682 3931 1929 4003 quando

263 4018 460 4076 abbas
488 4017 632 4073 dicit
673 4016 1019 4073 monasterii
1047 4016 1123 4072 de
1151 4017 1267 4073 hoc
1303 4019 1523 4073 saeculo
1567 4017 1929 4089 migraverit,

262 4123 462 4180 neque
517 4123 554 4163 a
598 4107 862 4175 regibus,
918 4122 1115 4179 neque
1176 4122 1212 4162 a
1261 4107 1599 4171 comitibus,
1648 4123 1844 4181 neque
1897 4123 1933 4164 a

269 4197 682 4270 qualicunque
748 4211 1008 4267 persona
1068 4211 1177 4267 pro
1259 4196 1598 4269 cupiditatis
1663 4196 1931 4269 pecuniae

270 4302 478 4353 causa,
508 4300 704 4357 neque
733 4300 844 4357 pro
869 4284 1279 4357 qualicunque
1316 4285 1538 4341 favoris
1562 4287 1756 4342 inanis
1805 4286 1931 4356 glo-

268 4376 378 4443 ria,
405 4375 630 4431 ibidem
663 4374 857 4430 abbas
879 4374 953 4429 sit
976 4376 1349 4440 constitutus,
1378 4375 1484 4430 sed
1515 4391 1552 4431 a
1571 4376 1799 4433 cunctis
1816 4392 1935 4432 ser-

271 4480 488 4521 vorum
550 4463 648 4519 Dei
701 4463 897 4520 eidem
945 4464 1310 4521 monasterio
1360 4464 1696 4521 secundum
1749 4469 1935 4522 Deum

273 4551 469 4608 eidem
499 4552 863 4607 monasterio
903 4552 1240 4608 secundum
1266 4553 1454 4609 sancti
1481 4553 1778 4610 Benedicti
1832 4559 1937 4611 Pa-

274 4640 381 4696 tris
408 4640 746 4710 regulam...
780 4640 1075 4711 eligantur
1104 4642 1378 4698 abbates.
1430 4642 1618 4699 Situm
1671 4658 1941 4716 namque

276 4733 370 4786 est
419 4729 831 4803 supradictum
876 4731 1310 4787 monasterium
1357 4731 1646 4788 territorio
1705 4735 1944 4790 Carcas-

276 4833 457 4874 sense
477 4818 651 4890 juxta
666 4834 825 4891 pago
843 4819 1265 4877 Narbonensis.
1283 4825 1426 4877 Item
1443 4820 1945 4879 etconﬁrmamus

278 4907 388 4964 tibi
408 4907 644 4981 tuisque
663 4908 1110 4964 successoribus
1124 4910 1199 4964 de
1218 4909 1413 4981 ipsius
1438 4912 1630 4967 sancti
1652 4916 1951 4969 monaste-

278 4995 352 5052 rii
376 4993 523 5052 locis
545 5001 603 5052 et
620 4996 1012 5069 pertinentiis,
1037 4997 1315 5068 primitiis
1339 5002 1395 5054 et
1410 4998 1659 5055 decimis
1681 5018 1693 5055 :
1714 5015 1953 5057 necnon

283 5089 343 5141 et
366 5085 582 5141 iterum
614 5084 950 5141 stabilimus
984 5084 1234 5141 utnulla
1254 5086 1521 5159 qualibet
1549 5104 1812 5159 persona
1831 5107 1960 5156 mo_

283 5174 499 5230 nachis
548 5174 725 5231 vestri
775 5174 1124 5230 monasterii
1167 5174 1631 5231 consistentibus
1672 5177 1956 5248 injuste...

290 5267 396 5320 aut
424 5263 502 5319 ad
530 5262 821 5335 injustam
847 5263 1043 5333 legem
1075 5262 1392 5335 deportare
1423 5280 1561 5319 cum
1595 5264 1790 5322 laicali
1826 5282 1956 5339 per-

291 5367 443 5407 sona
473 5357 822 5423 praesumat.
858 5355 1006 5407 Nam
1033 5351 1179 5424 quia
1217 5352 1631 5425 supradictum
1662 5360 1964 5413 monaste-

290 5441 517 5497 rium...
549 5458 587 5498 a
617 5444 981 5496 Francorum
1029 5456 1166 5511 rege
1199 5443 1480 5515 praecepti
1527 5444 1815 5515 paginam
1866 5446 1968 5502 ﬁr-

295 5535 530 5589 matum
554 5535 611 5587 et
646 5529 968 5588 solidatam
989 5534 1146 5587 est...
1178 5531 1261 5590 ita
1289 5538 1347 5589 et
1376 5536 1590 5591 nostra
1634 5534 1971 5607 apostolica

2794 2979 2900 3033 XV.

2056 3101 2291 3140 AGAPETI
2332 3101 2488 3140 PAPE
2527 3100 2568 3139 II
2604 3100 2955 3141 PRIVILEGIUM
3002 3099 3316 3141 CONCESSUM
3354 3100 3643 3143 MAIMBODO

2490 3171 2888 3212 MATISCONENSI
2925 3170 3207 3213 EPISCOPO.

2605 3266 2800 3329 (Anno
2829 3263 3104 3336 946-954.)

2024 3370 2301 3427 Ecclesiae
2328 3371 2393 3427 S.
2434 3371 2732 3427 Vincentii
2770 3372 3222 3430 Matisconensis
3260 3373 3685 3431 canonicorum

2264 3460 2584 3530 privilegia
2611 3465 2667 3516 et
2692 3463 3082 3530 possessiones
3113 3463 3447 3532 conﬁrmat.

2171 3567 2373 3640 [Apud
2394 3567 2599 3633 Mansi,
2636 3568 2865 3625 Concil.
2898 3573 3042 3625 tom.
3075 3570 3256 3641 XVIII,
3284 3571 3398 3628 col.
3428 3572 3582 3644 41L]

2106 3678 2395 3730 Acareros
2417 3676 2761 3748 episcopus,
2794 3692 3002 3733 servus
3034 3694 3347 3735 servorum
3379 3681 3499 3748 Dei,
3529 3695 3693 3735 reve-

2033 3763 2371 3818 rentissimo
2397 3768 2455 3817 et
2493 3764 2875 3819 sanctissimo
2915 3767 3212 3823 anono
3250 3767 3693 3824 Matisconensis

2038 3850 2312 3906 Ecclesiae
2341 3851 2648 3924 episcopo,
2690 3854 3113 3928 perpetuisque
3155 3857 3604 3913 successoribus
3632 3856 3697 3913 in

2038 3942 2392 4011 perpetuum
2403 3979 2415 3991 .

2113 4028 2260 4082 Cum
2286 4025 2560 4081 omnium
2587 4031 2932 4083 sanctarum
2961 4029 3063 4084 Dei
3093 4031 3482 4089 ecclesiarum
3513 4036 3700 4089 status

2043 4131 2079 4171 a
2130 4114 2448 4171 beatorum
2500 4116 2911 4188 apostolorum
2955 4119 3240 4194 principis
3284 4123 3433 4179 Petri
3489 4122 3703 4179 doctri-

2044 4202 2137 4259 nis
2165 4203 2552 4276 provehatur,
2603 4208 2660 4259 et
2703 4204 2782 4260 ab
2820 4206 2950 4277 ejus
2997 4206 3301 4266 fulcimine
3350 4210 3523 4283 lapsa
3567 4224 3706 4283 qua)

2047 4297 2186 4349 sunt
2240 4293 2681 4363 resolidantur;
2734 4301 2967 4367 oportet
3011 4299 3223 4355 merito
3272 4305 3544 4358 sanctam
3589 4304 3703 4358 Ma.

2046 4383 2451 4439 tisconensem
2505 4383 2826 4440 Ecclesiam
2874 4386 3338 4447 minorationem
3395 4406 3518 4447 suae
3566 4390 3711 4445 dioe-

2051 4487 2255 4528 ceseos
2309 4471 2655 4545 patientem,
2707 4490 3076 4550 suarumque
3130 4478 3491 4549 dignitatum
3535 4478 3713 4551 copia

2050 4566 2352 4618 carentem
2407 4562 2521 4618 cito
2575 4563 2825 4634 restitui,
2891 4569 2956 4621 ut
3010 4567 3304 4624 honorem
3359 4586 3537 4625 suum
3589 4583 3715 4625 non

2052 4652 2305 4708 amittat.
2364 4654 2802 4721 Cognoscentes
2853 4653 3034 4723 igitur
3073 4655 3270 4729 ipsam
3323 4658 3385 4714 in
3433 4658 3718 4715 omnibus

2052 4744 2427 4812 quassatam,
2458 4741 2734 4796 convenit
2763 4742 2843 4797 ad
2892 4744 3023 4814 ejus
3072 4745 3450 4804 relevationis
3498 4752 3719 4805 statum

2057 4828 2485 4886 auxiliatricem
2515 4834 2783 4887 nostram
2812 4832 3113 4904 perrigere
3151 4835 3424 4893 dextram
3454 4856 3466 4894 :
3517 4842 3724 4911 quate-

2058 4931 2175 4973 nus
2200 4919 2260 4973 B.
2290 4918 2433 4975 Petri
2467 4918 2723 4990 apostoli
2752 4920 2912 4977 fonte
2942 4927 3170 4996 potata,
3199 4926 3427 4984 Christo
3450 4928 3721 5000 juvante,

2065 5004 2190 5061 suis
2251 5007 2686 5076 redintegretur
2739 5008 3112 5083 honoribus;
3165 5018 3223 5071 et
3262 5014 3397 5073 ideo
3450 5018 3725 5073 omnium

2068 5098 2415 5152 sanctarum
2466 5096 2568 5153 Dei
2619 5097 3011 5158 ecclesiarum
3054 5104 3307 5161 cultores
3357 5105 3728 5177 comperiant

2070 5189 2249 5257 atque
2275 5184 2500 5253 ﬁdeles,
2516 5201 2588 5242 eo
2618 5188 2784 5260 quod
2815 5190 3209 5260 Maimbodus,
3232 5191 3480 5247 dilectus
3504 5192 3730 5264 episco-

2072 5288 2208 5346 pus,
2251 5274 2571 5346 spiritualis
2626 5275 2783 5333 ﬁlius
2826 5286 3047 5348 noster,
3105 5280 3423 5348 suggessit,
3456 5281 3735 5354 apostoli-

2077 5378 2163 5419 cus
2189 5363 2440 5421 almitati
2482 5370 2723 5438 nostras,
2750 5370 3049 5438 quatenus
3092 5367 3556 5427 concederemus
3612 5373 3737 5430 suis

2082 5454 2387 5511 canonicis
2434 5460 2491 5512 et
2535 5454 2701 5511 laicis
2748 5454 2809 5509 in
2858 5454 3106 5511 ecclesia
3155 5457 3212 5512 S.
3256 5456 3545 5517 Vincentii
3585 5478 3739 5519 mar-

2079 5542 2237 5615 tyris
2260 5542 2794 5611 commorantibus,
2817 5540 3057 5599 aliunde
3075 5542 3300 5603 ibidem
3319 5562 3444 5606 non
3463 5551 3741 5608 ordinare
