4166 6162
524 67 622 120 9H

1926 51 2224 108 AGAPETI
2261 48 2459 104 ΡΑΡᾸΞ
2496 46 2542 104 ΙΙ

3841 49 3941 104 912

521 183 874 256 episcopum
921 179 1036 236 nisi
1069 177 1314 251 qualem
1352 175 1626 233 canonici
1672 192 1797 233 una
1843 191 1981 232 cum
2030 189 2177 248 prte-
2203 175 2251 232 Δ
2289 169 2494 228 aeterni
2521 169 2780 226 incendii
2833 167 3126 241 supplicio
3156 167 3686 256 concremandum.
3717 173 3786 225 At
3807 185 3942 226 vero

519 270 689 327 dictis
719 267 1011 340 religiosis
1039 265 1204 322 laicis
1233 265 1384 322 inter
1411 281 1474 320 sc
1499 264 1800 336 elegerint,
1835 265 1988 320 sicut
2025 261 2180 319 sacri

517 363 764 416 censent
788 372 1090 424 canones;
1146 355 1326 412 etiam
1359 354 1747 411 concedimus
1775 353 1884 410 sibi
1937 352 2179 424 suisque

517 445 986 512 successoribus,
1021 449 1085 501 ut
1106 445 1302 500 honor
1326 443 1564 500 debitus
1594 443 1759 499 omni
1783 448 2052 515 tempore
2071 440 2180 496 im-

511 536 833 610 pendatur.
867 533 1316 591 Praenominatis
1345 533 1520 589 etiam
1553 532 1859 588 canonicis
1907 529 2181 587 concedi-

512 642 650 682 mus
685 629 864 698 atque
894 623 1332 680 conﬁrmamus
1359 638 1568 678 omnes
1592 638 1708 693 res,
1734 635 1870 694 quae
1895 636 2003 694 per
2031 634 2179 692 prae-

511 718 684 786 cepta
709 728 918 783 regum
951 711 1046 768 vel
1075 711 1454 782 largitionem
1501 710 1803 766 bonorum
1847 708 2060 767 Christi
2108 707 2176 762 ﬁ-

509 803 736 860 delium
793 802 1106 874 utriusque
1157 816 1334 856 sexus
1371 799 1434 855 in
1489 799 1700 855 eodem
1757 799 1891 855 loco
1945 796 2174 854 collatas

510 896 669 962 sunt,
717 897 782 948 ut
819 889 1303 961 irrefragabiliter
1364 888 1492 945 sine
1561 888 1815 960 alicujus
1873 886 2172 944 contradi-

508 981 702 1038 ctione
729 980 789 1036 in
819 983 1177 1053 perpetuum
1229 978 1512 1034 habeant.
1565 977 1885 1034 Abbatiam
1918 993 2061 1034 vero
2111 977 2167 1033 S.

513 1069 826 1127 Clementis
853 1068 1153 1140 martyris,
1185 1084 1321 1140 quas
1366 1071 1452 1123 est
1481 1067 1541 1123 in
1591 1067 1881 1124 suburbio
1908 1066 2168 1140 praefatae

507 1159 758 1215 civitatis
817 1174 956 1213 cum
1009 1157 1176 1213 omni
1225 1156 1555 1227 integritate
1595 1161 1650 1212 ct
1679 1155 1938 1213 ecclesiis
1987 1159 2168 1228 atque

503 1247 672 1304 terris
703 1250 760 1303 et
789 1246 1042 1316 ancillis,
1072 1245 1300 1302 colonis
1343 1250 1400 1302 et
1443 1245 1774 1302 colonabus
1827 1245 1942 1300 sibi
1995 1245 2168 1317 perti-

499 1336 781 1392 nentibus
807 1354 820 1404 ;
855 1351 965 1392 nec
991 1351 1112 1392 non
1134 1335 1516 1392 etecclesiam
1548 1337 1604 1392 S.
1635 1334 1916 1390 Desiderii
1933 1333 1994 1389 in
2025 1335 2166 1390 Ver-

499 1425 672 1496 giaco
703 1425 842 1480 villa
868 1425 1042 1480 sitam
1065 1441 1204 1480 cum
1226 1424 1448 1480 terrula
1472 1426 1526 1478 S.
1553 1423 1702 1480 Petri
1721 1441 1794 1480 ex
1816 1423 2164 1496 episcopatu

2290 261 2392 334 qui
2421 260 2522 334 pio
2552 259 2768 315 intuitu
2807 262 3007 314 custos
3055 263 3112 314 et
3163 255 3513 312 observator
3555 257 3614 313 in
3663 259 3942 316 omnibus

2288 349 2574 406 exstiterit
2599 348 2946 404 custodiens
2969 347 3150 418 hujus
3177 345 3364 402 nostri
3393 347 3702 418 apostolici
3731 351 3946 405 consti-

2287 443 2482 496 tutum
2527 438 2606 495 ad
2649 437 2878 494 cultum
2929 437 3024 492 Dei
3077 435 3422 508 respiciens,
3467 435 3940 494 benedictionem

2285 531 2573 584 aeternam
2618 542 2655 582 a
2689 525 3246 582 misericordissimo
3281 523 3528 579 Domino
3579 527 3698 582 Deo
3741 532 3942 582 nostro

2285 615 2577 690 percipiat
2595 619 2653 672 et
2673 615 2804 672 vitae
2839 619 3074 672 aeternae
3113 616 3410 687 particeps
3441 614 3594 670 efﬁci
3625 621 3939 672 mereatur.

3050 743 3180 798 XVI.

2479 865 2717 906 AGAPETI
2755 865 2908 905 ΡΑΡΕ
2947 864 2982 903 ll
3021 863 3290 904 EPISTOLA
3330 865 3400 902 AD
3439 864 3746 905 ARVERNOS.

2861 955 3054 1027 (Anno
3081 955 3364 1025 946-955.)

2311 1063 2636 1120 Praedones
2662 1078 2699 1120 a
2720 1063 3078 1119 monasterio
3098 1062 3524 1118 Celsz'niacensi
3551 1069 3902 1118 arceantur.

2275 1186 2471 1263 [Apud
2493 1191 2558 1244 D.
2585 1191 2869 1261 Bouquet,
2907 1189 3140 1245 Recucil
3170 1189 3270 1244 des
3301 1188 3637 1256 histor-iens,
3669 1191 3757 1258 ιχ,
3791 1190 3937 1262 232.]

2343 1319 2636 1370 Acarerus
2663 1314 3005 1386 episcopus,
3029 1330 3236 1368 servus
3259 1329 3572 1368 servorum
3611 1313 3732 1382 Dei,
3753 1316 3938 1370 omni-

2271 1402 2385 1459 bus
2407 1408 2626 1460 sauctas
2663 1403 2760 1458 Dei
2789 1402 3063 1458 Ecclesite
3093 1402 3227 1457 ﬁliis
3255 1402 3318 1457 in
3339 1403 3624 1458 Arvernio
3652 1403 3932 1458 habitan-

496 1492 558 1568 in
588 1513 1026 1586 praenominata
1055 1511 1195 1568 villa
1225 1513 1594 1583 conjacente,
1641 1492 1939 1584 simulque
1983 1492 2163 1566 eccle-
2191 1533 2232 1588 Β
2269 1493 2453 1588 ίξξπῆετ
2487 1497 2843 1588 ΡεῗιῬθίυθιιΠ
2885 1509 3118 1565 Pacem,
3153 1497 3558 1564 ‘Biemamque
3589 1492 3852 1548 salutem
3879 1493 3934 1548 in

497 1601 650 1657 siam
683 1603 738 1658 S.
766 1600 1020 1656 Romani
1049 1600 1110 1656 in
1139 1601 1472 1656 Cathenaco
1505 1601 1607 1670 [aL
1642 1599 1994 1670 Cadeniaco]
2020 1598 2163 1656 villa

497 1691 692 1746 sitam.
725 1693 942 1745 Verum
973 1689 1151 1746 etiam
1183 1705 1376 1745 nonas
1407 1693 1464 1745 et
1491 1689 1759 1746 decimas
1786 1693 1842 1745 et
1867 1705 1941 1744 ex
1991 1688 2160 1744 furtis

497 1779 566 1850 [f.
597 1777 808 1850 furnis]
841 1777 1072 1850 praefati
1103 1777 1263 1850 pagi,
1297 1781 1477 1850 atque
1522 1777 1757 1834 tertiam
1785 1781 2018 1850 partem
2061 1791 2161 1832 ne-

496 1868 680 1924 moris
717 1867 890 1938 juxta
935 1867 1166 1923 Ararim
1213 1866 1468 1922 ﬂuvium
1521 1867 1598 1923 ab
1647 1882 1846 1936 amne,
1897 1866 2156 1939 villaque

492 1957 746 2013 Adolani
773 1957 980 2026 latam,
1017 1957 1172 2013 sicut
1199 1957 1332 2030 pius
1374 1957 1708 2014 Ludovicus
1755 1973 1860 2014 rex
1903 1957 2154 2013 dilectus

491 2045 650 2102 ﬁlius
676 2051 878 2102 noster
901 2051 1202 2102 annuente
1242 2051 1568 2119 prtetaxato
1621 2045 1960 2103 Maimbodo
2006 2062 2156 2120 prae-

491 2135 617 2191 sule
647 2136 721 2192 de
747 2135 994 2191 decimis
1021 2139 1076 2192 et
1135 2139 1308 2207 terra,
1354 2137 1693 2208 pariterque
1741 2135 2154 2192 consentienti-

487 2223 604 2280 bus
637 2228 883 2296 Hugone
917 2225 1264 2282 marchione
1293 2231 1352 2281 et
1383 2225 1706 2282 Leothaldo
1745 2225 2152 2281 moderatissi-

487 2331 590 2370 mo
619 2314 856 2383 comite,
888 2315 1062 2386 cujus
1113 2315 1350 2372 animus
1399 2315 1460 2370 in
1516 2319 1840 2385 augmento
1890 2314 2152 2388 prsefatse

487 2403 751 2460 ecclesiae
776 2403 1024 2460 omnino
1069 2403 1384 2473 ﬂagrabat,
1437 2405 1746 2460 concessit.
1795 2407 1999 2476 Itaque
2039 2420 2152 2460 nos

483 2509 591 2564 per
618 2493 732 2548 hoc
763 2497 1042 2548 nostrum
1066 2493 1462 2564 apostolicum
1507 2492 1886 2566 privilegium
1937 2509 2150 2550 conce-

484 2581 685 2637 dimus
715 2580 1106 2637 detinendam
1135 2580 1557 2654 perpetualitcr
1611 2597 1748 2636 cum
1794 2580 2042 2637 decimis
2091 2581 2146 2636 S.

483 2667 698 2724 Albani
729 2668 1010 2741 martyris
1041 2673 1098 2724 et
1129 2668 1392 2725 Gisario:
1439 2669 1520 2724 ita
1552 2672 1615 2724 ut
1643 2667 1866 2724 amodo
1895 2671 1952 2724 et
1981 2667 2148 2724 dein-

482 2773 623 2830 ceps
653 2757 952 2830 quidquid
978 2757 1040 2813 in
1062 2757 1275 2814 eodem
1300 2757 1434 2815 loco
1473 2757 1698 2814 donata
1723 2757 1818 2814 vel
1862 2773 2150 2814 concessa

483 2849 640 2916 sunt,
672 2845 763 2903 vel
783 2846 989 2903 divina
1009 2847 1200 2920 pietas
1223 2847 1284 2902 in
1307 2852 1616 2920 posterum
1651 2862 1871 2917 augere
1899 2845 2150 2903 voluerit

479 2950 843 3008 quacunque
899 2951 1183 3008 persona,
1213 2935 1444 3008 absque
1492 2935 1745 3007 alicujus
1765 2934 2144 3008 impulsionis

479 3023 758 3081 molestia
787 3029 1028 3080 teneant
1056 3029 1114 3080 et
1131 3024 1498 3097 possideant.
1534 3027 1614 3080 Ea
1641 3039 1783 3080 vero
1825 3025 2052 3080 ratione
2083 3026 2148 3080 ut

477 3113 682 3169 nullus
712 3130 836 3182 rex,
868 3113 1015 3186 dux,
1067 3117 1412 3182 comes,aut
1461 3117 1701 3170 exactor
1728 3112 1818 3168 vel
1866 3112 2146 3186 publicus

477 3204 746 3260 minister
775 3220 956 3277 super
983 3221 1086 3260 eos
1113 3204 1382 3276 aliquam
1412 3203 1726 3273 angariam
1781 3208 1886 3258 aut
1914 3201 2144 3259 distric-

476 3293 699 3349 tionem
733 3310 838 3349 seu
872 3309 1195 3364 gravamen
1224 3297 1402 3366 atque
1441 3293 1900 3366 impcrationem
1947 3292 2142 3364 impo-

476 3395 617 3438 nere
641 3387 989 3455 praesumat,
1013 3382 1128 3438 nisi
1158 3387 1451 3454 quantam
1468 3381 1677 3437 fideles
1703 3380 1974 3437 canonici
1996 3397 2144 3454 prse-

476 3469 618 3526 dicti
647 3472 760 3526 loci
788 3471 963 3527 alicui
993 3487 1266 3542 personae
1297 3471 1376 3526 ob
1407 3487 1580 3526 suam
1613 3471 1947 3526 bonitatem
1998 3485 2139 3526 con-

477 3559 686 3615 cedere
716 3559 1028 3616 voluerint.
1083 3561 1414 3616 Statuentes
1465 3564 1644 3632 atque
1685 3559 2138 3632 promulgantcs

475 3663 680 3705 ceram
711 3650 830 3704 Deo
861 3652 918 3704 et
950 3647 1194 3704 terribili
1223 3648 1352 3719 ejus
1377 3649 1673 3716 examine,
1703 3665 1810 3722 per
1831 3648 2012 3719 hujus
2035 3663 2139 3704 no-

475 3745 662 3793 strum
695 3736 1004 3810 apostolici
1022 3736 1313 3809 privilegii
1334 3736 1784 3793 ﬁrmamentum
1811 3737 2134 3806 sancimus,

473 3831 531 3884 et
552 3826 710 3884 beati
738 3827 886 3882 Petri
916 3826 1328 3899 apostolorum
1355 3827 1640 3900 principis
1665 3826 2011 3884 auctoritate
2037 3828 2138 3884 de-

471 3916 789 3984 cernimus,
823 3921 879 3972 et
907 3921 1030 3972 tam
1057 3915 1403 3988 apostolica
1433 3917 1592 3972 sedis
1633 3915 2006 3972 obtestamur
2049 3916 2138 3971 fu-

469 4009 635 4062 turos
666 4005 1002 4079 pontiﬁces,
1030 4021 1218 4078 quam
1247 4005 1352 4078 qui
1383 4005 1813 4062 ecclesiasticas
1842 4006 2138 4062 ministra-

469 4094 662 4149 verint
707 4094 1067 4160 functiones,
1113 4093 1208 4149 vel
1260 4093 1438 4150 etiam
1493 4109 1748 4163 magnas
1797 4110 2134 4167 parvasque

469 4195 781 4252 personas,
827 4196 902 4236 ne
931 4180 1258 4254 quispiam,
1307 4197 1672 4254 quacunque
1727 4182 1800 4238 sit
1846 4181 2131 4252 dignitate

469 4267 776 4339 praeditus,
809 4267 884 4323 de
915 4268 1198 4324 omnibus
1225 4268 1352 4324 istis
1383 4268 1678 4341 capitulis,
1710 4285 1846 4342 quae
1874 4285 1909 4325 a
1957 4270 2130 4326 nobis

469 4371 759 4412 concessa
809 4361 950 4413 sunt
977 4358 1410 4430 quoquomodo
1461 4357 1760 4414 licentiam
1808 4359 2132 4416 liabeanta

471 4462 630 4518 saepe
663 4445 881 4519 saepius
911 4447 1222 4522 nominato
1245 4446 1399 4516 loco,
1433 4452 1612 4520 atque
1631 4447 1962 4520 specialiter
1991 4465 2132 4522 apo-

467 4535 686 4592 stolicae
715 4536 1077 4592 exorationis
1108 4537 1296 4606 gratia
1326 4539 1648 4608 conjuncta
1668 4537 2012 4609 disjungere
2029 4542 2130 4595 aut

465 4623 744 4682 alienare.
776 4625 830 4680 Si
862 4625 997 4698 quis
1025 4625 1271 4698 interea,
1303 4626 1468 4698 quod
1497 4641 1622 4682 non
1676 4627 1995 4690 credimus,
2045 4631 2127 4684 te-

464 4714 720 4770 merario
750 4731 904 4769 ausu
949 4719 1154 4770 contra
1183 4731 1274 4782 ea,
1307 4731 1444 4787 quas
1473 4715 1586 4771 hac
1629 4720 1834 4772 nostra
1877 4719 2128 4774 auctori-

464 4806 579 4858 tate
610 4803 704 4874 pie
737 4807 794 4858 et
822 4804 1069 4860 ﬁrmiter
1111 4821 1218 4877 per
1263 4805 1377 4860 hoc
1425 4809 1700 4860 nostrum
1748 4805 2127 4877 privilegium

462 4889 752 4962 disposita
779 4897 936 4962 sunt,
967 4893 1258 4948 contraire
1289 4893 1618 4961 tentaverit,
1649 4893 1742 4950 vel
1788 4894 1938 4966 haec,
1989 4912 2124 4968 quae

459 4995 496 5036 a
525 4980 702 5036 nobis
736 4980 812 5036 ad
841 4981 1086 5038 laudem
1121 4982 1219 5038 Dei
1257 4999 1368 5056 pro
1417 4983 1732 5040 stabilitate
1771 4985 1900 5056 jam
1952 4985 2122 5042 dictae

457 5071 745 5142 ecclesiae,
774 5071 1044 5128 ordinate
1085 5075 1305 5128 statuta
1357 5077 1512 5143 sunt,
1563 5072 1863 5144 refragare
1907 5075 1968 5131 in
2020 5074 2122 5132 ali-

455 5176 578 5234 quo
606 5165 708 5217 aut
735 5159 1068 5230 transgredi
1101 5161 1571 5234 praesumpserit,
1609 5161 1755 5218 sciat
1805 5179 1868 5218 se
1921 5167 2120 5220 aucto-

454 5249 621 5306 ritate
653 5254 710 5308 B.
743 5251 890 5308 Petri
917 5249 1328 5322 apostolorum
1358 5249 1666 5323 principis,
1703 5251 1874 5322 cujus
1903 5252 2116 5308 imme-

451 5337 546 5392 riti
577 5339 732 5395 vices
763 5340 1020 5411 agimus,
1054 5339 1453 5396 anathematis
1469 5339 1704 5397 vinculo
1733 5339 2113 5412 innodatum,

453 5429 670 5481 etcum
705 5428 948 5485 diabolo
974 5433 1030 5484 et
1060 5429 1190 5500 ejus
1231 5429 1614 5486 atrocissimis
1643 5429 1884 5503 pompis
1933 5435 2112 5502 atque

452 5530 594 5569 cum
631 5515 784 5570 Iuda
830 5517 1111 5572 traditore
1165 5519 1400 5575 Domini
1459 5519 1642 5574 nostri
1699 5519 1843 5572 Jesu
1897 5518 2110 5577 Christi

2271 1582 2499 1640 Christo
2529 1585 2686 1638 Jesu.

2339 1693 2644 1746 immensa
2707 1688 3134 1762 suspendimur
3189 1687 3604 1754 admiratione,
3663 1706 3774 1745 cur
3837 1689 3932 1756 illi,

2266 1778 2488 1852 quibus
2536 1778 2687 1835 inter
2722 1794 2831 1834 vos
2885 1777 3204 1851 pastoralis
3253 1793 3398 1832 cura
3453 1778 3784 1834 commissa
3831 1785 3930 1846 est,

2265 1867 2473 1924 oculos
2499 1867 2766 1924 habeant
2793 1865 3085 1922 mentales
3116 1866 3352 1922 clausos
3383 1884 3396 1933 ;
3435 1871 3712 1922 sanctam
3741 1867 3931 1924 Eccle-

2265 1956 2440 2024 siam,
2473 1955 2574 2024 ita,
2607 1961 2674 2012 ut
2701 1955 2877 2011 nobis
2927 1969 3282 2025 suggessum
3323 1959 3428 2020 est,
3461 1955 3664 2010 sinant
3717 1973 3930 2028 pravo-

2262 2060 2400 2100 rum
2429 2043 2596 2100 rabie
2625 2043 2896 2112 lacerari,
2929 2042 3170 2108 vastari,
3201 2043 3383 2098 rebus
3411 2044 3672 2116 prOpriis
3715 2060 3929 2118 exspo-

2260 2132 2413 2204 liari,
2445 2149 2571 2190 non
2604 2137 2980 2206 opponentes
3007 2148 3068 2188 se
3097 2148 3341 2188 murum
3372 2149 3480 2205 pro
3509 2133 3698 2190 domo
3732 2135 3928 2206 lsrael,

2260 2237 2372 2278 nec
2397 2222 2459 2278 in
2487 2221 2692 2295 praelio
2740 2221 2800 2277 in
2849 2221 2944 2276 die
2993 2222 3228 2277 Domini
3277 2227 3519 2292 stantes,
3573 2228 3638 2279 ut
3687 2224 3932 2280 obvient

2263 2327 2374 2368 sua
2412 2311 2760 2368 auctoritate
2808 2309 3150 2384 raptoribus
3205 2317 3263 2366 et
3319 2311 3712 2384 praedonibus
3751 2329 3764 2368 :
3829 2313 3929 2368 sed

2260 2400 2532 2457 videntes
2569 2400 2920 2456 inhonorari
2965 2415 3138 2456 suam
3193 2400 3465 2474 ipsorum
3511 2406 3799 2464 matrem,
3853 2408 3931 2458 ta-

2261 2493 2414 2556 cent,
2445 2505 2555 2546 nec
2583 2504 2794 2562 aspera
2819 2489 3536 2559 redarguuntinvrctione
3565 2495 3928 2564 patratores.

2261 2578 2721 2635 Videmurenim
2735 2578 3056 2634 terribilem
3075 2578 3238 2634 illam
3251 2595 3460 2635 vocem
3491 2584 3594 2636 aut
3623 2579 3927 2650 ignorare,

2259 2671 2364 2723 aut
2419 2666 2760 2723 nullatenus
2795 2667 3044 2722 omnino
3073 2666 3508 2740 pertimescere,
3539 2685 3679 2741 quae
3723 2669 3876 2725 dixit
3913 2685 3926 2724 :

2261 2777 2288 2806 «
2308 2755 2649 2813 Maledictus
2665 2755 2770 2828 qui
2791 2756 3066 2829 prohibet
3088 2756 3356 2827 gladium
3377 2773 3552 2812 suum
3567 2773 3605 2814 a
3631 2759 3926 2828 sanguine

2263 2845 2402 2918 (Jer.
2433 2861 2632 2913 XLVIII,
2671 2850 2688 2900 t
2701 2847 2774 2916 0).
2806 2865 2836 2897 ι
2870 2845 3033 2902 Unde
3061 2847 3412 2916 generaliter
3439 2847 3730 2902 omnibus
3759 2847 3928 2903 vobis

2258 2934 2674 3002 condolemus,
2725 2934 2998 2990 timentes
3057 2951 3131 2991 ne
3191 2935 3278 2991 ira
3331 2935 3432 2991 Dei
3489 2952 3524 2992 a
3579 2939 3926 2993 sauctuario

2256 3023 2465 3097 ipsius,
2497 3023 2558 3079 id
2585 3029 2672 3079 est
2697 3039 2734 3079 a
2763 3023 3022 3097 praelatis
3059 3024 3368 3098 insipiens,
3415 3025 3476 3080 in
3523 3041 3670 3081 oves
3713 3043 3924 3083 eorum

2256 3113 2413 3182 justo
2457 3113 2717 3184 grassari
2759 3113 3134 3186 permittatur
3177 3113 3424 3184 judicio.
3482 3115 3680 3171 Nostis
3737 3133 3924 3190 quam

2253 3202 2548 3276 plurimis,
2621 3205 2847 3272 fratres,
2899 3208 2954 3258 et
2998 3203 3102 3275 qui
3143 3203 3402 3272 ignorat,
3453 3211 3790 3275 cognoscat
3839 3205 3924 3261 lo-

2254 3308 2394 3346 cum
2427 3291 2832 3354 Celsinianias,
2861 3307 2934 3346 ex
2963 3309 3084 3364 quo
3117 3291 3406 3348 fundatus
3429 3300 3792 3362 est,sanctte
3821 3298 3926 3352 Bo-

2253 3397 2450 3436 manae
2481 3380 2752 3436 Ecclesiae
2784 3380 3114 3452 specialiter
3142 3395 3270 3436 esse
3299 3383 3730 3452 contraditum,
3769 3385 3924 3455 ejus-

2251 3486 2370 3542 que
2395 3469 2508 3525 sub
2549 3469 2794 3526 tuitione
2815 3469 2894 3525 ab
2918 3469 3084 3526 initio
3111 3471 3424 3540 mansisse,
3457 3489 3640 3545 quem
3677 3473 3926 3547 speciali

2252 3574 2458 3614 amore
2500 3557 2871 3628 diligendum
2914 3574 3042 3614 esse
3073 3559 3470 3626 decernimus,
3522 3567 3706 3634 atque
3759 3561 3926 3618 omni

2251 3653 2520 3721 tempore
2545 3648 2854 3721 multiplici
2887 3647 3343 3705 sublimaudum
3371 3651 3597 3706 honore
3623 3652 3926 3722 judicavi-

2249 3753 2408 3792 mus.
2440 3741 2554 3794 Nec
2604 3735 2921 3804 immerito,
2975 3754 3117 3794 nam
3167 3738 3537 3796 salutiferam
3595 3741 3924 3799 monastici

2247 3827 2472 3882 ordinis
2504 3841 2716 3882 aroma
2765 3843 2836 3883 ex
2879 3827 3094 3884 eodem
3139 3827 3272 3884 loco
3324 3845 3597 3902 surgens,
3643 3847 3817 3888 nunc
3865 3831 3922 3887 in

2246 3915 2472 3970 nostris
2527 3915 2818 3988 partibus,
2879 3919 2998 3972 Deo
3049 3916 3334 3984 donante,
3395 3919 3652 3989 ﬂagrare
3703 3921 3924 3978 utiliter

2244 4003 2500 4060 videtur.
2536 4007 2912 4078 Quapropter
2941 4021 3228 4075 rogamus
3257 4011 3314 4062 et
3337 4006 3767 4080 obsecramus,
3793 4027 3920 4066 ma-

2246 4106 2486 4166 gnaque
2517 4109 2693 4166 prece
2722 4093 3109 4166 deposcimus
3147 4101 3212 4151 ut
3241 4096 3526 4170 praedicto
3570 4096 3712 4154 loco
3761 4115 3922 4154 reve-

2243 4183 2498 4238 rentiam
2546 4183 2824 4240 exhibere
2877 4184 3112 4252 curetis,
3163 4185 3368 4258 ibique
3415 4189 3533 4242 Deo
3583 4187 3921 4244 militantes

2243 4271 2442 4328 nullus
2467 4273 2796 4345 inquietare
2825 4279 3168 4346 praesumat.
3197 4276 3253 4332 Si
3279 4276 3414 4348 quis
3431 4281 3634 4332 autem
3661 4277 3746 4334 de
3765 4283 3922 4334 terra

2241 4361 2320 4417 ad
2345 4362 2471 4432 jam
2512 4361 2740 4418 dictum
2787 4363 3218 4420 monasterium
3272 4365 3621 4437 pertinente,
3673 4367 3780 4423 vel
3827 4383 3922 4423 eo-

2241 4451 2412 4507 sdem
2441 4453 2794 4523 monachos,
2827 4457 2931 4509 aut
2959 4452 3033 4508 de
3078 4453 3352 4525 ipsorum
3402 4455 3630 4512 familia
3677 4457 3920 4530 aliquid

2237 4541 2458 4612 injuste
2489 4546 2695 4598 contra
2725 4541 3093 4598 voluntatem
3126 4543 3362 4600 abbatis
3401 4545 3676 4616 ejusdem
3711 4563 3918 4604 coeno-

2237 4629 2320 4686 bii
2369 4635 2547 4700 tenet,
2599 4635 2806 4687 nostra
2861 4631 3193 4705 apostolica
3240 4635 3588 4690 auctoritate
3637 4637 3920 4710 praecipi-

2237 4733 2374 4774 mus
2401 4723 2466 4774 ut
2492 4719 2606 4776 hoc
2639 4720 2764 4775 sine
2793 4719 3075 4778 dilatione
3097 4721 3346 4780 reddere
3367 4722 3619 4780 festinet.
3655 4726 3842 4790 Quod
3865 4725 3916 4781 si

2235 4823 2358 4864 non
2389 4807 2607 4876 fecerit,
2643 4815 2780 4866 ante
2811 4815 3079 4884 nostram
3115 4812 3494 4885 praesentiam
3521 4813 3826 4884 jubemus
3853 4819 3918 4872 ut

2239 4898 2434 4954 veniat
2457 4897 2875 4956 rationabilem
2920 4917 3168 4957 causam
3216 4901 3503 4958 dicturus.
3555 4903 3614 4960 Si
3659 4920 3810 4962 vero
3857 4909 3916 4961 et

2234 4985 2350 5041 hoc
2375 4987 2802 5060 contempserit
2825 4987 3039 5060 facere,
3071 4989 3346 5047 terribilis
3385 4991 3796 5050 anathematis
3825 4995 3914 5050 in-

2232 5073 2492 5130 nodatus
2521 5080 2729 5132 nostra
2757 5078 3399 5146 excommunicatione,
3431 5079 3534 5153 qui
3565 5081 3730 5137 vices
3747 5082 3912 5138 beati

2230 5163 2398 5227 Petri,
2429 5162 2564 5220 licet
2593 5163 2843 5235 indigni,
2876 5181 3052 5236 agere
3087 5167 3382 5232 videmur,
3437 5169 3609 5240 cujus
3665 5172 3911 5244 [terras]

2224 5249 2444 5323 injuste
2468 5253 2751 5310 invadere
2795 5269 2919 5311 non
2961 5255 3147 5324 timet,
3201 5257 3492 5331 plectatur
3537 5263 3723 5332 atque
3777 5261 3910 5316 vul-

2223 5346 2482 5398 neretur.
2541 5343 2882 5416 Specialiter
2932 5361 3075 5416 ergo
3121 5352 3328 5404 nostra
3371 5363 3444 5404 ex
3493 5353 3662 5420 parte
3723 5349 3910 5404 obse-

2223 5431 2449 5487 crando
2478 5433 2861 5506 praecipimus
2891 5435 3120 5492 domno
3153 5438 3455 5509 Stephano
3487 5439 3902 5508 (Arvernensi)

2221 5520 2524 5596 episcopo,
2579 5522 2638 5578 in
2704 5523 2878 5594 cujus
2931 5524 3176 5582 dioecesi
3237 5527 3622 5584 Celsinianias
3669 5543 3902 5586 mona-
