4166 6162
287 191 398 244 913

1535 178 1890 237 EPISTOLE
1929 179 2026 236 ET
2065 184 2482 246 PRIVll.EGIA.

3617 194 3726 252 9η

289 307 541 364 sterium
565 305 742 360 situm
764 308 871 372 est,
904 309 967 360 ut
987 322 1198 362 omnes
1220 323 1315 362 res
1347 305 1619 377 ejusdem
1650 306 1953 360 monaste-
1989 308 2036 361 Α
2067 315 2171 366 aut
2217 312 2472 369 multum
2513 317 2628 370 tres
2660 329 2831 370 senes
2888 316 3172 372 monachi
3202 317 3277 373 de
3308 331 3569 389 quorum
3597 315 3720 372 vita

285 397 359 453 rii
401 400 723 461 vastantes,
757 392 844 447 vel
892 393 1120 466 aliquid
1162 396 1303 452 mali
1347 394 1587 452 familiae
1629 392 1954 450 monacho-

284 502 429 542 rum
476 483 700 540 ibidem
755 483 1212 539 consistentium
1247 484 1584 554 inferentes,
1613 482 1814 553 gladio
1857 499 1951 538 ex-

286 567 852 626 eommunieationis
878 567 1049 624 ferire
1071 583 1193 624 non
1217 569 1474 636 differat,
1495 573 1552 626 et
1583 584 1618 625 a
1645 567 1953 624 liminibus

285 661 515 713 sanctae
547 655 647 711 Dei
678 653 945 710 Ecclesiae
971 655 1184 711 tandiu
1215 660 1568 730 sequestret,
1601 656 1790 712 donec
1821 655 1952 726 dig-

284 761 369 802 na
395 744 802 802 satisfactione
823 744 1148 800 emendare
1174 750 1486 816 cogantur.

1039 891 1197 945 XVII.

393 1033 632 1072 AGAPETI
672 1033 711 1070 Π
751 1031 1020 1072 EPISTOLA
1064 1032 1136 1071 AD
1185 1033 1512 1073 LANDULFUM
1550 1033 1843 1074 CAPUANUH

966 1123 1278 1163 PRINCIPEH.

859 1215 1053 1284 (Anno
1093 1215 1376 1286 946-955).

278 1322 486 1378 Monet
519 1336 594 1378 ne
618 1322 968 1378 monasterii
995 1322 1279 1391 Capuani
1298 1322 1633 1378 libertatem
1659 1321 1946 1392 offendat.

703 1427 982 1501 [Gattula,
1013 1430 1172 1485 Hist.
1206 1430 1340 1486 Cas.
1382 1429 1524 1500 190].

352 1559 654 1610 AGAPETUS
711 1552 1052 1625 episcopus,
1085 1569 1292 1609 servus
1319 1569 1628 1608 servorum
1661 1552 1782 1619 Dei,
1811 1555 1950 1608 LAN-

279 1658 481 1710 nuuro,
513 1644 801 1714 Capuano
830 1640 1107 1714 principi.

351 1729 728 1795 Audivimus,
757 1728 925 1801 quod
965 1729 1090 1785 sine
1123 1730 1384 1786 maxima
1430 1728 1627 1785 cordis
1668 1728 1948 1785 maestitia

274 1819 447 1892 loqui
495 1834 616 1874 non
647 1834 990 1890 possumus,
1025 1819 1400 1874 Cassinensis
1437 1818 1693 1874 coenobii
1734 1834 1945 1875 mona-

275 1907 429 1963 chos
458 1907 768 1962 inhoneste
797 1912 852 1962 et
881 1907 1129 1979 turpiter
1160 1907 1518 1963 conversari.
1555 1906 1728 1972 Quod
1757 1922 1946 1979 quam

275 1996 684 2070 perniciosum
712 2000 768 2050 et
795 2010 984 2068 quam
1029 1995 1349 2051 scelestum
1395 1996 1486 2062 sit,
1523 1995 1722 2050 nullus
1750 1995 1946 2050 ﬁdelis

273 2088 538 2158 ignorat,
568 2101 709 2141 nam
741 2091 804 2141 ut
827 2086 1118 2158 Propheta
1141 2090 1420 2152 testatur;
1457 2085 1756 2158 «Lapides
1776 2101 1946 2141 sanc-

275 2176 453 2232 tuarii
486 2175 547 2230 in
577 2175 768 2246 capite
799 2174 1133 2246 platearum
1160 2174 1411 2246 dispersi
1433 2178 1572 2230 sunt
1595 2173 1840 2244 (Thren.
1862 2189 1940 2228 1v.

277 2266 352 2335 l),
390 2288 419 2313 ››
449 2280 584 2318 cum
618 2263 699 2328 hi,
723 2263 827 2336 qui
857 2263 915 2318 in
951 2263 1312 2318 monasterio
1362 2262 1516 2318 sicut
1555 2262 1712 2318 beati
1758 2264 1942 2318 Bene-

272 2352 419 2408 dicti
469 2351 677 2422 regula
721 2351 1003 2417 continet,
1039 2355 1158 2406 Deo
1201 2351 1420 2406 servire
1469 2350 1802 2406 debuerant
1835 2365 1944 2422 per

272 2441 523 2497 castella
551 2446 608 2496 et
637 2441 866 2514 plateas
891 2441 1271 2496 ambulantes
1303 2439 1574 2495 habitare
1605 2439 1940 2507 videantur,

272 2533 332 2585 et
363 2533 679 2601 propterea
708 2528 1044 2597 regularem
1069 2528 1248 2584 vitam
1279 2527 1705 2600 relinquentes,
1732 2531 1787 2583 ct
1808 2543 1942 2600 pro-

272 2617 419 2690 priae
453 2616 762 2682 voluntati,
798 2621 854 2672 et
899 2616 1188 2672 illecebris
1232 2617 1554 2672 servientes
1586 2616 1740 2671 sicut
1780 2615 1941 2672 beati

275 2705 576 2762 Benedicti
605 2705 813 2775 regula
844 2706 1123 2770 continet,
1155 2721 1273 2760 non
1310 2704 1652 2770 Dominicis,
1681 2704 1786 2760 sed
1818 2705 1942 2760 suis

269 2794 712 2851 inclusionibus
731 2811 836 2866 pro
848 2793 976 2864 lege
990 2799 1079 2849 est
1091 2793 1172 2849 eis
1190 2793 1625 2850 desideriorum
1639 2793 1940 2865 voluptas.

272 2881 449 2946 Quod
479 2881 780 2937 malumin
793 2881 1294 2954 caputquondum
1316 2881 1586 2938 Landulﬁ
1615 2881 1695 2938 tui
1716 2882 1935 2952 genito-

2063 415 2187 456 non
2213 401 2514 459 dubitatur
2541 401 2956 474 relinquantur
2983 404 3062 460 ad
3092 405 3424 477 regendum
3441 409 3498 461 et
3526 408 3719 460 custo-

2064 486 2376 546 diendum.
2411 491 2613 548 Caeteri
2642 506 2785 546 vero
2811 493 3093 548 monachi
3130 509 3343 551 omnes
3373 493 3634 565 majores
3661 495 3720 548 et

2060 577 2324 634 minores
2353 595 2490 635 cum
2522 579 2807 636 omnibus
2853 582 3197 637 monasterii
3244 582 3423 639 rebus
3469 581 3548 638 ad
3576 597 3716 654 pro-

2059 666 2261 738 prium
2289 668 2631 725 coenobium
2654 667 2852 724 Casini
2869 669 3089 723 montis
3109 675 3476 726 revertantur
3493 670 3575 726 ibi
3597 672 3717 726 Deo

2059 754 2517 827 famulantibus,
2550 757 2663 813 sub
2692 756 2882 830 ipsius
2911 755 3074 812 beati
3099 758 3282 813 Patris
3313 758 3606 815 Benedicti
3629 774 3718 814 re-

2059 845 2202 914 gula
2228 845 2602 916 degentibus,
2636 847 2794 902 sicut
2821 845 3149 918 antiquitus
3179 861 3216 903 a
3240 847 3456 903 nostris
3484 848 3716 920 prinde-

2058 933 2398 990 cessoribus
2447 938 2504 990 et
2531 935 2609 991 ab
2639 933 3105 1007 imperatoribus
3135 939 3192 991 et
3231 935 3474 1004 regibus
3504 935 3717 991 deﬁni-

2057 1024 2208 1091 tum,
2239 1025 2296 1079 et
2320 1022 2772 1094 promulgatum
2798 1027 2907 1092 est,
2938 1026 3004 1078 ut
3033 1022 3146 1078 sub
3171 1023 3394 1079 nullius
3428 1023 3718 1096 principis

2057 1111 2250 1183 ducis,
2282 1115 2386 1168 aut
2414 1111 2724 1182 gastaldei,
2757 1111 2853 1167 vel
2907 1111 3281 1185 alicujusque
3309 1127 3547 1182 magna;
3576 1127 3721 1185 par-

2058 1216 2268 1273 vasque
2291 1216 2584 1273 personaa,
2615 1200 2818 1273 aliquo
2839 1199 3023 1256 modo
3041 1199 3396 1258 subderetur
3424 1201 3718 1269 dominio,

2055 1289 2138 1346 ita
2180 1292 2239 1346 et
2267 1289 2380 1344 sub
2409 1294 2614 1346 nostra
2655 1295 2713 1345 et
2752 1304 2966 1359 regum
3017 1288 3284 1360 tuitione,
3327 1289 3440 1346 sub
3481 1288 3722 1345 abbatis

2057 1379 2454 1449 ordinatione,
2485 1381 2584 1436 Dei
2609 1396 2748 1436 cum
2779 1379 2989 1435 timore
3023 1380 3360 1452 perenniter
3383 1381 3721 1450 regendum

2057 1473 2238 1541 atque
2266 1469 2768 1542 dispensandum.
2803 1472 2972 1537 Nam,
3014 1469 3180 1540 quod
3221 1485 3346 1526 non
3393 1470 3718 1537 credimus,

2055 1557 2162 1629 qui
2215 1556 2382 1612 aliter
2411 1573 2587 1626 agere
2630 1557 3099 1629 praesumpserit,
3133 1561 3237 1612 aut
3266 1557 3534 1630 aliquam
3564 1556 3720 1613 ordi-

1979 1658 2024 1711 Β
2054 1645 2363 1701 nationem
2411 1645 2486 1701 de
2529 1645 2662 1717 ipso
2718 1646 3083 1702 monasterio
3141 1645 3334 1702 facere
3379 1645 3719 1712 tantaverit,

2056 1735 2180 1790 sive
2207 1734 2281 1790 de
2310 1734 2491 1790 rebus
2519 1733 2848 1806 supradicti
2875 1735 3222 1790 monasterii
3255 1735 3534 1791 invadere
3561 1750 3721 1806 prae-

2055 1822 2400 1895 sumpserit,
2429 1826 2486 1878 et
2539 1821 2698 1877 hanc
2741 1825 3011 1878 nostram
3072 1821 3465 1895 apostolicam
3504 1821 3726 1892 jussio-

2053 1926 2194 1966 nem
2224 1909 2286 1965 in
2316 1909 2622 1982 aliquibus
2654 1910 2927 1979 frangere
2955 1911 3288 1976 tantaverit,
3315 1910 3464 1966 sciat
3489 1925 3572 1975 se,
3605 1905 3724 1962 nisi

2053 1998 2388 2071 resipuerit,
2419 1997 2770 2054 auctoritate
2803 1997 2902 2054 Dei
2927 1998 3088 2054 beati
3119 1999 3267 2054 Petri
3299 1995 3724 2071 apostolorum

2051 2087 2361 2162 principis,
2390 2091 2571 2160 atque
2602 2091 2826 2154 nostra,
2857 2086 2962 2159 qui
2993 2087 3120 2157 ejus
3142 2087 3452 2156 fungimur
3477 2084 3540 2139 in
3571 2080 3725 2136 cari-

2053 2177 2349 2234 cationem
2385 2176 2528 2247 (sic),
2577 2191 2713 2231 esse
2758 2176 3368 2243 excommunicatum,
3403 2178 3462 2230 et
3499 2169 3579 2226 ab
3627 2167 3723 2223 in-

2053 2283 2260 2337 gressu
2289 2265 2576 2330 ecclesiae,
2604 2270 2662 2322 et
2690 2281 2940 2338 corpore
2970 2270 3027 2322 et
3055 2265 3347 2335 sanguine
3369 2259 3584 2321 Christi
3608 2258 3728 2330 pri-

2051 2361 2278 2416 vatum.
2308 2359 2364 2412 et
2393 2371 2430 2411 a
2451 2354 2753 2411 consortio
2793 2354 3266 2412 Christianorum
3311 2352 3724 2424 segregatum,

2049 2448 2385 2517 iterumque
2413 2444 2562 2500 sciat
2606 2461 2669 2500 se
2695 2460 2803 2517 per
2845 2444 3133 2516 privilegii
3175 2446 3560 2502 sanctionem
3608 2439 3726 2496 sub

2051 2533 2450 2592 anathematis
2481 2532 2740 2588 vinculis
2771 2532 3127 2589 innodatum
3154 2552 3168 2602 ;
3200 2535 3308 2606 qui
3336 2547 3489 2590 vero
3528 2535 3730 2588 custos

2051 2630 2109 2681 et
2137 2624 2503 2688 observator,
2531 2627 2713 2695 atque
2745 2622 2984 2693 adjutor
3013 2623 3325 2692 exstiterit,
3358 2622 3732 2684 benedictio-

2047 2716 2141 2771 nis
2172 2713 2448 2784 gratiam,
2477 2716 2534 2768 et
2563 2711 2865 2768 caelestem
2896 2711 3352 2770 retributionem
3410 2731 3451 2772 δ,
3504 2715 3731 2776 Christo

2052 2803 2303 2862 Domino
2352 2802 2471 2858 Deo
2538 2805 2747 2857 nostro
2820 2801 3225 2874 multipliciter
3281 2813 3728 2881 consequatur.

2049 2897 2214 2951 Hanc
2245 2897 2447 2949 autem
2471 2889 2866 2964 apostolicam
2878 2890 3226 2961 jussionem
3250 2894 3578 2964 praefatum
3601 2918 3728 2959 mo-

271 2968 353 3023 ris
385 2969 646 3042 respicit,
702 2969 808 3042 qui
837 2970 1013 3042 quasi
1057 2970 1485 3026 monasterium
1516 2970 1672 3026 intra
1704 2972 1937 3043 Capua-
1973 3009 2013 3064 C
2047 2981 2374 3042 masterium
2415 2996 2526 3053 pro
2552 2979 2752 3035 futuro
2784 2977 3122 3036 testimonio
3152 2979 3383 3038 habere
3405 2984 3719 3054 jubemus,

271 3073 421 3113 nam
450 3057 742 3114 civitatem
776 3057 1108 3124 aediﬁcans,
1132 3074 1254 3114 non
1285 3060 1364 3114 ob
1398 3059 1496 3114 Dei
1519 3059 1934 3131 reverentiam,

271 3145 383 3200 sed
414 3147 699 3219 temporis
733 3146 934 3216 glorise
957 3148 1184 3203 honore
1207 3147 1462 3220 cupidus
1488 3147 1936 3221 parvipendens

271 3234 616 3291 animarum
676 3235 1031 3308 periculum,
1085 3253 1196 3293 suo
1247 3236 1584 3293 dominatui
1635 3243 1936 3294 monaste-

270 3323 432 3378 rium
449 3324 703 3379 subdere
727 3323 1284 3397 cupiens,pervcrso
1314 3342 1479 3380 more
1501 3342 1638 3382 cum
1657 3325 1934 3382 morbido

271 3428 454 3483 grege
487 3413 838 3469 recumbere
881 3413 1258 3483 desiderans,
1311 3419 1373 3470 ut
1419 3415 1597 3470 totius
1625 3416 1934 3487 possessio

263 3503 395 3573 jam
427 3501 569 3558 dicti
618 3502 963 3559 monasterii
997 3502 1118 3558 suis
1159 3503 1334 3576 quasi
1379 3504 1510 3574 jure
1558 3503 1932 3562 hatreditario

269 3591 720 3664 relinqueretur.
757 3593 921 3648 Unde
953 3593 1300 3664 gravissime
1340 3593 1633 3661 dolemus,
1667 3598 1723 3650 et
1749 3594 1932 3650 mira-

270 3698 410 3736 mur
431 3683 572 3738 tanti
602 3681 705 3738 viri
734 3698 958 3738 creram
992 3683 1376 3755 cupiditatem
1411 3699 1530 3739 non
1562 3685 1930 3740 retractantis

269 3771 439 3843 quod
469 3771 712 3827 incensa
733 3778 790 3827 et
819 3772 1112 3828 subversa
1135 3773 1383 3829 ecclesia
1413 3773 1660 3839 Cassini,
1684 3790 1776 3828 res
1800 3774 1929 3843 ejus

269 3859 500 3931 accepit
574 3865 780 3916 contra
847 3861 1198 3916 sententiam
1262 3863 1565 3934 Propheta:
1629 3861 1924 3918 dicentis:

269 3971 297 3996 «ι
321 3950 540 4004 Omnes
569 3949 870 4022 principes
899 3949 1002 4021 qui
1024 3949 1300 4006 dixerunt
1325 3968 1338 4005 :
1369 3950 1712 4006 Haercditate
1739 3951 1928 4022 possi-

267 4035 524 4092 deamus
557 4037 732 4094 nobis
760 4037 1170 4093 sanctuarium
1199 4039 1296 4094 Dei
1321 4057 1334 4105 ;
1365 4042 1516 4094 Deus
1543 4054 1735 4105 meus,
1766 4054 1926 4110 pone

266 4125 399 4180 illos
431 4131 495 4181 ut
522 4131 737 4192 rotam,
769 4132 823 4182 et
848 4126 1000 4182 sicut
1025 4126 1307 4198 stipulam
1337 4133 1473 4182 ante
1505 4126 1717 4182 faciem
1746 4127 1922 4198 venti,

267 4218 325 4268 et
352 4213 502 4269 sicut
523 4213 674 4282 ignis
704 4215 808 4287 qui
835 4214 1134 4270 comburit
1159 4215 1356 4278 silvas,
1399 4221 1453 4271 et
1479 4215 1638 4271 velut
1672 4214 1923 4272 ﬂamma

2783 3108 2962 3164 XVIII.

2044 3231 2304 3273 EPISTOLA
2354 3231 2589 3272 AGAPETI
2653 3230 2808 3272 PAPB
2860 3230 2908 3272 ιι
2949 3231 3020 3270 ΔΙ)
3071 3230 3469 3273 WlLLlHELMUM
3511 3237 3711 3279 ARCHI-

2505 3319 2812 3361 ΕιηεοοΡωι
2860 3321 3236 3361 MOGL'NTINUM.

2707 3417 2877 3468 Anno
2909 3413 3055 3468 95531

2707 3417 2750 3467 Α
2981 3417 3055 3467 5.‘

2151 3503 2312 3560 Idem
2336 3417 2725 3573 privilegium
2755 3417 2975 3558 gigni?
3007 3431 3169 3572 q)uod
3195 3501 3502 3560 Maximus
3534 3505 3602 3562 II

2501 3590 2821 3647 Fridurico
2851 3597 3236 3648 concesserat.

2040 3681 2236 3754 [Apud
2257 3679 2639 3737 Wurdtwein.
2670 3681 2957 3750 Epistolas
2985 3682 3048 3736 S.
3088 3681 3413 3750 Boni/acii,
3445 3697 3505 3754 p.
3548 3685 3695 3757 375].

2113 3785 2508 3842 Fraternitatis
2537 3800 2743 3839 amore
2769 3785 2882 3840 acti
2908 3784 3147 3855 ﬁdeque
3178 3785 3565 3856 antiquorum
3593 3787 3698 3842 cir-

2037 3873 2353 3930 cumcincti
2376 3887 2447 3928 ea
2501 3871 2670 3927 vobis
2701 3876 3044 3944 sanctasque
3093 3871 3447 3941 Moguntinae
3507 3874 3699 3931 Eccle~

2037 3965 2160 4034 size,
2202 3963 2298 4018 cui
2347 3960 2612 4036 praeestis
2656 3960 2954 4031 denegare
3011 3961 3388 4030 ignoramus,
3448 3968 3695 4034 propter

2035 4068 2170 4126 quae
2203 4055 2430 4106 vestros
2469 4049 2712 4105 nuntios
2755 4049 2834 4106 ad
2864 4053 3136 4106 sanctam
3175 4049 3376 4105 sedem
3405 4050 3693 4124 principis

2033 4139 2444 4214 apostolorum
2474 4142 2531 4194 et
2559 4137 2637 4192 ad
2681 4141 2950 4194 nostram
3007 4137 3400 4212 apostolicam
3432 4138 3691 4209 dignita-

2032 4235 2152 4287 tem
2187 4229 2408 4285 missos
2454 4227 2880 4298 cognoscimus
2921 4231 2977 4283 ct
3019 4243 3153 4300 quae
3205 4227 3391 4283 nostri
3423 4233 3690 4285 anteces-

265 4301 592 4358 incendens
643 4309 877 4359 montes
919 4305 1108 4374 (Psal.
1143 4321 1345 4370 Lxxxu,
1384 4306 1582 4375 t3-t5).
1619 4328 1644 4353 ››
1673 4306 1814 4371 Quae
1842 4305 1920 4361 ab

269 4391 358 4412 ε..-
1078 4409 1098 4412 ,

2044 4336 2196 4377 sores
2227 4317 2435 4374 vestris
2466 4316 2940 4372 antecessoribus
2957 4315 3271 4387 denegare.
3291 4316 3520 4372 Scimus
3546 4334 3688 4375 vero

268 4391 387 4457 illo,
422 4393 471 4447 si
499 4391 624 4447 ﬁeri
656 4397 865 4465 potest,
895 4396 1045 4448 Deus
1074 4409 1108 4449 a
1136 4399 1315 4449 'ertat.
1345 4398 1698 4466 Frequenter
1719 4399 1920 4451 autem

268 4484 556 4545 monitus,
586 4483 730 4537 dum
760 4483 1084 4549 adviveret,
1109 4499 1312 4538 coram
1339 4483 1622 4556 episcopo
1646 4499 1755 4539 suo
1772 4484 1924 4540 sicut

267 4570 394 4643 ipse
419 4571 745 4626 Balduinus
775 4572 965 4628 abbas
999 4577 1263 4642 testatur,
1297 4571 1657 4644 culpabilem
1686 4589 1747 4628 se
1786 4573 1921 4629 red-

267 4660 436 4727 didit,
468 4667 524 4717 et
549 4663 959 4726 supradictum
1006 4663 1436 4719 monasterium
1468 4680 1605 4719 cum
1637 4663 1922 4720 omnibus

268 4749 390 4805 suis
438 4751 617 4806 rebus
673 4753 866 4807 cidem
918 4752 1120 4808 abbati
1176 4753 1238 4808 in
1293 4753 1590 4822 integrum
1645 4753 1918 4825 restituit,

266 4837 492 4892 nullam
509 4838 887 4903 sibi,autsuis
911 4840 1161 4912 posteris
1191 4841 1543 4896 dominandi
1567 4845 1918 4914 potestatem

267 4925 509 4980 ulterius
539 4927 901 5000 relinquens.
932 4932 1044 4983 Nos
1075 4946 1212 4984 vero
1234 4930 1414 4985 modo
1445 4932 1663 5000 gratias
1689 4934 1805 4986 Deo
1830 4948 1917 4987 re-

263 5014 516 5070 ferentes
547 5016 621 5071 ob
653 5018 1040 5072 reverentiam
1065 5018 1220 5072 beati
1253 5019 1436 5073 Patris
1467 5020 1756 5076 Benedicti
1781 5023 1917 5078 Cas-

261 5104 484 5158 sinensi
542 5106 788 5177 praefato
841 5106 1204 5162 monasterio
1251 5123 1388 5162 cum
1434 5108 1648 5164 eodem
1698 5109 1916 5167 abbate

259 5191 669 5250 ordinandum
695 5195 1066 5251 decrevimus
1098 5201 1451 5268 Capuanum
1486 5199 1916 5256 monasterium

259 5286 316 5339 et
345 5289 561 5340 nostrae
603 5286 971 5341 auctoritatis
1013 5286 1322 5358 privilegio
1379 5287 1912 5354 corroborandum,

259 5377 315 5428 et
345 5374 459 5428 hoc
489 5391 560 5429 ex
592 5376 904 5431 autoritate
929 5376 1025 5431 Dei
1051 5381 1108 5432 et
1137 5377 1292 5432 beati
1330 5375 1475 5432 Petri
1505 5376 1916 5450 apostolorum

259 5461 546 5536 principis
593 5464 1035 5533 constituimus,
1067 5469 1124 5521 et
1172 5465 1524 5522 ordinamus
1569 5471 1632 5522 ut
1675 5465 1734 5522 in
1784 5467 1914 5540 ipso

261 5555 548 5625 Capuano
574 5553 962 5623 monasterio,
986 5555 1149 5627 quod
1175 5569 1296 5610 non
1325 5555 1421 5610 Dei
1445 5571 1647 5610 amore
1676 5555 1783 5612 sed
1810 5573 1916 5613 sae-

259 5640 446 5699 culari
477 5641 797 5716 cupiditate
844 5643 1205 5702 aedificatum
1249 5649 1357 5715 est,
1399 5659 1577 5714 unus,
1619 5650 1723 5704 aut
1761 5647 1915 5722 duo,

2031 4407 2244 4464 vestris
2268 4406 2473 4462 litteris
2500 4405 2915 4462 intimantibus
2941 4410 3148 4462 sancto
3170 4405 3470 4462 Bonifacio
3491 4412 3688 4465 vestro

2030 4495 2439 4552 antecessoria
2454 4495 2733 4564 Gregorio
2761 4494 3048 4561 secundo,
3070 4495 3349 4563 Gregorio
3367 4495 3554 4564 tertio,
3575 4511 3686 4551 nec

2029 4601 2152 4642 non
2196 4581 2501 4652 Zacharia,
2535 4585 2754 4641 nostris
2811 4583 3311 4651 antecessoribus,
3343 4589 3548 4639 nostro
3574 4585 3687 4640 uti-

2027 4692 2146 4748 que
2179 4675 2644 4748 praadecessore,
2673 4691 2784 4731 nec
2831 4691 2953 4730 non
2992 4674 3431 4746 praedecessore
3479 4678 3685 4731 nostro

2030 4765 2251 4821 Marino
2282 4763 2589 4818 Fridurico
2602 4767 2804 4819 nostro
2821 4762 3120 4829 confratri,
3138 4766 3334 4818 vestro
3354 4762 3682 4834 praedeces-

2027 4852 2166 4922 sori,
2213 4851 2518 4917 collatum,
2557 4855 2618 4907 ut
2639 4851 2696 4906 in
2721 4851 2990 4924 partibus
3019 4851 3194 4908 totius
3211 4851 3538 4908 Germaniae
3557 4853 3684 4908 Gal-

2023 4940 2239 5014 liaeque
2268 4937 2547 5012 provisor
2582 4943 2798 4995 sanctae
2831 4939 3185 5010 Moguntina:
3215 4940 3392 5002 sedis.
3425 4940 3681 4997 vicarius

2025 5031 2369 5102 missusque
2399 5029 2710 5101 apostolici
2738 5034 3050 5087 teneretur.
3087 5035 3168 5086 tta
3194 5035 3260 5086 ut
3283 5031 3500 5104 siquos
3521 5031 3681 5087 inve-

2024 5118 2215 5174 nisset
2241 5118 2402 5173 viros
2433 5132 2469 5173 a
2498 5122 2660 5173 recto
2692 5119 2923 5174 tramite
2943 5119 3183 5190 justitiae
3220 5118 3548 5188 deviantcs,
3583 5135 3682 5173 cu-

2018 5208 2360 5280 juscunque
2392 5210 2592 5263 essent
2638 5224 2910 5281 personae
2940 5208 3017 5265 ad
3067 5224 3129 5263 se
3161 5223 3393 5272 vocare,
3427 5206 3529 5261 ubi
3563 5206 3678 5263 loci

2023 5297 2200 5354 vellet
2263 5312 2530 5366 monere,
2596 5299 2910 5371 corrigere,
2975 5297 3399 5371 synodumque
3465 5296 3679 5352 consti-

2025 5389 2208 5455 tuere,
2258 5385 2365 5442 ubi
2412 5386 2606 5455 vellet,
2664 5392 3015 5460 potestatem
3055 5383 3364 5457 apostolici
3406 5382 3674 5442 haberet.

2024 5475 2167 5532 Inde
2218 5476 2362 5549 quia
2411 5493 2516 5532 vos
2542 5476 2724 5532 fidem
2759 5474 3312 5546 subjectionemque
3339 5476 3396 5528 et
3441 5478 3674 5544 caetera,

2021 5565 2127 5636 qui
2182 5579 2393 5620 omnes
2427 5569 2647 5620 sanctae
2689 5563 3039 5632 Mogontinae
3091 5561 3248 5616 sedis
3275 5561 3502 5634 priores
3534 5578 3675 5635 pro-

2019 5652 2251 5712 viseres
2279 5653 2424 5712 fassi
2457 5658 2613 5722 sunt,
2638 5651 2925 5722 fatemini,
2959 5649 3239 5709 eumdem
3280 5651 3452 5709 vobis
3481 5655 3676 5725 potes-
