4114 6146
244 202 351 259 917

1491 196 1841 253 EPISTOLE
1879 192 1972 250 ET
2008 196 2189 255 PRIVI
2199 201 2406 256 LEGIA
2418 241 2431 255 .

3579 200 3686 257 918

244 326 425 383 etiam
455 323 753 397 simulque
785 323 943 379 circa
968 340 1053 395 se,
1083 327 1141 379 et
1164 327 1434 379 montem
1465 338 1646 394 quem
1671 326 1903 388 Augus-
1932 322 1983 376 Α
2020 327 2149 379 orto
2197 323 2378 391 Pisce,
2407 325 2561 380 inter
2603 323 2812 380 afﬁnes
2849 325 2927 381 ab
2972 340 3095 380 uno
3136 324 3318 380 latere
3351 323 3479 395 jam
3525 320 3690 380 dicta

246 421 374 471 tum
414 414 604 470 sancti
633 413 840 482 Angeli
876 413 937 467 in
967 416 1278 468 cacumine
1307 412 1485 485 ip.....
1516 410 1737 466 montis
1784 425 1907 464 una

245 521 383 561 cum
425 504 613 559 vineis
642 508 698 559 et
746 503 912 558 terris
943 502 1100 557 circa
1129 502 1411 558 eumdem
1441 505 1707 557 montem
1740 504 1794 555 et
1819 516 1910 555 ec-

245 592 491 649 clesiam
532 592 720 648 sancti
751 591 971 647 Nicolai
1016 590 1079 646 in
1125 591 1426 659 integrum
1455 607 1594 647 cum
1626 588 1909 645 omnibus

246 681 371 737 suis
398 680 767 753 pertinentiis
796 681 946 735 sicut
981 678 1195 735 afﬁnes
1241 681 1484 749 signant
1510 680 1587 735 ab
1618 695 1740 737 uno
1762 678 1908 734 late-

244 786 310 826 re
338 770 438 826 via
488 769 729 841 publica
757 785 893 841 quas
942 768 1107 825 ducit
1153 769 1267 825 sub
1308 785 1521 826 arcora
1550 768 1741 825 forma
1771 784 1909 840 quae

244 858 584 931 appellatur
612 858 891 927 Virginis,
922 864 981 915 et
1031 875 1069 915 a
1124 877 1242 915 s....
1274 858 1456 915 latere
1508 876 1640 932 ipsa
1681 859 1905 925 forma;

243 947 378 1021 ipsa
432 946 628 1003 forma
683 946 935 1015 Virginis
1002 950 1059 1003 et
1134 952 1401 1003 montem
1467 963 1650 1018 quem
1710 945 1904 1011 Pinzi;

245 1042 303 1093 et
341 1053 378 1093 a
432 1036 601 1093 tertio
648 1036 831 1092 latere
881 1053 1058 1092 muro
1100 1037 1270 1093 istius
1317 1038 1567 1093 civitatis
1600 1040 1825 1099 Romae,
1853 1038 1909 1091 et

242 1130 483 1199 portam
539 1126 727 1182 sancti
758 1126 1074 1196 Valentini,
1106 1132 1164 1183 et
1215 1143 1251 1183 a
1302 1131 1518 1199 quarto
1547 1125 1728 1181 latere
1772 1140 1907 1180 mu-

242 1232 312 1273 ro
362 1216 533 1271 istius
582 1216 857 1286 civitatis,
904 1221 1210 1272 remeante
1261 1232 1454 1288 usque
1530 1217 1593 1271 in
1644 1218 1910 1270 Posteru-

242 1304 369 1361 lam
422 1320 559 1376 quae
614 1308 838 1360 sanctae
895 1304 1164 1375 Agathre,
1224 1309 1280 1360 et
1335 1304 1433 1360 via
1488 1305 1659 1375 juxta
1710 1306 1906 1358 Poste-

242 1391 439 1449 rulam
505 1408 638 1464 quae
716 1392 907 1463 pergit
958 1392 1131 1463 juxta
1190 1393 1659 1465 suprascriptam
1719 1391 1906 1446 eccle-

244 1482 398 1537 siam
444 1481 505 1537 in
538 1480 698 1537 viam
749 1480 1077 1552 publicam,
1123 1486 1302 1553 atque
1351 1485 1505 1537 terra
1550 1480 1908 1536 sementaria

243 1584 381 1641 quin
419 1568 642 1624 detinet
692 1568 1036 1626 Constantio
1086 1568 1272 1623 nobili
1324 1569 1473 1640 viro,
1520 1585 1629 1624 nec
1682 1584 1805 1623 non
1852 1572 1909 1622 et

2022 412 2112 469 via
2155 414 2418 487 publica,
2452 421 2508 470 et
2536 430 2573 470 a
2599 414 2865 471 secundo
2903 416 3084 472 latere
3113 414 3364 471 fontana
3396 431 3571 487 aquae
3602 414 3686 469 vi-

2018 519 2109 558 vae
2138 520 2273 574 quae
2322 509 2410 560 est
2456 502 2905 559 communalem
2931 503 3083 559 inter
3110 503 3517 576 suprascripto
3552 519 3683 559 mo-

2019 592 2279 647 nasterio
2309 596 2366 648 et
2394 592 2661 647 haered...
2687 590 3002 662 quondam
3029 591 3308 661 Gregorio
3333 592 3479 663 (254)
3511 607 3683 648 man-

2020 678 2281 734 sionario
2315 679 2492 735 scolae
2519 678 2913 735 confessionis
2943 679 3180 734 B.Petri
3208 682 3267 735 et
3291 679 3680 736 reducentem

2016 782 2209 840 usque
2256 768 2315 823 in
2366 772 2550 840 caput
2596 767 2671 823 de
2728 767 2952 839 pariete
3010 765 3281 839 antiqua,
3313 771 3371 823 et
3416 784 3453 824 a
3507 767 3679 824 tertio

2015 856 2197 912 latere
2250 861 2468 913 terram
2522 856 2597 912 de
2651 856 2975 912 venerabili
3036 855 3405 912 monasterio
3470 843 3682 913 Ciriaci

2018 946 2225 1013 sancti,
2255 946 2423 1018 quod
2446 946 2782 1019 appellatur
2805 945 2910 1002 Via
2941 948 3102 1015 Lata,
3131 949 3188 1001 et
3211 949 3367 1001 recte
3396 960 3503 1017 per
3529 945 3681 1000 limi-

2016 1039 2135 1090 tem
2193 1036 2447 1092 ducente
2498 1052 2737 1091 sursum
2777 1051 2884 1108 per
2935 1034 3189 1107 planum
3234 1034 3457 1091 montis
3494 1050 3679 1106 quem

2018 1125 2336 1189 Bussitulo,
2385 1131 2442 1181 et
2486 1143 2522 1181 a
2566 1130 2783 1197 quarto
2831 1124 3033 1194 latere,
3094 1124 3194 1179 via
3243 1123 3487 1196 publica
3541 1139 3677 1195 quaa

2016 1213 2324 1270 descendit
2370 1230 2477 1287 per
2514 1215 2734 1271 vallem
2792 1214 2896 1286 qui
2942 1213 3156 1269 dicitur
3206 1229 3242 1268 a
3271 1212 3677 1285 suprascripto

2021 1305 2359 1372 Bussitudo,
2388 1310 2445 1361 et
2472 1305 2591 1361 exit
2630 1304 2691 1359 in
2737 1304 2900 1361 viam
2954 1302 3330 1359 Flaminiam.
3362 1305 3585 1374 Nempe
3620 1305 3680 1359 et
3730 1354 3731 1357 η

2016 1394 2448 1450 conﬁrmamus
2480 1394 2651 1450 vobis
2685 1393 2944 1449 casalem
2974 1392 3275 1462 integrum
3303 1407 3488 1464 quem
3515 1393 3678 1471 Giru-

2014 1482 2074 1537 lo
2104 1499 2244 1538 cum
2286 1484 2537 1538 diversis
2583 1482 2901 1539 arboribus
2944 1482 3093 1551 suis,
3125 1485 3181 1536 et
3221 1496 3360 1537 cum
3389 1480 3675 1536 omnibus

2016 1572 2092 1627 ad
2150 1588 2289 1627 eum
2342 1572 2694 1641 generaliter
2750 1570 3220 1643 pertinentibus;
3280 1569 3451 1625 sicuti
3506 1569 3675 1624 vobis

242 1657 337 1714 via
364 1657 606 1731 publica
634 1674 772 1730 quae
801 1657 994 1729 pergit
1022 1657 1084 1712 in
1124 1658 1429 1714 Posterula
1459 1674 1495 1713 a
1528 1658 1726 1727 Pigna,
1764 1673 1903 1711 cum
1939 1671 1977 1725 Β
2014 1661 2556 1732 perscripturarum
2610 1661 2789 1715 series
2839 1659 3131 1732 pertinere
3179 1658 3457 1714 videntur
3510 1659 3673 1731 posi-

243 1747 490 1804 ecclesia
519 1748 708 1803 sancti
760 1747 931 1804 Blasii
978 1752 1036 1804 et
1085 1748 1277 1820 pergit
1325 1748 1399 1803 ad
1434 1748 1905 1820 suprascriptam

242 1838 500 1895 formam
546 1838 843 1906 Virginem
896 1854 1036 1893 cum
1091 1838 1351 1893 terris....
1413 1838 1736 1893 beneficiis.
1790 1841 1904 1893 Nec

241 1943 366 1983 non
397 1932 454 1982 et
479 1926 912 1982 conﬁrmamus
940 1926 1109 1981 vobis
1142 1927 1577 1982 monasterium
1603 1928 1904 1995 integrum

244 2016 435 2072 sancti
465 2015 751 2071 Valentini
780 2018 949 2085 (253),
982 2031 1119 2070 cum
1150 2015 1436 2071 omnibus
1487 2016 1609 2070 suis
1638 2016 1905 2070 ἑνί-(111ὶοὶ13

244 2107 301 2157 et
326 2103 695 2173 adjacentiis,
725 2111 778 2159 et
821 2103 1041 2176 ubique
1089 2106 1217 2173 ejus
1268 2104 1634 2176 pertinentiis
1676 2103 1904 2159 dictum

245 2192 389 2247 foris
464 2198 637 2264 porta
708 2193 897 2249 sancti
955 2193 1240 2249 Valentini
1294 2193 1445 2263 juris
1500 2193 1904 2265 suprascripto

247 2287 443 2338 vestro
481 2278 883 2348 monasterio;
930 2298 1139 2338 verum
1178 2283 1359 2337 etiim
1408 2288 1464 2337 et
1515 2282 1903 2339 concedimus

244 2375 423 2442 atque
448 2372 881 2427 confirmamus
911 2371 1081 2427 vobis
1128 2375 1369 2427 Poutem
1426 2372 1699 2428 Molvium
1728 2372 1791 2427 in
1819 2371 1905 2427 in-

242 2463 479 2528 tegrum
508 2477 647 2515 cum
679 2463 844 2516 omni
882 2461 1013 2531 ejus
1044 2461 1317 2530 ingressu
1346 2467 1402 2517 et
1439 2477 1681 2533 egressu
1712 2467 1769 2517 et
1793 2461 1900 2517 da-

244 2548 401 2605 tione
430 2554 486 2605 et
508 2549 733 2606 tributu
764 2550 892 2621 pari
923 2550 1109 2606 modo
1131 2556 1186 2606 et
1209 2555 1363 2608 terra
1388 2540 1638 2607 vacante
1670 2566 1901 2607 semen-

243 2639 449 2696 taricia
476 2639 645 2695 tritici
672 2640 1015 2695 modiorum
1045 2640 1180 2711 plus
1211 2641 1431 2707 minus,
1457 2658 1595 2696 cum
1616 2641 1900 2696 omnibus

243 2727 322 2787 ad
350 2743 452 2782 eas
476 2727 908 2797 pertinentibus
938 2728 1051 2782 sita
1083 2734 1219 2783 ante
1260 2729 1729 2800 suprascriptam
1760 2745 1895 2801 por-

243 2820 366 2872 tam
413 2815 597 2871 sancti
634 2815 919 2871 Valentini
969 2817 1143 2887 juxta
1187 2833 1345 2888 saepe
1376 2818 1536 2874 dicto
1586 2834 1761 2874 muro
1792 2819 1899 2873 hu-

230 2904 334 2975 jus
363 2904 616 2960 civitatis
644 2907 863 2969 Romae,
897 2911 954 2960 et
992 2905 1222 2971 afﬁnes,
1256 2905 1335 2960 ab
1388 2922 1510 2962 uno
1546 2906 1727 2963 latere
1760 2909 1897 2962 Fos-

238 2996 393 3059 sanl,
449 2992 510 3047 id
563 2997 669 3061 est,
727 2992 1093 3050 Carbonaria
1168 2994 1318 3049 inter
1370 2995 1571 3067 ipsum
1629 3012 1893 3061 murum,
1929 3018 1968 3071 η

236 3085 294 3137 et
317 3081 530 3137 eadem
572 3086 728 3138 terra
758 3082 971 3138 exinde
1003 3084 1188 3138 tendit
1236 3099 1425 3155 usque
1472 3084 1533 3138 in
1559 3084 1746 3140 ﬂuvio
1773 3101 1896 3141 ma-

230 3171 476 3241 jore.....
508 3172 606 3227 via
636 3172 878 3244 publica
909 3188 1045 3244 quae
1080 3173 1243 3228 ducit
1272 3180 1329 3228 et
1366 3173 1597 3230 reducit
1620 3174 1700 3229 ad
1730 3190 1897 3230 sanc-

236 3265 363 3316 tum
392 3261 791 3327 Valentinum,
822 3266 879 3317 et
921 3277 955 3317 a
999 3265 1215 3333 quarto
1253 3262 1434 3317 latere
1467 3262 1619 3333 juris
1676 3267 1894 3319 sanctae

233 3352 516 3406 Romana:
561 3351 853 3406 Ecclesim.
886 3355 1012 3406 lmo
1042 3356 1099 3406 et
1146 3351 1264 3407 alia
1296 3356 1450 3406 terra
1480 3352 1895 3409 sementaricia

234 3456 373 3495 cum
402 3440 685 3496 omnibus
718 3441 842 3495 suis
885 3441 945 3496 in
995 3441 1316 3509 integrum,
1350 3446 1407 3496 et
1447 3458 1587 3497 cum
1609 3442 1893 3498 omnibus

233 3528 311 3585 ad
339 3545 473 3584 eam
504 3528 918 3600 pertinentem,
942 3530 1136 3601 posito
1161 3529 1296 3602 ipso
1330 3546 1546 3586 manus
1571 3531 1781 3587 dextra
1808 3532 1893 3587 ibi

231 3624 472 3673 euntem
503 3620 579 3674 ad
608 3624 881 3679 sanctum
917 3619 1289 3675 Valentinum
1311 3635 1452 3675 cum
1481 3635 1622 3676 arco
1662 3622 1891 3691 majore

229 3704 385 3762 infra
408 3722 566 3775 eam,
584 3708 687 3779 qui
708 3708 1043 3780 appellatur
1064 3711 1459 3764 Passaraua...
1480 3708 1691 3765 inloco
1706 3725 1891 3781 quem

302 3861 461 3934 (253),
483 3858 641 3934 Della
669 3860 869 3934 chiesa
899 3860 957 3915 di
984 3862 1038 3934 8.
1061 3860 1365 3934 Valentino
1392 3861 1547 3916 fuori
1566 3862 1722 3934 della
1750 3878 1887 3934 por-

231 3935 289 3986 ta
309 3929 414 4004 de]
444 3929 685 4004 Bopolo,
719 3930 803 4004 di_
826 3933 880 3985 8.
914 3931 1220 4004 Valentino
1251 3932 1412 4004 detta
1441 3933 1640 4004 perﬁcio
1671 3929 1887 4004 alcuna

228 4001 410 4061 volta,
443 4001 594 4055 delle
623 4017 725 4056 sue
757 4001 1021 4067 vicende,
1050 4019 1081 4056 e
1112 4003 1399 4057 memorie
1443 4001 1647 4058 vedasi
1681 4003 1883 4073 l'agio-

228 4072 399 4141 grato
430 4073 760 4145 Enschenio
784 4073 877 4145 uel
902 4079 937 4129 t.
972 4075 1015 4126 ΙΙ
1045 4074 1141 4128 del
1172 4074 1473 4129 Febliraro
1506 4078 1581 4145 (p.
1614 4072 1885 4145 151),’ove

226 4149 455 4216 quanto
488 4144 533 4216 si
566 4144 733 4216 legge
764 4144 986 4216 altrove
1014 4149 1044 4199 ὸ
1066 4146 1246 4205 detto.
1267 4160 1297 4200 e
1320 4162 1490 4201 come
1520 4144 1583 4201 fu
1614 4144 1735 4201 una
1763 4147 1885 4203 del-

226 4214 278 4270 le
310 4216 474 4290 venti
487 4215 665 4290 liadie
696 4214 1055 4290 privilegiate
1083 4216 1378 4290 (liRoma,
1398 4216 1547 4290 delle
1570 4217 1729 4290 quali
1757 4218 1884 4290 Gio-

226 4287 406 4361 vanni
440 4285 778 4361 diacono,e_
802 4287 1202 4361 PietrogMztllio
1234 4288 1385 4342 uelle
1412 4288 1501 4342 lor
1525 4285 1703 4360 opere
1730 4289 1879 4361 pub-

226 4357 440 4431 blicate
464 4357 565 4411 dal
591 4357 900 4431 Mabillone
935 4359 1105 4428 (Mus.
1130 4360 1281 4431 Rat.
1318 4376 1354 4426 ι,
1392 4363 1454 4431 tl,
1486 4357 1697 4431 p.100,
1730 4357 1877 4431 574).

230 4430 508 4500 Spettano
536 4429 613 4484 ad
643 4446 783 4485 essa
822 4429 939 4483 due
984 4430 1219 4485 veccbie
1247 4430 1432 4501 lapidi
1471 4429 1545 4484 de
1576 4430 1756 4485 secoli
1784 4429 1879 4487 xe

224 4516 306 4572 ξι,
336 4516 457 4572 una
482 4501 881 4572 esistentenel
908 4501 1136 4572 portico
1161 4501 1221 4555 di
1255 4500 1319 4556 S.’
1354 4500 1530 4557 Maria
1555 4502 1615 4558 in
1644 4505 1880 4559 Cosme-

226 4570 351 4638 din,
385 4588 415 4624 e
441 4571 632 4627 l‘altra
660 4570 815 4626 nella
846 4570 1045 4627 cli‘iesa
1097 4571 1155 4626 di
1199 4575 1255 4627 S.
1290 4572 1566 4627 Silvestro
1596 4575 1657 4627 in
1688 4574 1880 4642 capite

225 4642 363 4723 nell‘
393 4642 574 4723 altare
615 4643 763 4723 tli‘S;
798 4643 1045 4723 Dionigi,
1080 4643 1489 4723 trasportatevi
1522 4649 1879 4723 certamente

225 4713 390 4784 dopo
417 4714 524 4767 che
551 4714 629 4767 tal
660 4714 857 4769 chiesa
904 4714 964 4768 fu
1001 4713 1317 4769 demolita:
1350 4732 1381 4769 e
1408 4714 1694 4769 s‘intende
1728 4715 1880 4771 bene

226 4800 398 4857 conte
456 4801 573 4839 una
622 4785 882 4841 andasse
912 4802 946 4840 a
999 4786 1278 4857 ripararsi
1312 4786 1369 4841 in
1404 4790 1457 4840 8.
1495 4787 1790 4851 Silvestro,
1824 4786 1879 4841 al

225 4856 321 4909 cui
361 4863 718 4928 monastero
767 4872 868 4911 era
919 4857 1050 4910 sino
1097 4857 1196 4911 dal
1246 4862 1445 4928 tetnpo
1497 4858 1557 4912 di
1604 4857 1805 4925 Sergio
1834 4859 1878 4910 ll

227 4926 477 4999 (Clarletti
508 4943 566 4999 p.
600 4931 737 4999 179),
758 4928 936 4981 unita.
970 4928 1279 4981 ritenendo
1313 4926 1453 4999 pero
1480 4930 1608 4982 suoi
1643 4929 1879 4984 monaci

221 4996 299 5052 ed
338 4996 532 5058 abate,
562 5014 591 5052 e
645 4996 837 5053 l‘ultra
895 5014 1030 5053 sara
1072 5004 1225 5053 stata
1275 4996 1422 5053 uelle
1468 4999 1769 5054 vicinanze
1817 5000 1878 5055 di

220 5068 424 5141 quella
478 5068 729 5141 basilica
757 5073 1007 5141 portata,
1042 5069 1143 5141 Dio
1177 5085 1245 5124 sa
1269 5086 1439 5141 come
1479 5086 1515 5124 a
1546 5070 1814 5141 quando,
1847 5087 1877 5125 e

221 5138 278 5193 vi
308 5138 367 5193 fu
398 5140 456 5212 in
488 5140 593 5211 piu
638 5138 793 5212 pczii
822 5144 1049 5212 trovata
1081 5139 1136 5212 al
1168 5140 1531 5212 cominciare
1552 5138 1647 5196 del
1679 5138 1877 5198 secolo

220 5226 363 5275 xvu,
412 5209 671 5266 sic—come
720 5213 956 5282 imparo
1008 5209 1108 5264 dal
1165 5210 1367 5282 codice
1420 5210 1572 5265 delle
1626 5212 1881 5268 lscrizio—

219 5282 283 5336 ni
338 5281 623 5345 Doniane,
681 5281 827 5337 ch’e’
856 5281 1012 5337 nella
1060 5281 1387 5353 Barberina
1421 5286 1682 5353 (p.533,
1732 5285 1790 5349 V,
1834 5286 1879 5340 il

221 5353 625 5426 Crescimbeni
650 5369 709 5426 p,
742 5353 850 5426 8t).
877 5356 979 5407 Per
1005 5368 1132 5426 esse
1184 5352 1232 5426 si
1276 5355 1307 5407 ὲ
1356 5352 1461 5407 (ἰοί
1483 5352 1681 5408 alcuni
1713 5355 1876 5411 scrit-

222 5423 334 5479 tori
385 5424 579 5479 nientc
629 5423 806 5478 critici
850 5423 1099 5478 asserito
1148 5424 1256 5478 che
1304 5440 1515 5495 presso
1546 5439 1582 5480 a
1614 5426 1668 5479 8.
1704 5427 1880 5482 Maria

219 5495 286 5550 ln
317 5496 636 5551 Cosmedin
687 5495 900 5549 ebbevi
950 5495 1346 5550 anticamente
1396 5495 1543 5551 altra
1573 5495 1774 5552 chiesa
1819 5498 1879 5553 di

224 5568 281 5624 S.
318 5566 648 5640 Valentino,
677 5565 735 5640 di
768 5566 864 5640 cui
894 5565 1077 5640 niuna
1120 5566 1411 5640 memoria
1438 5571 1577 5640 pote
1618 5568 1735 5640 mai
1766 5568 1882 5624 rin-

219 5637 424 5710 venire
469 5636 508 5691 il
549 5635 967 5710 Crescimbeni,
1000 5637 1037 5692 il
1082 5637 1257 5710 quale
1307 5635 1739 5710 bien‘s‘avvide
1772 5640 1879 5695 che

220 5709 277 5766 le
302 5707 421 5766 due
449 5708 742 5767 iscrizioni
766 5707 1255 5769 appartenevano
1284 5709 1364 5766 ad
1401 5725 1523 5767 una
1550 5710 1882 5769 medesima

223 5780 466 5853 chiesa;
518 5797 623 5842 ma
658 5780 879 5853 perché
914 5780 1105 5842 allora
1131 5795 1257 5842 non
1284 5796 1389 5845 era
1413 5785 1568 5841 stata
1589 5781 1714 5841 ben
1740 5781 1883 5842 letta

2016 1756 2073 1806 to
2126 1766 2309 1823 supra
2356 1750 2579 1805 dictam
2656 1758 2892 1821 partam
2958 1748 3146 1804 sancti
3198 1748 3489 1804 Valentini
3540 1748 3674 1803 mil-

2012 1840 2143 1895 liari
2201 1840 2282 1895 ab
2353 1840 2501 1895 urbe
2560 1843 2748 1895 Roma
2811 1838 2949 1911 plus
3004 1838 3205 1893 minus
3262 1837 3477 1903 unius,
3524 1836 3675 1893 inter

2016 1928 2224 1983 afﬁnes
2274 1927 2353 1982 ab
2420 1942 2540 1982 uno
2613 1927 2792 1982 latere
2847 1927 2947 1982 via
3002 1925 3244 1998 publica
3290 1925 3353 1980 in
3408 1940 3534 1997 qua
3587 1930 3677 1980 est

2014 2017 2157 2072 silex
2190 2017 2458 2088 antiqua,
2476 2032 2611 2088 qum
2634 2015 2941 2071 descendit
2963 2030 3156 2087 usque
3174 2014 3236 2069 in
3254 2013 3664 2083 Sanguinaria.

2012 2111 2070 2162 et
2116 2123 2152 2163 a
2202 2106 2468 2161 secundo
2515 2106 2695 2161 latere
2740 2104 3078 2160 formellum
3120 2120 3296 2175 aqute
3335 2103 3487 2158 vivre
3534 2118 3671 2174 quae

2013 2197 2151 2252 exiit
2180 2196 2293 2251 sub
2324 2202 2525 2251 monte
2574 2195 2648 2249 de
2682 2193 3025 2267 supradicto
3064 2192 3265 2248 Girulo
3296 2207 3402 2247 seu
3428 2196 3674 2264 pratum

2011 2285 2086 2340 de
2117 2283 2441 2340 venerabili
2484 2282 2848 2338 monasterio
2896 2281 3086 2337 sancti
3135 2280 3361 2347 Ciriaci,
3391 2282 3449 2335 et
3477 2295 3513 2335 a
3556 2283 3670 2335 ter-

2013 2374 2091 2429 tio
2136 2375 2273 2439 late,
2308 2388 2484 2429 mons
2535 2373 2638 2444 qui
2693 2375 2781 2427 est
2828 2385 3015 2442 supra
3060 2370 3187 2440 jam
3234 2369 3461 2423 dictum
3503 2382 3674 2423 mon-

2010 2467 2130 2518 tem
2178 2461 2365 2518 sancti
2412 2460 2697 2516 Valentini
2738 2476 2845 2515 seu
2874 2464 3029 2515 terra
3060 2457 3478 2513 sementaricia
3518 2456 3670 2528 juris

2012 2551 2185 2607 vestri
2251 2550 2696 2622 supradictique
2748 2547 3097 2604 monasterii
3153 2563 3340 2620 quam
3403 2546 3669 2603 detinent

2010 2640 2279 2695 heeredes
2327 2639 2641 2711 quondam
2698 2637 2949 2694 Romani
2997 2652 3033 2692 a
3070 2639 3296 2708 Campo
3327 2634 3561 2703 Martio;
3613 2639 3709 2691 et'

2010 2746 2045 2785 a
2098 2734 2313 2800 quarto
2373 2728 2620 2783 latere...
2684 2730 2949 2799 Itemque
3010 2726 3441 2783 conﬁrmamus
3496 2724 3670 2780 vobis

2011 2818 2272 2874 casalem
2322 2834 2512 2872 unum
2543 2818 2603 2872 in
2629 2818 2927 2886 integrum
2957 2831 3142 2887 quem
3172 2814 3499 2885 Pelajolum
3528 2829 3669 2869 cum

2009 2908 2176 2963 terris
2206 2908 2328 2962 suis
2374 2906 2854 2971 rationabilibus,
2884 2904 3136 2976 campis,
3166 2904 3370 2976 pratis,
3403 2902 3666 2975 pascuis,

2010 2996 2335 3066 montibus,
2389 2996 2633 3068 planitie
2699 2994 2762 3049 in
2822 3009 2947 3066 quo
3001 2992 3110 3047 fuit
3177 2990 3426 3048 ecclesia
3478 2991 3670 3047 sancti

2010 3084 2288 3157 Sylvestri
2340 3102 2475 3157 quae
2532 3089 2620 3139 est
2697 3084 2759 3140 in
2828 3082 3076 3138 desertis
3133 3080 3348 3153 posita,
3403 3084 3459 3136 et
3528 3096 3668 3135 cum

2005 3175 2288 3231 omnibus
2343 3175 2420 3231 ad
2477 3190 2612 3231 eam
2688 3172 3037 3243 generaliter
3093 3170 3526 3244 pertinentibus
3592 3169 3666 3226 si-

2004 3265 2122 3321 cuti
2177 3264 2319 3320 olim
2363 3264 2424 3319 in
2479 3263 2887 3336 suprascripto
2936 3264 3131 3317 vestro
3183 3259 3547 3315 monasterio
3602 3260 3664 3315 in

2004 3354 2541 3411 commutationem
2591 3352 2757 3409 dedit
2796 3368 2904 3425 per
2951 3349 3484 3406 commutationem
3533 3364 3665 3405 car-

2001 3442 2125 3498 tula
2192 3441 2496 3497 Albericus
2572 3441 2848 3497 omnium
2932 3443 3343 3495 Romanorum
3425 3441 3666 3494 senator

2001 3533 2145 3602 (“255)
2170 3532 2484 3604 quondam
2522 3532 2582 3586 in
2613 3548 2755 3603 qua,
2798 3533 2856 3586 et
2900 3529 2994 3585 ille
3034 3545 3174 3584 cum
3214 3528 3336 3583 suis
3378 3527 3661 3584 fratribus

2000 3636 2070 3675 ac
2119 3620 2425 3675 sororibus
2472 3620 2730 3693 propriis
2777 3619 3061 3675 manibus
3096 3616 3576 3689 subscripserunt
3603 3620 3662 3672 et

1998 3713 2451 3775 eonsenserunt,
2473 3709 2746 3765 videlicet
2769 3708 3149 3766 Constantius
3170 3706 3388 3762 nobilis
3409 3707 3514 3774 vir,
3533 3707 3661 3763 Ser-

1998 3880 2220 3944 ancora
2262 3863 2462 3935 quella
2492 3863 2552 3917 di
2589 3865 2644 3918 8.
2681 3862 2979 3925 Silvestro,
3008 3860 3312 3917 attribuita
3340 3859 3396 3917 al
3422 3862 3443 3913 Ι
3470 3876 3503 3915 e
3531 3875 3656 3916 non

1999 3934 2054 4013 al
2084 3938 2122 3988 ll
2160 3934 2412 4013 Niccolo,
2447 3935 2786 4013 pensomche
2828 3933 2886 3988 lo
2935 3937 3122 4012 stesso
3145 3931 3654 4013 abbatej‘eb‘aldo

1997 4005 2152 4059 fosse
2183 4004 2316 4059 nell’
2342 4001 2468 4058 una
2487 4020 2517 4059 e
2548 4003 2680 4059 nell’
2712 4004 2862 4059 altra
2889 4003 3199 4057 nominato
3226 4007 3309 4069 (p.
3342 4004 3453 4069 99),
3483 4001 3523 4057 il
3545 4002 3653 4058 che

1996 4080 2026 4130 ἐξ
2054 4076 2237 4131 falso:
2271 4079 2301 4130 ὲ
2328 4075 2497 4130 bensi
2522 4091 2665 4130 vero
2695 4075 2804 4130 che
2830 4074 2947 4129 due
2967 4073 3207 4129 Tebaldi
3232 4072 3424 4128 fecero
3448 4073 3539 4129 de’
3557 4072 3654 4129 bei

1993 4147 2137 4202 doni
2164 4163 2194 4202 e
2226 4147 2508 4215 vantaggi
2556 4163 2592 4201 a
2621 4146 2820 4218 quella
2850 4145 3052 4218 cbiesa
3088 4160 3125 4200 o
3154 4149 3653 4218 monastero,_ma

1993 4218 2033 4273 il
2055 4218 2251 4289 primo
2281 4234 2407 4289 non
2438 4219 2485 4274 si
2509 4215 2823 4273 dice—fosse
2854 4216 3095 4289 abbate,
3127 4232 3299 4273 come
3324 4215 3385 4289 lo
3416 4215 3481 4289 fu
3504 4215 3544 4271 il
3565 4231 3654 4271 se-

1992 4287 2213 4354 cundo,
2262 4287 2336 4345 ed
2382 4289 2556 4345 abate
2599 4289 2971 4346 sicuramene
3013 4287 3074 4343 di
3132 4289 3188 4345 S.
3237 4287 3566 4354 Valentino,
3618 4302 3651 4342 e

1909 4365 1954 4420 D
1992 4376 2115 4416 non
2165 4332 2225 4414 d’i
2264 4361 2317 4413 S.
2353 4360 2654 4425 Silvestro,
2686 4360 2967 4415 siccomte
3015 4374 3204 4425 penso
3252 4358 3292 4413 il
3331 4332 3650 4414 Giacchetti

1994 4433 2120 4502 (Ist.
2166 4432 2247 4486 di.
2295 4432 2358 4487 S.
2388 4431 2537 4487 Silv.
2571 4432 2775 4504 p.741),
2814 4431 2898 4504 ed,
2931 4446 3043 4504 ora
3082 4430 3273 4485 anche
3326 4429 3368 4485 il
3415 4428 3647 4504 Carletti

1990 4474 2235 4583 ista:
2264 4474 2541 4583 μῑςηΐιςιῑί
2570 4474 3423 4583 £91.;auersatusumsa
3451 4474 3646 4555 ξεῖῑέιῖ

1990 4574 2212 4629 cisione
2260 4574 2321 4630 in
2369 4574 2545 4645 legno
2595 4574 2754 4630 delia
2799 4574 3019 4646 lapide,
3040 4588 3176 4646 non
3223 4589 3369 4646 pero
3409 4587 3645 4643 sempre

1987 4646 2369 4718 interpretata
2427 4644 2458 4701 e
2517 4646 2782 4718 supplita
2831 4644 3176 4718 b‘enissimo.
3223 4644 3327 4718 lita
3356 4658 3644 4718 persuaso

1989 4713 2161 4771 com"
2193 4716 2305 4783 ein
2359 4732 2480 4781 era,
2528 4713 2656 4771 ch'e'
2689 4715 2905 4771 l'abate
2961 4714 3331 4771 nominatovi
3358 4713 3534 4769 _fosse
3582 4713 3646 4770 di

1987 4790 2041 4842 8,
2093 4787 2387 4857 Silvestro,
2438 4787 2657 4844 travasi
2696 4786 2844 4842 ‘nell’
2889 4787 3173 4857 impegno
3230 4785 3291 4857 di
3339 4788 3642 4857 sostonere

1987 4860 2097 4914 che
2126 4859 2143 4913 i
2174 4859 2360 4915 lavori
2390 4858 2751 4913 enunciativi
2780 4858 2829 4913 si
2858 4856 3119 4913 face’sser
3146 4856 3276 4912 tutti
3307 4856 3463 4912 nella
3487 4856 3644 4911 chie-

1988 4946 2054 5055 ἓδ.
2080 4930 2143 5051 di
2172 4935 2403 5055 1questo
2445 4935 2639 4995 santo,
2666 4945 2698 4985 e
2741 4944 2864 4985 non
2915 4928 3074 4985 nella
3120 4932 3536 4984 estramurana
3579 4926 3642 4983 di

2033 5043 2043 5054 .
2110 5012 2167 5055 t‘a
2194 5016 2266 5055 en
2296 5017 2415 5055 ino.

2033 5043 2043 5054 .
2080 5001 2415 5055 Valentino.

2062 5072 2201 5143 (251)
2237 5077 2396 5128 Ανθᾶ
2440 5071 2537 5140 gia
2590 5071 2629 5126 il
2668 5070 2931 5143 Torrigio
2962 5069 3114 5127 nelle
3144 5073 3331 5143 grotte
3364 5070 3639 5126 Vaticane

1989 5144 2065 5214 (p.
2101 5143 2225 5214 527)
2256 5146 2458 5214 notato
2488 5143 2548 5197 in
2580 5143 2775 5211 grazia
2812 5142 2874 5199 di
2904 5159 3026 5198 una
3053 5142 3420 5214 malmenata
3449 5156 3638 5214 mem-

1985 5209 2177 5270 brana
2198 5209 2331 5290 dell:
2354 5209 2618 5290 archivio
2632 5214 2796 5290 delia
2820 5214 3359 5290 basilicavaticana
3378 5209 3511 5290 dell‘
3534 5224 3640 5290 an-

1986 5302 2066 5341 no
2103 5290 2256 5355 1037,
2281 5285 2389 5341 che
2410 5285 2693 5353 icustodi,
2710 5284 3080 5342 ecubiculari
3098 5282 3268 5355 della
3296 5278 3639 5335 confession

1988 5356 2048 5412 di
2082 5358 2138 5412 S.
2171 5353 2643 5433 Pietroufacevan
2674 5373 2879 5433 corpo,
2910 5371 2943 5433 ρ
3000 5354 3048 5433 si
3076 5353 3371 5433 dicevano
3416 5364 3641 5432 ancora

1988 5428 2386 5485 mansionarii
2409 5430 2629 5485 scitulae
2668 5423 3047 5497 confessionis
3080 5423 3234 5479 beati
3255 5423 3444 5491 Petri,
3466 5438 3639 5480 come

1987 5504 2199 5573 questo
2230 5499 2511 5573 Gregorio
2542 5500 2591 5554 si
2615 5499 2766 5573 dice.

2062 5571 2206 5652 (25s)
2237 5563 2536 5652 Diquesto
2566 5566 2938 5652 nobilissimo
2966 5581 2998 5647 e
3026 5563 3443 5652 potentissimo
3471 5580 3643 5652 sena-

1991 5635 2112 5697 tore
2144 5641 2200 5697 di
2234 5635 2366 5698 tutti
2393 5642 2409 5697 i
2435 5640 2685 5698 Romani
2716 5638 2844 5709 (che
2874 5635 2995 5709 cosi
3019 5635 3160 5693 amo
3184 5635 3249 5692 di
3271 5636 3638 5709 chiamarsi),

1988 5728 2020 5769 e
2049 5712 2364 5770 de’fratelli
2389 5712 2520 5769 suoi
2548 5724 2878 5769 accennero
2903 5708 3117 5765 alcune
3152 5723 3291 5765 cose
3317 5708 3472 5765 nella
3499 5712 3640 5766 note

1988 5782 2049 5842 a1
2073 5799 2217 5860 pap.
2250 5800 2300 5841 c.
