4114 6146
1805 187 2107 249 AGAPETI
2140 185 2339 242 ΡΑΡιΕ
2376 181 2438 238 ιι.

3733 175 3852 230 920

402 337 537 406 gius
586 334 804 389 sanctae
851 324 1157 400 Nepesina
1213 319 1484 378 Ecclesize
1529 318 1871 392 episcopus,
1922 328 2062 370 cum
2094 313 2143 368 Α
2179 304 2440 406 casalem
2490 321 2680 406 unum
2709 304 2774 360 in
2815 304 3114 406 integrum
3155 315 3336 398 quem
3378 297 3652 406 Lagpati
3699 313 3852 393 cum

323 429 330 436 ’
403 403 617 481 l3ertha
668 424 724 476 et
765 417 882 474 alia
929 416 1162 481 Bertha,
1193 415 1435 485 propter
1475 408 1690 466 vallem
1723 404 1912 463 sancti
1938 403 2067 474 Viti,

404 527 587 587 quem
617 509 679 565 in
711 503 1040 564 venerabili
1069 499 1434 560 monasterio
1465 501 1683 554 sanctae
1705 493 1946 566 Agnetis
1977 508 2072 548 su-

404 600 715 677 pradictus
743 595 1049 653 Albericus
1079 591 1330 648 donavit
1355 608 1368 658 ;
1401 604 1583 662 quem
1613 587 1688 643 de
1716 589 1915 677 vestro
1939 597 2072 677 inc-

407 669 670 748 nasterio
733 682 1142 758 suprascripto
1193 678 1302 735 fuit
1333 677 1527 758 “posit.
1559 679 1688 732 Jam
1736 673 1896 730 dicta
1931 669 2073 728 foris

407 783 580 854 porta
613 755 865 833 miliario
895 772 976 829 ab
1007 770 1154 826 urbe
1187 755 1380 824 Roma
1405 767 1578 838 juxta
1613 763 1860 854 ﬂuvium
1888 759 2076 854 _Tybe-

409 850 514 940 ris,
545 867 696 922 inter
724 862 936 920 afﬁnes
965 859 1043 917 ab
1074 875 1196 914 uno
1225 857 1408 913 latere
1447 871 1631 928 quem
1660 850 1924 922 Gurgini,
1956 853 2013 904 et
2040 863 2078 905 a

413 955 681 1015 secundo
715 953 894 1008 latere
940 949 1191 1005 ﬂuvium
1221 946 1494 1018 Tyberis,
1528 960 1638 1000 seu
1665 946 1821 998 terra
1849 953 2079 996 semen-

413 1045 619 1104 taricia
659 1059 798 1097 cum
846 1043 1018 1112 prato
1073 1053 1183 1092 suo
1232 1035 1306 1092 de
1348 1031 1676 1091 venerabili
1715 1027 2079 1087 monasterio

418 1135 606 1192 sancti
629 1130 846 1198 Basilii,
876 1129 1056 1185 situm
1098 1127 1160 1183 in
1189 1125 1353 1182 scola
1383 1126 1767 1188 Mortuorum,
1797 1135 1934 1175 cum
1964 1117 2083 1174 alia

418 1230 592 1282 terra.
627 1226 770 1278 ltem
803 1235 941 1274 cum
971 1220 1144 1289 prato
1185 1230 1295 1269 suo
1334 1212 1410 1268 de
1438 1208 1760 1268 venerabili
1789 1210 2086 1265 monaste-

417 1314 507 1370 rio
556 1313 777 1366 sanctis
827 1306 1018 1364 Mariae
1064 1320 1252 1378 quam
1307 1302 1368 1358 in
1409 1300 1716 1367 Aventino,
1767 1302 1823 1355 et
1861 1301 2086 1354 terram

419 1404 562 1460 item
597 1415 734 1455 cum
763 1401 940 1470 pratu
970 1394 1081 1450 sito
1113 1392 1187 1448 de
1233 1389 1516 1461 Gregorio
1546 1405 1583 1445 a
1609 1392 1833 1460 Campo
1861 1385 2084 1450 Martio,

422 1495 480 1546 et
498 1505 536 1546 a
561 1489 729 1545 tertio
756 1487 940 1543 latere
967 1483 1194 1539 fundus
1225 1498 1330 1538 sex
1359 1481 1800 1546 columnarum,
1835 1480 1892 1533 et
1920 1491 2089 1532 mon-

423 1583 542 1634 tem
595 1591 779 1649 quem
833 1571 1115 1643 Mollario,
1146 1576 1202 1627 et
1257 1586 1294 1626 a
1345 1574 1560 1642 quarto
1588 1567 1838 1623 latere...
1866 1563 2084 1637 juris...

2178 395 2462 452 omnibus
2495 393 2574 451 ad
2603 409 2743 450 eum
2776 389 3212 466 pertinentibus
3251 388 3402 443 inter
3424 386 3642 442 afﬁnes
3671 401 3714 440 a
3749 384 3854 439 tri-

2178 485 2292 541 bus
2319 482 2604 540 lateribus
2633 482 2886 539 ﬂuvium
2929 479 3034 553 qui
3066 479 3358 534 Tiverone
3406 473 3854 538 circumdatur,

2178 579 2234 632 et
2273 590 2310 631 a
2362 578 2580 646 quarto
2625 572 2806 630 latere
2857 574 3165 628 Fossatum
3209 571 3266 623 et
3293 566 3392 622 via
3421 563 3860 638 publicajuris

2181 663 2530 721 monasterii
2559 663 2752 719 sancti
2789 659 3084 718 Laurentii
3113 657 3278 731 quod
3305 654 3648 730 appellatur
3673 650 3860 708 Pala-

2182 753 2335 811 cina.
2366 757 2608 811 Necnon
2639 756 2696 809 et
2721 751 2922 808 cesina
2951 765 3076 806 una
3099 748 3179 804 ad
3205 745 3546 803 modiorum
3575 743 3724 817 plus
3747 740 3864 798 mi-

2181 861 2297 901 nus
2349 859 2489 900 cum
2543 843 2744 916 criptis
2788 839 3100 908 arenariis,
3151 835 3452 911 parietinis
3493 833 3748 890 discetis
3805 837 3868 887 et

2185 949 2325 990 cum
2385 931 2668 988 omnibus
2733 934 2814 987 ad
2867 945 3002 986 eam
3065 925 3482 1002 pertinentem,
3527 923 3644 979 sita
3707 919 3866 976 foris

2185 1025 2424 1096 portam
2455 1020 2644 1077 sancti
2669 1019 2937 1091 Joannis,
2966 1017 3180 1074 miliar.
3209 1015 3289 1072 ab
3312 1013 3457 1070 urbe
3483 1015 3680 1069 Roma
3709 1010 3864 1084 plus

2189 1112 2485 1168 minus....
2515 1112 2668 1168 inter
2695 1111 2908 1167 affines
2939 1125 2974 1166 a
3003 1107 3244 1164 duobus
3271 1104 3557 1161 lateribus
3589 1107 3760 1158 terra
3783 1099 3866 1155 de

2191 1200 2452 1256 Adriano
2481 1199 2670 1256 nobili
2699 1198 2848 1267 viro,
2879 1197 3002 1253 filio
3051 1193 3296 1251 Adriani
3343 1191 3662 1266 quondam
3703 1191 3864 1260 (259)

2193 1289 2448 1346 archarii
2473 1308 2487 1359 ;
2528 1293 2584 1346 et
2612 1306 2650 1346 a
2677 1289 2846 1346 tertio
2875 1288 3054 1344 latere
3083 1291 3240 1342 terra
3273 1285 3348 1340 de
3383 1282 3624 1339 haerede
3655 1295 3866 1354 quon-

2193 1380 2338 1435 dam
2364 1379 2648 1452 Stephani
2675 1378 3016 1446 Chaumati;
3051 1381 3108 1432 et
3135 1392 3172 1432 a
3202 1379 3416 1449 quarto
3445 1373 3631 1428 latere
3661 1370 3866 1425 forma

2197 1467 2597 1541 aqumductio.
2633 1467 2946 1524 Enimvero
2987 1470 3044 1520 et
3071 1463 3199 1520 aliae
3231 1469 3397 1519 terrae
3425 1457 3866 1516 sementariciae

2194 1558 2278 1614 ibi
2307 1558 2438 1632 ipso
2483 1557 2694 1630 positaa
2721 1573 2860 1613 cum
2891 1553 3140 1611 diversis
3181 1551 3500 1610 arboribus
3530 1549 3660 1605 suis
3685 1547 3864 1602 sicuti

424 1637 698 1722 Similiter
729 1667 786 1719 et
813 1666 1054 1736 pratum
1084 1675 1276 1716 unum
1305 1637 1386 1713 in—
1419 1657 1717 1726 integrum
1749 1654 1919 1710 sicuti
1947 1652 2092 1708 deti-
2119 1677 2160 1731 Β
2197 1647 2364 1704 vobis
2409 1663 2515 1720 per
2567 1647 2996 1720 scripturarum
3045 1643 3227 1700 series
3279 1641 3569 1715 pertinere
3623 1637 3870 1692 videtur

425 1752 576 1810 netis
607 1751 749 1806 foris
780 1752 1026 1822 pontem
1059 1745 1356 1803 Solarium
1399 1744 1461 1799 in
1489 1743 1692 1799 locum
1731 1757 1913 1814 quem
1949 1739 2088 1796 Flis-

429 1840 552 1896 cari
603 1839 706 1911 qui
755 1841 846 1894 est
893 1836 1044 1891 inter
1090 1833 1302 1890 afﬁnes
1359 1832 1437 1889 ab
1492 1847 1612 1887 uno
1662 1831 1839 1888 latere
1888 1833 2093 1886 Fossa-

429 1928 580 1992 tum,
607 1926 664 1978 et
712 1938 750 1978 a
801 1918 1066 1977 secundo
1121 1917 1304 1974 latere
1363 1919 1671 1990 pratum...
1723 1919 1779 1971 et
1829 1931 1867 1971 a
1923 1913 2092 1972 tertio

429 2013 704 2070 latere....
736 2015 794 2066 et
841 2025 877 2066 a
929 2013 1145 2082 quarto
1195 2007 1378 2062 latere
1434 2010 1674 2079 pratum
1726 2020 1908 2078 quem
1938 2003 2096 2073 ,deti-

329 2099 334 2105 ’
431 2105 533 2158 net
555 2099 908 2156 Benedictus
938 2101 1158 2153 sanctas
1185 2095 1358 2153 Silvae
1381 2096 1523 2167 t256)
1554 2094 1836 2154 Candidas
1871 2093 2096 2166 episco-

433 2207 536 2264 po,
561 2189 712 2261 juris
737 2187 919 2244 etiam
948 2191 1004 2242 et
1033 2185 1296 2242 casalem
1327 2185 1386 2240 in
1417 2184 1717 2254 integrum
1746 2199 1930 2256 quem
1963 2181 2095 2240 Gal-

431 2263 631 2336 lorum
683 2293 791 2334 seu
840 2275 1188 2332 Balneolum
1236 2279 1292 2330 et
1347 2274 1724 2342 Paccianum,
1779 2273 1902 2329 sive
1964 2263 2114 2345 qui?

433 2368 552 2424 bus
612 2366 742 2422 aliis
797 2363 1104 2422 vocabulis
1177 2364 1331 2419 sicut
1399 2362 1492 2418 vel
1556 2362 1634 2418 ab
1692 2361 1918 2432 origine
1977 2361 2100 2416 fue-

437 2460 594 2523 runt,
624 2454 795 2510 sicuti
851 2453 994 2508 olim
1035 2454 1300 2508 Joannes
1355 2451 1459 2523 qui
1507 2450 1818 2506 dicebatur
1863 2449 2098 2506 Oudino

438 2560 546 2618 per
592 2542 983 2599 donationem
1049 2539 1285 2597 Cartula
1332 2539 1392 2594 in
1451 2539 1856 2611 suprascripto
1907 2543 2100 2595 vestro

442 2629 655 2687 obtulit
682 2628 1050 2685 monasterio
1081 2644 1220 2683 cum
1253 2627 1418 2682 terris
1450 2626 2099 2700 sationabilibus,crip-

441 2720 516 2776 tis
547 2718 854 2788 arenariis,
889 2716 1140 2789 campis,
1171 2715 1376 2789 pratis,
1409 2715 1670 2788 pascuis,
1703 2716 1970 2773 aediﬁciis
2001 2732 2103 2790 pa-

441 2808 668 2865 rietinis
715 2806 1275 2880 adjacentibusque,
1306 2805 1551 2878 planitie
1595 2809 1652 2862 et
1680 2807 1875 2880 puteis
1925 2807 2102 2863 fonti-

440 2898 596 2967 bus;
629 2896 857 2953 cultum
903 2895 995 2952 vel
1033 2895 1350 2960 incultum,
1383 2913 1522 2952 cum
1553 2896 1836 2952 omnibus
1863 2913 2000 2970 quas
2024 2896 2104 2953 ad

443 3002 584 3043 eum
604 2984 954 3057 generaliter
977 2989 1034 3040 et
1055 2984 1118 3040 in
1147 2985 1444 3054 integrum
1463 2985 1897 3057 pertinentibus
1923 2986 2102 3042 situm

441 3074 588 3130 foris
632 3077 814 3147 ponte
865 3073 1114 3145 Salario,
1164 3073 1382 3144 miliar,
1428 3073 1506 3129 ab
1555 3074 1688 3147 ipso
1731 3079 1916 3148 ponte
1967 3075 2103 3148 plus

442 3164 646 3220 minus
697 3163 898 3234 unius,
926 3163 1080 3218 inter
1133 3163 1366 3236 afﬁnes,
1399 3163 1475 3219 ab
1523 3179 1645 3219 uno
1695 3163 1878 3220 latere
1908 3164 2104 3220 casale

443 3252 612 3326 quod
634 3252 745 3308 fuit
775 3251 998 3308 Roserii
1029 3252 1178 3308 Petri
1211 3256 1435 3320 stante;
1479 3256 1532 3308 et
1563 3269 1600 3308 a
1632 3253 1897 3310 secundo
1922 3253 2105 3310 latere

443 3341 670 3416 pariete
700 3341 951 3413 antiqua
995 3345 1052 3397 et
1099 3344 1253 3398 terra
1298 3358 1434 3414 quae
1482 3341 1625 3397 olim
1657 3341 1767 3398 fuit
1793 3342 2106 3416 quondam

445 3431 704 3489 Maczoni
731 3430 852 3486 ﬁlio
907 3430 1221 3500 sacellarii,
1253 3447 1434 3504 quem
1465 3447 1627 3487 nunc
1655 3430 1878 3488 detinet
1906 3431 2106 3506 Ylpizo

445 3519 633 3575 nobil.
665 3519 793 3587 vir;
844 3525 902 3575 et
947 3536 982 3575 a
1027 3519 1193 3574 tertio
1222 3519 1402 3576 latere
1433 3524 1652 3576 terram
1683 3521 2002 3593 Setephani
2031 3522 2105 3578 de

447 3607 757 3664 Theodoro
814 3607 998 3680 (257)
1065 3607 1367 3681 praefecto,
1426 3613 1498 3664 et‘
1554 3625 1590 3664 a
1655 3614 1870 3682 quarto
1927 3610 2108 3667 latere

449 3695 652 3768 criptee
709 3710 894 3768 quem
958 3696 1336 3769 Serpentaria
1393 3701 1450 3754 et
1495 3696 1678 3754 aliam
1735 3703 1954 3756 terram
2009 3717 2111 3757 va-

450 3788 686 3840 cantem
737 3784 910 3856 juxta
974 3801 1036 3840 se
1105 3785 1256 3856 juris
1332 3786 1690 3844 venerabilis
1761 3790 2110 3847 monasterii

449 3873 640 3930 sancti
687 3873 815 3929 Viti.
867 3877 1014 3930 Nam
1068 3879 1126 3932 et
1202 3875 1348 3932 alias
1423 3881 1607 3934 terras
1665 3877 2109 3938 sementericias

448 3964 640 4036 petias
690 3962 844 4020 duas
897 3963 1143 4036 integris
1219 3965 1302 4022 ibi
1357 3966 1490 4040 ipso
1547 3968 1742 4040 posito
1796 3969 1968 4041 juxta
2023 3971 2110 4046 ip-

453 4069 592 4108 sum
661 4052 860 4110 casale
937 4057 994 4110 et
1055 4055 1228 4126 juxta
1301 4057 1782 4130 suprascriptam
1857 4059 2108 4134 criptam

451 4141 527 4197 de
555 4141 690 4213 ipsa
712 4145 881 4214 parte
917 4143 1106 4215 ipsius
1145 4144 1348 4218 criptae
1377 4145 1529 4202 inter
1557 4145 1770 4204 afﬁnes
1801 4163 1838 4205 a
1867 4149 2108 4206 duobus

450 4229 756 4297 lateribus,
787 4233 944 4287 terra
991 4247 1128 4304 qua
1170 4231 1314 4288 olim
1344 4233 1455 4290 fuit
1492 4235 1912 4309 suprascripta
1939 4241 2108 4296 Rosa:

453 4317 874 4390 superinstant.
905 4322 954 4376 Α
983 4321 1150 4377 tertio
1179 4321 1361 4379 latere
1389 4326 1546 4380 terra
1575 4324 1651 4380 de
1691 4325 1930 4384 hmrede
1961 4329 2105 4385 Leo-

449 4404 544 4462 nis
574 4407 1020 4480 Camburlingo,
1049 4415 1106 4466 et
1151 4427 1188 4466 a
1243 4416 1458 4486 quarto
1504 4413 1688 4472 latere
1735 4415 1835 4472 via
1863 4417 2108 4491 publica
2137 4393 2182 4448 D

445 4494 600 4566 juris
645 4497 1034 4570 suprascripti
1079 4501 1427 4557 monasterii
1469 4503 1658 4560 sancti
1685 4505 1811 4562 Viti.
1845 4511 2109 4582 Itemque

455 4583 815 4644 Columnam
868 4588 1040 4661 (258)
1097 4590 1394 4662 majorem
1451 4607 1640 4649 unam
1702 4594 1765 4651 in
1818 4594 2112 4668 integram

453 4689 642 4747 quam
687 4677 990 4734 Antonino
1035 4696 1176 4738 cum
1229 4681 1376 4740 cella
1424 4683 1538 4740 sub
1567 4699 1629 4741 se
1677 4689 1734 4742 et
1761 4689 1982 4744 terram
2005 4702 2112 4744 va-

453 4769 692 4852 cantem
727 4765 789 4822 in
829 4767 1078 4828 circuitu
1129 4787 1239 4828 suo
1278 4772 1448 4830 sicuti
1495 4774 1762 4849 undique
1803 4792 1840 4833 a
1881 4777 1978 4833 via
2005 4790 2115 4852 pu-

452 4851 612 4908 blica
639 4855 1102 4932 circumscriptae
1131 4877 1262 4918 esse
1301 4863 1599 4934 videntur,
1633 4865 1746 4924 sita
1773 4866 1928 4924 intro
1953 4851 2112 4925 hanc

454 4939 720 5010 civitate;
764 4946 1082 5016 parimodo
1130 4955 1184 5007 et
1240 4950 1383 5008 foris
1429 4958 1677 5026 pontem
1733 4959 2111 5014 Numentano

523 5082 670 5173 Q56)
695 5087 901 5173 Manca
927 5088 1228 5173 allanserie
1261 5095 1674 5173 Ugbellianail
1703 5104 1980 5173 presente
2009 5117 2110 5156 ve-

450 5168 652 5244 scovo,
672 5173 717 5244 ὀ
741 5157 878 5244 diro
903 5161 1124 5244 meglio
1153 5179 1276 5220 non
1393 5172 1484 5244 sta
1519 5169 1634 5239 egli
1676 5157 1734 5227 al
1764 5188 1874 5244 suo
1911 5177 2105 5244 posto,

449 5227 694 5308 giaccilre
736 5227 1143 5308 il__Benedetto
1181 5238 1492 5295 nominato
1523 5227 1779 5300 trescovo
1819 5243 1878 5298 di
1911 5227 2109 5300 Selva:

447 5297 708 5387 candida
733 5300 812 5387 all
830 5319 1002 5387 anno
1034 5308 1165 5387 8ξξιξζ
1182 5297 1954 5387 e_il_l_3_enedetto_diquesta
1975 5297 2106 5370 Bol-

443 5363 628 5454 ξουθὰ
657 5370 716 5452 la
746 5373 910 5454 Bella
941 5375 1050 5454 cbo
1078 5363 2108 5454 l’Ughellicitzi,ve-di—-M§1Tinvoﬁlfma

443 5435 760 5528 gl‘l-Vlﬁljntg
787 5445 840 5528 II.
863 5446 997 5504 dell’
1027 5435 1204 5528 angi)”
1221 5435 1362 5524 942';
1384 5435 1956 5528 ξίἶρᾶᾱῖίῑῖεῐὲῶἱᾱ
1967 5435 2103 5528 ἒιᾶῇ

440 5507 678 5598 {stega
697 5513 985 5598 (iusius-se
1006 5521 1086 5598 _(t_.
1117 5523 1142 5598 _I
1165 5507 1456 5598 p.355}
1481 5507 2103 5596 insanias—eligi:

437 5579 678 5670 Anguql‘i
689 5579 1084 5670 ρεηεάειτιὴε·
1106 5595 1169 5666 (t.
1192 5579 1303 5652 ‘iiI'
1311 5579 1511 5670 132’4'35'
1517 5579 1539 5665 ζ
1563 5579 1710 5670 ςἐἱῆῑ

437 5650 673 5780 maia
675 5657 816 5783 1lion
860 5650 1138 5722 conobbe
1159 5650 1166 5652 ὴ
1188 5650 1710 5756 questo—profano
1845 5671 2035 5758 Roma
2060 5667 2104 5729 il

2198 1753 2339 1793 cum
2387 1736 2670 1792 omnibus
2719 1735 2798 1792 ad
2867 1751 2968 1791 eas
3016 1731 3450 1807 pertinentibus
3481 1730 3666 1802 posit.
3717 1725 3868 1782 foris

2201 1825 2672 1899 suprascriptam
2703 1828 2939 1898 portam
2971 1823 3184 1878 miliar.
3210 1821 3287 1877 ab
3319 1819 3464 1876 urbe
3489 1817 3632 1892 plus
3657 1815 3868 1872 minus

2201 1919 2366 1971 sexto
2409 1915 2560 1971 inter
2601 1914 2811 1970 afﬁnes
2859 1913 2936 1969 ab
2989 1927 3110 1967 uno
3151 1915 3330 1967 tatere
3376 1915 3530 1964 terra
3570 1903 3866 1979 Stephani

2203 2003 2655 2062 Denimentis....
2689 2003 2786 2059 del
2813 2001 3124 2058 Theodoro
3168 1999 3465 2073 praefecto,
3495 2002 3554 2052 et
3579 2013 3618 2052 a
3651 2009 3870 2050 secun-

2203 2095 2282 2151 do
2311 2093 2493 2150 latere
2523 2099 2678 2150 terra
2708 2093 2782 2148 de
2813 2091 3048 2148 luerede
3082 2089 3390 2164 quondam
3425 2087 3754 2143 Theodoro
3793 2083 3868 2138 de

2203 2183 2512 2252 Aventino,
2544 2187 2599 2238 et
2627 2199 2664 2238 a
2693 2181 2861 2239 tertio
2887 2181 3070 2237 latere
3111 2185 3263 2236 terra
3301 2193 3481 2250 quem
3515 2176 3782 2240 Morani;
3815 2175 3868 2227 et

2207 2291 2244 2332 a
2281 2278 2498 2348 quarto
2545 2273 2726 2329 latere
2757 2288 2939 2346 supra
2985 2271 3203 2343 scripta
3233 2270 3426 2325 forma
3455 2265 3866 2340 aquaeductio,

2207 2367 2263 2420 et
2292 2362 2546 2420 fundum
2573 2378 2751 2435 quem
2783 2365 3006 2434 septem
3039 2360 3201 2416 bass1
3232 2375 3370 2414 cum
3401 2357 3525 2413 suis
3557 2355 3866 2429 pertinen-

2207 2453 2321 2521 tiis,
2352 2451 2504 2508 inter
2533 2467 2606 2508 ea
2657 2456 2714 2507 et
2755 2451 2871 2507 alia
2921 2455 3074 2506 terra
3105 2453 3162 2504 et
3209 2447 3340 2504 aliis
3385 2463 3534 2502 cesae
3583 2441 3864 2499 sational.

2209 2542 2380 2598 sicuti
2433 2540 2704 2598 (letinetis
2755 2541 2817 2596 in
2887 2540 3088 2596 locum
3142 2553 3320 2611 quem
3378 2536 3487 2593 Mil.
3548 2534 3674 2590 ﬁxo
3725 2531 3868 2587 foris

2208 2633 2406 2706 ipsam
2489 2629 2957 2705 suprascriptam
3035 2633 3269 2703 portam
3340 2625 3526 2681 sancti
3593 2622 3864 2679 Joannis.

2210 2725 2496 2778 Praeterea
2525 2720 2955 2777 confirmamus
2987 2719 3151 2775 vobis
3177 2717 3434 2773 fundora
3457 2721 3570 2770 tres
3601 2714 3870 2781 integras

2211 2827 2402 2868 unum
2430 2826 2613 2884 quem
2639 2813 2882 2866 Pontem
2912 2810 2986 2865 de
3015 2813 3180 2865 Nono
3211 2808 3364 2864 intra
3385 2821 3584 2878 ipsum
3619 2807 3870 2876 pontem

2212 2917 2351 2957 cum
2380 2900 2632 2956 diversis
2665 2900 2831 2956 terris
2863 2898 3251 2956 sationalibus
3281 2900 3338 2952 et
3367 2893 3692 2952 arboribus
3725 2893 3868 2948 suis.

2212 2992 2335 3048 sive
2384 2990 2585 3064 criptis
2633 2985 2940 3054 arenariis,
2990 2987 3294 3062 parietinis
3339 2986 3460 3041 suis
3507 2983 3786 3048 diversis,
3821 2985 3876 3035 et

2211 3080 2463 3149 disertis,
2497 3085 2554 3137 et
2583 3081 2698 3136 sint
2739 3081 2797 3136 in
2845 3095 3024 3152 opere
3064 3081 3360 3151 cooperte,
3393 3074 3620 3130 cultum
3653 3071 3750 3126 vel
3793 3070 3874 3125 lu-

2213 3169 2461 3238 cultum,
2495 3174 2548 3226 et
2596 3185 2735 3226 cum
2765 3169 3048 3224 omnibus
3094 3167 3173 3224 ad
3203 3183 3304 3224 eas
3346 3163 3704 3235 generaliter
3727 3159 3874 3215 etin

2213 3259 2511 3330 integrum
2580 3259 2972 3331 pertinentem
3047 3257 3222 3330 posit.
3283 3255 3425 3311 foris
3483 3251 3876 3325 seepedictain

2214 3351 2450 3423 portam
2501 3349 2687 3404 sancti
2730 3347 2972 3404 Joannis
3002 3363 3137 3420 quae
3183 3345 3286 3400 Via
3317 3344 3522 3400 Latina
3551 3353 3874 3410 nuncupa-

2215 3439 2330 3505 tur,
2361 3435 2616 3491 miliario
2665 3435 2742 3492 ab
2785 3435 2934 3491 urbe
2965 3438 3153 3491 Roma
3201 3433 3337 3506 plus
3375 3432 3577 3487 minus
3605 3443 3794 3492 nono,
3823 3429 3878 3480 et

2215 3522 2368 3580 inter
2388 3524 2599 3581 afﬁnes
2621 3524 2698 3581 ab
2715 3523 3026 3581 unclatere
3041 3523 3450 3598 suprascripta
3468 3521 3664 3576 forma
3688 3533 3876 3589 aqua-

2217 3612 2418 3670 ductio
2447 3631 2584 3688 quae
2629 3613 2964 3688 appellatur
2995 3613 3260 3681 Claudia,
3297 3617 3353 3668 et
3379 3610 3672 3685 praedicto
3697 3611 3878 3681 ponte

2217 3718 2401 3775 quem
2440 3707 2626 3772 Nono,
2659 3709 2714 3760 et
2756 3720 2791 3760 a
2822 3703 3086 3760 secundo
3115 3703 3296 3759 latere
3319 3701 3448 3774 jam
3475 3699 3728 3774 przefata
3757 3693 3876 3751 for-

2217 3808 2321 3850 ma
2347 3809 2483 3866 qua
2513 3793 2727 3850 dicitur
2765 3793 3276 3863 Abeberatorium,
3307 3797 3363 3848 et
3410 3807 3446 3847 a
3493 3789 3666 3846 tertio
3697 3787 3876 3843 latere

2219 3882 2625 3957 suprascripta
2671 3885 2838 3942 Corte
2882 3883 2956 3939 de
3003 3883 3241 3955 Moreni,
3277 3887 3332 3938 et
3383 3898 3418 3937 a
3448 3883 3666 3953 quarto
3697 3877 3876 3933 latere

2215 3971 2464 4028 limitem
2495 3989 2678 4046 quem
2707 3969 2871 4030 ducit
2885 3968 3058 4045 juxta
3095 3973 3350 4046 criptam
3381 3986 3563 4044 quem
3593 3966 3876 4024 Ardenda

2211 4061 2362 4134 juris
2407 4067 2627 4119 sanctae
2667 4067 2950 4120 Romanis
2981 4062 3272 4120 Ecclesiae.
3310 4067 3574 4133 Itemque
3603 4064 3662 4113 et
3693 4055 3874 4112 alium

2216 4150 2475 4208 fundum
2525 4151 2588 4208 in
2641 4152 2870 4224 integro
2927 4152 3092 4226 quod
3145 4145 3580 4224 dompnicaria,
3637 4146 3702 4201 in
3755 4155 3880 4216 quo

2217 4245 2306 4297 est
2358 4239 2610 4298 ecclesia
2660 4241 2893 4298 deserta
2934 4257 3070 4297 cum
3131 4240 3330 4314 criptis
3383 4235 3692 4312 parietinis
3733 4227 3876 4298 suis,

2219 4347 2358 4387 cum
2389 4329 2555 4388 terris
2587 4331 2980 4388 sationalibus
3023 4335 3078 4388 et
3105 4329 3354 4387 diversis
3399 4327 3720 4384 arboribus
3753 4317 3876 4378 suis

2218 4420 2524 4495 pomiferis
2579 4425 2636 4477 et
2689 4419 3001 4477 fructiferis
3054 4419 3270 4476 diversi
3338 4416 3591 4488 generis,
3645 4413 3872 4469 cultum

2217 4510 2314 4568 vel
2360 4510 2671 4578 incultum,
2700 4505 3102 4584 omnibusque
3147 4509 3225 4566 ad
3277 4525 3413 4565 eum
3457 4506 3874 4580 pertinentem,

2219 4602 2398 4659 situm
2447 4601 2821 4676 supracripta
2873 4603 2972 4657 Via
3046 4600 3256 4657 Latina
3315 4595 3486 4672 juxta
3557 4592 3878 4669 praenomi-

2217 4697 2428 4750 natum
2457 4692 2715 4767 fundum
2744 4691 2910 4766 quod
2957 4708 2994 4748 a
3047 4695 3227 4748 Ponte
3267 4690 3341 4746 de
3369 4699 3532 4744 nono
3565 4687 3722 4740 inter
3745 4681 3876 4738 aﬂi-

2217 4799 2324 4840 nes
2357 4783 2434 4838 ab
2467 4797 2587 4838 uno
2607 4781 2788 4837 latere
2815 4783 3014 4855 ipsum
3047 4781 3325 4848 fundum,
3345 4797 3380 4837 a
3406 4775 3680 4836 secundo
3699 4773 3882 4828 latere

2217 4873 2346 4930 rivo
2375 4871 2725 4927 decurrente
2751 4872 2856 4944 qui
2886 4873 3124 4944 Papati;
3169 4887 3202 4927 ει
3235 4869 3404 4927 tertio
3432 4869 3614 4925 latere
3645 4867 3747 4923 via
3775 4875 3886 4938 pu-

2217 4961 2376 5018 blica
2405 4976 2542 5016 cum
2575 4959 2734 5016 silice
2772 4959 3038 5034 antiqua,
3074 4965 3129 5016 et
3161 4975 3197 5016 a
3227 4961 3442 5032 quarto
3471 4955 3654 5012 latere
3684 4954 3876 5011 forma

2291 5103 2440 5184 (_258)
2469 5101 2635 5184 Circa
2675 5101 2736 5158 in
2779 5101 3257 5184 drittohcli’c’bbe
3307 5116 3488 5184 sopra
3528 5099 3588 5154 la
3619 5097 3878 5184 colonus

2217 5167 2521 5231 Antonina
2541 5175 2582 5230 il
2605 5179 2947 5230 monastero
2969 5174 3028 5230 di
3055 5175 3110 5231 S.
3131 5167 3408 5229 Silvestre
3433 5175 3496 5227 in
3523 5171 3726 5240 capite
3747 5167 3876 5240 vedi

2217 5245 2257 5301 il
2290 5245 2688 5303 Crescimbeni
2717 5247 2782 5316 (ι.
2809 5263 2858 5302 c.
2893 5263 2952 5316 p.
2987 5250 3092 5312 13),
3126 5245 3166 5300 il
3199 5243 3432 5301 Carletti
3463 5243 3542 5316 (p.
3581 5237 3730 5316 [82:1,
3763 5257 3798 5316 e_
3821 5237 3878 5316 la

2215 5316 2374 5373 bella
2429 5309 2736 5373 iscrizione
2796 5309 2934 5372 dell’
2981 5309 3087 5373 an.
3129 5317 3265 5388 Hl9
3325 5309 3544 5388 presso
3587 5313 3630 5368 il
3675 5309 3876 5368 Galleti

2217 5390 2432 5457 (Inscr.
2460 5390 2650 5456 Rom,
2675 5393 2697 5443 t
2719 5389 2756 5454 Ι,
2777 5404 2837 5460 p.
2867 5389 3011 5458 506).
3033 5391 3108 5444 La
3133 5386 3390 5460 colonna
3417 5386 3675 5460 Trajana
3695 5397 3876 5460 aneor

2215 5453 2354 5540 essa
2398 5453 3214 5540 ἃρρᾶειᾲρηῂθίμηδτρᾳιηιι,’δι’
3231 5453 3580 5540 monastero
3789 5453 3873 5540 (Ii:

2213 5530 2410 5586 riaco:
2439 5521 2598 5586 'v‘edi
2629 5530 2670 5585 il
2709 5530 2870 5586 detto
2918 5529 3144 5586 Galletti
3199 5531 3465 5600 (Prmn‘c.
3507 5544 3572 5600 p.
3598 5526 3810 5600 323),_e
3837 5521 3874 5580 il

2213 5601 2518 5658 Martinelli
2553 5603 2777 5673 (Primo
2808 5603 2998 5670 (10/60
3021 5603 3186 5673 delle
3205 5593 3283 5656 ‘11
3311 5615 3479 5673 croce
3505 5593 3567 5671 ᾗ).
3605 5593 3764 5662 106).'

2288 5673 2429 5745 (259)
2461 5671 2660 5730 Costui
2703 5689 2808 5745 era
2839 5673 3068 5731 arcario
3098 5672 3196 5730 nel
3224 5671 3644 5745 943,__sicco_t_ne
3669 5673 3874 5745 cons‘ta

2215 5741 2304 5802 da‘
2324 5741 2449 5802 una
2476 5747 2640 5806 cat-ta
2669 5743 2781 5824 ohe
2805 5761 2948 5806 reca
2971 5745 3032 5808 lo
3058 5747 3246 5808 siesse
3273 5741 3868 5818 Gallotti(ivip.198).
