4166 6162
269 215 373 272 921

1534 211 1882 267 EPISTOLE
1921 210 2008 266 ΕΤ
2043 211 2474 272 PRIVILEGIA.

3642 225 3748 279 922

271 335 509 407 majore
539 334 595 389 et
624 329 884 386 fundum
909 345 1094 402 quem
1125 333 1354 402 septem
1375 331 1580 388 vassia
1609 349 1747 389 cum
1777 331 1944 388 omni
1977 337 2026 394 Α
2053 334 2299 406 Majore,
2334 340 2397 393 et
2422 355 2566 397 cum
2592 342 2879 398 omnibus
2907 345 2984 400 ad
3015 362 3149 402 eam
3182 341 3580 416 pertine-ztem
3639 350 3746 402 ter.

270 425 357 482 ad
392 425 524 496 ejus
555 419 932 495 pertinentia,
965 418 1144 474 etiam
1178 423 1236 474 et
1260 418 1521 475 fundum
1553 422 1737 478 alium
1769 423 1829 478 in
1862 422 1949 478 in-

271 518 448 584 tegro
477 510 642 585 quod
682 513 918 566 Casana
947 524 1088 564 cum
1120 506 1251 563 aliis
1282 506 1537 564 diversis
1584 509 1730 566 locis
1760 517 1816 566 et
1842 526 1950 567 vo-

270 603 512 662 cabulis
550 601 696 672 suis,
729 599 1022 668 videlicet,
1055 597 1211 654 valle
1258 598 1578 670 Marciano,
1626 617 1767 657 casa
1810 601 1950 656 Pre-

271 694 466 762 tiosa;
491 696 691 749 monte
711 690 817 762 qui
840 687 1104 758 Paulelli,
1120 691 1177 744 et
1199 703 1419 760 campo
1445 689 1551 761 qui
1572 690 1949 758 Albanensis,

269 783 376 841 vel
409 782 458 840 si
496 781 628 855 quis
659 779 788 836 aliis
819 777 1132 834 vocalibus
1160 781 1300 833 sunt
1337 777 1433 834 v.1
1459 778 1539 834 ab
1570 780 1798 851 origine
1828 779 1952 836 fue-

268 876 423 929 runt
451 886 588 928 cum
614 866 1008 924 sationalibus
1055 865 1217 922 silvis
1263 869 1320 922 et
1347 865 1602 923 diversis
1633 869 1952 926 arboribus

275 960 407 1017 suis
434 965 613 1032 atque
644 955 966 1030 aquimolis
1012 954 1400 1026 molentibus,
1435 955 1591 1012 sicut
1637 957 1954 1014 ecclesiam

275 1049 584 1105 desertam
629 1061 762 1118 quas
811 1043 999 1100 sancti
1054 1042 1208 1099 Petri
1259 1047 1317 1099 et
1363 1059 1502 1099 cum
1546 1046 1834 1102 omnibus
1875 1045 1955 1102 ad

272 1155 419 1196 eam
463 1134 815 1208 generaliter
856 1134 918 1190 in
971 1133 1205 1203 integro
1265 1132 1704 1205 pertinentibus
1757 1135 1954 1210 posito

269 1229 411 1301 jam
440 1226 599 1282 dicta
627 1224 720 1280 via
755 1223 978 1291 Latina,
1011 1222 1232 1279 miliar.
1265 1222 1344 1278 ab
1376 1221 1529 1278 Urbe
1581 1225 1719 1297 plus
1750 1226 1954 1281 minus

273 1315 541 1385 decimo,
565 1314 716 1370 inter
745 1311 958 1368 afﬁnes
987 1311 1141 1382 ejus,
1170 1310 1250 1367 ab
1283 1326 1406 1366 uno
1446 1309 1634 1369 latere
1663 1319 1817 1370 terra
1847 1313 1955 1369 ubi

273 1405 428 1463 olim
454 1404 692 1460 fuerunt
717 1407 913 1475 prata,
961 1417 1098 1473 quae
1125 1399 1507 1474 appellantur
1560 1402 1726 1458 Pauli
1753 1421 1766 1472 ;
1793 1419 1830 1460 a
1861 1419 1952 1458 se-

275 1495 489 1552 cundo
535 1494 713 1550 latere
758 1491 982 1547 fundus
1029 1507 1217 1563 quam
1266 1489 1556 1561 Civitella,
1585 1496 1643 1548 et
1691 1508 1728 1548 a
1783 1493 1953 1548 tertio

272 1585 466 1641 latere
497 1584 668 1639 vinea
696 1581 770 1637 de
809 1580 1153 1654 supradicto
1181 1579 1554 1635 monasterio
1581 1581 1680 1636 via
1709 1580 1953 1654 publica

274 1690 422 1747 qua:
453 1670 760 1728 descendit
802 1670 881 1726 ad
924 1669 1128 1725 locum
1175 1667 1282 1724 ubi
1329 1667 1544 1724 dicitur
1574 1668 1729 1726 Sella
1759 1670 1952 1725 sancti

276 1762 438 1818 Petri
466 1780 479 1828 ;
507 1765 564 1816 et
600 1776 635 1816 a
681 1763 898 1832 quarto
925 1757 1108 1814 latere
1134 1756 1386 1814 ecclesia
1414 1757 1654 1814 deserta
1680 1775 1817 1831 quae
1850 1774 1954 1830 ap-

276 1851 543 1924 pellatur
571 1854 789 1904 sanctaa
807 1846 998 1904 Marias
1023 1846 1085 1902 in
1117 1846 1425 1917 Diaconia,
1457 1852 1513 1902 et
1534 1847 1749 1903 exinde
1779 1847 1952 1902 sicuti

276 1937 572 1994 descendi
595 1953 700 2009 per
739 1935 1034 1992 fossatum
1069 1950 1264 2008 usque
1295 1934 1355 1990 in
1402 1935 1826 2007 praedictum...
1862 1934 1954 1990 vel

279 2028 332 2084 si
363 2027 506 2100 quis
557 2026 684 2082 aliis
728 2025 938 2081 afﬁnes
977 2029 1118 2080 sunt
1174 2027 1280 2079 aut
1333 2024 1411 2080 ab
1449 2024 1676 2093 origine
1707 2024 1952 2080 fuerunt

274 2116 435 2188 juris
463 2113 811 2171 venerabilis
836 2113 1187 2169 monasterii
1205 2113 1392 2168 sancti
1416 2114 1665 2169 Andreae
1693 2112 1952 2186 apostoli

281 2209 342 2260 et
371 2202 762 2259 Bartholomei
795 2202 899 2275 qui
925 2200 1267 2274 appellatur
1297 2201 1555 2257 Honorii.
1589 2205 1714 2256 lmo
1745 2206 1803 2257 et
1851 2217 1949 2257 ec-

284 2292 536 2348 clesiam
561 2307 745 2347 unam
780 2291 843 2346 in
881 2290 1113 2360 integro
1141 2305 1278 2361 quae
1328 2290 1520 2345 sancti
1553 2289 1778 2360 Angeli,
1807 2305 1950 2344 cum

283 2381 482 2437 vineis
513 2397 619 2436 seu
652 2380 818 2435 terris
869 2379 1025 2435 circa
1057 2394 1120 2434 se
1155 2377 1274 2432 sive
1302 2378 1512 2450 procul
1542 2394 1578 2434 a
1607 2395 1688 2446 se,
1721 2383 1779 2434 et
1807 2394 1951 2434 cum

283 2470 574 2526 omnibus
604 2469 683 2525 ad
709 2485 811 2526 eas
842 2466 1195 2539 generaliter
1223 2471 1280 2522 et
1307 2467 1368 2522 in
1396 2466 1628 2537 integro
1651 2467 1952 2540 pertinen-

286 2565 433 2621 tem,
479 2560 668 2626 sicuti,
701 2559 780 2616 ad
808 2557 1092 2614 manibus
1124 2555 1328 2612 vestris
1353 2555 1652 2623 detinetis,
1687 2556 1800 2612 sita
1838 2572 1951 2629 pa-

286 2649 555 2704 trimonii
585 2648 790 2721 Appiae
821 2646 1111 2704 territorio
1141 2646 1490 2714 Albanens.,
1545 2645 1818 2702 milliario
1871 2645 1952 2701 ab

286 2739 440 2794 urbe
472 2741 725 2794 Roma...
756 2737 892 2811 plus
921 2737 1143 2806 minus,
1183 2735 1244 2790 in
1293 2741 1497 2790 monte
1546 2751 1726 2808 quem
1783 2738 1950 2791 Cres-

286 2827 510 2883 centuli
537 2827 688 2882 inter
717 2826 928 2882 attines
960 2843 996 2882 a
1024 2823 1265 2880 duobus
1293 2823 1583 2880 lateribus
1630 2830 1786 2879 terra
1815 2825 1953 2896 ipsa

286 2917 365 2972 de
405 2919 592 2972 Monte
619 2916 694 2971 de
719 2915 954 2971 haerede
981 2913 1295 2986 quondam
1326 2911 1632 2968 dominico
1657 2913 1762 2985 qui
1797 2913 1956 2969 dice-

286 3006 470 3062 batur
520 3004 937 3075 Cacainbocte,
991 3006 1049 3059 et
1105 3002 1275 3058 sicuti
1331 3001 1545 3058 dicitur
1601 3018 1638 3057 a
1699 3001 1951 3058 termino

287 3100 348 3151 et
416 3094 734 3150 arboribus
799 3093 1156 3164 designate;
1221 3094 1278 3146 et
1338 3106 1375 3146 a
1437 3090 1702 3146 secundo
1767 3090 1951 3147 latere

290 3183 540 3240 Clasura
597 3187 796 3238 secute
843 3181 1098 3237 ducente
1152 3194 1260 3252 per
1314 3179 1631 3236 arboribus
1685 3185 1742 3236 et
1796 3179 1952 3236 latus

291 3277 450 3327 terra
505 3287 688 3344 quem
767 3273 1000 3326 tenente
1055 3271 1226 3324 Petro
1279 3267 1516 3324 medico
1572 3268 1953 3341 perveniente

291 3364 476 3433 atque
504 3360 567 3415 in
596 3358 848 3415 termino
873 3358 980 3431 qui
1007 3361 1100 3412 est
1125 3356 1280 3412 latus
1311 3356 1496 3412 vineae
1526 3357 1601 3413 de
1631 3356 1954 3412 venerabili

289 3448 659 3504 monasterio
687 3451 912 3504 sanctae
959 3445 1174 3507 Mariae,
1206 3443 1374 3516 quod
1422 3445 1484 3500 in
1523 3444 1813 3500 Aventino
1846 3461 1955 3517 ap-

291 3537 573 3611 pellatur,
619 3542 676 3593 et
715 3553 751 3594 a
779 3535 951 3592 tertio
981 3533 1073 3590 vel
1102 3538 1318 3606 quarto
1356 3532 1558 3589 latere.
1609 3537 1751 3590 ltem
1784 3533 1960 3590 vinea

291 3627 368 3681 de
390 3641 577 3697 supra
597 3624 756 3680 dicto
788 3622 1154 3679 monasterio
1175 3638 1310 3695 quae
1333 3622 1672 3695 appellatur
1689 3623 1748 3678 in
1770 3627 1960 3678 Aven-

292 3714 440 3780 tino,
472 3712 773 3784 simulque
803 3711 1046 3767 vinea...
1067 3710 1127 3765 in
1149 3709 1380 3780 integro
1406 3727 1544 3766 cum
1575 3711 1818 3766 introitu
1845 3727 1957 3766 suo

291 3808 476 3874 atque
515 3801 829 3858 reddimen
878 3799 958 3856 ad
996 3798 1346 3869 Calcatorio,
1381 3804 1437 3854 et
1476 3816 1615 3855 cum
1672 3800 1958 3854 omnibus

290 3892 372 3948 ad
403 3907 539 3946 eam
568 3891 967 3964 pertinentem
996 3888 1176 3960 posit.
1209 3887 1266 3942 in
1312 3888 1600 3944 territorio
1632 3887 1953 3943 Albanens.

290 3980 550 4036 miliario
581 3980 660 4035 ab
705 3979 856 4034 urbe
886 3981 1141 4034 Roma...
1194 3976 1330 4048 plus
1359 3977 1582 4043 minus,
1615 3974 1793 4032 aﬁine
1825 3976 1957 4047 ejus

292 4069 374 4125 ab
407 4085 529 4125 uno
559 4068 743 4125 latere
772 4068 964 4124 vineae
1019 4082 1155 4138 quae
1193 4065 1435 4121 fuerunt
1462 4065 1536 4121 de
1578 4069 1729 4120 Aczo
1780 4070 1960 4120 Acca-

291 4159 408 4226 riti,
443 4164 500 4214 et
529 4158 707 4214 vinea
728 4157 803 4213 de
828 4154 1150 4212 venerabili
1179 4154 1548 4210 monasterio
1593 4152 1780 4208 sancti
1813 4155 1958 4208 Lau-

292 4248 450 4305 renti
503 4247 645 4304 t'oris
694 4262 893 4313 muro,
925 4250 983 4301 et
1031 4261 1067 4300 a
1116 4243 1382 4298 secundo
1422 4243 1603 4299 latere
1651 4241 1827 4298 vinea
1881 4243 1956 4297 de

291 4344 449 4394 Aczo
473 4337 548 4392 de
577 4336 830 4403 Albano,
857 4339 914 4390 et
938 4351 974 4390 a
1001 4333 1169 4388 tertio
1197 4331 1378 4388 latere
1405 4332 1581 4388 vinea
1617 4331 1691 4386 de
1747 4347 1954 4403 supra-

293 4428 458 4484 dicto
489 4425 852 4482 monasterio
884 4427 1106 4479 sanctae
1152 4422 1342 4477 Mariae
1369 4421 1442 4477 de
1492 4421 1804 4490 Aventino,
1833 4426 1891 4476 et
1920 4437 1958 4476 a

295 4522 514 4590 quarto
540 4515 742 4586 latere,
771 4515 913 4569 item
943 4513 1120 4566 vinea
1144 4510 1219 4565 de
1242 4511 1680 4582 prtenominato
1714 4526 1956 4565 monas-

296 4607 446 4662 terio
479 4605 667 4661 sancti
702 4601 1000 4660 Laurentii
1029 4599 1172 4656 foris
1203 4616 1399 4666 muro,
1431 4605 1489 4656 et
1520 4603 1756 4654 vinea...
1817 4604 1957 4654 Item

298 4695 489 4750 vinea:
538 4694 1024 4766 petimquatuor
1070 4689 1129 4744 in
1179 4688 1408 4758 integro
1458 4705 1598 4743 cum
1645 4687 1958 4742 reddimen

296 4783 377 4842 ad
408 4783 732 4840 calcatorio
763 4786 820 4836 et
874 4778 1116 4835 introitu
1148 4794 1280 4846 suo,
1317 4782 1373 4834 et
1403 4795 1541 4834 cum
1567 4776 1850 4834 omnibus
1881 4776 1959 4831 ad

297 4890 436 4929 eam
470 4869 906 4944 pertinentibus
933 4867 1128 4923 eidem
1175 4868 1483 4937 territorio,
1515 4867 1575 4922 in
1604 4867 1737 4922 loco
1775 4881 1955 4938 quem

298 4960 452 5031 Ruﬁ,
484 4961 636 5016 inter
661 4958 873 5014 afﬁnes
902 4973 938 5012 a
968 4956 1208 5012 duobus
1237 4956 1524 5012 lateribus
1556 4956 1740 5011 vineas
1784 4954 1958 5009 dom-

295 5068 374 5108 ne
406 5054 690 5115 Marocze,
715 5053 772 5105 et
801 5064 838 5104 a
867 5045 1036 5103 tertio
1085 5045 1266 5101 latere
1310 5045 1548 5100 vinea...
1579 5050 1636 5100 et
1660 5061 1695 5100 a
1742 5049 1958 5116 quarto

292 5141 481 5197 latere
535 5139 713 5195 vinea
769 5136 844 5191 de
907 5134 1231 5191 venerabili
1293 5133 1482 5189 sancti
1533 5132 1748 5196 Sabbe,
1819 5149 1953 5204 quae

293 5227 638 5302 appellatur
698 5224 1038 5291 Cellanova,
1095 5238 1234 5278 cum
1300 5219 1543 5276 introitu
1606 5235 1712 5290 per
1762 5217 1956 5288 ipsam

291 5319 559 5384 vineam,
624 5332 662 5371 a
729 5313 898 5371 Silice
963 5311 1200 5382 Majore,
1268 5314 1448 5382 atque
1511 5307 1751 5363 vinea...
1819 5322 1953 5360 cum

291 5406 618 5464 reddimen
662 5404 740 5460 ad
781 5401 1102 5459 calcatorio
1159 5405 1216 5457 et
1269 5399 1511 5455 introitu
1561 5412 1670 5451 suo
1723 5411 1758 5450 a
1790 5395 1957 5450 Silice

370 5532 525 5605 (260)
558 5528 1065 5605 Conobbequest‘
1085 5529 1230 5584 Orso
1253 5522 1592 5605 primicerio
1615 5521 1654 5576 il
1681 5521 1730 5574 si
1753 5536 1958 5605 spesso

291 5591 618 5663 no‘min'ato
640 5605 708 5658 Μ.
739 5591 966 5656 6811θῖῑὶ
991 5615 1098 5672 per
1123 5613 1241 5654 una
1254 5591 1434 5672 “carta
1459 5593 1732 5672 Farfense
1763 5591 1870 5646 clie
1899 5591 1957 5646 lo

287 5674 547 5736 ricorda
575 5689 747 5731 come
770 5677 963 5732 morto
984 5670 1080 5728 nel
1114 5675 1248 5726 1003
1282 5671 1359 5741 (ρ.
1393 5670 1505 5738 80).

2052 423 2263 480 ritorio
2285 426 2585 486 Ariciens.
2605 431 2810 504 posit.,
2831 431 2893 486 in
2919 432 3050 489 loco
3071 449 3252 506 quem
3277 433 3354 488 ad
3375 435 3738 502 Cucuruczii,

2054 513 2206 569 inter
2240 511 2472 572 afﬁnes
2497 519 2576 574 ab
2607 536 2728 576 uno
2758 519 2942 575 latere
3002 523 3346 594 supradicta
3397 525 3585 586 Silice,
3619 529 3674 579 et
3703 539 3740 580 a

2055 599 2340 658 secundo
2390 605 2572 664 latere
2597 609 2838 666 vinea...
2872 613 2929 664 et
2957 625 2992 664 a
3023 611 3187 667 tertio
3239 611 3422 669 latere
3466 613 3565 669 via
3600 629 3734 684 quae

2054 691 2222 748 ducit
2276 691 2363 746 ad
2414 698 2708 768 parietem
2742 698 2844 771 qui
2883 698 3218 770 appellatur
3271 701 3562 771 longum;
3595 706 3652 758 et
3701 716 3738 757 a

2055 784 2282 854 quarto
2309 777 2496 842 latere
2524 788 2764 844 vinea...
2802 790 2871 843 Et
2924 787 3310 844 concedimus
3356 791 3526 846 vobis
3571 806 3738 847 casa-

2054 871 2174 928 lem
2205 870 2276 926 in
2305 868 2606 945 integrum
2636 893 2823 950 quem
2852 875 3090 944 Zizinni,
3115 893 3255 933 cum
3288 879 3536 936 ecclesia
3567 896 3738 936 sanc-

2058 965 2130 1017 ta;
2160 958 2383 1029 Mariae,
2419 964 2624 1032 vineis,
2643 967 2834 1031 terris,
2861 979 2969 1020 seu
2991 965 3390 1037 aquimolum,
3418 972 3475 1022 et
3499 967 3734 1040 scriptis

2059 1051 2213 1106 sicut
2244 1053 2530 1110 manibus
2557 1055 2768 1111 vestris
2799 1053 3096 1123 detinetis,
3121 1055 3251 1125 jam
3298 1056 3457 1112 dicto
3506 1057 3735 1112 territo-

2058 1155 2126 1195 ro
2157 1137 2492 1199 Albanens.
2525 1148 2702 1216 post.,
2730 1142 2991 1199 miliario
3024 1143 3104 1198 ab
3152 1145 3301 1200 urbe
3351 1148 3540 1201 Roma
3594 1145 3734 1218 plus

2059 1229 2263 1285 minus
2293 1230 2463 1287 tertio
2492 1232 2728 1288 decimo
2756 1231 2915 1302 juris
2947 1233 3190 1288 vestarii
3233 1233 3421 1290 nostri
3460 1234 3731 1306 majoris,

2058 1322 2380 1392 praestante
2419 1321 2550 1376 auri
2600 1321 2775 1376 solid.
2814 1324 2973 1386 tres;
3008 1321 3163 1378 inter
3209 1321 3441 1392 afﬁnes,
3477 1322 3554 1379 ab
3608 1338 3734 1379 uno

2057 1407 2239 1464 latere
2271 1408 2467 1464 casale
2489 1414 2711 1466 sanctae
2745 1409 3164 1482 Heuphemiae,
3184 1415 3242 1467 et
3272 1411 3444 1467 vinea
3474 1411 3548 1467 de
3581 1414 3733 1467 Urso

2058 1496 2294 1553 dudum
2314 1498 3010 1570 primicberio(260),eta
3041 1499 3310 1555 secundo
3340 1500 3520 1556 latere
3549 1500 3731 1556 vinea

2059 1584 2134 1640 de
2183 1585 2326 1640 item
2369 1586 2606 1641 haerede
2661 1586 2980 1657 quondam
3015 1587 3351 1656 Gausberti,
3387 1593 3444 1643 et
3485 1604 3521 1642 a
3560 1589 3732 1642 tertio

2057 1659 2241 1728 latere
2272 1673 2368 1729 via
2399 1674 2642 1745 publica
2673 1679 2730 1728 et
2763 1673 3072 1744 pastinum
3123 1675 3199 1729 de
3224 1675 3524 1746 Stephano
3559 1691 3732 1731 vene-

2057 1761 2188 1817 rab.
2218 1780 2232 1829 ;
2262 1766 2316 1818 et
2348 1779 2382 1818 a
2409 1768 2625 1834 quarto
2655 1762 2841 1818 latere
2873 1763 3136 1818 casalem
3168 1779 3352 1834 quem
3408 1765 3684 1818 Luczano
3711 1783 3724 1830 ;

2060 1850 2242 1906 etiam
2273 1856 2329 1906 et
2358 1851 2480 1906 duo
2511 1851 2682 1924 petiaa
2712 1850 2789 1905 de
2823 1851 3009 1906 vineis
3041 1851 3099 1905 in
3131 1851 3267 1906 loco
3287 1867 3468 1922 quem
3504 1850 3726 1906 Honori

2058 1938 2352 1995 territorio
2384 1939 2659 1994 Aritiensi
2691 1940 2866 1994 sicuti
2896 1939 2956 1994 in
2988 1940 3275 1994 manibus
3323 1940 3531 1994 vestris
3585 1939 3732 1996 deti-

2058 2029 2232 2095 netis,
2260 2043 2478 2100 nempe
2508 2027 2570 2082 in
2623 2028 2974 2099 supradicto
3007 2028 3299 2082 territorio
3332 2028 3631 2096 Aritiens.,
3663 2027 3728 2083 in

2056 2116 2191 2173 loco
2223 2133 2474 2189 quem...
2504 2117 2680 2172 vinea
2707 2117 2767 2172 in
2799 2117 2954 2189 pede
2980 2117 3055 2172 de
3090 2117 3260 2172 Silice
3290 2116 3540 2186 Majore;
3571 2115 3728 2171 inter

2058 2204 2270 2262 afﬁnes
2300 2206 2378 2261 ab
2424 2222 2545 2261 uno
2593 2205 2702 2261 latt
2717 2222 2780 2260 re
2811 2206 2948 2276 ipsa
2975 2205 3320 2278 supradicta
3358 2204 3524 2259 Silice
3554 2221 3567 2270 ;
3603 2209 3661 2258 et
3690 2221 3728 2261 a

2058 2293 2328 2350 secundo
2369 2293 2551 2350 latere
2595 2294 2841 2349 vinea...
2893 2299 2949 2350 et
2987 2310 3022 2349 a
3077 2294 3248 2349 tertio
3299 2293 3546 2348 latere...
3581 2296 3640 2346 et
3688 2307 3727 2348 a

2057 2387 2274 2456 quarto
2323 2383 2505 2439 latere
2554 2383 2800 2438 vinea...
2828 2383 2980 2454 juris
3027 2381 3386 2438 venerabilis
3425 2381 3724 2436 diaconiaa

2060 2478 2284 2528 sanctae
2306 2473 2496 2529 Mariae
2524 2489 2710 2546 quam
2743 2473 3026 2529 Cosmidi.
3063 2472 3195 2527 Pari
3229 2471 3414 2526 modo
3440 2470 3723 2525 concedi-

2059 2577 2196 2616 mus
2254 2565 2435 2633 atque
2493 2561 2928 2616 conﬁrmamus
2981 2560 3156 2615 vobis
3216 2559 3597 2614 medietatem
3659 2557 3725 2612 in

2058 2649 2359 2717 integrum
2391 2649 2468 2705 de
2498 2665 2622 2705 uno
2648 2648 2751 2704 ﬁlo
2782 2648 3019 2720 Salinae,
3046 2649 3108 2703 in
3136 2648 3270 2703 loco
3291 2662 3473 2718 quem
3506 2649 3724 2702 Fossa-

2059 2743 2184 2794 tum
2219 2738 2537 2808 majorem,
2555 2737 2727 2793 sicuti
2755 2737 2928 2792 vobis
2950 2753 3056 2810 per
3081 2736 3510 2808 scripturarum
3535 2735 3723 2791 series

2059 2825 2256 2881 evenit
2282 2825 2596 2897 quondam
2649 2825 2955 2881 dominico
2985 2825 3090 2897 qui
3130 2823 3441 2879 dicebatur
3471 2823 3724 2879 Cacain-

2059 2913 2264 2980 boote;
2293 2913 2444 2968 inter
2465 2918 2793 2982 consortes,
2813 2914 2994 2968 aliam
3021 2911 3401 2968 medietatem
3431 2910 3506 2965 de
3531 2911 3724 2966 haere-

2061 3002 2136 3058 de
2161 3001 2474 3074 quondam
2509 3002 2706 3068 Leoni,
2739 3002 2905 3073 quod
2936 3005 3028 3057 est
3078 3002 3281 3073 ipsum
3328 2999 3388 3053 in
3417 2998 3722 3068 integrum

2061 3091 2252 3158 ﬁlum,
2285 3091 2437 3146 inter
2467 3089 2698 3157 afﬁnes,
2719 3091 2798 3145 ab
2826 3106 2948 3146 uno
2977 3088 3368 3159 latere,ﬁlum
3392 3087 3721 3160 Benedicti,

2061 3184 2116 3236 et
2167 3195 2205 3236 a
2257 3179 2526 3236 secundo
2573 3179 2776 3245 latere,
2808 3178 2977 3234 ﬁlum
3030 3177 3229 3235 Salini.
3270 3176 3345 3232 de
3395 3176 3727 3248 supradicti

2061 3268 2301 3324 haerede
2349 3267 2678 3335 dominici;
2712 3272 2768 3322 et
2811 3283 2848 3323 a
2903 3268 3073 3323 tertio
3131 3266 3312 3322 latere
3372 3264 3724 3335 supradicto

2065 3359 2312 3412 Fossato
2356 3356 2623 3426 majore;
2655 3360 2712 3410 et
2741 3372 2777 3410 a
2808 3361 3024 3427 quarto
3067 3355 3317 3410 latere...
3366 3356 3508 3407 Item
3551 3351 3724 3409 ﬁlum

2063 3447 2139 3502 de
2186 3444 2422 3501 haerede
2489 3445 2803 3517 quondam
2860 3445 3107 3500 Joannis
3165 3443 3433 3513 majoris,
3497 3441 3727 3512 juris...

2068 3534 2340 3592 Similiter
2369 3538 2427 3588 et
2451 3532 2636 3588 alium
2682 3533 2851 3588 ﬁlum
2887 3549 3078 3588 unum
3124 3533 3186 3588 in
3214 3532 3514 3600 integrum
3541 3547 3727 3602 quem

2065 3622 2253 3678 sancti
2282 3621 2566 3693 Sylvestri
2592 3622 2653 3677 in
2684 3622 2818 3677 loco
2867 3638 3052 3694 quem
3085 3627 3312 3692 Campo
3363 3618 3534 3688 Malo,
3573 3618 3729 3674 inter

2068 3711 2298 3780 attines,
2330 3710 2408 3766 ab
2438 3727 2560 3766 uno
2605 3710 2856 3766 latere...
2893 3716 2949 3765 et
2979 3726 3014 3765 a
3048 3709 3316 3765 secundo
3343 3708 3524 3763 latere
3572 3708 3728 3777 ejus-

2065 3801 2205 3854 dem
2234 3798 2463 3870 praefati
2494 3799 2673 3852 vestri
2700 3798 3070 3852 monasterii.
3102 3798 3288 3852 Etiam
3319 3800 3376 3849 et
3400 3794 3725 3849 conﬁrma-

2066 3904 2203 3941 mus
2243 3885 2414 3940 vobis
2464 3885 2839 3957 aquimolum
2892 3885 3223 3940 molentum
3254 3899 3442 3937 unum
3489 3883 3550 3937 in
3581 3883 3727 3937 inte-

2067 3991 2242 4045 grum
2288 3973 2350 4028 in
2383 3973 2637 4029 ﬂuvium
2668 3973 2910 4046 Tyberis
2955 3975 3120 4043 justa
3168 3970 3373 4026 schola
3431 3972 3728 4026 Saxorum

2066 4063 2272 4136 possit.
2307 4061 2478 4116 sicuti
2523 4061 2690 4116 vobis
2735 4060 3019 4116 eumdem
3071 4058 3446 4132 aquimolum
3490 4057 3732 4126 largivit

2065 4150 2378 4225 quondam
2408 4153 2538 4206 Atto
2571 4152 2953 4218 Achomatos,
2997 4149 3153 4204 inter
3205 4147 3440 4217 attines,
3472 4147 3551 4202 ab
3601 4161 3727 4201 uno

2065 4241 2249 4297 latere
2272 4239 2719 4312 aquimolum...
2735 4244 2792 4294 et
2808 4255 2844 4293 a
2865 4238 3131 4293 secundo
3151 4236 3331 4292 latere
3348 4235 3729 4307 aquimolum

2069 4329 2363 4386 Benedicti
2417 4329 2670 4398 Virgarii
2716 4332 2898 4400 portae
2957 4327 3148 4382 sancti
3196 4325 3340 4381 Petri
3394 4341 3532 4380 cum
3593 4323 3726 4378 aliis

2069 4419 2447 4475 consortibus
2469 4419 2624 4486 suis;
2648 4423 2705 4473 et
2726 4434 2762 4473 a
2786 4417 2952 4472 tertio
2968 4415 3150 4470 latere
3173 4419 3410 4470 Portum
3433 4414 3726 4484 majorem

2067 4509 2255 4581 ipsius
2287 4507 2700 4576 fluminis,eta
2730 4510 2946 4578 quarto
2976 4505 3157 4560 latere
3183 4504 3277 4559 via
3307 4502 3549 4575 publica
3566 4501 3726 4556 unde

2067 4595 2450 4652 descenditur
2479 4596 2556 4650 ad
2587 4596 2748 4667 ipsos
2774 4593 3133 4665 aquimolos,
3153 4608 3291 4646 cum
3308 4587 3726 4659 ligamentorio

2069 4691 2125 4740 et
2153 4684 2395 4740 introitu
2425 4701 2556 4752 suo,
2589 4690 2645 4738 et
2675 4699 2811 4738 cum
2845 4681 3010 4736 omni
3052 4680 3399 4735 conciatura
3447 4694 3558 4733 sua
3587 4691 3728 4731 cum

2069 4773 2353 4830 omnibus
2382 4772 2492 4827 sibi
2514 4771 2948 4844 pertinentibus
2971 4769 3139 4824 sicuti
3167 4785 3204 4823 a
3231 4769 3464 4823 Joanne
3495 4765 3728 4838 praede-

2069 4877 2302 4918 cessore
2333 4866 2556 4926 nostro,
2594 4875 2698 4932 per
2746 4857 3028 4930 praecepti
3085 4857 3376 4930 paginam
3425 4855 3487 4911 in
3535 4860 3729 4910 vestro

2068 4949 2282 5006 obtulit
2301 4947 2692 5013 monasterio;
2713 4946 2978 5000 similiter
3001 4961 3102 5016 per
3124 4944 3415 5016 privilegii
3439 4944 3730 5017 paginam

2069 5039 2237 5095 vobis
2267 5035 2562 5092 concessit
2590 5040 2768 5107 atque
2802 5034 3180 5090 conﬁrmavit
3205 5034 3265 5090 in
3315 5033 3730 5106 supradictum

2067 5127 2319 5183 ﬂuvium
2348 5125 2590 5197 Tyberis
2618 5129 2753 5180 ante
2776 5123 3004 5192 cloaca,
3023 5140 3162 5180 cum
3190 5139 3352 5196 aqua
3385 5126 3519 5193 post
3551 5127 3624 5181 te,
3650 5118 3731 5173 ad

2068 5216 2252 5272 alium
2283 5213 2659 5287 aquimolum
2686 5212 3126 5280 faciendum;et
3147 5213 3296 5266 inter
3323 5211 3438 5264 hos
3471 5209 3620 5262 ﬁnes
3649 5207 3729 5261 ab

2068 5321 2191 5360 uno
2206 5301 2792 5375 latere,aquimolum
2824 5299 3182 5356 venerabilis
3197 5296 3540 5352 monasterii
3557 5310 3728 5350 sanc-

2070 5399 2140 5448 tre
2154 5393 2344 5450 Mariae
2355 5393 2414 5447 in
2430 5391 2800 5463 Capitolio,et
2811 5387 3187 5460 aquimolum
3202 5384 3376 5439 Leoni
3393 5385 3504 5451 (261
3520 5388 3538 5452 )
3553 5388 3725 5456 proto

2140 5523 2286 5593 (261)
2308 5519 2844 5593 Νοιίδείωοᾼρςᾳῐρ
2864 5510 3192 5593 scriniario,
3212 5511 3326 5593 clm
3357 5510 3404 5565 si
3432 5515 3727 5593 trasmuto

2069 5581 2363 5665 po‘scia'in
2397 5593 2588 5645 Leone
2617 5581 2727 5643 Vl'tl
2759 5587 2859 5655 (V.
2889 5586 2936 5640 il
2970 5583 3221 5639 Gatlettc’
3245 5581 3284 5636 l.
3315 5597 3367 5636 c.
3402 5598 3462 5654 p.
3501 5583 3644 5653 142).
