4114 6146
455 193 563 246 923

1850 188 2146 244 AGAPETI
2183 188 2383 244 PAPE
2417 190 2467 244 Π

3765 192 3873 246 924

454 309 763 379 scriniarii,
794 312 851 365 et
878 325 914 365 a
945 309 1211 366 secundo
1259 309 1442 367 latere
1486 311 1865 368 medietatem
1909 310 2102 383 ipsius
2136 310 2188 367 Α
2212 312 2560 369 monasterii
2589 313 2844 386 pertinet
2877 312 2940 368 in
2965 311 3257 369 territorio
3286 312 3581 386 Nepesino
3606 317 3669 368 et
3699 316 3879 370 Casa-

454 397 743 463 tluminis,
773 401 830 453 et
855 413 891 453 a
920 398 1089 453 tertio
1119 398 1301 454 latere
1343 400 1719 472 aquimolum
1771 399 2103 471 Teophilati

453 486 700 559 quidem
731 488 878 557 (262)
908 488 1384 557 nomenculator,
1426 494 1483 546 et
1520 489 1894 563 aquimolum
1926 504 2103 545 vene-

452 574 658 631 rabilis
672 575 1021 632 monasterii
1047 577 1240 632 sancti
1270 577 1477 634 Ciriaci
1500 579 1667 651 quod
1691 578 2103 652 appellaturin

453 664 560 721 Via
584 666 745 731 Lata,
778 669 836 722 et
862 681 900 721 a
927 670 1145 737 quarto
1172 665 1355 722 latere
1401 667 1501 723 via
1543 667 1785 740 publica
1827 668 1977 739 juris
2008 667 2104 723 cui

453 753 731 810 existens.
750 757 975 826 Nempe
996 758 1053 810 et
1071 756 1504 812 monasterium
1520 756 1581 812 in
1600 756 1898 826 integrum
1922 773 2106 830 quem

455 843 643 899 sancti
672 843 1003 899 Terentiani
1050 860 1188 899 cum
1229 845 1513 901 omnibus
1542 845 1897 918 subscriptis
1946 846 2109 902 cellis

457 931 602 1000 suis,
625 931 894 988 videlicet
915 933 1105 988 sancti
1131 934 1415 1006 Stephani
1442 940 1624 1007 atque
1644 940 1866 991 sanctae
1890 936 2105 1003 Mariae,

457 1021 580 1076 sive
610 1020 822 1076 cellam
853 1022 1040 1078 sancti
1092 1022 1387 1079 Benedicti
1406 1028 1465 1079 et
1487 1023 1677 1079 sancti
1709 1023 2011 1095 Sylvestri,
2052 1026 2111 1078 et

456 1110 647 1166 sancti
678 1110 993 1175 Valentini,
1024 1111 1121 1167 vel
1149 1129 1288 1168 cum
1318 1112 1603 1168 omnibus
1642 1113 1768 1169 suis
1817 1112 2104 1179 aediﬁciis,

455 1203 513 1255 et
553 1198 901 1269 adjacentiis
948 1200 1200 1273 ejusque
1247 1200 1472 1273 ubique
1518 1201 1886 1273 pertinentiis
1925 1200 2106 1256 situm

455 1287 744 1343 territorio
797 1287 1271 1361 Polimarcensis,
1296 1290 1447 1361 juris
1475 1290 1833 1346 venerabilis
1861 1305 2108 1346 monas-

454 1374 582 1430 terii
602 1375 791 1431 sancti
822 1376 1031 1432 Christi
1057 1378 1335 1449 martyris
1366 1378 1678 1443 Laurentii,
1711 1379 1875 1450 quod
1898 1378 2111 1450 appel-

452 1463 610 1519 latur
630 1465 789 1520 Foris
810 1467 994 1529 Muro,
1016 1466 1200 1536 hujus
1223 1467 1490 1523 adeo.....
1512 1472 1752 1522 servant
1772 1467 1904 1523 civi.
1934 1471 2103 1533 Rom.

453 1558 789 1624 praestante.
819 1556 1104 1610 Praeterea
1132 1555 1428 1610 conﬁrmo
1474 1556 1648 1611 vobis
1699 1560 2011 1612 Paternum
2042 1557 2103 1612 in

2212 401 2375 457 mala
2398 400 2566 473 quod
2608 405 2701 457 est
2739 401 2995 457 fundum
3026 415 3211 473 quem
3257 403 3569 458 Casanova
3596 406 3661 457 et
3686 404 3875 457 Bova-

2212 492 2336 548 rico
2380 496 2561 563 atque
2620 490 2921 562 Boltejano
2965 507 3088 547 una
3130 506 3271 546 cum
3324 490 3510 547 servis
3540 495 3599 547 et
3638 490 3875 548 ancillis

2214 581 2524 653 utriusque
2577 594 2755 635 sexus
2805 579 3030 636 ibidem
3066 579 3473 635 residentibus
3515 580 3596 637 ab
3657 580 3878 637 eodem

2214 669 2373 726 dicto
2386 669 2517 739 jam
2532 672 2731 724 vestro
2750 668 3116 725 monasterio
3140 668 3601 741 pertinentibus;
3618 684 3737 725 nec
3752 684 3879 724 non

2215 764 2273 816 et
2318 759 2751 815 conﬁrmamus
2797 757 2967 813 vobis
3008 768 3089 813 ea
3132 773 3270 830 qua;
3299 773 3409 830 per
3436 759 3878 831 scripturarum

2217 848 2398 905 series
2430 846 2701 918 ejusdem
2731 845 3079 902 monasterii
3106 846 3167 901 in
3197 846 3323 916 jam
3370 846 3532 902 dicto
3568 852 3883 902 monaste-

2215 940 2303 994 rio
2333 937 2624 993 territorio
2670 936 2750 992 ab
2796 936 2927 992 Alto
2974 935 3287 1007 quondam
3318 936 3653 992 Achomato
3699 936 3881 992 vobis

2217 1028 2487 1101 pertinet.
2509 1027 2851 1097 lterumque
2876 1030 2934 1081 et
2952 1024 3384 1081 conﬁrmamus
3403 1025 3574 1082 vobis
3596 1026 3879 1082 Casalem

2216 1118 2276 1173 in
2307 1117 2605 1186 integrum
2645 1130 2833 1188 quam
2886 1115 3210 1170 Pacianum
3265 1129 3404 1168 cum
3455 1114 3748 1170 omnibus
3799 1115 3880 1171 ad

2216 1222 2353 1262 eum
2382 1203 2814 1277 pertinentibus
2840 1202 3039 1276 posito
3070 1201 3363 1258 territorio
3394 1203 3633 1259 Sutrino
3662 1203 3879 1259 simul—

2216 1313 2334 1370 que
2378 1299 2436 1350 et
2458 1309 2670 1349 omnes
2716 1309 2812 1348 res
2856 1292 3290 1348 conﬁrmamus
3319 1291 3490 1347 vobis
3516 1309 3657 1365 quae
3684 1295 3793 1348 Jus
3824 1298 3881 1349 et

2214 1385 2435 1441 ditione
2462 1380 2789 1454 supradicti
2810 1381 2987 1437 vestri
2998 1380 3345 1437 monasterii
3369 1380 3741 1449 pertinentin
3756 1386 3880 1438 toto

2215 1473 2505 1532 territorio
2534 1471 2849 1527 Collinens.
2875 1475 2931 1526 et
2949 1470 3012 1526 in
3035 1470 3238 1527 locum
3262 1486 3444 1543 quem
3472 1470 3631 1527 Valle
3656 1476 3717 1527 et
3746 1473 3882 1528 ’Πυ-

2214 1563 2434 1620 toriscii
2479 1567 2536 1618 et
2572 1561 2635 1616 in
2664 1564 2869 1615 monte
2894 1574 3078 1632 quem
3107 1559 3183 1615 de
3223 1564 3395 1629 Asca,
3425 1560 3546 1616 sive
3574 1560 3637 1615 in
3663 1567 3880 1618 sancto

452 1642 752 1712 integrum
780 1658 919 1699 cum
944 1645 1252 1699 vocabulis
1284 1645 1739 1717 suis;idemque
1767 1651 1823 1701 et
1848 1648 2100 1703 Massam
2143 1658 2187 1713 Β
2217 1657 2499 1717 Cassano,
2558 1655 2613 1705 et
2664 1650 2726 1704 in
2776 1651 2946 1705 Curte
3004 1652 3183 1720 atque
3232 1647 3294 1703 in
3350 1648 3685 1705 Baccaricia
3734 1667 3878 1708 cum

452 1730 514 1786 in
539 1730 838 1799 integrum
869 1747 1051 1802 quem
1082 1733 1315 1803 Majana
1347 1749 1486 1788 cum
1518 1734 1809 1789 universis
1838 1734 1984 1790 locis
2015 1734 2106 1790 vel

456 1816 763 1873 vocabulis
818 1818 960 1886 suis,
1012 1820 1231 1876 scilicet
1279 1827 1463 1890 curta,
1504 1823 1821 1893 Tujanum,
1863 1823 2107 1894 Polleja-

452 1921 622 1972 num,
655 1906 997 1977 Anticuum,
1025 1910 1339 1979 Sutanum,
1360 1912 1684 1976 Oceanum,
1726 1913 2105 1982 Betujanum,

452 1995 891 2064 Terentianum,
920 1997 1340 2067 Centumcelle,
1361 1998 1482 2055 sive
1510 1999 1733 2071 quibus
1761 2000 1893 2055 aliis
1923 2017 2103 2057 voca-

453 2083 602 2139 oulis
631 2088 1078 2156 nuncupantur,
1108 2103 1243 2142 cum
1289 2087 1500 2151 vineis,
1534 2088 1722 2153 terris,
1755 2089 1957 2161 sylvis,
2003 2107 2106 2146 ca-

454 2172 553 2239 sis,
587 2172 815 2228 colonis
850 2177 911 2228 et.
934 2174 1268 2232 colonabus
1298 2176 1607 2248 utriusque
1654 2193 1832 2233 sexus
1877 2178 2104 2235 ibidem

450 2261 870 2333 residentibus,
903 2280 973 2320 ac
994 2265 1448 2336 pertinentibus,
1478 2268 1730 2340 campis,
1755 2269 1957 2341 pratis,
1988 2269 2104 2342 syl-

451 2350 563 2411 vis,
595 2350 846 2419 salectis,
881 2353 1199 2409 arboribus
1227 2354 1555 2426 pomiferis,
1586 2356 1674 2411 vel
1727 2356 2104 2415 infructiferis

453 2444 510 2496 et
555 2440 779 2496 diversi
822 2443 1089 2510 generis;
1121 2444 1336 2515 puteis,
1387 2445 1694 2517 pontibus,
1738 2447 2104 2520 rivisatque

452 2529 735 2601 perennis
761 2530 1027 2585 adiﬁciis
1052 2532 1361 2602 parietinis
1390 2551 1404 2588 :
1437 2534 1665 2589 cultum
1692 2535 1787 2591 vel
1809 2535 2101 2592 incultum

454 2633 593 2671 cum
644 2616 928 2672 omnibus
972 2618 1049 2673 ad
1080 2634 1183 2674 eas
1232 2621 1586 2687 generaliter
1619 2628 1676 2678 et
1717 2622 1775 2677 in
1804 2623 2102 2693 integrum

456 2704 891 2777 pertinentibus
939 2707 1117 2780 posit.
1171 2709 1462 2766 territorio
1509 2712 1985 2779 0rtano,miliar.
2023 2715 2107 2771 ab

454 2791 604 2848 urbe
658 2795 846 2850 Roma
889 2794 1027 2867 plus
1073 2796 1273 2853 minus
1315 2798 1802 2872 quadragesimo,
1823 2803 1974 2872 juris
2003 2820 2105 2859 su-

415 2911 418 2914 ~
454 2880 705 2953 pradicti
747 2883 928 2938 vestri
968 2885 1340 2941 monasterii.
1390 2888 1728 2961 Pariterque
1770 2890 2105 2947 stabilimus

2216 1741 2404 1796 vineis
2432 1743 2489 1794 et
2510 1737 2674 1793 terris
2702 1735 3180 1805 sationabilibus,
3215 1736 3399 1808 sylvis
3430 1752 3569 1792 cum
3598 1743 3879 1809 pantano

2215 1846 2326 1885 suo
2373 1831 2622 1898 majore,
2654 1842 2775 1882 una
2821 1841 2960 1881 cum
3008 1825 3237 1881 colonis
3273 1830 3329 1881 et
3365 1824 3703 1882 colonabus
3723 1824 3879 1882 inibi

2215 1916 2729 1976 commorantibus
2776 1915 2855 1971 ad
2897 1915 3103 1988 ipsum
3144 1914 3561 1987 supradictum
3600 1920 3875 1970 vestrum

2214 2006 2646 2065 monasterium
2666 2004 3123 2078 pertinentibus,
3149 2002 3638 2076 supradictorum
3659 2004 3879 2061 immo-

2212 2098 2495 2155 biliorum
2544 2095 2815 2150 locorum
2861 2094 3012 2165 juris
3059 2098 3282 2149 sanctas
3323 2098 3543 2149 nostra;
3583 2096 3874 2150 Romanis

2216 2186 2492 2243 Ecclesiae
2538 2189 2595 2239 et
2643 2182 2972 2256 supradicti
3029 2182 3396 2253 monasterii,
3452 2182 3546 2238 vel
3610 2182 3871 2238 aliorum

2212 2276 2482 2349 priorum
2536 2273 2807 2328 locorum
2857 2272 3052 2342 cujus,
3095 2272 3232 2343 jura
3280 2271 3644 2339 consistunt;
3687 2271 3868 2327 etiam

2213 2371 2267 2422 et
2308 2364 2742 2420 conﬁrmamus
2788 2361 2959 2417 vobis
3012 2360 3283 2417 Casalem
3313 2376 3504 2416 unum
3543 2362 3603 2416 in
3637 2361 3872 2430 integro

2213 2469 2347 2527 quae
2391 2450 2694 2507 Ruscitulo
2740 2465 2878 2504 cum
2917 2448 3202 2504 omnibus
3251 2449 3376 2504 suis
3432 2448 3791 2518 generaliter
3817 2455 3872 2504 et

2211 2544 2272 2598 in
2324 2542 2555 2608 integro
2610 2537 2981 2612 pertinentiis
3040 2538 3221 2593 situm
3274 2536 3711 2594 territorio......
3774 2538 3869 2593 via

2214 2628 2499 2687 Flaminia
2522 2627 2734 2683 miliar.
2765 2626 2847 2681 ab
2874 2625 3023 2681 urbe
3040 2629 3228 2681 Roma
3252 2624 3389 2698 plus
3416 2625 3622 2681 minus
3649 2630 3869 2698 quarto

2212 2720 2446 2776 decimo
2499 2732 2638 2773 cum
2686 2715 2969 2771 omnibus
3007 2714 3211 2770 fundis
3256 2714 3348 2770 vel
3397 2714 3711 2771 vocabulis
3742 2716 3869 2770 suis

2210 2807 2487 2864 videlicet
2537 2804 2910 2875 Sergianum,
2964 2804 3391 2868 Staturianum,
3439 2804 3543 2877 qui
3594 2809 3652 2860 et
3712 2808 3872 2861 Nuce

2213 2896 2439 2969 praedia
2466 2900 2735 2963 vocatur,
2769 2908 2875 2948 seu
2902 2892 3216 2950 Saburiam
3245 2897 3427 2965 atque
3468 2893 3868 2960 Pontianum;

451 2967 627 3024 vobis
675 2969 923 3025 diversis
952 2971 1229 3031 casalmis
1256 2974 1385 3030 sitis
1427 2975 1583 3031 intro
1627 2976 1840 3033 eadem
1871 2979 2104 3035 civitate
2143 3012 2184 3068 ο
2212 2967 2448 3041 necnon
2481 2988 2536 3039 et
2565 2982 2894 3038 Bavianum
2949 2981 3067 3037 sive
3119 2981 3342 3055 quibus
3390 2980 3523 3037 aliis
3553 2982 3872 3038 vocabulis

454 3058 677 3115 0rtano
704 3059 887 3115 etiam
917 3065 974 3116 et
1005 3062 1170 3117 terris
1201 3063 1484 3119 omnibus
1512 3065 1927 3123 immobilibus
1957 3068 2105 3125 locis

450 3163 588 3218 quin
632 3148 785 3219 juris
817 3150 1143 3222 supradicti
1188 3153 1367 3208 vestri
1410 3156 1754 3210 monasterii
1786 3157 2099 3228 pertinent,

450 3239 571 3290 tam
601 3236 756 3293 infra
783 3237 917 3310 ipsa
970 3240 1189 3295 Ortana
1233 3240 1465 3297 civitate
1494 3258 1802 3315 quamque
1843 3245 2021 3301 etiam
2046 3250 2106 3302 et

448 3324 523 3379 de
547 3323 692 3380 foris
712 3326 967 3382 diversis
994 3327 1139 3383 locis
1165 3335 1570 3402 nuncupatur,
1598 3336 1653 3387 et
1684 3333 1933 3389 Cartulze
1961 3334 2102 3391 inde

444 3413 716 3469 veredice
762 3414 952 3471 factae.
985 3420 1052 3472 Et
1097 3417 1311 3473 iterum
1340 3418 1401 3473 in
1448 3420 1661 3476 eodem
1693 3424 1910 3478 0rtano
1944 3424 2101 3479 terri-

447 3502 595 3557 torio
641 3504 1053 3559 conﬁrmamus
1105 3507 1275 3561 vobis
1304 3507 1619 3564 ecclesiam
1666 3512 1852 3565 sancti
1885 3513 2097 3568 Christi

445 3590 724 3661 martyris
750 3591 1054 3647 Juvenalis
1097 3609 1236 3648 cum
1280 3596 1563 3650 omnibus
1593 3597 1716 3652 suis
1742 3598 1804 3652 in
1853 3598 2097 3670 integris

440 3678 896 3751 pertinentibus,
930 3681 1099 3737 sicuti
1125 3682 1205 3737 ab
1249 3683 1461 3740 eodem
1516 3687 1738 3743 0rtano
1788 3688 2096 3761 episcopio

439 3767 614 3824 vobis
643 3770 938 3841 pertinere
962 3771 1213 3828 videtur.
1253 3777 1591 3847 lterumque
1619 3776 1797 3832 etiam
1819 3782 1877 3834 et
1917 3779 2098 3835 stabi-

377 3866 381 3870 ‘
437 3856 619 3914 limus
651 3859 819 3915 vobis
850 3861 1135 3917 omnibus
1167 3863 1581 3920 immobilibus
1632 3867 1797 3934 locis,
1832 3885 1967 3941 quae
1998 3888 2098 3926 su-

438 3947 691 4018 pradicti
739 3951 1085 4007 monasterii
1135 3952 1309 4008 vestri
1359 3954 1611 4025 pertinet
1657 3955 1812 4012 infra
1861 3958 2093 4016 civitate

439 4035 765 4100 Gallisana,
797 4039 943 4094 etin
989 4040 1119 4111 ejus
1150 4040 1376 4113 ubique
1422 4043 1713 4100 territorio
1746 4046 1868 4101 sive
1912 4048 1971 4101 in
2001 4048 2093 4103 his

435 4125 692 4183 fundum
740 4129 941 4195 trium,
972 4147 1157 4204 quam
1211 4136 1534 4203 Cazanum,
1587 4136 1994 4201 Casinianum,
2034 4144 2093 4198 et

438 4215 587 4271 Cesa
607 4219 918 4275 Narniens.
953 4223 1168 4276 Verum
1197 4222 1379 4277 etiam
1410 4228 1464 4279 et
1493 4240 1692 4280 massa
1722 4242 1904 4297 quem
1944 4231 2084 4284 Pre-

436 4303 766 4362 ciliana.....
819 4308 989 4364 vobis
1048 4311 1434 4367 concedimus
1483 4329 1621 4368 cum
1680 4315 1963 4371 omnibus
2008 4317 2086 4373 ad

435 4408 570 4448 eam
618 4397 969 4463 generaliter
1013 4404 1071 4454 et
1111 4399 1172 4455 in
1221 4400 1452 4469 integro
1495 4402 1927 4474 pertinentibus
1976 4407 2087 4463 sita

435 4482 727 4539 territorio
758 4484 1070 4542 Sabinens.
1096 4488 1248 4557 juris
1307 4495 1526 4546 sanctae
1576 4494 1862 4548 Romamn
1900 4495 2089 4551 Eccle-

434 4570 554 4639 sia,
602 4577 658 4629 et
704 4572 859 4629 inter
902 4574 1132 4641 attines,
1161 4577 1238 4632 ab
1287 4594 1409 4633 uno
1454 4578 1633 4635 latere
1683 4584 1873 4638 Massa
1903 4600 2084 4655 quem

434 4660 633 4717 Pansa
663 4667 720 4717 et
740 4678 775 4717 a
805 4664 1073 4719 secundo
1100 4666 1281 4722 latere
1311 4668 1438 4722 rivo
1477 4668 1553 4724 de
1594 4670 1870 4737 Utriculo,
1902 4689 2084 4744 quem

437 4749 646 4805 Butino
668 4768 680 4815 ;
706 4756 761 4806 et
787 4766 822 4807 a
843 4753 1012 4808 tertio
1038 4754 1218 4811 latere
1249 4771 1342 4811 res
1373 4756 1449 4812 de
1471 4756 1834 4815 monast'erio
1865 4767 2084 4819 sanctzr

431 4837 655 4905 Mariae;
682 4844 739 4894 et
765 4856 801 4895 a
830 4847 1049 4912 quarto
1076 4843 1257 4901 latere
1288 4862 1382 4901 res
1405 4846 1479 4902 de
1507 4849 1873 4905 monasterio
1897 4853 2085 4908 sancti

435 4925 791 4996 Salvatoris;
823 4930 1003 4986 etiam
1053 4940 1109 4988 et
1152 4935 1583 4991 conﬁrmamus
1630 4937 1799 4993 vobis
1826 4938 2081 4996 fundum

430 5016 638 5088 Campi
688 5019 849 5073 Mort.
899 5019 1047 5076 ultra
1076 5022 1376 5089 Albatum,
1407 5026 1509 5097 qui
1536 5030 1625 5081 est
1668 5026 1820 5082 inter
1850 5028 2082 5086 civitate

430 5105 673 5161 Ortana.
707 5148 719 5161 .
780 5109 1199 5166 Verumtamen
1274 5118 1331 5169 et
1401 5115 1833 5173 conﬁrmamus
1910 5119 2082 5175 vobis

427 5208 643 5251 omnes
691 5210 789 5251 res
847 5213 985 5269 quae
1056 5199 1470 5270 jurisdictione
1522 5205 1851 5276 supradicti
1910 5208 2081 5264 vestri

496 5355 647 5423 (262)
670 5359 820 5414 Ecco
843 5374 925 5415 un
953 5359 1105 5416 altro
1131 5365 1577 5421 nomenclatore
1604 5365 1664 5420 di
1690 5382 1914 5423 nomen
1944 5372 2082 5424 Teo-

423 5423 631 5509 ﬁlatto,
664 5427 725 5508 di
758 5430 851 5509 cui
882 5446 1002 5486 non
1035 5431 1085 5487 ci
1114 5432 1193 5489 ha
1220 5435 1451 5509 parlato
1493 5435 1532 5490 il
1568 5423 2078 5509 diligentissimoie

422 5493 900 5577 laboriosissimo
945 5518 1200 5577 vescovo
1220 5493 1308 5561 ‘di
1359 5508 1584 5575 Cirene,
1632 5493 1741 5562 clie
1798 5524 1920 5563 non
1967 5493 2077 5565 dee

422 5569 880 5648 essericordato
906 5572 1063 5628 nella
1082 5582 1287 5633 nostra
1316 5577 1477 5632 Bolla
1499 5569 1718 5648 quello,
1749 5578 1880 5634 chel
1903 5579 1983 5636 tal
2014 5580 2076 5636 fu

418 5637 579 5709 negli
611 5639 752 5696 anni
781 5644 884 5698 826
915 5659 946 5699 e
972 5648 1075 5699 829
1106 5647 1359 5718 (Galletti
1385 5665 1445 5722 p.
1487 5637 1606 5719 165,
1644 5637 1786 5723 183).

2211 3080 2459 3131 vocatur
2507 3089 2648 3129 cum
2697 3071 3114 3142 casispvineis,
3161 3071 3354 3137 terris,
3401 3071 3580 3144 sylvis
3630 3078 3692 3129 et
3732 3089 3872 3129 cum

2211 3163 2495 3220 omnibus
2520 3161 2765 3228 ﬁnibus,
2794 3160 3063 3218 terminis
3107 3160 3515 3234 limitibusque
3565 3163 3695 3217 suis
3722 3162 3877 3218 inter

2212 3253 2424 3310 aﬁines
2456 3253 2536 3309 ab
2565 3268 2689 3308 uno
2716 3252 2898 3308 latere
2927 3252 3026 3307 via
3055 3252 3299 3325 publica
3327 3252 3431 3325 qui
3457 3252 3623 3308 ducit
3642 3252 3706 3309 in
3740 3257 3876 3309 Fos-

2212 3349 2343 3398 sato
2363 3343 2438 3397 de
2456 3343 2693 3397 haerede
2709 3341 3023 3413 quondam
3043 3344 3290 3398 Joannis
3316 3342 3467 3412 (263)
3487 3342 3870 3411 grammatici

2209 3437 2265 3488 et
2294 3436 2448 3488 recte
2477 3447 2585 3504 per
2610 3431 2811 3503 ipsum
2844 3434 3158 3486 Fossatum
3187 3431 3248 3486 in
3269 3431 3395 3486 rivo
3421 3430 3525 3502 qui
3555 3430 3870 3487 descendit

2205 3521 2267 3575 in
2299 3525 2484 3575 Ponte
2527 3536 2709 3591 quem
2768 3520 3099 3583 Veneni.,...
3130 3524 3186 3575 et
3231 3518 3311 3575 ab
3364 3519 3481 3575 alio
3521 3519 3709 3576 latere
3757 3537 3871 3593 per

2204 3610 2336 3681 ipSa
2367 3612 2773 3681 suprascripta
2825 3609 2923 3664 via
2966 3608 3209 3681 publica
3244 3613 3399 3665 recte
3455 3609 3714 3665 ducente
3756 3626 3867 3683 per

2204 3697 2546 3755 Montecello
2577 3697 2677 3769 qui
2707 3697 2872 3752 ducit
2900 3697 2960 3751 in
2992 3696 3139 3764 rivo,
3172 3702 3229 3752 et
3252 3697 3470 3752 deinde
3498 3712 3607 3769 per
3635 3702 3862 3755 terram

2204 3786 2683 3842 sementariciam
2724 3787 2784 3842 in
2833 3787 2932 3842 via
2985 3787 3061 3842 de
3106 3786 3332 3853 Solaro,
3379 3791 3436 3843 et
3483 3786 3701 3843 exinde
3752 3805 3865 3862 per

2201 3875 2386 3931 limite
2412 3875 2472 3929 in
2507 3878 2705 3944 Puteo,
2736 3879 2793 3930 et
2818 3875 2896 3930 ab
2947 3875 3080 3947 ipso
3110 3878 3290 3931 Puteo
3318 3880 3517 3931 secute
3541 3876 3603 3931 in
3643 3894 3862 3950 supra-

2202 3964 2360 4020 dicto
2415 3968 2593 4020 Ponte
2626 3967 2884 4019 Veneno.
2925 3964 3027 4019 Vel
3065 3965 3115 4019 si
3151 3965 3287 4037 quis
3317 3965 3446 4020 aliis
3474 3964 3690 4021 afﬁnes
3722 3973 3862 4024 sunt

2203 4058 2305 4110 aut
2330 4053 2408 4109 ab
2436 4053 2664 4123 origine
2691 4054 2930 4108 fuerunt
2944 4054 3096 4123 juris
3126 4055 3230 4126 qui
3258 4055 3559 4110 assistant.
3592 4057 3862 4129 Denique

2200 4159 2380 4215 porro
2411 4147 2468 4198 et
2488 4142 2921 4198 conﬁrmamus
2952 4142 3125 4198 vobis
3155 4143 3417 4199 casalem
3449 4159 3641 4199 unum
3674 4146 3733 4200 in
3767 4146 3859 4201 in-

2200 4235 2434 4299 tegrum
2456 4247 2638 4303 quem
2669 4230 2810 4286 villa
2835 4232 3078 4297 rustica,
3106 4231 3228 4286 sive
3256 4248 3381 4304 quo
3410 4234 3530 4287 alio
3557 4234 3859 4289 vocabulo

2199 4326 2603 4394 nuncupatur,
2639 4337 2777 4376 cum
2824 4320 3114 4377 universis
3165 4320 3366 4377 fundis
3402 4322 3497 4378 vel
3542 4324 3859 4380 vocabulis

2200 4409 2346 4480 suis,
2379 4425 2519 4465 cum
2562 4410 2739 4478 casis,
2774 4408 2983 4477 vineis,
3014 4425 3121 4464 seu
3169 4409 3336 4465 terris
3378 4415 3433 4465 et
3463 4410 3667 4483 sylvis,
3695 4428 3862 4468 cam-

2198 4499 2310 4572 pis,
2363 4499 2573 4571 pratis,
2630 4498 2888 4570 pascuis,
2941 4498 3191 4555 diversis
3250 4500 3589 4564 arboribus,
3651 4502 3858 4575 criptis

2195 4588 2501 4655 arenariis,
2547 4588 2811 4643 fontibus
2852 4587 3078 4643 cultum
3128 4589 3220 4645 vel
3251 4589 3564 4658 incultum,
3597 4597 3655 4647 et
3712 4608 3855 4648 cum

2195 4677 2478 4732 omnibus
2507 4676 2748 4740 ﬁnibus,
2774 4676 3043 4732 terminis
3072 4677 3360 4734 limitibus
3391 4680 3533 4746 suis,
3558 4685 3615 4735 et
3643 4682 3857 4738 omnia

2194 4767 2272 4822 ad
2317 4783 2455 4821 eum
2512 4766 2862 4835 generaliter
2890 4771 2945 4821 et
2974 4767 3033 4821 in
3060 4767 3359 4837 integrum
3391 4770 3855 4841 pertinentibus,

2195 4856 2393 4928 posito
2422 4854 2804 4910 territorio...
2839 4856 3056 4911 miliari
3082 4856 3162 4912 ab
3192 4857 3339 4913 urbe
3369 4861 3555 4914 Roma
3578 4859 3719 4931 plus
3747 4861 3854 4916 mi-

2192 4961 2326 5000 nus.
2359 4946 2641 4999 Praeterea
2696 4949 2753 4999 et
2806 4945 3143 5001 stabilimus
3188 4952 3367 5019 atque
3412 4949 3856 5006 conﬁrmamus

2192 5031 2364 5087 vobis
2395 5031 2806 5088 immobilibus
2832 5033 2979 5089 locis
3008 5035 3292 5091 omnibus
3333 5053 3469 5109 quae
3498 5038 3558 5092 in
3591 5040 3856 5096 Romam

2189 5126 2246 5176 et
2274 5120 2496 5193 ubique
2522 5121 2666 5176 foris
2712 5124 2965 5179 Romam
2995 5124 3225 5196 praefati
3275 5127 3624 5183 monasterii
3671 5130 3853 5184 vestri

2186 5210 2453 5279 legaliter
2534 5211 2832 5283 pertinent
2912 5217 2977 5269 ut
3054 5215 3280 5271 cartula
3363 5215 3503 5273 inde
3588 5218 3855 5275 veridice

2260 5373 2409 5447 (293)
2443 5370 2498 5426 Si
2520 5371 2834 5447 ‘aggiunga
2861 5372 2918 5430 ai
2960 5374 3309 5447 pochissimi
3337 5378 3721 5447 grammatici
3750 5378 3849 5434 del

2188 5440 2383 5520 secolo
2415 5459 2480 5520 δὲ
2499 5442 2572 5497 de
2601 5440 2826 5520 qualije
2855 5461 2891 5499 a
2920 5440 3022 5520 ubi
3052 5440 3381 5520 pervenuto
3412 5448 3449 5520 il
3482 5465 3660 5504 nome
3692 5467 3706 5503 :
3742 5466 3846 5505 era

2184 5511 2318 5590 vivo
2348 5512 2481 5590 nell’
2524 5511 2684 5569 anno
2713 5518 2844 5590 906ζ
2879 5516 2954 5571 ed
2984 5511 3344 5590 ericordato
3392 5518 3469 5575 da
3517 5521 3724 5590 Sergio
3772 5521 3842 5574 Ill

2183 5581 2280 5637 nel
2307 5584 2520 5664 papiro
2568 5601 2720 5655 xxrv,
2752 5602 2784 5640 e
2831 5586 2890 5643 lo
2924 5591 2956 5643 ὸ
2986 5589 3089 5661 piu
3118 5590 3181 5646 di
3215 5606 3297 5646 un
3325 5590 3524 5647 secolo
3549 5581 3718 5667 dopo
3748 5592 3847 5648 ne’

2182 5669 2378 5729 papiri
2405 5671 2539 5712 XLVI
2568 5672 2599 5713 Θ
2623 5672 2814 5714 XLVIII.
3300 5672 3309 5679 “
