4166 6162
268 141 377 197 926

1532 144 1883 202 EPISTOLE
1919 144 2005 201 ET
2036 143 2479 207 PRMLEGIA.

270 263 433 365 facta
459 260 814 336 pensionem
845 259 1175 366 solventia.
1218 264 1598 366 §upradicti8
1626 271 1826 366 autem
1848 268 1932 325 lo-
1960 272 2009 326 Α
2042 268 2267 366 inferre
2288 271 2393 366 vel
2420 274 2719 346 placitum
2741 283 2960 350 tenere,
2981 284 3107 343 sive
3127 284 3487 349 distractum
3512 292 3732 366 facere,

268 354 360 410 eis
391 369 528 426 quae
552 367 745 440 usque
766 367 931 407 nunc
958 351 1113 440 soliti
1142 352 1286 408 estis
1315 353 1545 412 solvere
1582 358 1931 429 pensionem
2041 358 2160 414 nisi
2191 374 2311 430 per
2341 364 2518 421 tuam
2551 367 2794 440 tuisque
2825 375 3276 432 successoribus
3318 376 3643 438 licentiam.

272 441 535 539 singulis
558 438 903 539 quibusque
932 439 1364 539 iudi‘ctionibus
1392 443 1623 539 solvere
1646 447 1935 517 jubemus
2041 448 2181 521 quis
2217 452 2441 506 autem
2472 470 2546 510 ex
2574 438 2800 513 nostris
2835 464 3287 520 successoribus
3316 438 3731 539 pontiﬁcibus,

273 531 469 601 vobis,
510 529 654 586 focis
710 533 914 585 autem
960 529 1188 585 cmteris
1238 532 1602 604 supradictis
1645 552 1781 608 quae
1830 550 1940 609 per

268 636 576 677 annorum
610 617 907 674 curricula
943 634 1068 674 non
1098 617 1208 675 fuit
1236 621 1596 692 pensionem
1649 640 1686 681 a
1732 624 1940 681 vestris

270 708 756 767 antecessoribus
786 723 984 779 neque
1036 723 1073 763 a
1102 707 1274 764 vobis
1305 710 1563 779 solvant,
1623 718 1680 769 et
1706 730 1813 787 per
1841 729 1941 768 ne-

271 797 624 868 gligentiam
663 795 1006 851 actiouariis
1058 795 1241 867 hujus
1270 802 1485 853 nostrae
1534 801 1694 857 sedis
1724 806 1778 857 rt
1807 818 1939 858 ves-

272 888 379 943 tris
397 889 530 958 jure
556 884 1021 941 consistentibus
1049 884 1175 940 sine
1232 890 1567 944 vestrorum
1599 895 1943 948 antecesso-

272 994 408 1033 rum
463 980 519 1033 et
563 975 687 1031 sine
734 979 932 1030 vestra
985 974 1364 1032 contentione
1421 980 1633 1035 ostatis
1673 980 1938 1051 solvatis,

272 1082 474 1138 neque
503 1064 723 1120 amodo
754 1064 1038 1135 deinceps
1076 1064 1451 1136 persolvetis.
1514 1068 1782 1126 lnclinati
1812 1086 1941 1142 pre-

271 1154 450 1210 cibus
485 1152 689 1209 vestris
718 1168 829 1225 pro
859 1151 1188 1207 iuviolabili
1217 1154 1655 1213 restauratioue
1675 1163 1732 1214 et
1760 1159 1940 1215 stabi-

265 1242 432 1297 litate
465 1240 788 1315 supradicti
830 1241 1176 1296 monasterii
1231 1257 1339 1313 per
1382 1242 1569 1312 hujus
1627 1248 1938 1317 praesentis

266 1331 554 1405 praecepti
583 1329 793 1384 seriem
827 1329 1239 1401 supradictum
1264 1334 1701 1390 monasterium
1744 1341 1800 1391 et
1828 1336 1938 1391 im-

268 1419 597 1475 mobilibus
626 1418 792 1486 locis,
826 1417 1007 1472 servis
1028 1423 1085 1474 et
1114 1417 1367 1487 ancillis,
1398 1419 1649 1477 colonos
1698 1430 1752 1479 et
1781 1424 1940 1480 colo-

267 1526 388 1565 nas
432 1515 494 1563 ut
543 1506 813 1579 superius
843 1522 950 1578 per
971 1507 1248 1563 ordinem
1279 1513 1556 1565 exaratos
1586 1512 1866 1581 leguntur
1904 1530 1941 1570 a

2046 542 2152 593 aut
2180 550 2266 591 ex
2287 551 2667 617 quocunque
2726 546 2974 604 homine
3028 555 3267 622 potente
3304 556 3400 611 vel
3428 556 3731 626 inferiore,

2046 636 2287 719 magna
2320 627 2545 687 scilicet
2571 649 2884 707 parvaque
2930 651 3190 708 persona
3216 643 3633 717 cujuscunque
3656 645 3735 705 sit

2044 713 2308 769 honoris
2340 719 2631 786 praeditus
2660 722 2755 778 vel
2783 722 3097 791 dignitate,
3119 713 3734 806 prmsumpseritquo—

2047 814 2301 873 cunque
2333 815 2691 877 argumento
2740 810 2838 866 vel
2904 813 3199 885 exquisita
3227 821 3545 879 occasione
3596 824 3733 881 haec

2047 908 2183 964 quae
2216 903 2256 945 a
2284 894 2466 951 nobis
2504 898 2582 955 ad
2612 899 2846 956 cultum
2881 901 2978 956 Dei
3035 907 3256 962 statuta
3304 913 3484 981 atque
3517 911 3735 968 conﬁrs

2049 985 2218 1037 mata
2249 989 2409 1049 sunt,
2442 986 2772 1044 distrahere
2805 993 2913 1045 aut
2936 989 3279 1051 diminuare
3334 995 3431 1051 vel
3473 998 3533 1054 iu
3578 1015 3735 1071 quos

2047 1072 2483 1159 quamtemere
2508 1081 2612 1132 aut
2631 1076 2959 1145 refragare,
2982 1083 3061 1142 et,
3089 1083 3259 1153 quod
3275 1099 3400 1140 non
3416 1090 3730 1159 optamus,

2050 1157 2384 1232 quemlibet
2409 1162 2612 1221 locum
2643 1170 2753 1223 aut
2780 1168 3238 1238 possessionem
3271 1173 3367 1229 vel
3403 1157 3731 1248 quidquid,

2048 1248 2336 1321 praedicto
2366 1255 2733 1311 monasterio
2756 1255 3057 1326 pertinere
3078 1258 3470 1329 dignoscitur,
3490 1264 3733 1323 auferre

2050 1345 2153 1394 aut
2180 1338 2440 1396 alienare
2473 1356 2547 1398 ex
2575 1343 2799 1398 eodem
2827 1349 3039 1402 sancto
3060 1346 3195 1404 loco
3249 1356 3502 1408 conatus
3523 1352 3729 1422 fuerit,

2051 1428 2197 1483 sciat
2250 1443 2312 1482 se
2373 1430 2606 1487 Domini
2652 1431 2847 1488 nostri
2902 1437 2960 1489 et
3016 1434 3177 1493 beati
3236 1440 3382 1496 Petri
3433 1441 3730 1515 principis

2049 1515 2461 1588 apostolorum
2483 1520 2839 1576 auctoritate
2859 1519 3167 1581 insolubili
3199 1527 3601 1589 anathematis
3627 1530 3728 1587 in-

264 1597 556 1671 praesenti
585 1596 766 1651 tertiae
819 1596 1066 1652 decimae
1118 1595 1431 1653 indictioni
1486 1598 1548 1654 in
1580 1606 1940 1673 perpetuum
1973 1623 2013 1678 Β
2051 1607 2332 1675 nodatus,
2373 1611 2429 1662 et
2479 1623 2516 1663 a
2544 1623 2734 1677 regno
2770 1609 2873 1666 Dei
2931 1610 3187 1684 alienus,
3233 1618 3564 1677 contrarios
3606 1619 3727 1683 sibi

266 1688 659 1744 concedimus
686 1690 742 1739 et
784 1684 1118 1740 stabilimus
1170 1685 1296 1753 tibi,
1351 1687 1588 1760 tuisque
1639 1707 1947 1753 successo-

266 1778 442 1834 ribus
489 1773 829 1843 abbatibus,
864 1778 920 1829 et
946 1790 1263 1830 servorum
1310 1775 1407 1831 Dei
1458 1777 1731 1846 ejusdem
1764 1796 1941 1835 vene-

265 1867 481 1924 rabilis
510 1863 859 1920 monasterii
887 1864 1304 1933 detineudum,
1355 1882 1722 1941 omnemque
1750 1886 1941 1942 quam

265 1956 499 2023 indiget
531 1953 1002 2009 meliorationem
1032 1952 1328 2009 fabricam
1361 1970 1466 2010 seu
1523 1956 1939 2016 defensionem

270 2044 714 2120 preenomiuata
737 2042 871 2098 loca
903 2047 965 2098 ut
994 2043 1274 2114 superius
1299 2043 1576 2112 leguntur
1600 2047 1939 2105 indifferen-

274 2143 363 2193 ter
392 2152 501 2190 vos
528 2133 650 2188 sine
667 2132 855 2189 dubio
875 2138 1268 2205 procurantes
1292 2133 1617 2203 efﬁciatur;
1649 2137 1938 2211 nullaque

270 2230 562 2299 praeterea
589 2222 667 2278 ad
696 2221 969 2278 dandum
1001 2238 1205 2278 annue
1261 2223 1613 2294 pensionem
1645 2226 1723 2281 ab
1762 2228 1938 2283 vobis

267 2330 446 2372 mora
472 2311 797 2385 proveniat.
831 2311 947 2367 Sed
977 2310 1133 2367 ultro
1162 2312 1474 2368 actionarii
1523 2321 1743 2370 sanctae
1800 2332 1940 2375 nos-

268 2411 377 2462 true
405 2401 673 2458 Ecclesiae
704 2405 761 2456 et
789 2404 1136 2456 nostrorum
1194 2400 1433 2473 piorum
1491 2402 1763 2459 locorum
1794 2412 1938 2477 apto

267 2501 541 2565 tempore
574 2490 1009 2562 persolvantur.
1045 2489 1210 2545 Unde
1242 2495 1298 2545 et
1328 2491 1442 2547 sub
1475 2493 1715 2548 terribili
1754 2500 1937 2567 atque

269 2582 567 2641 tremendi
622 2580 805 2638 futuri
854 2581 1151 2637 examinis
1198 2581 1379 2649 diem,
1428 2587 1487 2639 et
1511 2585 1789 2640 maximis
1820 2586 1936 2642 sub

271 2671 674 2730 anathematis
757 2670 1277 2727 interdictionibus
1338 2673 1569 2728 Domini
1640 2675 1826 2729 nostri
1879 2680 1937 2731 et

272 2761 437 2818 beati
471 2760 622 2815 Petri
664 2759 951 2831 principis
1003 2758 1417 2831 apostolorum
1449 2762 1799 2817 auctoritate
1837 2763 1937 2819 de-

275 2850 600 2907 cernimus.
639 2848 788 2905 Nulli
818 2863 1067 2920 quoquo
1094 2847 1278 2903 modo
1307 2854 1641 2905 nostrorum
1694 2868 1933 2907 succes-

2054 1693 2319 1750 seutiens
2349 1710 2560 1751 omnes
2590 1702 2837 1754 sanctos
2856 1699 3133 1769 ejusdem
3159 1706 3504 1763 monasterii
3519 1708 3726 1779 quies-

2050 1780 2349 1849 ceutibus,
2375 1787 2432 1839 et
2459 1799 2599 1839 cum
2627 1784 2778 1856 ipsis
2808 1790 2947 1843 ante
2980 1787 3245 1845 tribunal
3299 1791 3399 1848 Dei
3444 1795 3724 1868 omnipo-

2050 1870 2226 1926 tentis
2266 1870 2326 1926 in
2355 1874 2666 1929 tremenda
2696 1875 2992 1931 examinis
3013 1876 3175 1934 diem
3191 1878 3530 1949 distractus,
3558 1883 3725 1953 ejus-

2049 1958 2189 2014 dem
2221 1960 2444 2016 sanctis
2500 1960 2679 2017 faciat
2729 1962 3017 2033 rationes,
3065 1970 3248 2036 atque
3290 1983 3430 2024 cum
3469 1969 3720 2027 diabolo

2049 2046 2302 2119 ejusque
2346 2048 2740 2106 atrocissimis
2797 2051 3043 2123 pompis
3105 2058 3164 2108 et
3186 2069 3326 2110 eum
3349 2055 3504 2115 Juda
3534 2058 3720 2114 tradi-

2047 2136 2174 2189 tore
2208 2134 2306 2189 Dei
2337 2140 2393 2190 et
2429 2135 2750 2194 Salvatoris
2789 2139 2980 2194 nostri
2998 2141 3140 2195 Jesu
3168 2140 3402 2206 Christi,
3440 2146 3497 2198 et
3520 2144 3721 2203 omnis

2045 2220 2162 2277 bus
2190 2221 2390 2295 impiis
2421 2223 2744 2297 deputatus
2772 2230 2832 2282 et
2881 2225 2944 2283 in
2972 2231 3230 2285 tartareo
3279 2228 3417 2300 igne
3459 2235 3517 2285 et
3542 2231 3717 2292 inex-~

2046 2309 2344 2379 tinguibili
2391 2311 2673 2369 incendio
2729 2317 2788 2369 et
2839 2315 3127 2385 voragine
3180 2317 3366 2373 chaos
3393 2317 3713 2376 demersus

2046 2405 2506 2457 concrementur
2543 2402 2605 2458 in
2685 2407 3003 2460 aeternum.
3072 2407 3252 2460 Porro
3304 2406 3409 2477 qui
3481 2406 3713 2467 inventi

2043 2489 2262 2546 fuerint
2282 2490 2483 2561 ipsum
2512 2492 2951 2549 monasterium
3002 2492 3342 2564 defendere,
3393 2499 3452 2552 et
3499 2497 3713 2557 omnia

2044 2596 2182 2652 quae
2212 2580 2273 2635 in
2295 2580 2411 2636 hoc
2437 2580 2770 2653 apostolico
2819 2587 3024 2639 nostro
3052 2582 3364 2656 privilegio
3403 2592 3710 2657 preecepto

2043 2668 2424 2725 continentur
2467 2670 2705 2727 adnexa
2763 2672 3165 2728 custodientes
3207 2672 3437 2741 integra
3486 2675 3709 2743 mentis

2044 2758 2379 2814 sinceritate
2433 2758 2817 2825 servaverint,
2868 2775 2905 2815 a
2948 2760 3171 2821 dextris
3194 2760 3573 2819 inveniantur
3604 2766 3709 2823 Dei

2040 2847 2101 2902 in
2130 2846 2333 2901 locum
2360 2846 2512 2902 lucis
2532 2847 2858 2915 constituti,
2889 2854 2945 2905 et
2969 2864 3181 2907 omnes
3203 2854 3444 2906 sanctos
3473 2851 3574 2908 Dei
3597 2854 3708 2926 qui

278 2955 489 2994 sorum
536 2936 893 3010 pontiﬁcum
923 2936 1098 2991 licere
1148 2935 1244 2991 vel
1273 2936 1403 2991 aliae
1434 2953 1670 3007 magna:
1700 2954 1934 3011 parvae-
1964 2972 2005 3027 ο
2040 2937 2103 2992 in
2141 2935 2356 2992 eodem
2403 2935 2771 2992 monasterio
2818 2936 3136 3008 quiescunt
3190 2936 3397 2993 ﬁrmos
3435 2938 3709 3003 habeant

276 3044 397 3101 que
440 3042 710 3099 personae
759 3025 1171 3096 cujuscunque
1226 3026 1300 3080 sit
1345 3024 1591 3081 honoris
1647 3026 1936 3099 praeditus
1975 3024 2003 3027 ⁷
2043 3027 2408 3097 protectores
2438 3039 2774 3095 eorumque
2799 3024 3099 3094 suﬂragiis
3128 3025 3259 3081 etin
3282 3028 3561 3097 praesenti
3585 3029 3705 3089 vita

276 3118 375 3173 vel
428 3116 715 3185 dignitate
763 3114 1049 3187 qualibet,
1108 3113 1502 3186 exquisitione
1555 3120 1659 3170 aut
1708 3116 1934 3183 ingenii

271 3211 400 3263 arte
452 3204 774 3260 dissolvere
830 3203 957 3258 haec
1008 3219 1144 3274 quae
1183 3218 1219 3257 a
1270 3202 1445 3259 nobis
1474 3203 1571 3275 pio
1610 3204 1824 3259 intuitu
1853 3202 1934 3259 ad

270 3294 517 3351 laudem
547 3291 956 3363 Redemptoris
999 3290 1187 3346 nostri
1218 3292 1538 3348 constituta
1576 3297 1753 3363 atque
1786 3309 1933 3349 cou-

268 3384 514 3439 ﬁrmata
537 3386 696 3443 sunt,
722 3396 832 3437 nec
863 3380 1103 3452 penitus
1135 3395 1206 3435 ex
1238 3380 1468 3435 eisdem
1494 3381 1639 3437 locis
1670 3381 1758 3435 vel
1788 3398 1930 3453 pos-

270 3471 642 3527 sessionibus
690 3474 872 3540 atque
915 3468 1096 3523 rebus
1144 3472 1199 3523 et
1248 3468 1652 3536 facultatibus,
1686 3468 1928 3526 familiis

268 3560 450 3616 etiam
483 3563 586 3613 aut
612 3556 897 3630 peculiis;
930 3556 1023 3611 vel
1048 3555 1347 3628 quidquid
1376 3557 1455 3613 ad
1492 3561 1775 3613 eumdem
1829 3575 1926 3614 ve-

268 3648 536 3705 nerabile
565 3646 995 3702 monasterium
1050 3645 1342 3718 pertinere
1400 3646 1791 3717 dignoscitur,
1826 3665 1928 3703 au-

268 3740 421 3794 ferre
450 3736 544 3792 vel
569 3735 850 3801 alienare,
883 3733 1081 3806 potius
1112 3739 1312 3790 autem
1344 3736 1541 3791 omnis
1594 3739 1659 3791 ut
1712 3736 1926 3807 prmia-

268 3833 397 3884 tum
430 3825 599 3882 estin
621 3825 833 3880 eodem
867 3828 1073 3879 sancto
1102 3823 1235 3879 loco
1288 3825 1631 3894 perenniter
1683 3823 1742 3878 in
1775 3824 1925 3881 inte-

267 3934 447 3987 grum
496 3918 908 3988 permaneant.
983 3913 1433 3986 promulgautes
1500 3913 1807 3969 sancimus
1866 3919 1929 3971 ut

265 4024 376 4080 per
401 4005 828 4078 omnipotentis
861 4004 958 4059 Dei
986 4004 1174 4060 nostri
1204 4003 1481 4059 virtutem
1514 4002 1629 4057 sub
1684 4003 1925 4060 terribili

266 4094 668 4152 auathematis
688 4092 1051 4161 obligatione
1078 4092 1324 4146 omnino
1341 4092 1704 4147 obtestantes
1726 4091 1924 4148 decer-

262 4185 488 4250 nimus,
525 4183 725 4239 uullus
782 4198 1051 4253 unquam
1097 4182 1383 4254 praesumi
1426 4180 1759 4253 quamlibet
1787 4198 1926 4237 cou-

262 4273 628 4330 trarietatem
661 4276 765 4327 aut
792 4270 1081 4326 malitiam
1116 4270 1176 4325 in
1198 4270 1412 4326 eodem
1442 4269 1807 4326 monasterio
1831 4272 1923 4327 vel

264 4362 699 4437 pertinentibus
728 4360 858 4430 ejus
889 4377 926 4416 a
955 4359 1154 4416 causis
1184 4360 1306 4415 sive
1348 4359 1493 4415 locis
1525 4365 1628 4415 aut
1684 4359 1921 4417 familiis

337 4542 484 4605 (267i)
519 4545 641 4596 Non
668 4540 733 4595 fu
764 4539 858 4595 all’
892 4538 1115 4603 Ughelli
1141 4538 1346 4608 ignoto
1376 4543 1865 4610 questovescovo
1890 4554 1922 4595 e

260 4612 673 4669 bibliotecario
695 4612 759 4682 (t.
779 4613 896 4684 I,p.
926 4614 1045 4684 lli)
1078 4626 1184 4684 per
1216 4608 1525 4684 una_[_{olla
1547 4608 1610 4684 _di
1633 4610 1922 4665 Giovanui

261 4688 297 4740 .\'
310 4687 349 4738 ll
362 4729 375 4751 ,
409 4700 440 4738 0
470 4700 575 4755 per
610 4679 727 4738 una
757 4679 918 4738 carta
940 4681 1036 4736 del
1065 4679 1312 4755 registro
1334 4680 1394 4735 di
1420 4679 1675 4755 subiace
1697 4697 1922 4755 σφω]οτ

260 4756 404 4810 bolo
438 4752 773 4809 ilMuratori
807 4760 895 4818 (Α.
930 4770 1006 4807 m.
1039 4769 1108 4807 te.
1139 4758 1178 4808 t.
1211 4754 1273 4807 Vl
1325 4767 1384 4823 ι),
1431 4752 1579 4815 2031,
1626 4752 1922 4817 M.‘Giorgi

259 4828 344 4887 (in
366 4832 489 4880 crit.
519 4826 591 4881 ad
616 4842 758 4897 pag.
779 4825 855 4878 ad
873 4823 1917 4897 an.9533),_e_M.Galletti(l.c.,p.101):

258 4916 289 4953 0
314 4914 424 4969 per
448 4914 566 4952 una
604 4894 767 4950 carta
800 4912 915 4966 pur
946 4894 1005 4969 di
1038 4895 1293 4969 Sublaco
1326 4896 1665 4969 _si_e_saputo
1684 4895 1790 4969 che
1821 4910 1920 4949 era

258 4965 521 5025 vescovo
540 4968 599 5022 di
625 4965 913 5021 Boma’rzo
936 4965 1174 5020 almcuo
1198 4965 1288 5020 sin
1307 4965 1445 5019 dall’
1467 4965 1565 5020 an.
1591 4968 1693 5021 942
1712 4968 1912 5031 (Mura-

259 5040 375 5094 tori
400 5041 440 5095 ι.
462 5055 510 5093 c.
531 5040 571 5108 οξ-
596 5056 644 5093 v.
669 5042 914 5109 pag.773
942 5036 1195 5109 :tiiorgi,
1216 5037 1255 5091 l.
1276 5052 1329 5109 Ac.
1352 5036 1423 5090 ad
1447 5052 1543 5091 an.
1561 5039 1921 5109 912).Maper

254 5111 315 5166 la
331 5110 480 5166 serie
499 5106 591 5163 de’
612 5106 979 5163 bibliotecari
1004 5123 1122 5161 non
1148 5107 1193 5161 si
1230 5107 1367 5177 vieu
1390 5122 1425 5160 a
1453 5123 1659 5177 sapere
1696 5106 1754 5161 di
1777 5106 1919 5177 qual

257 5183 472 5238 Chiesa
486 5180 645 5235 fosso
664 5195 942 5243 vescovo,
959 5178 1176 5249 perche
1192 5176 1444 5249 noldice
1458 5177 1573 5241 egli
1590 5177 1650 5231 in
1662 5176 1920 5249 Auu'altra

258 5252 424 5308 Bolla
448 5251 605 5306 dello
630 5256 820 5305 stesso
857 5247 1145 5305 Giovauni
1173 5247 1420 5303 dell’au.
1453 5252 1554 5318 9,56
1585 5265 1597 5313 ;
1641 5247 1738 5302 del
1774 5248 1919 5318 qual

253 5341 443 5397 papa,
468 5340 499 5397 e_
517 5321 761 5397 non__de1_
781 5323 965 5397 Xlll,_e
983 5319 1378 5397 moltqmeno
1400 5317 1646 5397 dell’au‘.
1671 5317 1915 5381 972.co-

252 5389 361 5450 iné
391 5394 601 5448 scrisse
634 5391 995 5464 ilgCiampini
1018 5391 1111 5461 (ex
1138 5389 1436 5464 lib._P_o_ut.
1464 5390 1916 5464 p.__23).ecome

251 5470 352 5522 sta
381 5462 725 5520 ne’tloucilii
774 5468 834 5531 (t.
869 5460 956 5517 ΧΗ
988 5460 1045 5534 p.
1080 5465 1180 5517 879
1231 5460 1463 5534 dell’ed.
1518 5460 1754 5534 Ven.)_e
1813 5475 1918 5534 per

249 5542 420 5592 certo
452 5536 641 5590 l’altra
672 5533 883 5589 diretta
909 5550 944 5589 a
988 5532 1359 5595 ’Berengario
1406 5546 1659 5586 vescovo
1702 5532 1917 5585 Verdu-

246 5623 445 5664 nense
475 5612 670 5661 morto
700 5605 797 5661 uel
828 5610 928 5661 959
960 5605 1141 5674 (Gali.
1168 5604 1390 5660 Christ.
1422 5607 1461 5658 t.
1488 5605 1597 5674 Xlll
1624 5617 1685 5673 p.
1724 5605 1911 5669 1180);

244 5679 304 5737 le
339 5678 509 5753 quali
545 5677 699 5735 Bolle
733 5693 883 5734 sono
904 5673 1044 5735 lutte
1068 5675 1282 5743 scritte,
1312 5689 1483 5730 come
1503 5673 1563 5730 in
1590 5676 1797 5729 nostro
1816 5688 1918 5749 pa-

2044 3114 2402 3183 adjuventur
2423 3118 2480 3168 et
2507 3112 2570 3169 in
2599 3112 2800 3169 futura
2828 3112 3196 3170 beatitudine
3250 3113 3504 3171 ccclesiis
3528 3119 3703 3188 regni

2042 3202 2266 3274 gaudia
2322 3218 2460 3257 cum
2502 3202 2730 3271 angelis
2772 3203 2871 3257 Dei
2920 3208 2977 3258 et
3030 3202 3316 3259 omnibus
3370 3205 3595 3264 sanctis
3646 3213 3706 3266 et

2040 3292 2237 3347 electis
2262 3306 2368 3363 per
2396 3290 2632 3345 inﬁnita
2661 3297 3110 3362 consequantur
3135 3290 3373 3348 secula.

2114 3380 2407 3452 Scriptum
2438 3395 2547 3450 per
2572 3395 2822 3436 manum
2855 3380 3066 3436 Leonis
3109 3380 3323 3436 notarii
3377 3381 3701 3451 regionarii

2037 3475 2217 3541 atque
2244 3468 2533 3525 scriniarii
2568 3473 2788 3525 sanctae.
2838 3471 3122 3526 Romanae
3178 3469 3469 3538 Ecclesiae,
3503 3488 3701 3531 meus.

2038 3558 2272 3630 Aprilis.
2331 3558 2457 3613 ind.
2514 3559 2923 3630 suprascripta
2983 3558 3149 3615 tertia
3191 3558 3513 3631 decima.-l-
3546 3564 3699 3621 Bene

2040 3648 2246 3703 valete.
2279 3650 2495 3703 Datum
2524 3664 2623 3702 VIII
2654 3646 2789 3703 Kal.
2839 3647 3055 3719 Aprilis
3109 3663 3217 3720 per
3246 3663 3466 3704 manus
3493 3652 3700 3710 Marini

2037 3736 2302 3809 episcopi
2330 3737 2477 3805 (264)
2532 3740 2756 3792 sanctae
2811 3735 3273 3792 Polimartiensis
3334 3736 3608 3794 Ecclesiae
3639 3745 3698 3797 et

2034 3825 2469 3881 bibliothecarii
2530 3840 2784 3880 summae
2843 3823 3005 3879 sedis
3062 3823 3426 3896 apostolicae.
3490 3831 3689 3898 Anno,

2038 3918 2155 3969 beo
2186 3912 2462 3985 propitio,
2495 3912 2705 3968 domui
2734 3911 2919 3967 nostri
2943 3911 3177 3983 Agapiti
3202 3911 3423 3967 summi
3455 3915 3695 3984 pontiﬁ-

2035 4004 2117 4057 cis
2142 4008 2198 4057 et
2230 4001 2583 4056 universalis
2602 4000 2856 4072 junioris
2887 4016 2989 4072 pp.
3024 4000 3085 4057 in
3116 3999 3523 4058 sacratissima
3550 4003 3692 4061 sede

2033 4093 2192 4149 beati
2224 4090 2368 4147 Petri
2400 4090 2674 4163 apostoli,
2704 4105 2868 4146 nouo
2895 4093 2952 4145 et
2970 4089 3096 4146 ind.
3125 4089 3532 4162 suprascripta
3575 4096 3689 4150 ter-

2035 4182 2114 4237 tia
2145 4181 2379 4235 decima
2402 4184 2573 4247 (265).

2107 4275 2228 4340 Ego
2271 4269 2486 4325 Omnia
2517 4272 2758 4324 sanctus
2804 4270 3024 4324 sancta:
3082 4270 3366 4325 Romanae
3416 4268 3688 4326 Ecclesiae

2030 4360 2175 4432 jude
2198 4376 2234 4414 ι
2265 4363 2319 4414 et
2341 4357 2609 4413 notarius
2633 4356 2787 4413 sicut
2804 4356 2867 4412 in
2887 4355 3047 4412 dicto
3070 4355 3381 4428 privilegio
3397 4356 3693 4417 Carticino

2034 4538 2184 4610 piro,
2207 4534 2370 4610 dallo
2400 4538 2587 4610 stesso
2608 4532 2916 4610 scriniario
2942 4534 3151 4610 Leone,
3171 4532 3232 4589 iu
3264 4532 3688 4610 quale_per01:-

2034 4603 2186 4678 i‘ore,
2210 4606 2408 4669 credo,
2440 4604 2913 4678 dichicopiolla
2942 4603 3122 4678 d_ic_esi
3152 4603 3411 4672 scriptor
3430 4604 3493 4659 δ’.
3520 4606 3585 4659 R.
3615 4605 3681 4660 C.

2032 4680 2091 4734 in
2117 4674 2379 4733 un'altra
2412 4676 2568 4732 Bolla
2595 4676 2655 4730 di
2675 4674 3201 4746 Agapito‘dell'au.
3233 4679 3357 4742 955,
3386 4678 3687 4746 stampata

2032 4750 2302 4805 oranella
2317 4748 2503 4803 Storia
2515 4746 2670 4801 delia
2683 4744 3478 4817 Linguadoca(1’7reu_n,t.lll,
3499 4744 3684 4817 pl95).

2106 4825 2246 4889 (265)
2260 4824 2358 4903 to
2392 4824 2578 4903 stesso
2595 4816 3215 4903 probabilmenteche
3235 4815 3315 4903 in
3331 4831 3455 4903 una
3477 4815 3685 4903 perga-

2032 4885 2647 4946 mena'dell-archivio
2674 4888 2731 4942 di
2764 4892 2817 4943 S.
2853 4886 3029 4943 Maria
3059 4886 3354 4955 Maggiore
3403 4885 3569 4943 de‘t2
3598 4885 3688 4943 lu-

2032 4963 2148 5030 glio
2180 4967 2332 5019 1309.
2359 4962 2409 5015 si
2438 4960 2686 5030 nomina
2708 4960 2978 5030 notarius
3008 4963 3061 5013 et
3094 4973 3254 5030 nunc
3309 4960 3685 5030 notariorum

2031 5027 2192 5109 itrbjs
2211 5031 2598 5109 camerarius.
2624 5029 2762 5085 Altri
2786 5027 3123 5098 Ognissauti
3140 5029 3388 5084 Romani
3402 5028 3497 5109 uel
3525 5032 3682 5109 191-8.,

2031 5105 2081 5159 ci
2115 5104 2191 5159 da
2215 5103 2253 5158 il
2285 5102 2496 5174 papiro
2536 5100 2643 5174 che
2674 5115 2903 5174 segne,
2954 5115 3169 5174 e__reca
3228 5115 3422 5154 mons.
3456 5099 3683 5174 Galletti

2028 5169 2382 5230 l'iscrizio'ne’
2400 5171 2727 5243 sepolcrale
2756 5172 2816 5226 di
2843 5187 2965 5226 uno
2984 5170 3185 5243 diesse
3210 5173 3404 5243 morte
3423 5169 3519 5243 uel
3542 5171 3680 5243 1394

2031 5249 2185 5316 (lscr.
2220 5249 2386 5301 Rom.
2416 5238 2565 5316 tflll,
2595 5247 2813 5316 au._20.
2834 5259 2897 5316 ρ.
2926 5244 3049 5316 42);
3077 5242 3207 5296 dice
3227 5239 3324 5311 poi
3347 5238 3678 5316 l'amideno

2027 5307 2209 5389 chela
2240 5316 2437 5389 nobile
2477 5313 2761 5389 tamiglia
2813 5307 3311 5389 aniu'sunct—us
3342 5310 3373 5361 ὸ
3404 5307 3463 5389 la
3490 5314 3680 5389 stessa

2027 5389 2136 5444 che
2158 5380 2213 5443 la
2243 5386 2524 5452 Mancini;
2556 5385 2609 5441 le
2626 5377 2816 5458 venue
2840 5384 2997 5458 force
3021 5380 3389 5458 s_i_be_l_u_om_e
3409 5377 3549 5458 dall’
3565 5378 3677 5458 esi-

2026 5460 2147 5515 mia
2167 5460 2283 5515 bon
2295 5465 2348 5514 ta
2364 5458 2423 5513 di
2438 5448 2577 5521 uno,
2594 5455 2827 5511 usaudo
2839 5453 3021 5508 molto
3038 5451 3055 5505 i
3080 5450 3265 5521 Latini
3282 5448 3361 5503 ad
3376 5448 3476 5504 imi
3487 5450 3676 5505 tazion

2025 5531 2317 5593 de'Greci,
2372 5531 2480 5585 che
2528 5519 2814 5583 dicevano
2864 5526 3052 5585 πάντα,
3092 5519 3268 5585 taetra,
3295 5522 3485 5585 πάντα,
3509 5522 3671 5586 ὅσιος,

2027 5606 2161 5666 etc.,
2180 5601 2233 5656 le
2251 5600 2391 5657 frasi
2408 5601 2628 5656 omnia.
2657 5600 2894 5663 cuncta,
2921 5596 2984 5649 in
3000 5593 3221 5659 omnia,
3242 5607 3354 5666 per
3370 5594 3590 5655 omnia,
3610 5594 3674 5647 in

2025 5664 2314 5740 omnibus,
2323 5687 2438 5744 per
2453 5674 2687 5736 cuncta,
2704 5669 2765 5722 in
2783 5666 3313 5736 cunctis,magnus,
3333 5664 3558 5735 lautia,
3573 5678 3675 5718 su-
