4166 6162
488 159 592 214 927

1881 140 2181 198 AGAPETI
2217 141 2416 198 PAPE
2453 145 2502 199 ΙΙ

3807 144 3910 199 928

483 275 690 336 inveni
727 275 790 330 in
847 287 1040 345 eoque
1067 270 1183 342 legi
1214 271 1408 344 potuit
1446 285 1570 327 non
1622 266 1970 336 cancellato,
2017 279 2142 320 non
2169 269 2218 321 A
2327 268 2368 337 1-
2399 270 2520 336 Ego
2549 265 2834 334 Jacobus,
2869 263 3222 323 Consolinus
3245 263 3438 336 judex
3463 268 3692 322 etnuuc
3719 281 3912 322 came-

485 367 726 430 abraso,
759 379 882 420 non
937 361 1163 432 vitiato,
1213 361 1366 428 viso,
1425 359 1578 416 lecto
1603 363 1661 415 et
1691 357 1776 413 sic
1805 355 2142 412 obscultato

485 456 797 526 diligenter
821 468 1028 509 coram
1052 451 1322 507 discretis
1350 449 1486 506 viris
1519 448 1759 504 :lomuis
1791 445 2143 519 presbytero

485 541 676 616 Giptio
705 544 894 598 sancti
949 539 1308 613 Apollinaris
1363 542 1424 594 et
1454 535 1874 594 Bartholomeo
1921 536 2144 588 sancta

484 631 676 692 Maria
729 629 804 687 de
836 627 1182 696 Caecabari,
1239 626 1380 683 cieri
1432 626 1600 682 urbis
1629 629 1687 680 et
1719 627 2002 679 Romana
2031 621 2146 676 fra-

481 719 773 779 ternitatis
801 716 1136 774 rectoribus
1168 731 1278 789 per
1307 714 1512 771 sedem
1539 710 1933 786 apostolicam
1962 709 2148 782 depu-

483 810 639 878 tatis,
673 811 730 865 et
755 823 966 864 eorum
996 805 1345 862 auctoritate
1374 803 1613 859 decreto
1644 803 1824 874 atque
1853 799 2144 856 mandato

484 902 543 957 et
597 913 803 954 coram
831 893 1223 968 infrascriptis
1275 891 1528 949 testibus
1584 889 1856 947 litteratis
1899 888 1980 946 ad
2017 889 2146 944 hac

485 988 820 1064 specialiter
849 985 1074 1043 vocatis
1104 989 1162 1041 et
1185 983 1432 1056 rogatis,
1461 981 1682 1039 scilicet
1728 981 1956 1038 domno
1981 982 2146 1036 Jaco-

484 1079 566 1136 bo
591 1075 1112 1150 archipresbytero
1167 1077 1390 1130 sancta
1439 1072 1634 1129 Maria
1661 1071 1724 1126 in
1757 1071 1876 1138 Via,
1917 1069 2146 1126 domno

485 1169 716 1241 Egidio
743 1166 1097 1240 presbytero
1125 1168 1183 1221 et
1235 1167 1462 1220 rectore
1488 1162 1751 1220 ecclesia
1781 1164 2002 1217 sancta
2043 1163 2149 1216 Lu-

487 1259 591 1315 cia
621 1257 694 1313 de
726 1254 1018 1324 Confinio,
1045 1258 1104 1310 et
1129 1253 1358 1309 domno
1419 1251 1735 1324 Raynaldo
1791 1249 2147 1323 presbytero

486 1351 542 1404 et
568 1349 791 1402 rectore
813 1343 1078 1401 ecclesia
1106 1343 1294 1400 sancti
1324 1342 1575 1398 Andrea
1601 1341 1677 1397 de
1709 1343 1877 1409 Urso,
1919 1339 2147 1394 domno

483 1435 707 1493 Jacobo
762 1434 959 1508 priore
1016 1431 1280 1489 ecclesia
1350 1431 1540 1488 sancti
1589 1429 1840 1486 Andrea
1900 1427 1976 1484 de
2045 1431 2149 1484 Co-

483 1524 716 1592 lumna,
771 1523 999 1578 domno
1064 1522 1292 1578 Thoma
1323 1519 1616 1576 canonico
1665 1517 1930 1574 ecclesia
1962 1523 2154 1590 sancti

487 1612 786 1672 Laurentii
814 1612 874 1667 in
907 1611 1152 1680 Lucina,
1175 1610 1404 1666 domno
1427 1609 1655 1678 Angelo
1683 1607 1941 1664 Routerii
1969 1624 2152 1664 cauo-
2190 1623 2231 1677 Β

485 1703 622 1759 nico
659 1701 933 1773 ejusdem
962 1700 1226 1756 ecclesia
1257 1697 1448 1755 sancti
1479 1697 1796 1766 Laurentii,
1830 1700 1888 1752 et
1922 1697 2150 1752 domno

484 1790 710 1860 Angelo
740 1787 1004 1844 Scholari
1025 1793 1168 1844 nato
1194 1786 1401 1842 domui
1429 1785 1635 1842 Jacobi
1665 1785 1970 1842 Consolini
1992 1784 2150 1856 judi-

488 1879 591 1936 cis.
618 1879 709 1935 Sic
741 1878 816 1932 de
847 1877 1032 1932 verbo
1085 1875 1164 1932 ad
1217 1875 1468 1930 verbum
1499 1874 1645 1930 nihil
1693 1874 1897 1930 addito
1931 1873 2022 1928 vel
2050 1874 2149 1928 de-

490 1971 676 2023 tracto
707 1969 954 2022 eatenus
983 1968 1284 2037 quatenus
1313 1963 1432 2032 legi
1461 1963 1655 2034 potuit
1685 1962 1888 2034 scripti
1917 1966 1973 2018 et
2000 1961 2148 2016 ﬁde-

489 2056 618 2111 liter
675 2053 1050 2126 exemplatus
1109 2067 1248 2107 sum
1301 2067 1370 2107 ac
1426 2051 1491 2106 in
1551 2050 1858 2124 publicam
1889 2049 2148 2105 formam

487 2143 709 2214 redegi.
735 2147 964 2213 Rogatu
989 2140 1346 2197 venerabilis
1403 2143 1462 2196 et
1491 2139 1748 2210 religiosi
1793 2139 1900 2194 viri
1939 2132 2149 2194 domui

486 2233 720 2291 Matthei
749 2236 896 2300 (266)
929 2230 1170 2287 abbatis
1199 2229 1558 2286 venerabilis
1586 2228 1934 2284 monasterii
1960 2227 2144 2283 sancti

490 2321 774 2395 Sylvestri
803 2320 878 2376 de
901 2321 1100 2393 Capite
1131 2319 1192 2374 in
1225 2318 1397 2380 Urbe,
1432 2317 1660 2372 ordinis
1721 2316 1911 2372 sancti
1965 2319 2148 2372 Bene-

487 2411 628 2466 dicti
665 2415 724 2466 et
751 2415 1080 2466 conventus
1111 2408 1162 2478 ej
1175 2407 1386 2462 uSdem
1416 2405 1654 2462 decreto
1685 2405 1866 2461 etiam
1924 2410 1982 2461 et
2009 2421 2147 2462 auc-

491 2500 722 2556 toritate
748 2504 928 2571 atque
969 2497 1256 2553 mandato
1313 2495 1796 2567 supradictorum
1844 2499 2146 2550 rectorum

488 2589 601 2645 sub
633 2604 774 2644 ann.
809 2586 1042 2642 Domini
1071 2589 1200 2641 1267
1231 2584 1436 2639 indict.
1461 2590 1513 2650 5,
1547 2599 1738 2639 meus.
1772 2583 1910 2638 Julii
1939 2587 2028 2639 27.
2083 2588 2146 2639 ln

483 2693 607 2750 quo
651 2675 897 2748 quidem
937 2673 1246 2747 privilegio
1311 2672 1594 2728 carticino
1671 2688 1969 2744 suspensa
2021 2677 2148 2728 erat

485 2765 652 2821 bulla
695 2763 983 2836 plumbea
1030 2762 1128 2818 ﬁlo
1181 2762 1372 2817 serico
1397 2760 1640 2817 violacei
1685 2761 1900 2816 coloris
1946 2761 2040 2816 cui
2069 2759 2147 2816 ab

488 2869 610 2910 uno
633 2853 813 2910 latere
843 2867 1018 2908 cruce
1047 2851 1247 2907 media
1271 2851 1365 2906 ha
1409 2850 1612 2905 littera
1667 2850 2028 2906 circulariter
2069 2849 2149 2905 1c-

489 2944 1160 3014 gebantur:AcAr1rus,
1211 2945 1268 2996 et
1317 2941 1379 2995 in
1431 2940 1632 2995 medio
1681 2945 1806 2996 erat
1835 2939 2147 3012 quoddam

494 3032 738 3102 signum
793 3030 1023 3086 stellam
1081 3027 1540 3101 quodammodo
1585 3033 2043 3100 repraesentans,
2073 3043 2148 3083 ex

489 3119 607 3177 alio
635 3135 780 3176 vero
830 3119 1012 3174 latere
1063 3118 1156 3174 ha
1212 3116 1416 3172 littera
1447 3116 1822 3189 apparebant
1861 3131 2034 3172 cruce
2063 3116 2148 3172 ibi

491 3209 686 3282 posita
713 3226 728 3264 :
759 3225 937 3264 mra.

559 3301 746 3354 Locus
777 3300 819 3367 1-
851 3296 1004 3366 signi
1033 3295 1269 3352 notarii.

556 3389 600 3458 1-
625 3389 746 3456 Ego
775 3385 1089 3458 presbyter
1119 3384 1365 3456 Gyptius
1393 3383 1581 3440 sancti
1616 3383 1973 3454 Apollinaris
2008 3384 2148 3440 cleri

491 3475 654 3530 urbis
683 3479 740 3530 et
797 3477 1083 3529 Romana
1137 3472 1518 3528 fraternitatis
1573 3477 1786 3540 rector,
1819 3472 2050 3528 habens
2075 3473 2146 3528 ti-

488 3563 628 3618 dem
655 3562 792 3617 huic
825 3561 1068 3632 publico
1097 3560 1495 3616 instrumento
1529 3559 1783 3615 ﬁdeliter
1813 3561 2146 3634 exemplato

489 3651 628 3706 ideo
657 3665 754 3706 me
781 3649 1119 3705 subscribo.

559 3741 602 3810 1-
645 3741 766 3808 Ego
817 3739 1106 3809 magister
1150 3735 1620 3793 Bartholomaus
1671 3737 1746 3793 de
1801 3738 2146 3807 Caccabari,

488 3834 680 3886 rector
718 3829 854 3884 cleri
887 3828 1056 3883 urbis
1089 3831 1146 3884 et
1193 3830 1476 3882 Romana
1506 3825 1886 3884 fraternitatis
1917 3828 2148 3884 habens

487 3919 669 3975 ﬁdem
699 3919 838 3974 huic
866 3917 1108 3991 publico
1139 3917 1534 3972 instrumento
1563 3916 1813 3972 ﬁdeliter
1843 3917 2146 3990 exempla-

491 4011 572 4079 to,
600 4007 735 4064 ideo
765 4024 862 4064 me
887 4005 1226 4062 subscribo.

559 4098 601 4168 1-
633 4099 753 4166 Ego
779 4097 1042 4152 domnus
1073 4093 1360 4161 Jacobus,
1399 4094 1629 4166 archip.
1685 4099 1907 4151 sancta
1957 4097 2146 4152 Maria

487 4185 550 4241 in
575 4185 680 4241 Via
704 4185 862 4241 testis
890 4183 1209 4256 pradictus
1239 4199 1335 4238 me
1363 4182 1698 4238 subscribo.

560 4275 602 4343 1-
629 4277 749 4343 Ego
779 4273 1092 4345 presbyter
1113 4271 1397 4340 Aﬂgidius,
1419 4275 1608 4326 rector
1634 4271 1895 4327 ecclesia
1924 4278 2143 4329 sancta

491 4363 682 4418 Lucia
711 4362 786 4418 de
808 4362 1069 4418 conﬁnio
1124 4360 1446 4433 pradictus
1475 4361 1633 4416 testis
1676 4377 1773 4416 me
1805 4362 2140 4420 subscribo.

560 4453 602 4522 1-
652 4454 773 4522 Ego
822 4450 1136 4522 presbyter
1209 4449 1576 4520 Raynaldus,
1634 4456 1826 4506 rector
1881 4451 2142 4508 ecclesia

488 4539 808 4598 sanctiAnd
817 4555 929 4596 rea
941 4539 1014 4595 de
1033 4541 1176 4595 Urso
1191 4539 1349 4594 testis
1363 4539 1680 4609 praedictus
1697 4556 1793 4595 me
1807 4540 2142 4597 subscribo.

559 4631 600 4700 1-
628 4631 750 4700 Ego
778 4627 1058 4695 Jacobus,
1081 4627 1245 4699 prior
1274 4626 1538 4681 ecclesia
1571 4628 1760 4683 sancti
1789 4629 2038 4685 Andrea
2069 4629 2144 4685 de

489 4717 779 4776 Columna
801 4719 963 4774 testis
993 4715 1314 4790 pradictus
1339 4731 1434 4771 me
1466 4715 1797 4773 subscribo.

559 4809 601 4876 1-
632 4811 754 4876 Ego
801 4807 1080 4873 Thomas,
1111 4805 1438 4861 canonicus
1466 4805 1728 4861 ecclesia
1761 4807 1952 4862 sancti
2001 4811 2146 4864 Lau-

486 4893 656 4948 rentii
686 4895 747 4949 in
779 4894 999 4950 Lucina
1025 4893 1403 4966 supradictus
1433 4893 1592 4949 testis
1615 4909 1710 4949 me
1737 4895 2070 4953 subscribo.

559 4983 600 5052 1-
645 4985 766 5053 Ego
816 4981 1068 5052 angelus
1131 4983 1407 5050 Routerii,
1493 4985 1821 5039 canonicus
1882 4985 2144 5042 ecclesia

489 5071 680 5126 sancti
711 5070 1006 5126 Laurentii
1037 5071 1199 5125 testis
1228 5071 1548 5142 pradicetus
1603 5089 1701 5128 me
1733 5073 2068 5130 subscribo.

558 5160 600 5230 1-
661 5161 780 5228 Ego
811 5157 1094 5228 Angelus,
1153 5157 1356 5227 legum
1411 5160 1699 5216 scholaris
1726 5166 1904 5217 natus
1933 5163 2143 5219 domui

481 5246 1006 5318 jacobiConsolini
1043 5245 1263 5318 judicis
1309 5247 1627 5318 pradictus
1655 5250 1817 5305 testis
1843 5267 1941 5306 me
1973 5253 2142 5308 subs-

487 5336 670 5392 cribo.

491 5511 706 5591 lgiimis,
737 5520 1002 5591 sanctas,
1029 5513 1123 5582 ed,
1159 5514 1373 5591 ὕστερον
1397 5519 1658 5589 πρὼτερον
1673 5523 1920 5573 sanctus
1941 5520 2141 5576 omnia

488 5580 652 5636 disse
667 5583 903 5656 Aurelio
919 5580 1136 5656 Vittore
1163 5587 1251 5656 (in
1271 5580 1478 5643 Caesar
1498 5603 1548 5641 c.
1568 5580 1644 5654 9),
1678 5591 1877 5643 omnia
1899 5595 2141 5645 sanctus

490 5665 636 5708 avea
663 5651 824 5710 detto
853 5651 1192 5714 Tertuliano
1217 5657 1316 5714 uel
1339 5656 1493 5715 libro
1521 5651 1682 5718 delia
1705 5657 2036 5718 Peniteuza.

2254 355 2446 411 rarius
2469 355 2744 426 judicum
2767 354 2959 422 Urbis,
2993 353 3223 409 habens
3277 353 3464 409 ﬁdem
3519 354 3657 410 huic
3703 355 3912 410 instru-

2253 449 2455 499 mento
2485 449 2542 500 et
2569 443 2878 516 privilegio
2923 442 3174 498 ﬁdeliter
3223 442 3560 516 exemplato
3607 459 3708 499 me
3741 443 3910 498 subs-

2253 532 2416 589 cribo
2443 533 2557 590 sub
2587 533 2762 590 anuis
2787 531 3024 588 Domini
3049 531 3368 588 millesimo
3401 547 3676 600 CCLXXVII,
3719 531 3846 588 ind.
3877 537 3905 588 5

2253 623 2477 680 mensis
2505 622 2758 694 Augusti
2785 627 2873 679 26.

2324 713 2366 781 1-
2414 715 2537 782 Ego
2585 711 2931 778 Adenulfus,
2960 709 3146 781 judex
3203 714 3260 766 et
3288 713 3481 766 rector
3503 711 3783 782 judicum
3815 713 3912 768 ha-

2252 799 2403 856 bens
2429 800 2616 856 ﬁdem
2643 800 2783 856 huic
2805 799 3198 856 instrumento
3227 804 3286 856 et
3311 799 3616 872 privilegio
3659 800 3910 856 ﬁdeliter

2255 889 2614 961 exemplato,
2642 903 2739 945 me
2771 887 3110 944 subscribo.

2325 981 2368 1050 1-
2393 981 2515 1049 Ego
2545 980 2855 1047 Maximus,
2887 978 3037 1035 Petri
3065 979 3286 1036 Odonis
3311 979 3498 1050 judex
3527 983 3584 1036 et
3607 995 3772 1036 nunc
3819 995 3912 1036 ca-

2254 1069 2548 1124 merarius
2581 1069 2866 1140 'judicum
2921 1069 3061 1124 huic
3109 1068 3420 1142 privilegio
3441 1067 3693 1124 ﬁdeliter
3713 1085 3910 1125 exem-

2256 1160 2438 1233 plato,
2471 1175 2569 1216 me
2601 1159 2940 1216 subscribo.

2257 1425 2496 1464 ΔϐΑΡΕΤΙ
2551 1424 2706 1464 ΡΛΡΕ
2771 1423 2809 1462 ιι
2863 1423 3226 1464 Ριιινιιιεϐιωι
3287 1425 3390 1464 PRO
3451 1425 3804 1466 MONASTEBIO
3863 1427 3908 1466 S.

2807 1513 3036 1552 MARTINI
3075 1514 3142 1553 DE
3181 1514 3355 1554 LENIS.

2903 1623 3096 1689 (Anno
3126 1621 3278 1693 955.)

2260 1743 2456 1818 [Apud
2487 1748 2550 1801 D.
2578 1747 2864 1818 Bouquet,
2900 1746 3141 1802 Recueil
3169 1745 3270 1801 des
3297 1745 3634 1814 historzens,
3675 1749 3740 1804 l.\'
3765 1751 3911 1820 233.]

2329 1875 2626 1926 AGAPETL‘S
2651 1869 2988 1943 episcopus,
3021 1885 3229 1926 servus
3261 1885 3570 1926 servorum
3601 1873 3723 1940 Dei,
3753 1875 3918 1930 Saos-

2257 1974 2354 2014 nio
2391 1957 2674 2028 religioso
2706 1956 2912 2013 abbati
2934 1956 3292 2014 venerabilis
3345 1959 3693 2015 monasterii
3723 1963 3914 2017 sancti

2257 2044 2504 2108 Martini,
2527 2045 2632 2116 qui
2663 2047 2912 2099 vocatur
2943 2044 3132 2112 Leuis,
3165 2043 3270 2116 qui
3307 2049 3394 2100 est
3423 2045 3484 2100 in
3527 2046 3660 2118 ripa
3689 2047 3764 2101 de
3809 2047 3913 2103 ﬂu-

2256 2133 2418 2190 mine
2444 2137 2623 2188 Atace
2644 2133 2705 2187 in
2735 2131 2890 2187 valte
2913 2131 3278 2203 Bolicarnea,
3301 2138 3360 2189 et
3395 2149 3501 2206 per
3553 2151 3694 2190 eum
3723 2136 3786 2191 in
3813 2152 3914 2192 eo-

2256 2221 2398 2277 dem
2419 2220 2742 2277 venerabili
2771 2220 3138 2276 monasterio
3167 2221 3230 2276 in
3259 2227 3636 2294 perpetuum.

2328 2314 2476 2368 Cum
2531 2324 2759 2380 magna
2813 2308 2989 2365 nobis
3049 2309 3443 2367 sollicitudine
3509 2312 3724 2370 insistit
3775 2331 3918 2370 cura

2255 2417 2365 2473 pro
2424 2399 2716 2455 universis
2763 2398 3031 2454 ecclesiis
3093 2415 3171 2456 ne
3227 2399 3494 2474 aliquam
3547 2403 3916 2459 necessitatis

2249 2489 2550 2560 jacturam
2573 2486 2928 2554 sustineant,
2995 2487 3098 2543 sed
3127 2489 3322 2558 magis
3363 2491 3620 2563 propria
3651 2491 3914 2546 utilitatis

2255 2577 2554 2650 stipendia
2601 2579 3074 2648 consequantur.
3121 2577 3258 2634 [deo
3314 2579 3589 2635 convenit
3637 2596 3751 2635 nos
3785 2597 3918 2654 pas—

2256 2666 2456 2724 toralis
2502 2671 2628 2723 tota
2657 2666 2874 2722 mentis
2902 2666 3236 2736 integritate
3268 2683 3586 2740 procurare
3615 2676 3674 2726 et
3707 2669 3914 2725 sedule

2255 2771 2464 2812 eorum
2495 2755 2818 2812 utilitatum
2873 2755 3144 2812 subsidia
3187 2755 3303 2812 illis
3340 2757 3626 2828 conferre,
3679 2764 3746 2814 ut
3803 2763 3913 2814 Do-

2254 2847 2420 2900 mino
2505 2848 2708 2899 nostro
2777 2843 3174 2917 omnipotenti
3250 2844 3314 2900 id
3383 2846 3550 2918 quod
3605 2863 3716 2920 pro
3787 2849 3915 2919 ejus

2205 2973 2220 3024 ἶ
2255 2933 2690 3000 sanctimoniis,
2717 2933 2946 2989 honore
2979 2933 3158 2990 etiam
3205 2939 3264 2990 et
3290 2933 3468 2992 laude
3499 2941 3678 3009 atque
3723 2937 3914 3008 gloria

2203 3021 2220 3024 ”
2255 3024 2385 3094 ejus
2415 3023 2633 3078 divina
2672 3023 3024 3094 majestatis,
3065 3024 3500 3080 venerabilium
3561 3031 3626 3082 ut
3673 3031 3911 3082 nostro-

2255 3127 2392 3168 rum
2456 3115 2582 3168 erat
2635 3111 2959 3168 contulisse
3026 3111 3192 3181 locis,
3269 3113 3462 3186 sitque
3519 3115 3910 3188 acceptabile,

2255 3201 2554 3273 nobisque
2612 3200 2690 3257 ad
2747 3201 2877 3272 ejus
2927 3200 3130 3258 locum
3171 3201 3644 3277 locupletissima
3688 3206 3916 3262 miseri-

2257 3290 2462 3348 cordia
2500 3290 2753 3361 diguum
2807 3291 3158 3362 hujusmodi
3204 3293 3286 3366 pii
3313 3296 3510 3366 operis
3535 3295 3795 3352 insidere
3855 3297 3916 3352 in

2257 3380 2502 3435 sidereis
2529 3379 2868 3436 conferatur
2891 3380 3131 3436 arcibus
3184 3384 3688 3440 remuneratione.
3735 3386 3914 3456 igitur

2256 3469 2400 3541 quia
2438 3469 2665 3540 petistis
2695 3485 2734 3525 a
2758 3469 2935 3524 nobis
2965 3475 3263 3542 quatenus
3312 3472 3630 3530 ecclesiam
3689 3481 3912 3530 sancta

2257 3559 2448 3614 Maria
2477 3575 2614 3630 qua
2643 3562 2731 3613 est
2767 3557 2829 3614 in
2859 3559 3212 3633 Coronulas,
3246 3577 3386 3616 cum
3425 3564 3594 3618 terris
3624 3569 3682 3619 et
3732 3564 3918 3619 vineis

2257 3653 2314 3704 et
2342 3664 2482 3703 cum
2511 3647 2676 3702 omni
2701 3647 3096 3704 redhibitione
3117 3665 3246 3716 sua,
3266 3651 3394 3722 pari
3427 3652 3612 3707 modo
3649 3659 3708 3708 et
3737 3653 3918 3708 eccle-

2257 3737 2410 3792 siam
2469 3738 2524 3792 S.
2579 3736 2856 3810 Stephani
2887 3753 3024 3810 qua
3081 3742 3172 3793 est
3201 3738 3262 3794 in
3295 3739 3570 3808 Bolorda,
3602 3741 3746 3796 item
3777 3759 3920 3798 cum

2259 3826 2426 3882 terris
2457 3829 2513 3880 et
2540 3825 2724 3881 vineis
2775 3831 2832 3882 et
2859 3842 3000 3882 cum
3029 3827 3313 3883 omnibus
3343 3829 3718 3901 pertinentiis
3753 3848 3918 3900 suis;

2259 3915 2434 3971 simili
2485 3915 2666 3971 modo
2724 3921 2782 3972 et
2825 3915 3140 3972 ecclesiam
3175 3920 3231 3974 S.
3278 3919 3523 3974 Joannis
3577 3935 3718 3992 qua
3747 3923 3918 3976 estin

2260 4005 2594 4072 Combreto,
2629 4021 2768 4060 cum
2798 4004 3082 4060 omnibus
3139 4005 3262 4061 suis
3312 4006 3716 4079 pertinentiis;
3765 4010 3924 4082 pari-

2257 4099 2465 4166 terque
2492 4097 2550 4149 et
2577 4093 2890 4149 ecclesiam
2923 4095 2979 4150 S.
3008 4093 3156 4149 Petri
3206 4111 3341 4166 qua
3371 4099 3463 4151 est
3491 4095 3551 4150 in
3601 4097 3920 4165 Petralata,

2255 4183 2396 4238 item
2429 4199 2568 4238 cum
2599 4181 2763 4238 terris
2792 4187 2850 4238 et
2876 4182 3064 4238 vineis
3091 4201 3106 4252 ;
3155 4199 3360 4240 verum
3387 4185 3570 4240 etiam
3619 4191 3678 4242 et
3721 4187 3920 4243 villam

2257 4272 2331 4328 de
2365 4275 2524 4327 Buxo
2555 4275 2611 4327 et
2637 4275 2860 4340 Petrus,
2893 4287 3031 4326 cum
3061 4273 3230 4328 terris
3261 4277 3318 4328 et
3355 4273 3545 4330 vineis
3575 4279 3633 4330 et
3664 4276 3834 4332 silvis
3865 4285 3922 4332 et

2258 4361 2577 4434 aquimolis
2611 4361 2736 4417 suis
2761 4380 2774 4430 ;
2805 4361 3072 4417 similiter
3101 4362 3162 4418 in
3191 4361 3330 4418 villa
3358 4379 3495 4435 qua
3525 4363 3748 4420 dicitur
3781 4369 3922 4422 Cas-

2255 4468 2493 4523 sanges,
2525 4467 2665 4506 cum
2687 4451 2842 4506 casis
2873 4455 2930 4507 et
2949 4451 3138 4507 vineis
3155 4456 3212 4507 et
3241 4452 3428 4520 terris,
3453 4457 3510 4508 et
3529 4455 3920 4512 medietatem

2251 4539 2327 4596 de
2351 4539 2492 4596 villa
2519 4555 2654 4612 qua
2681 4539 2895 4594 dicitur
2924 4542 3163 4610 Barosa,
3196 4556 3303 4597 nec
3323 4556 3446 4596 non
3467 4541 3528 4596 in
3579 4543 3719 4599 vico
3769 4545 3921 4600 Ada-

2253 4635 2376 4685 sate
2406 4646 2545 4686 cum
2577 4630 2743 4684 terris
2773 4633 2830 4684 et
2857 4629 3079 4697 vineis;
3134 4630 3264 4702 pari
3311 4630 3494 4686 modo
3521 4635 3579 4686 et
3611 4633 3758 4688 villa
3783 4651 3920 4707 qua

2253 4719 2466 4775 dicitur
2492 4717 2744 4788 Artosol,
2777 4733 2916 4773 cum
2963 4719 3128 4774 omni
3163 4735 3272 4774 sua
3329 4720 3690 4792 pertinentia
3723 4741 3738 4778 :
3769 4723 3924 4796 pari-

2255 4813 2339 4864 ter
2367 4807 2522 4862 infra
2571 4807 2856 4862 comitatu
2911 4807 3342 4872 Feniolotense,
3397 4813 3453 4864 et
3485 4810 3782 4866 comitatu
3817 4815 3924 4867 Ro-

2252 4896 2460 4962 dense,
2494 4901 2548 4950 et
2569 4895 2929 4964 Rosselione,
2963 4899 3078 4952 tua
3125 4895 3586 4967 religiositati....
3611 4899 3672 4954 in
3709 4917 3920 4972 perpe-

2256 4991 2422 5041 tuum
2455 4984 2779 5039 concedere
2826 4983 3206 5040 deberemus.
3243 4990 3327 5042 lta
3371 5002 3518 5042 sane
3552 4992 3616 5042 ut
3658 5004 3694 5043 a
3747 4989 3922 5044 vobis

2251 5073 2581 5144 vestrisque
2615 5073 3060 5128 successoribus
3087 5073 3336 5144 singulis
3354 5075 3703 5149 quibusque
3735 5077 3922 5132 iudic-

2253 5159 2515 5216 tionibus
2569 5175 2792 5233 pensus
2822 5160 3066 5216 nomine
3122 5160 3456 5217 rationibus
3499 5161 3921 5218 eccleSiasticis

2251 5249 2457 5305 decem
2492 5251 2720 5321 argenti
2745 5249 2986 5307 solid....
3012 5251 3291 5311 denarios
3315 5250 3639 5306 duodecim
3664 5251 3922 5307 difficul-

2253 5343 2367 5394 tate
2397 5340 2728 5412 postposita
2757 5339 3246 5412 persolvatur.....
3287 5337 3362 5394 de
3392 5344 3605 5395 nostra
3631 5340 3918 5395 meliora-

2334 5520 2548 5592 (266)A
2577 5524 2790 5592 questo
2823 5519 2998 5576 abate
3026 5523 3233 5592 Matteo
3263 5519 3486 5576 diresse
3535 5527 3782 5592 quattro
3817 5521 3920 5576 let-

2253 5596 2372 5648 tere
2401 5591 2498 5648 uel
2527 5591 2635 5646 suo
2675 5592 2852 5648 breve
2889 5591 3236 5663 pontiﬁcato
3267 5593 3431 5664 (Reg.
3483 5591 3726 5648 in'Arc.
3773 5593 3910 5650 Vat.

2247 5678 2346 5720 an.
2381 5667 2431 5730 4,
2463 5679 2558 5736 ep.
2586 5666 2677 5735 43,
2709 5667 2796 5732 62,
2825 5665 2974 5734 207).
