4166 6162
279 184 386 240 929

1540 187 1885 244 EPISTOL/E
1924 185 2008 240 ET
2044 182 2482 242 PRIVILEGIA.

3645 207 3750 264 930

279 304 440 362 tione
472 320 576 361 seu
614 303 965 400 definitione
1006 305 1412 400 indifferenter
1447 323 1556 364 vos
1600 311 1726 368 sine
1756 309 1942 367 dubio
1972 309 2022 365 Α
2057 305 2344 400 cedimus
2399 308 2669 369 detinere
2715 315 2956 385 deberi;
3012 321 3344 376 statuentes
3383 331 3560 400 atque
3609 344 3744 400 pro-

276 397 671 468 procurantes
702 393 996 450 efﬁciatur
1021 411 1034 462 ;
1065 393 1350 466 nullaque
1388 401 1675 469 praetcrea
1692 400 1769 456 ad
1795 399 1944 455 dan-

276 483 427 539 dum
457 498 656 540 annue
679 499 907 556 pensus
931 499 966 539 a
998 483 1169 539 vobis
1192 499 1364 540 mora
1387 488 1721 559 proveniat,
1740 488 1842 543 sed
1868 487 1949 542 ul-

279 577 371 629 tro
403 571 744 630 actionariis
791 578 1012 630 sanctae
1043 577 1264 628 nostra:
1323 574 1596 631 Ecclesiae
1629 582 1770 650 apto
1809 582 1949 633 tem-

273 678 426 735 pore
473 661 851 735 persolvant;
907 665 1234 717 statuentes
1287 663 1621 734 apostolica
1669 681 1943 731 censura,

275 753 625 809 auctoritate
655 751 814 808 beati
845 751 996 807 Petri
1044 750 1461 824 apostolorum
1488 754 1798 828 principis,
1833 754 1947 810 sub

274 840 466 897 divini
491 840 698 912 judicii
720 840 1118 896 obtestatione
1142 840 1542 897 anathematis
1568 843 1946 899 interdictum

275 935 342 986 ut
374 929 521 986 nulli
551 945 822 1002 unquam
873 933 1216 986 nostrorum
1251 946 1677 988 successorum
1706 932 1946 1006 pontiﬁ-

276 1036 422 1076 cum
453 1019 546 1075 vel
592 1018 722 1074 aliae
755 1018 996 1075 cuilibet
1025 1034 1262 1089 magnae
1316 1035 1642 1093 parvaeque
1673 1038 1945 1096 persome

274 1109 413 1182 ipsa
442 1107 879 1182 praenominata
910 1107 1043 1164 loca
1088 1124 1122 1163 a
1150 1112 1442 1180 potestate
1479 1116 1539 1164 et
1569 1111 1790 1167 ditione
1815 1113 1945 1181 jam

273 1198 383 1255 fati
433 1198 774 1254 monasterii
817 1197 1047 1253 auferre
1081 1200 1429 1270 przesumat.
1462 1197 1519 1251 Si
1572 1200 1706 1271 quis
1741 1203 1945 1254 autem

272 1287 592 1344 temerario
622 1303 778 1342 ausu
815 1302 1040 1356 magna
1083 1301 1395 1360 parvaque
1438 1301 1706 1357 persona
1737 1293 1946 1344 contra

271 1377 440 1434 hunc
466 1381 735 1433 nostrum
765 1374 1166 1449 apostolicum
1193 1380 1566 1447 praeceptum
1597 1392 1773 1448 agere
1795 1394 1944 1450 prae-

272 1465 618 1539 sumpserit,
655 1465 801 1521 sciat
831 1481 893 1521 se
928 1463 1329 1521 anathematis
1367 1462 1610 1521 vinculo
1641 1467 1941 1530 innodari,

272 1561 333 1612 et
374 1572 410 1611 a
459 1570 641 1626 regno
674 1554 772 1609 Dei
818 1553 1102 1621 alienum,
1145 1559 1202 1609 et
1244 1569 1383 1608 cum
1415 1554 1701 1610 omnibus
1745 1555 1946 1627 impiis

2056 394 2421 464 mulgantes
2453 400 2568 457 sub
2597 402 2783 458 divini
2831 405 3037 474 judicii
3067 394 3488 470 observatione
3515 420 3573 471 et
3602 394 3742 474 ana-

2055 483 2355 540 thematis
2382 485 2821 562 interdictione,
2845 498 2905 548 ut
2929 496 3074 552 nulli
3105 514 3372 570 unquam
3393 509 3738 562 nostrorum

2055 587 2498 633 successorum
2530 581 2906 652 pontiﬁcum,
2936 584 3029 638 vel
3059 586 3186 641 aliae
3232 589 3470 648 cuilibet
3498 610 3734 664 magnae

2053 675 2403 755 parvaeque
2451 683 2726 740 personas
2781 670 3132 727 subtrahere
3197 687 3540 749 praesumat,
3597 698 3736 755 quae

2053 750 2268 823 ipsum
2301 745 2508 810 locum
2550 757 2626 813 ad
2674 758 3163 827 restaurandum,
3200 745 3258 818 et.
3293 767 3369 820 ad
3414 745 3734 840 pristinum

2056 838 2330 911 gradum
2380 847 2815 918 revocandum,
2843 864 2878 902 a
2915 849 3090 904 nobis
3120 867 3226 923 per
3250 838 3584 914 remedium
3609 859 3734 916 ani-

2055 947 2172 1020 mae.
2225 927 2568 1020 Stephanitae
2604 936 2934 1009 spiritualis
2973 943 3192 994 nostrae
3225 941 3360 998 tiliae
3407 947 3730 1020 recepistis.

2057 1018 2113 1075 Si
2144 1014 2286 1090 quis
2314 1025 2535 1093 autem,
2561 1024 2728 1096 quod
2750 1039 2876 1079 non
2907 1029 3212 1096 optamus,
3239 1014 3561 1089 temerario
3575 1050 3735 1091 ausu

2057 1112 2270 1163 contra
2303 1108 2417 1165 hoc
2472 1119 2747 1169 nostrum
2805 1114 3205 1185 apostolicum
3238 1127 3605 1194 prazceptum
3647 1124 3734 1181 ire

2055 1197 2387 1266 tentaverit,
2424 1201 2569 1257 sciat
2613 1219 2674 1258 se
2719 1202 3078 1260 auctoritate
3135 1209 3256 1276 Dei,
3298 1215 3354 1266 et
3391 1211 3550 1268 beati
3579 1213 3734 1270 Petri

2053 1285 2464 1358 apostolorum
2496 1291 2786 1363 principis
2832 1293 3239 1352 anathematis
3289 1300 3530 1356 vinculo
3562 1302 3734 1358 inno-

2053 1375 2285 1442 datum,
2319 1382 2375 1432 et
2427 1395 2462 1433 a
2496 1395 2682 1448 regno
2741 1380 2844 1434 Dei
2876 1379 3164 1439 alienum.
3197 1387 3306 1452 Qui
3345 1404 3484 1445 vero
3512 1391 3610 1462 pio
3643 1391 3732 1446 in-

2055 1464 2204 1519 tuitu
2236 1469 2458 1536 custos,
2489 1472 2546 1522 et
2575 1467 2938 1523 observator
2968 1470 3150 1542 hujus
3183 1476 3367 1530 nostri
3415 1479 3730 1549 apostolici

2054 1553 2356 1608 constituti
2383 1553 2443 1608 in
2479 1555 2767 1610 omnibus
2795 1557 3094 1627 exstiterit,
3131 1560 3563 1622 benedictionis
3597 1582 3732 1638 gra-

271 1651 502 1702 aeterno
542 1644 797 1700 incendii
848 1643 1141 1718 supplicio
1166 1642 1663 1700 condemnatum.
1698 1649 1767 1700 At
1804 1660 1944 1700 vero
1974 1665 2013 1718 Β
2051 1639 2218 1707 tiam,
2252 1645 2308 1696 et
2336 1641 2815 1700 misericordiam
2847 1661 2884 1700 a
2901 1645 3064 1715 justo
3091 1649 3295 1718 judice
3323 1654 3575 1711 Domino
3605 1659 3727 1713 Deo

271 1735 381 1808 qui
417 1735 766 1790 observator
795 1733 1077 1790 exstiterit
1115 1733 1422 1808 praecepti,
1455 1734 1710 1804 gratiam
1761 1739 1942 1806 atque

271 1823 772 1894 misericordiam,
821 1823 1130 1896 vitamque
1180 1827 1466 1878 aeternam
1519 1840 1554 1879 a
1610 1823 1942 1878 misericor-

269 1912 524 1968 dissimo
554 1912 802 1967 Domino
831 1915 1034 1966 nostro
1061 1910 1353 1983 consequi
1385 1916 1708 1967 mereatur.

350 2003 644 2073 Scriptum
675 2017 780 2073 per
810 2016 1061 2055 manum
1122 1998 1332 2055 Leonis
1382 1999 1672 2054 scriniarii
1719 2005 1939 2055 sancte

275 2093 562 2146 Romanae
609 2089 880 2145 Ecclesiae
921 2088 982 2144 in
1027 2105 1242 2144 mense
1294 2088 1582 2156 Octobris,
1614 2088 1939 2144 indictione

273 2194 402 2234 xm.
440 2180 588 2233 Bene
610 2177 820 2234 valete.

807 2273 814 2277 ’
1039 2269 1170 2322 XXI.

363 2373 598 2413 AGAPETI
638 2373 792 2413 PAPE
831 2371 874 2411 ιι
913 2371 1266 2412 PRIVILEGIUM
1306 2372 1410 2411 Ριιο
1454 2370 1799 2411 MONASTERIO

862 2461 1066 2502 MONTIS
1107 2461 1345 2501 CASSlNl.

912 2538 1112 2602 (Anno
1147 2535 1294 2605 935).

272 2623 585 2680 Balduino
624 2624 833 2680 abbati
869 2624 1184 2680 Casinensi
1221 2625 1464 2695 ejusque
1504 2624 1940 2680 successoribus

346 2714 772 2769 monasterium
799 2713 860 2768 S.
891 2713 1187 2783 Stephani
1209 2714 1273 2768 in
1315 2714 1620 2769 territorio
1664 2714 1937 2769 Terraci-
2009 2747 2030 2757 -

343 2801 518 2858 nensi
543 2802 722 2857 situm
754 2802 1046 2858 concedit.

561 2889 759 2961 [Tosti,
793 2891 999 2947 Storia
1031 2891 1100 2946 di
1139 2890 1343 2947 Monte
1391 2889 1652 2961 Casino].

346 2985 638 3035 Acarsrus
665 2979 1008 3052 episcopus,
1030 2995 1238 3035 servus
1284 2995 1610 3036 servorum
1644 2979 1764 3048 Dei,
1801 2982 1941 3034 BAL-

273 3084 444 3126 numo
483 3067 697 3124 dilecto
727 3068 870 3137 ﬁlio,
896 3073 948 3125 et
971 3068 1178 3125 abbati
1206 3069 1566 3126 venerabilis
1592 3069 1942 3125 monasterii

271 3157 500 3214 Cassini
533 3157 757 3228 Montis,
780 3163 836 3214 et
865 3157 1152 3214 omnibus
1179 3159 1309 3230 ejus
1340 3159 1692 3228 regulariter
1713 3159 1937 3213 intran-

274 3247 437 3304 tibus
468 3246 526 3302 in
557 3253 938 3320 perpetuum.

347 3336 638 3392 Convenit
685 3336 1018 3408 apostolico
1071 3335 1473 3393 moderamini
1502 3337 1603 3410 pia
1656 3335 1940 3406 religione

275 3425 641 3499 pollentibus
681 3426 972 3483 benevola
1015 3427 1436 3500 compassione
1485 3441 1852 3495 succurrere,
1886 3431 1942 3483 et

273 3517 417 3584 iusti
483 3515 760 3572 desiderii
808 3532 1144 3586 congruum
1200 3517 1502 3589 impertire
1561 3516 1936 3588 suffragium.

271 3609 468 3678 Atque
498 3605 633 3662 ideo
660 3605 803 3678 quia
833 3606 1182 3678 postulastis
1215 3623 1251 3662 a
1280 3607 1457 3662 nobis
1479 3612 1778 3680 quatenus
1801 3623 1940 3663 con-

274 3693 630 3750 cederemus
662 3693 832 3750 vobis
857 3695 1292 3751 monasterium
1325 3697 1511 3752 sancti
1544 3695 1754 3751 Christi
1804 3712 1941 3767 pro-'

277 3783 628 3855 tomartyris
687 3783 991 3856 Stephani,
1041 3784 1204 3856 quod
1251 3800 1357 3856 per
1397 3784 1645 3856 longam
1685 3789 1942 3841 vetusta-

273 3877 396 3928 tem
428 3873 487 3928 in
540 3871 750 3938 ruinis,
781 3877 839 3928 et
874 3873 935 3928 in
967 3873 1213 3928 desertis
1257 3873 1521 3946 positum
1560 3877 1647 3928 est
1673 3889 1810 3928 cum
1851 3890 1941 3930 ec-

274 3961 494 4032 clesiis,
522 3978 628 4017 seu
659 3961 842 4029 cellis,
867 3961 1060 4034 aquis,
1083 3961 1243 4028 rivis,
1289 3979 1428 4018 cum
1469 3962 1655 4025 terris,
1681 3963 1934 4035 campis,

271 4051 538 4124 pascuis,
572 4049 754 4112 silvis,
803 4049 974 4106 cultis
1004 4050 1093 4106 vel
1123 4051 1379 4122 incultis,
1411 4057 1627 4108 etcum
1654 4051 1938 4108 omnibus

272 4140 354 4196 ad
389 4139 866 4212 suprascriptum
900 4139 1331 4196 monasterium
1383 4139 1733 4210 generaliter
1761 4138 1822 4193 in
1851 4139 1939 4193 in-

272 4233 513 4299 tegrum
544 4229 998 4302 pertinentibus,
1048 4228 1314 4302 positum
1346 4228 1638 4284 territorio
1677 4227 1938 4284 Terraci-

274 4333 488 4384 nense,
517 4323 574 4374 et
601 4317 876 4374 interhas
896 4317 1065 4374 ﬁnes.
1094 4323 1140 4373 A
1170 4319 1364 4390 primo
1395 4318 1575 4376 latere
1606 4316 1802 4374 casale
1834 4316 1937 4389 qui

272 4411 530 4462 vocatur
560 4406 776 4477 Vorke,
808 4411 864 4462 et
891 4406 1084 4462 casale
1117 4405 1368 4474 Clevini;
1401 4422 1437 4461 a
1463 4405 1729 4461 secundo
1753 4404 1937 4461 latere

271 4495 432 4568 pede
459 4495 680 4551 montis
705 4494 966 4551 devolvit
981 4495 1290 4567 quomodo
1306 4496 1575 4550 ascendit
1590 4510 1696 4566 per
1715 4493 1934 4567 pedem

274 4584 502 4640 montis
535 4583 649 4639 sub
678 4584 814 4657 ipso
866 4589 1088 4651 monte,
1115 4599 1223 4656 per
1247 4584 1465 4658 pedem
1497 4583 1716 4640 montis
1747 4583 1936 4639 sancti

277 4672 483 4742 Lacui,
508 4677 564 4728 et
593 4672 772 4728 veluti
797 4671 959 4728 vadit
984 4673 1044 4728 in
1076 4677 1275 4728 monte
1302 4673 1376 4728 de
1416 4671 1724 4746 Campilla,
1749 4676 1804 4726 et
1830 4687 1937 4744 per

272 4761 478 4817 rivum
521 4760 744 4829 Balani,
777 4766 835 4817 et
865 4767 1132 4817 montem
1171 4761 1245 4818 de
1296 4762 1616 4827 Montania,
1657 4765 1714 4816 et
1743 4759 1938 4816 casale

273 4849 601 4905 Rustizanu
652 4854 710 4906 et
737 4849 932 4906 Tauri.
963 4854 1008 4905 A
1056 4856 1271 4922 quarto
1322 4867 1462 4907 vero
1512 4851 1694 4906 latere
1744 4849 1939 4905 casale

272 4937 627 5005 Sallissanu,
662 4942 720 4994 et
749 4937 941 5008 Plage,
976 4943 1032 4994 et
1063 4937 1415 4995 Baleranum
1447 4955 1639 5012 usque
1696 4938 1756 4994 in
1811 4938 1939 4993 rivo

271 5027 472 5084 David
523 5032 580 5084 et
634 5027 874 5084 revertit
910 5027 971 5083 in
1018 5028 1198 5084 casali
1247 5028 1489 5084 Barkas.
1522 5029 1678 5084 Juris
1719 5033 1946 5090 sanctae

271 5121 590 5187 Romanae,
623 5117 718 5173 cui
751 5118 870 5174 Deo
916 5122 1155 5174 auctore
1207 5118 1578 5173 deservimus
1640 5117 1936 5186 Ecclesiae,

268 5206 454 5263 vobis
485 5206 813 5262 tenendum
857 5206 1160 5279 perpetuis
1203 5206 1574 5279 temporibus
1613 5205 1939 5262 concedere

268 5293 667 5364 deberemus,
698 5293 962 5350 inclinati
1009 5295 1286 5368 precibus
1337 5293 1543 5350 vestris
1601 5309 1708 5365 per
1754 5293 1938 5364 hujus

267 5383 566 5456 praecepti
589 5383 799 5439 seriem
826 5399 1011 5456 supra
1037 5384 1323 5457 scriptum
1347 5381 1776 5439 monasterium
1800 5397 1937 5437 cum

268 5471 568 5529 omnibus
599 5473 857 5528 ad‘eum
888 5473 1342 5546 pertinentibus,
1385 5473 1536 5528 sicut
1589 5486 1774 5542 supra
1801 5469 1939 5540 legi-

266 5566 397 5629 tur,
433 5576 470 5616 a
525 5561 804 5632 prassenti
861 5565 1077 5634 quarta
1133 5563 1368 5618 decima
1415 5559 1738 5616 indictione
1767 5558 1938 5613 vobis

266 5653 614 5722 vestrisque
643 5651 1090 5708 successoribus
1119 5652 1181 5708 in
1207 5657 1563 5725 perpetuum
1600 5646 1770 5705 vobis
1801 5662 1938 5703 con-

2049 1733 2258 1784 nostro
2287 1731 2576 1803 consequi
2605 1736 2932 1789 mereatur.

2124 1818 2418 1890 Scriptum
2447 1835 2554 1892 per
2581 1836 2840 1877 manum
2867 1823 3209 1880 Acritioneri
3233 1827 3523 1885 scriniarii
3550 1847 3724 1888 sanc-

2049 1909 2160 1961 ctae
2203 1909 2487 1962 Romanae
2543 1907 2843 1980 Ecclesiae,
2871 1909 2933 1966 in
2977 1927 3186 1968 mense
3245 1915 3543 1984 Octobrio,
3573 1919 3726 1975 indi-

2046 1993 2240 2048 ctione
2272 2010 2458 2066 supra
2487 1994 2731 2067 seripta,
2765 2003 2986 2069 quarta
3017 1999 3274 2056 decima.
3330 2006 3480 2060 Bene
3504 2005 3720 2064 valete.

2046 2084 2196 2138 Data
2215 2085 2465 2156 septime
2487 2083 2723 2140 decimo
2756 2085 3061 2142 Kalendas
3095 2090 3447 2146 Novembris
3468 2109 3574 2165 per
3592 2111 3723 2151 ma-

2048 2187 2197 2226 num
2227 2172 2478 2228 Andreae
2531 2172 2735 2242 divini,
2769 2180 3046 2248 respectu
3073 2177 3299 2248 gratim,
3331 2181 3544 2237 arcarii
3573 2199 3718 2240 san-

2049 2264 2154 2316 ctae
2204 2261 2361 2317 sedis
2405 2262 2772 2334 apostolicae.
2809 2267 3007 2330 Anno,
3056 2268 3315 2340 propitio
3345 2271 3480 2336 Deo,
3521 2271 3718 2343 ponti-

2043 2349 2256 2405 ﬁcatus
2285 2351 2496 2406 domni
2525 2351 2786 2424 Agapiti,
2821 2355 3043 2410 summi
3061 2356 3381 2428 pontiﬁcis,
3404 2362 3460 2414 et
3481 2359 3718 2417 univer-

2047 2439 2186 2495 salis
2211 2456 2410 2513 papaa,
2454 2441 2516 2496 in
2566 2443 2974 2500 sacratissima
3014 2447 3153 2502 sede
3181 2445 3340 2503 beati
3387 2449 3536 2504 Petri
3570 2465 3716 2522 apo-

2050 2528 2202 2594 stoli,
2227 2544 2390 2584 anno
2425 2529 2683 2598 decimo,
2714 2531 2776 2586 in
2808 2548 3038 2602 mense,
3066 2538 3123 2589 et
3148 2534 3468 2592 indictione
3499 2553 3715 2610 supra-

2051 2617 2294 2689 scripta.

2804 2710 2957 2765 XXII.

2076 2811 2312 2850 AGAPETI
2352 2812 2510 2852 PAPB
2548 2815 2585 2852 ll
2627 2814 3001 2855 PRIVILEGIL’M
3041 2815 3152 2854 PRO
3191 2815 3361 2855 CELLA
3401 2816 3453 2857 S.
3493 2818 3686 2860 MARIE

2349 2901 2412 2939 ΕΤ
2455 2902 2504 2941 S.
2554 2903 2932 2943 HUNNEGUNDIS
2974 2904 3402 2944 HUMOLARIENSI.

2698 2976 2892 3044 (Anno
2923 2977 3068 3047 955).

2158 3059 2463 3131 [Colliette,
2497 3063 2808 3119 Mémoires
2834 3064 2916 3118 du
2956 3063 3360 3130 Vermandois,
3387 3064 3428 3130 Ι,
3454 3066 3600 3137 563].

2122 3151 2187 3204 In
2235 3150 2479 3206 nomine
2539 3155 2757 3206 sanctae
2801 3157 2858 3208 et
2908 3151 3324 3224 inseparabilis
3372 3151 3708 3210 Trinitatis:

2050 3243 2366 3308 Acsrarrs,
2397 3239 2607 3295 Christi
2633 3239 3103 3297 adminiculante
3125 3240 3553 3314 misericordia,
3577 3259 3713 3300 san-

2051 3331 2156 3382 ctae
2184 3329 2469 3383 Romanae
2501 3329 2658 3384 sedis
2679 3329 2944 3385 antistes.

2127 3415 2183 3472 Si
2218 3417 2440 3472 sanctis
2481 3417 2865 3490 petitionibus
2904 3418 3273 3492 praestabiles
3302 3424 3441 3476 voto
3467 3421 3710 3493 piorum

2053 3521 2369 3560 assensum
2395 3505 2759 3577 praebemus,
2786 3505 3080 3564 voluntati
3113 3507 3344 3563 Domini
3368 3523 3480 3564 nos
3499 3510 3713 3568 milita-

2046 3611 2108 3651 re
2151 3595 2474 3650 credimus.
2509 3598 2659 3665 Ergo
2687 3600 2901 3652 notum
2955 3597 3028 3652 sit
3075 3597 3365 3653 universis
3403 3599 3710 3658 catholicae

2051 3684 2259 3740 matris
2309 3684 2585 3740 Ecclesiae
2636 3685 2791 3752 ﬁliis,
2821 3686 2988 3758 quod
3040 3686 3202 3742 misit
3257 3686 3335 3742 ad
3391 3703 3503 3744 nos
3551 3689 3709 3746 ﬁlius

2050 3777 2250 3828 noster
2279 3771 2550 3840 gloriosae
2572 3773 2790 3828 indolis
2819 3789 2990 3845 puer,
3023 3774 3243 3830 scilicet
3267 3775 3576 3832 Lotharius
3605 3794 3710 3834 rex
3798 3796 3803 3800 ‘

2047 3863 2435 3928 Francorum,
2467 3862 2884 3934 paternitatem
2915 3868 3185 3920 nostram
3207 3863 3509 3922 humiliter
3535 3867 3708 3924 obse-
3732 3883 3737 3892 '

2049 3967 2246 4021 crans,
2271 3954 2334 4006 ut
2362 3950 2699 4022 quamdam
2727 3951 2938 4007 cellam
2969 3951 3030 4008 in
3061 3968 3220 4025 pago
3251 3953 3707 4013 Viromandensi

2047 4040 2244 4108 sitam,
2288 4039 2350 4094 in
2407 4040 2636 4096 honore
2677 4040 2869 4096 beatae
2920 4040 3019 4096 Dei
3059 4041 3356 4112 genitricis
3404 4043 3618 4113 Mariae,
3651 4049 3709 4100 et

2047 4133 2268 4185 sanctae
2304 4129 2699 4200 Hunegundis
2718 4129 2964 4200 virginis
3008 4134 3437 4201 constructam,
3468 4138 3706 4206 aposto-

2046 4218 2175 4274 licae
2205 4218 2569 4274 auctoritatis
2594 4218 2877 4292 praesidio
2921 4220 3316 4289 muniremus,
3342 4236 3532 4292 quam
3564 4237 3704 4293 sug-

2049 4306 2394 4378 gerentibus
2427 4307 2680 4380 genitori
2706 4324 2814 4364 suo
2847 4309 3148 4365 Ludovico
3171 4309 3446 4366 videlicet
3473 4312 3618 4382 regi,
3648 4316 3706 4370 et

2050 4397 2162 4454 sibi
2195 4397 2308 4470 ipsi
2355 4413 2526 4470 aeque
2564 4398 2709 4469 regi,
2753 4397 2966 4454 comite
3011 4398 3353 4469 Adalberto,
3385 4404 3442 4456 et
3485 4401 3704 4458 idoneo

2047 4487 2188 4543 satis
2219 4486 2346 4542 viro
2398 4487 2651 4558 Eiberto,
2690 4487 2795 4559 qui
2842 4486 3120 4544 eamdem
3165 4487 3533 4545 abbatiolam
3569 4491 3704 4561 jure

2044 4575 2319 4632 beneficii
2345 4577 2714 4648 possidebat,
2747 4575 2826 4632 ad
2857 4592 3040 4633 sacrae
3073 4576 3375 4648 religionis
3399 4578 3704 4634 venerabi-

2043 4664 2161 4720 lem
2193 4664 2420 4721 cultum
2449 4666 2672 4736 erigere
2693 4669 2962 4731 conatur,
2993 4670 3172 4737 atque
3198 4665 3372 4736 regiae
3395 4667 3702 4738 potestatis

2044 4761 2344 4828 praecepto
2367 4756 2754 4811 corroborare
2806 4755 3036 4810 nititur:
3066 4756 3240 4825 cujus
3270 4756 3538 4827 petitioni
3565 4773 3704 4814 con-

2046 4844 2397 4915 gaudentes,
2429 4844 2813 4900 ecclesiastici
2841 4843 3062 4914 vigoris
3084 4861 3338 4900 manum
3366 4847 3697 4918 exerimus;

2045 4938 2102 4990 et
2154 4949 2226 4989 ex
2283 4949 2444 5006 aqua
2499 4934 2776 4989 fulcimur
2817 4933 3166 4990 auctoritate
3220 4935 3604 5008 praecipimus
3643 4941 3705 4994 ut

2045 5021 2357 5096 praefatam
2407 5021 2721 5079 abbatiam
2773 5039 2953 5080 nemo
2999 5039 3273 5097 unquam
3323 5026 3701 5083 saecularium

2045 5112 2370 5186 possideat,
2394 5128 2590 5186 neque
2647 5129 2719 5169 ex
2771 5113 2952 5169 rebus
3008 5115 3282 5186 ejusdem
3331 5115 3491 5171 cellae
3529 5115 3700 5187 quid-

2045 5218 2231 5275 quam
2277 5201 2385 5258 sibi
2435 5201 2650 5276 aliquis
2688 5208 2956 5275 usurpet,
2987 5219 3111 5259 non
3148 5220 3271 5270 rex,
3305 5218 3427 5257 non
3470 5219 3695 5270 comes,

2045 5307 2168 5347 non
2199 5291 2536 5364 episcopus,
2566 5308 2674 5348 nec
2703 5291 2954 5365 quilibet
3000 5292 3299 5365 princeps,
3330 5305 3696 5362 quacunque

2047 5385 2335 5454 potestate
2362 5382 2664 5455 praeditus,
2696 5382 2809 5438 nisi
2839 5381 2986 5437 forte
3028 5380 3230 5436 tuendi
3252 5383 3308 5434 et
3337 5377 3698 5435 defendendi

2047 5487 2254 5543 causa,
2301 5477 2357 5528 et
2412 5473 2526 5527 hoc
2582 5487 2702 5527 non
2752 5470 2863 5524 nisi
2921 5467 3191 5540 ejusdem
3239 5467 3354 5522 loci
3407 5468 3697 5539 regularis

2046 5560 2281 5617 abbatis
2313 5561 2416 5617 ﬁat
2442 5559 2851 5634 permissione.
2890 5558 2946 5613 Si
2971 5557 3106 5629 quis
3134 5572 3276 5612 vero
3304 5573 3416 5630 pro
3442 5558 3555 5614 hac
3573 5558 3698 5615 adi-

2045 5649 2334 5722 piscenda
2382 5649 2720 5722 pecuniam,
2762 5645 2855 5702 vel
2893 5641 3059 5719 quod
3115 5645 3259 5704 libet
3305 5663 3529 5705 munus
3573 5645 3697 5718 regi
