4166 6162
254 144 361 198 933

1887 146 2048 205 νηΑ

3622 171 3732 230 θθι

257 262 1300 363 ἒξὲἳάὲιξξιηηράιρξὶξ.ωθὲεξειξφ
1322 267 1920 363 eaeaeae“???
1949 273 1999 329 Α
2026 269 2312 363 nam?
2341 270 2533 363 ξιξφᾴ
2560 278 2732 363 φαμι
2761 296 2998 363 quam
3014 285 3431 349 meticulosum
3457 293 3728 363 enim

260 352 405 414 suos
442 341 714 414 tempore
750 336 1066 414 Edmundi
1115 338 1289 414 regis
1318 336 1626 414 directam,
1669 336 1788 414 qlia
1820 358 1921 397 eos

255 405 548 473 hortatur,
584 413 643 461 ut
686 422 762 463 ne
802 408 997 477 tepide
1041 414 1093 462 τι
1125 405 1500 478 negligenter
1530 412 1591 467 in
1618 405 1924 478 regimine

256 431 548 473 ιιυι·ιᾱιυι·,
584 431 643 461 ιιι
686 431 762 463 ησ
802 431 997 477 ιεμῑαε
1041 431 1091 462 τι
1125 431 1500 478 negligenter
1530 431 1591 467 m
1640 431 1706 469 re
1749 431 1924 468 υηῑηϐ

256 480 599 533 animarum
630 485 1080 550 conuersentur,
1110 494 1235 550 qua
1266 478 1326 533 in
1356 482 1607 550 epistola
1637 431 1765 540 Odgo
1803 500 1924 539 non

255 551 568 615 mediocre,
600 553 663 603 ut
694 548 997 605 Willelmo
1026 548 1225 604 visum
1252 553 1361 615 est,
1392 548 1733 611 litterarum
1763 555 1925 611 dedit

255 622 569 685 indicium,
593 619 697 675 sed
720 621 919 675 ma'us
984 620 1174 675 ietatis
1200 637 1272 675 ac
1296 621 1713 681 sollicitudinis
1731 632 1927 699 pasto-

255 691 421 747 ralis.
458 696 584 747 Haec
615 637 867 747 enistolla
896 638 978 747 ag
1007 707 1078 747 eo
1119 691 1474 747 scrinta'est.
1512 702 1576 747 ut
1606 703 1750 747 nuto
1792 700 1927 747 post

254 691 584 770 ralis.__Hae_c
615 691 867 770 epistola
896 691 975 747 ab
1007 707 1078 770 e_o
1098 691 1474 770 _scrip_ta'es_t,
1512 702 1576 752 ut
1606 691 1753 768 puto
1792 700 1929 770 post

256 761 707 836 constitutiones
736 761 816 836 ab
835 762 1001 836 ipsos
1029 761 1189 836 latas
1197 761 1318 836 sub
1335 764 1553 821 eodem
1578 761 1737 836 rege,
1763 761 1927 836 apud

258 835 699 905 Spelmannum
725 833 933 898 editas,
984 833 1046 889 in
1089 833 1310 905 quibus
1339 842 1589 892 cavetur
1626 833 1700 893 de
1727 833 1928 895 'otﬁcio

255 905 605 979 regis,_cleri
635 910 691 960 et
720 906 1203 979 magistratuum.
1262 909 1324 960 In
1364 908 1571 979 capite
1615 914 1667 973 6,
1718 925 1928 966 mona-

257 977 408 1032 chos
437 977 704 1032 ho'rtatur
726 985 791 1032 ut
825 979 886 1032 in
915 978 1080 1032 omni
1110 977 1461 1034 humilitate
1489 987 1547 1035 et
1596 981 1928 1038 obedientia

258 1049 357 1105 die
382 1056 675 1123 noctuque
702 1052 975 1123 vota_sua
995 1049 1328 1123 adimplere
1350 1050 1657 1123 studeant,
1689 1069 1926 1123 perma-

259 1127 466 1175 nentes
490 1121 551 1175 in
581 1122 789 1175 timore
816 1121 925 1175 Dei
954 1121 1017 1174 in
1055 1120 1335 1179 ecclesiis,
1369 1120 1471 1174 ubi
1515 1138 1578 1179 se
1625 1120 1756 1180 volo
1787 1141 1926 1179 con-

257 1193 661 1265 strinxerunt.
692 1192 827 1245 Non
858 1192 979 1265 sint
1004 1190 1370 1265 vagabandi,
1398 1207 1590 1265 neque
1609 1196 1926 1265 gyrovagi,

258 1264 369 1333 qui
422 1278 631 1317 nomen
676 1263 959 1317 monachi
997 1262 1363 1329 desiderant,
1415 1262 1687 1332 ofﬁciunt
1729 1262 1927 1321 autem

258 1336 394 1407 eius
424 1339 854 1407 contemnunt:
884 1334 987 1389 sed
1014 1334 1341 1407 secundum
1372 1338 1651 1407 exempla
1692 1343 1927 1407 aposto-

263 1405 485 1466 lorum,
524 1420 634 1474 per
683 1404 951 1460 habitum
1006 1404 1389 1472 humilitatis,
1446 1404 1754 1465 laboribus
1804 1424 1929 1464 ma-

258 1491 472 1541 nuum,
504 1482 558 1531 et
591 1476 837 1531 lectione
864 1490 1060 1539 sacra,
1103 1482 1156 1532 et
1209 1477 1509 1531 continuis
1554 1480 1929 1535 orationibus

258 1547 1029 1629 §e__exercentes.-£\_d_h§ec
1079 1546 1424 1629 Eadmerus
1454 1548 1516 1629 in
1565 1551 1818 1629 prologo
1850 1548 1927 1605 ad

2033 342 2805 433 ἐξιξρνιέξξιζιρξνίρξιαῑίοηέ
2822 342 3147 433 neglectas,
3165 372 3301 433 cum
3312 342 3726 433 inde'fafvren't'e

2030 412 2449 502 geoLs‘cilicet
2472 412 2522 472 (ί
2542 420 2669 502 loco
2699 412 2966 502 sepulcri
2992 412 3141 496 ejus:
3174 412 3724 502 'quz‘dbhi'tS-Bk's'ili

2034 484 2270 569 liss‘ent,
2290 568 2305 569 γ
2318 495 2689 569 fever-enten
2718 484 2944 569 accepi,
2961 568 2973 569 ί
2990 484 3168 569 ιῖιιμὶθ
3194 484 3719 561 vnn-Elateia

2029 555 2555 638 metropolitano-2,
2589 564 2689 618 cui
2714 555 3383 638 ggutidbei‘praesideo,
3401 555 3714 631 caiisa-iiii:

2029 625 2263 710 itaque
2279 629 2471 710 tanta:
2494 625 2738 710 tamque
2753 636 2883 710 ‘Deo
2897 625 3095 705 dignae
3118 625 3718 710 a/ﬁiiiiéiii'éb'uiidl

2033 703 2128 751 tus
2161 703 2584 780 vicinitate,et
2615 703 2865 780 editiore
2894 703 2988 761 eos
3018 703 3263 768 enth'eca
3306 716 3612 780 decusare,
3659 722 3717 774 et

2035 770 2350 856 ςφςςξςῃίιις
2372 772 2452 856 de
2482 774 2632 856 libro
2694 776 2841 856 Vim
2884 779 3028 856 eius
3046 781 3312 856 ﬂosculis
3352 770 3719 856 negassetis

2028 841 2307 928 pretium
2340 841 2496 899 duxi
2517 849 2791 928 carmine
2818 841 3153 928 vgnuslare,
3185 852 3245 907 id
3275 860 3365 910 est
3383 841 3488 928 per
3510 841 3713 913 Fride;

2035 907 2326 991 godumm:
2370 916 2562 991 quod
2593 922 2795 991 tamen
2850 907 3204 991 Eadmerus,
3254 907 3715 984 ei'iSEéah";1'ii

2035 978 2339 1054 nonnulli.
2376 978 2564 1043 Odoni
2596 988 2952 1043 tribuerunt.
2986 978 3203 1049 Nescio,
3223 978 3305 1051 an
3324 978 3572 1054 certior;
3595 978 3717 1054 sint

2036 1067 2171 1142 qua:
2306 1054 2435 1142 aliis
2464 1058 2684 1142 Qd‘onis
2716 1058 2954 1130 scriptis
2984 1060 3203 1142 habet__
3219 1051 3715 1142 Pitseusrqwui—ei

2036 1127 2287 1213 insuper
2314 1127 2515 1213 tribuit
2542 1128 2767 1213 librum
2803 1127 3104 1213 unumad
3146 1127 3559 1213 floriacenscs
3602 1153 3715 1213 pro

2035 1201 2391 1282 nepote'sqo
2422 1199 3115 1282 stvaldoi‘aliumitem
3133 1205 3207 1282 de
3234 1209 3376 1264 reali
3401 1199 3717 1282 praesentia

2036 1268 2272 1352 corpori
2323 1271 2539 1352 _Christi
2591 1272 2653 1326 in
2709 1272 3109 1352 ‘Enchari‘stia,
3165 1268 3431 1352 itemque
3485 1282 3714 1338 librum

2036 1351 2160 1423 unu
2168 1340 2650 1423 mnepis‘tolarum,
2665 1347 2724 1423 et
2739 1342 2930 1423 alium
2941 1340 3321 1423 diversorum
3331 1340 3710 1423 poematum.

2115 1415 2183 1487 4._
2213 1412 2383 1487 Quod
2420 1419 2724 1487 superest,
2789 1413 3141 1487 Eadmerus,
3199 1412 3523 1479 Willélmus
3571 1422 3714 1480 Mal-

2037 1482 2486 1554 mesburiensis,
2505 1482 2841 1540 ’Matthaeus
2882 1482 3554 1554 Westmonasteriensis.
3580 1494 3712 1550 alii-

2036 1539 3711 1635 quagOdonemsanctuni’vocantre—t'po-steos“cardina-

260 1618 463 1699 Vitam
509 1618 703 1699 sancti
740 1618 987 1699 Wilfridi
1034 1623 1336 1699 memorat
1388 1618 1928 1699 Qdonisdibelluln
1958 1631 2000 1685 ιι
2035 1618 2109 1681 lis
2142 1625 2427 1699 Baronius
2454 1626 2514 1680 in
2543 1630 2713 1699 torno
2738 1626 2795 1678 Χ
2818 1618 3164 1699 Annalium:
3198 1618 3521 1691 tametsiin
3541 1618 3710 1693 iis}-

260 1688 457 1760 nostri
486 1688 559 1743 de
584 1689 708 1744 Vita
736 1694 792 1743 et
821 1689 1281 1760 conversatione
1304 1688 1491 1760 ipsius
1516 1691 1778 1746 Wilfridi.
1814 1691 1927 1747 Sed

257 1759 500 1815 libellus
528 1761 634 1815 iste
673 1761 799 1815 sine
829 1759 1017 1816 dubio
1060 1776 1184 1815 non
1215 1759 1368 1815 alius
1399 1766 1485 1818 est
1507 1778 1697 1818 quam
1727 1762 1926 1818 Fride-

262 1830 409 1900 godi
442 1846 702 1898 carmen,
725 1831 819 1886 cui
848 1831 909 1887 in
939 1831 1251 1887 codicibus
1280 1826 1583 1889 nonnullis
1609 1826 1928 1900 praemissa

260 1906 354 1957 est
382 1901 602 1976 Odonis
631 1902 901 1976 epistola,
930 1902 991 1958 in
1021 1918 1149 1976 qua
1176 1903 1318 1976 haec
1332 1904 1518 1976 verba
1551 1923 1562 1960 :
1601 1901 1799 1976 Igitur
1832 1920 1925 1962 ve-

261 1973 684 2030 nerabillimas
710 1974 866 2030 beati
893 1973 1251 2042 confessoris
1283 1974 1511 2031 Christi
1549 1973 1924 2045 Wilfridire-

268 2045 489 2116 liquias
514 2046 810 2102 indecenti
841 2053 1157 2102 sentmosa:
1205 2048 1509 2118 voraginis
1545 2049 1666 2103 situ
1708 2049 1927 2103 marci-

2036 1696 2334 1768 tyrologio
2357 1698 2634 1768 Romano
2654 1695 2863 1768 locum
2893 1714 3016 1754 non
3047 1695 3234 1757 habet
3262 1704 3411 1760 Odo.
3435 1708 3587 1762 Eum
3610 1707 3711 1763 die

2082 1772 2252 1848 naria
2277 1766 2414 1848 Julii
2446 1766 2523 1848 ad
2554 1766 2885 1848 hominum
2911 1769 3205 1848 migrasse
3252 1789 3325 1848 ex
3375 1776 3711 1848 Qapgravio

2098 1838 2288 1929 iisque
2306 1837 2696 1929 scriptoribus
2712 1837 2975 1929 Anglicis
2992 1837 3711 1929 lliaiheuviusndp‘cEtmop

2036 1908 2293 1980 septima
2321 1908 2641 1991 Februarii,
2688 1923 2817 1989 qua
2846 1909 2942 1966 die
2982 1911 3057 1967 de
3107 1919 3318 1969 sancto
3357 1908 3712 1987 Odone'agit

2034 1980 2406 2061 Molanusm
2448 1979 2873 2061 Additionibus
2898 1982 2977 2061 a_d
3009 1985 3371 2061 Usuardum:
3404 1988 3712 2061 Laudatur

2033 2052 2298 2107 maxime
2313 2052 2375 2106 in
2391 2057 2679 2124 sequente
2693 2052 2821 2107 Vita
2838 2054 2894 2109 S.
2909 2056 3131 2109 Dunsta
3144 2055 3205 2109 ni
3218 2072 3327 2127 per
3342 2057 3705 2116 Osbernum.

1780 2144 2211 2157 ————_.

562 2178 683 2235 Odo
705 2193 980 2250 paganos
1005 2185 1292 2249 parentes
1322 2179 1626 2250 relinquit.

343 2275 394 2324 1.
438 2268 792 2325 Venerabilis
822 2268 1030 2325 Christi
1070 2268 1381 2325 confessor
1418 2270 1566 2338 Odo,
1620 2269 1927 2325 nubilibus

266 2355 375 2412 sed
400 2356 653 2429 paganis
685 2357 833 2427 (267)
856 2356 1207 2429 parentibus
1236 2356 1549 2426 oriundus,
1594 2357 1747 2412 sicut
1784 2372 1928 2413 rosa

266 2462 299 2502 e
330 2445 520 2517 spinis
554 2445 767 2511 ﬂoruit,
798 2445 893 2501 vel
916 2446 1091 2519 quasi
1122 2446 1450 2519 pretiosum
1476 2446 1550 2502 de
1578 2446 1795 2502 vilibus
1826 2461 1928 2501 va-

266 2534 450 2590 sculis
480 2550 687 2591 aroma
712 2536 1017 2606 processit.
1050 2538 1198 2592 Nam
1224 2551 1298 2591 ex
1333 2535 1521 2609 impia
1548 2533 1648 2593 illa
1691 2539 1929 2590 senato-

264 2640 406 2680 rum
438 2623 814 2681 multitudine
843 2623 1027 2681 fertur
1056 2640 1247 2695 genus
1281 2623 1584 2692 habuisse,
1617 2640 1753 2697 quae
1784 2622 1929 2680 olim

269 2712 800 2771 sceleratissimum
842 2714 1193 2787 praedonem
1254 2716 1569 2783 lnguarem
1623 2711 1927 2782 comitata,

268 2802 473 2859 navali
520 2820 705 2859 manu
735 2803 795 2859 in
825 2819 1082 2874 regnum
1125 2802 1455 2874 Anglorum
1508 2806 1600 2858 est
1655 2801 1926 2857 advecta.

270 2896 388 2949 Hos
418 2892 511 2949 ille
537 2894 859 2951 nativitatis
888 2894 1189 2966 principes
1216 2894 1478 2963 sortitus,
1502 2898 1557 2949 et
1586 2908 1796 2948 eorum
1828 2906 1930 2947 ac-

2036 2182 2418 2255 aliquatenus
2451 2199 2579 2239 esse
2605 2183 2916 2255 judicans,
2948 2189 3013 2241 ut
3043 2184 3161 2242 tale
3212 2186 3396 2244 decus
3445 2193 3706 2262 paganis

2034 2272 2247 2328 ritibus
2275 2272 2389 2328 sub
2414 2273 2600 2346 patris
2630 2273 2886 2346 imperio
2914 2274 3259 2343 deserviret,
3313 2274 3568 2349 paterno
3619 2280 3705 2337 af-

2035 2360 2194 2416 fectu
2222 2360 2389 2417 illum
2420 2361 2700 2434 suscepit,
2748 2362 3099 2419 defensione
3135 2364 3409 2433 munivit,
3462 2367 3703 2423 auxiliis

2035 2450 2387 2505 necessariis
2420 2449 2599 2505 simul
2628 2454 2685 2506 et
2710 2465 2836 2507 non
2864 2451 3213 2509 necessariis
3260 2453 3422 2520 fovit,
3483 2454 3705 2513 deinde

2038 2538 2240 2593 Graeca
2268 2553 2338 2594 ac
2369 2539 2575 2595 Latina
2602 2538 2813 2610 lingua
2837 2541 3142 2610 magistris
3168 2541 3548 2599 edocendum
3579 2548 3703 2601 tra-

2037 2625 2205 2697 didit,
2233 2642 2495 2699 quarum
2519 2628 2867 2698 linguarum
2898 2630 3197 2703 plerisque
3226 2636 3371 2687 tunc
3413 2634 3703 2705 temporis

2036 2715 2097 2771 in
2130 2720 2303 2786 gente
2333 2717 2667 2786 Anglorum
2696 2733 2845 2773 usus
2878 2724 3020 2785 erat,
3071 2733 3108 2775 a
3158 2718 3464 2794 discipulis
3505 2721 3702 2779 beatas

2038 2804 2344 2859 memoriae
2363 2803 2658 2861 Theodori
2676 2806 3112 2880 archiepiscopi
3128 2807 3457 2880 profectus;
3479 2806 3705 2867 factus-

2037 2906 2156 2963 que
2180 2895 2268 2946 est
2295 2891 2357 2946 in
2382 2896 2636 2965 utraque
2660 2892 2869 2964 lingua
2893 2894 3069 2950 valde
3092 2908 3337 2965 gnarus,
3361 2895 3442 2952 ita
3461 2901 3529 2952 ut
3557 2911 3702 2970 pos-

268 2982 646 3039 curatissima
670 2982 1022 3039 educatione
1048 2981 1304 3055 pueriles
1338 2997 1531 3037 annos
1586 2979 1928 3050 translatus,
1960 2981 2002 3040 C
2040 2983 2125 3035 set
2154 2984 2436 3051 poemata
2466 2981 2711 3052 ﬁngere,
2743 2997 2992 3055 prosam
3041 2983 3422 3053 concinnare,
3471 2988 3528 3040 et
3576 3001 3706 3043 om-

268 3070 589 3128 festinabat
637 3071 1107 3128 Christianorum
1146 3070 1563 3127 conventicula
1591 3069 1930 3126 indesinen-

269 3167 359 3217 ter
379 3161 563 3231 adire,
595 3161 831 3217 divinos
857 3161 961 3233 qui
993 3160 1072 3216 ab
1100 3158 1213 3215 illis
1242 3159 1597 3216 dicebantur
1618 3174 1929 3215 sermones

270 3264 499 3319 magna
530 3249 714 3305 animi
743 3248 1134 3305 oblectatione
1165 3248 1393 3318 audire,
1446 3248 1800 3319 donumque
1844 3262 1932 3301 re-

270 3343 509 3395 vertens
533 3355 668 3412 quae
700 3338 971 3395 audierat
998 3342 1316 3411 parentum
1341 3338 1589 3394 auribus
1616 3335 1824 3391 sedulo
1845 3335 1933 3390 in-

272 3428 543 3485 fundere.
591 3430 780 3501 Super
810 3428 1031 3501 quibus
1062 3428 1364 3483 bonorum
1424 3428 1761 3484 studiorum
1812 3425 1932 3498 pri-

274 3517 524 3573 mordiis
575 3523 745 3591 pater
797 3518 1017 3590 impius
1060 3516 1242 3590 impie
1289 3516 1570 3584 irritatus,
1620 3515 1935 3588 prohibeat

276 3607 526 3663 omnino
580 3623 656 3663 ne
707 3607 1003 3663 Christum
1055 3606 1412 3673 nominaret,
1465 3623 1613 3663 neve
1655 3610 1935 3678 paternas

274 3696 674 3752 institutiones
706 3696 1049 3753 Christianae
1080 3695 1381 3765 religionis
1410 3696 1793 3752 veneratione
1821 3694 1934 3750 im-

276 3790 558 3842 mutaret.
588 3788 805 3843 Verum
834 3785 950 3853 ille,
984 3785 1357 3858 prohibentis
1407 3785 1727 3858 imperium
1766 3783 1935 3856 peni-

278 3881 375 3933 tus
426 3875 783 3949 despiciens,
844 3874 1039 3945 magis
1078 3890 1147 3930 ac
1195 3874 1390 3944 magis
1429 3873 1699 3930 Ecclesiae
1728 3871 1938 3928 limina

276 3970 484 4031 terere,
515 3970 571 4022 et
598 3963 782 4020 divini
802 3963 975 4020 Verbi
998 3963 1224 4019 intento
1254 3962 1457 4019 animo
1479 3961 1710 4018 semina
1746 3961 1936 4033 perci-

276 4069 441 4127 pere,
470 4059 689 4127 etquae
740 4056 1003 4126 coeperat
1054 4051 1283 4125 absque
1328 4067 1551 4125 pavore
1590 4050 1755 4105 domi
1786 4065 1938 4105 nun-

280 4143 447 4200 tiare.
482 4144 624 4199 Hinc
651 4143 866 4199 iterum
895 4146 1064 4214 pater
1108 4156 1291 4213 supra
1319 4139 1659 4197 humanum
1686 4137 1939 4194 modum

276 4237 691 4306 exasperatus,
721 4230 1080 4303 gravissima
1108 4230 1277 4286 illum
1307 4230 1679 4304 correptione
1709 4227 1937 4298 afﬂigit,

2040 3068 2183 3124 nino
2229 3068 2527 3142 quidquid
2583 3070 2636 3126 ei
2689 3071 2894 3127 animo
2936 3071 3185 3141 sederet,
3224 3069 3703 3132 luculentissimo

2041 3171 2317 3213 sermone
2341 3158 2627 3230 proferre.

2544 3303 2867 3361 Ordinibus
2898 3306 3199 3363 initiatur.

2114 3433 2165 3484 3.
2234 3426 2373 3483 Post
2417 3428 2532 3484 hac
2587 3434 2964 3486 sacramento
3012 3428 3388 3503 baptismatis
3433 3435 3701 3502 renatus,

2044 3513 2297 3571 clericali
2324 3520 2574 3572 tonsura
2593 3515 2935 3587 decoratus,
2970 3533 3156 3590 usque
3188 3517 3267 3573 ad
3297 3517 3705 3577 subdiacona-

2045 3610 2138 3661 tus
2189 3604 2586 3662 ministerium
2642 3606 2873 3662 domini
2921 3607 3015 3662 sui
3053 3606 3461 3664 admonitione
3495 3611 3707 3681 perdu-

2046 3699 2174 3750 ctus
2203 3698 2294 3751 est
2322 3711 2333 3749 :
2368 3694 2431 3750 in
2461 3712 2584 3768 quo
2615 3696 2809 3765 gradu
2838 3712 2947 3769 per
2976 3696 3206 3770 aliquot
3235 3710 3428 3752 annos
3459 3697 3543 3755 ita
3572 3714 3709 3755 san-

2046 3785 2243 3840 ctitate
2274 3784 2408 3839 vitae
2430 3788 2488 3840 et
2516 3785 2956 3857 praedicationis
2988 3785 3320 3842 sinceritate
3341 3786 3625 3858 pollebat,
3645 3793 3711 3845 ut

2046 3872 2391 3945 quicunque
2420 3869 2590 3927 illum
2618 3876 2988 3941 agnosceret,
3036 3873 3287 3945 Spiritus
3319 3873 3509 3929 sancti
3557 3880 3707 3932 tem-

2045 3961 2214 4035 plum
2240 3976 2375 4017 esse
2405 3976 2529 4017 non
2558 3961 2895 4031 dubitaret;
2928 3963 3323 4035 omniumque
3365 3964 3709 4022 testimonio

2048 4049 2267 4121 dignus
2318 4053 2473 4107 esset
2530 4050 2634 4123 qui
2682 4050 2760 4106 ad
2806 4049 3019 4107 altiora
3058 4049 3327 4107 Ecclesiae
3357 4050 3707 4124 ministeria,

2046 4138 2183 4195 licet
2228 4142 2371 4195 aetas
2429 4140 2559 4210 ejus
2616 4140 2935 4212 (quantum
2980 4138 3060 4195 ad
3106 4138 3373 4197 instituta
3403 4156 3710 4199 canonum

2050 4230 2292 4301 spectat)
2345 4227 2462 4284 hoc
2515 4227 2878 4301 prohiberet,
2934 4229 3187 4300 provehi
3233 4227 3496 4287 deberet.
3544 4231 3710 4288 Unde

272 4323 499 4395 jusque
527 4319 910 4388 haereditatis,
938 4318 1106 4393 quod
1137 4317 1213 4374 ad
1240 4317 1407 4374 illum
1428 4318 1559 4389 lege
1582 4315 1942 4390 primogeni-
1970 4334 2018 4398 θ
2051 4334 2270 4374 suasus
2304 4334 2341 4373 a
2369 4317 2618 4375 domino
2646 4334 2755 4375 suo
2778 4322 2842 4374 ut
2870 4315 2951 4374 ad
2981 4319 3385 4375 sacerdotium
3412 4337 3477 4377 se
3496 4321 3714 4379 sineret

280 4415 482 4467 torum
513 4411 713 4466 venire
744 4407 1024 4473 debebat,
1059 4405 1375 4463 subtrahit.
1401 4408 1547 4462 Tum
1570 4420 1719 4478 puer
1740 4403 1940 4460 exsul-

277 4502 419 4555 tans
445 4498 501 4554 in
538 4499 789 4555 Domino
813 4496 981 4570 quod
1008 4494 1186 4552 talem
1218 4510 1331 4567 pro
1362 4494 1491 4565 ejus
1530 4492 1775 4549 nomine
1806 4508 1942 4565 pro-

281 4588 666 4662 scriptionem
694 4587 919 4644 subiret
946 4585 1009 4642 in
1039 4590 1195 4669 terra
1230 4588 1475 4658 propter
1523 4598 1711 4657 quam
1760 4581 1942 4639 ascri-

278 4676 555 4733 bendum
580 4693 641 4733 se
671 4692 805 4733 esse
830 4672 1169 4731 consideret
1212 4671 1273 4728 in
1318 4670 1491 4744 coelo,
1542 4669 1804 4727 dimissis
1836 4686 1942 4743 pa-

280 4765 572 4832 rentibus,
597 4768 917 4839 parentum
948 4762 1185 4829 divitiis,
1216 4761 1419 4818 nudus
1449 4765 1506 4818 et
1552 4759 1718 4817 omni
1765 4774 1943 4817 mun-

280 4854 451 4913 dauo
479 4855 694 4913 decore
721 4854 992 4928 privatus
1018 4850 1270 4922 aufugit.

597 4945 945 5002 Athelmum
975 4943 1146 5015 adit;
1177 4943 1390 4998 litteris
1414 4941 1631 4998 studet.

355 5036 410 5089 2.
454 5032 625 5090 Adito
648 5034 853 5106 itaque
881 5031 1035 5087 duce
1065 5030 1359 5103 quodam,
1381 5029 1625 5085 nomine
1652 5027 1944 5096 Athelmo,

276 5123 391 5198 qui
424 5127 690 5197 tempore
721 5107 876 5192 regis
908 5119 1182 5177 Eluvredi
1210 5123 1267 5175 et
1298 5118 1859 5185 Christianissimus,
1894 5120 1951 5174 et

276 5213 439 5269 inter
466 5218 712 5268 caeteros
742 5210 1060 5285 optimates
1085 5208 1254 5279 regni
1302 5207 1633 5278 Anglorum
1677 5222 1836 5263 unus
1873 5207 1949 5263 de

278 5300 743 5359 sublimioribus
772 5304 917 5361 erat,
943 5297 1287 5372 postulabat
1317 5313 1381 5352 se
1412 5296 1567 5351 illius
1605 5296 1871 5369 potentia
1896 5300 1954 5352 et

278 5392 637 5451 auctoritate
684 5408 720 5448 a
770 5393 1091 5463 parentum
1148 5402 1397 5444 suorum
1448 5386 1646 5441 furore
1688 5384 1948 5442 defendi.

279 5482 400 5550 Qui
427 5482 595 5539 bona
622 5479 1014 5538 adolescentis
1030 5477 1229 5534 indole
1257 5476 1548 5547 gaudens,
1568 5491 1676 5531 nec
1699 5473 1952 5545 dignum

363 5592 507 5663 (267)
551 5594 773 5661 Nempe
804 5605 877 5643 ex
904 5587 1138 5663 Danica
1162 5586 1437 5663 feritate,
1461 5587 1526 5638 ut
1576 5581 1780 5662 scribit
1828 5580 1956 5638 Wil-

273 5655 529 5750 lamus,
560 5655 882 5719 Bromtono
894 5660 1136 5718 natione
1156 5655 1604 5716 Danus.Severo
1618 5655 1958 5726 cognomen

2048 4405 2372 4474 transferri,
2404 4414 2703 4481 quatenus
2735 4407 2814 4465 ab
2843 4407 2945 4463 illo
2974 4408 3247 4465 divinum
3287 4409 3555 4483 quotidie
3584 4409 3713 4467 oﬁi-

2051 4496 2211 4553 cium
2260 4496 2513 4567 audiret,
2573 4497 2745 4569 cujus
2795 4496 2983 4553 vitam
3028 4496 3450 4565 castissimam,
3492 4515 3712 4555 manus

2049 4600 2189 4641 vero
2218 4583 2527 4641 munditiae
2557 4585 2769 4660 plenas
2800 4585 3158 4656 agnovisset,
3190 4584 3306 4654 ille,
3340 4586 3575 4658 objecta
3602 4586 3713 4642 im-

2050 4678 2289 4730 matura
2318 4678 2508 4741 aetate,
2537 4676 2832 4747 quantum
2854 4674 3046 4746 potuit
3067 4673 3306 4730 obstitit.
3327 4676 3712 4731 Postmodum

2050 4778 2215 4830 vero,
2268 4763 2498 4819 ratione
2556 4762 2734 4818 simul
2779 4766 2836 4818 et
2884 4762 3273 4834 antiquorum
3297 4763 3714 4838 exemplorum

2054 4851 2401 4909 auctoritate
2428 4852 2641 4919 victus,
2673 4850 2951 4922 religioso
2978 4851 3279 4909 desiderio
3317 4853 3534 4921 cessit;
3578 4854 3716 4912 levi-

2054 4942 2235 4997 ticam
2265 4940 2483 4997 stolam
2510 4941 2765 4997 humero
2795 4939 3207 5012 circumdedit,
3235 4956 3548 5016 parvoque
3569 4949 3717 5001 tem-

2053 5044 2199 5103 pore
2225 5028 2433 5101 elapso
2464 5043 2843 5085 summorum
2871 5043 3114 5102 quoque
3158 5028 3583 5103 mysteriorum
3622 5047 3716 5087 sa-

2057 5122 2251 5174 crator
2306 5116 2572 5173 accessit.
2630 5118 2711 5173 Ex
2757 5131 2881 5190 quo
2923 5121 3195 5190 tempore
3243 5124 3364 5176 tam
3411 5120 3542 5192 ipse
3590 5119 3715 5174 dux

2057 5221 2243 5279 quam
2270 5205 2463 5262 caateri
2491 5220 2645 5278 pene
2676 5219 2886 5262 omnes
2916 5205 3133 5277 regalis
3182 5205 3388 5278 palatii
3413 5205 3714 5277 principes

2057 5296 2119 5351 in
2146 5311 2387 5351 summa
2415 5310 2554 5352 eum
2579 5295 2964 5352 veneratione
2994 5293 3216 5351 habere
3243 5313 3256 5361 ;
3299 5297 3527 5350 secreta
3554 5292 3713 5349 male

2061 5389 2207 5440 actte
2235 5383 2370 5440 vitae
2399 5384 2452 5440 ei
2499 5384 2748 5457 aperire,
2810 5388 2868 5439 et
2914 5383 2989 5439 de
3036 5381 3128 5437 his
3157 5379 3552 5437 emendandis
3583 5381 3713 5453 ejus

2062 5473 2308 5531 consilio
2339 5473 2590 5530 libenter
2620 5473 2878 5530 credere.

2062 5583 2331 5640 tribuunt
2368 5582 2642 5639 nonnulli
2667 5582 2785 5651 ﬁde
2813 5581 3002 5650 digni,
3036 5580 3179 5634 teste
3207 5575 3562 5651 Maiheuvio,
3607 5578 3713 5636 sed

2061 5656 2437 5728 recentiores,
2458 5670 2613 5727 quos
2640 5653 2791 5710 inter
2818 5651 3065 5708 Pitseus.
