4166 6162
509 119 615 174 935

1658 103 1714 160 S.
1755 102 2014 159 ODONIS
2058 94 2378 154 ABCHIEP.
2422 99 2767 154 CANTUAR.

3831 99 3936 152 936

508 240 758 294 Romam
789 235 916 292 adit
937 249 1066 290 eum
1095 231 1395 296 Athelmo,
1429 242 1678 300 eumque
1700 231 1896 283 sanat.
1945 225 2018 280 In
2048 224 2168 277 Αη-
2196 223 2244 277 Α
2286 220 2384 276 Dei
2414 220 2712 276 famulum
2745 236 2876 277 esse
2905 218 3238 277 certissime
3279 215 3567 287 agnitum,
3627 218 3750 274 suis
3799 235 3936 275 cum

870 383 882 394 ,
1058 323 1248 393 gliam
1279 321 1624 377 revertitur.

578 419 633 471 4.
671 419 896 470 Interea
926 412 1050 468 dux
1071 410 1192 480 regi
1228 409 1527 480 suggessit
1571 406 1794 464 habere
1839 421 1902 460 se
1933 401 2166 459 deside-

507 503 664 560 rium
695 499 1114 574 proficiscendi
1147 502 1398 554 Romam
1430 495 1728 553 etsanctis
1761 493 2044 566 apostolis
2063 489 2171 546 ibi-

507 593 644 648 dem
681 588 1062 663 supplicandi
1093 605 1106 642 :
1141 603 1406 660 moxque
1433 585 1595 655 regia
1623 583 1857 638 licentia
1890 580 2069 636 simul
2097 595 2168 634 ac

507 679 921 738 muniﬁcentia
977 677 1258 745 donatus,
1318 676 1602 747 adjuncto
1661 673 1777 728 sibi
1841 667 2168 727 venerabili

505 770 858 844 presbytero
888 767 1113 834 Odone,
1148 783 1286 822 cum
1312 780 1533 835 magno
1555 763 1840 818 comitatu
1865 760 2165 834 profectus

507 865 614 917 est.
653 859 766 916 Sed
805 873 944 914 cum
1003 857 1225 912 itineris
1281 852 1722 926 aliquantulum
1773 849 2163 923 peregissent,

508 947 728 1004 acerba
757 951 949 1001 tactus
978 942 1316 1000 inﬁrmitate
1363 941 1572 996 acriter
1621 939 1800 1012 coepit
1853 942 2162 1008 aegrotare,

509 1037 662 1094 adeo
720 1041 786 1092 ut
837 1035 934 1089 vix
985 1031 1272 1105 reciproci
1317 1031 1492 1087 ﬂatus
1518 1035 1720 1103 posset
1749 1045 1888 1084 aera
1916 1027 2162 1100 spirare.

508 1129 778 1198 Cumque
821 1141 924 1196 per
973 1139 1076 1178 sex
1127 1122 1444 1178 continuos
1474 1120 1601 1175 dies
1633 1123 1690 1175 et
1717 1119 1976 1188 languor
2015 1131 2162 1185 aug-

508 1220 800 1280 mentum,
854 1216 911 1268 et
966 1216 1338 1266 commeatus
1387 1209 1682 1281 acciperet
1717 1207 2161 1272 detrimentum,

507 1303 760 1374 septimo
786 1301 956 1372 jubet
981 1315 1224 1355 omnem
1247 1299 1486 1354 turbam
1515 1301 1712 1368 empta
1733 1295 1832 1350 via
1861 1292 2160 1366 progredi,

508 1391 636 1446 solo
665 1390 869 1447 Odone
897 1405 1102 1444 secum
1134 1393 1380 1454 retento,
1436 1386 1607 1456 cujus
1654 1401 1768 1457 ope
1795 1385 1853 1438 in
1885 1379 2164 1455 presenti

504 1478 768 1552 periculo
801 1477 1062 1534 maxime
1093 1476 1418 1545 indigebat.
1463 1477 1652 1540 Quem
1696 1473 1774 1528 ad
1825 1488 1886 1526 se
1912 1475 2047 1542 post
2071 1485 2161 1524 re-

2281 309 2555 366 amicitiis
2581 311 2798 382 jungit,
2833 327 2902 366 ac
2934 313 3300 367 secretorum
3339 323 3584 364 suorum
3611 323 3735 380 prae
3775 313 3938 364 ciete-

2277 399 2358 454 ris
2389 401 2700 456 conscium
2733 400 2890 456 facit.

2599 489 2697 545 Fit
2731 493 3035 560 episcopus
3064 486 3614 545 Schireburnensis.

2351 583 2402 634 6.
2445 582 2598 634 Inter
2626 579 2755 634 haec
2783 578 2954 634 sedes
2977 575 3356 650 episcopalis,
3383 591 3519 647 quas
3544 579 3688 630 tunc
3715 579 3937 646 tempo-

2275 667 2356 722 ris
2387 667 2763 733 Scz'reb-urne,
2799 683 2960 723 nunc
2991 671 3192 724 autem
3221 665 3516 722 Seriberic
3555 668 3666 734 est,
3697 669 3935 738 pastore

2277 757 2524 812 viduata
2549 763 2653 812 est.
2687 757 2890 814 Sciens
2919 757 3119 830 itaque
3145 771 3250 811 rex
3272 753 3495 812 Odonis
3525 753 3714 810 vitam
3741 753 3934 826 ponti-

2277 844 2460 900 ﬁcatu
2489 845 2738 902 omnino
2767 845 3210 916 dignissimam,
3241 859 3379 898 eum
3425 842 3502 898 de
3555 841 3936 914 suscipiendo

2277 935 2629 1007 episcopatu
2662 934 3054 1007 interpellare,
3102 949 3173 990 ac
3217 937 3280 988 ut
3329 931 3535 988 ovium
3587 931 3688 987 Dei
3737 935 3938 1004 pastor

2278 1024 2642 1095 apostolicus
2667 1023 2800 1080 loco
2830 1023 3090 1080 defuncti
3110 1023 3242 1078 ﬁeri
3268 1021 3693 1094 acquiesceret,
3713 1035 3937 1090 magno

2276 1114 2456 1184 coepit
2481 1114 2679 1169 studio
2705 1114 3056 1170 renitentem
3087 1113 3420 1168 obsecrare.
3475 1110 3632 1176 Quid
3680 1126 3890 1166 moror
3913 1111 3940 1166 ?

2275 1202 2540 1258 Tandem
2571 1201 2845 1260 Eeclesire
2877 1219 2946 1259 ac
2977 1202 3152 1272 regiis
3180 1201 3458 1274 precibus
3503 1200 3714 1264 victus,
3773 1199 3938 1272 quod

2275 1291 2386 1346 sibi
2419 1292 2672 1347 nimium
2701 1307 2879 1362 grave
2907 1292 3254 1358 testabatur,
3297 1288 3638 1363 pontiﬁcale
3671 1288 3938 1345 ofﬁcium

2273 1380 2334 1437 in
2357 1381 2604 1454 praefata
2637 1381 3088 1438 S-csireburnensi
3127 1381 3384 1436 Ecclesia
3427 1379 3696 1452 pontifex
3749 1378 3938 1436 factus

2275 1469 2694 1526 administrare
2751 1469 3071 1526 consensit.
3150 1467 3506 1524 Praesidebat
3569 1467 3666 1523 his
3725 1465 3938 1522 diebus

503 1568 673 1624 lictos
697 1567 830 1623 illos
859 1566 1038 1622 ﬂebili
1073 1581 1220 1620 voce
1251 1564 1600 1627 clamatum,
1632 1566 1763 1617 orat
1811 1564 1874 1615 ut
1914 1575 2023 1632 pro
2073 1556 2163 1612 sui
2193 1573 2236 1629 Β
2273 1559 2426 1628 loco,
2487 1559 2794 1628 dignitate,
2851 1560 3202 1615 auctoritate
3263 1563 3318 1614 et
3373 1557 3590 1628 oﬁiéio,
3665 1557 3938 1614 Ecclesia

503 1658 853 1714 liberatione
905 1655 1159 1711 Domino
1189 1669 1398 1727 preces
1453 1652 1740 1718 effundat,
1785 1650 2048 1706 referens
2103 1662 2163 1702 se

503 1747 910 1802 indubitanter
935 1744 1173 1799 credere
1216 1743 1382 1816 quod
1435 1741 1582 1797 nihil
1639 1741 1692 1795 ei
1739 1739 1944 1795 divina
1975 1739 2164 1810 pietas

505 1836 850 1904 denegaret,
879 1849 1060 1905 quem
1093 1848 1129 1886 a
1157 1848 1344 1904 puero
1378 1845 1601 1900 magna
1633 1829 1823 1898 gratia
1847 1833 2164 1899 acceptum

505 1923 770 1979 haberet.
799 1925 946 1976 Tum
985 1919 1338 1976 venerabilis
1395 1918 1542 1988 Odo,
1595 1918 1799 1973 animo
1839 1916 1919 1971 ad
1977 1917 2164 1970 Deum

504 2015 720 2073 erecto,
752 2013 875 2064 toto
909 2023 1157 2079 corpore
1188 2011 1343 2062 terra
1374 2005 1738 2078 procumbit,
1783 2018 2163 2074 magnosque

503 2100 721 2156 divinae
776 2097 1104 2154 clementiae
1163 2095 1533 2161 singultuum
1586 2095 1809 2150 imbres
1863 2093 2160 2160 effundit;

503 2205 880 2261 surgensque
931 2188 1006 2242 de
1058 2187 1186 2242 solo
1242 2186 1506 2258 postulat
1549 2185 1662 2240 sibi
1703 2185 1992 2257 repletam
2021 2183 2162 2238 vino

501 2279 771 2354 phialam
797 2277 1040 2345 deferri;
1073 2292 1254 2348 super
1281 2292 1468 2348 quam
1495 2275 1723 2330 invictae
1749 2274 1940 2330 crucis
1962 2274 2162 2342 signa-

502 2369 707 2426 culum
737 2367 940 2434 edens,
973 2364 1274 2421 humiliter
1305 2365 1514 2420 vinum
1541 2363 1668 2419 viro
1686 2363 2162 2436 porrexit,atque

501 2459 644 2514 utin
676 2456 927 2512 Domino
956 2471 1064 2530 per
1091 2454 1298 2510 omnia
1327 2453 1653 2508 confideret
1680 2451 1932 2508 fideliter
1958 2451 2164 2506 admo-

501 2549 650 2604 nuit.
687 2545 836 2602 Bibit
859 2545 1058 2616 itaque
1085 2544 1270 2598 homo
1297 2542 1463 2615 quod
1493 2546 1620 2597 erat
1647 2541 1710 2596 in
1741 2540 1944 2610 calice,
1976 2544 2032 2594 et
2060 2555 2159 2594 eo-

501 2636 644 2692 dem
689 2637 997 2689 momento
1047 2647 1187 2687 cum
1234 2630 1508 2687 redderet
1545 2629 1834 2701 phialam,
1862 2627 2160 2684 redditam

503 2723 616 2782 sibi
645 2721 1062 2778 omnimodam
1093 2720 1388 2776 sentiebat
1415 2718 2003 2775 medelam.Proinde
2026 2734 2158 2774 cur-

499 2819 675 2872 vatus
701 2812 779 2868 ad
801 2827 998 2882 genua
1029 2809 1383 2882 presbyteri,
1439 2809 1659 2879 gratias
1707 2808 1902 2877 refert,
1951 2823 2156 2864 ascen—

2277 1648 2685 1706 Cantuariensi
2710 1649 2800 1704 vir
2821 1650 3018 1704 bonus
3045 1653 3102 1704 et
3132 1653 3429 1714 strenuus,
3459 1646 3786 1703 Wlfelmus
3833 1663 3937 1702 no-

2273 1741 2456 1808 mine,
2485 1739 2590 1811 qui
2619 1739 2756 1796 huic
2789 1739 2965 1810 regis,
2991 1738 3129 1795 cleri
3160 1755 3230 1795 ac
3267 1737 3458 1812 plebis
3506 1737 3788 1794 electioni
3817 1737 3940 1792 ani-

2274 1845 2375 1884 mo
2405 1828 2612 1884 libenti
2642 1845 3004 1885 consensum
3057 1828 3408 1898 attribuens,
3464 1843 3604 1883 eum
3656 1843 3770 1900 pro
3829 1843 3936 1882 suo

2267 1918 2400 1986 jure
2431 1917 2490 1972 in
2519 1917 2705 1986 illam,
2733 1917 2810 1973 ad
2840 1933 3028 1990 quam
3059 1917 3284 1973 electus
3314 1919 3457 1982 erat,
3511 1914 3808 1988 pontiﬁcii
3847 1915 3935 1970 di-

2274 2005 2560 2074 gnitatem
2616 2005 2818 2062 debito
2867 2023 3007 2062 cum
3059 2005 3288 2060 honore
3338 2004 3614 2060 sacravit.
3657 2005 3938 2060 Sacratus

2272 2099 2474 2152 autem
2507 2101 2564 2151 et
2591 2095 2932 2166 insignibus
2971 2093 3443 2151 sacerdotalibus
3487 2091 3937 2148 sacerdotaliter

2269 2184 2574 2250 infulatus,
2609 2201 2794 2258 quam
2835 2184 3166 2256 gloriosum
3225 2186 3342 2240 Deo
3399 2181 3818 2238 habitaculum
3877 2197 3934 2236 se

2271 2274 2611 2346 praebuerit,
2645 2290 2830 2346 quam
2859 2289 3002 2344 erga
3031 2273 3372 2329 animarum
3423 2271 3534 2326 sibi
3577 2270 3932 2326 commissa—

2270 2378 2406 2416 rum
2437 2361 2603 2418 lucra
2635 2361 2921 2418 sollicitus
2969 2361 3164 2431 fuerit,
3223 2359 3425 2416 nescio
3469 2363 3676 2414 utrum
3717 2359 3930 2430 aliquis

2270 2450 2451 2519 digne
2506 2450 2707 2506 valeat
2759 2450 2996 2523 eloqui,
3077 2454 3548 2522 quantacunque
3607 2447 3930 2518 sagacitate

2270 2539 2556 2612 praaditus
2589 2538 2830 2609 ingenii.
2893 2538 3058 2594 Unde
3111 2538 3261 2611 quid
3306 2538 3380 2592 de
3424 2537 3537 2592 illis
3578 2535 3928 2610 simplicitas

2269 2644 2435 2702 purae
2467 2629 2682 2685 mentis
2711 2629 3022 2685 advertere
3045 2629 3255 2701 possit,
3287 2626 3544 2683 scribere
3572 2626 3720 2682 nolo
3763 2645 3775 2681 :
3811 2629 3932 2680 tan-

2269 2721 2396 2772 tum
2426 2733 2610 2790 opera
2653 2715 2988 2772 miserentis
3043 2715 3144 2771 Dei
3175 2731 3310 2788 quae
3341 2715 3402 2770 in
3434 2717 3622 2770 servis
3655 2713 3780 2768 suis
3811 2712 3930 2786 pla-

2267 2805 2380 2861 cita
2427 2805 2540 2861 sibi
2587 2805 2962 2877 simplicitate
3008 2803 3440 2860 inhaerentibus
3470 2803 3708 2876 operari
3743 2803 3806 2858 in
3835 2802 3930 2857 be-

499 2917 688 2976 soque
719 2917 876 2973 equo
902 2899 1245 2972 praemissos
1277 2897 1521 2953 comites
1542 2897 1784 2952 volucer
1803 2896 2152 2968 insequitur,
2188 2921 2230 2974 C
2265 2895 2562 2967 neplacito
2593 2911 2702 2949 suo
2729 2894 3030 2964 dignatur,
3054 2893 3138 2950 eis
3163 2891 3603 2950 consideranda
3631 2907 3924 2966 propono.

498 3005 654 3061 quos
683 2987 858 3044 celeri
883 3004 1063 3044 cursu
1092 2987 1255 3042 viam
1287 2991 1540 3042 terentes
1583 2985 1858 3058 sequenti
1900 2983 1996 3039 die
2043 2983 2154 3038 im-

499 3077 670 3150 pigro
701 3081 756 3132 et
784 3077 916 3148 ipse
946 3076 1150 3132 volatu
1179 3075 1432 3145 attingit.
1483 3074 1622 3130 Viso
1666 3078 1870 3130 autem
1897 3071 1998 3128 illo
2023 3088 2154 3126 om-

497 3183 604 3224 nes
634 3183 756 3239 prae
783 3167 1003 3238 gaudio
1033 3166 1332 3238 lacrymas
1385 3164 1682 3232 fundunt;
1725 3163 1831 3220 sed
1875 3161 2154 3236 praestitis

499 3255 704 3311 salutis
734 3260 1038 3312 auctorem
1071 3258 1500 3325 cognoscentes
1529 3252 1790 3325 amplius
1839 3252 2150 3308 mirantur.

497 3345 850 3402 Romuleam
879 3345 1058 3416 igitur
1105 3345 1183 3401 ad
1241 3344 1455 3400 urbem
1489 3358 1679 3416 usque
1737 3341 2058 3416 progressi,
2099 3347 2156 3398 et

497 3432 636 3488 inde
662 3433 740 3488 ad
769 3433 992 3505 patrios
1021 3433 1177 3489 lares
1210 3431 1452 3488 feliciter
1495 3431 1736 3498 reversi,
1791 3431 2154 3486 immensam

499 3523 626 3574 tum
656 3520 802 3590 regi,
830 3525 958 3575 tum
984 3519 1210 3574 caeteris
1235 3519 1296 3573 in
1325 3519 1550 3591 palatio
1581 3519 1938 3588 degentibus
1957 3519 2020 3574 in
2052 3518 2154 3574 ad-

495 3612 680 3664 ventu
712 3624 822 3664 suo
850 3607 1115 3664 laetitiam
1143 3611 1446 3678 praestant.

884 3697 1240 3755 Ethelstano
1265 3699 1394 3768 regi
1415 3698 1486 3766 ﬁt
1515 3696 1756 3753 Charus.

566 3792 620 3848 5.
665 3791 800 3845 Post
827 3787 954 3844 dies
985 3788 1138 3844 duce
1177 3788 1334 3860 ipso,
1367 3805 1438 3846 ac
1468 3792 1606 3862 post
1633 3787 1850 3844 ducem
1903 3787 2150 3860 praefato

492 3891 632 3948 rege
661 3877 736 3932 de
773 3877 1050 3950 praesenti
1108 3877 1230 3932 vita
1287 3877 1542 3945 sublato,
1601 3875 1934 3946 Eduardus,
1993 3875 2151 3931 filius

494 3967 768 4039 ejusdem
795 3967 970 4039 regis,
1001 3967 1065 4023 in
1092 3983 1347 4037 regnum
1378 3965 1684 4034 successit,
1711 3971 1768 4022 et
1796 3965 1942 4021 illud
1971 3965 2152 4038 pluri-

491 4055 607 4112 bus
631 4058 804 4114 annis
834 4056 1296 4129 prudentissime
1328 4057 1476 4112 rexit
1531 4074 1544 4110 :
1601 4055 1662 4110 in
1716 4055 1888 4126 cujus
1937 4054 2150 4110 diebus

490 4146 847 4202 venerabilis
879 4146 1006 4204 Odo
1027 4145 1379 4218 presbyterii
1423 4144 1681 4216 gradum
1731 4144 1928 4200 ofﬁcio
1969 4143 2150 4200 simul

491 4251 564 4290 ac
592 4236 726 4291 vitae
753 4235 1062 4291 sanctitate
1093 4233 1341 4304 insignis
1372 4233 1852 4301 administrabat,
1884 4233 2006 4304 regi
2043 4249 2146 4288 no-

493 4327 609 4396 tus,
660 4329 718 4381 et
773 4329 1053 4398 acceptus
1109 4323 1183 4394 ei,
1230 4328 1288 4380 et
1329 4323 1614 4380 omnibus
1645 4323 2038 4380 admirandus
2070 4323 2149 4379 ad

492 4427 702 4468 omnes
730 4411 1096 4482 benignitate
1123 4427 1193 4467 ac
1219 4411 1682 4468 mansuetudine
1711 4411 1992 4480 diffusus,
2021 4427 2148 4467 om-

489 4501 658 4560 nium
678 4500 950 4557 moribus
961 4501 1134 4572 juxta
1149 4501 1560 4574 apostolorum
1583 4517 1644 4556 se
1666 4505 2144 4574 contemperans,

488 4595 556 4648 ut
601 4607 814 4647 omnes
870 4589 1098 4648 Christo
1151 4589 1540 4646 lucrifaceret.
1613 4589 1723 4645 Ubi
1787 4595 1986 4646 autem
2043 4607 2147 4646 rex

489 4682 804 4738 Eduardus
833 4681 973 4738 huic
1011 4681 1146 4740 vita).
1193 4680 1448 4738 modum
1491 4679 1710 4754 posuit,
1773 4680 2146 4737 Ethelstanus

487 4771 647 4826 ﬁlius
679 4772 808 4842 ejus
835 4771 1006 4842 regni
1031 4771 1306 4828 habenas
1339 4771 1578 4828 sortitus
1609 4773 1715 4826 est.
1748 4769 1844 4824 Vir
1868 4787 2006 4826 vero
2037 4771 2144 4826 ad-

489 4857 777 4914 mirabilis
825 4860 953 4916 Odo
999 4859 1202 4929 vitam,
1253 4865 1320 4916 ut
1365 4859 1650 4926 diximus,
1699 4857 1986 4914 virtutum
2040 4875 2147 4932 per

489 4945 694 5002 omnia
723 4961 932 5015 agens,
965 4963 1224 5017 magnus
1254 4949 1332 5004 ab
1385 4948 1548 5004 omni
1605 4947 1831 5021 populo
1879 4947 2145 5004 habeba-

489 5041 603 5092 tur.
632 5039 746 5093 Nec
772 5036 933 5092 enim
963 5036 1167 5094 civitas
1197 5055 1378 5110 super
1397 5043 1666 5095 montem
1687 5039 1906 5111 posita,
1937 5038 2032 5095 vel
2059 5039 2146 5094 lu-

487 5144 668 5184 cerna
699 5127 760 5184 in
791 5124 1154 5184 candelabra
1179 5126 1386 5183 lucens
1415 5132 1648 5201 poterat
1666 5128 1978 5184 abscondi.
1997 5129 2143 5184 Hinc

485 5218 774 5290 processit
823 5221 889 5274 ut
940 5215 1286 5286 sanctitatis,
1323 5217 1452 5286 ejus
1503 5217 1668 5273 fama
1701 5217 1964 5290 quotidie
1993 5234 2140 5288 aug-

485 5309 814 5366 mentando
861 5306 1270 5379 magniﬁcata,
1330 5307 1408 5363 ad
1456 5323 1630 5363 aures
1668 5325 1911 5381 quoque
1941 5307 2142 5364 eximii

484 5398 639 5466 regis
669 5398 990 5454 Ethelstani
1020 5397 1173 5454 mira
1213 5413 1352 5452 cum
1379 5396 1577 5454 laudis
1611 5396 1966 5453 exaltatione
2005 5413 2140 5471 per-

484 5484 606 5542 lata
632 5487 747 5542 sit:
780 5489 884 5560 qui
928 5489 1238 5544 hominem
1283 5487 1360 5544 ad
1407 5505 1471 5544 se
1509 5491 1846 5554 evocatum,
1904 5491 1961 5543 et
2005 5503 2139 5543 vere

2181 4277 2228 4332 D

2265 2983 2443 3040 Anno
2469 2987 2573 3039 938
2597 2984 2857 3053 paganis
2909 2985 3274 3052 superiorem
3319 2987 3574 3052 praestat
3631 2981 3931 3036 Eri-etsta-

3010 3087 3176 3127 num.

2335 3168 2388 3217 7.
2421 3166 2592 3217 Anno
2621 3159 2775 3216 inter
2803 3159 2934 3216 haec
2962 3159 3283 3216 Dominicaa
3314 3157 3748 3216 incarnationis
3777 3174 3924 3214 non-

2263 3252 2594 3322 gentesimo
2653 3250 2951 3306 tricesimo
3009 3251 3158 3322 (268)
3211 3253 3445 3317 octavo,
3491 3247 3662 3318 regni
3725 3253 3923 3304 autem

2265 3340 2588 3398 Ethelstani
2618 3338 3087 3396 victoriosissimi
3104 3338 3260 3408 regis
3281 3335 3764 3411 quartodecimo,
3789 3351 3925 3392 con-

2262 3436 2542 3502 gregatus
2569 3434 2660 3486 est
2688 3429 2979 3484 adversus
3027 3443 3279 3498 regnum
3311 3426 3642 3498 Anglorum
3673 3425 3924 3482 immen-

2263 3536 2364 3574 sus
2419 3533 2799 3591 paganorum
2846 3516 3136 3573 exercitus
3190 3514 3457 3588 profanis
3503 3513 3743 3584 legibus
3801 3512 3922 3568 suis

2262 3607 2648 3679 subjugando
2679 3622 2982 3672 enervare,
3019 3611 3074 3662 et
3102 3603 3449 3661 enervando
3489 3602 3700 3660 volens
3757 3601 3923 3658 anni-

2259 3696 2444 3752 hilare
2493 3695 2927 3753 sacratissimas
2967 3711 3122 3768 quas
3167 3693 3343 3764 Angli
3393 3691 3717 3749 servabant
3759 3691 3921 3762 leges

2262 3785 2732 3842 Christianorum
2761 3802 2773 3839 :
2803 3783 3026 3857 quibus
3051 3783 3397 3840 nominatus
3417 3781 3701 3854 princeps
3723 3779 3924 3838 valida

2261 3879 2631 3931 armatorum
2685 3891 2875 3931 manu
2921 3874 3142 3947 stipatu
3199 3887 3538 3935 occurrens,
3599 3887 3825 3944 pugnae
3863 3887 3924 3926 se

2259 3964 2514 4034 dedit,et
2531 3964 2868 4020 diutissime
2897 3979 2966 4020 ac
2989 3963 3360 4020 atrocissime
3381 3965 3726 4034 pugnatum
3751 3961 3926 4016 utrin-

2259 4070 2376 4126 que
2409 4058 2515 4110 est.
2552 4057 2811 4110 Duxerat
2842 4058 3044 4109 autem
3077 4069 3284 4108 secum
3315 4051 3374 4107 in
3405 4051 3598 4106 aciem
3647 4067 3755 4106 rex
3795 4065 3928 4105 san-

2259 4148 2420 4199 ctum
2477 4142 2768 4210 Odonem,
2829 4143 2958 4213 ejus
3007 4142 3230 4198 meritis
3287 4157 3348 4197 se
3395 4139 3586 4196 multo
3657 4139 3926 4195 maxime

2258 4249 2446 4306 quam
2477 4233 2735 4288 militum
2767 4233 2954 4304 copiis
2980 4231 3291 4288 confidens
3319 4231 3555 4286 hostem
3597 4229 3920 4285 victurum.

2257 4328 2410 4381 Dum
2435 4323 2614 4394 igitur
2641 4323 2782 4378 hinc
2801 4322 2940 4378 inde
2963 4327 3191 4394 strages
3218 4320 3574 4392 gravissima
3595 4319 3840 4386 fureret,
3867 4323 3926 4376 et

2257 4430 2602 4471 aerumnosa
2629 4429 2723 4469 res
2759 4411 3036 4468 luctuosa
3061 4411 3324 4481 contigit.
3375 4411 3502 4471 Quo
3551 4409 3774 4465 etenim
3817 4425 3924 4464 rex

2255 4503 2384 4576 ipse
2412 4501 2748 4577 pugnabat,
2775 4501 2947 4572 juxta
2979 4499 3265 4574 capulum
3295 4497 3530 4569 gladius
3575 4497 3923 4555 confractus

2257 4597 2366 4661 est,
2404 4598 2465 4650 et
2491 4608 2691 4663 regem
2737 4591 2910 4664 quasi
2955 4591 3248 4646 inermem
3292 4585 3567 4644 hostibus
3615 4587 3920 4660 exposuit.

2255 4685 2411 4740 Inter
2438 4684 2566 4738 haec
2597 4681 2725 4738 Odo
2760 4697 2796 4736 a
2825 4697 3032 4754 pugna
3059 4683 3327 4736 remotus
3374 4676 3755 4747 longiuscule
3807 4681 3922 4734 sta-

2252 4772 2378 4843 bat,
2407 4789 2508 4828 ore
2559 4775 2616 4828 et
2657 4770 2836 4827 corde
2865 4786 2976 4843 pro
3015 4768 3204 4826 salute
3253 4765 3564 4824 Christiani
3619 4765 3920 4822 exercitus

2255 4862 2484 4920 Christo
2533 4859 2902 4933 supplicans,
2955 4861 3012 4915 et
3063 4858 3291 4914 vultum
3335 4871 3553 4912 manus
3583 4870 3658 4910 ac
3685 4854 3922 4912 lumina

2255 4950 2592 5006 caelestibus
2647 4966 2757 5022 pro
2807 4949 2924 5005 hoc
2971 4948 3104 5020 ipso
3161 4945 3496 5002 indefessus
3561 4943 3916 5002 extendens.

2253 5039 2409 5104 Quid
2491 5039 2694 5110 itaque
2763 5053 2868 5094 rex
2921 5035 3082 5092 vitali
3151 5038 3370 5092 eventu
3443 5033 3638 5089 facere
3712 5037 3922 5106 posset

2251 5128 2601 5200 ﬂuctuabat,
2659 5132 2723 5183 ut
2791 5143 2852 5182 se
2907 5129 3168 5182 armaret
3241 5139 3490 5180 suorum
3537 5139 3920 5196 quemquam

2251 5234 2562 5277 exarmare
2635 5217 2806 5273 nefas
2866 5215 3200 5288 judicabat.
3269 5217 3410 5270 Pars
3467 5212 3646 5283 igitur
3712 5211 3922 5270 adver-

2252 5309 2546 5365 sariorum
2601 5306 2702 5362 ubi
2753 5319 2956 5376 regem
3009 5305 3198 5360 fracto
3255 5318 3396 5358 ense
3449 5305 3604 5357 stare
3659 5299 3918 5357 advertit

2249 5397 2562 5466 inermem,
2639 5395 2846 5465 fugam
2904 5411 3092 5467 quam
3147 5392 3294 5450 inire
3343 5393 3608 5464 coeperat
3633 5431 3646 5454 ,
3721 5387 3914 5446 versis

2248 5486 2510 5544 vultibus
2540 5487 2600 5543 in
2628 5501 2899 5560 pugnam
2923 5482 3136 5541 acriori
3161 5481 3322 5539 crede
3351 5479 3656 5536 vindicare
3696 5491 3912 5548 aggre-

555 5647 705 5718 (268)
737 5647 959 5705 Eodem
990 5663 1150 5704 anno
1182 5647 1582 5720 Chronologia
1613 5643 1908 5708 Saxonica
1937 5648 2108 5706 Bedae
2138 5648 2460 5722 subjuncta
2487 5647 2721 5720 reponit
2747 5647 2906 5704 hanc
2935 5659 3229 5718 pugnam.
