4114 6146
255 71 361 126 937

1875 69 2051 124 VITA.

3573 79 3678 133 938

252 191 428 247 ditur.
460 194 609 247 Tum
640 191 838 248 subito
866 191 1097 248 intonat
1123 193 1304 248 ather
1333 207 1370 249 a
1394 191 1655 250 clamore
1713 192 1908 250 multi—
1945 197 1992 249 A
2021 194 2254 247 mutare
2282 192 2631 262 suademus,
2663 193 2846 251 fuisse
2876 194 3212 252 translatos.
3259 195 3455 255 Victus
3500 199 3561 254 in
3586 199 3682 256 his

255 280 496 343 tudinis,
527 285 592 336 ut
617 283 770 336 Deus
796 286 1181 346 succurreret,
1219 287 1275 337 et
1300 281 1472 338 celeri
1526 299 1734 354 gressu
1783 282 1910 338 Odo

255 372 636 425 venerandus
690 376 1023 426 accurreret
1096 369 1492 426 vociferantis.
1546 371 1801 428 Advolat
1857 375 1914 427 et

255 459 552 531 quidnam
584 459 694 513 sibi
729 459 866 514 velit
894 476 995 514 rex
1025 476 1062 514 a
1090 475 1155 514 se
1185 459 1313 515 fieri
1360 459 1768 517 lassabundus
1821 461 1912 516 in-

259 554 536 619 terrogat.
571 549 767 619 Audit,
796 555 853 605 et
883 549 1085 605 statim
1111 548 1237 620 regi
1265 549 1455 606 taliter
1479 551 1674 624 inquit
1714 570 1726 607 :
1763 551 1918 617 Quid

257 643 346 694 est
372 639 487 694 hoc
515 642 544 693 ?
571 655 694 711 quo
723 639 1028 694 intendis?
1084 639 1253 694 Ensis
1285 645 1422 695 tuus
1483 640 1544 696 in
1581 640 1763 698 latere
1816 646 1918 697 tuo

257 727 488 797 integer
512 728 750 799 pendet,
775 733 831 783 et
863 732 924 783 tu
950 744 1090 783 eum
1121 728 1375 784 fractum
1426 744 1555 784 esse
1587 745 1915 802 conquere-

257 816 376 870 ris?
407 815 550 872 Redi
575 816 656 872 ad
688 822 760 883 te,
786 819 861 873 ad
897 817 1182 886 vaginam
1211 833 1462 873 manum
1509 819 1783 887 extende,
1823 835 1918 875 ex-

259 921 385 960 sere
411 904 602 975 illum,
636 911 693 962 et
723 923 858 962 ecce
893 906 1133 962 dextera
1169 907 1398 962 Domini
1426 907 1532 963 erit
1554 912 1771 964 tecum.
1803 912 1919 964 Nec

258 993 567 1062 formides,
600 995 745 1067 quia
775 1012 900 1050 non
921 996 1086 1068 prius
1109 996 1563 1067 contingetsolis
1586 997 1918 1070 occubitus,

259 1098 446 1154 quam
476 1083 857 1139 adversarios
888 1084 1122 1139 Domini
1158 1085 1258 1146 tui.
1277 1085 1382 1157 qui
1407 1090 1616 1142 contra
1640 1090 1696 1142 te
1729 1087 1922 1142 insur-

259 1176 560 1236 rexerunt,
592 1171 736 1242 fuga
764 1173 1034 1229 involvat
1059 1179 1162 1229 aut
1191 1174 1478 1230 interitus.
1507 1175 1597 1231 Ad
1625 1177 1754 1232 hac
1783 1176 1918 1249 qui-

260 1274 380 1331 que
410 1261 783 1316 audientium
842 1262 1054 1331 grandi
1106 1266 1347 1334 stupore
1400 1264 1631 1320 attoniti
1676 1264 1922 1320 deﬂexis

261 1347 592 1404 luminibus
622 1350 916 1420 viderunt,
939 1367 1120 1423 quem
1149 1351 1314 1424 prius
1340 1368 1464 1408 non
1491 1352 1782 1421 viderant,
1825 1369 1924 1410 en-

264 1453 392 1492 sem
422 1439 480 1494 in
509 1438 691 1495 latere
719 1441 876 1510 regis
905 1441 1267 1513 pendentem
1320 1459 1332 1496 :
1365 1459 1550 1515 quem
1578 1459 1682 1498 rex
1711 1443 1772 1498 in
1802 1447 1922 1500 Deo

2017 281 2283 354 pontifex
2305 287 2564 347 sanctus,
2599 282 2761 340 aliud
2793 301 2914 341 sua
2965 285 3450 342 contradictionis
3505 305 3680 359 argu-

2018 373 2290 425 mentum
2315 370 2585 443 opponit.
2613 374 2758 427 Cum
2791 372 2987 443 primi,
3021 373 3232 447 inquit,
3262 378 3459 432 Patres
3487 376 3678 449 ipsius

2020 457 2314 528 Ecclesia,
2342 459 2446 531 qui
2476 463 2535 515 et
2556 459 3052 518 Christianitatem
3103 479 3286 534 regno
3347 465 3679 536 Anglorum

2022 546 2363 615 attulerunt,
2393 552 2447 604 et
2474 564 2686 604 omnes
2715 549 2820 622 qui
2845 548 2930 605 eis
2958 556 3376 609 successerunt
3405 570 3597 627 usque
3619 554 3682 610 in

2021 651 2292 708 praesens
2321 637 2626 707 monachi,
2651 642 2714 694 ut
2734 638 3289 712 omnibus_constat,
3317 643 3679 712 exstiterint;

2023 741 2136 796 ego
2167 731 2291 783 tam
2322 727 2657 800 antiquam,
2693 733 2812 784 tam
2831 733 3122 793 sanctam,
3158 734 3282 787 tam
3313 734 3432 788 Deo
3461 749 3680 807 accep-

2023 817 2168 885 tam,
2210 820 2267 872 et
2289 819 2590 873 tantorum
2636 820 2874 874 Patrum
2931 819 3280 876 auctoritate
3338 821 3684 878 roboratam

2026 905 2527 962 consuetudinem
2561 910 2879 973 mutarem,
2929 906 3336 978 infringerem,
3389 910 3683 966 annihila-

2023 993 2200 1048 rem?
2231 993 2431 1061 absit;
2485 994 2610 1050 imo
2663 995 2894 1050 noverit
2939 999 3060 1051 tota
3111 996 3431 1065 Britannia,
3464 1003 3522 1054 et
3549 1015 3685 1070 qua

2027 1080 2307 1151 adjacent
2332 1082 2543 1139 insula
2573 1099 2807 1153 omnes,
2841 1100 2938 1140 me
2958 1083 3124 1140 nullo
3179 1101 3451 1158 unquam
3506 1093 3685 1160 pacto

2027 1184 2466 1226 consensurum
2499 1176 2562 1228 ut
2589 1172 2798 1245 ipsein
2829 1172 3083 1228 clericali
3137 1172 3348 1230 habitu
3405 1176 3688 1232 constitu«

2028 1261 2123 1313 tus
2153 1275 2259 1332 per
2283 1260 2700 1332 pontiﬁcatum
2733 1261 3003 1317 Ecclesia
3036 1262 3449 1319 (lantuariensi
3488 1265 3689 1336 prasi-

2028 1347 2227 1412 deam,
2259 1349 2354 1404 cui
2383 1349 2582 1405 nullus
2614 1351 2868 1407 antehac
2898 1351 3004 1424 qui
3027 1351 3366 1408 monachus
3411 1368 3535 1409 non
3564 1352 3690 1411 fue-

2029 1438 2122 1506 rit,
2157 1439 2338 1495 scitur
2365 1440 2740 1513 prasedisse.
2775 1446 3050 1498 Attamen
3075 1441 3219 1515 quia
3246 1459 3365 1510 me,
3398 1448 3462 1500 ut
3484 1443 3693 1500 intelli-

263 1527 633 1583 confortatus
685 1529 998 1601 arripiens,
1057 1530 1301 1619 dextera
1360 1531 1634 1619 lavaque
1674 1537 1926 1589 cunctos
1961 1567 2006 1619 B
2033 1526 2313 1619 sidatul‘,
2344 1543 2468 1619 I_10n
2499 1533 2562 1584 tu
2592 1528 2779 1594 solus,
2814 1529 2920 1585 sed
2967 1529 3137 1619 multi
3189 1535 3425 1600 vocant,
3487 1536 3554 1588 ut
3607 1532 3692 1589 ibi

262 1620 670 1686 occursantes,
704 1621 808 1672 aut
837 1617 1180 1684 debilitavit,
1213 1623 1319 1674 aut
1350 1618 1601 1691 fugavit,
1626 1623 1730 1675 aut
1748 1621 1925 1676 morti

261 1705 532 1762 funditus
562 1706 818 1762 tradidit.
853 1711 1058 1779 itaque
1083 1708 1255 1779 juxta
1281 1708 1535 1765 verbum
1576 1709 1785 1766 famuli
1824 1711 1926 1766 Dei

263 1795 488 1850 factum
518 1800 623 1862 est,
659 1800 722 1851 ut
745 1796 923 1851 simul
948 1802 1005 1851 et
1033 1797 1121 1852 sol
1151 1798 1555 1866 occumberet,
1583 1804 1640 1855 et
1686 1799 1811 1869 regi
1851 1799 1926 1855 de

261 1882 533 1938 hostibus
565 1883 807 1938 victoria
836 1884 1194 1955 proveniret.
1217 1885 1371 1951 Quid
1398 1886 1538 1942 hinc
1573 1887 1922 1956 gratiarum,

263 1972 412 2045 quid
431 1971 705 2042 laudum,
733 1973 880 2046 quid
911 1978 1186 2029 votorum
1220 1977 1339 2030 Deo
1365 1991 1472 2048 per
1513 1975 1755 2031 fidelem
1813 1991 1928 2031 ser-

264 2077 410 2115 vum
441 2077 620 2115 suum
652 2061 943 2128 Odonem,
971 2077 1079 2134 per
1097 2077 1321 2132 regem,
1346 2077 1454 2134 per
1469 2063 1754 2119 victorem
1767 2080 1927 2120 exer-

265 2150 469 2218 citum,
499 2165 608 2222 per
640 2155 832 2206 totum
861 2167 1114 2221 regnum
1169 2168 1292 2224 quo
1349 2152 1705 2223 magnitudo
1758 2153 1926 2210 istius

264 2238 520 2294 victoria
549 2238 776 2311 perlata
798 2245 905 2307 est,
937 2241 1011 2294 sit
1035 2240 1407 2314 persolutum
1451 2241 1587 2314 quis
1637 2247 1872 2298 enarret
1899 2244 1927 2298 ?

263 2327 699 2396 Magniﬁcentia
728 2329 864 2384 facti
891 2328 1132 2385 docebit
1160 2329 1492 2398 audientes,
1525 2330 1669 2404 quia
1698 2347 1821 2388 non
1842 2331 1926 2388 fa-

265 2416 372 2472 cile
410 2417 762 2490 quisquam.
799 2418 1100 2474 Gloriosus
1129 2424 1330 2474 autem
1359 2420 1484 2476 Odo
1522 2435 1761 2490 magnae
1819 2421 1924 2478 de-

263 2505 403 2561 hinc
433 2505 846 2563 admirationis
875 2507 1040 2580 apud
1065 2523 1276 2563 omnes
1305 2508 1549 2565 habitus
1565 2515 1672 2581 est,
1706 2515 1762 2567 et
1787 2527 1924 2567 vere

261 2595 588 2668 praclarus
621 2596 880 2652 Israelita
906 2598 1354 2669 comprobatus.

261 2694 623 2749 Eadmundo
654 2699 894 2766 cogente
910 2695 990 2749 ad
1011 2695 1362 2751 Cantuaria
1367 2697 1789 2766 pontiﬁcatum
1802 2712 1922 2753 non

336 2766 652 2836 acquiescit
678 2765 1196 2821 translationim'si
1207 2768 1386 2836 prius
1409 2768 1483 2822 sit
1499 2768 1848 2824 monachus.

337 2865 387 2916 8.
423 2863 564 2916 Post
614 2878 846 2934 paucos
876 2862 1059 2933 hujus
1116 2863 1372 2934 insignis
1417 2864 1680 2921 victoria
1726 2881 1921 2922 annos

262 2951 637 3007 Ethelstanus
687 2950 850 3006 bono
899 2950 1018 3006 ﬁne
1074 2955 1432 3024 prasentem
1479 2952 1666 3010 vitam
1735 2953 1924 3010 ﬁnivit

261 3040 428 3111 (269),
461 3044 517 3095 et
540 3038 718 3095 frater
738 3039 868 3109 ejus
902 3038 1294 3095 Eadmundus
1336 3040 1536 3097 locum
1578 3040 1920 3098 decedentis

258 3145 365 3184 rex
393 3128 586 3184 factus
615 3128 888 3184 obtinuit.
916 3129 1060 3184 Hinc
1090 3130 1362 3199 germani
1419 3131 1511 3186 sui
1559 3129 1810 3202 vestigia
1862 3131 1926 3187 in

261 3218 426 3274 bono
443 3217 758 3283 amulans,
787 3217 983 3273 bonos
1003 3234 1277 3290 quosque
1309 3235 1549 3276 summo
1572 3220 1770 3276 studio
1797 3219 1924 3276 dili-

262 3307 462 3379 gebat,
494 3312 550 3363 et
578 3323 680 3363 eos
706 3307 818 3363 sibi
848 3307 1170 3364 familiares
1224 3308 1485 3380 effectos,
1535 3309 1597 3364 in
1651 3309 1745 3365 his
1787 3325 1924 3382 qua

265 3397 665 3456 Christianum
712 3412 917 3468 regem
969 3397 1284 3470 decebant,
1345 3397 1574 3455 sincero
1601 3414 1672 3455 ac
1718 3397 1925 3454 libenti

264 3489 469 3545 animo
499 3487 803 3545 audiebat.
835 3487 1114 3545 Praeclare
1143 3489 1323 3559 igitur
1346 3489 1500 3545 inter
1519 3488 1667 3546 alios
1715 3489 1930 3546 beatus

265 3579 394 3636 Odo
419 3579 548 3650 ejus
573 3578 972 3636 familiaritate
1001 3579 1226 3652 potitus
1272 3583 1379 3650 est,
1412 3584 1469 3636 et
1526 3579 1601 3636 eb
1650 3594 1720 3636 eo
1777 3594 1932 3652 pura

265 3671 465 3725 mente
494 3667 764 3724 dilectus.
798 3668 896 3724 His
915 3667 1130 3724 diebus
1163 3668 1467 3725 Wlfelmus
1488 3669 1756 3742 pontifex
1781 3671 1932 3725 Can-

2031 1615 2299 1688 pontifex
2337 1617 2501 1685 ﬁam,
2536 1633 2646 1673 nec
2669 1634 2874 1673 meum
2905 1623 2993 1675 est
3014 1618 3126 1674 illis
3149 1619 3500 1676 reluctando
3529 1621 3692 1694 peni-

2031 1709 2126 1760 tus
2143 1705 2570 1774 contradicere,
2597 1723 2672 1761 ne
2697 1723 2838 1763 eum
2859 1707 2963 1780 qui
2987 1707 3048 1763 in
3077 1707 3222 1781 ipsis
3251 1708 3482 1765 habitat
3502 1713 3690 1767 Deum
3795 1779 3797 1782 ι

2033 1793 2361 1862 offendam,
2395 1795 2831 1851 commendans
2881 1796 3309 1852 conscientiam
3357 1814 3558 1854 meam
3615 1798 3694 1855 ab

2034 1881 2199 1936 omni
2220 1881 2388 1937 istius
2408 1882 2654 1939 honoris
2683 1883 3008 1940 ambitione
3039 1901 3299 1941 vacuam
3330 1888 3471 1957 Deo,
3517 1903 3695 1943 sanc-

2035 1974 2163 2025 tum
2187 1971 2565 2043 propositum
2613 1972 2983 2028 monachica
3036 1972 3360 2043 religionis,
3418 1975 3585 2047 quod
3616 1975 3695 2032 ab

2033 2059 2274 2116 ineunte
2303 2064 2473 2116 atate
2499 2060 2855 2130 desideravi,
2883 2077 2993 2117 nec
3018 2061 3270 2134 adipisci
3298 2062 3477 2118 variis
3499 2064 3696 2121 causis

2032 2149 2498 2222 impedientibus
2546 2150 2758 2218 merui,
2812 2150 2926 2206 hac
2957 2150 3189 2222 saltem,
3249 2156 3316 2208 ut
3343 2151 3579 2208 interim
3614 2154 3699 2210 ita

2033 2241 2291 2310 putetur,
2315 2238 2630 2294 occasione
2661 2253 2992 2294 assumam.
3027 2239 3417 2295 Postmodum
3447 2256 3587 2296 vero
3620 2240 3696 2298 de

2033 2326 2385 2399 pontiﬁcatu
2411 2343 2535 2399 quo
2565 2327 2640 2383 de
2670 2327 2866 2396 agitis,
2895 2327 3024 2399 ipse
3055 2327 3150 2383 cui
3182 2332 3399 2384 cuncta
3415 2328 3692 2385 cordium

2034 2419 2260 2471 secreta
2288 2421 2626 2488 patescunt,
2660 2420 2820 2486 agat,
2851 2420 2908 2472 et
2942 2416 3106 2472 hunc
3135 2416 3200 2472 in
3230 2432 3301 2474 eo
3345 2417 3692 2488 constituat,

2037 2521 2216 2578 quem
2237 2503 2524 2560 idoneum
2555 2505 2633 2561 ad
2663 2505 2777 2560 hoc
2807 2521 2918 2560 sua
2951 2505 3247 2578 sapientia
3277 2506 3512 2580 probat.

2031 2603 2321 2660 Monachi
2340 2608 2552 2660 vestem
2578 2618 2615 2660 α
2640 2604 3121 2660 Floriacensibus
3153 2605 3370 2674 accipit
3402 2623 3416 2673 ;
3458 2605 3528 2674 ﬁt
3558 2606 3696 2663 dein

2620 2675 3104 2745 archiepiscopus

2103 2775 2155 2826 9.
2186 2774 2304 2827 Hac
2319 2771 2429 2827 viri
2456 2772 2748 2828 sententia
2769 2788 2872 2828 rex
2898 2789 3022 2828 non
3050 2772 3284 2828 modice
3306 2773 3693 2841 exhilaratus,

2030 2861 2240 2918 laudat
2269 2864 2545 2917 sanctum
2571 2861 2950 2934 propositum
2971 2862 3121 2931 ejus,
3153 2861 3362 2918 laudat
3395 2862 3697 2919 admiran-

2031 2950 2180 3006 dum
2206 2955 2264 3007 et
2284 2950 2644 3006 imitandum
2677 2950 3022 3023 exemplum
3053 2965 3293 3020 magna
3345 2950 3697 3007 humilitatis

2033 3041 2184 3111 ejus,
2217 3039 2425 3095 laudat
2442 3043 2817 3096 constantem
2847 3039 3129 3095 virtutem
3156 3039 3343 3096 animi
3366 3040 3516 3112 ejus.
3551 3040 3695 3096 Des-

2032 3129 2298 3187 tinantur
2327 3128 2504 3199 igitur
2527 3133 2662 3201 post
2687 3129 2815 3185 hac
2873 3127 2984 3185 sub
3039 3129 3334 3186 celeritate
3369 3129 3564 3186 nuntii
3614 3129 3726 3187 ad'

2033 3217 2318 3275 abbatem
2375 3217 2632 3274 canohii
2691 3218 2880 3274 sancti
2934 3217 3229 3274 Benedicti
3282 3217 3692 3291 Floriacensis,

2033 3311 2253 3365 sancta
2281 3307 2582 3379 religionis
2607 3307 2883 3364 habitum
2908 3306 2988 3363 ad
3031 3323 3187 3381 opus
3234 3306 3499 3381 episcopi
3524 3308 3699 3380 juxta

2033 3397 2451 3471 prascriptum
2467 3396 2776 3467 negotium
2796 3396 3169 3469 exquisituri.
3188 3399 3372 3454 Fama
3395 3396 3698 3470 siquidem

2034 3485 2493 3556 religiosissima
2523 3485 3016 3556 conversationis,
3074 3501 3212 3558 qua
3261 3484 3440 3559 apud
3476 3484 3699 3542 Floria-

2038 3591 2178 3632 cum
2203 3574 2348 3647 ipsis
2370 3574 2609 3646 diebus,
2640 3589 2885 3647 quaque
2915 3577 3212 3630 terrarum
3243 3573 3546 3631 ferebatur
3572 3589 3703 3631 om-

2037 3663 2289 3721 nimodo
2322 3663 2548 3720 fervere
2578 3682 2590 3732 ;
2625 3667 2682 3718 et
2711 3668 2920 3720 contra
2946 3663 3214 3720 studium
3243 3663 3516 3734 ejusdem
3565 3663 3702 3719 reli-

263 3757 598 3815 tuariorum
628 3757 858 3813 cunctis
880 3757 1236 3813 mortalibus
1275 3757 1548 3813 debitum
1571 3759 1707 3814 vita
1748 3758 1936 3814 tinem
2041 3753 2256 3824 gionis,
2277 3752 2445 3824 quod
2473 3751 2553 3807 ob
2585 3751 2941 3824 multiplices
2979 3751 3352 3808 diversorum
3382 3755 3704 3808 eventuum

269 3846 508 3903 sortitus
533 3849 641 3901 est.
666 3849 746 3901 Ne
775 3847 983 3918 itaque
1016 3850 1184 3902 tanta
1211 3845 1384 3902 sedes
1407 3845 1544 3919 plus
1595 3861 1772 3920 aquo
1801 3861 1939 3919 pas-
2042 3857 2222 3898 casus
2261 3841 2323 3896 in
2352 3840 2566 3910 Anglia
2591 3855 3033 3913 usquequaque
3084 3844 3348 3913 coeperat
3376 3839 3704 3910 defervere,

269 3943 399 3996 tore
429 3940 678 4006 careret,
709 3936 1109 3993 reverendum
1162 3937 1432 3994 Odonem
1483 3953 1590 3994 rex
1637 3937 1937 4001 convenit,
2043 3931 2183 3988 illuc
2206 3929 2359 3986 mitti
2384 3934 2440 3986 et
2465 3928 2605 3985 inde
2632 3929 2848 4003 cupita
2877 3929 3185 4001 religionis
3243 3929 3522 3986 effectum
3575 3945 3709 4002 per-

271 4027 536 4085 suadens
561 4030 862 4100 quatenus
893 4026 1173 4083 desolata
1206 4025 1477 4082 Ecclesia
1537 4043 1646 4100 per
1703 4041 1941 4099 suscep-
2047 4019 2237 4076 suasit
2255 4018 2481 4091 expleri
2515 4035 2527 4073 :
2557 4017 2723 4091 quod
2752 4023 2810 4075 et
2837 4017 3062 4075 factum
3087 4021 3198 4075 est.
3234 4017 3436 4075 Abbas
3483 4018 3710 4092 quippe

271 4118 498 4174 tionem
544 4132 725 4190 super
761 4115 928 4172 illam
985 4131 1143 4172 cura
1193 4114 1511 4188 pastoralis
1566 4115 1930 4171 subveniret.
2045 4108 2163 4165 loci
2188 4107 2376 4180 ipsius
2407 4106 2614 4164 audito
2643 4106 2856 4163 nuntio
2908 4106 3250 4163 latissimus
3299 4106 3572 4176 efﬁcitur,
3615 4123 3712 4163 as-

276 4207 488 4264 Obstat
513 4205 628 4274 ille,
658 4221 769 4261 nec
799 4204 989 4260 ullum
1018 4203 1294 4262 suadenti
1322 4205 1551 4277 prabet
1598 4219 1940 4262 assensum.
1978 4236 2021 4290 υ
2051 4195 2429 4270 sumptisque
2459 4210 2665 4290 secum
2689 4194 2995 4290 nonnullis
3015 4210 3046 4251 e
3064 4194 3520 4290 fratribus-suis,
3541 4210 3714 4290 pros-

278 4295 425 4352 Dicit
451 4295 614 4351 enim
643 4298 700 4350 et
726 4294 1045 4365 indignum
1071 4310 1132 4351 se
1158 4297 1323 4350 tanta
1349 4309 1414 4350 re
1463 4313 1476 4363 ;
1516 4297 1574 4350 et
1598 4293 1648 4350 si
1675 4293 1936 4366 dignitas
1978 4282 2014 4290 ⁷
2053 4300 2197 4361 pero
2225 4299 2401 4340 cursu
2430 4299 2596 4340 mare
2628 4286 3023 4351 transvectus,
3045 4282 3322 4353 Angliam
3351 4283 3716 4355 ingreditur;

280 4384 659 4457 aliquatenus
679 4383 990 4456 aspiraret,
1014 4389 1216 4440 tamen
1241 4399 1317 4439 ne
1363 4383 1633 4456 pontifex
1676 4382 1942 4439 Ecclesia
2053 4373 2378 4434 antistitem
2409 4373 2679 4430 Odonem
2706 4376 2826 4429 Deo
2851 4373 2911 4428 in
2943 4372 3170 4430 cunctis
3199 4372 3433 4445 placere
3473 4373 3720 4429 studen-

283 4489 393 4530 sua
420 4473 624 4530 relicta
653 4472 732 4529 ad
754 4472 936 4529 aliam
974 4473 1208 4544 migret,
1241 4488 1548 4529 canonum
1592 4471 1942 4528 auctoritate
2055 4471 2177 4523 tem
2202 4464 2399 4521 alacer
2424 4463 2568 4533 adit,
2601 4467 2659 4518 et
2681 4462 2735 4519 ei
2747 4478 2934 4535 quam
2955 4461 3340 4518 desiderabat
3368 4462 3558 4518 sancti
3582 4476 3724 4534 pro-

283 4561 498 4618 fatetur
525 4561 849 4633 prohiberi.
880 4564 1097 4619 Contra
1121 4578 1258 4634 qua
1288 4565 1346 4617 et
1393 4566 1603 4618 notam
1664 4559 1948 4618 omnibus
2057 4555 2234 4630 positi
2266 4557 2492 4611 vestem
2521 4553 2908 4609 devotissime
2935 4551 3130 4608 tradit.
3163 4551 3514 4624 Spectabilis
3544 4550 3726 4622 igitur

286 4650 647 4724 probitatem
675 4650 834 4707 illius
886 4667 992 4707 rex
1042 4650 1340 4722 edisserit,
1399 4654 1457 4706 et
1515 4649 1685 4723 quod
1742 4649 1954 4706 beatus
2061 4645 2327 4720 pontifex
2357 4643 2484 4701 Odo
2511 4643 2851 4699 monachus
2907 4641 3119 4698 habitu
3172 4641 3388 4709 factus,
3447 4641 3552 4714 qui
3599 4641 3730 4712 jam

287 4739 702 4813 apostolorum
732 4741 1010 4813 princeps
1037 4743 1240 4797 Petrus
1260 4739 1336 4796 de
1357 4739 1672 4795 Antiochia
1702 4741 1957 4794 Romam
2063 4735 2206 4792 olim
2235 4732 2607 4790 monachica
2633 4732 2765 4788 vita
2792 4730 2976 4788 sacris
3007 4730 3201 4788 fuerat
3223 4729 3457 4786 actibus
3486 4729 3734 4786 decora-

289 4829 611 4886 translatus
638 4829 831 4897 fuerit,
863 4829 1153 4902 multique
1179 4829 1280 4886 alii
1303 4829 1477 4900 juxta
1505 4832 1780 4885 veterum
1819 4843 1950 4884 mo-
2067 4829 2186 4891 tus,
2214 4822 2363 4895 quin
2388 4823 2608 4893 jugum
2656 4819 2892 4875 Domini
2922 4834 3105 4891 super
3153 4821 3339 4876 totam
3368 4817 3648 4890 Angliam
3696 4832 3734 4875 a

292 4923 600 4988 numenta,
623 4918 914 4974 librorum
937 4918 1109 4974 sedes
1132 4933 1274 4973 suas
1302 4917 1531 4974 ratione
1554 4922 1801 4989 cogente
1822 4932 1951 4972 mu-
2066 4927 2207 4982 rege
2232 4915 2289 4967 et
2316 4925 2503 4981 regno
2523 4908 2828 4971 invitatus,
2857 4908 2981 4964 imo
3005 4906 3356 4981 compulsus
3387 4907 3736 4981 susciperet,

294 5007 564 5077 taverint,
594 5007 896 5064 luculento
929 5022 1204 5062 sermone
1235 5007 1551 5078 proponit;
1612 5011 1669 5062 et
1698 5005 1917 5078 adjecit
1944 5023 1958 5073 ;
2072 5003 2263 5059 factus
2294 4999 2541 5056 antistes
2588 4997 3030 5055 Cantuariensis
3078 5012 3382 5092 recusare
3402 4997 3560 5092 ultra
3583 5009 3744 5092 “non

299 5098 486 5169 Hujus
507 5114 752 5172 quoque
781 5097 866 5152 rei
895 5095 1242 5168 exemplum
1273 5110 1460 5167 penes
1485 5110 1596 5150 nos
1628 5095 1772 5151 satis
1831 5094 1963 5150 ido-
2074 5090 2284 5166 potuit.
2349 5087 2610 5154 Qualiter
2662 5103 2805 5159 ergo
2854 5086 3118 5160 suscepti
3172 5085 3480 5156 regiminis
3535 5082 3736 5139 ofﬁcio

298 5203 487 5244 neum
517 5192 575 5243 et
602 5170 834 5243 clarum
866 5185 1184 5254 habemus,
1215 5183 1380 5240 viros
1408 5182 1676 5239 videlicet
1701 5186 1966 5255 sanctos,
2079 5197 2226 5237 usus
2253 5178 2327 5234 sit
2345 5177 2450 5250 qui
2473 5192 2654 5234 nosse
2684 5176 3050 5264 desiderant,
3067 5191 3139 5267 ex
3159 5175 3281 5231 vita
3307 5173 3632 5267 ejus-qua

302 5275 561 5333 Melitum
590 5277 723 5333 dico
750 5274 1071 5332 antistitem
1101 5272 1604 5340 Lundoniensem,
1647 5276 1704 5328 et
1731 5275 1967 5328 Justum
2081 5267 2276 5342 qualis
2323 5271 2460 5323 ante
2519 5258 2923 5323 sacerdotium
2973 5268 3031 5320 et
3077 5263 3139 5317 in
3191 5258 3528 5316 sacerdotio
3574 5258 3754 5313 fuerit

306 5365 628 5422 Rofensem
668 5363 1054 5423 Cantuariam
1083 5363 1259 5419 simili
1289 5363 1743 5434 ratione,qnate
1766 5361 1970 5417 sedem
2083 5357 2294 5433 paucis
2320 5371 2504 5430 supra
2539 5355 2921 5426 digessimus,
2977 5352 3130 5406 sicut
3187 5347 3440 5416 astimo,
3501 5347 3758 5420 possunt

383 5477 531 5547 (“269)
562 5478 780 5547 Nempe
811 5487 973 5547 anno
1000 5473 1126 5547 941,
1145 5471 1459 5547 etquidem
1488 5486 1543 5524 vi
1567 5469 1696 5525 Kal.
1722 5473 1971 5547 Novem-
2087 5483 2238 5547 num
2256 5467 2607 5546 sequentem
2634 5462 2880 5530 contigit
2901 5456 3125 5515 Odonis
3145 5456 3446 5529 promotio
3466 5456 3528 5514 in
3549 5453 3756 5511 sedem

310 5542 456 5615 bris,
482 5542 554 5602 ex
581 5542 981 5615 Chrénologia
1009 5542 1306 5600 Santonica
1359 5546 1486 5599 Non
1517 5557 1658 5612 ergo
1686 5545 1822 5597 ante
1873 5556 1976 5597 an-
2095 5542 2605 5596 Cantuariensem.

609 5637 851 5690 PATROL.
896 5632 1166 5690 CXXXIII.
1577 5665 1586 5670 -
3411 5621 3479 5672 30
