  <div class='ocr_page' id='page_1' title='image "/cluster/home/n/w/nwhite01/storage/ocr_20150623/133/hvd.32044054759949/475.png"; bbox 0 0 4166 6162; ppageno 0'>
   <div class='ocr_carea' id='block_1_1' title="bbox 514 125 624 183">
    <p class='ocr_par' dir='ltr' id='par_1_1' title="bbox 514 125 624 183">
     <span class='ocr_line' id='line_1_1' title="bbox 514 125 624 183; baseline 0.009 -1"><span class='ocrx_word' id='word_1_1' title='bbox 514 125 624 183; x_wconf 76' lang='lat'>939</span> 
     </span>
    </p>
   </div>
   <div class='ocr_carea' id='block_1_2' title="bbox 1668 117 2788 178">
    <p class='ocr_par' dir='ltr' id='par_1_2' title="bbox 1668 117 2788 178">
     <span class='ocr_line' id='line_1_2' title="bbox 1668 117 2788 178; baseline 0.001 -1"><span class='ocrx_word' id='word_1_2' title='bbox 1668 122 1740 177; x_wconf 87' lang='lat' dir='ltr'>S.-</span> <span class='ocrx_word' id='word_1_3' title='bbox 1767 120 2023 176; x_wconf 88' lang='lat' dir='ltr'>ODONIS</span> <span class='ocrx_word' id='word_1_4' title='bbox 2067 117 2388 176; x_wconf 82' lang='lat' dir='ltr'>ARCHIEP.</span> <span class='ocrx_word' id='word_1_5' title='bbox 2434 121 2788 178; x_wconf 82' lang='lat' dir='ltr'>CANTUAR.</span> 
     </span>
    </p>
   </div>
   <div class='ocr_carea' id='block_1_3' title="bbox 3835 129 3934 182">
    <p class='ocr_par' dir='ltr' id='par_1_3' title="bbox 3835 129 3934 182">
     <span class='ocr_line' id='line_1_3' title="bbox 3835 129 3934 182; baseline 0 0"><span class='ocrx_word' id='word_1_6' title='bbox 3835 129 3934 182; x_wconf 63' lang='grc'>940</span> 
     </span>
    </p>
   </div>
   <div class='ocr_carea' id='block_1_4' title="bbox 515 223 3934 317">
    <p class='ocr_par' dir='ltr' id='par_1_4' title="bbox 515 223 3934 317">
     <span class='ocr_line' id='line_1_4' title="bbox 515 223 3934 317; baseline 0 -13"><span class='ocrx_word' id='word_1_7' title='bbox 515 246 843 304; x_wconf 78' lang='lat' dir='ltr'>advertere.</span> <span class='ocrx_word' id='word_1_8' title='bbox 873 242 1105 300; x_wconf 83' lang='lat' dir='ltr'>Exstitit</span> <span class='ocrx_word' id='word_1_9' title='bbox 1133 243 1295 300; x_wconf 90' lang='lat' dir='ltr'>enim</span> <span class='ocrx_word' id='word_1_10' title='bbox 1325 248 1380 300; x_wconf 88' lang='lat' dir='ltr'>et</span> <span class='ocrx_word' id='word_1_11' title='bbox 1407 242 1715 299; x_wconf 77' lang='lat' dir='ltr'>sanctitate</span> <span class='ocrx_word' id='word_1_12' title='bbox 1740 241 2084 308; x_wconf 85' lang='lat' dir='ltr'>laudabilis,</span> <span class='ocrx_word' id='word_1_13' title='bbox 2110 244 2168 297; x_wconf 89' lang='lat' dir='ltr'>et</span> <span class='ocrx_word' id='word_1_14' title='bbox 2207 244 2255 298; x_wconf 79' lang='grc' dir='ltr'><strong>Α</strong></span> <span class='ocrx_word' id='word_1_15' title='bbox 2285 242 2512 310; x_wconf 86' lang='lat' dir='ltr'>derent,</span> <span class='ocrx_word' id='word_1_16' title='bbox 2545 245 2649 317; x_wconf 87' lang='lat' dir='ltr'>qui</span> <span class='ocrx_word' id='word_1_17' title='bbox 2673 260 2885 301; x_wconf 87' lang='lat' dir='ltr'>verum</span> <span class='ocrx_word' id='word_1_18' title='bbox 2918 244 3273 314; x_wconf 87' lang='lat' dir='ltr'>sanguinem</span> <span class='ocrx_word' id='word_1_19' title='bbox 3305 245 3445 301; x_wconf 91' lang='lat' dir='ltr'>inde</span> <span class='ocrx_word' id='word_1_20' title='bbox 3495 223 3934 304; x_wconf 34' lang='lat' dir='ltr'>manare‘con-</span> 
     </span>
    </p>
   </div>
   <div class='ocr_carea' id='block_1_5' title="bbox 514 331 2031 409">
    <p class='ocr_par' dir='ltr' id='par_1_5' title="bbox 514 331 2031 409">
     <span class='ocr_line' id='line_1_5' title="bbox 514 331 2031 409; baseline -0.005 -17"><span class='ocrx_word' id='word_1_21' title='bbox 514 335 807 409; x_wconf 82' lang='lat' dir='ltr'>sapientia</span> <span class='ocrx_word' id='word_1_22' title='bbox 837 331 1233 404; x_wconf 85' lang='lat' dir='ltr'>admirabilis,</span> <span class='ocrx_word' id='word_1_23' title='bbox 1256 335 1313 389; x_wconf 88' lang='lat' dir='ltr'>et</span> <span class='ocrx_word' id='word_1_24' title='bbox 1332 331 1664 389; x_wconf 76' lang='lat' dir='ltr'>constantia</span> <span class='ocrx_word' id='word_1_25' title='bbox 1692 331 2031 400; x_wconf 79' lang='lat' dir='ltr'>singularis.</span> 
     </span>
    </p>
   </div>
   <div class='ocr_carea' id='block_1_6' title="bbox 512 429 2169 504">
    <p class='ocr_par' dir='ltr' id='par_1_6' title="bbox 512 429 2169 504">
     <span class='ocr_line' id='line_1_6' title="bbox 512 429 2169 504; baseline -0.005 -12"><span class='ocrx_word' id='word_1_26' title='bbox 512 434 813 492; x_wconf 78' lang='lat' dir='ltr'>Edredum</span> <span class='ocrx_word' id='word_1_27' title='bbox 849 447 1042 504; x_wconf 81' lang='lat' dir='ltr'><strong><em>regem</em></strong></span> <span class='ocrx_word' id='word_1_28' title='bbox 1093 436 1284 502; x_wconf 75' lang='lat' dir='ltr'>ungit.</span> <span class='ocrx_word' id='word_1_29' title='bbox 1334 431 1738 504; x_wconf 74' lang='lat' dir='ltr'>Eucharz&#39;stiae</span> <span class='ocrx_word' id='word_1_30' title='bbox 1794 429 2169 486; x_wconf 80' lang='lat' dir='ltr'>adversarios</span> 
     </span>
    </p>
   </div>
   <div class='ocr_carea' id='block_1_7' title="bbox 741 502 1667 560">
    <p class='ocr_par' dir='ltr' id='par_1_7' title="bbox 741 502 1667 560">
     <span class='ocr_line' id='line_1_7' title="bbox 741 502 1667 560; baseline -0.003 -1"><span class='ocrx_word' id='word_1_31' title='bbox 741 543 746 548; x_wconf 91' lang='grc'><strong>-</strong></span> <span class='ocrx_word' id='word_1_32' title='bbox 919 502 930 504; x_wconf 62' lang='grc'><em>’</em></span> <span class='ocrx_word' id='word_1_33' title='bbox 1005 504 1304 560; x_wconf 79' lang='lat' dir='ltr'>miraculo</span> <span class='ocrx_word' id='word_1_34' title='bbox 1358 502 1667 558; x_wconf 75' lang='lat' dir='ltr'>convertit.</span> 
     </span>
    </p>
   </div>
   <div class='ocr_carea' id='block_1_8' title="bbox 588 599 2168 674">
    <p class='ocr_par' dir='ltr' id='par_1_8' title="bbox 588 599 2168 674">
     <span class='ocr_line' id='line_1_8' title="bbox 588 599 2168 674; baseline -0.004 -14"><span class='ocrx_word' id='word_1_35' title='bbox 588 607 673 660; x_wconf 78' lang='grc'>10.</span> <span class='ocrx_word' id='word_1_36' title='bbox 705 606 860 674; x_wconf 83' lang='lat' dir='ltr'>Rege</span> <span class='ocrx_word' id='word_1_37' title='bbox 887 605 1088 659; x_wconf 90' lang='lat' dir='ltr'>autem</span> <span class='ocrx_word' id='word_1_38' title='bbox 1111 599 1546 657; x_wconf 87' lang='lat' dir='ltr'>Eadmundoin</span> <span class='ocrx_word' id='word_1_39' title='bbox 1570 599 1753 655; x_wconf 89' lang='lat' dir='ltr'>domo</span> <span class='ocrx_word' id='word_1_40' title='bbox 1777 617 1888 655; x_wconf 84' lang='lat' dir='ltr'>sua</span> <span class='ocrx_word' id='word_1_41' title='bbox 1915 599 2168 656; x_wconf 87' lang='lat' dir='ltr'>malitio-</span> 
     </span>
    </p>
   </div>
   <div class='ocr_carea' id='block_1_9' title="bbox 511 689 2168 762">
    <p class='ocr_par' dir='ltr' id='par_1_9' title="bbox 511 689 2168 762">
     <span class='ocr_line' id='line_1_9' title="bbox 511 689 2168 762; baseline -0.003 -12"><span class='ocrx_word' id='word_1_42' title='bbox 511 711 575 751; x_wconf 88' lang='lat' dir='ltr'>se</span> <span class='ocrx_word' id='word_1_43' title='bbox 603 694 930 761; x_wconf 87' lang='lat' dir='ltr'>interfecto,</span> <span class='ocrx_word' id='word_1_44' title='bbox 954 691 1132 748; x_wconf 79' lang='lat' dir='ltr'>frater</span> <span class='ocrx_word' id='word_1_45' title='bbox 1153 691 1283 762; x_wconf 89' lang='lat' dir='ltr'>ejus</span> <span class='ocrx_word' id='word_1_46' title='bbox 1319 689 1584 746; x_wconf 85' lang='lat' dir='ltr'>Edredus</span> <span class='ocrx_word' id='word_1_47' title='bbox 1623 689 1858 761; x_wconf 90' lang='lat' dir='ltr'>imperii</span> <span class='ocrx_word' id='word_1_48' title='bbox 1881 689 2168 760; x_wconf 77' lang='lat' dir='ltr'>dignitate</span> 
     </span>
    </p>
   </div>
   <div class='ocr_carea' id='block_1_10' title="bbox 511 778 2168 852">
    <p class='ocr_par' dir='ltr' id='par_1_10' title="bbox 511 778 2168 852">
     <span class='ocr_line' id='line_1_10' title="bbox 511 778 2168 852; baseline -0.004 -14"><span class='ocrx_word' id='word_1_49' title='bbox 511 783 772 851; x_wconf 88' lang='lat' dir='ltr'>functus,</span> <span class='ocrx_word' id='word_1_50' title='bbox 797 797 833 838; x_wconf 93' lang='lat' dir='ltr'>a</span> <span class='ocrx_word' id='word_1_51' title='bbox 860 780 1118 852; x_wconf 89' lang='lat' dir='ltr'>glorioso</span> <span class='ocrx_word' id='word_1_52' title='bbox 1149 779 1355 836; x_wconf 91' lang='lat' dir='ltr'>Odone</span> <span class='ocrx_word' id='word_1_53' title='bbox 1412 778 1868 834; x_wconf 81' lang='lat' dir='ltr'>Cantuariorum</span> <span class='ocrx_word' id='word_1_54' title='bbox 1927 793 2168 833; x_wconf 79' lang='lat' dir='ltr'>summo</span> 
     </span>
    </p>
   </div>
   <div class='ocr_carea' id='block_1_11' title="bbox 511 867 2170 944">
    <p class='ocr_par' dir='ltr' id='par_1_11' title="bbox 511 867 2170 944">
     <span class='ocr_line' id='line_1_11' title="bbox 511 867 2170 944; baseline -0.004 -16"><span class='ocrx_word' id='word_1_55' title='bbox 511 872 796 944; x_wconf 88' lang='lat' dir='ltr'>pontiﬁce</span> <span class='ocrx_word' id='word_1_56' title='bbox 826 871 887 927; x_wconf 91' lang='lat' dir='ltr'>in</span> <span class='ocrx_word' id='word_1_57' title='bbox 915 886 1120 940; x_wconf 87' lang='lat' dir='ltr'>regem</span> <span class='ocrx_word' id='word_1_58' title='bbox 1149 884 1319 926; x_wconf 91' lang='lat' dir='ltr'>sacra</span> <span class='ocrx_word' id='word_1_59' title='bbox 1346 871 1434 924; x_wconf 91' lang='lat' dir='ltr'>est</span> <span class='ocrx_word' id='word_1_60' title='bbox 1455 867 2047 939; x_wconf 85' lang='lat' dir='ltr'>unctioneperfusus.</span> <span class='ocrx_word' id='word_1_61' title='bbox 2071 867 2170 922; x_wconf 89' lang='lat' dir='ltr'>His</span> 
     </span>
    </p>
   </div>
   <div class='ocr_carea' id='block_1_12' title="bbox 513 956 2171 1034">
    <p class='ocr_par' dir='ltr' id='par_1_12' title="bbox 513 956 2171 1034">
     <span class='ocr_line' id='line_1_12' title="bbox 513 956 2171 1034; baseline -0.003 -18"><span class='ocrx_word' id='word_1_62' title='bbox 513 959 726 1034; x_wconf 87' lang='lat' dir='ltr'>diebus</span> <span class='ocrx_word' id='word_1_63' title='bbox 755 960 847 1015; x_wconf 91' lang='lat' dir='ltr'>vir</span> <span class='ocrx_word' id='word_1_64' title='bbox 873 959 1192 1032; x_wconf 69' lang='lat' dir='ltr'>praecipuas</span> <span class='ocrx_word' id='word_1_65' title='bbox 1223 956 1535 1030; x_wconf 83' lang='lat' dir='ltr'>probitatis</span> <span class='ocrx_word' id='word_1_66' title='bbox 1563 960 1924 1026; x_wconf 85' lang='lat' dir='ltr'>Dunstanus,</span> <span class='ocrx_word' id='word_1_67' title='bbox 1949 957 2171 1012; x_wconf 88' lang='lat' dir='ltr'>Glasto-</span> 
     </span>
    </p>
   </div>
   <div class='ocr_carea' id='block_1_13' title="bbox 513 1044 2172 1118">
    <p class='ocr_par' dir='ltr' id='par_1_13' title="bbox 513 1044 2172 1118">
     <span class='ocr_line' id='line_1_13' title="bbox 513 1044 2172 1118; baseline -0.003 -13"><span class='ocrx_word' id='word_1_68' title='bbox 513 1048 736 1106; x_wconf 90' lang='lat' dir='ltr'>niensis</span> <span class='ocrx_word' id='word_1_69' title='bbox 765 1047 1023 1104; x_wconf 71' lang='lat' dir='ltr'>cmnobii</span> <span class='ocrx_word' id='word_1_70' title='bbox 1043 1045 1430 1118; x_wconf 89' lang='lat' dir='ltr'>dignissimus</span> <span class='ocrx_word' id='word_1_71' title='bbox 1461 1046 1674 1112; x_wconf 80' lang='lat' dir='ltr'>abbas,</span> <span class='ocrx_word' id='word_1_72' title='bbox 1717 1062 1976 1115; x_wconf 89' lang='lat' dir='ltr'>magnus</span> <span class='ocrx_word' id='word_1_73' title='bbox 2006 1044 2172 1118; x_wconf 91' lang='lat' dir='ltr'>apud</span> 
     </span>
    </p>
   </div>
   <div class='ocr_carea' id='block_1_14' title="bbox 514 1134 2170 1209">
    <p class='ocr_par' dir='ltr' id='par_1_14' title="bbox 514 1134 2170 1209">
     <span class='ocr_line' id='line_1_14' title="bbox 514 1134 2170 1209; baseline -0.003 -15"><span class='ocrx_word' id='word_1_74' title='bbox 514 1154 740 1209; x_wconf 81' lang='lat' dir='ltr'>regem,</span> <span class='ocrx_word' id='word_1_75' title='bbox 769 1141 826 1194; x_wconf 89' lang='lat' dir='ltr'>et</span> <span class='ocrx_word' id='word_1_76' title='bbox 879 1135 1247 1192; x_wconf 89' lang='lat' dir='ltr'>honorabilis</span> <span class='ocrx_word' id='word_1_77' title='bbox 1304 1136 1467 1193; x_wconf 87' lang='lat' dir='ltr'>omni</span> <span class='ocrx_word' id='word_1_78' title='bbox 1526 1135 1755 1208; x_wconf 87' lang='lat' dir='ltr'>populo</span> <span class='ocrx_word' id='word_1_79' title='bbox 1813 1134 2170 1191; x_wconf 87' lang='lat' dir='ltr'>habebatur.</span> 
     </span>
    </p>
   </div>
   <div class='ocr_carea' id='block_1_15' title="bbox 513 1224 2166 1295">
    <p class='ocr_par' dir='ltr' id='par_1_15' title="bbox 513 1224 2166 1295">
     <span class='ocr_line' id='line_1_15' title="bbox 513 1224 2166 1295; baseline -0.003 -11"><span class='ocrx_word' id='word_1_80' title='bbox 513 1231 726 1285; x_wconf 88' lang='lat' dir='ltr'>Beatus</span> <span class='ocrx_word' id='word_1_81' title='bbox 754 1230 954 1283; x_wconf 89' lang='lat' dir='ltr'>autem</span> <span class='ocrx_word' id='word_1_82' title='bbox 985 1225 1113 1282; x_wconf 91' lang='lat' dir='ltr'>Odo</span> <span class='ocrx_word' id='word_1_83' title='bbox 1151 1224 1422 1282; x_wconf 59' lang='lat' dir='ltr'>moribus</span> <span class='ocrx_word' id='word_1_84' title='bbox 1447 1230 1504 1281; x_wconf 91' lang='lat' dir='ltr'>et</span> <span class='ocrx_word' id='word_1_85' title='bbox 1559 1229 1729 1281; x_wconf 73' lang='lat' dir='ltr'>aetate</span> <span class='ocrx_word' id='word_1_86' title='bbox 1787 1224 2166 1295; x_wconf 84' lang='lat' dir='ltr'>grandaevus.</span> 
     </span>
    </p>
   </div>
   <div class='ocr_carea' id='block_1_16' title="bbox 512 1312 2174 1388">
    <p class='ocr_par' dir='ltr' id='par_1_16' title="bbox 512 1312 2174 1388">
     <span class='ocr_line' id='line_1_16' title="bbox 512 1312 2174 1388; baseline -0.004 -15"><span class='ocrx_word' id='word_1_87' title='bbox 512 1317 797 1388; x_wconf 81' lang='lat' dir='ltr'>religione</span> <span class='ocrx_word' id='word_1_88' title='bbox 827 1319 881 1372; x_wconf 89' lang='lat' dir='ltr'>et</span> <span class='ocrx_word' id='word_1_89' title='bbox 897 1312 1190 1371; x_wconf 88' lang='lat' dir='ltr'>industria</span> <span class='ocrx_word' id='word_1_90' title='bbox 1210 1313 1460 1387; x_wconf 91' lang='lat' dir='ltr'>pollens,</span> <span class='ocrx_word' id='word_1_91' title='bbox 1490 1315 1836 1370; x_wconf 85' lang='lat' dir='ltr'>auctoritate</span> <span class='ocrx_word' id='word_1_92' title='bbox 1864 1319 1918 1370; x_wconf 90' lang='lat' dir='ltr'>et</span> <span class='ocrx_word' id='word_1_93' title='bbox 1940 1313 2174 1369; x_wconf 85' lang='lat' dir='ltr'>modes-</span> 
     </span>
    </p>
   </div>
   <div class='ocr_carea' id='block_1_17' title="bbox 485 1397 2170 1480">
    <p class='ocr_par' dir='ltr' id='par_1_17' title="bbox 485 1397 2170 1480">
     <span class='ocr_line' id='line_1_17' title="bbox 485 1397 2170 1480; baseline -0.004 -16"><span class='ocrx_word' id='word_1_94' title='bbox 485 1397 594 1464; x_wconf 57' lang='lat' dir='ltr'>&#39;tia</span> <span class='ocrx_word' id='word_1_95' title='bbox 641 1409 951 1480; x_wconf 79' lang='lat' dir='ltr'>praestans,</span> <span class='ocrx_word' id='word_1_96' title='bbox 999 1403 1342 1462; x_wconf 89' lang='lat' dir='ltr'>Christianis</span> <span class='ocrx_word' id='word_1_97' title='bbox 1391 1403 1624 1473; x_wconf 78' lang='lat' dir='ltr'>legibus</span> <span class='ocrx_word' id='word_1_98' title='bbox 1677 1408 1867 1460; x_wconf 86' lang='lat' dir='ltr'>totum</span> <span class='ocrx_word' id='word_1_99' title='bbox 1916 1419 2170 1474; x_wconf 84' lang='lat' dir='ltr'>regnum</span> 
     </span>
    </p>
   </div>
   <div class='ocr_carea' id='block_1_18' title="bbox 511 1491 2171 1568">
    <p class='ocr_par' dir='ltr' id='par_1_18' title="bbox 511 1491 2171 1568">
     <span class='ocr_line' id='line_1_18' title="bbox 511 1491 2171 1568; baseline -0.004 -17"><span class='ocrx_word' id='word_1_100' title='bbox 511 1492 975 1568; x_wconf 86' lang='lat' dir='ltr'>prudentissime</span> <span class='ocrx_word' id='word_1_101' title='bbox 1004 1491 1377 1549; x_wconf 90' lang='lat' dir='ltr'>nobilitabat.</span> <span class='ocrx_word' id='word_1_102' title='bbox 1411 1495 1528 1548; x_wconf 83' lang='lat' dir='ltr'>Rex</span> <span class='ocrx_word' id='word_1_103' title='bbox 1558 1493 1685 1565; x_wconf 88' lang='lat' dir='ltr'>ipse</span> <span class='ocrx_word' id='word_1_104' title='bbox 1715 1495 1902 1548; x_wconf 88' lang='lat' dir='ltr'>Deum</span> <span class='ocrx_word' id='word_1_105' title='bbox 1933 1492 2171 1563; x_wconf 91' lang='lat' dir='ltr'>timens,</span> 
     </span>
    </p>
   </div>
   <div class='ocr_carea' id='block_1_19' title="bbox 2287 334 2642 406">
    <p class='ocr_par' dir='ltr' id='par_1_19' title="bbox 2287 334 2642 406">
     <span class='ocr_line' id='line_1_19' title="bbox 2287 334 2642 406; baseline 0.003 -18"><span class='ocrx_word' id='word_1_106' title='bbox 2287 334 2642 406; x_wconf 80' lang='lat' dir='ltr'>spexissent.</span> 
     </span>
    </p>
   </div>
   <div class='ocr_carea' id='block_1_20' title="bbox 2582 424 3644 480">
    <p class='ocr_par' dir='ltr' id='par_1_20' title="bbox 2582 424 3644 480">
     <span class='ocr_line' id='line_1_20' title="bbox 2582 424 3644 480; baseline 0.002 -2"><span class='ocrx_word' id='word_1_107' title='bbox 2582 424 2806 479; x_wconf 79' lang='lat' dir='ltr'>Mirum</span> <span class='ocrx_word' id='word_1_108' title='bbox 2832 425 2896 479; x_wconf 83' lang='lat' dir='ltr'>in</span> <span class='ocrx_word' id='word_1_109' title='bbox 2919 425 3359 480; x_wconf 60' lang='lat' dir='ltr'>restam‘atz&#39;one</span> <span class='ocrx_word' id='word_1_110' title='bbox 3388 425 3644 480; x_wconf 74' lang='lat' dir='ltr'>ecclesiae</span> 
     </span>
    </p>
   </div>
   <div class='ocr_carea' id='block_1_21' title="bbox 2359 511 3936 585">
    <p class='ocr_par' dir='ltr' id='par_1_21' title="bbox 2359 511 3936 585">
     <span class='ocr_line' id='line_1_21' title="bbox 2359 511 3936 585; baseline 0.003 -19"><span class='ocrx_word' id='word_1_111' title='bbox 2359 517 2440 567; x_wconf 84' lang='grc' dir='ltr'>Η.</span> <span class='ocrx_word' id='word_1_112' title='bbox 2475 511 2649 567; x_wconf 71' lang='lat' dir='ltr'>Aliud</span> <span class='ocrx_word' id='word_1_113' title='bbox 2678 527 2923 585; x_wconf 88' lang='lat' dir='ltr'>quoque</span> <span class='ocrx_word' id='word_1_114' title='bbox 2947 512 3218 568; x_wconf 89' lang='lat' dir='ltr'>divinum</span> <span class='ocrx_word' id='word_1_115' title='bbox 3247 529 3311 568; x_wconf 90' lang='lat' dir='ltr'>re</span> <span class='ocrx_word' id='word_1_116' title='bbox 3336 529 3480 568; x_wconf 90' lang='lat' dir='ltr'>vera</span> <span class='ocrx_word' id='word_1_117' title='bbox 3500 513 3860 570; x_wconf 86' lang='lat' dir='ltr'>miraculum</span> <span class='ocrx_word' id='word_1_118' title='bbox 3881 514 3936 570; x_wconf 83' lang='lat' dir='ltr'>in</span> 
     </span>
    </p>
   </div>
   <div class='ocr_carea' id='block_1_22' title="bbox 2281 601 3932 675">
    <p class='ocr_par' dir='ltr' id='par_1_22' title="bbox 2281 601 3932 675">
     <span class='ocr_line' id='line_1_22' title="bbox 2281 601 3932 675; baseline 0.003 -20"><span class='ocrx_word' id='word_1_119' title='bbox 2281 601 2531 658; x_wconf 87' lang='lat' dir='ltr'>ecclesia</span> <span class='ocrx_word' id='word_1_120' title='bbox 2563 601 2658 656; x_wconf 90' lang='lat' dir='ltr'>cui</span> <span class='ocrx_word' id='word_1_121' title='bbox 2691 606 2942 674; x_wconf 64' lang='lat' dir='ltr'>praeerat</span> <span class='ocrx_word' id='word_1_122' title='bbox 2973 601 3106 658; x_wconf 86' lang='lat' dir='ltr'>fecit</span> <span class='ocrx_word' id='word_1_123' title='bbox 3140 621 3153 672; x_wconf 87' lang='lat'><strong>;</strong></span> <span class='ocrx_word' id='word_1_124' title='bbox 3181 602 3306 658; x_wconf 89' lang='lat' dir='ltr'>imo</span> <span class='ocrx_word' id='word_1_125' title='bbox 3338 602 3468 675; x_wconf 90' lang='lat' dir='ltr'>ipse</span> <span class='ocrx_word' id='word_1_126' title='bbox 3496 619 3618 659; x_wconf 89' lang='lat' dir='ltr'>non</span> <span class='ocrx_word' id='word_1_127' title='bbox 3645 604 3802 668; x_wconf 80' lang='lat' dir='ltr'>fecit,</span> <span class='ocrx_word' id='word_1_128' title='bbox 3837 605 3932 660; x_wconf 87' lang='lat' dir='ltr'>sed</span> 
     </span>
    </p>
   </div>
   <div class='ocr_carea' id='block_1_23' title="bbox 2280 689 3935 760">
    <p class='ocr_par' dir='ltr' id='par_1_23' title="bbox 2280 689 3935 760">
     <span class='ocr_line' id='line_1_23' title="bbox 2280 689 3935 760; baseline 0.004 -17"><span class='ocrx_word' id='word_1_129' title='bbox 2280 689 2384 760; x_wconf 86' lang='lat' dir='ltr'>qui</span> <span class='ocrx_word' id='word_1_130' title='bbox 2414 689 2576 744; x_wconf 84' lang='lat' dir='ltr'>solus</span> <span class='ocrx_word' id='word_1_131' title='bbox 2602 689 2784 746; x_wconf 88' lang='lat' dir='ltr'>habet</span> <span class='ocrx_word' id='word_1_132' title='bbox 2815 689 3184 746; x_wconf 84' lang='lat' dir='ltr'>divinitatem</span> <span class='ocrx_word' id='word_1_133' title='bbox 3211 691 3275 746; x_wconf 91' lang='lat' dir='ltr'>in</span> <span class='ocrx_word' id='word_1_134' title='bbox 3304 690 3406 748; x_wconf 90' lang='lat' dir='ltr'>illo</span> <span class='ocrx_word' id='word_1_135' title='bbox 3446 691 3596 748; x_wconf 88' lang='lat' dir='ltr'>fecit.</span> <span class='ocrx_word' id='word_1_136' title='bbox 3654 696 3805 748; x_wconf 84' lang='lat' dir='ltr'>Nam</span> <span class='ocrx_word' id='word_1_137' title='bbox 3863 699 3935 750; x_wconf 89' lang='lat' dir='ltr'>te—</span> 
     </span>
    </p>
   </div>
   <div class='ocr_carea' id='block_1_24' title="bbox 2281 778 3934 855">
    <p class='ocr_par' dir='ltr' id='par_1_24' title="bbox 2281 778 3934 855">
     <span class='ocr_line' id='line_1_24' title="bbox 2281 778 3934 855; baseline 0.004 -23"><span class='ocrx_word' id='word_1_138' title='bbox 2281 782 2442 832; x_wconf 92' lang='lat' dir='ltr'>ctum</span> <span class='ocrx_word' id='word_1_139' title='bbox 2460 779 2736 850; x_wconf 86' lang='lat' dir='ltr'>ejusdem</span> <span class='ocrx_word' id='word_1_140' title='bbox 2753 778 3035 848; x_wconf 65' lang='lat' dir='ltr'>ecclesiis,</span> <span class='ocrx_word' id='word_1_141' title='bbox 3053 780 3110 834; x_wconf 89' lang='lat' dir='ltr'>ni</span> <span class='ocrx_word' id='word_1_142' title='bbox 3123 780 3539 836; x_wconf 90' lang='lat' dir='ltr'>miavetustate</span> <span class='ocrx_word' id='word_1_143' title='bbox 3568 786 3934 855; x_wconf 89' lang='lat' dir='ltr'>corruptum,</span> 
     </span>
    </p>
   </div>
   <div class='ocr_carea' id='block_1_25' title="bbox 2283 867 3937 941">
    <p class='ocr_par' dir='ltr' id='par_1_25' title="bbox 2283 867 3937 941">
     <span class='ocr_line' id='line_1_25' title="bbox 2283 867 3937 941; baseline 0.004 -20"><span class='ocrx_word' id='word_1_144' title='bbox 2283 867 2623 940; x_wconf 90' lang='lat' dir='ltr'>semiruptis</span> <span class='ocrx_word' id='word_1_145' title='bbox 2645 882 2752 940; x_wconf 90' lang='lat' dir='ltr'>per</span> <span class='ocrx_word' id='word_1_146' title='bbox 2783 873 2968 924; x_wconf 89' lang='lat' dir='ltr'>totum</span> <span class='ocrx_word' id='word_1_147' title='bbox 2999 868 3269 940; x_wconf 85' lang='lat' dir='ltr'>partibus</span> <span class='ocrx_word' id='word_1_148' title='bbox 3300 868 3618 941; x_wconf 85' lang='lat' dir='ltr'>pendebat.</span> <span class='ocrx_word' id='word_1_149' title='bbox 3650 871 3822 936; x_wconf 86' lang='lat' dir='ltr'>Quod</span> <span class='ocrx_word' id='word_1_150' title='bbox 3847 869 3937 927; x_wconf 89' lang='lat' dir='ltr'>ille</span> 
     </span>
    </p>
   </div>
   <div class='ocr_carea' id='block_1_26' title="bbox 2283 957 3940 1031">
    <p class='ocr_par' dir='ltr' id='par_1_26' title="bbox 2283 957 3940 1031">
     <span class='ocr_line' id='line_1_26' title="bbox 2283 957 3940 1031; baseline 0.003 -20"><span class='ocrx_word' id='word_1_151' title='bbox 2283 973 2576 1013; x_wconf 89' lang='lat' dir='ltr'>renovare</span> <span class='ocrx_word' id='word_1_152' title='bbox 2609 957 2877 1029; x_wconf 90' lang='lat' dir='ltr'>cupiens,</span> <span class='ocrx_word' id='word_1_153' title='bbox 2908 974 3273 1031; x_wconf 88' lang='lat' dir='ltr'>murumque</span> <span class='ocrx_word' id='word_1_154' title='bbox 3297 958 3358 1014; x_wconf 91' lang='lat' dir='ltr'>in</span> <span class='ocrx_word' id='word_1_155' title='bbox 3381 960 3801 1030; x_wconf 85' lang='lat' dir='ltr'>porrectiorem</span> <span class='ocrx_word' id='word_1_156' title='bbox 3835 961 3940 1016; x_wconf 90' lang='lat' dir='ltr'>cel-</span> 
     </span>
    </p>
   </div>
   <div class='ocr_carea' id='block_1_27' title="bbox 2286 1045 3941 1118">
    <p class='ocr_par' dir='ltr' id='par_1_27' title="bbox 2286 1045 3941 1118">
     <span class='ocr_line' id='line_1_27' title="bbox 2286 1045 3941 1118; baseline 0.003 -18"><span class='ocrx_word' id='word_1_157' title='bbox 2286 1045 2609 1101; x_wconf 89' lang='lat' dir='ltr'>situdinem</span> <span class='ocrx_word' id='word_1_158' title='bbox 2641 1045 2898 1102; x_wconf 82' lang='lat' dir='ltr'>exaltare</span> <span class='ocrx_word' id='word_1_159' title='bbox 2925 1046 3291 1115; x_wconf 88' lang='lat' dir='ltr'>desiderans,</span> <span class='ocrx_word' id='word_1_160' title='bbox 3343 1053 3716 1118; x_wconf 70' lang='lat' dir='ltr'>congregatis</span> <span class='ocrx_word' id='word_1_161' title='bbox 3768 1048 3941 1104; x_wconf 85' lang='lat' dir='ltr'>artiﬁ-</span> 
     </span>
    </p>
   </div>
   <div class='ocr_carea' id='block_1_28' title="bbox 2285 1135 3939 1210">
    <p class='ocr_par' dir='ltr' id='par_1_28' title="bbox 2285 1135 3939 1210">
     <span class='ocr_line' id='line_1_28' title="bbox 2285 1135 3939 1210; baseline 0.002 -20"><span class='ocrx_word' id='word_1_162' title='bbox 2285 1135 2455 1190; x_wconf 89' lang='lat' dir='ltr'>cibus</span> <span class='ocrx_word' id='word_1_163' title='bbox 2484 1135 2767 1208; x_wconf 78' lang='lat' dir='ltr'>prsecepit</span> <span class='ocrx_word' id='word_1_164' title='bbox 2791 1139 2849 1191; x_wconf 91' lang='lat' dir='ltr'>et</span> <span class='ocrx_word' id='word_1_165' title='bbox 2877 1135 3040 1208; x_wconf 90' lang='lat' dir='ltr'>quod</span> <span class='ocrx_word' id='word_1_166' title='bbox 3069 1135 3431 1194; x_wconf 89' lang='lat' dir='ltr'>dissolutum</span> <span class='ocrx_word' id='word_1_167' title='bbox 3484 1136 3747 1210; x_wconf 90' lang='lat' dir='ltr'>desuper</span> <span class='ocrx_word' id='word_1_168' title='bbox 3797 1139 3939 1194; x_wconf 86' lang='lat' dir='ltr'>emi-</span> 
     </span>
    </p>
   </div>
   <div class='ocr_carea' id='block_1_29' title="bbox 2283 1224 3939 1298">
    <p class='ocr_par' dir='ltr' id='par_1_29' title="bbox 2283 1224 3939 1298">
     <span class='ocr_line' id='line_1_29' title="bbox 2283 1224 3939 1298; baseline 0.002 -19"><span class='ocrx_word' id='word_1_169' title='bbox 2283 1224 2467 1280; x_wconf 88' lang='lat' dir='ltr'>nebat</span> <span class='ocrx_word' id='word_1_170' title='bbox 2486 1225 2723 1297; x_wconf 84' lang='lat' dir='ltr'>penitus</span> <span class='ocrx_word' id='word_1_171' title='bbox 2751 1224 2899 1297; x_wconf 90' lang='lat' dir='ltr'>tolli,</span> <span class='ocrx_word' id='word_1_172' title='bbox 2956 1230 3011 1280; x_wconf 90' lang='lat' dir='ltr'>et</span> <span class='ocrx_word' id='word_1_173' title='bbox 3050 1225 3218 1298; x_wconf 90' lang='lat' dir='ltr'>quod</span> <span class='ocrx_word' id='word_1_174' title='bbox 3276 1227 3475 1282; x_wconf 89' lang='lat' dir='ltr'>minus</span> <span class='ocrx_word' id='word_1_175' title='bbox 3523 1225 3582 1282; x_wconf 94' lang='lat' dir='ltr'>in</span> <span class='ocrx_word' id='word_1_176' title='bbox 3633 1227 3939 1284; x_wconf 89' lang='lat' dir='ltr'>altitudine</span> 
     </span>
    </p>
   </div>
   <div class='ocr_carea' id='block_1_30' title="bbox 2283 1313 3939 1388">
    <p class='ocr_par' dir='ltr' id='par_1_30' title="bbox 2283 1313 3939 1388">
     <span class='ocr_line' id='line_1_30' title="bbox 2283 1313 3939 1388; baseline 0.002 -19"><span class='ocrx_word' id='word_1_177' title='bbox 2283 1331 2493 1369; x_wconf 85' lang='lat' dir='ltr'>murus</span> <span class='ocrx_word' id='word_1_178' title='bbox 2519 1313 2782 1370; x_wconf 87' lang='lat' dir='ltr'>habebat</span> <span class='ocrx_word' id='word_1_179' title='bbox 2807 1313 2984 1385; x_wconf 88' lang='lat' dir='ltr'>jussit</span> <span class='ocrx_word' id='word_1_180' title='bbox 3007 1313 3226 1370; x_wconf 78' lang='lat' dir='ltr'>extolli.</span> <span class='ocrx_word' id='word_1_181' title='bbox 3289 1315 3403 1371; x_wconf 92' lang='lat' dir='ltr'>Sed</span> <span class='ocrx_word' id='word_1_182' title='bbox 3451 1316 3596 1388; x_wconf 87' lang='lat' dir='ltr'>quia</span> <span class='ocrx_word' id='word_1_183' title='bbox 3649 1315 3844 1372; x_wconf 90' lang='lat' dir='ltr'>clerus</span> <span class='ocrx_word' id='word_1_184' title='bbox 3875 1332 3939 1373; x_wconf 89' lang='lat' dir='ltr'>ac</span> 
     </span>
    </p>
   </div>
   <div class='ocr_carea' id='block_1_31' title="bbox 2283 1401 3936 1476">
    <p class='ocr_par' dir='ltr' id='par_1_31' title="bbox 2283 1401 3936 1476">
     <span class='ocr_line' id='line_1_31' title="bbox 2283 1401 3936 1476; baseline 0.002 -19"><span class='ocrx_word' id='word_1_185' title='bbox 2283 1401 2546 1474; x_wconf 86' lang='lat' dir='ltr'>populus</span> <span class='ocrx_word' id='word_1_186' title='bbox 2577 1402 2811 1476; x_wconf 87' lang='lat' dir='ltr'>absque</span> <span class='ocrx_word' id='word_1_187' title='bbox 2843 1402 3080 1460; x_wconf 88' lang='lat' dir='ltr'>servitio</span> <span class='ocrx_word' id='word_1_188' title='bbox 3110 1403 3314 1458; x_wconf 91' lang='lat' dir='ltr'>divino</span> <span class='ocrx_word' id='word_1_189' title='bbox 3339 1419 3468 1460; x_wconf 85' lang='lat' dir='ltr'>esse</span> <span class='ocrx_word' id='word_1_190' title='bbox 3502 1420 3625 1460; x_wconf 92' lang='lat' dir='ltr'>non</span> <span class='ocrx_word' id='word_1_191' title='bbox 3681 1403 3936 1471; x_wconf 89' lang='lat' dir='ltr'>valebat,</span> 
     </span>
    </p>
   </div>
   <div class='ocr_carea' id='block_1_32' title="bbox 2284 1492 3941 1566">
    <p class='ocr_par' dir='ltr' id='par_1_32' title="bbox 2284 1492 3941 1566">
     <span class='ocr_line' id='line_1_32' title="bbox 2284 1492 3941 1566; baseline 0.003 -20"><span class='ocrx_word' id='word_1_192' title='bbox 2284 1495 2339 1546; x_wconf 87' lang='lat' dir='ltr'>et</span> <span class='ocrx_word' id='word_1_193' title='bbox 2367 1496 2550 1547; x_wconf 66' lang='lat' dir='ltr'>tanta:</span> <span class='ocrx_word' id='word_1_194' title='bbox 2583 1492 3018 1562; x_wconf 89' lang='lat' dir='ltr'>magnitudinis</span> <span class='ocrx_word' id='word_1_195' title='bbox 3043 1493 3338 1566; x_wconf 88' lang='lat' dir='ltr'>templum</span> <span class='ocrx_word' id='word_1_196' title='bbox 3367 1509 3490 1550; x_wconf 90' lang='lat' dir='ltr'>non</span> <span class='ocrx_word' id='word_1_197' title='bbox 3535 1493 3941 1566; x_wconf 84' lang='lat' dir='ltr'>reperiebatur</span> 
     </span>
    </p>
   </div>
   <div class='ocr_carea' id='block_1_33' title="bbox 512 1581 3941 1657">
    <p class='ocr_par' dir='ltr' id='par_1_33' title="bbox 512 1581 3941 1657">
     <span class='ocr_line' id='line_1_33' title="bbox 512 1581 3941 1657; baseline -0.001 -15"><span class='ocrx_word' id='word_1_198' title='bbox 512 1585 710 1642; x_wconf 92' lang='lat' dir='ltr'>bonos</span> <span class='ocrx_word' id='word_1_199' title='bbox 735 1599 1012 1657; x_wconf 90' lang='lat' dir='ltr'>quosque</span> <span class='ocrx_word' id='word_1_200' title='bbox 1046 1582 1288 1656; x_wconf 89' lang='lat' dir='ltr'>speciali</span> <span class='ocrx_word' id='word_1_201' title='bbox 1318 1582 1538 1637; x_wconf 90' lang='lat' dir='ltr'>amoris</span> <span class='ocrx_word' id='word_1_202' title='bbox 1563 1581 1878 1636; x_wconf 87' lang='lat' dir='ltr'>dulcedine</span> <span class='ocrx_word' id='word_1_203' title='bbox 1939 1581 2170 1648; x_wconf 88' lang='lat' dir='ltr'>fovens,</span> <span class='ocrx_word' id='word_1_204' title='bbox 2209 1599 2254 1651; x_wconf 82' lang='grc' dir='ltr'>Β</span> <span class='ocrx_word' id='word_1_205' title='bbox 2283 1597 2420 1654; x_wconf 72' lang='grc' dir='ltr'>ειωθ</span> <span class='ocrx_word' id='word_1_206' title='bbox 2447 1581 2525 1637; x_wconf 92' lang='lat' dir='ltr'>ad</span> <span class='ocrx_word' id='word_1_207' title='bbox 2553 1582 2912 1655; x_wconf 86' lang='lat' dir='ltr'>capiendam</span> <span class='ocrx_word' id='word_1_208' title='bbox 2931 1599 3268 1640; x_wconf 61' lang='lat' dir='ltr'>numerosae</span> <span class='ocrx_word' id='word_1_209' title='bbox 3289 1583 3481 1656; x_wconf 89' lang='lat' dir='ltr'>plebis</span> <span class='ocrx_word' id='word_1_210' title='bbox 3502 1584 3941 1640; x_wconf 82' lang='lat' dir='ltr'>multitudinem</span> 
     </span>
    </p>
   </div>
   <div class='ocr_carea' id='block_1_34' title="bbox 514 1669 2176 1744">
    <p class='ocr_par' dir='ltr' id='par_1_34' title="bbox 514 1669 2176 1744">
     <span class='ocr_line' id='line_1_34' title="bbox 514 1669 2176 1744; baseline -0.003 -14"><span class='ocrx_word' id='word_1_211' title='bbox 514 1673 710 1730; x_wconf 90' lang='lat' dir='ltr'>malos</span> <span class='ocrx_word' id='word_1_212' title='bbox 735 1688 897 1740; x_wconf 90' lang='lat' dir='ltr'>vero,</span> <span class='ocrx_word' id='word_1_213' title='bbox 924 1688 1000 1728; x_wconf 92' lang='lat' dir='ltr'>ne</span> <span class='ocrx_word' id='word_1_214' title='bbox 1031 1687 1141 1727; x_wconf 89' lang='lat' dir='ltr'>sua</span> <span class='ocrx_word' id='word_1_215' title='bbox 1163 1670 1478 1744; x_wconf 84' lang='lat' dir='ltr'>tyrannide</span> <span class='ocrx_word' id='word_1_216' title='bbox 1526 1669 1680 1726; x_wconf 87' lang='lat' dir='ltr'>bene</span> <span class='ocrx_word' id='word_1_217' title='bbox 1737 1675 1980 1740; x_wconf 87' lang='lat' dir='ltr'>agentes</span> <span class='ocrx_word' id='word_1_218' title='bbox 2038 1686 2176 1725; x_wconf 91' lang='lat' dir='ltr'>con-</span> 
     </span>
    </p>
   </div>
   <div class='ocr_carea' id='block_1_35' title="bbox 513 1759 2174 1834">
    <p class='ocr_par' dir='ltr' id='par_1_35' title="bbox 513 1759 2174 1834">
     <span class='ocr_line' id='line_1_35' title="bbox 513 1759 2174 1834; baseline -0.003 -15"><span class='ocrx_word' id='word_1_219' title='bbox 513 1763 845 1830; x_wconf 90' lang='lat' dir='ltr'>turbarent,</span> <span class='ocrx_word' id='word_1_220' title='bbox 876 1761 1103 1818; x_wconf 86' lang='lat' dir='ltr'>fortiter</span> <span class='ocrx_word' id='word_1_221' title='bbox 1127 1775 1425 1834; x_wconf 90' lang='lat' dir='ltr'>premens,</span> <span class='ocrx_word' id='word_1_222' title='bbox 1457 1759 1602 1814; x_wconf 91' lang='lat' dir='ltr'>boni</span> <span class='ocrx_word' id='word_1_223' title='bbox 1636 1760 1920 1832; x_wconf 89' lang='lat' dir='ltr'>principis</span> <span class='ocrx_word' id='word_1_224' title='bbox 1976 1776 2174 1816; x_wconf 87' lang='lat' dir='ltr'>mores</span> 
     </span>
    </p>
   </div>
   <div class='ocr_carea' id='block_1_36' title="bbox 517 1847 2175 1924">
    <p class='ocr_par' dir='ltr' id='par_1_36' title="bbox 517 1847 2175 1924">
     <span class='ocr_line' id='line_1_36' title="bbox 517 1847 2175 1924; baseline -0.003 -15"><span class='ocrx_word' id='word_1_225' title='bbox 517 1856 574 1908; x_wconf 85' lang='lat' dir='ltr'>et</span> <span class='ocrx_word' id='word_1_226' title='bbox 599 1855 767 1908; x_wconf 90' lang='lat' dir='ltr'>actus</span> <span class='ocrx_word' id='word_1_227' title='bbox 796 1849 1257 1924; x_wconf 82' lang='lat' dir='ltr'>exsequebatur.</span> <span class='ocrx_word' id='word_1_228' title='bbox 1283 1850 1404 1905; x_wconf 91' lang='lat' dir='ltr'>Hoc</span> <span class='ocrx_word' id='word_1_229' title='bbox 1431 1847 1618 1904; x_wconf 88' lang='lat' dir='ltr'>ferme</span> <span class='ocrx_word' id='word_1_230' title='bbox 1639 1852 1906 1920; x_wconf 90' lang='lat' dir='ltr'>tempore</span> <span class='ocrx_word' id='word_1_231' title='bbox 1923 1848 2175 1920; x_wconf 90' lang='lat' dir='ltr'>quidam</span> 
     </span>
    </p>
   </div>
   <div class='ocr_carea' id='block_1_37' title="bbox 519 1938 2176 2014">
    <p class='ocr_par' dir='ltr' id='par_1_37' title="bbox 519 1938 2176 2014">
     <span class='ocr_line' id='line_1_37' title="bbox 519 1938 2176 2014; baseline -0.004 -14"><span class='ocrx_word' id='word_1_232' title='bbox 519 1941 736 2014; x_wconf 83' lang='lat' dir='ltr'>clerici,</span> <span class='ocrx_word' id='word_1_233' title='bbox 768 1940 1037 2010; x_wconf 88' lang='lat' dir='ltr'>maligno</span> <span class='ocrx_word' id='word_1_234' title='bbox 1069 1955 1267 1996; x_wconf 88' lang='lat' dir='ltr'>errore</span> <span class='ocrx_word' id='word_1_235' title='bbox 1329 1938 1478 2010; x_wconf 85' lang='lat'>(2&#39;70)</span> <span class='ocrx_word' id='word_1_236' title='bbox 1534 1939 1781 2010; x_wconf 86' lang='lat' dir='ltr'>seducti,</span> <span class='ocrx_word' id='word_1_237' title='bbox 1834 1954 2176 1996; x_wconf 89' lang='lat' dir='ltr'>asseverare</span> 
     </span>
    </p>
   </div>
   <div class='ocr_carea' id='block_1_38' title="bbox 519 2027 2176 2102">
    <p class='ocr_par' dir='ltr' id='par_1_38' title="bbox 519 2027 2176 2102">
     <span class='ocr_line' id='line_1_38' title="bbox 519 2027 2176 2102; baseline -0.002 -14"><span class='ocrx_word' id='word_1_238' title='bbox 519 2030 894 2088; x_wconf 87' lang='lat' dir='ltr'>conabantur</span> <span class='ocrx_word' id='word_1_239' title='bbox 921 2044 1142 2102; x_wconf 90' lang='lat' dir='ltr'>panem</span> <span class='ocrx_word' id='word_1_240' title='bbox 1170 2032 1226 2084; x_wconf 92' lang='lat' dir='ltr'>et</span> <span class='ocrx_word' id='word_1_241' title='bbox 1255 2028 1462 2084; x_wconf 91' lang='lat' dir='ltr'>vinum</span> <span class='ocrx_word' id='word_1_242' title='bbox 1492 2044 1626 2101; x_wconf 71' lang='lat' dir='ltr'>quae</span> <span class='ocrx_word' id='word_1_243' title='bbox 1657 2027 1718 2083; x_wconf 92' lang='lat' dir='ltr'>in</span> <span class='ocrx_word' id='word_1_244' title='bbox 1749 2027 1919 2084; x_wconf 87' lang='lat' dir='ltr'>altari</span> <span class='ocrx_word' id='word_1_245' title='bbox 1941 2043 2176 2102; x_wconf 91' lang='lat' dir='ltr'>ponun-</span> 
     </span>
    </p>
   </div>
   <div class='ocr_carea' id='block_1_39' title="bbox 516 2117 2176 2193">
    <p class='ocr_par' dir='ltr' id='par_1_39' title="bbox 516 2117 2176 2193">
     <span class='ocr_line' id='line_1_39' title="bbox 516 2117 2176 2193; baseline -0.003 -15"><span class='ocrx_word' id='word_1_246' title='bbox 516 2127 630 2190; x_wconf 88' lang='lat' dir='ltr'>tur,</span> <span class='ocrx_word' id='word_1_247' title='bbox 654 2123 792 2193; x_wconf 87' lang='lat' dir='ltr'>post</span> <span class='ocrx_word' id='word_1_248' title='bbox 821 2117 1333 2176; x_wconf 89' lang='lat' dir='ltr'>consecrationem</span> <span class='ocrx_word' id='word_1_249' title='bbox 1361 2117 1422 2173; x_wconf 92' lang='lat' dir='ltr'>in</span> <span class='ocrx_word' id='word_1_250' title='bbox 1455 2117 1635 2190; x_wconf 86' lang='lat' dir='ltr'>priori</span> <span class='ocrx_word' id='word_1_251' title='bbox 1667 2117 2001 2174; x_wconf 88' lang='lat' dir='ltr'>substantia</span> <span class='ocrx_word' id='word_1_252' title='bbox 2041 2133 2176 2190; x_wconf 92' lang='lat' dir='ltr'>per-</span> 
     </span>
    </p>
   </div>
   <div class='ocr_carea' id='block_1_40' title="bbox 517 2206 2178 2280">
    <p class='ocr_par' dir='ltr' id='par_1_40' title="bbox 517 2206 2178 2280">
     <span class='ocr_line' id='line_1_40' title="bbox 517 2206 2178 2280; baseline -0.001 -17"><span class='ocrx_word' id='word_1_253' title='bbox 517 2223 782 2275; x_wconf 87' lang='lat' dir='ltr'>manere,</span> <span class='ocrx_word' id='word_1_254' title='bbox 803 2210 860 2264; x_wconf 91' lang='lat' dir='ltr'>et</span> <span class='ocrx_word' id='word_1_255' title='bbox 889 2206 1149 2278; x_wconf 88' lang='lat' dir='ltr'>ﬁguram</span> <span class='ocrx_word' id='word_1_256' title='bbox 1175 2207 1598 2264; x_wconf 85' lang='lat' dir='ltr'>tantummodo</span> <span class='ocrx_word' id='word_1_257' title='bbox 1630 2223 1764 2262; x_wconf 91' lang='lat' dir='ltr'>esse</span> <span class='ocrx_word' id='word_1_258' title='bbox 1817 2206 2084 2280; x_wconf 90' lang='lat' dir='ltr'>corporis</span> <span class='ocrx_word' id='word_1_259' title='bbox 2121 2211 2178 2262; x_wconf 91' lang='lat' dir='ltr'>et</span> 
     </span>
    </p>
   </div>
   <div class='ocr_carea' id='block_1_41' title="bbox 519 2295 2178 2370">
    <p class='ocr_par' dir='ltr' id='par_1_41' title="bbox 519 2295 2178 2370">
     <span class='ocr_line' id='line_1_41' title="bbox 519 2295 2178 2370; baseline -0.001 -18"><span class='ocrx_word' id='word_1_260' title='bbox 519 2296 828 2366; x_wconf 89' lang='lat' dir='ltr'>sanguinis</span> <span class='ocrx_word' id='word_1_261' title='bbox 859 2295 1087 2362; x_wconf 88' lang='lat' dir='ltr'>Christi,</span> <span class='ocrx_word' id='word_1_262' title='bbox 1147 2312 1271 2352; x_wconf 91' lang='lat' dir='ltr'>non</span> <span class='ocrx_word' id='word_1_263' title='bbox 1318 2313 1529 2352; x_wconf 90' lang='lat' dir='ltr'>verum</span> <span class='ocrx_word' id='word_1_264' title='bbox 1579 2295 1788 2352; x_wconf 87' lang='lat' dir='ltr'>Christi</span> <span class='ocrx_word' id='word_1_265' title='bbox 1846 2312 2064 2370; x_wconf 89' lang='lat' dir='ltr'>corpus</span> <span class='ocrx_word' id='word_1_266' title='bbox 2121 2300 2178 2350; x_wconf 92' lang='lat' dir='ltr'>et</span> 
     </span>
    </p>
   </div>
   <div class='ocr_carea' id='block_1_42' title="bbox 519 2385 2174 2458">
    <p class='ocr_par' dir='ltr' id='par_1_42' title="bbox 519 2385 2174 2458">
     <span class='ocr_line' id='line_1_42' title="bbox 519 2385 2174 2458; baseline -0.003 -16"><span class='ocrx_word' id='word_1_267' title='bbox 519 2386 896 2456; x_wconf 86' lang='lat' dir='ltr'>sanguinem.</span> <span class='ocrx_word' id='word_1_268' title='bbox 927 2387 1195 2452; x_wconf 89' lang='lat' dir='ltr'>Quorum</span> <span class='ocrx_word' id='word_1_269' title='bbox 1229 2401 1539 2442; x_wconf 84' lang='lat' dir='ltr'>enormem</span> <span class='ocrx_word' id='word_1_270' title='bbox 1594 2385 1909 2458; x_wconf 88' lang='lat' dir='ltr'>perfidiam</span> <span class='ocrx_word' id='word_1_271' title='bbox 1957 2385 2174 2441; x_wconf 88' lang='lat' dir='ltr'>beatus</span> 
     </span>
    </p>
   </div>
   <div class='ocr_carea' id='block_1_43' title="bbox 518 2475 2174 2549">
    <p class='ocr_par' dir='ltr' id='par_1_43' title="bbox 518 2475 2174 2549">
     <span class='ocr_line' id='line_1_43' title="bbox 518 2475 2174 2549; baseline -0.003 -16"><span class='ocrx_word' id='word_1_272' title='bbox 518 2477 646 2534; x_wconf 90' lang='lat' dir='ltr'>Odo</span> <span class='ocrx_word' id='word_1_273' title='bbox 675 2477 978 2533; x_wconf 83' lang='lat' dir='ltr'>destruere</span> <span class='ocrx_word' id='word_1_274' title='bbox 1007 2476 1276 2549; x_wconf 90' lang='lat' dir='ltr'>cupiens,</span> <span class='ocrx_word' id='word_1_275' title='bbox 1303 2475 1453 2530; x_wconf 91' lang='lat' dir='ltr'>dum</span> <span class='ocrx_word' id='word_1_276' title='bbox 1483 2475 1752 2547; x_wconf 89' lang='lat' dir='ltr'>quadam</span> <span class='ocrx_word' id='word_1_277' title='bbox 1779 2475 1875 2530; x_wconf 90' lang='lat' dir='ltr'>die</span> <span class='ocrx_word' id='word_1_278' title='bbox 1908 2475 1968 2530; x_wconf 91' lang='lat' dir='ltr'>in</span> <span class='ocrx_word' id='word_1_279' title='bbox 1999 2490 2174 2530; x_wconf 90' lang='lat' dir='ltr'>cons-</span> 
     </span>
    </p>
   </div>
   <div class='ocr_carea' id='block_1_44' title="bbox 517 2563 2174 2639">
    <p class='ocr_par' dir='ltr' id='par_1_44' title="bbox 517 2563 2174 2639">
     <span class='ocr_line' id='line_1_44' title="bbox 517 2563 2174 2639; baseline -0.002 -17"><span class='ocrx_word' id='word_1_280' title='bbox 517 2571 696 2639; x_wconf 90' lang='lat' dir='ltr'>pectu</span> <span class='ocrx_word' id='word_1_281' title='bbox 724 2566 902 2622; x_wconf 89' lang='lat' dir='ltr'>totius</span> <span class='ocrx_word' id='word_1_282' title='bbox 931 2565 1141 2638; x_wconf 91' lang='lat' dir='ltr'>populi</span> <span class='ocrx_word' id='word_1_283' title='bbox 1165 2564 1560 2620; x_wconf 81' lang='lat' dir='ltr'>sacrosanctis</span> <span class='ocrx_word' id='word_1_284' title='bbox 1593 2563 1918 2618; x_wconf 82' lang='lat' dir='ltr'>missarum</span> <span class='ocrx_word' id='word_1_285' title='bbox 1963 2563 2174 2619; x_wconf 87' lang='lat' dir='ltr'>solem-</span> 
     </span>
    </p>
   </div>
   <div class='ocr_carea' id='block_1_45' title="bbox 515 2647 2177 2726">
    <p class='ocr_par' dir='ltr' id='par_1_45' title="bbox 515 2647 2177 2726">
     <span class='ocr_line' id='line_1_45' title="bbox 515 2647 2177 2726; baseline -0.001 -17"><span class='ocrx_word' id='word_1_286' title='bbox 515 2653 633 2710; x_wconf 91' lang='lat' dir='ltr'>niis</span> <span class='ocrx_word' id='word_1_287' title='bbox 671 2652 920 2710; x_wconf 89' lang='lat' dir='ltr'>devotus</span> <span class='ocrx_word' id='word_1_288' title='bbox 975 2653 1328 2719; x_wconf 87' lang='lat' dir='ltr'>intenderet,</span> <span class='ocrx_word' id='word_1_289' title='bbox 1387 2652 1683 2726; x_wconf 84' lang='lat' dir='ltr'>expressis</span> <span class='ocrx_word' id='word_1_290' title='bbox 1737 2647 2020 2725; x_wconf 60' lang='lat' dir='ltr'>lacrimis</span> <span class='ocrx_word' id='word_1_291' title='bbox 2075 2653 2177 2709; x_wconf 91' lang='lat' dir='ltr'>Dei</span> 
     </span>
    </p>
   </div>
   <div class='ocr_carea' id='block_1_46' title="bbox 519 2741 2174 2815">
    <p class='ocr_par' dir='ltr' id='par_1_46' title="bbox 519 2741 2174 2815">
     <span class='ocr_line' id='line_1_46' title="bbox 519 2741 2174 2815; baseline 0 -17"><span class='ocrx_word' id='word_1_292' title='bbox 519 2743 945 2815; x_wconf 87' lang='lat' dir='ltr'>omnipotentis</span> <span class='ocrx_word' id='word_1_293' title='bbox 977 2743 1357 2799; x_wconf 90' lang='lat' dir='ltr'>clementiam</span> <span class='ocrx_word' id='word_1_294' title='bbox 1384 2742 1444 2798; x_wconf 90' lang='lat' dir='ltr'>in</span> <span class='ocrx_word' id='word_1_295' title='bbox 1471 2757 1580 2798; x_wconf 88' lang='lat' dir='ltr'>suo</span> <span class='ocrx_word' id='word_1_296' title='bbox 1611 2741 1938 2798; x_wconf 88' lang='lat' dir='ltr'>ministerio</span> <span class='ocrx_word' id='word_1_297' title='bbox 1968 2742 2174 2799; x_wconf 79' lang='lat' dir='ltr'>adfore</span> 
     </span>
    </p>
   </div>
   <div class='ocr_carea' id='block_1_47' title="bbox 517 2831 2175 2906">
    <p class='ocr_par' dir='ltr' id='par_1_47' title="bbox 517 2831 2175 2906">
     <span class='ocr_line' id='line_1_47' title="bbox 517 2831 2175 2906; baseline -0.001 -18"><span class='ocrx_word' id='word_1_298' title='bbox 517 2832 861 2906; x_wconf 85' lang='lat' dir='ltr'>postulavit,</span> <span class='ocrx_word' id='word_1_299' title='bbox 889 2849 1024 2905; x_wconf 68' lang='lat' dir='ltr'>quia</span> <span class='ocrx_word' id='word_1_300' title='bbox 1046 2832 1124 2888; x_wconf 91' lang='lat' dir='ltr'>ad</span> <span class='ocrx_word' id='word_1_301' title='bbox 1149 2831 1536 2905; x_wconf 89' lang='lat' dir='ltr'>depellendos</span> <span class='ocrx_word' id='word_1_302' title='bbox 1579 2831 1895 2888; x_wconf 89' lang='lat' dir='ltr'>hominum</span> <span class='ocrx_word' id='word_1_303' title='bbox 1946 2847 2175 2888; x_wconf 90' lang='lat' dir='ltr'>errores</span> 
     </span>
    </p>
   </div>
   <div class='ocr_carea' id='block_1_48' title="bbox 520 2920 2176 2994">
    <p class='ocr_par' dir='ltr' id='par_1_48' title="bbox 520 2920 2176 2994">
     <span class='ocr_line' id='line_1_48' title="bbox 520 2920 2176 2994; baseline -0.001 -16"><span class='ocrx_word' id='word_1_304' title='bbox 520 2921 958 2978; x_wconf 89' lang='lat' dir='ltr'>substantivam</span> <span class='ocrx_word' id='word_1_305' title='bbox 979 2921 1318 2977; x_wconf 90' lang='lat' dir='ltr'>divinorum</span> <span class='ocrx_word' id='word_1_306' title='bbox 1367 2921 1790 2994; x_wconf 88' lang='lat' dir='ltr'>mysteriorum</span> <span class='ocrx_word' id='word_1_307' title='bbox 1847 2920 2176 2977; x_wconf 88' lang='lat' dir='ltr'>declararet</span> 
     </span>
    </p>
   </div>
   <div class='ocr_carea' id='block_1_49' title="bbox 517 3007 2170 3082">
    <p class='ocr_par' dir='ltr' id='par_1_49' title="bbox 517 3007 2170 3082">
     <span class='ocr_line' id='line_1_49' title="bbox 517 3007 2170 3082; baseline -0.001 -17"><span class='ocrx_word' id='word_1_308' title='bbox 517 3010 961 3082; x_wconf 88' lang='lat' dir='ltr'>proprietatem.</span> <span class='ocrx_word' id='word_1_309' title='bbox 989 3013 1260 3082; x_wconf 88' lang='lat' dir='ltr'>Cumque</span> <span class='ocrx_word' id='word_1_310' title='bbox 1309 3008 1389 3065; x_wconf 90' lang='lat' dir='ltr'>ad</span> <span class='ocrx_word' id='word_1_311' title='bbox 1443 3009 1909 3064; x_wconf 78' lang='lat' dir='ltr'>contractionem</span> <span class='ocrx_word' id='word_1_312' title='bbox 1957 3007 2170 3064; x_wconf 86' lang='lat' dir='ltr'>viviﬁci</span> 
     </span>
    </p>
   </div>
   <div class='ocr_carea' id='block_1_50' title="bbox 508 3097 2170 3176">
    <p class='ocr_par' dir='ltr' id='par_1_50' title="bbox 508 3097 2170 3176">
     <span class='ocr_line' id='line_1_50' title="bbox 508 3097 2170 3176; baseline -0.001 -21"><span class='ocrx_word' id='word_1_313' title='bbox 508 3100 690 3176; x_wconf 85' lang='lat' dir='ltr'>panis</span> <span class='ocrx_word' id='word_1_314' title='bbox 719 3105 965 3157; x_wconf 91' lang='lat' dir='ltr'>ventum</span> <span class='ocrx_word' id='word_1_315' title='bbox 987 3099 1194 3155; x_wconf 90' lang='lat' dir='ltr'>fuisset</span> <span class='ocrx_word' id='word_1_316' title='bbox 1223 3117 1259 3156; x_wconf 74' lang='grc' dir='ltr'>ι)</span> <span class='ocrx_word' id='word_1_317' title='bbox 1285 3099 1651 3154; x_wconf 78' lang='lat' dir='ltr'>ineffabilem</span> <span class='ocrx_word' id='word_1_318' title='bbox 1695 3098 1793 3154; x_wconf 89' lang='lat' dir='ltr'>Dei</span> <span class='ocrx_word' id='word_1_319' title='bbox 1843 3097 2170 3154; x_wconf 87' lang='lat' dir='ltr'>miseratio-</span> 
     </span>
    </p>
   </div>
   <div class='ocr_carea' id='block_1_51' title="bbox 513 3187 2167 3262">
    <p class='ocr_par' dir='ltr' id='par_1_51' title="bbox 513 3187 2167 3262">
     <span class='ocr_line' id='line_1_51' title="bbox 513 3187 2167 3262; baseline -0.002 -18"><span class='ocrx_word' id='word_1_320' title='bbox 513 3204 674 3259; x_wconf 86' lang='lat' dir='ltr'>nem,</span> <span class='ocrx_word' id='word_1_321' title='bbox 689 3205 725 3244; x_wconf 91' lang='grc' dir='ltr'>ο</span> <span class='ocrx_word' id='word_1_322' title='bbox 743 3195 1095 3262; x_wconf 76' lang='lat' dir='ltr'>praesentem</span> <span class='ocrx_word' id='word_1_323' title='bbox 1112 3195 1347 3244; x_wconf 65' lang='lat' dir='ltr'>aeternae</span> <span class='ocrx_word' id='word_1_324' title='bbox 1372 3189 1700 3259; x_wconf 84' lang='lat' dir='ltr'>majestatis</span> <span class='ocrx_word' id='word_1_325' title='bbox 1723 3188 2128 3243; x_wconf 89' lang='lat' dir='ltr'>ostensionem</span> <span class='ocrx_word' id='word_1_326' title='bbox 2157 3187 2167 3241; x_wconf 88' lang='lat' dir='ltr'>l</span> 
     </span>
    </p>
   </div>
   <div class='ocr_carea' id='block_1_52' title="bbox 513 3276 2172 3350">
    <p class='ocr_par' dir='ltr' id='par_1_52' title="bbox 513 3276 2172 3350">
     <span class='ocr_line' id='line_1_52' title="bbox 513 3276 2172 3350; baseline -0.001 -18"><span class='ocrx_word' id='word_1_327' title='bbox 513 3277 825 3333; x_wconf 83' lang='lat' dir='ltr'>confestim</span> <span class='ocrx_word' id='word_1_328' title='bbox 881 3293 1148 3350; x_wconf 89' lang='lat' dir='ltr'>namque</span> <span class='ocrx_word' id='word_1_329' title='bbox 1200 3277 1352 3332; x_wconf 87' lang='lat' dir='ltr'>inter</span> <span class='ocrx_word' id='word_1_330' title='bbox 1403 3293 1622 3332; x_wconf 87' lang='lat' dir='ltr'>manus</span> <span class='ocrx_word' id='word_1_331' title='bbox 1651 3277 1967 3349; x_wconf 88' lang='lat' dir='ltr'>pontificis,</span> <span class='ocrx_word' id='word_1_332' title='bbox 2021 3276 2172 3346; x_wconf 87' lang='lat' dir='ltr'>frag-</span> 
     </span>
    </p>
   </div>
   <div class='ocr_carea' id='block_1_53' title="bbox 513 3366 2167 3439">
    <p class='ocr_par' dir='ltr' id='par_1_53' title="bbox 513 3366 2167 3439">
     <span class='ocr_line' id='line_1_53' title="bbox 513 3366 2167 3439; baseline -0.001 -17"><span class='ocrx_word' id='word_1_333' title='bbox 513 3372 714 3422; x_wconf 89' lang='lat' dir='ltr'>menta</span> <span class='ocrx_word' id='word_1_334' title='bbox 741 3367 1008 3439; x_wconf 90' lang='lat' dir='ltr'>corporis</span> <span class='ocrx_word' id='word_1_335' title='bbox 1041 3366 1250 3423; x_wconf 90' lang='lat' dir='ltr'>Christi</span> <span class='ocrx_word' id='word_1_336' title='bbox 1282 3367 1556 3424; x_wconf 69' lang='lat' dir='ltr'>tenentis.</span> <span class='ocrx_word' id='word_1_337' title='bbox 1609 3366 1853 3435; x_wconf 86' lang='lat' dir='ltr'>sanguis</span> <span class='ocrx_word' id='word_1_338' title='bbox 1894 3366 2167 3435; x_wconf 80' lang='lat' dir='ltr'>guttatim</span> 
     </span>
    </p>
   </div>
   <div class='ocr_carea' id='block_1_54' title="bbox 512 3454 2169 3527">
    <p class='ocr_par' dir='ltr' id='par_1_54' title="bbox 512 3454 2169 3527">
     <span class='ocr_line' id='line_1_54' title="bbox 512 3454 2169 3527; baseline 0 -17"><span class='ocrx_word' id='word_1_339' title='bbox 512 3454 772 3511; x_wconf 88' lang='lat' dir='ltr'>deﬂuere</span> <span class='ocrx_word' id='word_1_340' title='bbox 803 3456 1001 3527; x_wconf 84' lang='lat' dir='ltr'>coepit.</span> <span class='ocrx_word' id='word_1_341' title='bbox 1028 3457 1202 3511; x_wconf 88' lang='lat' dir='ltr'>Stans</span> <span class='ocrx_word' id='word_1_342' title='bbox 1222 3454 1420 3526; x_wconf 85' lang='lat' dir='ltr'>itaque</span> <span class='ocrx_word' id='word_1_343' title='bbox 1453 3455 1738 3526; x_wconf 84' lang='lat' dir='ltr'>pontifex,</span> <span class='ocrx_word' id='word_1_344' title='bbox 1771 3459 1826 3510; x_wconf 87' lang='lat' dir='ltr'>et</span> <span class='ocrx_word' id='word_1_345' title='bbox 1851 3472 1973 3526; x_wconf 66' lang='lat' dir='ltr'>prae</span> <span class='ocrx_word' id='word_1_346' title='bbox 2021 3471 2169 3522; x_wconf 85' lang='lat' dir='ltr'>gau-</span> 
     </span>
    </p>
   </div>
   <div class='ocr_carea' id='block_1_55' title="bbox 511 3543 2168 3616">
    <p class='ocr_par' dir='ltr' id='par_1_55' title="bbox 511 3543 2168 3616">
     <span class='ocr_line' id='line_1_55' title="bbox 511 3543 2168 3616; baseline 0.001 -19"><span class='ocrx_word' id='word_1_347' title='bbox 511 3543 612 3598; x_wconf 89' lang='lat' dir='ltr'>dio</span> <span class='ocrx_word' id='word_1_348' title='bbox 639 3545 853 3599; x_wconf 86' lang='lat' dir='ltr'>uberes</span> <span class='ocrx_word' id='word_1_349' title='bbox 881 3544 1187 3616; x_wconf 81' lang='lat' dir='ltr'>lacrymas</span> <span class='ocrx_word' id='word_1_350' title='bbox 1243 3543 1524 3608; x_wconf 77' lang='lat' dir='ltr'>fundens,</span> <span class='ocrx_word' id='word_1_351' title='bbox 1589 3544 1780 3599; x_wconf 87' lang='lat' dir='ltr'>innuit</span> <span class='ocrx_word' id='word_1_352' title='bbox 1836 3545 2168 3600; x_wconf 84' lang='lat' dir='ltr'>astantibus</span> 
     </span>
    </p>
   </div>
   <div class='ocr_carea' id='block_1_56' title="bbox 509 3631 2168 3707">
    <p class='ocr_par' dir='ltr' id='par_1_56' title="bbox 509 3631 2168 3707">
     <span class='ocr_line' id='line_1_56' title="bbox 509 3631 2168 3707; baseline 0.002 -20"><span class='ocrx_word' id='word_1_353' title='bbox 509 3631 795 3688; x_wconf 88' lang='lat' dir='ltr'>ministris</span> <span class='ocrx_word' id='word_1_354' title='bbox 825 3637 889 3688; x_wconf 90' lang='lat' dir='ltr'>ut</span> <span class='ocrx_word' id='word_1_355' title='bbox 914 3632 994 3688; x_wconf 90' lang='lat' dir='ltr'>illi</span> <span class='ocrx_word' id='word_1_356' title='bbox 1024 3633 1408 3706; x_wconf 90' lang='lat' dir='ltr'>potissimum</span> <span class='ocrx_word' id='word_1_357' title='bbox 1435 3632 1714 3705; x_wconf 84' lang='lat' dir='ltr'>proprius</span> <span class='ocrx_word' id='word_1_358' title='bbox 1747 3633 2035 3690; x_wconf 88' lang='lat' dir='ltr'>accedant</span> <span class='ocrx_word' id='word_1_359' title='bbox 2063 3635 2168 3707; x_wconf 89' lang='lat' dir='ltr'>qui</span> 
     </span>
    </p>
   </div>
   <div class='ocr_carea' id='block_1_57' title="bbox 507 3721 2168 3794">
    <p class='ocr_par' dir='ltr' id='par_1_57' title="bbox 507 3721 2168 3794">
     <span class='ocr_line' id='line_1_57' title="bbox 507 3721 2168 3794; baseline 0.001 -18"><span class='ocrx_word' id='word_1_360' title='bbox 507 3735 701 3794; x_wconf 90' lang='lat' dir='ltr'>nuper</span> <span class='ocrx_word' id='word_1_361' title='bbox 729 3721 792 3776; x_wconf 91' lang='lat' dir='ltr'>in</span> <span class='ocrx_word' id='word_1_362' title='bbox 821 3721 941 3776; x_wconf 85' lang='lat' dir='ltr'>fide</span> <span class='ocrx_word' id='word_1_363' title='bbox 973 3721 1389 3777; x_wconf 87' lang='lat' dir='ltr'>titubaverant.</span> <span class='ocrx_word' id='word_1_364' title='bbox 1441 3721 1641 3777; x_wconf 89' lang='lat' dir='ltr'>Vocati</span> <span class='ocrx_word' id='word_1_365' title='bbox 1669 3721 1847 3792; x_wconf 84' lang='lat' dir='ltr'>igitur</span> <span class='ocrx_word' id='word_1_366' title='bbox 1905 3722 2168 3778; x_wconf 87' lang='lat' dir='ltr'>celeriter</span> 
     </span>
    </p>
   </div>
   <div class='ocr_carea' id='block_1_58' title="bbox 505 3810 2164 3884">
    <p class='ocr_par' dir='ltr' id='par_1_58' title="bbox 505 3810 2164 3884">
     <span class='ocr_line' id='line_1_58' title="bbox 505 3810 2164 3884; baseline 0.001 -18"><span class='ocrx_word' id='word_1_367' title='bbox 505 3810 748 3878; x_wconf 83' lang='lat' dir='ltr'>adsunt,</span> <span class='ocrx_word' id='word_1_368' title='bbox 781 3815 962 3884; x_wconf 87' lang='lat' dir='ltr'>atque</span> <span class='ocrx_word' id='word_1_369' title='bbox 991 3811 1052 3866; x_wconf 89' lang='lat' dir='ltr'>in</span> <span class='ocrx_word' id='word_1_370' title='bbox 1082 3816 1382 3867; x_wconf 88' lang='lat' dir='ltr'>tantarum</span> <span class='ocrx_word' id='word_1_371' title='bbox 1430 3827 1631 3866; x_wconf 86' lang='lat' dir='ltr'>rerum</span> <span class='ocrx_word' id='word_1_372' title='bbox 1689 3811 2164 3869; x_wconf 88' lang='lat' dir='ltr'>consideratione</span> 
     </span>
    </p>
   </div>
   <div class='ocr_carea' id='block_1_59' title="bbox 503 3899 2166 3973">
    <p class='ocr_par' dir='ltr' id='par_1_59' title="bbox 503 3899 2166 3973">
     <span class='ocr_line' id='line_1_59' title="bbox 503 3899 2166 3973; baseline 0.001 -18"><span class='ocrx_word' id='word_1_373' title='bbox 503 3899 924 3972; x_wconf 87' lang='lat' dir='ltr'>perterrefacti,</span> <span class='ocrx_word' id='word_1_374' title='bbox 951 3899 1241 3973; x_wconf 88' lang='lat' dir='ltr'>pavitanti</span> <span class='ocrx_word' id='word_1_375' title='bbox 1271 3916 1417 3955; x_wconf 86' lang='lat' dir='ltr'>voce</span> <span class='ocrx_word' id='word_1_376' title='bbox 1439 3900 1780 3956; x_wconf 85' lang='lat' dir='ltr'>exclamant</span> <span class='ocrx_word' id='word_1_377' title='bbox 1811 3919 1824 3968; x_wconf 89' lang='lat'>;</span> <span class='ocrx_word' id='word_1_378' title='bbox 1858 3903 1901 3957; x_wconf 93' lang='grc' dir='ltr'><strong>Ο</strong></span> <span class='ocrx_word' id='word_1_379' title='bbox 1931 3905 1983 3956; x_wconf 88' lang='lat' dir='ltr'>te</span> <span class='ocrx_word' id='word_1_380' title='bbox 2013 3901 2166 3957; x_wconf 91' lang='lat' dir='ltr'>inter</span> 
     </span>
    </p>
   </div>
   <div class='ocr_carea' id='block_1_60' title="bbox 501 3988 2161 4055">
    <p class='ocr_par' dir='ltr' id='par_1_60' title="bbox 501 3988 2161 4055">
     <span class='ocr_line' id='line_1_60' title="bbox 501 3988 2161 4055; baseline 0.001 -11"><span class='ocrx_word' id='word_1_381' title='bbox 501 3988 777 4045; x_wconf 90' lang='lat' dir='ltr'>homines</span> <span class='ocrx_word' id='word_1_382' title='bbox 807 3989 1219 4046; x_wconf 89' lang='lat' dir='ltr'>felicissimum</span> <span class='ocrx_word' id='word_1_383' title='bbox 1249 3989 1446 4055; x_wconf 89' lang='lat' dir='ltr'>hodie,</span> <span class='ocrx_word' id='word_1_384' title='bbox 1477 3991 1570 4045; x_wconf 89' lang='lat' dir='ltr'>cui</span> <span class='ocrx_word' id='word_1_385' title='bbox 1600 3989 1774 4045; x_wconf 86' lang='lat' dir='ltr'>Filius</span> <span class='ocrx_word' id='word_1_386' title='bbox 1825 3990 1922 4045; x_wconf 90' lang='lat' dir='ltr'>Dei</span> <span class='ocrx_word' id='word_1_387' title='bbox 1969 4007 2161 4046; x_wconf 88' lang='lat' dir='ltr'>seme-</span> 
     </span>
    </p>
   </div>
   <div class='ocr_carea' id='block_1_61' title="bbox 500 4077 2156 4151">
    <p class='ocr_par' dir='ltr' id='par_1_61' title="bbox 500 4077 2156 4151">
     <span class='ocr_line' id='line_1_61' title="bbox 500 4077 2156 4151; baseline 0.001 -17"><span class='ocrx_word' id='word_1_388' title='bbox 500 4077 725 4151; x_wconf 87' lang='lat' dir='ltr'>tipsum</span> <span class='ocrx_word' id='word_1_389' title='bbox 757 4079 819 4136; x_wconf 92' lang='lat' dir='ltr'>in</span> <span class='ocrx_word' id='word_1_390' title='bbox 842 4095 1020 4136; x_wconf 88' lang='lat' dir='ltr'>carne</span> <span class='ocrx_word' id='word_1_391' title='bbox 1049 4078 1333 4148; x_wconf 87' lang='lat' dir='ltr'>dignatus</span> <span class='ocrx_word' id='word_1_392' title='bbox 1353 4083 1441 4134; x_wconf 89' lang='lat' dir='ltr'>est</span> <span class='ocrx_word' id='word_1_393' title='bbox 1468 4078 1732 4134; x_wconf 86' lang='lat' dir='ltr'>revelare</span> <span class='ocrx_word' id='word_1_394' title='bbox 1760 4079 1771 4133; x_wconf 87' lang='lat' dir='ltr'>l</span> <span class='ocrx_word' id='word_1_395' title='bbox 1801 4082 1868 4135; x_wconf 91' lang='lat' dir='ltr'>Et</span> <span class='ocrx_word' id='word_1_396' title='bbox 1887 4095 2156 4135; x_wconf 89' lang='lat' dir='ltr'>rursum:</span> 
     </span>
    </p>
   </div>
   <div class='ocr_carea' id='block_1_62' title="bbox 500 4167 2158 4242">
    <p class='ocr_par' dir='ltr' id='par_1_62' title="bbox 500 4167 2158 4242">
     <span class='ocr_line' id='line_1_62' title="bbox 500 4167 2158 4242; baseline 0.002 -20"><span class='ocrx_word' id='word_1_397' title='bbox 500 4169 714 4236; x_wconf 85' lang='lat' dir='ltr'>Exora,</span> <span class='ocrx_word' id='word_1_398' title='bbox 743 4167 1042 4241; x_wconf 89' lang='lat' dir='ltr'>inquiunt,</span> <span class='ocrx_word' id='word_1_399' title='bbox 1084 4167 1420 4242; x_wconf 90' lang='lat' dir='ltr'>paululum,</span> <span class='ocrx_word' id='word_1_400' title='bbox 1471 4171 1657 4235; x_wconf 87' lang='lat' dir='ltr'>Pater,</span> <span class='ocrx_word' id='word_1_401' title='bbox 1691 4184 1872 4224; x_wconf 88' lang='lat' dir='ltr'>exora</span> <span class='ocrx_word' id='word_1_402' title='bbox 1923 4169 2158 4225; x_wconf 90' lang='lat' dir='ltr'>Domini</span> 
     </span>
    </p>
   </div>
   <div class='ocr_carea' id='block_1_63' title="bbox 501 4257 2159 4330">
    <p class='ocr_par' dir='ltr' id='par_1_63' title="bbox 501 4257 2159 4330">
     <span class='ocr_line' id='line_1_63' title="bbox 501 4257 2159 4330; baseline 0.001 -18"><span class='ocrx_word' id='word_1_403' title='bbox 501 4257 896 4327; x_wconf 88' lang='lat' dir='ltr'>majestatem,</span> <span class='ocrx_word' id='word_1_404' title='bbox 927 4263 990 4314; x_wconf 92' lang='lat' dir='ltr'>ut</span> <span class='ocrx_word' id='word_1_405' title='bbox 1009 4257 1071 4312; x_wconf 93' lang='lat' dir='ltr'>in</span> <span class='ocrx_word' id='word_1_406' title='bbox 1099 4257 1413 4330; x_wconf 84' lang='lat' dir='ltr'>pristinam</span> <span class='ocrx_word' id='word_1_407' title='bbox 1443 4257 1700 4312; x_wconf 88' lang='lat' dir='ltr'>formam</span> <span class='ocrx_word' id='word_1_408' title='bbox 1731 4274 1994 4330; x_wconf 68' lang='lat' dir='ltr'>praesens</span> <span class='ocrx_word' id='word_1_409' title='bbox 2025 4275 2159 4316; x_wconf 87' lang='lat' dir='ltr'>san-</span> 
     </span>
    </p>
   </div>
   <div class='ocr_carea' id='block_1_64' title="bbox 501 4345 2154 4420">
    <p class='ocr_par' dir='ltr' id='par_1_64' title="bbox 501 4345 2154 4420">
     <span class='ocr_line' id='line_1_64' title="bbox 501 4345 2154 4420; baseline 0.002 -20"><span class='ocrx_word' id='word_1_410' title='bbox 501 4345 634 4413; x_wconf 86' lang='lat' dir='ltr'>guis</span> <span class='ocrx_word' id='word_1_411' title='bbox 664 4351 1083 4413; x_wconf 90' lang='lat' dir='ltr'>commutetur,</span> <span class='ocrx_word' id='word_1_412' title='bbox 1112 4362 1188 4401; x_wconf 91' lang='lat' dir='ltr'>nc</span> <span class='ocrx_word' id='word_1_413' title='bbox 1213 4362 1324 4402; x_wconf 90' lang='lat' dir='ltr'>nos</span> <span class='ocrx_word' id='word_1_414' title='bbox 1352 4351 1598 4420; x_wconf 87' lang='lat' dir='ltr'>propter</span> <span class='ocrx_word' id='word_1_415' title='bbox 1639 4345 2006 4403; x_wconf 88' lang='lat' dir='ltr'>infidelitatis</span> <span class='ocrx_word' id='word_1_416' title='bbox 2061 4365 2154 4404; x_wconf 90' lang='lat' dir='ltr'>er-</span> 
     </span>
    </p>
   </div>
   <div class='ocr_carea' id='block_1_65' title="bbox 496 4433 2151 4508">
    <p class='ocr_par' dir='ltr' id='par_1_65' title="bbox 496 4433 2151 4508">
     <span class='ocr_line' id='line_1_65' title="bbox 496 4433 2151 4508; baseline 0.003 -20"><span class='ocrx_word' id='word_1_417' title='bbox 496 4447 695 4489; x_wconf 91' lang='lat' dir='ltr'>rorem</span> <span class='ocrx_word' id='word_1_418' title='bbox 712 4433 915 4491; x_wconf 89' lang='lat' dir='ltr'>divina</span> <span class='ocrx_word' id='word_1_419' title='bbox 941 4434 1083 4490; x_wconf 90' lang='lat' dir='ltr'>ultio</span> <span class='ocrx_word' id='word_1_420' title='bbox 1106 4437 1407 4508; x_wconf 89' lang='lat' dir='ltr'>sequatur,</span> <span class='ocrx_word' id='word_1_421' title='bbox 1439 4434 1641 4492; x_wconf 89' lang='lat' dir='ltr'>Oravit</span> <span class='ocrx_word' id='word_1_422' title='bbox 1665 4451 1806 4507; x_wconf 90' lang='lat' dir='ltr'>ergo</span> <span class='ocrx_word' id='word_1_423' title='bbox 1829 4437 2107 4493; x_wconf 86' lang='lat' dir='ltr'>sacerdos</span> <span class='ocrx_word' id='word_1_424' title='bbox 2137 4455 2151 4506; x_wconf 90' lang='lat'><strong>;</strong></span> 
     </span>
    </p>
   </div>
   <div class='ocr_carea' id='block_1_66' title="bbox 495 4522 2156 4596">
    <p class='ocr_par' dir='ltr' id='par_1_66' title="bbox 495 4522 2156 4596">
     <span class='ocr_line' id='line_1_66' title="bbox 495 4522 2156 4596; baseline 0.002 -18"><span class='ocrx_word' id='word_1_425' title='bbox 495 4525 632 4595; x_wconf 90' lang='lat' dir='ltr'>post</span> <span class='ocrx_word' id='word_1_426' title='bbox 660 4522 990 4578; x_wconf 88' lang='lat' dir='ltr'>orationem</span> <span class='ocrx_word' id='word_1_427' title='bbox 1017 4523 1095 4579; x_wconf 90' lang='lat' dir='ltr'>ad</span> <span class='ocrx_word' id='word_1_428' title='bbox 1123 4539 1292 4580; x_wconf 88' lang='lat' dir='ltr'>aram</span> <span class='ocrx_word' id='word_1_429' title='bbox 1321 4523 1600 4596; x_wconf 87' lang='lat' dir='ltr'>respexit,</span> <span class='ocrx_word' id='word_1_430' title='bbox 1633 4528 1690 4580; x_wconf 90' lang='lat' dir='ltr'>et</span> <span class='ocrx_word' id='word_1_431' title='bbox 1718 4524 1823 4579; x_wconf 93' lang='lat' dir='ltr'>ubi</span> <span class='ocrx_word' id='word_1_432' title='bbox 1844 4523 2156 4582; x_wconf 88' lang='lat' dir='ltr'>dimiserat</span> 
     </span>
    </p>
   </div>
   <div class='ocr_carea' id='block_1_67' title="bbox 496 4613 2156 4688">
    <p class='ocr_par' dir='ltr' id='par_1_67' title="bbox 496 4613 2156 4688">
     <span class='ocr_line' id='line_1_67' title="bbox 496 4613 2156 4688; baseline 0.002 -21"><span class='ocrx_word' id='word_1_433' title='bbox 496 4613 878 4683; x_wconf 88' lang='lat' dir='ltr'>sanguinem,</span> <span class='ocrx_word' id='word_1_434' title='bbox 897 4617 1250 4670; x_wconf 81' lang='lat' dir='ltr'>consuetam</span> <span class='ocrx_word' id='word_1_435' title='bbox 1273 4614 1388 4670; x_wconf 88' lang='lat' dir='ltr'>vini</span> <span class='ocrx_word' id='word_1_436' title='bbox 1409 4614 1626 4687; x_wconf 90' lang='lat' dir='ltr'>reperit</span> <span class='ocrx_word' id='word_1_437' title='bbox 1643 4613 2156 4688; x_wconf 89' lang='lat' dir='ltr'>Speciem.Sump-</span> 
     </span>
    </p>
   </div>
   <div class='ocr_carea' id='block_1_68' title="bbox 495 4701 2153 4772">
    <p class='ocr_par' dir='ltr' id='par_1_68' title="bbox 495 4701 2153 4772">
     <span class='ocr_line' id='line_1_68' title="bbox 495 4701 2153 4772; baseline 0.002 -16"><span class='ocrx_word' id='word_1_438' title='bbox 495 4701 569 4756; x_wconf 87' lang='lat' dir='ltr'>tis</span> <span class='ocrx_word' id='word_1_439' title='bbox 626 4707 827 4758; x_wconf 90' lang='lat' dir='ltr'>autem</span> <span class='ocrx_word' id='word_1_440' title='bbox 911 4702 1250 4759; x_wconf 79' lang='lat' dir='ltr'>coelestibus</span> <span class='ocrx_word' id='word_1_441' title='bbox 1330 4703 1743 4772; x_wconf 87' lang='lat' dir='ltr'>sacramentis,</span> <span class='ocrx_word' id='word_1_442' title='bbox 1814 4703 2153 4760; x_wconf 74' lang='lat' dir='ltr'>lietantibus</span> 
     </span>
    </p>
   </div>
   <div class='ocr_carea' id='block_1_69' title="bbox 494 4791 2154 4868">
    <p class='ocr_par' dir='ltr' id='par_1_69' title="bbox 494 4791 2154 4868">
     <span class='ocr_line' id='line_1_69' title="bbox 494 4791 2154 4868; baseline 0.004 -24"><span class='ocrx_word' id='word_1_443' title='bbox 494 4791 723 4845; x_wconf 87' lang='lat' dir='ltr'>cunctis</span> <span class='ocrx_word' id='word_1_444' title='bbox 749 4792 852 4864; x_wconf 91' lang='lat' dir='ltr'>qui</span> <span class='ocrx_word' id='word_1_445' title='bbox 877 4792 1052 4848; x_wconf 86' lang='lat' dir='ltr'>tantis</span> <span class='ocrx_word' id='word_1_446' title='bbox 1076 4792 1392 4848; x_wconf 88' lang='lat' dir='ltr'>interfuere</span> <span class='ocrx_word' id='word_1_447' title='bbox 1437 4793 1809 4866; x_wconf 89' lang='lat' dir='ltr'>spectaculis,</span> <span class='ocrx_word' id='word_1_448' title='bbox 1870 4794 2154 4868; x_wconf 67' lang='lat' dir='ltr'>praecepit</span> 
     </span>
    </p>
   </div>
   <div class='ocr_carea' id='block_1_70' title="bbox 493 4879 2151 4964">
    <p class='ocr_par' dir='ltr' id='par_1_70' title="bbox 493 4879 2151 4964">
     <span class='ocr_line' id='line_1_70' title="bbox 493 4879 2151 4964; baseline 0.005 -32"><span class='ocrx_word' id='word_1_449' title='bbox 493 4879 758 4950; x_wconf 84' lang='lat' dir='ltr'>pontifex</span> <span class='ocrx_word' id='word_1_450' title='bbox 786 4897 897 4952; x_wconf 86' lang='lat' dir='ltr'>pro</span> <span class='ocrx_word' id='word_1_451' title='bbox 929 4881 1268 4946; x_wconf 85' lang='lat' dir='ltr'>testimonio</span> <span class='ocrx_word' id='word_1_452' title='bbox 1297 4881 1737 4964; x_wconf 25' lang='lat' dir='ltr'>tantaqvirtutis</span> <span class='ocrx_word' id='word_1_453' title='bbox 1776 4899 1987 4939; x_wconf 89' lang='lat' dir='ltr'>omnes</span> <span class='ocrx_word' id='word_1_454' title='bbox 2042 4900 2151 4940; x_wconf 90' lang='lat' dir='ltr'>un-</span> 
     </span>
    </p>
   </div>
   <div class='ocr_carea' id='block_1_71' title="bbox 490 4967 2148 5042">
    <p class='ocr_par' dir='ltr' id='par_1_71' title="bbox 490 4967 2148 5042">
     <span class='ocr_line' id='line_1_71' title="bbox 490 4967 2148 5042; baseline 0.004 -20"><span class='ocrx_word' id='word_1_455' title='bbox 490 4967 807 5042; x_wconf 90' lang='lat' dir='ltr'>decunque</span> <span class='ocrx_word' id='word_1_456' title='bbox 831 4985 1124 5042; x_wconf 89' lang='lat' dir='ltr'>pauperes</span> <span class='ocrx_word' id='word_1_457' title='bbox 1149 4972 1484 5042; x_wconf 85' lang='lat' dir='ltr'>aggregari,</span> <span class='ocrx_word' id='word_1_458' title='bbox 1532 4975 1589 5027; x_wconf 92' lang='lat' dir='ltr'>et</span> <span class='ocrx_word' id='word_1_459' title='bbox 1628 4971 1894 5029; x_wconf 89' lang='lat' dir='ltr'>solemne</span> <span class='ocrx_word' id='word_1_460' title='bbox 1947 4974 2148 5030; x_wconf 88' lang='lat' dir='ltr'>convi-</span> 
     </span>
    </p>
   </div>
   <div class='ocr_carea' id='block_1_72' title="bbox 488 5055 2148 5132">
    <p class='ocr_par' dir='ltr' id='par_1_72' title="bbox 488 5055 2148 5132">
     <span class='ocr_line' id='line_1_72' title="bbox 488 5055 2148 5132; baseline 0.004 -20"><span class='ocrx_word' id='word_1_461' title='bbox 488 5055 654 5112; x_wconf 92' lang='lat' dir='ltr'>vium</span> <span class='ocrx_word' id='word_1_462' title='bbox 685 5057 910 5113; x_wconf 83' lang='lat' dir='ltr'>eisdei‘u</span> <span class='ocrx_word' id='word_1_463' title='bbox 937 5059 1283 5130; x_wconf 77' lang='lat' dir='ltr'>praeparari.</span> <span class='ocrx_word' id='word_1_464' title='bbox 1321 5065 1446 5132; x_wconf 84' lang='lat' dir='ltr'>Ipse</span> <span class='ocrx_word' id='word_1_465' title='bbox 1480 5063 1678 5116; x_wconf 55' lang='lat' dir='ltr'>autem</span> <span class='ocrx_word' id='word_1_466' title='bbox 1718 5077 1858 5117; x_wconf 89' lang='lat' dir='ltr'>cum</span> <span class='ocrx_word' id='word_1_467' title='bbox 1907 5061 2032 5118; x_wconf 92' lang='lat' dir='ltr'>suis</span> <span class='ocrx_word' id='word_1_468' title='bbox 2087 5061 2148 5118; x_wconf 91' lang='lat' dir='ltr'>in</span> 
     </span>
    </p>
   </div>
   <div class='ocr_carea' id='block_1_73' title="bbox 485 5147 2146 5224">
    <p class='ocr_par' dir='ltr' id='par_1_73' title="bbox 485 5147 2146 5224">
     <span class='ocr_line' id='line_1_73' title="bbox 485 5147 2146 5224; baseline 0.003 -22"><span class='ocrx_word' id='word_1_469' title='bbox 485 5163 710 5218; x_wconf 90' lang='lat' dir='ltr'>magna</span> <span class='ocrx_word' id='word_1_470' title='bbox 735 5147 1064 5219; x_wconf 88' lang='lat' dir='ltr'>gratiarum</span> <span class='ocrx_word' id='word_1_471' title='bbox 1093 5147 1324 5204; x_wconf 88' lang='lat' dir='ltr'>actione</span> <span class='ocrx_word' id='word_1_472' title='bbox 1350 5149 1613 5206; x_wconf 63' lang='lat' dir='ltr'>laetitiam</span> <span class='ocrx_word' id='word_1_473' title='bbox 1641 5150 1878 5222; x_wconf 83' lang='lat' dir='ltr'>agebat,</span> <span class='ocrx_word' id='word_1_474' title='bbox 1909 5155 2146 5224; x_wconf 88' lang='lat' dir='ltr'>propte-</span> 
     </span>
    </p>
   </div>
   <div class='ocr_carea' id='block_1_74' title="bbox 485 5236 2146 5314">
    <p class='ocr_par' dir='ltr' id='par_1_74' title="bbox 485 5236 2146 5314">
     <span class='ocr_line' id='line_1_74' title="bbox 485 5236 2146 5314; baseline 0.003 -23"><span class='ocrx_word' id='word_1_475' title='bbox 485 5253 588 5294; x_wconf 89' lang='lat' dir='ltr'>rea</span> <span class='ocrx_word' id='word_1_476' title='bbox 618 5237 783 5311; x_wconf 89' lang='lat' dir='ltr'>quod</span> <span class='ocrx_word' id='word_1_477' title='bbox 805 5236 1005 5294; x_wconf 91' lang='lat' dir='ltr'>omnis</span> <span class='ocrx_word' id='word_1_478' title='bbox 1028 5253 1192 5294; x_wconf 88' lang='lat' dir='ltr'>error</span> <span class='ocrx_word' id='word_1_479' title='bbox 1218 5237 1293 5294; x_wconf 87' lang='lat' dir='ltr'>de</span> <span class='ocrx_word' id='word_1_480' title='bbox 1322 5238 1630 5295; x_wconf 89' lang='lat' dir='ltr'>Dominico</span> <span class='ocrx_word' id='word_1_481' title='bbox 1659 5255 1908 5314; x_wconf 88' lang='lat' dir='ltr'>corpore</span> <span class='ocrx_word' id='word_1_482' title='bbox 1928 5239 1989 5296; x_wconf 88' lang='lat' dir='ltr'>in</span> <span class='ocrx_word' id='word_1_483' title='bbox 2010 5256 2146 5314; x_wconf 89' lang='lat' dir='ltr'>pec-</span> 
     </span>
    </p>
   </div>
   <div class='ocr_carea' id='block_1_75' title="bbox 487 5327 2144 5404">
    <p class='ocr_par' dir='ltr' id='par_1_75' title="bbox 487 5327 2144 5404">
     <span class='ocr_line' id='line_1_75' title="bbox 487 5327 2144 5404; baseline 0.003 -24"><span class='ocrx_word' id='word_1_484' title='bbox 487 5331 610 5382; x_wconf 89' lang='lat' dir='ltr'>tore</span> <span class='ocrx_word' id='word_1_485' title='bbox 641 5345 889 5386; x_wconf 90' lang='lat' dir='ltr'>suorum</span> <span class='ocrx_word' id='word_1_486' title='bbox 911 5327 1170 5384; x_wconf 89' lang='lat' dir='ltr'>abolitus</span> <span class='ocrx_word' id='word_1_487' title='bbox 1197 5327 1404 5384; x_wconf 89' lang='lat' dir='ltr'>fuisset</span> <span class='ocrx_word' id='word_1_488' title='bbox 1433 5347 1445 5396; x_wconf 90' lang='lat'>;</span> <span class='ocrx_word' id='word_1_489' title='bbox 1498 5344 1608 5386; x_wconf 93' lang='lat' dir='ltr'>nec</span> <span class='ocrx_word' id='word_1_490' title='bbox 1628 5329 1786 5388; x_wconf 91' lang='lat' dir='ltr'>ultra</span> <span class='ocrx_word' id='word_1_491' title='bbox 1815 5347 2038 5404; x_wconf 89' lang='lat' dir='ltr'>panem</span> <span class='ocrx_word' id='word_1_492' title='bbox 2084 5331 2144 5386; x_wconf 90' lang='lat' dir='ltr'>in</span> 
     </span>
    </p>
   </div>
   <div class='ocr_carea' id='block_1_76' title="bbox 483 5413 2142 5492">
    <p class='ocr_par' dir='ltr' id='par_1_76' title="bbox 483 5413 2142 5492">
     <span class='ocr_line' id='line_1_76' title="bbox 483 5413 2142 5492; baseline 0.005 -26"><span class='ocrx_word' id='word_1_493' title='bbox 483 5413 650 5470; x_wconf 89' lang='lat' dir='ltr'>altari</span> <span class='ocrx_word' id='word_1_494' title='bbox 692 5419 954 5488; x_wconf 86' lang='lat' dir='ltr'>positum</span> <span class='ocrx_word' id='word_1_495' title='bbox 1007 5435 1215 5473; x_wconf 89' lang='lat' dir='ltr'>verum</span> <span class='ocrx_word' id='word_1_496' title='bbox 1267 5418 1477 5476; x_wconf 72' lang='lat' dir='ltr'>Christi</span> <span class='ocrx_word' id='word_1_497' title='bbox 1528 5437 1747 5492; x_wconf 88' lang='lat' dir='ltr'>corpus</span> <span class='ocrx_word' id='word_1_498' title='bbox 1804 5437 1934 5475; x_wconf 89' lang='lat' dir='ltr'>esse</span> <span class='ocrx_word' id='word_1_499' title='bbox 1988 5419 2142 5474; x_wconf 73' lang='lat' dir='ltr'>difii~</span> 
     </span>
    </p>
   </div>
   <div class='ocr_carea' id='block_1_77' title="bbox 553 5522 2142 5602">
    <p class='ocr_par' dir='ltr' id='par_1_77' title="bbox 553 5522 2142 5602">
     <span class='ocr_line' id='line_1_77' title="bbox 553 5522 2142 5602; baseline 0.004 -27"><span class='ocrx_word' id='word_1_500' title='bbox 553 5522 693 5592; x_wconf 80' lang='lat'>(270)</span> <span class='ocrx_word' id='word_1_501' title='bbox 737 5525 866 5602; x_wconf 71' lang='lat' dir='ltr'>ilice</span> <span class='ocrx_word' id='word_1_502' title='bbox 897 5524 1142 5602; x_wconf 79' lang='lat' dir='ltr'>totidem</span> <span class='ocrx_word' id='word_1_503' title='bbox 1173 5527 1371 5602; x_wconf 81' lang='lat' dir='ltr'>verbis</span> <span class='ocrx_word' id='word_1_504' title='bbox 1421 5527 1783 5602; x_wconf 63' lang='lat' dir='ltr'>Maiheuvius</span> <span class='ocrx_word' id='word_1_505' title='bbox 1836 5527 2142 5602; x_wconf 74' lang='lat' dir='ltr'>refert__ex</span> 
     </span>
    </p>
   </div>
   <div class='ocr_carea' id='block_1_78' title="bbox 478 5595 2137 5670">
    <p class='ocr_par' dir='ltr' id='par_1_78' title="bbox 478 5595 2137 5670">
     <span class='ocr_line' id='line_1_78' title="bbox 478 5595 2137 5670; baseline 0.004 -24"><span class='ocrx_word' id='word_1_506' title='bbox 478 5595 833 5663; x_wconf 85' lang='lat' dir='ltr'>Capgravio,</span> <span class='ocrx_word' id='word_1_507' title='bbox 859 5595 964 5665; x_wconf 89' lang='lat' dir='ltr'>qui</span> <span class='ocrx_word' id='word_1_508' title='bbox 988 5597 1238 5667; x_wconf 83' lang='lat' dir='ltr'>proinde</span> <span class='ocrx_word' id='word_1_509' title='bbox 1270 5601 1432 5655; x_wconf 88' lang='lat' dir='ltr'>hunc</span> <span class='ocrx_word' id='word_1_510' title='bbox 1461 5598 1731 5656; x_wconf 85' lang='lat' dir='ltr'>libellum</span> <span class='ocrx_word' id='word_1_511' title='bbox 1751 5600 1880 5670; x_wconf 87' lang='lat' dir='ltr'>jam</span> <span class='ocrx_word' id='word_1_512' title='bbox 1913 5598 2098 5657; x_wconf 85' lang='lat' dir='ltr'>edidit</span> <span class='ocrx_word' id='word_1_513' title='bbox 2123 5615 2137 5652; x_wconf 90' lang='lat'><strong>:</strong></span> 
     </span>
    </p>
   </div>
   <div class='ocr_carea' id='block_1_79' title="bbox 2286 1668 3940 1746">
    <p class='ocr_par' dir='ltr' id='par_1_79' title="bbox 2286 1668 3940 1746">
     <span class='ocr_line' id='line_1_79' title="bbox 2286 1668 3940 1746; baseline 0.005 -24"><span class='ocrx_word' id='word_1_514' title='bbox 2286 1668 2557 1726; x_wconf 80' lang='lat' dir='ltr'>sufficere</span> <span class='ocrx_word' id='word_1_515' title='bbox 2587 1671 2912 1742; x_wconf 88' lang='lat' dir='ltr'>videretur,</span> <span class='ocrx_word' id='word_1_516' title='bbox 2945 1672 3301 1745; x_wconf 78' lang='lat' dir='ltr'>deprecatus</span> <span class='ocrx_word' id='word_1_517' title='bbox 3331 1677 3419 1729; x_wconf 92' lang='lat' dir='ltr'>est</span> <span class='ocrx_word' id='word_1_518' title='bbox 3441 1673 3708 1746; x_wconf 87' lang='lat' dir='ltr'>pontifex</span> <span class='ocrx_word' id='word_1_519' title='bbox 3749 1674 3940 1730; x_wconf 89' lang='lat' dir='ltr'>Domi-</span> 
     </span>
    </p>
   </div>
   <div class='ocr_carea' id='block_1_80' title="bbox 2284 1761 3940 1835">
    <p class='ocr_par' dir='ltr' id='par_1_80' title="bbox 2284 1761 3940 1835">
     <span class='ocr_line' id='line_1_80' title="bbox 2284 1761 3940 1835; baseline 0.002 -21"><span class='ocrx_word' id='word_1_520' title='bbox 2284 1775 2433 1815; x_wconf 87' lang='lat' dir='ltr'>num</span> <span class='ocrx_word' id='word_1_521' title='bbox 2464 1764 2524 1816; x_wconf 92' lang='lat' dir='ltr'>ut</span> <span class='ocrx_word' id='word_1_522' title='bbox 2555 1776 2874 1834; x_wconf 89' lang='lat' dir='ltr'>quousque</span> <span class='ocrx_word' id='word_1_523' title='bbox 2905 1777 3056 1834; x_wconf 90' lang='lat' dir='ltr'>opus</span> <span class='ocrx_word' id='word_1_524' title='bbox 3089 1761 3419 1835; x_wconf 71' lang='lat' dir='ltr'>incoeptum</span> <span class='ocrx_word' id='word_1_525' title='bbox 3449 1767 3940 1819; x_wconf 87' lang='lat' dir='ltr'>consummatum</span> 
     </span>
    </p>
   </div>
   <div class='ocr_carea' id='block_1_81' title="bbox 2283 1848 3942 1923">
    <p class='ocr_par' dir='ltr' id='par_1_81' title="bbox 2283 1848 3942 1923">
     <span class='ocr_line' id='line_1_81' title="bbox 2283 1848 3942 1923; baseline 0.003 -20"><span class='ocrx_word' id='word_1_526' title='bbox 2283 1848 2362 1904; x_wconf 89' lang='lat' dir='ltr'>fui</span> <span class='ocrx_word' id='word_1_527' title='bbox 2381 1853 2509 1920; x_wconf 62' lang='lat' dir='ltr'>sset,</span> <span class='ocrx_word' id='word_1_528' title='bbox 2531 1850 2696 1907; x_wconf 90' lang='lat' dir='ltr'>nulla</span> <span class='ocrx_word' id='word_1_529' title='bbox 2719 1851 3050 1908; x_wconf 85' lang='lat' dir='ltr'>autinfusio</span> <span class='ocrx_word' id='word_1_530' title='bbox 3071 1851 3381 1923; x_wconf 86' lang='lat' dir='ltr'>imbrium,</span> <span class='ocrx_word' id='word_1_531' title='bbox 3395 1856 3498 1908; x_wconf 89' lang='lat' dir='ltr'>aut</span> <span class='ocrx_word' id='word_1_532' title='bbox 3519 1852 3608 1908; x_wconf 87' lang='lat' dir='ltr'>vis</span> <span class='ocrx_word' id='word_1_533' title='bbox 3625 1856 3942 1908; x_wconf 87' lang='lat' dir='ltr'>ventorum</span> 
     </span>
    </p>
   </div>
   <div class='ocr_carea' id='block_1_82' title="bbox 2283 1935 3943 2012">
    <p class='ocr_par' dir='ltr' id='par_1_82' title="bbox 2283 1935 3943 2012">
     <span class='ocr_line' id='line_1_82' title="bbox 2283 1935 3943 2012; baseline 0.003 -21"><span class='ocrx_word' id='word_1_534' title='bbox 2283 1935 2438 1993; x_wconf 67' lang='lat' dir='ltr'>infra</span> <span class='ocrx_word' id='word_1_535' title='bbox 2463 1937 2718 2010; x_wconf 86' lang='lat' dir='ltr'>parietes</span> <span class='ocrx_word' id='word_1_536' title='bbox 2748 1939 3010 1995; x_wconf 60' lang='lat' dir='ltr'>ecclesiae</span> <span class='ocrx_word' id='word_1_537' title='bbox 3035 1939 3448 2010; x_wconf 86' lang='lat' dir='ltr'>descenderet,</span> <span class='ocrx_word' id='word_1_538' title='bbox 3475 1955 3612 2012; x_wconf 64' lang='lat' dir='ltr'>qua:</span> <span class='ocrx_word' id='word_1_539' title='bbox 3638 1957 3745 1996; x_wconf 91' lang='lat' dir='ltr'>eos</span> <span class='ocrx_word' id='word_1_540' title='bbox 3775 1957 3812 1996; x_wconf 88' lang='lat' dir='ltr'>a</span> <span class='ocrx_word' id='word_1_541' title='bbox 3856 1940 3943 1996; x_wconf 85' lang='lat' dir='ltr'>di-</span> 
     </span>
    </p>
   </div>
   <div class='ocr_carea' id='block_1_83' title="bbox 2283 2026 3942 2102">
    <p class='ocr_par' dir='ltr' id='par_1_83' title="bbox 2283 2026 3942 2102">
     <span class='ocr_line' id='line_1_83' title="bbox 2283 2026 3942 2102; baseline 0.002 -22"><span class='ocrx_word' id='word_1_542' title='bbox 2283 2026 2374 2081; x_wconf 82' lang='lat' dir='ltr'>vin</span> <span class='ocrx_word' id='word_1_543' title='bbox 2390 2043 2420 2080; x_wconf 68' lang='lat'><strong>0</strong></span> <span class='ocrx_word' id='word_1_544' title='bbox 2446 2043 2625 2100; x_wconf 90' lang='lat' dir='ltr'>opere</span> <span class='ocrx_word' id='word_1_545' title='bbox 2651 2028 2970 2100; x_wconf 90' lang='lat' dir='ltr'>prohibere</span> <span class='ocrx_word' id='word_1_546' title='bbox 2996 2029 3237 2085; x_wconf 87' lang='lat' dir='ltr'>valeret.</span> <span class='ocrx_word' id='word_1_547' title='bbox 3266 2029 3636 2102; x_wconf 87' lang='lat' dir='ltr'>Factumque</span> <span class='ocrx_word' id='word_1_548' title='bbox 3666 2034 3758 2084; x_wconf 90' lang='lat' dir='ltr'>est</span> <span class='ocrx_word' id='word_1_549' title='bbox 3779 2033 3842 2084; x_wconf 87' lang='lat' dir='ltr'>nt</span> <span class='ocrx_word' id='word_1_550' title='bbox 3885 2029 3942 2085; x_wconf 91' lang='lat' dir='ltr'>in</span> 
     </span>
    </p>
   </div>
   <div class='ocr_carea' id='block_1_84' title="bbox 2285 2115 3944 2191">
    <p class='ocr_par' dir='ltr' id='par_1_84' title="bbox 2285 2115 3944 2191">
     <span class='ocr_line' id='line_1_84' title="bbox 2285 2115 3944 2191; baseline 0.002 -20"><span class='ocrx_word' id='word_1_551' title='bbox 2285 2115 2372 2171; x_wconf 86' lang='lat' dir='ltr'>tril</span> <span class='ocrx_word' id='word_1_552' title='bbox 2409 2132 2472 2170; x_wconf 80' lang='lat' dir='ltr'>rlS</span> <span class='ocrx_word' id='word_1_553' title='bbox 2503 2116 2675 2173; x_wconf 90' lang='lat' dir='ltr'>annis</span> <span class='ocrx_word' id='word_1_554' title='bbox 2699 2117 2920 2189; x_wconf 85' lang='lat' dir='ltr'>quibus</span> <span class='ocrx_word' id='word_1_555' title='bbox 2943 2117 3207 2173; x_wconf 64' lang='lat' dir='ltr'>ecclesiae</span> <span class='ocrx_word' id='word_1_556' title='bbox 3228 2118 3384 2174; x_wconf 88' lang='lat' dir='ltr'>muri</span> <span class='ocrx_word' id='word_1_557' title='bbox 3410 2119 3474 2174; x_wconf 92' lang='lat' dir='ltr'>in</span> <span class='ocrx_word' id='word_1_558' title='bbox 3513 2117 3706 2174; x_wconf 87' lang='lat' dir='ltr'>altum</span> <span class='ocrx_word' id='word_1_559' title='bbox 3763 2117 3944 2191; x_wconf 91' lang='lat' dir='ltr'>porri-</span> 
     </span>
    </p>
   </div>
   <div class='ocr_carea' id='block_1_85' title="bbox 2286 2205 3941 2280">
    <p class='ocr_par' dir='ltr' id='par_1_85' title="bbox 2286 2205 3941 2280">
     <span class='ocr_line' id='line_1_85' title="bbox 2286 2205 3941 2280; baseline 0.002 -21"><span class='ocrx_word' id='word_1_560' title='bbox 2286 2205 2373 2273; x_wconf 74' lang='lat' dir='ltr'>gei</span> <span class='ocrx_word' id='word_1_561' title='bbox 2389 2209 2602 2275; x_wconf 74' lang='lat' dir='ltr'>:antur,</span> <span class='ocrx_word' id='word_1_562' title='bbox 2629 2211 2753 2261; x_wconf 89' lang='lat' dir='ltr'>tota</span> <span class='ocrx_word' id='word_1_563' title='bbox 2779 2205 3004 2262; x_wconf 86' lang='lat' dir='ltr'>fabrica</span> <span class='ocrx_word' id='word_1_564' title='bbox 3031 2205 3293 2280; x_wconf 87' lang='lat' dir='ltr'>desuper</span> <span class='ocrx_word' id='word_1_565' title='bbox 3311 2211 3560 2280; x_wconf 90' lang='lat' dir='ltr'>pateret,</span> <span class='ocrx_word' id='word_1_566' title='bbox 3587 2223 3698 2262; x_wconf 90' lang='lat' dir='ltr'>nec</span> <span class='ocrx_word' id='word_1_567' title='bbox 3719 2213 3941 2274; x_wconf 87' lang='lat' dir='ltr'>tamen,</span> 
     </span>
    </p>
   </div>
   <div class='ocr_carea' id='block_1_86' title="bbox 2284 2294 3944 2364">
    <p class='ocr_par' dir='ltr' id='par_1_86' title="bbox 2284 2294 3944 2364">
     <span class='ocr_line' id='line_1_86' title="bbox 2284 2294 3944 2364; baseline 0.002 -16"><span class='ocrx_word' id='word_1_568' title='bbox 2284 2309 2407 2348; x_wconf 78' lang='lat' dir='ltr'>non</span> <span class='ocrx_word' id='word_1_569' title='bbox 2435 2294 2570 2351; x_wconf 91' lang='lat' dir='ltr'>dico</span> <span class='ocrx_word' id='word_1_570' title='bbox 2594 2295 2750 2351; x_wconf 88' lang='lat' dir='ltr'>infra</span> <span class='ocrx_word' id='word_1_571' title='bbox 2783 2296 3078 2351; x_wconf 89' lang='lat' dir='ltr'>ambitum</span> <span class='ocrx_word' id='word_1_572' title='bbox 3113 2295 3298 2352; x_wconf 88' lang='lat' dir='ltr'>solius</span> <span class='ocrx_word' id='word_1_573' title='bbox 3335 2295 3622 2364; x_wconf 68' lang='lat' dir='ltr'>ecclesiae,</span> <span class='ocrx_word' id='word_1_574' title='bbox 3683 2297 3790 2352; x_wconf 86' lang='lat' dir='ltr'>sed</span> <span class='ocrx_word' id='word_1_575' title='bbox 3839 2312 3944 2352; x_wconf 90' lang='lat' dir='ltr'>nec</span> 
     </span>
    </p>
   </div>
   <div class='ocr_carea' id='block_1_87' title="bbox 2286 2382 3928 2457">
    <p class='ocr_par' dir='ltr' id='par_1_87' title="bbox 2286 2382 3928 2457">
     <span class='ocr_line' id='line_1_87' title="bbox 2286 2382 3928 2457; baseline 0.002 -21"><span class='ocrx_word' id='word_1_576' title='bbox 2286 2382 2441 2438; x_wconf 87' lang='lat' dir='ltr'>intra</span> <span class='ocrx_word' id='word_1_577' title='bbox 2471 2400 2677 2439; x_wconf 89' lang='lat' dir='ltr'>muros</span> <span class='ocrx_word' id='word_1_578' title='bbox 2707 2383 2886 2439; x_wconf 87' lang='lat' dir='ltr'>totius</span> <span class='ocrx_word' id='word_1_579' title='bbox 2919 2384 3170 2440; x_wconf 87' lang='lat' dir='ltr'>civitatis</span> <span class='ocrx_word' id='word_1_580' title='bbox 3200 2384 3393 2440; x_wconf 90' lang='lat' dir='ltr'>imber</span> <span class='ocrx_word' id='word_1_581' title='bbox 3423 2385 3755 2457; x_wconf 84' lang='lat' dir='ltr'>aliquando</span> <span class='ocrx_word' id='word_1_582' title='bbox 3811 2385 3928 2440; x_wconf 84' lang='lat' dir='ltr'>des</span> 
     </span>
    </p>
   </div>
   <div class='ocr_carea' id='block_1_88' title="bbox 2287 2471 3943 2544">
    <p class='ocr_par' dir='ltr' id='par_1_88' title="bbox 2287 2471 3943 2544">
     <span class='ocr_line' id='line_1_88' title="bbox 2287 2471 3943 2544; baseline 0.003 -19"><span class='ocrx_word' id='word_1_583' title='bbox 2287 2471 2582 2541; x_wconf 84' lang='lat' dir='ltr'>cenderet,</span> <span class='ocrx_word' id='word_1_584' title='bbox 2611 2472 2714 2544; x_wconf 90' lang='lat' dir='ltr'>qui</span> <span class='ocrx_word' id='word_1_585' title='bbox 2741 2472 2834 2528; x_wconf 90' lang='lat' dir='ltr'>vel</span> <span class='ocrx_word' id='word_1_586' title='bbox 2860 2471 3086 2528; x_wconf 90' lang='lat' dir='ltr'>clerum</span> <span class='ocrx_word' id='word_1_587' title='bbox 3112 2473 3174 2528; x_wconf 85' lang='lat' dir='ltr'>in</span> <span class='ocrx_word' id='word_1_588' title='bbox 3224 2473 3473 2530; x_wconf 83' lang='lat' dir='ltr'>ecclesia</span> <span class='ocrx_word' id='word_1_589' title='bbox 3520 2474 3943 2530; x_wconf 86' lang='lat' dir='ltr'>consistentem</span> 
     </span>
    </p>
   </div>
   <div class='ocr_carea' id='block_1_89' title="bbox 2287 2558 3943 2635">
    <p class='ocr_par' dir='ltr' id='par_1_89' title="bbox 2287 2558 3943 2635">
     <span class='ocr_line' id='line_1_89' title="bbox 2287 2558 3943 2635; baseline 0.003 -22"><span class='ocrx_word' id='word_1_590' title='bbox 2287 2559 2366 2613; x_wconf 86' lang='lat' dir='ltr'>ab</span> <span class='ocrx_word' id='word_1_591' title='bbox 2387 2558 2582 2616; x_wconf 82' lang='lat' dir='ltr'>ofﬁcio</span> <span class='ocrx_word' id='word_1_592' title='bbox 2614 2561 2994 2633; x_wconf 60' lang='lat' dir='ltr'>praepediret,</span> <span class='ocrx_word' id='word_1_593' title='bbox 3028 2561 3120 2616; x_wconf 87' lang='lat' dir='ltr'>vel</span> <span class='ocrx_word' id='word_1_594' title='bbox 3143 2562 3435 2635; x_wconf 84' lang='lat' dir='ltr'>pOpulum</span> <span class='ocrx_word' id='word_1_595' title='bbox 3495 2562 3574 2618; x_wconf 88' lang='lat' dir='ltr'>ad</span> <span class='ocrx_word' id='word_1_596' title='bbox 3627 2562 3943 2618; x_wconf 89' lang='lat' dir='ltr'>ecclesiam</span> 
     </span>
    </p>
   </div>
   <div class='ocr_carea' id='block_1_90' title="bbox 2287 2651 3942 2724">
    <p class='ocr_par' dir='ltr' id='par_1_90' title="bbox 2287 2651 3942 2724">
     <span class='ocr_line' id='line_1_90' title="bbox 2287 2651 3942 2724; baseline 0.002 -19"><span class='ocrx_word' id='word_1_597' title='bbox 2287 2655 2740 2706; x_wconf 82' lang='lat' dir='ltr'>concurrentem</span> <span class='ocrx_word' id='word_1_598' title='bbox 2818 2651 3199 2724; x_wconf 87' lang='lat' dir='ltr'>aliquatenus</span> <span class='ocrx_word' id='word_1_599' title='bbox 3262 2655 3461 2724; x_wconf 89' lang='lat' dir='ltr'>posset</span> <span class='ocrx_word' id='word_1_600' title='bbox 3521 2651 3600 2708; x_wconf 91' lang='lat' dir='ltr'>ab</span> <span class='ocrx_word' id='word_1_601' title='bbox 3681 2653 3942 2724; x_wconf 84' lang='lat' dir='ltr'>inceepto</span> 
     </span>
    </p>
   </div>
   <div class='ocr_carea' id='block_1_91' title="bbox 2284 2739 3942 2812">
    <p class='ocr_par' dir='ltr' id='par_1_91' title="bbox 2284 2739 3942 2812">
     <span class='ocr_line' id='line_1_91' title="bbox 2284 2739 3942 2812; baseline 0.002 -20"><span class='ocrx_word' id='word_1_602' title='bbox 2284 2739 2582 2794; x_wconf 81' lang='lat' dir='ltr'>cohibere.</span> <span class='ocrx_word' id='word_1_603' title='bbox 2656 2741 2911 2812; x_wconf 87' lang='lat' dir='ltr'>Eratque</span> <span class='ocrx_word' id='word_1_604' title='bbox 2979 2755 3072 2794; x_wconf 86' lang='lat' dir='ltr'>res</span> <span class='ocrx_word' id='word_1_605' title='bbox 3117 2740 3302 2810; x_wconf 88' lang='lat' dir='ltr'>digna</span> <span class='ocrx_word' id='word_1_606' title='bbox 3372 2739 3737 2812; x_wconf 87' lang='lat' dir='ltr'>spectaculo,</span> <span class='ocrx_word' id='word_1_607' title='bbox 3807 2757 3942 2796; x_wconf 88' lang='lat' dir='ltr'>cum</span> 
     </span>
    </p>
   </div>
   <div class='ocr_carea' id='block_1_92' title="bbox 2283 2825 3939 2902">
    <p class='ocr_par' dir='ltr' id='par_1_92' title="bbox 2283 2825 3939 2902">
     <span class='ocr_line' id='line_1_92' title="bbox 2283 2825 3939 2902; baseline 0.003 -22"><span class='ocrx_word' id='word_1_608' title='bbox 2283 2825 2517 2882; x_wconf 78' lang='lat' dir='ltr'>videres</span> <span class='ocrx_word' id='word_1_609' title='bbox 2573 2828 2778 2884; x_wconf 90' lang='lat' dir='ltr'>omnia</span> <span class='ocrx_word' id='word_1_610' title='bbox 2834 2827 3084 2884; x_wconf 89' lang='lat' dir='ltr'>civitatis</span> <span class='ocrx_word' id='word_1_611' title='bbox 3134 2828 3402 2900; x_wconf 89' lang='lat' dir='ltr'>pomeria</span> <span class='ocrx_word' id='word_1_612' title='bbox 3455 2829 3628 2902; x_wconf 85' lang='lat' dir='ltr'>aquis</span> <span class='ocrx_word' id='word_1_613' title='bbox 3685 2829 3939 2900; x_wconf 86' lang='lat' dir='ltr'>infundi,</span> 
     </span>
    </p>
   </div>
   <div class='ocr_carea' id='block_1_93' title="bbox 2241 2915 3942 3006">
    <p class='ocr_par' dir='ltr' id='par_1_93' title="bbox 2241 2915 3942 3006">
     <span class='ocr_line' id='line_1_93' title="bbox 2241 2915 3942 3006; baseline 0.003 -36"><span class='ocrx_word' id='word_1_614' title='bbox 2241 2955 2254 3006; x_wconf 43' lang='grc' dir='ltr'><strong><em>Σ</em></strong></span> <span class='ocrx_word' id='word_1_615' title='bbox 2283 2919 2338 2970; x_wconf 88' lang='lat' dir='ltr'>el</span> <span class='ocrx_word' id='word_1_616' title='bbox 2394 2916 2522 2984; x_wconf 75' lang='lat' dir='ltr'>ejus</span> <span class='ocrx_word' id='word_1_617' title='bbox 2573 2917 2798 2972; x_wconf 68' lang='lat' dir='ltr'>muenia</span> <span class='ocrx_word' id='word_1_618' title='bbox 2827 2915 2993 2972; x_wconf 90' lang='lat' dir='ltr'>nulla</span> <span class='ocrx_word' id='word_1_619' title='bbox 3020 2917 3362 2989; x_wconf 88' lang='lat' dir='ltr'>pluviarum</span> <span class='ocrx_word' id='word_1_620' title='bbox 3389 2917 3786 2975; x_wconf 84' lang='lat' dir='ltr'>inundatione</span> <span class='ocrx_word' id='word_1_621' title='bbox 3821 2935 3942 2976; x_wconf 80' lang='lat' dir='ltr'>ma—</span> 
     </span>
    </p>
   </div>
   <div class='ocr_carea' id='block_1_94' title="bbox 2282 3003 2508 3061">
    <p class='ocr_par' dir='ltr' id='par_1_94' title="bbox 2282 3003 2508 3061">
     <span class='ocr_line' id='line_1_94' title="bbox 2282 3003 2508 3061; baseline 0.009 -2"><span class='ocrx_word' id='word_1_622' title='bbox 2282 3003 2508 3061; x_wconf 83' lang='lat' dir='ltr'>deﬁeri.</span> 
     </span>
    </p>
   </div>
   <div class='ocr_carea' id='block_1_95' title="bbox 2283 3102 3937 3176">
    <p class='ocr_par' dir='ltr' id='par_1_95' title="bbox 2283 3102 3937 3176">
     <span class='ocr_line' id='line_1_95' title="bbox 2283 3102 3937 3176; baseline 0 -14"><span class='ocrx_word' id='word_1_623' title='bbox 2283 3102 2591 3172; x_wconf 63' lang='lat' dir='ltr'>Edr&#39;z&#39;um,</span> <span class='ocrx_word' id='word_1_624' title='bbox 2661 3120 2856 3176; x_wconf 76' lang='lat' dir='ltr'>regem</span> <span class='ocrx_word' id='word_1_625' title='bbox 2918 3106 3324 3171; x_wconf 75' lang='lat' dir='ltr'>libidinosum,</span> <span class='ocrx_word' id='word_1_626' title='bbox 3373 3121 3486 3174; x_wconf 81' lang='lat' dir='ltr'>per</span> <span class='ocrx_word' id='word_1_627' title='bbox 3532 3107 3937 3176; x_wconf 82' lang='lat' dir='ltr'>Dunstanum,</span> 
     </span>
    </p>
   </div>
   <div class='ocr_carea' id='block_1_96' title="bbox 2618 3178 3602 3246">
    <p class='ocr_par' dir='ltr' id='par_1_96' title="bbox 2618 3178 3602 3246">
     <span class='ocr_line' id='line_1_96' title="bbox 2618 3178 3602 3246; baseline 0 -14"><span class='ocrx_word' id='word_1_628' title='bbox 2618 3183 2742 3233; x_wconf 84' lang='lat' dir='ltr'>tum</span> <span class='ocrx_word' id='word_1_629' title='bbox 2766 3193 2878 3246; x_wconf 76' lang='lat' dir='ltr'>per</span> <span class='ocrx_word' id='word_1_630' title='bbox 2905 3193 2966 3234; x_wconf 76' lang='lat' dir='ltr'>se</span> <span class='ocrx_word' id='word_1_631' title='bbox 2995 3178 3310 3234; x_wconf 80' lang='lat' dir='ltr'>emendare</span> <span class='ocrx_word' id='word_1_632' title='bbox 3329 3181 3602 3233; x_wconf 80' lang='lat' dir='ltr'>conatur.</span> 
     </span>
    </p>
   </div>
   <div class='ocr_carea' id='block_1_97' title="bbox 2356 3275 3937 3334">
    <p class='ocr_par' dir='ltr' id='par_1_97' title="bbox 2356 3275 3937 3334">
     <span class='ocr_line' id='line_1_97' title="bbox 2356 3275 3937 3334; baseline -0.001 0"><span class='ocrx_word' id='word_1_633' title='bbox 2356 3283 2441 3334; x_wconf 69' lang='lat'>12.</span> <span class='ocrx_word' id='word_1_634' title='bbox 2467 3280 2612 3334; x_wconf 87' lang='lat' dir='ltr'>Cum</span> <span class='ocrx_word' id='word_1_635' title='bbox 2645 3279 2847 3332; x_wconf 89' lang='lat' dir='ltr'>autem</span> <span class='ocrx_word' id='word_1_636' title='bbox 2874 3291 2978 3332; x_wconf 88' lang='lat' dir='ltr'>rex</span> <span class='ocrx_word' id='word_1_637' title='bbox 3007 3275 3272 3331; x_wconf 85' lang='lat' dir='ltr'>Edredus</span> <span class='ocrx_word' id='word_1_638' title='bbox 3321 3275 3727 3332; x_wconf 85' lang='lat' dir='ltr'>transitoriam</span> <span class='ocrx_word' id='word_1_639' title='bbox 3757 3277 3937 3332; x_wconf 87' lang='lat' dir='ltr'>vitam</span> 
     </span>
    </p>
   </div>
   <div class='ocr_carea' id='block_1_98' title="bbox 2269 3365 3935 3440">
    <p class='ocr_par' dir='ltr' id='par_1_98' title="bbox 2269 3365 3935 3440">
     <span class='ocr_line' id='line_1_98' title="bbox 2269 3365 3935 3440; baseline -0.002 -16"><span class='ocrx_word' id='word_1_640' title='bbox 2269 3368 2402 3424; x_wconf 91' lang='lat' dir='ltr'>’vita</span> <span class='ocrx_word' id='word_1_641' title='bbox 2425 3366 2668 3440; x_wconf 90' lang='lat' dir='ltr'>perenni</span> <span class='ocrx_word' id='word_1_642' title='bbox 2691 3370 3109 3438; x_wconf 85' lang='lat' dir='ltr'>permutassct,</span> <span class='ocrx_word' id='word_1_643' title='bbox 3147 3365 3339 3420; x_wconf 87' lang='lat' dir='ltr'>Edwis</span> <span class='ocrx_word' id='word_1_644' title='bbox 3370 3365 3531 3420; x_wconf 78' lang='lat' dir='ltr'>ﬁlius</span> <span class='ocrx_word' id='word_1_645' title='bbox 3575 3381 3765 3438; x_wconf 90' lang='lat' dir='ltr'>supra</span> <span class='ocrx_word' id='word_1_646' title='bbox 3816 3383 3935 3421; x_wconf 85' lang='lat' dir='ltr'>me-</span> 
     </span>
    </p>
   </div>
   <div class='ocr_carea' id='block_1_99' title="bbox 2277 3454 3935 3526">
    <p class='ocr_par' dir='ltr' id='par_1_99' title="bbox 2277 3454 3935 3526">
     <span class='ocr_line' id='line_1_99' title="bbox 2277 3454 3935 3526; baseline -0.002 -12"><span class='ocrx_word' id='word_1_647' title='bbox 2277 3457 2492 3514; x_wconf 89' lang='lat' dir='ltr'>morati</span> <span class='ocrx_word' id='word_1_648' title='bbox 2513 3457 2666 3526; x_wconf 82' lang='lat' dir='ltr'>regis</span> <span class='ocrx_word' id='word_1_649' title='bbox 2697 3455 3055 3523; x_wconf 75' lang='lat' dir='ltr'>Eadmundi,</span> <span class='ocrx_word' id='word_1_650' title='bbox 3083 3454 3144 3510; x_wconf 93' lang='lat' dir='ltr'>in</span> <span class='ocrx_word' id='word_1_651' title='bbox 3173 3470 3377 3525; x_wconf 86' lang='lat' dir='ltr'>regem</span> <span class='ocrx_word' id='word_1_652' title='bbox 3401 3455 3622 3510; x_wconf 80' lang='lat' dir='ltr'>electus</span> <span class='ocrx_word' id='word_1_653' title='bbox 3662 3460 3771 3511; x_wconf 87' lang='lat' dir='ltr'>est.</span> <span class='ocrx_word' id='word_1_654' title='bbox 3829 3456 3935 3522; x_wconf 84' lang='lat' dir='ltr'>Qui</span> 
     </span>
    </p>
   </div>
   <div class='ocr_carea' id='block_1_100' title="bbox 2277 3544 3935 3617">
    <p class='ocr_par' dir='ltr' id='par_1_100' title="bbox 2277 3544 3935 3617">
     <span class='ocr_line' id='line_1_100' title="bbox 2277 3544 3935 3617; baseline -0.002 -15"><span class='ocrx_word' id='word_1_655' title='bbox 2277 3547 2548 3603; x_wconf 80' lang='lat' dir='ltr'>moribus</span> <span class='ocrx_word' id='word_1_656' title='bbox 2580 3552 2636 3600; x_wconf 90' lang='lat' dir='ltr'>et</span> <span class='ocrx_word' id='word_1_657' title='bbox 2661 3544 3230 3614; x_wconf 58' lang='lat' dir='ltr'>tetatejuvenculus,</span> <span class='ocrx_word' id='word_1_658' title='bbox 3275 3545 3572 3614; x_wconf 88' lang='lat' dir='ltr'>juvenum</span> <span class='ocrx_word' id='word_1_659' title='bbox 3619 3561 3778 3617; x_wconf 88' lang='lat' dir='ltr'>quos</span> <span class='ocrx_word' id='word_1_660' title='bbox 3827 3545 3935 3600; x_wconf 88' lang='lat' dir='ltr'>sibi</span> 
     </span>
    </p>
   </div>
   <div class='ocr_carea' id='block_1_101' title="bbox 2278 3633 3938 3706">
    <p class='ocr_par' dir='ltr' id='par_1_101' title="bbox 2278 3633 3938 3706">
     <span class='ocr_line' id='line_1_101' title="bbox 2278 3633 3938 3706; baseline -0.002 -14"><span class='ocrx_word' id='word_1_661' title='bbox 2278 3636 2525 3692; x_wconf 85' lang='lat' dir='ltr'>comites</span> <span class='ocrx_word' id='word_1_662' title='bbox 2553 3639 2732 3706; x_wconf 90' lang='lat' dir='ltr'>atque</span> <span class='ocrx_word' id='word_1_663' title='bbox 2779 3633 3060 3688; x_wconf 88' lang='lat' dir='ltr'>satellites</span> <span class='ocrx_word' id='word_1_664' title='bbox 3114 3633 3518 3688; x_wconf 88' lang='lat' dir='ltr'>associaverat</span> <span class='ocrx_word' id='word_1_665' title='bbox 3565 3649 3711 3688; x_wconf 85' lang='lat' dir='ltr'>mox</span> <span class='ocrx_word' id='word_1_666' title='bbox 3761 3633 3938 3706; x_wconf 72' lang='lat' dir='ltr'>coepit</span> 
     </span>
    </p>
   </div>
   <div class='ocr_carea' id='block_1_102' title="bbox 2276 3721 3936 3795">
    <p class='ocr_par' dir='ltr' id='par_1_102' title="bbox 2276 3721 3936 3795">
     <span class='ocr_line' id='line_1_102' title="bbox 2276 3721 3936 3795; baseline -0.002 -14"><span class='ocrx_word' id='word_1_667' title='bbox 2276 3724 2539 3781; x_wconf 87' lang='lat' dir='ltr'>consiliis</span> <span class='ocrx_word' id='word_1_668' title='bbox 2563 3723 2666 3790; x_wconf 90' lang='lat' dir='ltr'>uti,</span> <span class='ocrx_word' id='word_1_669' title='bbox 2692 3723 2907 3795; x_wconf 87' lang='lat' dir='ltr'>spretis</span> <span class='ocrx_word' id='word_1_670' title='bbox 2933 3721 3194 3789; x_wconf 87' lang='lat' dir='ltr'>senibus,</span> <span class='ocrx_word' id='word_1_671' title='bbox 3229 3737 3384 3794; x_wconf 90' lang='lat' dir='ltr'>quos</span> <span class='ocrx_word' id='word_1_672' title='bbox 3415 3723 3550 3788; x_wconf 89' lang='lat' dir='ltr'>vita,</span> <span class='ocrx_word' id='word_1_673' title='bbox 3583 3723 3860 3778; x_wconf 85' lang='lat' dir='ltr'>moribus</span> <span class='ocrx_word' id='word_1_674' title='bbox 3882 3727 3936 3778; x_wconf 88' lang='lat' dir='ltr'>et</span> 
     </span>
    </p>
   </div>
   <div class='ocr_carea' id='block_1_103' title="bbox 2272 3811 3936 3884">
    <p class='ocr_par' dir='ltr' id='par_1_103' title="bbox 2272 3811 3936 3884">
     <span class='ocr_line' id='line_1_103' title="bbox 2272 3811 3936 3884; baseline -0.001 -14"><span class='ocrx_word' id='word_1_675' title='bbox 2272 3819 2440 3870; x_wconf 81' lang='lat' dir='ltr'>aetate</span> <span class='ocrx_word' id='word_1_676' title='bbox 2466 3827 2690 3882; x_wconf 89' lang='lat' dir='ltr'>magna</span> <span class='ocrx_word' id='word_1_677' title='bbox 2721 3811 3002 3884; x_wconf 81' lang='lat' dir='ltr'>praeditos</span> <span class='ocrx_word' id='word_1_678' title='bbox 3019 3811 3312 3867; x_wconf 88' lang='lat' dir='ltr'>industria</span> <span class='ocrx_word' id='word_1_679' title='bbox 3340 3815 3395 3867; x_wconf 75' lang='lat' dir='ltr'>et</span> <span class='ocrx_word' id='word_1_680' title='bbox 3413 3811 3768 3868; x_wconf 84' lang='lat' dir='ltr'>auctoritate</span> <span class='ocrx_word' id='word_1_681' title='bbox 3794 3828 3936 3868; x_wconf 85' lang='lat' dir='ltr'>con-</span> 
     </span>
    </p>
   </div>
   <div class='ocr_carea' id='block_1_104' title="bbox 2271 3894 3935 3972">
    <p class='ocr_par' dir='ltr' id='par_1_104' title="bbox 2271 3894 3935 3972">
     <span class='ocr_line' id='line_1_104' title="bbox 2271 3894 3935 3972; baseline -0.002 -13"><span class='ocrx_word' id='word_1_682' title='bbox 2271 3903 2487 3959; x_wconf 91' lang='lat' dir='ltr'>stabat.</span> <span class='ocrx_word' id='word_1_683' title='bbox 2513 3900 2678 3958; x_wconf 90' lang='lat' dir='ltr'>Unde</span> <span class='ocrx_word' id='word_1_684' title='bbox 2708 3905 3018 3972; x_wconf 89' lang='lat' dir='ltr'>correptus</span> <span class='ocrx_word' id='word_1_685' title='bbox 3049 3915 3084 3955; x_wconf 93' lang='lat' dir='ltr'>a</span> <span class='ocrx_word' id='word_1_686' title='bbox 3113 3899 3436 3956; x_wconf 85' lang='lat' dir='ltr'>fortissimo</span> <span class='ocrx_word' id='word_1_687' title='bbox 3478 3894 3663 3956; x_wconf 76' lang='lat' dir='ltr'>milite</span> <span class='ocrx_word' id='word_1_688' title='bbox 3726 3901 3935 3958; x_wconf 89' lang='lat' dir='ltr'>Christi</span> 
     </span>
    </p>
   </div>
   <div class='ocr_carea' id='block_1_105' title="bbox 2271 3989 3935 4063">
    <p class='ocr_par' dir='ltr' id='par_1_105' title="bbox 2271 3989 3935 4063">
     <span class='ocr_line' id='line_1_105' title="bbox 2271 3989 3935 4063; baseline -0.001 -16"><span class='ocrx_word' id='word_1_689' title='bbox 2271 3992 2498 4061; x_wconf 88' lang='lat' dir='ltr'>Odone,</span> <span class='ocrx_word' id='word_1_690' title='bbox 2531 3989 2962 4063; x_wconf 87' lang='lat' dir='ltr'>aliquantisper</span> <span class='ocrx_word' id='word_1_691' title='bbox 2991 4006 3053 4044; x_wconf 90' lang='lat' dir='ltr'>se</span> <span class='ocrx_word' id='word_1_692' title='bbox 3073 3989 3468 4062; x_wconf 89' lang='lat' dir='ltr'>temperabat,</span> <span class='ocrx_word' id='word_1_693' title='bbox 3501 4005 3718 4046; x_wconf 88' lang='lat' dir='ltr'>verens</span> <span class='ocrx_word' id='word_1_694' title='bbox 3749 4005 3827 4046; x_wconf 89' lang='lat' dir='ltr'>ne</span> <span class='ocrx_word' id='word_1_695' title='bbox 3885 3990 3935 4046; x_wconf 88' lang='lat' dir='ltr'>si</span> 
     </span>
    </p>
   </div>
   <div class='ocr_carea' id='block_1_106' title="bbox 2269 4077 3934 4149">
    <p class='ocr_par' dir='ltr' id='par_1_106' title="bbox 2269 4077 3934 4149">
     <span class='ocr_line' id='line_1_106' title="bbox 2269 4077 3934 4149; baseline -0.001 -14"><span class='ocrx_word' id='word_1_696' title='bbox 2269 4079 2437 4136; x_wconf 86' lang='lat' dir='ltr'>illum</span> <span class='ocrx_word' id='word_1_697' title='bbox 2483 4078 2849 4135; x_wconf 87' lang='lat' dir='ltr'>omnimodis</span> <span class='ocrx_word' id='word_1_698' title='bbox 2901 4092 3024 4133; x_wconf 92' lang='lat' dir='ltr'>non</span> <span class='ocrx_word' id='word_1_699' title='bbox 3081 4077 3334 4148; x_wconf 89' lang='lat' dir='ltr'>audiret,</span> <span class='ocrx_word' id='word_1_700' title='bbox 3393 4078 3570 4148; x_wconf 75' lang='lat' dir='ltr'>regiae</span> <span class='ocrx_word' id='word_1_701' title='bbox 3625 4079 3934 4149; x_wconf 83' lang='lat' dir='ltr'>dignitatis</span> 
     </span>
    </p>
   </div>
   <div class='ocr_carea' id='block_1_107' title="bbox 2271 4167 3934 4234">
    <p class='ocr_par' dir='ltr' id='par_1_107' title="bbox 2271 4167 3934 4234">
     <span class='ocr_line' id='line_1_107' title="bbox 2271 4167 3934 4234; baseline 0.001 -9"><span class='ocrx_word' id='word_1_702' title='bbox 2271 4169 2747 4225; x_wconf 90' lang='lat' dir='ltr'>benedictionem</span> <span class='ocrx_word' id='word_1_703' title='bbox 2776 4167 2928 4223; x_wconf 88' lang='lat' dir='ltr'>ultra</span> <span class='ocrx_word' id='word_1_704' title='bbox 2956 4173 3164 4223; x_wconf 88' lang='lat' dir='ltr'>votum</span> <span class='ocrx_word' id='word_1_705' title='bbox 3191 4184 3370 4223; x_wconf 90' lang='lat' dir='ltr'>suum</span> <span class='ocrx_word' id='word_1_706' title='bbox 3399 4168 3512 4223; x_wconf 91' lang='lat' dir='ltr'>sibi</span> <span class='ocrx_word' id='word_1_707' title='bbox 3535 4168 3683 4224; x_wconf 87' lang='lat' dir='ltr'>dare</span> <span class='ocrx_word' id='word_1_708' title='bbox 3733 4169 3934 4234; x_wconf 81' lang='lat' dir='ltr'>diﬂ&#39;er-</span> 
     </span>
    </p>
   </div>
   <div class='ocr_carea' id='block_1_108' title="bbox 2255 4256 3933 4330">
    <p class='ocr_par' dir='ltr' id='par_1_108' title="bbox 2255 4256 3933 4330">
     <span class='ocr_line' id='line_1_108' title="bbox 2255 4256 3933 4330; baseline -0.001 -15"><span class='ocrx_word' id='word_1_709' title='bbox 2255 4264 2372 4315; x_wconf 87' lang='lat' dir='ltr'>ret.</span> <span class='ocrx_word' id='word_1_710' title='bbox 2406 4263 2476 4314; x_wconf 84' lang='lat' dir='ltr'>At</span> <span class='ocrx_word' id='word_1_711' title='bbox 2504 4257 2610 4313; x_wconf 74' lang='lat' dir='ltr'>u‘bi</span> <span class='ocrx_word' id='word_1_712' title='bbox 2638 4257 2851 4313; x_wconf 89' lang='lat' dir='ltr'>eadem</span> <span class='ocrx_word' id='word_1_713' title='bbox 2880 4256 3298 4313; x_wconf 86' lang='lat' dir='ltr'>benedictione</span> <span class='ocrx_word' id='word_1_714' title='bbox 3324 4257 3548 4330; x_wconf 88' lang='lat' dir='ltr'>potitus</span> <span class='ocrx_word' id='word_1_715' title='bbox 3599 4263 3712 4324; x_wconf 89' lang='lat' dir='ltr'>est,</span> <span class='ocrx_word' id='word_1_716' title='bbox 3775 4258 3933 4314; x_wconf 88' lang='lat' dir='ltr'>illico</span> 
     </span>
    </p>
   </div>
   <div class='ocr_carea' id='block_1_109' title="bbox 2265 4344 3932 4420">
    <p class='ocr_par' dir='ltr' id='par_1_109' title="bbox 2265 4344 3932 4420">
     <span class='ocr_line' id='line_1_109' title="bbox 2265 4344 3932 4420; baseline 0 -18"><span class='ocrx_word' id='word_1_717' title='bbox 2265 4347 2438 4420; x_wconf 90' lang='lat' dir='ltr'>quasi</span> <span class='ocrx_word' id='word_1_718' title='bbox 2471 4345 2708 4402; x_wconf 79' lang='lat' dir='ltr'>effrenis</span> <span class='ocrx_word' id='word_1_719' title='bbox 2723 4345 2992 4414; x_wconf 81' lang='lat' dir='ltr'>effectus,</span> <span class='ocrx_word' id='word_1_720' title='bbox 3025 4360 3238 4401; x_wconf 89' lang='lat' dir='ltr'>omnes</span> <span class='ocrx_word' id='word_1_721' title='bbox 3262 4344 3459 4403; x_wconf 89' lang='lat' dir='ltr'>cordis</span> <span class='ocrx_word' id='word_1_722' title='bbox 3490 4345 3585 4400; x_wconf 91' lang='lat' dir='ltr'>sui</span> <span class='ocrx_word' id='word_1_723' title='bbox 3635 4347 3932 4420; x_wconf 86' lang='lat' dir='ltr'>sequeba-</span> 
     </span>
    </p>
   </div>
   <div class='ocr_carea' id='block_1_110' title="bbox 2262 4433 3934 4507">
    <p class='ocr_par' dir='ltr' id='par_1_110' title="bbox 2262 4433 3934 4507">
     <span class='ocr_line' id='line_1_110' title="bbox 2262 4433 3934 4507; baseline -0.001 -14"><span class='ocrx_word' id='word_1_724' title='bbox 2262 4441 2359 4493; x_wconf 91' lang='lat' dir='ltr'>tur</span> <span class='ocrx_word' id='word_1_725' title='bbox 2389 4435 2656 4494; x_wconf 79' lang='lat' dir='ltr'>aﬂ&#39;ectus.</span> <span class='ocrx_word' id='word_1_726' title='bbox 2708 4437 2917 4491; x_wconf 89' lang='lat' dir='ltr'>Factus</span> <span class='ocrx_word' id='word_1_727' title='bbox 2961 4439 3050 4490; x_wconf 89' lang='lat' dir='ltr'>est</span> <span class='ocrx_word' id='word_1_728' title='bbox 3085 4433 3266 4505; x_wconf 88' lang='lat' dir='ltr'>igitur</span> <span class='ocrx_word' id='word_1_729' title='bbox 3299 4433 3683 4507; x_wconf 89' lang='lat' dir='ltr'>voluptatum</span> <span class='ocrx_word' id='word_1_730' title='bbox 3739 4435 3934 4507; x_wconf 87' lang='lat' dir='ltr'>magis</span> 
     </span>
    </p>
   </div>
   <div class='ocr_carea' id='block_1_111' title="bbox 2265 4515 3932 4598">
    <p class='ocr_par' dir='ltr' id='par_1_111' title="bbox 2265 4515 3932 4598">
     <span class='ocr_line' id='line_1_111' title="bbox 2265 4515 3932 4598; baseline -0.001 -17"><span class='ocrx_word' id='word_1_731' title='bbox 2265 4541 2450 4598; x_wconf 87' lang='lat' dir='ltr'>quam</span> <span class='ocrx_word' id='word_1_732' title='bbox 2477 4525 2600 4596; x_wconf 91' lang='lat' dir='ltr'>Dei,</span> <span class='ocrx_word' id='word_1_733' title='bbox 2648 4515 2899 4579; x_wconf 67' lang='lat' dir='ltr'>luxuriae</span> <span class='ocrx_word' id='word_1_734' title='bbox 2955 4538 3145 4596; x_wconf 88' lang='lat' dir='ltr'>quam</span> <span class='ocrx_word' id='word_1_735' title='bbox 3201 4521 3562 4593; x_wconf 88' lang='lat' dir='ltr'>sobrietatis,</span> <span class='ocrx_word' id='word_1_736' title='bbox 3604 4522 3932 4580; x_wconf 86' lang='lat' dir='ltr'>libidinum</span> 
     </span>
    </p>
   </div>
   <div class='ocr_carea' id='block_1_112' title="bbox 2262 4611 3932 4688">
    <p class='ocr_par' dir='ltr' id='par_1_112' title="bbox 2262 4611 3932 4688">
     <span class='ocr_line' id='line_1_112' title="bbox 2262 4611 3932 4688; baseline -0.001 -18"><span class='ocrx_word' id='word_1_737' title='bbox 2262 4630 2451 4688; x_wconf 91' lang='lat' dir='ltr'>quam</span> <span class='ocrx_word' id='word_1_738' title='bbox 2481 4613 2764 4669; x_wconf 86' lang='lat' dir='ltr'>castitatis</span> <span class='ocrx_word' id='word_1_739' title='bbox 2781 4617 3034 4670; x_wconf 89' lang='lat' dir='ltr'>amator.</span> <span class='ocrx_word' id='word_1_740' title='bbox 3061 4611 3192 4669; x_wconf 89' lang='lat' dir='ltr'>Ibat</span> <span class='ocrx_word' id='word_1_741' title='bbox 3210 4613 3413 4685; x_wconf 86' lang='lat' dir='ltr'>itaque</span> <span class='ocrx_word' id='word_1_742' title='bbox 3429 4611 3606 4684; x_wconf 85' lang='lat' dir='ltr'>juxta</span> <span class='ocrx_word' id='word_1_743' title='bbox 3628 4611 3932 4669; x_wconf 86' lang='lat' dir='ltr'>desideria</span> 
     </span>
    </p>
   </div>
   <div class='ocr_carea' id='block_1_113' title="bbox 2261 4700 3926 4775">
    <p class='ocr_par' dir='ltr' id='par_1_113' title="bbox 2261 4700 3926 4775">
     <span class='ocr_line' id='line_1_113' title="bbox 2261 4700 3926 4775; baseline -0.002 -15"><span class='ocrx_word' id='word_1_744' title='bbox 2261 4703 2456 4760; x_wconf 89' lang='lat' dir='ltr'>cordis</span> <span class='ocrx_word' id='word_1_745' title='bbox 2485 4703 2599 4770; x_wconf 91' lang='lat' dir='ltr'>sui,</span> <span class='ocrx_word' id='word_1_746' title='bbox 2631 4707 2689 4758; x_wconf 92' lang='lat' dir='ltr'>et</span> <span class='ocrx_word' id='word_1_747' title='bbox 2717 4703 2925 4775; x_wconf 83' lang='lat' dir='ltr'>iniqua</span> <span class='ocrx_word' id='word_1_748' title='bbox 2955 4716 3166 4771; x_wconf 86' lang='lat' dir='ltr'>gerens</span> <span class='ocrx_word' id='word_1_749' title='bbox 3196 4718 3233 4757; x_wconf 89' lang='lat' dir='ltr'>a</span> <span class='ocrx_word' id='word_1_750' title='bbox 3259 4700 3380 4756; x_wconf 86' lang='lat' dir='ltr'>suis</span> <span class='ocrx_word' id='word_1_751' title='bbox 3425 4700 3926 4759; x_wconf 88' lang='lat' dir='ltr'>benedicebatur.</span> 
     </span>
    </p>
   </div>
   <div class='ocr_carea' id='block_1_114' title="bbox 2261 4791 3930 4866">
    <p class='ocr_par' dir='ltr' id='par_1_114' title="bbox 2261 4791 3930 4866">
     <span class='ocr_line' id='line_1_114' title="bbox 2261 4791 3930 4866; baseline -0.001 -18"><span class='ocrx_word' id='word_1_752' title='bbox 2261 4792 2448 4864; x_wconf 90' lang='lat' dir='ltr'>Super</span> <span class='ocrx_word' id='word_1_753' title='bbox 2476 4792 2603 4846; x_wconf 75' lang='lat' dir='ltr'>haec</span> <span class='ocrx_word' id='word_1_754' title='bbox 2629 4807 2700 4846; x_wconf 91' lang='lat' dir='ltr'>ea</span> <span class='ocrx_word' id='word_1_755' title='bbox 2738 4791 2832 4846; x_wconf 90' lang='lat' dir='ltr'>die</span> <span class='ocrx_word' id='word_1_756' title='bbox 2855 4807 2977 4864; x_wconf 90' lang='lat' dir='ltr'>qua</span> <span class='ocrx_word' id='word_1_757' title='bbox 3002 4791 3171 4860; x_wconf 87' lang='lat' dir='ltr'>regni</span> <span class='ocrx_word' id='word_1_758' title='bbox 3191 4806 3480 4847; x_wconf 89' lang='lat' dir='ltr'>coronam</span> <span class='ocrx_word' id='word_1_759' title='bbox 3509 4791 3572 4846; x_wconf 89' lang='lat' dir='ltr'>in</span> <span class='ocrx_word' id='word_1_760' title='bbox 3595 4797 3930 4866; x_wconf 88' lang='lat' dir='ltr'>conspectu</span> 
     </span>
    </p>
   </div>
   <div class='ocr_carea' id='block_1_115' title="bbox 2257 4879 3932 4953">
    <p class='ocr_par' dir='ltr' id='par_1_115' title="bbox 2257 4879 3932 4953">
     <span class='ocr_line' id='line_1_115' title="bbox 2257 4879 3932 4953; baseline 0.001 -17"><span class='ocrx_word' id='word_1_761' title='bbox 2257 4881 2434 4936; x_wconf 89' lang='lat' dir='ltr'>totius</span> <span class='ocrx_word' id='word_1_762' title='bbox 2465 4879 2737 4935; x_wconf 82' lang='lat' dir='ltr'>Ecclesiae</span> <span class='ocrx_word' id='word_1_763' title='bbox 2765 4879 2828 4936; x_wconf 91' lang='lat' dir='ltr'>in</span> <span class='ocrx_word' id='word_1_764' title='bbox 2854 4879 3046 4953; x_wconf 91' lang='lat' dir='ltr'>capite</span> <span class='ocrx_word' id='word_1_765' title='bbox 3074 4881 3272 4950; x_wconf 88' lang='lat' dir='ltr'>gessit,</span> <span class='ocrx_word' id='word_1_766' title='bbox 3301 4881 3501 4951; x_wconf 87' lang='lat' dir='ltr'>gravis</span> <span class='ocrx_word' id='word_1_767' title='bbox 3532 4880 3804 4938; x_wconf 65' lang='lat' dir='ltr'>infamiae</span> <span class='ocrx_word' id='word_1_768' title='bbox 3824 4897 3932 4937; x_wconf 85' lang='lat' dir='ltr'>no-</span> 
     </span>
    </p>
   </div>
   <div class='ocr_carea' id='block_1_116' title="bbox 2256 4967 3930 5044">
    <p class='ocr_par' dir='ltr' id='par_1_116' title="bbox 2256 4967 3930 5044">
     <span class='ocr_line' id='line_1_116' title="bbox 2256 4967 3930 5044; baseline 0 -18"><span class='ocrx_word' id='word_1_769' title='bbox 2256 4973 2379 5026; x_wconf 86' lang='lat' dir='ltr'>tam</span> <span class='ocrx_word' id='word_1_770' title='bbox 2401 4973 2579 5025; x_wconf 78' lang='lat' dir='ltr'>tantae</span> <span class='ocrx_word' id='word_1_771' title='bbox 2603 4969 2804 5040; x_wconf 80' lang='lat' dir='ltr'>gloriae</span> <span class='ocrx_word' id='word_1_772' title='bbox 2831 4973 2888 5026; x_wconf 90' lang='lat' dir='ltr'>et</span> <span class='ocrx_word' id='word_1_773' title='bbox 2910 4967 3026 5024; x_wconf 91' lang='lat' dir='ltr'>sibi</span> <span class='ocrx_word' id='word_1_774' title='bbox 3053 4969 3316 5040; x_wconf 87' lang='lat' dir='ltr'>ingessit.</span> <span class='ocrx_word' id='word_1_775' title='bbox 3370 4972 3520 5027; x_wconf 86' lang='lat' dir='ltr'>Cum</span> <span class='ocrx_word' id='word_1_776' title='bbox 3564 4970 3730 5026; x_wconf 87' lang='lat' dir='ltr'>enim</span> <span class='ocrx_word' id='word_1_777' title='bbox 3781 4974 3930 5044; x_wconf 87' lang='lat' dir='ltr'>post</span> 
     </span>
    </p>
   </div>
   <div class='ocr_carea' id='block_1_117' title="bbox 2254 5057 3924 5134">
    <p class='ocr_par' dir='ltr' id='par_1_117' title="bbox 2254 5057 3924 5134">
     <span class='ocr_line' id='line_1_117' title="bbox 2254 5057 3924 5134; baseline 0 -18"><span class='ocrx_word' id='word_1_778' title='bbox 2254 5057 2521 5116; x_wconf 80' lang='lat' dir='ltr'>ofﬁcium</span> <span class='ocrx_word' id='word_1_779' title='bbox 2553 5059 3022 5116; x_wconf 82' lang='lat' dir='ltr'>ecclesiasticum</span> <span class='ocrx_word' id='word_1_780' title='bbox 3047 5074 3172 5116; x_wconf 88' lang='lat' dir='ltr'>una</span> <span class='ocrx_word' id='word_1_781' title='bbox 3227 5075 3366 5116; x_wconf 90' lang='lat' dir='ltr'>cum</span> <span class='ocrx_word' id='word_1_782' title='bbox 3425 5060 3924 5134; x_wconf 86' lang='lat' dir='ltr'>archiepiscopis,</span> 
     </span>
    </p>
   </div>
   <div class='ocr_carea' id='block_1_118' title="bbox 2253 5149 3928 5225">
    <p class='ocr_par' dir='ltr' id='par_1_118' title="bbox 2253 5149 3928 5225">
     <span class='ocr_line' id='line_1_118' title="bbox 2253 5149 3928 5225; baseline 0.001 -19"><span class='ocrx_word' id='word_1_783' title='bbox 2253 5151 2574 5225; x_wconf 88' lang='lat' dir='ltr'>episcopis,</span> <span class='ocrx_word' id='word_1_784' title='bbox 2601 5149 2926 5207; x_wconf 89' lang='lat' dir='ltr'>abbatibus</span> <span class='ocrx_word' id='word_1_785' title='bbox 2951 5150 3301 5224; x_wconf 64' lang='lat' dir='ltr'>ueterisque</span> <span class='ocrx_word' id='word_1_786' title='bbox 3326 5150 3703 5224; x_wconf 85' lang='lat' dir='ltr'>principibus</span> <span class='ocrx_word' id='word_1_787' title='bbox 3752 5151 3928 5222; x_wconf 84' lang='lat' dir='ltr'>regni</span> 
     </span>
    </p>
   </div>
   <div class='ocr_carea' id='block_1_119' title="bbox 2247 5235 3926 5315">
    <p class='ocr_par' dir='ltr' id='par_1_119' title="bbox 2247 5235 3926 5315">
     <span class='ocr_line' id='line_1_119' title="bbox 2247 5235 3926 5315; baseline 0 -19"><span class='ocrx_word' id='word_1_788' title='bbox 2247 5239 2378 5312; x_wconf 92' lang='lat' dir='ltr'>jam</span> <span class='ocrx_word' id='word_1_789' title='bbox 2403 5256 2668 5315; x_wconf 90' lang='lat' dir='ltr'>pransus</span> <span class='ocrx_word' id='word_1_790' title='bbox 2721 5235 2971 5309; x_wconf 77' lang='lat' dir='ltr'>sederet,</span> <span class='ocrx_word' id='word_1_791' title='bbox 3025 5238 3224 5296; x_wconf 88' lang='lat' dir='ltr'>subito</span> <span class='ocrx_word' id='word_1_792' title='bbox 3274 5239 3545 5310; x_wconf 87' lang='lat' dir='ltr'>exsilivit,</span> <span class='ocrx_word' id='word_1_793' title='bbox 3602 5245 3660 5297; x_wconf 89' lang='lat' dir='ltr'>et</span> <span class='ocrx_word' id='word_1_794' title='bbox 3715 5240 3926 5296; x_wconf 86' lang='lat' dir='ltr'>relicto</span> 
     </span>
    </p>
   </div>
   <div class='ocr_carea' id='block_1_120' title="bbox 2253 5329 3921 5398">
    <p class='ocr_par' dir='ltr' id='par_1_120' title="bbox 2253 5329 3921 5398">
     <span class='ocr_line' id='line_1_120' title="bbox 2253 5329 3921 5398; baseline 0 -14"><span class='ocrx_word' id='word_1_795' title='bbox 2253 5329 2553 5386; x_wconf 89' lang='lat' dir='ltr'>consortio</span> <span class='ocrx_word' id='word_1_796' title='bbox 2575 5329 2870 5398; x_wconf 91' lang='lat' dir='ltr'>omnium,</span> <span class='ocrx_word' id='word_1_797' title='bbox 2902 5329 2961 5384; x_wconf 91' lang='lat' dir='ltr'>in</span> <span class='ocrx_word' id='word_1_798' title='bbox 2987 5329 3364 5385; x_wconf 89' lang='lat' dir='ltr'>secretiorem</span> <span class='ocrx_word' id='word_1_799' title='bbox 3415 5345 3548 5384; x_wconf 85' lang='lat' dir='ltr'>sese</span> <span class='ocrx_word' id='word_1_800' title='bbox 3608 5345 3921 5385; x_wconf 85' lang='lat' dir='ltr'>cameram</span> 
     </span>
    </p>
   </div>
   <div class='ocr_carea' id='block_1_121' title="bbox 2253 5417 3923 5490">
    <p class='ocr_par' dir='ltr' id='par_1_121' title="bbox 2253 5417 3923 5490">
     <span class='ocr_line' id='line_1_121' title="bbox 2253 5417 3923 5490; baseline -0.001 -16"><span class='ocrx_word' id='word_1_801' title='bbox 2253 5419 2521 5489; x_wconf 89' lang='lat' dir='ltr'>contulit,</span> <span class='ocrx_word' id='word_1_802' title='bbox 2599 5419 2861 5474; x_wconf 87' lang='lat' dir='ltr'>duarum</span> <span class='ocrx_word' id='word_1_803' title='bbox 2937 5417 3294 5474; x_wconf 89' lang='lat' dir='ltr'>feminarum</span> <span class='ocrx_word' id='word_1_804' title='bbox 3366 5419 3483 5474; x_wconf 85' lang='lat' dir='ltr'>illic</span> <span class='ocrx_word' id='word_1_805' title='bbox 3559 5435 3697 5474; x_wconf 87' lang='lat' dir='ltr'>eum</span> <span class='ocrx_word' id='word_1_806' title='bbox 3778 5435 3923 5490; x_wconf 87' lang='lat' dir='ltr'>ope-</span> 
     </span>
    </p>
   </div>
   <div class='ocr_carea' id='block_1_122' title="bbox 2250 5527 3920 5656">
    <p class='ocr_par' dir='ltr' id='par_1_122' title="bbox 2250 5527 3920 5656">
     <span class='ocr_line' id='line_1_122' title="bbox 2250 5527 3920 5656; baseline -0.001 -74"><span class='ocrx_word' id='word_1_807' title='bbox 2250 5527 2790 5656; x_wconf 43' lang='lat' dir='ltr'>isiedfapgravium</span> <span class='ocrx_word' id='word_1_808' title='bbox 2816 5528 3108 5585; x_wconf 86' lang='lat' dir='ltr'>hactenus</span> <span class='ocrx_word' id='word_1_809' title='bbox 3156 5528 3331 5586; x_wconf 87' lang='lat' dir='ltr'>nobis</span> <span class='ocrx_word' id='word_1_810' title='bbox 3387 5543 3740 5602; x_wconf 84' lang='lat' dir='ltr'>recuperare</span> <span class='ocrx_word' id='word_1_811' title='bbox 3789 5542 3920 5582; x_wconf 85' lang='lat' dir='ltr'>non</span> 
     </span>
     <span class='ocr_line' id='line_1_123' title="bbox 2295 5615 2433 5654; baseline 0 0"><span class='ocrx_word' id='word_1_812' title='bbox 2295 5615 2390 5654; x_wconf 87' lang='lat' dir='ltr'>cui</span> <span class='ocrx_word' id='word_1_813' title='bbox 2421 5641 2433 5654; x_wconf 92' lang='lat'>.</span> 
     </span>
    </p>
   </div>
   <div class='ocr_carea' id='block_1_123' title="bbox 2295 5615 2433 5654">
    <p class='ocr_par' dir='ltr' id='par_1_123' title="bbox 2295 5615 2433 5654">
     <span class='ocr_line' id='line_1_124' title="bbox 2295 5615 2433 5654; baseline 0 0"><span class='ocrx_word' id='word_1_814' title='bbox 2295 5615 2433 5654; x_wconf 83' lang='lat' dir='ltr'>cuit.</span> 
     </span>
    </p>
   </div>
   <div class='ocr_carea' id='block_1_124' title="bbox 2613 5729 2639 5745">
    <p class='ocr_par' dir='ltr' id='par_1_124' title="bbox 2613 5729 2639 5745">
     <span class='ocr_line' id='line_1_125' title="bbox 2613 5729 2639 5745; baseline 0 0"><span class='ocrx_word' id='word_1_815' title='bbox 2613 5729 2639 5745; x_wconf 71' lang='grc' dir='ltr'><em>Ι</em></span> 
     </span>
    </p>
   </div>
  </div>
