4166 6162
245 137 345 205 946

246 350 503 405 sortium
544 352 867 421 expetens:
918 367 1055 421 quze
1088 368 1180 406 res
1211 355 1642 417 conﬁdentium
1696 369 1921 420 mentes

242 439 461 508 magni
486 436 735 510 pudoris
762 454 1019 495 maerore
1049 440 1282 509 dejecit.
1316 444 1525 503 Habito
1554 453 1755 506 autem
1786 467 1924 507 con-

240 526 384 593 ,silio
416 527 565 583 inter
596 542 699 582 eos
727 526 877 597 quid
903 526 1059 583 facto
1089 544 1244 600 opus
1274 538 1450 599 esset,
1478 535 1703 593 missus
1731 544 1819 594 est
1847 539 1925 595 ab

242 616 714 689 archiepiscopo
773 619 830 670 et
888 617 1256 689 primoribus
1314 620 1381 689 is,
1431 624 1603 694 cujus
1652 627 1926 699 superius

242 705 482 765 mentio
510 704 667 763 facta
689 712 796 764 est,
827 706 1188 761 venerabilis
1212 708 1404 772 abbas
1436 715 1802 785 Dunstanus,
1836 735 1927 774 re-

252 809 399 863 gem
434 795 509 848 al)
540 793 753 848 illicitis
790 793 1171 864 amplexibus
1217 798 1588 873 abstrahere,
1631 810 1683 861 et
1715 806 1794 862 ad
1836 824 1929 864 re-

252 882 423 951 giam
457 882 656 936 sedem
687 881 1161 953 inter-principes
1183 901 1464 942 revocare
1491 906 1504 956 ;
1540 893 1705 963 quod
1738 896 1931 951 etfac-

250 975 394 1029 »tum
425 976 531 1028 est.
563 974 937 1043 Quapropter
981 988 1083 1027 rex
1112 974 1443 1031 vehementi
1499 978 1701 1039 furore
1726 985 1931 1041 turba-

255 1065 379 1125 tus,
426 1063 801 1116 Dunstanum
853 1061 975 1116 suis
1015 1064 1302 1119 omnibus
1344 1066 1673 1137 spoliatum
1723 1074 1933 1129 exsilio

254 1150 593 1220 damnavit,
620 1154 683 1209 et
728 1157 895 1208 extra
938 1151 1218 1221 Angliam
1275 1158 1435 1210 trans
1480 1174 1650 1216 mare
1681 1162 1931 1233 fugavit.

252 1242 425 1301 Fecit
455 1247 510 1298 et
555 1240 670 1299 alia
704 1240 1021 1298 innumera
1056 1242 1237 1309 mala,
1272 1260 1403 1316 quae
1448 1251 1746 1317 quoniam
1786 1252 1935 1310 alias

253 1331 467 1395 latius,
493 1331 623 1388 licet
669 1347 794 1387 non
822 1335 1048 1400 omnia,
1081 1334 1313 1402 digesta
1349 1341 1507 1399 sunt,
1544 1339 1641 1396 hic
1673 1347 1934 1399 tantum-

248 1421 453 1479 modo
477 1420 682 1493 paucis
703 1436 776 1477 ea
805 1421 1065 1491 tetigisse
1093 1422 1369 1479 sufﬁcere
1400 1430 1569 1482 ratus
1597 1447 1752 1488 sum.

294 1558 295 1561 η
344 1513 429 1565 13.
459 1509 594 1568 Quae
626 1508 796 1564 miles
832 1510 931 1565 Dei
961 1511 1391 1583 omnipotentis
1421 1515 1552 1571 Odo
1583 1521 1939 1591 aequanimi-

260 1604 356 1657 ter
403 1598 550 1654 ferre
591 1614 712 1654 non
758 1599 978 1665 valens,
1016 1600 1407 1673 iniquitatum
1453 1604 1610 1662 illius
1659 1610 1938 1681 publicus

260 1688 462 1745 hostis
508 1688 748 1744 effectus
781 1694 888 1744 est.
924 1690 1235 1761 Siquidem
1280 1692 1379 1748 ubi
1409 1710 1549 1750 eum
1580 1714 1691 1753 nec
1723 1700 1937 1757 admo-

264 1776 600 1841 nitionibus
632 1777 774 1841 suis,
808 1794 917 1833 nec
964 1778 1485 1838 obsecrationibus
1530 1786 1673 1855 suis,
1708 1804 1819 1844 nec
1847 1789 1937 1845 in-

264 1866 715 1937 crepationibus
746 1867 868 1922 suis
896 1868 1281 1938 acquiescere
1312 1870 1460 1926 velle
1490 1878 1552 1928 ut
1583 1891 1645 1929 se
1685 1877 1940 1947 corrige-

263 1960 361 2013 ret
406 1956 573 2023 vidit;
630 1956 954 2028 pontiﬁcali
1003 1960 1355 2015 auctoritate
1410 1978 1575 2033 usus,
1631 1982 1818 2022 unam
1865 1967 1940 2022 de

266 2044 632 2118 praescriptis
661 2045 1036 2114 mulieribus,
1068 2064 1258 2119 quam
1302 2055 1358 2105 et
1387 2051 1643 2122 amplior
1672 2056 1941 2125 potentia

268 2137 331 2189 et
377 2132 690 2189 obscenior
738 2133 1117 2206 impudentia
1156 2136 1610 2205 dehonestabat,
1652 2146 1708 2197 et
1749 2143 1942 2199 notio-

270 2238 406 2278 rem
437 2221 783 2278 hominibus
812 2222 1048 2291 fecerat,
1078 2240 1325 2297 quaque
1356 2227 1613 2285 nimium
1635 2236 1944 2290 contume-

271 2310 443 2366 liosis
474 2311 849 2383 amplexibus
883 2329 986 2368 rex
1010 2314 1381 2385 frequentius
1406 2317 1943 2385 abutebatur,mis-

276 2402 361 2455 sis
390 2399 677 2455 militibus
703 2417 740 2457 a
770 2402 934 2457 curia
963 2402 1143 2471 regis,
1168 2404 1228 2459 in
1259 2422 1380 2476 qua
1400 2409 1789 2480 mansitabat,
1817 2412 1942 2468 vio-

275 2489 471 2543 lenter
496 2488 763 2556 abduxit,
786 2497 843 2546 et
870 2507 1003 2548 eam
1028 2492 1089 2547 in
1113 2492 1262 2549 facie
1288 2494 1689 2567 deturpatam,
1713 2515 1783 2555 ac
1807 2517 1946 2557 can-

280 2576 468 2632 dendi
495 2577 647 2633 ferro
678 2579 1046 2650 denotatam,
1064 2588 1352 2658 perpetua
1382 2584 1440 2639 in
1472 2586 1815 2643 Hiberniam
1846 2605 1944 2645 ex-

282 2666 400 2721 silii
438 2666 797 2737 relegatione
828 2669 1094 2725 detrusit.
1129 2673 1268 2733 Quae
1302 2677 1500 2728 tamen
1524 2678 1659 2747 post
1684 2675 1943 2731 nonnul-

279 2754 411 2810 lum
442 2757 722 2827 temporis
750 2757 1147 2823 intervallum,
1175 2760 1301 2828 jain
1334 2762 1597 2818 obducta
1626 2766 1685 2818 in
1717 2764 1946 2819 cicatri-

279 2860 415 2899 cem
446 2846 711 2916 corporis
742 2846 955 2913 forma,
991 2848 1094 2902 sed
1141 2848 1339 2903 adhuc
1389 2850 1590 2906 hiante
1622 2851 1944 2922 impudicae

278 2932 500 2987 mentis
550 2934 944 3005 deformitate,
978 2936 1181 2991 relicta
1224 2937 1497 2994 Hibernia
1545 2939 1821 3009 Angliam
1860 2957 1946 2997 re-

276 3021 408 3083 diit,
444 3026 499 3076 et
529 3022 891 3078 Glocestram
933 3026 1139 3080 caecati
1188 3026 1385 3081 cordis
1429 3027 1790 3085 obscuritate
1838 3030 1947 3085 im—

274 3110 430 3165 buta
471 3112 776 3182 pervenit:
823 3113 923 3168 ubi
954 3114 1035 3169 ab
1064 3114 1412 3171 hominibus
1460 3117 1612 3172 servi
1651 3118 1748 3173 Dei
1778 3134 1944 3175 com-

276 3199 600 3270 prehensa,
646 3204 721 3265 et,
762 3217 837 3256 ne
891 3202 1223 3258 meretricio
1274 3220 1439 3259 more
1493 3205 1734 3261 ulterius
1787 3223 1947 3278 vaga

278 3287 659 3357 discurreret,
695 3289 1113 3361 subenervata,
1150 3296 1287 3363 post
1332 3293 1461 3348 dies
1508 3295 1736 3366 aliquot
1782 3284 1946 3352 mala

276 3380 473 3433 morte
502 3378 784 3449 praesenti
815 3379 946 3433 vitze
971 3379 1205 3436 sublata
1234 3386 1340 3436 est.
1376 3385 1508 3439 Erat
1529 3384 1753 3455 quippe
1781 3402 1945 3441 sum-

276 3482 419 3522 mus
450 3468 713 3537 pontifex
743 3468 868 3522 Odo
903 3469 987 3523 vir
1020 3469 1304 3524 virtutum
1344 3472 1558 3527 robore
1588 3479 1643 3527 et
1673 3475 1944 3541 grandae-

279 3555 476 3610 vitatis
509 3556 843 3611 maturitate
878 3572 946 3613 ac
979 3559 1313 3615 constantia
1348 3560 1550 3626 fultus,
1586 3567 1643 3616 et
1670 3564 1942 3619 omnium

277 3643 664 3715 iniquitatum
693 3644 1036 3701 inﬂexibilis
1064 3647 1463 3705 adversarius.
1491 3656 1615 3707 Non
1652 3651 1812 3707 hunc
1844 3654 1946 3710 ali-

278 3732 458 3802 cujus
515 3732 697 3800 gaudi
745 3733 1042 3790 saecularis
1099 3735 1413 3807 illecebrae,
1448 3755 1571 3794 non
1629 3739 1947 3797 hominum

280 3821 485 3883 minae,
540 3836 663 3876 non
710 3823 971 3892 cujusvis
1025 3823 1233 3879 damni
1281 3828 1589 3898 perpessio
1640 3833 1871 3899 poterat
1912 3847 1949 3886 a

275 3910 631 3998 rectitudine
670 3910 984 3967 deterrere.
1018 3915 1392 3986 Quapropter
1422 3917 1569 3988 quia
1611 3933 1720 3973 nec
1749 3933 1950 3990 spera-

271 3998 384 4056 bat
423 3998 671 4072 aliquid,
701 4016 813 4055 nec
865 4003 1320 4073 expavescebat,
1355 4005 1628 4061 omnium
1653 4005 1949 4078 impoten-

281 4088 432 4145 tium
460 4088 615 4145 iram
638 4089 1012 4146 exarmabat.

565 4178 854 4248 Eadgaro
884 4194 1021 4250 iege
1049 4180 1428 4238 Dunstanum
1453 4190 1675 4240 sacrat.

366 4268 452 4321 14.
486 4266 727 4323 Eadwio
754 4271 957 4324 autem
996 4284 1133 4339 rege
1168 4269 1234 4339 (si
1264 4286 1369 4326 rex
1395 4272 1806 4329 nominandus
1838 4281 1948 4344 est,

276 4353 386 4426 qui
433 4369 542 4411 nec
596 4372 658 4411 se
704 4372 814 4413 nec
866 4356 1015 4412 alios
1072 4337 1277 4427 regere
1321 4360 1535 4431 novit),
1567 4361 1835 4435 Eadwio,
1866 4337 2027 4422 in-D

277 4458 493 4515 quam,
558 4459 697 4514 rege
762 4460 950 4515 regno
1002 4461 1114 4518 pro
1170 4447 1294 4504 suis
1360 4449 1717 4507 criminibus
1773 4452 1958 4516 elimi.

279 4534 429 4587 nato
481 4534 652 4604 (271),
708 4538 767 4590 et
816 4533 1037 4591 misera
1082 4539 1274 4593 morte
1318 4536 1634 4606 damnato,
1680 4541 1957 4613 Eadgaro

281 4620 451 4677 fratri
519 4623 651 4694 ejus
726 4623 975 4680 thronus
1056 4625 1255 4697 regius
1322 4644 1501 4701 super
1575 4632 1764 4687 totam
1841 4636 1960 4691 An-

281 4710 470 4782 gliam
510 4712 902 4770 conﬁrmatus
942 4718 1050 4772 est.
1084 4715 1187 4772 Hic
1241 4732 1453 4774 omnes
1497 4735 1651 4791 pene
1697 4724 1961 4778 anteces-

287 4815 459 4856 sores
514 4819 657 4859 suos
713 4819 955 4859 morum
1011 4804 1309 4876 probitate
1364 4809 1734 4879 praecedens,
1784 4827 1961 4868 cunc-

285 4891 380 4944 tas
410 4889 758 4963 iniquitates
788 4908 925 4990 quae
968 4891 1195 4951 diebus“
1226 4894 1449 4993 fratris
1470 4897 1566 4954 sui
1587 4914 1964 4993 emerserunt

292 4982 670 5064 compressit,
706 4982 935 5052 evertit,
967 4986 1023 5038 et
1051 4999 1163 5056 pro
1209 4999 1387 5056 posse
1434 4986 1496 5042 in
1539 4987 1793 5045 nihilum
1821 4982 1958 5064 egit:

279 5054 581 5128 Praeterea
648 5087 795 5128 mox
864 5070 969 5127 ubi
1030 5054 1290 5143 regnum
1362 5073 1639 5146 obtinuit,
1687 5094 1962 5136 reveren-

287 5158 443 5216 dum
498 5159 783 5217 abbatem
835 5162 1216 5218 Dunstanum
1267 5161 1344 5218 ab
1390 5162 1596 5221 exsilio
1641 5168 1961 5240 revocavit,

361 5320 515 5397 (271)
568 5320 750 5397 _Hanc
809 5320 1499 5397 excommunicationem
1560 5325 1966 5397 Spelmannus

294 5389 484 5445 refert
501 5389 587 5446 ad
613 5407 846 5446 annum
878 5395 1003 5447 958.

367 5462 521 5537 (272)
555 5462 783 5537 Odonis
814 5466 1073 5537 mortem
1117 5478 1279 5537 anno
1317 5469 1422 5521 958
1449 5466 1804 5537 consignant
1835 5471 1965 5527 Flo-

278 5533 524 5605 rentius
559 5532 1695 5605 Wigoniensis,BogeriusHovedenﬁs,
1728 5544 1784 5595 et
1835 5544 1968 5598 Mat-

290 5604 479 5660 theus
514 5604 1183 5664 Westmonasteriensis.
1209 5610 1281 5662 At
1309 5608 1680 5679 prail'erenda
1701 5611 1965 5669 Chrono-

1883 152 2057 213 VITA.

240 258 528 325 rieutium
583 258 774 330 stupri
806 260 1021 317 ardore
1052 279 1381 321 succensus
1425 268 1742 330 infandum
1773 290 1913 330 con-
1949 286 1995 341 Α
2033 284 2090 336 et
2120 297 2152 338 e

3614 195 3722 252 9H

2035 635 2272 693 sacrari
2290 648 2566 735 expetiit.
2581 652 2806 708 Annuit
2833 653 2963 723 ipse
2992 655 3203 717 libens.
3219 663 3440 729 Verum
3466 672 3532 724 ut
3552 635 3725 727 sane:

2037 732 2164 823 tum
2197 732 2562 823 episcopum
2607 741 2820 812 spiritu
2860 745 3194 815 prophetiae
3241 753 3463 823 pollere
3503 757 3565 815 in
3618 758 3728 816 du-

2037 816 2428 909 biumnnulli
2483 829 2725 899 veniret,
2757 831 3071 890 hominem
3121 816 3356 909 qui-ad
3405 846 3724 904 Wiciorum

2040 902 2471 1007 pontiﬁcatum
2519 920 2976 989 promovendus
3023 902 3366 1001 advenerat,
3397 931 3460 988 in
3489 902 3729 1007 pontifi-

2042 1012 2173 1051 cem
2211 996 2671 1063 Cantuariorum
2701 1008 2896 1065 sancti
2928 1012 3181 1082 Spiritus
3214 996 3561 1090 operatione
3590 1040 3727 1096 pro-

2040 1084 2254 1141 movit.
2278 1088 2468 1162 Super
2494 1110 2618 1166 quo
2638 1112 2673 1151 a
2697 1096 3238 1160 circumstantibus
3255 1084 3376 1164 cur
3405 1108 3488 1165 sic
3519 1084 3729 1181 ageret

2043 1173 2386 1250 inquisitus,
2420 1182 2573 1253 Scio,
2609 1184 2831 1256 inquit,
2862 1184 2986 1254 ﬁlii,
3023 1190 3148 1248 scio
3178 1195 3327 1267 quid
3356 1173 3636 1270 operetur
3659 1200 3724 1258 in

2044 1280 2143 1320 me
2175 1267 2350 1323 Deus.
2387 1271 2449 1326 Et
2478 1271 2639 1329 hunc
2664 1273 2922 1344 quidem
2954 1276 3380 1349 Wigornensis
3396 1267 3726 1358 provincia

2046 1371 2143 1421 me
2172 1354 2401 1413 vivente
2449 1366 2756 1431 pastorem
2810 1363 3082 1439 habebit,
3119 1372 3228 1428 sed
3267 1376 3392 1430 tota
3410 1354 3728 1436 itritannia

2047 1444 2284 1504 eodem.
2316 1462 2413 1501 me
2452 1448 2758 1516 defuncto,
2793 1456 3023 1511 rectore
3053 1460 3377 1531 gaudebit;
3418 1479 3528 1521 nec
3557 1467 3726 1524 enim

2047 1532 2179 1602 lege
2227 1534 2531 1604 stringitur
2576 1540 2772 1596 sancti
2824 1542 3075 1614 Spiritus
3120 1549 3376 1608 donum.
3410 1555 3549 1620 Quae
3580 1572 3725 1629 pro-

1970 1637 2008 1690 Β
2047 1622 2256 1718 phetia
2280 1639 2466 1718 quam
2486 1642 2631 1682 vera
2670 1629 2979 1718 exstiterit,
3004 1636 3266 1696 Ecclesia
3288 1642 3408 1711 Dei,
3432 1660 3570 1714 quae
3583 1622 3727 1718 ejus

2047 1711 2359 1781 regimine,
2411 1714 2562 1770 sicut
2601 1717 2882 1787 praadixit
2932 1723 3256 1798 episcopus
3304 1711 3569 1806 sanctus,
3618 1711 3728 1792 diu

2053 1801 2445 1869 postmodum
2478 1803 2730 1871 gloriata
2761 1811 2872 1874 est,
2903 1814 2960 1865 et
2990 1826 3185 1884 usque
3230 1816 3410 1874 hodie
3443 1801 3723 1880 sacratis-

2065 1888 2222 1944 sima
2248 1888 2407 1944 illius
2439 1890 2868 1952 intercessione
2896 1900 3188 1973 munitur,
3213 1905 3436 1977 optime
3461 1911 3647 1969 novit.

2744 2019 3028 2078 Moritur.

2127 2123 2210 2173 15.
2241 2120 2478 2176 Talibus
2500 2121 2679 2192 igitur
2706 2124 3012 2183 bonorum
3041 2130 3245 2200 gratiis
3274 2137 3613 2207 spectabilis
3631 2142 3723 2198 vir

2052 2209 2245 2302 Odo-a
2276 2210 2524 2266 Domino
2554 2212 2934 2286 sublimatus,
2957 2234 3349 2293 nequaquam
3380 2242 3442 2282 se
3472 2234 3723 2302 propter

2052 2294 2262 2351 merita
2283 2314 2533 2369 operum
2568 2319 2817 2359 suorum
2841 2307 3065 2379 extulit,
3095 2309 3203 2364 sed
3233 2294 3722 2386 semper—adme-

2050 2382 2199 2476 liora
2227 2385 2516 2457 proﬁcere
2549 2392 2774 2449 studuit
2808 2411 2820 2448 :
2850 2412 2985 2467 quae
3014 2402 3172 2455 retro
3219 2382 3632 2476 sunt—oblitus,
3665 2412 3723 2464 et

2051 2471 2111 2527 in
2143 2489 2214 2527 ea
2243 2490 2379 2545 quae
2412 2482 2549 2533 ante
2580 2484 2719 2536 sunt
2745 2487 3051 2556 extensus,
3085 2489 3449 2560 sequebatur
3480 2493 3560 2549 ad
3589 2471 3720 2568 pal-

2053 2578 2216 2617 mam
2273 2581 2548 2637 supernaa
2602 2571 2934 2628 vocationis
2985 2575 3106 2644 Dei,
3138 2578 3555 2652 populumque
3605 2584 3721 2640 sibi

2055 2650 2447 2709 commissum
2480 2671 2645 2711 more
2692 2663 2964 2729 segetum
3003 2661 3292 2719 feracium
3323 2650 3548 2724 caelesti
3573 2669 3720 2728 doc-

2053 2739 2225 2801 trina,
2289 2744 2468 2814 quasi
2526 2744 2773 2816 pluviali
2837 2750 3048 2821 gratia,
3109 2754 3376 2825 quotidie
3429 2756 3720 2839 irrigavit,

2052 2843 2371 2899 quousque
2417 2831 2684 2889 animam
2719 2835 2875 2891 illius
2905 2854 3010 2893 rex
3037 2839 3099 2895 in
3149 2841 3494 2900 cubiculum
3538 2831 3720 2906 suum

2053 2910 2473 2989 introduceret,
2502 2928 2559 2976 et
2588 2927 2843 2980 torrente
2872 2926 3192 3001 voluptatis
3223 2947 3348 2986 suae
3373 2932 3717 2995 inebriaret.

2055 3006 2317 3079 Raptum
2341 3007 2521 3078 igitur
2561 3028 2633 3066 ex
2661 3012 2775 3068 hoc
2803 3017 3024 3073 saeculo
3054 3017 3603 3081 luculentissimum
3650 3028 3721 3085 si-

2053 3093 2167 3149 dus
2220 3096 2767 3187 urbisuCantuariee
2816 3105 2964 3175 Odo,
3007 3107 3409 3178 gaudentibus
3461 3114 3718 3187 angelis,

2056 3191 2261 3239 sedem
2290 3185 2456 3257 petiit
2475 3192 2621 3259 (272)
2646 3207 2917 3263 supernae
2940 3210 3009 3251 ac
3035 3195 3486 3266 gloriosissimas
3519 3185 3722 3261 civita-

2056 3273 2146 3343 tis,
2180 3273 2279 3328 ubi
2311 3276 2679 3348 sempiterna
2708 3282 3105 3360 exsultatione
3133 3285 3389 3360 laetatur;
3419 3293 3476 3345 et
3506 3292 3721 3351 Christi

2053 3360 2267 3417 faciem
2298 3362 2616 3421 ineﬂ‘abilis
2658 3358 2967 3427 suavitatis
3007 3372 3323 3431 dulcedine
3352 3358 3722 3454 contempla-

2053 3453 2166 3516 tur,
2197 3466 2441 3506 securus
2461 3454 2590 3525 jam
2622 3456 2696 3512 de
2724 3461 2972 3529 praemio
3004 3462 3115 3533 sui,
3149 3468 3327 3537 atque
3353 3465 3428 3522 de
3454 3453 3721 3527 ﬁliorum

2055 3554 2303 3593 suorum
2335 3539 2525 3597 salute
2576 3544 2881 3602 sollicitus.
2917 3540 3071 3607 Obiit
3096 3557 3298 3609 autem
3321 3559 3721 3627 praesentibus

2060 3628 2346 3683 universis
2378 3631 2652 3689 Ecclesiae
2691 3635 2902 3693 Christi
2928 3639 3085 3709 ﬁliis,
3116 3643 3339 3716 quibus
3360 3647 3542 3705 etiam
3571 3650 3720 3707 ﬂen-

2058 3716 2216 3812 tibus
2245 3720 2631 3790 promittebat
2659 3725 2826 3797 quod
2850 3726 3082 3786 bonum
3112 3731 3223 3787 illis
3251 3738 3559 3804 pastorem
3582 3746 3723 3812 post

2058 3805 2290 3860 obitum
2322 3823 2501 3863 suum
2534 3814 2821 3867 Dominus
2851 3820 3005 3873 esset
3033 3820 3408 3891 provisurus.

2057 3948 2352 4034 Elfsinus
2362 3950 2724 4034 siinnoniacus
2757 3958 2812 4034 ei
2833 3961 3131 4034 succedit;
3153 3964 3260 4034 qui
3284 3972 3518 4022 mortuo
3535 3969 3724 4027 insul-

2083 4080 2085 4082 η
2131 4023 2370 4100 ίᾳζλχδ.
2411 4022 2536 4078 Odo
2577 4027 2812 4100 custodi
2856 4022 3120 4089 ecclesiae
3160 4022 3272 4090 ἶλαι
3317 4022 3720 4100 manda—tuti}:

2131 4090 2463 4165 El/sinum,
2495 4097 2602 4166 qui
2628 4098 2839 4156 misere
2868 4102 3098 4160 interit.

2138 4202 2222 4253 t6.
2264 4200 2400 4256 Post
2430 4201 2604 4273 cujus
2636 4206 2950 4264 transitum
2981 4209 3239 4267 obtinuit
3264 4212 3467 4271 locum
3503 4219 3727 4275 summi

2065 4287 2377 4344 sacerdotii
2431 4291 2689 4349 Elfsinus
2734 4297 3060 4354 Wentanus
3114 4300 3454 4376 episcopus,
3510 4322 3730 4378 cogno-

2063 4380 2268 4468 mento
2316 4376 2521 4452 Lippe,
2549 4381 2691 4438 data
2741 4385 2999 4456 pecunia
3047 4387 3420 4462 principibus
3459 4394 3565 4466 qui
3594 4376 3728 4468 ‘pri-

2063 4464 2148 4522 mi
2195 4470 2363 4523 erant
2416 4468 2479 4524 in
2527 4470 2751 4542 palatio
2798 4473 2955 4545 regis
3004 4476 3280 4547 Eadgari.
3309 4483 3460 4537 Nam
3481 4464 3552 4539 et
3589 4464 3729 4551 ante

2067 4552 2337 4610 Odonem
2420 4572 2648 4628 magna
2723 4560 2801 4618 ad
2885 4564 3246 4636 rapiendum
3324 4569 3729 4627 sacerdotium

2068 4642 2349 4716 cupidine
2426 4646 2747 4717 agebatur,
2823 4650 2928 4707 sed
3009 4652 3312 4711 bonorum
3388 4658 3730 4716 constantia

2066 4731 2491 4806 episcoporum
2547 4736 3007 4811 impediebatur.
3064 4742 3228 4799 Unde
3283 4760 3423 4801 cum
3471 4746 3569 4805 die
3628 4747 3733 4804 ad-

2067 4824 2282 4877 ventus
2327 4823 2419 4879 sui
2464 4825 2844 4884 Cantuariam
2891 4828 3145 4887 solemni
3188 4835 3574 4904 processione
3608 4853 3736 4893 sus-

2069 4912 2275 4982 ceptus
2326 4910 2553 4983 fuisset,
2608 4915 2859 4972 accessit
2917 4916 2996 4973 ad
3053 4920 3397 4992 sepulcrum
3446 4924 3558 4981 viri
3608 4922 3731 4995 Dei,

2073 5003 2364 5072 stansque
2412 5017 2592 5074 super
2642 5002 2790 5060 illud
2853 5005 2938 5063 ita
3009 5007 3325 5069 furialibus
3380 5013 3576 5071 verbis
3631 5016 3735 5071 de-

2071 5085 2275 5144 functo
2339 5087 2739 5163 exprobravit,
2807 5092 3062 5152 dicens:

3142 5098 3343 5173 Inepte
3359 5143 3374 5169 ,
3459 5118 3601 5159 ecce
3671 5106 3736 5158 tu

2040 5178 2345 5234 ,mortuus
2402 5194 2484 5247 es,
2541 5184 2599 5237 et
2666 5179 2780 5237 sub
2839 5181 3047 5242 tellure
3103 5188 3380 5258 putridus
3431 5189 3623 5259 jaces,
3679 5192 3738 5246 et

2071 5334 2232 5415 lggia
2263 5335 2579 5410 Saxonica,
2609 5340 2671 5396 in
2696 5357 2824 5415 qua
2855 5344 2979 5400 Octo
3010 5346 3495 5415 archiepiscopus
3524 5347 3736 5406 abiisse

2074 5404 2289 5462 dicitur
2314 5425 2474 5466 anno
2509 5404 2633 5467 961.
2672 5404 2885 5469 Cbnfer
2915 5420 3087 5470 notas
3118 5414 3196 5469 ad
3211 5404 3417 5471 Vitam
3449 5420 3503 5473 S.
3540 5404 3736 5474 Duas-

2073 5477 2199 5533 tani
2223 5478 2379 5536 infra
2407 5481 2486 5537 ad
2527 5498 2756 5539 annum
2789 5487 2913 5538 988.
2947 5483 3137 5539 Odoni
3172 5486 3508 5544 Willelmus
3540 5506 3737 5546 annos

2073 5551 2514 5679 ﬁbregiminis,
2545 5554 2761 5610 rectius
2805 5569 2993 5625 quam
3033 5558 3409 5631 Bromtonus,
3441 5561 3547 5632 qui
3594 5578 3737 5617 xxuv

2197 5637 2258 5679 tu
2288 5665 2298 5678 .

2197 5637 2298 5679 ωι.
