4166 6162
543 91 646 146 943

1699 86 1760 142 8.
1802 81 2060 140 ODONIS
2097 77 2418 136 ARCHIEP.
2459 82 2802 139 CANTHAR.

3845 89 3942 145 944

538 227 652 283 ego
701 229 840 270 cum
885 211 1132 268 voluero
1175 211 1251 268 de
1292 215 1346 268 te
1375 214 1645 284 potenter
1672 207 2082 282 triumphabo.
2115 207 2189 262 Te
2217 205 2264 260 Α
2303 205 2656 262 existimans
2686 207 3056 264 nimietatem
3083 206 3320 278 frigoris
3349 207 3452 264 tali
3483 223 3660 282 posse
3687 211 3942 269 mmedio

535 299 769 356 vivente
800 316 1075 356 summus
1104 298 1434 369 Anglorum
1463 298 1724 372 pontifex
1765 311 1892 354 esse
1921 292 2187 367 nequivi,

532 393 588 446 te
614 389 874 445 obeunte
917 387 1109 444 factus
1139 387 1408 460 idipsum
1457 403 1590 443 sum
1630 387 1802 458 juxta
1848 384 2013 458 quod
2045 382 2186 439 olim

531 493 660 534 esse
685 477 1022 552 concupivi.
1052 480 1121 534 Et
1146 477 1307 546 inde,
1343 477 1498 534 male
1546 493 1614 532 ac
1663 475 1958 548 decrepite
1987 488 2183 539 senex,

529 567 726 624 nullas
753 567 972 638 gratias
996 567 1248 636 habeas,
1278 567 1421 640 quia
1470 567 1516 622 si
1550 568 1703 621 ultra
1732 564 1930 620 vivere
1957 561 2184 636 potuis-

527 671 642 727 ses,
669 673 780 713 nec
811 655 976 724 mihi,
1003 670 1114 711 nec
1143 654 1244 710 ulli
1295 655 1389 712 vel
1435 653 1815 728 participium
1861 651 2046 708 habiti
2073 651 2182 707 ho-

525 745 688 802 noris
709 746 794 802 tui
815 744 1139 802 concedere
1163 744 1473 800 voluisses.
1499 749 1580 800 ita
1605 743 1698 798 ille
1719 741 1921 816 palam
1953 741 2012 797 in
2037 756 2184 814 prae-

526 835 716 891 sentia
745 851 954 891 eorum
983 833 1082 906 qui
1110 833 1360 889 aderant
1375 832 1542 899 dixit,
1575 837 1632 888 et
1661 832 1876 888 baculo
1907 830 2181 886 tumbam

523 925 714 980 sancti
757 923 1111 996 percutiens,
1155 921 1398 978 trisulco
1443 922 1640 978 furore
1691 937 1812 994 quo
1867 919 2182 976 tenebatur

523 1029 812 1069 accensus
855 1012 991 1068 inde
1031 1013 1292 1067 recessit.
1347 1011 1456 1068 Sed
1518 1011 1730 1068 eadem
1799 1013 1991 1076 nocte,
2029 1008 2178 1065 dum

521 1102 878 1158 mortalibus
904 1117 1193 1158 concessa
1215 1102 1452 1174 requies
1468 1107 1640 1166 esset,
1661 1099 1938 1173 apparuit
1965 1100 2178 1155 beatus

521 1191 648 1248 Odo
677 1175 938 1247 ecclesiae
969 1191 1288 1248 Salvatoris
1307 1191 1493 1261 digno
1523 1189 1772 1256 custodi,
1797 1188 2030 1244 vultum
2060 1187 2178 1244 lac-

519 1285 680 1336 teum
709 1280 964 1348 habens,
995 1280 1416 1336 vestimentum
1463 1295 1606 1335 vero
1643 1278 1798 1334 rosei
1827 1277 2060 1340 coloris,
2095 1276 2176 1332 ita

515 1367 711 1424 virum
741 1367 1088 1440 alloquens:
1126 1367 1355 1424 Dormis
1387 1383 1464 1423 an
1495 1366 1752 1437 vigilas?
1787 1363 2068 1432 Dormivi,
2090 1363 2176 1419 in-

514 1457 644 1530 quit
690 1455 808 1524 ille,
842 1459 1040 1512 senior
1065 1455 1426 1524 venerande,
1458 1455 1564 1510 sed
1591 1470 1728 1511 ecce
1777 1453 1976 1524 vigilo,
2013 1456 2068 1508 te
2095 1452 2174 1508 lo-

2299 294 2571 366 propelli.
2605 296 2717 352 Sed
2747 311 2869 352 non
2901 302 3168 353 cessante
3208 297 3312 370 qui
3340 297 3510 354 illum
3541 300 3846 358 cruciabat
3867 301 3943 358 di-

2297 379 2438 438 vino
2463 382 2681 450 furore,
2717 384 2952 440 Domini
2999 385 3374 456 majestatem
3417 386 3640 460 impius
3677 388 3944 464 blasphe-

2295 472 2500 540 mavit,
2535 478 2594 530 et
2638 473 2720 530 sic
2763 474 3061 547 pollutum
3103 492 3284 532 suum
3324 476 3596 549 spiritum
3635 477 3697 533 in
3739 479 3940 536 mediis

2293 559 2534 631 ignibus
2565 563 2879 621 exhalavit.
2921 568 3006 622 ita
3060 581 3121 622 se
3171 566 3608 624 demonstravit
3644 568 3782 626 felix
3823 569 3940 628 Odo

2293 649 2525 707 Christo
2555 651 2774 723 vivere,
2795 669 2979 726 quem
3007 653 3246 727 penitus
3277 659 3582 712 mortuum
3613 655 3814 716 infelix
3843 658 3942 716 Elt-

2292 737 2458 796 sinus
2485 756 2671 798 ausus
2701 746 2790 799 est
2817 742 3078 800 credere.

2287 900 2625 958 Birthelmo
2655 907 2897 976 remoto,
2928 905 3194 976 succedit
3223 905 3574 963 Dunstanus
3591 919 3614 976 ;
3654 907 3938 967 Columba

2357 986 2540 1042 super
2564 975 2906 1044 sepulcrum
2936 981 2998 1026 δ’.
3027 975 3266 1044 Odonis,
3289 979 3396 1048 qui
3410 975 3636 1049 Segode
3659 979 3872 1036 dictus.

2361 1103 2445 1154 t7.
2479 1101 2599 1155 Hoc
2628 1099 2710 1156 ita
2739 1103 2977 1156 mortuo
3007 1100 3384 1170 Birthelmus,
3419 1105 3786 1161 Dorsetensis
3809 1121 3938 1179 pro-

2285 1183 2492 1240 vinciae
2517 1187 2758 1260 praesul,
2789 1188 2974 1245 homo
3010 1189 3212 1246 nimim
3241 1189 3472 1263 pietatis
3502 1208 3574 1250 ac
3605 1193 3940 1266 simplicita-

2283 1272 2378 1344 tis,
2404 1273 2462 1330 in
2490 1275 2908 1348 pontiﬁcatum
2935 1278 3396 1338 Cantuariorum
3427 1281 3822 1340 substituitur.
3839 1285 3940 1340 Ve-

2281 1378 2417 1418 rum
2446 1363 2551 1420 ubi
2567 1366 2997 1440 comprobatus
3023 1373 3112 1425 est
3132 1369 3194 1426 in
3216 1371 3562 1428 exercendis
3586 1370 3936 1430 ecclesiasti-

2282 1451 2365 1507 cis
2416 1452 2746 1526 disciplinis
2804 1456 3052 1513 omnino
3117 1475 3309 1531 quam
3369 1460 3684 1533 oportebat
3744 1461 3937 1518 minus

511 1549 754 1619 quente.
785 1545 998 1614 Atille,
1033 1545 1212 1615 Vade,
1241 1545 1455 1618 inquit,
1487 1545 1564 1599 ad
1613 1543 1867 1600 electum
1899 1541 2004 1598 sed
2047 1557 2168 1598 non
2203 1561 2242 1614 Β
2279 1540 2499 1613 vigere,
2525 1543 2734 1614 jussus
2785 1544 2953 1617 quod
3001 1553 3344 1620 susceperat
3395 1564 3548 1605 onus
3577 1549 3858 1614 deseruit,
3887 1555 3940 1607 et

513 1649 550 1690 a
581 1637 699 1690 Deo
721 1634 1074 1708 episcOpum
1101 1633 1415 1697 Elfsinum,
1443 1637 1500 1688 et
1521 1633 1677 1690 hanc
1707 1631 1790 1688 illi
1808 1630 2168 1702 legationem

511 1737 586 1778 ex
633 1738 768 1778 meo
811 1723 1056 1778 nomine
1098 1721 1296 1779 defer:
1346 1722 1482 1777 Haec
1533 1721 1783 1778 mandat
1819 1719 1925 1776 tibi
1963 1735 2169 1776 servus

513 1810 722 1868 Christi
751 1810 900 1868 Odo.
927 1814 1054 1868 Non
1088 1827 1224 1866 sum
1253 1814 1547 1877 mortuus,
1577 1810 1682 1866 sed
1715 1809 1853 1865 vivo
1882 1807 2008 1878 regi
2031 1823 2169 1864 meo

510 1899 904 1974 omnipotenti
952 1903 1090 1956 Deo.
1124 1901 1317 1972 Atque
1359 1903 1423 1955 ut
1467 1899 1582 1955 hoc
1627 1897 1950 1954 certissime
1987 1913 2167 1970 expe-

507 1988 699 2057 riaris,
729 1988 968 2045 noveris
995 1987 1138 2061 quia
1185 1988 1336 2044 sicut
1377 1991 1440 2044 tu
1483 1999 1668 2044 causa
1715 1987 1834 2044 mei
1877 1986 2076 2044 adhuc
2107 1985 2168 2042 in

507 2093 686 2135 carne
713 2077 964 2134 viventis
1003 2093 1124 2134 non
1169 2076 1444 2134 evaluisti
1476 2077 1553 2133 ad
1582 2077 2166 2151 archiepiscopatum

507 2167 993 2225 Cantuariensem
1049 2167 1380 2241 pervenire,
1421 2167 1500 2224 ita
1551 2183 1658 2241 per
1696 2182 1792 2223 me
1831 2166 1895 2222 in
1944 2165 2166 2222 caelesti

503 2271 691 2328 regno
733 2272 894 2313 nunc
929 2256 1228 2313 viventem
1277 2256 1560 2312 invasum
1609 2256 1901 2312 honorem
1931 2254 1992 2310 in
2023 2271 2164 2328 pro-

502 2346 666 2403 ximo
729 2345 967 2419 perdes.
1029 2344 1182 2402 Audi
1258 2359 1400 2415 ergo
1466 2361 1602 2417 qtue
1669 2344 1824 2414 dico,
1871 2343 2164 2417 quoniam

499 2435 778 2492 hesterno
821 2433 916 2491 die
973 2434 1168 2491 verbis
1231 2434 1378 2490 mihi
1421 2433 1721 2490 derisoriis
1763 2432 2161 2506 exprobrasti,

498 2523 719 2580 baculo
770 2529 872 2580 tuo
921 2523 1264 2598 sepulcrum
1315 2539 1521 2579 meum
1579 2522 1968 2595 percussisti:
2015 2538 2164 2595 pree-

499 2613 634 2670 dico
691 2611 797 2669 tibi
843 2613 988 2686 quia
1043 2629 1211 2670 mare
1263 2612 1692 2677 transfretabis,
1729 2611 1906 2686 Alpes
1955 2627 2162 2668 ascen-

497 2701 632 2775 des,
653 2701 760 2758 sed
785 2717 1173 2776 nequaquam
1193 2701 1445 2776 pallium
1475 2701 1913 2775 patriarchatus
1942 2705 2160 2757 sanctae

497 2792 966 2849 Dorobernensis
1023 2791 1296 2848 Ecclesiae
1346 2791 1665 2860 obtinebis,
1717 2807 1826 2848 nec
1885 2807 2158 2864 unquam

493 2881 554 2938 in
603 2882 932 2956 apostolica
984 2883 1112 2949 ejus
1161 2879 1300 2938 sede
1351 2881 1608 2937 sedebis.
1656 2881 1753 2937 Ille
1802 2883 2004 2937 autem
2053 2880 2158 2954 qui

491 2971 620 3028 hzec
651 2971 897 3038 viderat,
924 2970 1139 3028 timens
1171 2969 1437 3043 episcopi
1471 2969 1779 3039 smvitiam,
1811 2969 2156 3026 dissimula-

490 3057 595 3118 bat
634 3059 750 3116 ista
791 3059 1085 3116 nuntiare.
1119 3059 1398 3133 Sequenti
1445 3063 1617 3116 nocte
1665 3059 1947 3133 apparuit
1975 3059 2026 3114 ei
2057 3059 2157 3115 ite-

489 3166 626 3206 rum
653 3153 895 3206 sanctus
923 3149 1024 3206 Dei
1053 3166 1188 3223 quae
1218 3153 1354 3205 ante
1375 3148 1605 3205 dixerat
1629 3148 1836 3205 dicens
1867 3165 1880 3204 :
1914 3148 2020 3204 sed
2045 3165 2155 3206 nec

490 3241 631 3294 tunc
677 3255 812 3312 qum
844 3237 1116 3295 audierat
1141 3238 1326 3294 homo
1371 3236 1645 3294 nuntiare
1696 3237 1978 3294 audebat.
2012 3241 2152 3294 Item

490 3327 660 3384 tertia
689 3333 860 3386 nocte
912 3327 1236 3384 adveniens
1267 3327 1356 3382 vir
1383 3327 1484 3383 Dei
1515 3326 1841 3400 pontiﬁcali
1866 3327 2152 3398 dignitate

488 3417 822 3483 redimitus,
855 3417 1184 3490 increpavit
1231 3416 1462 3488 praefati
1493 3415 1755 3471 hominis
1787 3415 2147 3482 socordiam,

487 3504 693 3560 dicens
719 3522 731 3560 :
763 3505 820 3562 Si
846 3505 978 3560 vitae
1013 3509 1126 3560 tuae
1157 3505 1614 3576 prosperitatem
1645 3519 1868 3573 gnarus
1901 3505 2149 3560 retinere

488 3592 814 3662 desideras,
844 3609 1062 3649 moneo
1103 3608 1176 3648 ne
1231 3593 1396 3666 quod
1445 3609 1480 3649 a
1508 3609 1604 3650 me
1631 3592 1898 3649 secundo
1928 3593 2149 3650 audisti

487 3683 769 3758 episcopo
801 3688 902 3740 tuo
943 3681 1206 3739 revelare
1254 3682 1617 3738 dissimules.
1647 3686 1796 3738 Nam
1828 3682 1876 3737 si
1915 3683 2144 3754 feceris,

485 3773 544 3828 in
577 3789 757 3846 poena
787 3777 888 3830 tua
918 3777 969 3829 te
991 3773 1145 3829 bene
1173 3771 1380 3829 fecisse
1409 3771 1716 3845 probabis.
1741 3771 1893 3828 Tum
1925 3771 2021 3829 ille
2051 3789 2147 3829 cx-

485 3868 808 3935 perrectus,
866 3867 925 3919 et
978 3861 1313 3919 admodum
1355 3862 1720 3935 perterritus,
1769 3877 1945 3918 mane
1989 3861 2146 3919 facto

482 3953 740 4024 perrexit
769 3951 848 4008 ad
879 3951 1232 4025 episcopum
1261 3951 1726 4023 incurvatusque
1753 3955 1875 4006 toto
1895 3965 2144 4024 corpore

483 4047 620 4100 ante
649 4041 818 4098 illum
851 4042 931 4098 ait
955 4061 967 4098 :
988 4039 1155 4097 Venit
1179 4039 1257 4097 ad
1279 4056 1397 4103 me,
1428 4042 1595 4095 Pater
1615 4039 1988 4112 honorande,
2016 4056 2146 4112 spe-

482 4130 680 4185 ciosus
709 4133 776 4186 ut
799 4129 1049 4201 angelus
1094 4129 1193 4184 Dei
1237 4123 1532 4199 gloriosus
1579 4127 1706 4183 Odo
1737 4127 2144 4200 praedecessor

481 4223 636 4286 tuus,
670 4219 773 4292 qui
803 4219 932 4276 haec
959 4217 1060 4274 tibi
1101 4216 1384 4290 praecepit
1407 4215 1786 4272 denuntiari:
1821 4217 2136 4285 Quoniam,

478 4307 673 4379 inquit
702 4307 846 4362 mihi
873 4307 968 4363 die
1005 4306 1482 4362 nudiusterliano
1507 4303 1706 4361 verbis
1733 4305 2012 4362 illusoriis
2042 4321 2139 4362 ex-

477 4395 798 4468 probrasti,
825 4394 1044 4451 baculo
1073 4397 1172 4449 tuo
1204 4393 1544 4466 sepulcrum
1576 4409 1779 4449 meum
1809 4394 2136 4466 percussis-

480 4485 537 4546 ti.
565 4483 828 4557 prtedico
853 4483 958 4539 tibi
1007 4482 1150 4556 quia
1179 4497 1345 4538 mare
1378 4482 1809 4550 transfretabis,
1839 4482 2014 4555 Alpes
2046 4499 2140 4539 ase-

475 4573 716 4644 ceudes,
777 4573 882 4630 sed
941 4587 1328 4644 nequaquam
1384 4570 1634 4643 pallium
1693 4571 2134 4644 patriarchatus

475 4667 696 4719 sanctae
729 4660 1196 4718 Dorobernensis
1235 4659 1506 4716 Ecclesiae
1533 4658 1853 4727 obtinebis,
1885 4675 1996 4716 nec
2026 4677 2134 4716 un-

471 4767 658 4824 quam
687 4751 748 4806 in
779 4750 1110 4824 apostolica
1135 4749 1265 4820 ejus
1300 4748 1443 4805 sede
1475 4747 1730 4804 sedebis.
1761 4748 1986 4814 Quibus
2015 4750 2136 4807 dic-

472 4841 543 4894 tis
572 4839 796 4894 dimisit
823 4855 860 4895 a
907 4855 970 4894 se
1013 4839 1334 4911 episcopus
1361 4837 1678 4894 relatorem
1708 4836 1974 4908 visionis,
1999 4855 2132 4911 par-

469 4927 800 4999 vipendcns
826 4943 898 4982 ea
929 4943 1064 4998 qure
1094 4926 1363 4983 audierat
1393 4925 1579 4982 verba
1617 4925 1854 4998 ineptae,
1889 4931 1953 4982 ut
1980 4928 2134 4984 dice-

467 5015 590 5086 bat,
615 5015 1117 5072 comminationis.
1141 5015 1255 5072 Sed
1285 5014 1642 5072 evolutionis
1669 5014 1990 5088 aliquantis
2012 5017 2132 5073 die-

464 5107 600 5176 bus,
632 5105 836 5162 omnia
876 5109 1206 5161 evenerunt
1252 5120 1389 5176 quze
1421 5120 1456 5162 a
1489 5107 1694 5160 sancto
1722 5105 1820 5161 Dei
1845 5105 2130 5178 praedicta

464 5195 718 5251 fuerunt.
769 5193 908 5252 Mari
957 5209 1223 5265 namque
1275 5197 1518 5266 propter
1557 5191 1807 5264 pallium
1854 5193 2124 5250 deferen—

463 5284 609 5339 dum
643 5283 908 5346 transito,
935 5283 1141 5338 itinere
1189 5281 1541 5354 aliquandiu
1588 5297 1872 5354 prospere
1920 5282 2128 5339 decur-

463 5387 550 5438 so,
603 5389 742 5427 mox
791 5377 856 5428 ut
911 5375 1200 5428 montana
1256 5370 1623 5438 conscendit,
1671 5371 1858 5426 nimio
1907 5372 2123 5442 frigore

459 5457 778 5526 resolutus,
809 5475 998 5531 equos
1028 5459 1131 5531 qui
1165 5460 1226 5514 in
1256 5459 1386 5531 ejus
1413 5459 1700 5516 comitatu
1726 5465 1898 5517 erant
1922 5461 2122 5516 necari

459 5545 758 5616 praecepit,
782 5545 1082 5618 pedesque
1113 5564 1254 5604 suos
1285 5564 1494 5605 eorum
1515 5547 1824 5604 ventribus
1845 5547 2114 5606 immisit.

2281 1630 2358 1688 ad
2389 1647 2568 1688 suum
2617 1633 2770 1689 ovile
2816 1634 3128 1707 quieturus
3167 1637 3410 1694 humilis
3446 1638 3638 1696 rediit.
3673 1641 3856 1710 Igitur
3879 1643 3937 1697 ut

2280 1721 2572 1778 sententia
2621 1722 2852 1778 Domini
2886 1729 2943 1780 et
2969 1725 3286 1798 prophetia
3317 1727 3474 1784 beati
3521 1728 3753 1785 Odonis
3789 1735 3938 1790 servi

2279 1809 2370 1864 sui
2397 1809 2616 1866 veritas
2665 1825 2799 1868 esse
2836 1813 3214 1884 probaretur,
3248 1816 3610 1886 Dunstanus,
3639 1818 3773 1889 jam
3805 1823 3936 1876 tunc

2279 1898 2714 1956 Lundoniensis
2755 1901 3026 1958 Ecclesiae
3071 1905 3360 1977 pontifex,
3394 1921 3430 1962 a
3471 1921 3608 1977 rege
3655 1912 3715 1964 et
3757 1924 3936 1980 regno

2277 1987 2530 2057 eligitur,
2563 2005 2636 2046 ac
2665 1990 2726 2045 in
2757 1991 3228 2063 patriarchatum
3271 1995 3450 2050 totius
3483 1997 3798 2052 Britanniae
3825 1999 3937 2069 glo-

2275 2076 2438 2132 rioso
2491 2077 2684 2134 Odoni
2742 2079 3132 2148 dignissimus
3189 2099 3496 2140 successor
3555 2084 3932 2156 subrogatur.

2276 2164 2457 2235 Cujus
2507 2166 2822 2237 Dunstani,
2857 2171 2912 2223 et
2963 2169 3144 2240 hujus
3187 2169 3262 2226 de
3309 2187 3433 2244 quo
3481 2172 3722 2242 agimus
3761 2173 3934 2230 Patris

2275 2252 2498 2308 Odonis
2527 2253 2674 2309 illud
2727 2254 2878 2312 inter
2930 2256 3048 2313 alia
3095 2273 3218 2313 non
3267 2275 3452 2331 parvo
3501 2262 3932 2330 cognoscenda

2273 2341 2602 2398 sanctitatis
2633 2348 2689 2398 et
2712 2343 3095 2400 beatitudinis
3126 2346 3364 2403 illorum
3390 2347 3610 2404 indicio
3641 2357 3752 2420 est,
3775 2351 3930 2424 quod

2273 2431 2581 2485 Dunstano
2637 2431 2698 2486 in
2749 2430 2844 2487 die
2885 2437 3091 2489 sancto
3140 2435 3514 2491 Pentecostes
3561 2435 3818 2491 missam
3858 2435 3930 2492 ad

2270 2517 2454 2574 altare
2473 2517 2706 2574 Domini
2733 2519 3050 2577 Salvatoris
3071 2523 3404 2578 Cantuarite
3425 2523 3785 2592 celebrante,
3807 2525 3928 2598 Spi-

2270 2606 2416 2661 ritus
2447 2612 2688 2664 sanctus
2713 2609 2817 2681 qui
2843 2625 3023 2682 super
3049 2610 3250 2682 ipsum
3300 2611 3362 2666 in
3408 2613 3605 2685 specie
3636 2613 3928 2669 columba:

2270 2697 2568 2769 apparuit,
2589 2703 2948 2770 consumpto
2976 2698 3268 2756 sacriﬁcio
3297 2699 3354 2756 in
3381 2701 3706 2758 australem
3733 2701 3927 2758 altaris

2269 2791 2525 2856 partem,
2576 2786 2677 2840 ubi
2727 2787 3084 2843 venerabilis
3143 2789 3272 2844 Odo
3317 2789 3644 2846 tumulatus
3669 2791 3925 2861 jacebal,

2269 2873 2522 2940 divertit,
2557 2880 2614 2931 et
2642 2891 2822 2949 super
2851 2877 3124 2932 tumbam
3167 2879 3300 2949 ejus
3330 2879 3531 2935 multis
3563 2880 3926 2936 intuentibus

2266 2965 2574 3037 requievit.
2626 2967 2766 3032 Quae
2809 2983 2905 3022 res
2964 2967 3022 3022 in
3083 2973 3248 3024 tanta
3293 2971 3619 3026 reverentia
3677 2971 3759 3027 ab
3801 2971 3925 3044 ipso

2266 3054 2573 3110 Dunstauo
2618 3055 2824 3112 habita
2863 3061 2974 3124 est,
3027 3062 3090 3112 ut
3139 3073 3412 3131 unquam
3457 3065 3592 3132 post
3641 3061 3758 3116 hoc
3795 3065 3923 3116 ante

2265 3142 2610 3216 sepulcrum
2641 3143 2795 3200 illius
2827 3144 3102 3202 transiret
3129 3146 3242 3202 nisi
3274 3163 3472 3217 genua
3515 3149 3796 3204 ﬂecteret.
3827 3153 3924 3206 Co-

2263 3231 2548 3300 gnomine
2595 3250 2840 3306 quoque
2881 3234 3026 3290 boni
3083 3235 3144 3291 in
3196 3241 3469 3293 materna
3519 3237 3730 3307 lingua
3759 3239 3920 3294 illum

2260 3320 2542 3394 deinceps
2595 3338 2807 3378 vocare
2867 3323 3115 3394 solebat,
3171 3325 3441 3382 videlicet
3496 3327 3626 3383 Odo
3695 3327 3922 3398 Segode

2259 3411 2364 3481 (al.
2397 3411 2720 3483 Thegood],
2753 3412 2919 3484 quod
2946 3413 3368 3486 interpretatur
3399 3415 3521 3471 Odo
3550 3417 3760 3472 bonus.
3795 3419 3921 3482 Quo

2257 3499 2617 3568 cognomine
2647 3499 2826 3555 etiam
2863 3517 3054 3574 usque
3085 3502 3263 3558 hodie
3293 3503 3371 3558 ab
3401 3503 3626 3574 Anglis,
3659 3504 3766 3560 sed
3799 3521 3924 3560 ma~

2255 3587 2414 3643 xime
2459 3605 2494 3644 a
2537 3587 2890 3644 Cantuaritis
2934 3589 3287 3663 appellatur.
3325 3591 3421 3647 His
3469 3591 3551 3648 ita
3581 3592 3918 3666 descriptis,

2255 3681 2431 3748 gestae
2461 3677 2544 3734 rei
2573 3677 2752 3734 series
2793 3679 3080 3736 narrandi
3119 3679 3304 3736 ﬁnem
3349 3681 3710 3754 expostulat,
3741 3699 3924 3756 quem

2253 3766 2349 3822 hic
2387 3766 2635 3840 quidem
2665 3767 2968 3840 ponimus,
2998 3773 3056 3826 et
3082 3771 3142 3824 in
3187 3785 3258 3826 eo
3287 3773 3475 3826 Deum
3505 3772 3610 3844 qui
3661 3776 3754 3828 est
3790 3771 3926 3827 ﬁnis

2253 3860 2310 3912 et
2339 3856 2848 3930 complementum
2875 3858 3150 3914 omnium
3178 3858 3795 3930 bonorum,consona
3827 3877 3926 3917 vo-

2253 3960 2318 4000 ce
2343 3945 2690 4016 laudamus,
2719 3945 2822 4020 qui
2864 3963 3088 4004 nomen
3139 3965 3320 4004 suum
3349 3949 3412 4004 in
3443 3949 3610 4006 omni
3637 3955 3816 4020 gente
3848 3951 3927 4006 ita

2251 4033 2563 4106 gloriﬁcat,
2592 4039 2658 4090 ut
2695 4035 3041 4109 quicunque
3087 4036 3256 4094 illum
3313 4037 3479 4094 timet
3527 4043 3584 4095 et
3639 4044 3928 4113 operatur

2245 4122 2560 4194 justitiam,
2617 4129 2896 4198 acceptus
2953 4125 3026 4182 sit
3081 4125 3183 4181 illi.
3235 4125 3322 4181 llli
3378 4141 3521 4196 ergo
3571 4127 3644 4184 sit
3695 4128 3831 4185 laus
3871 4133 3928 4184 et

2253 4212 2580 4284 gratiarum
2618 4215 2771 4270 actio
2827 4231 2935 4288 per
2979 4215 3213 4272 inﬁnita
3265 4217 3486 4272 saecula
3532 4217 3924 4286 saeculorum,

2251 4319 2452 4360 amen.

2250 4395 2320 4449 Ut
2349 4409 2486 4450 rosa
2507 4393 2582 4451 de
2613 4393 2818 4467 spinis,
2848 4393 2931 4451 sic
2959 4395 3180 4470 prodiit
3209 4396 3338 4453 Odo
3367 4397 3646 4470 paganis,

2315 4483 2604 4554 Stigmata
2627 4483 2893 4556 perﬁdiae
2923 4485 3088 4542 nulla
3115 4491 3361 4559 parente
3391 4487 3659 4543 trahens.

2243 4573 2460 4628 Contra
2483 4575 2622 4628 vota
2652 4577 2894 4645 patrum
2923 4573 3064 4630 ﬁdei
3097 4575 3450 4648 complexus
3479 4581 3776 4644 aratrum,

2316 4664 2384 4718 Ut
2412 4661 2610 4718 bonus
2641 4662 2904 4733 agricola
2936 4663 3132 4720 cordis
3169 4664 3382 4721 arabat
3411 4665 3691 4722 humum.

2243 4750 2543 4821 Sanguine
2575 4749 2868 4821 sublimis,
2901 4751 3217 4809 sublimior
3239 4753 3450 4810 ordine
3477 4771 3742 4819 morum,

2312 4839 2516 4896 Clarus
2541 4841 2850 4914 progenie,
2881 4841 3096 4898 clarior
3125 4857 3226 4900 ore
3255 4843 3384 4900 fuit.

2239 4929 2334 4984 Vir
2365 4929 2598 4986 sceleris
2623 4947 2812 5004 purus
2835 4931 3194 4990 occursabat
3223 4932 3545 4996 sceleratis,

2311 5019 2538 5075 Summi
2569 5035 2754 5090 regna
2783 5021 2968 5078 Patris
2993 5021 3364 5095 ampliﬁcare
3397 5023 3666 5079 studens.

2239 5106 2649 5181 Virtutumque
2670 5110 2938 5183 phalanx
2970 5110 3054 5167 illi
3083 5111 3414 5184 praecordia
3443 5115 3670 5180 tutans,

2307 5199 2434 5254 Non
2460 5197 2523 5253 in
2551 5213 2623 5253 eo
2643 5197 2857 5256 vitium
2883 5215 3068 5273 passa
3095 5205 3293 5256 tenere
3319 5201 3541 5257 locum.

2237 5285 2341 5340 Hic
2371 5285 2650 5358 precibus
2673 5287 2822 5344 fusis
2843 5288 3082 5346 hostilia
3113 5289 3229 5346 tela
3257 5289 3507 5360 fugavit,

2305 5374 2416 5439 Qui
2442 5389 2556 5432 nos
2585 5374 2760 5433 dente
2784 5377 2950 5450 petit,
2973 5377 3071 5434 hic
3097 5395 3274 5452 prece
3305 5379 3496 5436 caedet
3525 5395 3766 5452 aprum.

2235 5461 2340 5526 Qui
2367 5478 2548 5536 super
2571 5467 2732 5521 astra
2761 5463 2929 5534 cluis,
2961 5481 3074 5538 pro
3103 5466 3300 5535 nobis,
3328 5467 3476 5534 Odo,
3511 5466 3795 5538 preceris,

2305 5549 2663 5609 Multimodte
2686 5551 2875 5612 cladis
2901 5553 2964 5610 in
2983 5554 3226 5626 regione
3249 5554 3396 5612 sitis.
