4166 6162
284 202 392 258 94³5

1731 197 2276 256 CONSTUTIONES.

3625 219 3730 275 956

299 381 3715 419 W

1283 521 1964 642 SANGTI
2046 521 2289 642 0D
2299 521 2733 642 ONIS

1553 751 1970 816 ARCHIEFISCOPI
2026 774 2461 818 CANTUARIENSIS

643 946 1038 1060 EPISTOLA
1115 948 1196 1060 IN
1269 946 1534 1059 νιΤΑΜ
1606 945 2024 1059 WILIIIIEIII
2097 942 2740 1063 ARCHIEPISCOPI
2814 956 3372 1074 EBOIIIGIIIISIS

1221 1145 1416 1218 (Apud
1449 1144 1758 1208 Warthon,
1792 1142 2010 1213 Anglia
2033 1161 2218 1215 saera,
2251 1150 2396 1202 tom.
2428 1141 2499 1208 II,
2523 1160 2658 1215 pag.
2695 1151 2788 1224 50)

1791 1264 2220 1282 ἡ

353 1407 713 1466 Orthodoxae
745 1407 884 1463 ﬁdei
911 1407 1208 1465 famulitio
1247 1407 1561 1474 ancillatis,
1593 1409 1944 1482 eisdemque
1981 1412 2030 1466 Α
2058 1426 2198 1468 vere
2230 1409 2513 1478 seminia,
2543 1414 2848 1474 neminem
2881 1419 3155 1491 ejusdem
3201 1425 3502 1496 prosapiei
3545 1426 3733 1498 phisi-

281 1499 683 1558 ecclesiastico
736 1498 1164 1555 antistantibus
1212 1501 1524 1573 proposito
1571 1514 1946 1574 quaquaver-

167 1611 170 1614 ·
282 1606 418 1645 sum
452 1587 636 1653 orbis,
661 1592 784 1644 tam
811 1587 1178 1644 instantibus
1224 1604 1534 1662 quamque
1565 1588 1797 1656 futuris,
1827 1590 1946 1645 Οῡο

282 1678 832 1735 Dorobernicarum
859 1677 1043 1750 opilio
1075 1677 1393 1734 ovillarum
1421 1678 1480 1734 in
1510 1683 1730 1734 sanctae
1759 1676 1949 1733 humi-

281 1767 466 1824 litatis
493 1767 868 1823 consectionc
900 1765 1221 1836 collegium
1253 1771 1311 1823 et
1333 1766 1392 1823 in
1436 1781 1731 1828 concessu
1785 1766 1952 1822 inex-

283 1859 519 1914 haustae
549 1855 930 1912 beatitudinis
959 1855 1312 1927 tripudium.

357 1949 555 2016 Sagax
583 1945 864 2000 humanae
914 1943 1273 2001 curiositatis
1301 1944 1597 2001 industria
1620 1943 1768 2001 dum
1795 1943 1952 2016 jugi-

290 2040 380 2092 ter
402 2033 733 2106 aggeratim
769 2033 883 2090 sibi
907 2033 1223 2106 provideat
1253 2032 1475 2101 labilia,
1508 2033 1662 2090 adeo
1682 2033 1949 2107 plerum-

287 2141 410 2198 que
440 2123 765 2198 protelatur
795 2121 1264 2196 philanthropia,
1311 2128 1376 2178 ut
1428 2122 1952 2180 intransmeabiles

287 2219 520 2270 natura
570 2215 760 2268 metas
812 2210 1136 2267 insolenter
1166 2209 1508 2283 praeteriens
1544 2210 1950 2283 undecunque

286 2307 344 2358 et
371 2303 499 2373 jam
533 2299 856 2357 inficiando
885 2298 1366 2372 conquirendum
1398 2299 1522 2356 fore
1559 2299 1946 2372 praeordinet.

289 2391 518 2447 Etenim
551 2406 622 2445 ex
651 2405 774 2462 quo
803 2387 1068 2462 paradisi
1117 2387 1402 2444 terrestris
1448 2387 1761 2460 primicola
1788 2387 1954 2460 vipe-

287 2480 423 2536 rina
475 2479 674 2534 minus
732 2476 1049 2551 praesensit
1103 2475 1326 2542 eludia,
1383 2476 1688 2550 dilatoque
1739 2477 1952 2534 mortis

289 2568 654 2641 compendio
683 2567 886 2624 debila
916 2566 1163 2622 moleste
1187 2566 1367 2638 coepit
1390 2564 1658 2622 aﬂlictari
1689 2564 1950 2636 solertia,

292 2658 594 2731 insopibili
627 2658 744 2714 fere
777 2656 1104 2713 mundialis
1125 2656 1452 2712 enormitas
1481 2659 1789 2726 grassatur
1815 2671 1954 2729 par-

2055 1499 2258 1571 legam
2302 1499 2534 1556 nescire
2579 1503 2883 1574 proﬁteor.
2918 1509 3125 1578 [Igitur
3173 1512 3726 1571 venerabilissimas

2054 1588 2218 1646 beati
2249 1589 2613 1646 confessoris
2648 1593 2860 1652 Christi
2907 1597 3180 1654 Wilfredi
3229 1600 3513 1673 reliquias
3563 1603 3732 1660 inde-

2057 1679 2214 1735 centi
2236 1677 2560 1734 sentinosee
2586 1683 2888 1752 voraginis
2909 1685 3026 1740 situ
3056 1687 3377 1759 marcidas,
3405 1689 3528 1747 imo
3557 1692 3728 1764 quod

2058 1767 2223 1824 dictu
2253 1784 2502 1842 quoque
2532 1770 2957 1829 meticulosum
2982 1778 3092 1841 est,
3123 1775 3509 1847 prtelatorum
3538 1780 3729 1836 horri-

2059 1857 2348 1930 pilatione
2379 1857 2704 1929 neglectas,
2738 1877 2877 1917 cum
2909 1862 3050 1919 inde
3080 1863 3316 1922 favente
3358 1869 3476 1922 Deo
3507 1868 3732 1926 scilicet

2059 1951 2117 2002 et
2145 1945 2280 2003 loco
2312 1947 2464 2019 (273)
2487 1948 2744 2022 sepulcri
2788 1951 2919 2022 ejus
2966 1951 3217 2024 quidam
3267 1955 3728 2030 transtulissent,

2059 2039 2403 2091 reverenter
2432 2037 2660 2110 excepi,
2691 2041 2872 2110 atque
2902 2039 3057 2095 intra
3106 2041 3401 2098 ambitum
3429 2049 3731 2117 metropo-

2059 2123 2281 2192 litante,
2303 2124 2401 2180 cui
2425 2126 2614 2195 gratia
2638 2127 2738 2183 Dei
2762 2128 3079 2200 prtesideo,
3103 2131 3373 2186 Ecclesiae
3394 2132 3728 2206 collocavi.]

2061 2213 2393 2270 Praesertim
2415 2219 2664 2284 cogente
2683 2215 2782 2272 illo
2804 2217 3181 2287 evangelistae
3209 2219 3721 2287 testimonio,meo

2059 2300 2336 2357 videlicet
2387 2302 2781 2374 apologetico.
2819 2306 2966 2364 Quia
3015 2305 3352 2378 ubicunque
3377 2309 3567 2378 fuerit
3591 2325 3727 2366 cor-

2053 2405 2193 2460 pus,
2225 2391 2761 2461 congregabantur
2804 2399 2856 2449 et
2899 2395 3123 2466 aquilae
3157 2395 3391 2466 (Matth.
3424 2413 3584 2462 xxxv,
3608 2399 3722 2470 28).

2061 2479 2266 2550 Itaque
2296 2482 2474 2533 tanta:
2505 2483 2751 2552 tamque
2787 2484 2902 2538 Deo
2959 2481 3158 2552 dignae
3201 2481 3502 2540 afﬁnitatis
3531 2485 3727 2542 delec-

2063 2571 2220 2623 tatus
2246 2565 2567 2631 vicinitate,
2592 2572 2646 2622 et
2688 2568 2936 2626 editiore
2981 2585 3082 2626 eas
3129 2571 3379 2627 entheca
3408 2571 3721 2642 decusare,

2062 2659 2120 2711 et
2148 2653 2442 2726 excerptis
2463 2653 2538 2709 de
2563 2654 2716 2711 libro
2746 2657 2876 2713 vita)
2898 2653 3028 2728 ejus
3050 2658 3334 2727 flosculis,
3359 2675 3518 2716 novo
3541 2677 3724 2734 opere

293 2748 575 2807 cimonia.
629 2747 789 2802 unde
838 2751 896 2802 et
949 2745 1356 2802 obstinatioris
1403 2745 1706 2818 parcitatis
1745 2743 1951 2801 silves-
1991 2761 2032 2818 Β
2061 2742 2321 2817 pretium
2342 2742 2484 2798 duxi
2517 2744 2786 2802 carmine
2814 2751 3156 2804 venustare.
3187 2747 3336 2804 illud
3365 2763 3609 2822 quoque
3631 2767 3725 2808 as-

292 2843 462 2894 cente
514 2837 867 2912 propagine,
896 2837 1106 2910 fasque
1153 2835 1442 2909 nefasque
1483 2834 1784 2892 interdum
1825 2851 1950 2894 non

292 2927 627 2983 admodum
677 2926 933 2982 discrete
973 2924 1378 2999 compaginat,
1415 2925 1725 2981 Enimvero
1771 2924 1951 2982 nobis

291 3014 698 3073 inenacuabili
728 3011 1167 3085 [inenervabili]
1200 3011 1460 3068 veritatis
1495 3011 1789 3068 testudine
1841 3029 1948 3085 ga-

291 3105 462 3162 leatis
513 3103 788 3174 congruit
817 3101 1192 3158 normalibus
1224 3101 1461 3171 agenda
1492 3101 1795 3158 rubricare
1825 3118 1950 3159 me-

290 3194 512 3257 thodis.
537 3199 785 3250 eatenus
811 3191 1112 3265 praecipue
1147 3195 1208 3246 ut
1239 3190 1558 3247 cmnulenti
1604 3189 1777 3248 ﬂocci
1805 3207 1950 3264 pen-

288 3284 500 3340 dentes
547 3283 716 3337 lucra
763 3279 1128 3346 commercii,
1164 3279 1527 3353 propheticis
1558 3279 1948 3336 concentibus

288 3372 640 3428 studeamus
671 3369 884 3443 aptari.
917 3368 1050 3426 Mihi
1077 3374 1279 3425 autem
1309 3368 1592 3437 dicentes,
1621 3368 1949 3426 Adhaerere

285 3463 408 3517 Deo
432 3462 646 3517 bonum
680 3466 764 3518 est
789 3477 810 3516 :
841 3477 962 3532 qua
990 3460 1050 3516 in
1098 3476 1159 3516 re
1186 3475 1259 3515 ex
1301 3458 1595 3515 diametro
1624 3461 1946 3516 connecta-

286 3556 419 3617 tur;
453 3565 574 3605 non
605 3549 655 3604 ei
704 3548 980 3604 famulari
1025 3564 1147 3604 non
1193 3546 1426 3604 bonum
1476 3550 1585 3604 est.
1635 3545 1946 3620 Siquidem

281 3655 578 3712 quorsum
607 3639 700 3692 hzc
735 3637 915 3692 velint
944 3637 1196 3692 evadere
1225 3635 1510 3691 minutiae.
1556 3634 1814 3705 hujusce
1838 3633 1947 3692 mi-

281 3726 435 3781 crllo
469 3725 810 3782 brachilexii
828 3724 1213 3794 contignabo.
1240 3725 1588 3780 Innumeras
1609 3724 1944 3794 Anglorum

282 3817 603 3889 imperium
653 3815 1008 3870 sustinuisse
1053 3813 1193 3870 olim
1251 3812 1598 3883 discordias)
1630 3812 1862 3884 quibus
1889 3817 1946 3870 et

279 3905 666 3978 antiquorum
707 3903 953 3960 vulnere
1007 3901 1310 3959 domicilia
1347 3906 1609 3975 patrum,
1635 3904 1693 3956 et
1746 3902 1943 3960 multa

278 3993 678 4063 religiositatis
709 3993 929 4048 unione
958 3993 1211 4057 fuscata,
1244 3989 1486 4048 theorici
1516 3989 1712 4046 cultus
1733 3991 1940 4050 absol-

2061 2831 2386 2890 truendum
2439 2832 2500 2888 in
2547 2833 2753 2900 calice,
2804 2851 2880 2892 ne
2925 2835 3031 2908 qui
3061 2852 3158 2892 me
3188 2842 3468 2909 caperato
3513 2841 3724 2910 gangit

2061 2920 2428 2978 suscendum
2455 2922 2549 2992 [[1,
2583 2922 3062 2996 suscipiendum]
3093 2925 3413 2998 supercilio
3446 2925 3722 3000 impidis-

2060 3011 2328 3082 simo[f.,
2360 3009 2808 3086 limpidissimo]
2831 3013 2932 3070 Dei
2963 3013 3134 3070 nutui
3181 3014 3443 3071 absurde
3496 3017 3722 3076 nitatur

2059 3100 2366 3170 refragari,
2394 3099 2541 3156 dum
2567 3099 2631 3156 tit
2654 3099 2714 3157 in
2736 3107 2891 3159 terra
2907 3101 3054 3160 nihil
3075 3103 3200 3160 sine
3231 3119 3434 3161 causa.
3460 3106 3720 3171 Quando

2059 3189 2307 3264 quidem
2356 3189 2690 3262 imperitate
2715 3191 2862 3248 vitat
2888 3192 3035 3248 illud
3077 3193 3414 3249 comicum:
3447 3195 3717 3255 Auribus

2060 3287 2225 3335 teneo
2256 3279 2484 3348 lupum.
2525 3280 2706 3334 Porro‘
2757 3280 2988 3336 acerbae
3029 3281 3440 3338 ternicositatis
3469 3283 3716 3355 injecta-

2057 3384 2175 3441 que
2195 3366 2597 3441 deperationis
2630 3368 2980 3439 angelogias
3010 3369 3207 3426 intrito
3253 3371 3714 3432 universalitatis

2057 3458 2414 3532 epithemate
2445 3461 2502 3512 et
2547 3457 2859 3514 ambrosio
2905 3459 3348 3516 dictionalitatis
3396 3460 3711 3522 collemate

2055 3544 2401 3613 indulcabo,
2424 3545 2667 3614 ringens
2697 3563 2835 3603 cum
2870 3547 3235 3617 giganticida
3265 3549 3518 3608 Domino
3543 3569 3556 3608 :
3579 3553 3711 3624 Ego

2054 3638 2117 3693 in
2175 3636 2425 3691 Domino
2483 3637 2739 3704 speravi.
2801 3637 3002 3692 Omnis
3048 3653 3296 3707 sperans
3342 3639 3403 3694 in
3458 3641 3710 3700 Domino

2054 3725 2378 3783 exsultabit
2409 3731 2461 3780 et
2497 3725 2805 3781 laetabitur
2828 3727 2890 3782 in
2933 3727 3346 3783 misericordia
3387 3731 3537 3798 ejus.
3577 3732 3710 3803 Ego

2051 3817 2241 3886 igitur
2289 3813 2606 3869 exsultabo
2635 3819 2690 3869 et
2733 3815 2984 3870 twtabor
3012 3821 3075 3870 in
3119 3816 3530 3874 misericordia
3577 3823 3707 3889 ejus

2049 3903 2238 3974 (Psal.
2267 3917 2396 3974 xxx,
2430 3906 2460 3956 7
2487 3900 2690 3972 seqq.).

351 4093 500 4164 (273)
548 4092 597 4146 Α
653 4093 778 4147 loco
831 4090 994 4164 apud
1042 4089 1336 4146 Mabillon.
1392 4092 1518 4144 Act.
1575 4090 1940 4149 Benedictin.
1991 4105 2132 4149 sae.
2181 4109 2235 4164 v,
2278 4105 2340 4164 p.
2391 4093 2518 4158 283,
2569 4086 2672 4144 ubi
2712 4087 2828 4145 ista
2872 4102 3008 4160 quas
3056 4087 3226 4144 uncis
3277 4087 3512 4148 inclusa
3562 4098 3703 4151 sunt

277 4163 677 4234 reperiuntur.

1269 4450 1944 4569 SANGTI
2018 4451 2699 4572 ODONIS

1540 4665 1954 4708 ARCHIEPISCOPI
1993 4669 2438 4711 CANTUARIENSIS

1161 4795 2795 4920 CONSTITUTIONES

277 5012 339 5071 1’.
368 5029 593 5093 mpure
633 5010 802 5094 regis
847 5006 1220 5082 Is’dmuna'i,
1253 5011 1370 5072 hoc
1409 5021 1501 5073 est
1543 5029 1800 5074 (Ianum
1832 5008 2093 5098 circiter
2128 5013 2414 5075 Domini
2443 5012 2596 5094 942,
2634 5009 2707 5077 in
2737 5014 2984 5094 quibus
3020 5017 3313 5080 cavetur
3342 5015 3428 5080 de
3458 5017 3685 5098 ofﬁcio

691 5119 900 5184 regis,
939 5100 1482 5184 magistratuum,
1514 5111 1574 5162 ct
1601 5101 1784 5179 σιω-ἰ,
1819 5119 1876 5162 et
1911 5096 1992 5164 de
2001 5097 2276 5186 jar-ibus
2309 5099 2622 5166 Ecclesiae
2646 5098 2779 5165 rite
2810 5099 3262 5185 con/ercndis.

1129 5239 1318 5308 (Apud
1348 5238 1556 5300 Mansi,
1591 5238 1806 5294 Concil.
1835 5239 2009 5311 ampl.
2039 5238 2209 5308 Coll.,
2241 5245 2284 5293 t.
2311 5239 2513 5307 XVIII,
2542 5240 2652 5296 col.
2681 5242 2836 5314 3'93.)

1771 5361 2192 5375 ——I———

697 5449 933 5504 TITUIJ
986 5451 1492 5507 CAPITULORUM.

270 5519 313 5574 ῐ.
354 5519 442 5574 De
464 5521 842 5576 immunitate
862 5522 1164 5577 Ecclesiae.

271 5593 338 5645 ll.
379 5592 464 5664 De
491 5591 872 5664 saecularium
915 5593 1259 5664 principum
1283 5593 1483 5664 ofﬁcio
1513 5598 1567 5650 et
1589 5592 1922 5650 obedientia

339 5662 628 5733 episcopis
651 5663 1020 5734 praestanda.

2031 5455 2122 5530 ill.
2164 5456 2250 5530 pe
2277 5458 2476 5527 ofﬁcio
2505 5462 2936 5530 episcoporum.

2030 5525 2118 5600 Π.
2153 5527 2248 5600 ρο
2271 5525 2472 5598 ofﬁcio
2494 5525 3002 5600 presbyterorum.

2031 5598 2096 5650 V.
2137 5598 2224 5654 De
2253 5600 2455 5668 ofﬁcio
2485 5598 2860 5658 ctericw'um.

2034 5669 2122 5724 Vl.
2164 5670 2250 5726 De
2271 5672 2471 5740 ofﬁcio
2496 5671 2948 5729 monachorum.
