4166 6162
462 165 568 222 94⁵7

460 286 576 341 VII.
616 285 704 340 De
720 282 1113 354 prohibendis
1144 284 1372 342 illicitis
1397 283 1727 340 connubiis.

462 359 600 412 VIII.
641 357 728 411 De
757 355 1075 412 concordia
1109 356 1172 410 in
1201 356 1472 411 Ecclesia
1502 355 1931 411 conservanda.

462 427 561 483 IX.
601 429 688 482 De
705 427 962 496 jejuniis
991 431 1048 482 et
1073 427 1454 495 elemosynis
1481 425 1796 496 faciendis.

461 501 522 556 Χ.
563 499 652 554 De
679 498 922 554 decimis
953 497 1292 554 reddendis.

1103 581 1484 637 PREFATIO.

535 671 600 724 In
631 669 877 726 nomine
907 671 1127 726 sanctas
1158 669 1452 725 Trinitatis
1483 673 1540 724 et
1562 669 1754 726 unicae
1776 669 2119 726 divinitatis.

464 757 638 827 Licet,
694 758 874 814 nullis
951 757 1342 814 existentibus
1411 757 1654 829 meritis,
1710 759 1941 816 monita
2008 759 2122 831 piat

463 846 895 904 exhortationis
945 862 1098 903 ausu
1147 845 1460 903 temerario
1503 847 1858 920 quempiam
1907 848 2122 904 docere

464 951 836 1008 praesumam
868 952 881 991 :
914 939 1114 992 tamen
1145 934 1290 1006 quia
1336 935 1702 992 certantibus
1747 943 1803 996 et
1853 936 2125 994 videlicet

463 1023 880 1080 laborantibus
928 1024 990 1080 in
1040 1023 1232 1079 stadio
1261 1023 1442 1095 hujus
1470 1023 1623 1091 vitae,
1657 1025 1958 1097 spirituale
1984 1025 2123 1082 bra-

465 1113 623 1169 vium
650 1118 892 1169 auctore
923 1112 1224 1168 donorum
1251 1112 1468 1185 Spiritu
1495 1115 1880 1186 promittitur,
1908 1121 1964 1170 et
1991 1129 2126 1188 pas-

467 1204 661 1258 torum
694 1215 850 1256 curas
897 1200 1161 1274 populus
1212 1201 1314 1256 Dei
1356 1201 1847 1274 multiplicandus
1895 1203 2013 1258 ﬁde
2070 1205 2131 1259 et

464 1304 718 1345 numero
749 1293 920 1346 caute
973 1289 1357 1354 conceditur;
1389 1289 1526 1346 ideo
1557 1307 1668 1360 ego
1722 1292 1849 1347 Odo
1881 1291 2128 1348 humilis

465 1380 524 1433 et
550 1380 872 1444 extremus,
903 1376 1108 1432 divina
1133 1377 1420 1448 largiente
1453 1378 1786 1446 clementia,
1811 1379 1953 1436 almi
1980 1394 2128 1452 pras-

466 1465 613 1522 sulis
635 1469 693 1522 et
712 1465 875 1538 pallii
903 1467 1133 1522 honore
1154 1466 1400 1535 ditatus,
1422 1468 1706 1540 quaedam
1737 1468 2122 1525 documenta.

463 1553 631 1610 omni
683 1553 1066 1624 Christicolae,
1112 1555 1172 1609 ni
1229 1551 1420 1632 fallor,
1451 1571 1575 1610 non
1626 1556 1894 1626 indigna,
1927 1571 2062 1628 quas
2093 1573 2131 1613 a

1617 161 1674 215 S.
1718 162 1974 218 ODONIS
2015 160 2333 220 ARCHIEP.
2379 163 2722 224 CANTUAR.

3771 169 3884 226 94³8

2143 293 2192 344 Α
2229 304 2449 345 narum
2473 291 2626 347 inter
2673 293 2866 347 virum
2894 298 2950 348 et
2996 291 3340 364 proximum
3381 307 3556 345 suum
3583 291 3877 362 judicare,

2229 377 2498 445 advenis,
2531 382 2770 452 pupillis
2819 385 2873 436 et
2921 381 3113 435 viduis
3142 385 3441 452 protector
3472 395 3620 442 esse,
3657 381 3880 437 furtum

2227 468 2563 540 prohibere,
2597 470 2888 526 adulteria
2915 469 3145 543 punire,
3180 470 3418 542 iniquos
3445 485 3567 524 non
3597 469 3881 543 exaltare,

2227 569 2525 630 pauperes
2551 559 2948 631 elecinosynis
2979 560 3164 626 alere;
3192 558 3337 630 quia
3362 558 3473 614 etsi
3502 559 3668 614 omni
3696 561 3886 616 homi-

2229 647 2290 701 ni
2344 649 2748 704 necessarium
2806 655 2895 705 est
2949 648 3162 705 Christi
3220 647 3521 704 custodire
3573 649 3883 721 mandata,

2229 737 2532 809 praecipue
2559 743 2761 794 tamen
2788 739 3032 808 regibus
3055 745 3109 792 et
3135 737 3420 792 omnibus
3441 737 3502 792 in
3526 737 3886 796 sublimitate

2233 827 2440 898 positis
2466 845 2478 896 ;
2519 827 2622 902 qui
2652 833 2709 882 et
2739 822 2847 900 pro
2898 827 3108 900 seipsis
3139 828 3338 892 etiam,
3373 832 3430 882 et
3459 843 3567 900 pro
3595 828 3886 884 universis

2233 915 2346 970 sibi
2378 917 2682 990 subjectis,
2715 917 2774 972 in
2797 915 2892 974 die
2922 916 3170 972 districti
3198 915 3668 988 examinisjusto
3697 917 3887 974 Judici

2233 1004 2527 1060 rationem
2559 1009 2698 1060 sunt
2722 1005 3030 1061 reddituri.

2884 1097 3106 1151 CAPUT
3145 1098 3235 1152 lll.

2305 1199 2512 1264 Tertio,
2544 1201 2914 1257 admonendi
2945 1206 3082 1257 sunt
3112 1199 3396 1272 episcOpi,
3417 1204 3713 1272 quetenus
3747 1215 3883 1254 cum

2237 1287 2402 1341 omni
2433 1289 2742 1346 honestate
2791 1296 2846 1346 et
2890 1291 3188 1345 modestia
3219 1289 3278 1343 iu
3330 1295 3548 1344 sanctae
3589 1288 3889 1358 religionis

2237 1375 2453 1447 pietate
2483 1379 2808 1449 praedicent
2833 1384 2888 1434 ct
2919 1379 3238 1433 ostendant
3266 1377 3540 1448 exempla
3565 1377 3730 1432 bona
3761 1393 3888 1432 om-

2238 1463 2438 1519 nibus.
2474 1468 2540 1520 Iit
2573 1482 2713 1522 suas
2745 1468 3062 1538 parochias
3117 1467 3283 1522 omni
3314 1481 3475 1522 anno
3535 1481 3670 1520 cum
3729 1465 3891 1520 omni

2237 1551 2564 1621 vigilantia,
2605 1555 2991 1626 praedicando
3023 1554 3276 1609 verbum
3327 1553 3444 1614 Dei,
3478 1553 3886 1618 circumeant;

461 1643 939 1718 praecedentibus
967 1643 1286 1698 illustrium
1334 1643 1597 1699 virorum
1651 1646 1962 1718 praeceptis
2010 1661 2130 1701 cer-
2161 1645 2198 1698 Β
2237 1657 2312 1696 ne
2343 1642 2557 1714 aliquis
2587 1659 2694 1716 per
2720 1643 3015 1700 incuriam
3045 1643 3321 1715 pastoris,
3354 1658 3460 1715 per
3489 1642 3664 1698 devia
3696 1643 3892 1712 cujus-

462 1733 694 1789 tissima
745 1732 1034 1804 comperi,
1084 1732 1163 1788 ad
1205 1731 1674 1789 consolationem
1723 1734 1953 1790 domini
2013 1734 2129 1790 mei

464 1821 647 1891 regis,
679 1820 900 1876 scilicet
940 1820 1265 1889 Edmundi,
1313 1823 1632 1895 omnisque
1675 1823 1884 1896 populi
1933 1824 2126 1879 excel-

463 1909 608 1966 lenti
637 1909 891 1982 imperio
917 1910 1047 1980 ejus
1073 1909 1345 1980 subjecti,
1378 1910 1439 1966 in
1468 1911 1580 1967 ista
1612 1911 1883 1968 chartula
1904 1913 2129 1968 coadu-

463 2011 608 2055 nare
649 1997 907 2054 decrevi.
965 1997 1128 2054 Unde
1178 1997 1557 2056 devotissime
1605 2001 1879 2066 obsecro,
1917 2005 1972 2056 et
2011 2000 2128 2057 cle-

462 2087 832 2144 mentissime
861 2085 1068 2142 hortor
1097 2087 1467 2144 audientium
1499 2095 1752 2160 mentes,
1774 2095 1835 2146 ut
1865 2091 1911 2146 si
1938 2107 2128 2164 quan-

463 2175 544 2233 do
589 2177 718 2233 haac
768 2175 1076 2232 recitanda
1125 2177 1396 2246 audiant,
1445 2177 1691 2234 interius
1743 2179 2018 2235 videlicet
2064 2179 2127 2235 in

463 2263 643 2321 corde
668 2263 964 2338 frequenti
993 2263 1379 2322 meditatione
1409 2266 1707 2339 plantent;
1735 2272 1791 2323 et
1811 2267 2125 2340 multiplici

463 2353 641 2410 bonas
667 2352 1032 2428 operationis
1075 2369 1347 2426 munere,
1380 2371 1454 2411 ex
1479 2371 1550 2411 eo
1577 2355 1835 2412 fructum
1865 2357 2126 2430 pacatis-

466 2441 689 2499 simum
719 2442 782 2499 in
811 2446 1080 2516 tempore
1104 2444 1319 2500 messis
1350 2443 1464 2500 sibi
1489 2444 1790 2515 colligant.

1017 2529 1242 2584 CAPUT
1285 2529 1567 2584 PRIMUM.

535 2609 737 2666 Primo
790 2609 1054 2683 capitulo
1105 2611 1490 2688 praecipimus
1547 2617 1604 2668 et
1647 2613 2014 2669 mandamus
2063 2617 2128 2670 ut

466 2701 675 2755 sancta
705 2697 805 2754 Dei
832 2697 1112 2766 Ecclesia,
1135 2715 1273 2772 quae
1305 2700 1596 2769 sanguine
1619 2701 1828 2758 Christi
1860 2701 2126 2774 primum

465 2785 717 2844 fundata
735 2791 846 2857 est,
878 2791 937 2842 et
962 2786 1233 2844 ﬁdelium
1263 2788 1660 2857 multitudine,
1693 2805 1918 2864 sponsa
1957 2790 2124 2846 deal-

464 2875 630 2946 bata,
647 2875 828 2932 nullis
853 2875 1223 2948 ingredietur
1240 2877 1541 2934 malorum
1565 2879 2120 2952 interruptionibus.

2235 1730 2378 1785 libet
2418 1732 2769 1800 ignorantia:
2817 1749 3044 1798 errans,
3077 1732 3299 1806 lupinis
3345 1731 3546 1787 ualeat
3585 1731 3888 1786 morsibus

2236 1819 2611 1876 laccrandus.
2663 1825 2740 1876 Ne
2789 1821 2924 1893 quis
2968 1821 3157 1893 turpis
3195 1820 3340 1876 lucri
3383 1821 3594 1888 gratia,
3629 1820 3734 1875 sed
3787 1836 3890 1892 spe

2238 1910 2529 1966 mercedis
2547 1915 2798 1972 aeternae,
2823 1927 3062 1983 gregem
3095 1911 3206 1966 sibi
3226 1910 3612 1966 commissum
3643 1926 3889 1982 pascere

2237 1998 2473 2054 studeat
2503 2018 2514 2054 ε
2549 2001 2716 2071 quod
2749 2001 2908 2056 cnim
2965 2001 3145 2064 gratis
3176 1999 3542 2072 excepimus,
3577 2000 3761 2064 gratis
3791 2000 3892 2054 im-

2236 2088 2499 2160 pendere
2529 2097 2652 2144 non
2710 2087 3078 2144 differamus.
3119 2088 3356 2161 Absque
3387 2087 3508 2143 ullo
3561 2088 3774 2143 timore
3803 2087 3891 2142 vel

2240 2175 2588 2232 adulatione
2604 2193 2740 2233 cum
2763 2178 2926 2232 omni
2948 2176 3170 2233 ﬁducia
3195 2176 3445 2232 verbum
3465 2175 3728 2232 veritatis
3754 2189 3894 2248 prse-

2237 2263 2438 2320 dicare
2485 2265 2632 2335 regi,
2663 2265 3034 2338 principibus
3079 2265 3287 2339 populi
3336 2264 3450 2335 sui,
3481 2263 3768 2320 omnibus
3814 2263 3894 2318 di-

2240 2355 2587 2425 gnitatibus,
2619 2359 2676 2410 et
2725 2367 3042 2427 nunquam
3099 2354 3405 2410 veritatem
3462 2354 3892 2422 subterfugere.

2237 2444 2545 2500 Neminem
2589 2445 2807 2516 injuste
2855 2445 3170 2512 damnare,
3220 2444 3524 2500 neminem
3573 2443 3688 2498 nisi
3742 2444 3894 2513 juste

2235 2533 2704 2599 communicare,
2725 2532 3012 2588 omnibus
3040 2533 3196 2588 viam
3226 2533 3432 2589 salutis
3457 2532 3890 2588 demonstrare.

2885 2625 3110 2680 CAPUT
3149 2626 3234 2679 IV.

2307 2731 2527 2796 Quarto
2556 2729 2835 2803 capitulo,
2867 2729 3268 2786 admonemus
3298 2727 3677 2803 presbyteros
3699 2732 3763 2784 ut
3793 2743 3890 2801 po-

2233 2819 2444 2893 pulum
2476 2819 2575 2876 Dei
2609 2821 2780 2876 bonis
2811 2820 3112 2892 exemplis.
3143 2819 3354 2876 habitu
3378 2823 3586 2874 sancto
3613 2817 3886 2884 doceant,

2232 2903 2288 2964 et
2310 2907 2581 2965 doctrina
2626 2915 2830 2966 sancta
2881 2910 3156 2964 erudiant
3191 2914 3247 2964 et
3293 2909 3638 2964 informant.
3675 2909 3746 2963 Ut
3772 2905 3891 2962 illo-

463 2967 580 3021 Νθθ
609 2964 787 3022 auem
815 2964 990 3023 meat
1019 2981 1269 3022 censum
1313 2982 1537 3040 Ponere
1567 2983 1748 3042 super
1796 2968 2124 3026 E°°le5iam
2153 2998 2193 3052 C
2231 3013 2367 3054 rum
2416 2999 2792 3054 conversatio
2841 2997 2898 3053 in
2952 2998 3116 3054 omni
3173 2998 3438 3054 bonitate
3480 3001 3538 3052 et
3595 2995 3893 3052 modestia

459 3055 582 3126 Dei,
613 3055 760 3129 quia
801 3054 907 3111 ﬁlii
955 3055 1252 3128 Ecclesiae,
1283 3055 1346 3112 id
1385 3063 1476 3113 est
1514 3057 1618 3114 ﬁlii
1653 3059 1776 3124 Dei,
1820 3059 1900 3115 ab
1955 3059 2124 3115 omni

463 3157 650 3200 censu
679 3143 942 3202 terrestri
963 3144 1134 3201 liberi
1164 3150 1307 3202 sunt
1333 3145 1396 3202 in
1425 3147 1591 3202 omni
1615 3162 1823 3218 regno.
1866 3147 2120 3204 Ambro-

461 3231 586 3288 sius
629 3233 754 3289 sit:
790 3234 1053 3290 Ecclesia
1110 3234 1406 3292 catholica
1447 3235 1637 3293 libera
1691 3241 1779 3292 est
1829 3237 1907 3293 ab
1955 3236 2123 3294 omni

458 3335 644 3378 censu
671 3323 982 3396 principis.
1016 3327 1081 3379 In
1111 3323 1367 3380 Historia
1393 3323 1665 3381 Ecclesiae
1700 3344 1712 3381 :
1768 3325 1825 3382 Si
1853 3341 1989 3397 quas
2019 3325 2124 3381 do-

455 3425 596 3468 mus
617 3412 766 3482 agri,
782 3412 878 3467 vel
895 3411 1179 3485 quaslibet
1203 3413 1428 3485 praedia
1451 3429 1487 3470 a
1517 3413 1864 3470 Christianis
1887 3415 2122 3487 direpta

457 3501 616 3566 sunt,
649 3500 772 3555 sive
803 3499 919 3554 sub
951 3500 1166 3556 ﬁscum
1215 3501 1500 3571 regalem,
1523 3502 1647 3558 sive
1695 3503 1756 3559 in
1804 3504 1968 3560 dona
1996 3504 2118 3559 col-

457 3585 584 3642 lata
621 3591 782 3656 sunt,
813 3585 944 3642 haec
971 3587 1179 3644 omnia
1206 3587 1269 3642 in
1301 3589 1615 3662 antiquum
1639 3591 1741 3660 jus
1775 3590 2118 3646 Christianis

457 3675 846 3749 praecipimus
874 3676 1160 3733 revocari.
1194 3677 1510 3748 Gregorius
1556 3679 1716 3734 enim
1745 3679 1863 3734 ait:
1900 3679 1956 3735 Si
1984 3680 2119 3752 quis

461 3762 788 3820 Ecclesiam
846 3763 1056 3821 Christi
1112 3763 1526 3834 denudaverit,
1574 3767 1898 3823 anathema
1947 3768 2038 3836 sit,
2073 3767 2125 3824 si

458 3867 586 3911 non
617 3851 1018 3909 satisfactione
1043 3853 1472 3911 emendaverit.
1491 3857 1555 3910 Et
1578 3855 1824 3911 iterum:
1845 3855 2126 3929 Quisquis

463 3941 736 3998 Ecclesiae
769 3941 870 3998 Dei
897 3942 1218 4014 parochias
1249 3943 1344 3999 vel
1375 3959 1664 4017 usurpare
1690 3961 1798 4016 per
1847 3946 2127 4018 rapinam

459 4031 796 4100 tentaverit,
810 4031 888 4088 ab
910 4031 1184 4088 Ecclesiae
1202 4031 1488 4088 ministris
1505 4035 2126 4091 excommunicandus

463 4124 576 4190 est,
597 4125 656 4178 et
669 4120 1025 4178 omnimodo
1046 4139 1082 4178 a
1099 4138 1347 4195 corpore
1361 4123 1572 4180 Christi
1593 4124 1843 4180 alienus.
1859 4125 2129 4181 Audente

465 4210 630 4268 enim
657 4214 826 4268 extra
853 4210 1073 4268 milites
1096 4212 1202 4285 qui
1233 4212 1536 4270 Christum
1565 4213 2008 4282 cruciﬁxerunt,
2029 4214 2132 4271 ali-

465 4297 636 4373 quid,
667 4299 774 4372 qui
795 4299 1068 4356 Ecclesiae
1095 4301 1225 4372 ejus
1251 4300 1581 4374 disciplinas
1608 4302 1827 4373 regulis
1885 4303 2128 4360 obedire

2231 3087 2500 3143 moribus
2529 3087 2735 3160 populi
2763 3086 3142 3142 excellentior
3170 3087 3241 3142 sit
3269 3090 3568 3160 quatenus
3599 3085 3702 3158 qui
3757 3099 3891 3138 eum

2233 3175 2446 3231 viderit
2496 3177 2832 3231 secundum
2881 3175 3332 3248 presbyteratus
3393 3176 3483 3230 sui
3540 3173 3886 3243 dignitatem

2238 3265 2517 3321 vestitum
2547 3263 2942 3332 incedentem,
2966 3265 3119 3320 bene
3140 3272 3196 3321 et
3219 3261 3601 3320 laudabiliter
3629 3261 3895 3318 enuntiat

2243 3350 2483 3408 habitus
2514 3356 2662 3424 ejus.

2911 3444 3135 3500 CAPUT
3172 3443 3232 3496 ν.

2317 3549 2530 3612 Quinto
2588 3529 2848 3621 capitulo
2892 3547 3256 3605 admonendi
3292 3551 3430 3603 sunt
3460 3546 3678 3616 clerici,
3711 3550 3774 3601 ut
3799 3560 3892 3600 ca-

2240 3637 2453 3694 nonice
2501 3654 2642 3693 cum
2677 3638 2842 3694 omni
2874 3639 3183 3694 honestate
3233 3641 3290 3692 et
3332 3637 3670 3692 reverentia
3725 3635 3895 3705 juxta

2235 3731 2581 3782 sanctorum
2607 3729 2846 3782 Patrum
2869 3727 3105 3782 decreta
3124 3727 3347 3791 vivant,
3371 3725 3706 3798 praabentes
3741 3723 3898 3778 bona

2235 3815 2518 3873 omnibus
2549 3815 2847 3888 exempla.
2877 3820 3174 3888 quatenus
3206 3813 3262 3868 in
3299 3830 3509 3869 eorum
3567 3813 3733 3868 bona
3765 3827 3898 3866 con-

2233 3904 2572 3959 versatione
2601 3903 2879 3959 laudetur
2899 3904 3246 3976 episcopus,
3271 3903 3598 3958 lionoretur
3623 3899 3899 3964 Ecclesia,

2233 3991 2496 4066 populus
2531 3993 2806 4065 proﬁciat
2830 3992 2892 4048 in
2917 3992 3160 4048 laudem
3195 3991 3312 4055 Βιιὶ,
3348 3998 3403 4046 et
3452 3990 3534 4045 illi
3561 3987 3898 4045 secundum

2235 4079 2494 4137 nominis
2526 4083 2616 4136 sui
2664 4080 3042 4152 dignitatem,
3070 4080 3236 4150 digni
3271 4080 3326 4135 in
3365 4079 3461 4135 Dei
3492 4078 3900 4135 haarcditatem

2238 4171 2436 4226 venire
2465 4168 2816 4226 etﬂciantur.

2896 4259 3120 4314 CAPUT
3157 4258 3244 4312 Vl.

3713 4327 3744 4344 ρ

467 4351 1222 4457 assesasses;
1243 4351 2130 4464 εξιῑξῑλᾱσῑῑξῑέευῑᾱεξῑίῖ
2160 4351 2203 4403 υ
2314 4367 2490 4464 sexto
2535 4363 2797 4464 capitulo
2849 4364 3162 4464 ιιοιτιειξιιιιι·
3205 4363 3561 4464 moneas,
3592 4366 3904 4464 easeas

469 4477 656 4548 gandi
681 4481 863 4550 atque
893 4477 1186 4536 solvendi.

938 4578 944 4588 ‘
1131 4564 1354 4619 CAPUT
1392 4564 1461 4616 II.

544 4646 822 4706 Secundo
851 4645 1114 4720 capitulo
1142 4646 1546 4704 admonemus
1577 4662 1801 4717 regem,
1834 4654 1892 4705 et
1917 4649 2128 4722 princi-

471 4753 600 4812 pes,
624 4741 682 4794 et
701 4752 915 4794 omnes
945 4737 1051 4811 qui
1071 4737 1133 4794 in
1162 4741 1458 4810 potestate
1478 4743 1637 4807 sunt,
1655 4741 1719 4794 ut
1747 4751 1884 4794 cum
1907 4753 2132 4810 magna

473 4826 804 4884 humilitate
861 4827 984 4882 suis
1031 4826 1499 4900 archiepiscopis
1555 4824 1962 4900 omnibusque
2001 4829 2131 4884 aliis

477 4915 776 4988 episcopis
802 4913 1110 4982 obediant,
1137 4915 1282 4988 quia
1307 4915 1420 4971 illis
1437 4916 1634 4973 claves
1655 4916 1817 4985 regni
1847 4918 2135 4974 ccelorum

477 5003 634 5061 datas
691 5005 849 5070 sunt,
882 5007 940 5059 et
991 5003 1218 5060 habent
1265 5009 1627 5076 potestatem
1675 5003 1902 5075 ligandi
1957 5011 2138 5079 atque

479 5090 750 5150 solvendi
782 5108 796 5147 :
830 5105 941 5147 nec
971 5105 1036 5147 se
1066 5091 1273 5160 magni
1321 5092 1590 5164 pendant
1611 5092 1674 5148 in
1707 5094 1976 5150 saeculari
2026 5112 2136 5168 po-

479 5183 683 5253 tentia,
715 5181 861 5257 quia
887 5183 1046 5240 Deus
1073 5183 1342 5252 superbis
1395 5185 1640 5252 resistit,
1673 5182 1996 5241 humilibus
2030 5186 2138 5242 dat

477 5275 788 5346 gratiam:
835 5271 1138 5345 habetque
1194 5287 1300 5328 rex
1356 5275 1685 5344 prudentes
1742 5273 2137 5344 consiliarios,

484 5365 674 5419 Deum
703 5362 979 5418 timentes
1028 5377 1210 5435 super
1249 5361 1420 5432 regni
1467 5361 1705 5433 negotia
1737 5379 1750 5417 :
1784 5367 1848 5418 ut
1875 5365 2140 5436 populus

484 5450 662 5506 bonis
686 5451 974 5525 exemplis
1005 5451 1165 5522 regis
1196 5453 1253 5508 et
1299 5447 1642 5523 principum
1673 5449 1960 5520 eruditus,
2001 5467 2142 5523 pro-

486 5538 648 5596 ﬁciat
669 5537 732 5594 in
759 5538 1004 5596 laudem
1035 5544 1093 5597 et
1123 5539 1378 5611 gloriam
1411 5539 1532 5596 Dei.
1589 5539 1898 5595 Neminem
1927 5540 2144 5611 injuste

488 5642 596 5701 per
619 5627 951 5700 potentiam
982 5629 1322 5703 opprimere
1353 5645 1368 5685 :
1403 5627 1530 5686 sine
1558 5628 1902 5703 acceptione
1939 5641 2145 5702 perso-

2237 4454 2345 4526 qui
2373 4459 2585 4510 votum
2612 4455 2732 4510 Deo
2757 4457 3070 4519 voverunt,
3094 4458 3157 4506 ut
3202 4451 3258 4506 in
3288 4452 3453 4506 omni
3483 4450 3822 4506 humilitate
3850 4453 3907 4506 et

2239 4542 2581 4598 obcdientia
2606 4542 2701 4597 die
2735 4546 3037 4614 noctuque
3069 4541 3182 4596 hoc
3214 4539 3542 4612 adimplere
3600 4539 3902 4606 studeant,

2245 4634 2668 4704 parmanentes
2699 4629 2759 4685 in
2782 4629 2991 4684 timore
3023 4627 3124 4684 Dei
3151 4627 3206 4682 in
3240 4627 3501 4682 ecclesiis
3549 4627 3652 4682 ubi
3679 4643 3742 4682 se
3767 4630 3905 4681 voto

2248 4719 2743 4776 constrinxerunt.
2777 4721 2902 4773 Non
2933 4719 3051 4774 sint
3079 4715 3448 4794 vagaliundi,
3470 4731 3667 4788 neque
3710 4730 3890 4786 gyro-

2252 4809 2411 4878 vagi,
2459 4806 2564 4880 qui
2618 4821 2840 4862 nomen
2889 4805 3172 4862 monachi
3219 4804 3580 4873 desiderant,
3637 4803 3904 4858 ofﬁcium

2253 4903 2452 4954 autem
2483 4897 2612 4967 ejus
2659 4899 3051 4950 contemnunt
3083 4911 3095 4948 :
3127 4894 3230 4948 sed
3267 4893 3598 4948 secundum
3628 4891 3906 4964 exempla

2250 4984 2681 5058 apostolorum,
2713 4983 2962 5040 lectione
3022 4999 3215 5046 sacra,
3247 4987 3300 5038 et
3345 4982 3645 5037 continuis
3693 4981 3906 5036 oratio-

2244 5075 2424 5132 nibus
2483 5089 2546 5129 se
2599 5078 2962 5142 exercentes,
3007 5071 3220 5145 parati,
3267 5070 3602 5142 praecinctis
3659 5069 3902 5134 lumbis,

2247 5163 2716 5236 ardentibusque
2774 5161 3053 5229 lucernis,
3112 5158 3604 5216 Patremfamilias
3662 5173 3904 5225 exspec-

2247 5257 2390 5320 tent,
2423 5256 2488 5308 ut
2514 5251 2761 5308 veniens
2791 5266 2894 5306 eos
2937 5249 3114 5306 faciat
3154 5249 3216 5305 in
3275 5252 3499 5305 aeterna
3524 5247 3730 5319 requie
3781 5249 3903 5302 sine

2248 5342 2367 5396 ﬁne
2393 5355 2764 5414 permanere.

2883 5429 3107 5482 CAPUT
3163 5425 3268 5480 Vll.

2324 5536 2586 5609 Septimo
2603 5533 2862 5607 capitulo
2878 5532 3269 5606 prohibemus
3284 5536 3341 5588 et
3353 5530 3766 5588 interdicimus
3782 5545 3904 5586 om-

2255 5626 2438 5684 nibus
2471 5623 2816 5682 Christianis
2846 5623 3068 5696 injusta
3093 5621 3418 5690 connubia,
3445 5627 3501 5678 et
3537 5621 3901 5688 incestuosa,
