4116 6156
278 195 384 250 949
1591 191 1934 278 apISTOLA

2023 191 2388 248 YNODALIS.
3592 204 3700 258 950

276 331 416 372 cum
445 316 832 387 monialibus,
864 317 959 372 vel
988 317 1283 387 cognatis,
1315 316 1411 372 vel
1441 331 1580 374 cum
1602 315 1730 372 aliis
1769 313 1933 370 illici-
1962 317 2016 370 Α.
2048 317 2288 371 sanctos
2313 315 2393 372 ad
2422 317 2662 374 caelum.
2691 321 2995 385 Quatenus
3012 320 3534 394 quadragesimale
3549 323 3704 397 jeju-

274 405 348 460 tis
381 405 673 478 personis.
705 409 933 463 Sanctae
961 407 1122 476 enim
1166 405 1592 463 recordationis
1619 403 1935 473 Gregorius
2044 403 2234 470 nium,
2277 405 2543 471 Quatuor
2570 409 2884 480 Tempora,
2914 413 2972 465 et
3001 408 3116 489 alia
3152 409 3420 479 legitima
3442 411 3521 484 jej
3533 413 3696 485 unia,

273 511 456 568 papa,
507 512 647 552 cum
690 496 964 568 pluribus
1012 495 1328 569 episcopis,
1379 511 1486 552 seu
1525 493 1936 552 sacerdotibus
2043 491 2314 548 videlicet
2342 510 2396 548 IV
2423 495 2655 565 feriam,
2685 505 2742 552 et
2773 513 2830 551 v1
2853 495 3086 565 feriam,
3115 513 3254 556 cum
3294 514 3521 570 magna
3545 501 3696 572 vigi-

273 585 520 654 caeteris,
545 585 604 640 in
625 584 876 642 basilica
900 585 1060 642 beati
1095 585 1242 641 Petri
1281 585 1536 657 apostoli
1579 582 1884 640 constituit
1916 599 1929 636 :

275 672 331 727 Si
360 673 493 744 quis
523 674 907 744 monacham,
937 690 1126 746 quam
1160 673 1261 728 Dei
1293 673 1572 729 ancillam
1603 671 1926 746 appellant,

273 761 337 816 in
383 762 664 832 conjugio
699 762 955 831 duxerit,
1005 764 1328 822 anathema
1375 764 1470 819 sit.
1517 767 1580 820 Et
1607 761 1932 836 responde-

267 854 406 906 runt
425 866 635 906 omnes
663 869 675 906 :
716 857 924 908 Amen.
951 855 1065 908 Nos
1082 852 1307 925 quippe
1337 852 1617 909 eamdem
1643 850 1926 924 apostoli-

265 954 399 993 cam
433 939 846 996 auctoritatem
870 946 1210 1014 sequentes,
1241 941 1416 996 simili
1447 941 1629 996 modo
1655 939 1923 1010 jaculum

266 1027 700 1084 maledictionis
729 1028 948 1084 talibus
982 1029 1392 1102 imponamus,
1417 1029 1532 1085 nisi
1562 1034 1870 1100 correptus
1889 1043 1926 1083 a

263 1121 388 1172 tam
445 1117 709 1174 nefanda
766 1119 1236 1192 praesumptione
1302 1119 1381 1175 ad
1445 1117 1921 1174 satisfactionem

263 1206 617 1278 pervenerit.

892 1297 1120 1353 CAPUT
1151 1297 1297 1351 VIII.

336 1385 558 1440 Octavo
589 1385 850 1458 capitqu
875 1385 1266 1442 observamus
1299 1405 1312 1442 :
1349 1390 1414 1442 ut
1457 1387 1704 1458 quando
1733 1385 1792 1442 in
1823 1386 1924 1441 ali-

260 1489 385 1543 quo
417 1479 713 1529 conventu
742 1475 1104 1541 venerimus,
1139 1478 1261 1530 tota
1288 1475 1614 1530 intentione
1646 1475 1919 1530 conside-

260 1576 460 1614 remus
492 1563 656 1632 quod
691 1562 999 1617 Psalmista
1031 1578 1141 1618 nos
1171 1562 1476 1627 admonet,
1529 1563 1732 1617 dicens
1760 1581 1772 1616 :
1806 1565 1918 1617 Do-

2038 580 2224 638 lantia
2251 583 2574 640 observare
2596 584 2884 642 studeatis
2916 602 2929 641 :
2961 590 3018 642 et
3048 602 3230 660 super
3257 588 3467 648 omnia
3495 591 3696 648 Domi-

2037 669 2242 726 nicum
2261 671 2444 736 diem,
2495 677 2552 729 et
2602 679 2948 730 sanctorum
2973 673 3335 744 festivitates,
3369 675 3542 734 sicuti
3593 694 3693 734 ca-

2037 773 2160 814 non
2189 765 2247 816 et
2273 762 2549 835 exempla
2568 763 3036 836 praecedentium
3063 761 3387 833 afﬁrmant,
3417 765 3496 823 ab
3527 766 3694 824 omni

2037 847 2304 906 saeculari
2317 866 2498 922 opere
2519 853 2860 910 cautissime
2882 851 3189 910 custodire
3212 855 3562 926 procuretis,
3581 870 3694 912 nec

2036 939 2553 1009 superstitionibus
2583 942 2753 996 vanis
2812 956 3175 996 consensum
3202 941 3521 1014 prmbeatis
3552 959 3564 998 :
3594 959 3694 998 ne-

2033 1044 2151 1100 que
2183 1034 2516 1087 creaturam
2565 1048 2676 1105 pro
2707 1033 2974 1087 creatore
3019 1031 3272 1100 magicis
3313 1030 3691 1087 illusionibus

2034 1116 2380 1184 adorabitis,
2425 1119 2568 1192 quia
2599 1119 2700 1193 qui
2747 1118 2890 1176 talia
2928 1124 3118 1190 agunt
3153 1135 3410 1189 regnum
3435 1118 3537 1175 Dei
3562 1135 3688 1176 non

2033 1207 2446 1278 possidebunt.

2703 1299 2928 1354 CAPUT
2957 1299 3016 1353 X.

2105 1385 2342 1442 Decimo
2373 1385 2632 1458 capitulo
2655 1385 3042 1456 mandamus,
3064 1387 3121 1440 et
3141 1383 3393 1442 fideliter
3412 1385 3687 1442 obsecra-

2031 1489 2186 1540 mus,
2239 1475 2313 1529 de
2369 1475 2616 1530 decimis
2672 1475 2908 1542 dandis,
2948 1475 3099 1530 sicut
3131 1474 3192 1530 in
3226 1473 3358 1545 lege
3399 1475 3685 1548 scriptum

2029 1569 2117 1618 est
2149 1581 2160 1617 :
2193 1565 2496 1620 Decimum
2543 1571 2777 1633 partem
2825 1581 2900 1620 ea:
2937 1565 3207 1620 omnibus
3232 1565 3515 1636 frugibus
3545 1567 3684 1636 tuis,

258 1650 456 1704 minus
499 1651 789 1718 prospicit
819 1666 998 1720 super
1027 1652 1184 1718 ﬁlios
1230 1651 1530 1706 hominum
1583 1653 1770 1721 (Psal.
1801 1652 1917 1721 ιιι),
1950 1669 1990 1722 Β
2027 1666 2128 1710 seu
2179 1654 2466 1722 primitiis
2519 1653 2758 1722 deferas
2803 1655 2866 1709 in
2904 1654 3143 1710 domum
3178 1655 3422 1710 Domini
3456 1655 3569 1712 Dei
3595 1657 3688 1711 tui

259 1742 316 1792 et
342 1737 608 1810 reliqua;
655 1743 711 1793 et
757 1739 968 1794 iterum
1004 1757 1016 1793 :
1054 1741 1340 1794 Dominus
1385 1741 1638 1809 dissipat
1667 1741 1918 1796 consilia

258 1830 549 1897 gentium,
606 1833 664 1884 et
709 1827 941 1900 reliqua
997 1845 1191 1900 usque
1246 1831 1306 1884 in
1360 1829 1762 1906 haereditate":
1809 1831 1923 1885 sibi

264 1919 452 1986 (Psal.
487 1921 664 1984 xxvi),
701 1917 836 1972 Ideo
867 1917 1324 1990 praevidendum
1351 1923 1457 1988 est,
1486 1918 1715 1981 fratres,
1755 1924 1815 1974 ut
1845 1919 1920 1974 sit

259 2007 582 2062 concordia
620 2012 678 2062 et
703 2007 1067 2062 unanimitas
1097 2007 1248 2062 inter
1276 2007 1597 2080 episcopos
1620 2013 1682 2063 et
1704 2007 1917 2080 princi-

256 2113 388 2169 pes,
431 2113 797 2169 omnemque
826 2097 1120 2171 populum
1151 2097 1574 2167 Christianum,
1607 2103 1672 2152 ut
1693 2099 1916 2153 situni-

258 2191 348 2240 tas
399 2185 622 2258 ubique
663 2185 1051 2242 ecclesiarum
1084 2186 1203 2255 Dei,
1238 2191 1292 2241 et
1321 2202 1478 2258 pax:
1507 2187 1632 2242 imo
1678 2203 1800 2242 una
1844 2187 1920 2242 sit

259 2274 536 2339 Ecclesia,
566 2274 705 2344 fide,
727 2291 830 2347 spe
849 2281 905 2330 et
934 2275 1239 2343 charitate,
1261 2291 1449 2330 unum
1465 2275 1698 2330 habens
1715 2280 1916 2347 caput,

253 2364 418 2436 quod
449 2369 537 2419 est
567 2364 851 2434 Christus,
885 2365 1057 2436 cujus
1078 2364 1352 2420 membra
1370 2381 1430 2419 se
1455 2365 1712 2420 invicem
1739 2365 1913 2437 adju-

253 2469 394 2508 vare
432 2457 760 2526 mutuaque
804 2454 1092 2510 charitate
1125 2455 1368 2518 diligere
1403 2454 1642 2516 debent,
1694 2458 1758 2509 ut
1785 2455 1914 2526 ipse

253 2541 359 2598 ait:
389 2541 462 2597 In
490 2541 600 2598 hoc
623 2549 982 2614 cognoscant
1011 2543 1908 2616 omnes,etreliqua(./oan.x1v).

915 2632 1142 2688 CAPUT
1174 2633 1256 2687 IX.

327 2719 492 2772 Nono
519 2717 780 2788 capitulo
800 2718 872 2772 ad
884 2733 1202 2774 monemus
1220 2719 1518 2789 jejunium
1546 2719 1907 2790 [addendum

253 2810 312 2862 et
331 2805 688 2876 orationem]
708 2823 848 2862 cum
878 2807 1281 2879 eleemosynis
1311 2813 1484 2864 caute
1510 2813 1568 2864 et
1599 2808 1910 2878 vigilanter

2028 1740 2222 1809 (Deut.
2284 1742 2399 1812 xu).
2479 1744 2732 1796 Rursum
2789 1757 2898 1814 per
2948 1742 3306 1814 prophetam
3367 1759 3379 1796 :
3433 1743 3682 1812 A/I‘erte,

2027 1830 2238 1901 inquit,
2291 1845 2518 1886 omnem
2549 1831 2838 1886 decimam
2872 1831 2933 1886 in
2966 1829 3245 1886 horreum
3275 1845 3491 1902 meum,
3513 1837 3580 1886 ut
3608 1833 3684 1886 sit

2028 1919 2191 1974 ribus
2218 1921 2277 1974 in
2327 1921 2497 1974 domo
2537 1935 2686 1986 mea,
2725 1925 2778 1975 et
2815 1920 3067 1989 probate
3093 1935 3187 1976 me
3227 1933 3408 1989 super
3447 1919 3576 1976 hoc.
3616 1915 3706 1977 Si'

2027 2023 2146 2063 non
2199 2021 2492 2077 aperuere
2529 2007 2688 2064 vobis
2732 2013 3075 2064 cataractas
3121 2007 3276 2076 caeli,
3321 2013 3377 2062 et
3417 2009 3683 2078 eﬂ‘udero

2029 2097 2489 2152 benedictionem
2543 2112 2728 2168 usque
2762 2096 2842 2151 ad
2879 2097 3318 2179 abundantiam
3345 2111 3368 2153 .·
3395 2102 3450 2152 et
3492 2098 3681 2154 incre-

2022 2187 2180 2255 pabo
2202 2201 2317 2254 pro
2347 2187 2510 2241 vobis
2533 2187 2638 2256 qui
2665 2185 2916 2241 comedit
2945 2190 3001 2241 et
3039 2187 3372 2254 corrumpit
3395 2186 3678 2254 Ffructum

2025 2280 2202 2330 terra;
2260 2280 2488 2341 vestrae,
2551 2279 2606 2329 et
2672 2289 2792 2328 non
2839 2273 2955 2328 erit
3001 2273 3167 2328 ultra
3210 2273 3274 2327 in
3331 2287 3399 2329 ea
3459 2274 3679 2328 sterilis

2023 2362 2312 2428 (Malach.
2351 2362 2452 2433 Ill).
2503 2362 2667 2418 Unde
2707 2365 2933 2417 etcum
2971 2359 3364 2416 obtestatione
3411 2360 3680 2434 praecipi-

2023 2468 2180 2520 mus,
2215 2455 2278 2506 ut
2307 2467 2520 2506 omnes
2567 2450 2846 2506 studeant
2881 2449 2956 2505 de
2987 2448 3278 2505 omnibus
3308 2463 3445 2521 quae
3489 2449 3680 2522 possi-

2021 2542 2164 2596 dent
2191 2540 2333 2596 dare
2362 2539 2648 2604 decimas,
2681 2540 2828 2612 quia
2859 2537 3114 2612 speciale
3147 2537 3381 2594 Domini
3413 2536 3514 2592 Dei
3539 2541 3627 2594 est
3657 2557 3668 2594 :

2020 2635 2078 2687 et
2119 2629 2194 2686 de
2224 2645 2439 2686 novem
2472 2627 2743 2702 partibus
2777 2627 2893 2684 sibi
2920 2627 3140 2697 vivant,
3172 2629 3228 2684 et
3257 2625 3674 2700 eleemosynas

2019 2720 2301 2776 tribuant.
2357 2717 2676 2774 Veritatem
2720 2721 2922 2774 autem
2948 2716 3253 2784 facientes,
3281 2715 3344 2772 in
3388 2716 3674 2774 charitate

2021 2822 2380 2864 maneamus
2413 2806 2474 2861 in
2502 2805 2602 2862 illo
2645 2805 2748 2877 qui
2772 2811 2862 2861 est
2890 2808 3044 2862 Deus
3090 2804 3443 2862 benedictus
3475 2804 3538 2860 in
3567 2820 3673 2862 ste-

252 2910 636 2951 conservare:
661 2897 789 2952 ista;
827 2896 984 2952 enim
1026 2901 1164 2952 sunt
1191 2901 1310 2952 tres
1351 2896 1460 2952 alas
1491 2913 1626 2971 quas
1682 2897 1912 2954 ducunt
1939 2900 1979 2956 C
2021 2895 2156 2952 cula
2186 2894 2565 2950 saaculorum.
2601 2899 2810 2950 Amen.

257 3079 2479 3096 MW’
2490 3077 2694 3091 ﬁ

901 3223 1892 3403 SAWGTI
2008 3221 3028 3402 @130le

1517 3507 1934 3576 AR'CHIEPISCOPI
1979 3506 2409 3546 CANTUARIENSIS

1159 3629 1861 3755 EPISTOLA
1961 3632 2775 3753 S‘L'NUIMLIS

1318 3862 1406 3916 AD
1446 3862 1828 3920 EPISCOPOS
1860 3862 1988 3918 SIBI
2017 3861 2590 3919 SUFFRAGANEOS.

1496 4001 1697 4075 (Apud
1738 4004 1921 4060 Mansi
1950 4001 2100 4070 ibid,
2131 4001 2240 4058 col.
2269 4003 2416 4072 398).

319 4314 561 4370 Mirabili
613 4314 1070 4387 cunctipotentis
1119 4315 1396 4388 polorum
1451 4317 1723 4390 praesulis
1789 4317 1901 4373 cle-

247 4403 470 4460 mentia
500 4403 850 4476 opitulante,
873 4420 984 4474 ego
1015 4405 1143 4461 Odo
1160 4405 1426 4461 Ecclesiae
1457 4406 1774 4464 Salvatoris
1792 4409 1900 4462 Do-

245 4492 391 4548 mini
421 4494 606 4548 nostri
635 4495 776 4548 Jesu
821 4493 1029 4549 Christi
1071 4493 1578 4566 archiepiscopus,
1597 4494 1900 4550 'Dorober-

246 4582 448 4637 nensis
495 4582 746 4638 civitatis
793 4582 1310 4655 metropolitanus,
1361 4583 1732 4656 coepiscopis
1760 4583 1902 4638 ﬁdei

247 4671 557 4726 catholica:
617 4671 1236 4744 compaginatoribus,
1289 4671 1536 4744 spiritali
1593 4671 1898 4743 charitate,

245 4760 420 4816 etiam
447 4761 763 4816 comitatus
788 4762 1003 4831 rigore,
1036 4761 1182 4817 meis
1203 4761 1621 4828 confratribus,
1645 4776 1903 4834 prtesen-

249 4849 396 4905 tium
454 4849 910 4923 prosperitatem
962 4849 1318 4924 zethereique
1363 4849 1595 4906 decoris
1652 4849 1901 4906 beatitu-

244 4939 467 4995 dinem.

319 5026 374 5083 Si
414 5025 617 5098 aquuo
651 5025 831 5081 modo
853 5025 977 5079 ﬁeri
1001 5031 1203 5098 posset
1233 5031 1294 5081 ut
1319 5027 1494 5083 totius
1518 5028 1729 5084 mundi
1750 5044 1898 5100 opes

245 5120 382 5172 ante
422 5119 658 5171 nostros
708 5118 1073 5187 ponerentur
1099 5114 1368 5185 obtutus,
1396 5117 1476 5172 ita
1513 5121 1574 5171 ut
1606 5115 1900 5190 imperiali

247 5220 496 5260 munere
540 5203 716 5260 nobis
768 5202 1174 5259 universaliter
1216 5203 1600 5274 deservirent,
1649 5205 1901 5262 libenter

244 5293 344 5348 illa
374 5292 578 5348 omnia
607 5291 1046 5355 distribuercm,
1066 5307 1283 5363 meque
1301 5291 1499 5364 ipsum
1524 5293 1770 5365 insuper
1789 5309 1899 5366 pro

244 5389 576 5438 vestrarum
611 5383 950 5438 animarum
985 5381 1173 5436 salute
1205 5382 1638 5454 impenderein.
1669 5384 1900 5457 Quippe

244 5472 534 5544 quoniam
565 5472 866 5544 meipsum
899 5488 934 5525 a
987 5475 1196 5525 vestrae
1230 5473 1556 5527 sanctitatis
1581 5472 1776 5528 studio
1801 5491 1900 5529 cu-

246 5561 347 5634 pio
369 5565 426 5617 et
456 5575 631 5633 spero
661 5559 1036 5616 corroborari
1065 5576 1245 5633 super
1270 5577 1340 5617 eo
1366 5561 1426 5616 in
1449 5577 1572 5635 quo
1615 5562 1900 5618 Dominus

2013 4317 2168 4372 Deus
2192 4329 2303 4371 nos
2329 4312 2635 4386 operarios
2663 4311 2984 4369 constituit.
3003 4311 3154 4384 (274)
3181 4311 3272 4383 [Et
3299 4309 3510 4379 multa,
3531 4311 3664 4384 qui-

2012 4404 2126 4459 bus
2160 4419 2314 4460 onus
2346 4401 2730 4475 pontificatus
2770 4401 3033 4474 exponit,
3066 4399 3332 4457 subdidit
3359 4417 3372 4456 :
3405 4400 3666 4472 ]idcirco

2010 4493 2332 4559 humiliter,
2381 4492 2557 4565 quasi
2585 4491 2892 4561 indignus,
2938 4490 3044 4546 sed
3072 4490 3341 4562 devotus,
3370 4506 3583 4563 precor
3611 4493 3669 4548 et

2009 4583 2214 4639 hortor
2243 4581 2616 4638 sanctitatem
2642 4585 2924 4645 vestram,
2956 4595 3032 4635 ne
3061 4579 3253 4652 tepide
3284 4584 3341 4636 et
3364 4579 3668 4650 negligen-

2009 4675 2096 4728 ter
2141 4671 2203 4727 in
2248 4670 2536 4740 regimine
2583 4670 2922 4726 animarum
2952 4667 3398 4739 convertamini,
3437 4673 3504 4726 ut
3542 4685 3668 4725 non

2009 4759 2070 4815 in
2127 4765 2393 4832 tempore
2451 4758 2775 4816 tremendae
2825 4757 3101 4814 vindictae
3145 4761 3544 4830 conqueratur
3591 4757 3668 4814 de

2009 4848 2181 4904 vobis
2236 4849 2544 4918 Dominus,
2599 4847 2804 4904 dicens
2836 4866 2848 4904 :
2876 4848 3156 4904 Pastores
3199 4863 3319 4904 non
3341 4848 3668 4918 pascebant

2009 4953 2246 5008 gregem
2291 4929 2511 5005 'meum,
2560 4937 2664 4993 sed
2707 4937 3042 5008 semetipsos
3095 4937 3325 5010 (Ezech.
3359 4939 3582 5010 xxxxv),
3612 4942 3672 4996 et

2009 5027 2272 5083 iterum:
2323 5027 2636 5096 Principes
2673 5027 3053 5096 exstiterunt,
3111 5033 3167 5085 et
3223 5043 3329 5100 ego
3377 5027 3662 5100 ignoravi

2009 5117 2161 5188 (Ose.
2193 5132 2307 5184 Vlll,
2340 5116 2412 5187 4).
2449 5115 2560 5172 Sed
2593 5115 2792 5187 potius
2819 5131 3099 5174 curemus
3129 5116 3370 5174 familiae
3404 5115 3663 5178 Domini,

2010 5221 2190 5278 super
2245 5220 2368 5276 qua
2415 5219 2525 5258 nos
2575 5203 2877 5260 constituit
2922 5208 3204 5272 rectores,
3255 5203 3458 5259 cibum
3519 5201 3665 5258 dare

2008 5295 2069 5351 in
2093 5299 2358 5367 tempore
2390 5309 2521 5362 suo,
2555 5309 2904 5350 mensuram
2943 5293 3134 5364 tritici,
3179 5290 3498 5364 probatam
3557 5289 3665 5348 sci-

2009 5385 2144 5440 licet
2171 5381 2527 5438 doctrinam.
2563 5385 2628 5438 Et
2667 5381 2946 5455 quamvis
2986 5379 3337 5437 meritorum
3377 5377 3663 5452 qualitate
3712 5425 3720 5434 .

2011 5490 2132 5529 non
2181 5489 2547 5546 praesumam
2579 5470 2875 5527 consolari
2916 5474 2973 5525 et
3017 5468 3240 5524 hortari
3287 5483 3662 5543 quemquam

2009 5564 2232 5638 quippe
2249 5562 2353 5636 qui
2367 5561 2746 5630 solusindign
2755 5576 2840 5627 us,
2866 5557 3466 5618 etinnumerabilium
3482 5559 3664 5632 culpa

395 5667 543 5742 (274)
577 5667 721 5734 Quae
753 5665 926 5724 uncis
957 5670 1096 5724 sunt
1119 5665 1374 5740 inclusa,
1406 5671 1552 5749 puto
1585 5683 1718 5724 esse
1741 5667 2010 5726 Willelmi
2038 5665 2602 5740 Malmesburiensis,
2631 5664 2736 5740 qui
2763 5664 2923 5722 hanc
2942 5663 3262 5740 epistolam
3288 5665 3484 5726 refert.
