  <div class='ocr_page' id='page_1' title='image "/cluster/home/n/w/nwhite01/storage/ocr_20150623/133/hvd.32044054759949/481.png"; bbox 0 0 4166 6162; ppageno 0'>
   <div class='ocr_carea' id='block_1_1' title="bbox 459 207 557 258">
    <p class='ocr_par' dir='ltr' id='par_1_1' title="bbox 459 207 557 258">
     <span class='ocr_line' id='line_1_1' title="bbox 459 207 557 258; baseline -0.01 0"><span class='ocrx_word' id='word_1_1' title='bbox 459 207 557 258; x_wconf 77' lang='grc'>951</span> 
     </span>
    </p>
   </div>
   <div class='ocr_carea' id='block_1_2' title="bbox 1053 183 3284 250">
    <p class='ocr_par' dir='ltr' id='par_1_2' title="bbox 1053 183 3284 250">
     <span class='ocr_line' id='line_1_2' title="bbox 1053 183 3284 250; baseline -0.006 0"><span class='ocrx_word' id='word_1_2' title='bbox 1053 193 1424 250; x_wconf 81' lang='lat' dir='ltr'>BORICONIS</span> <span class='ocrx_word' id='word_1_3' title='bbox 1455 193 1760 249; x_wconf 75' lang='lat' dir='ltr'>LAUDUN.</span> <span class='ocrx_word' id='word_1_4' title='bbox 1789 188 2009 245; x_wconf 89' lang='lat' dir='ltr'>EPISC.</span> <span class='ocrx_word' id='word_1_5' title='bbox 2040 185 2353 244; x_wconf 78' lang='lat' dir='ltr'>CONSTIT.</span> <span class='ocrx_word' id='word_1_6' title='bbox 2393 187 2480 241; x_wconf 86' lang='lat' dir='ltr'>DE</span> <span class='ocrx_word' id='word_1_7' title='bbox 2511 185 2812 242; x_wconf 81' lang='lat' dir='ltr'>MONAST.</span> <span class='ocrx_word' id='word_1_8' title='bbox 2841 186 2898 241; x_wconf 90' lang='lat' dir='ltr'>S.</span> <span class='ocrx_word' id='word_1_9' title='bbox 2929 183 3284 240; x_wconf 82' lang='lat' dir='ltr'>VINCENTII</span> 
     </span>
    </p>
   </div>
   <div class='ocr_carea' id='block_1_3' title="bbox 3769 187 3878 240">
    <p class='ocr_par' dir='ltr' id='par_1_3' title="bbox 3769 187 3878 240">
     <span class='ocr_line' id='line_1_3' title="bbox 3769 187 3878 240; baseline 0 0"><span class='ocrx_word' id='word_1_10' title='bbox 3769 187 3878 240; x_wconf 79' lang='lat'>952</span> 
     </span>
    </p>
   </div>
   <div class='ocr_carea' id='block_1_4' title="bbox 457 306 3880 392">
    <p class='ocr_par' dir='ltr' id='par_1_4' title="bbox 457 306 3880 392">
     <span class='ocr_line' id='line_1_4' title="bbox 457 306 3880 392; baseline -0.006 -10"><span class='ocrx_word' id='word_1_11' title='bbox 457 341 596 382; x_wconf 91' lang='lat' dir='ltr'>rum</span> <span class='ocrx_word' id='word_1_12' title='bbox 623 339 782 392; x_wconf 90' lang='lat' dir='ltr'>reus,</span> <span class='ocrx_word' id='word_1_13' title='bbox 811 318 1048 391; x_wconf 80' lang='lat' dir='ltr'>gaudeo</span> <span class='ocrx_word' id='word_1_14' title='bbox 1079 321 1136 374; x_wconf 86' lang='lat' dir='ltr'>et</span> <span class='ocrx_word' id='word_1_15' title='bbox 1181 317 1422 388; x_wconf 80' lang='lat' dir='ltr'>indigeo</span> <span class='ocrx_word' id='word_1_16' title='bbox 1451 315 1725 372; x_wconf 82' lang='lat' dir='ltr'>fraternis</span> <span class='ocrx_word' id='word_1_17' title='bbox 1751 313 2110 371; x_wconf 82' lang='lat' dir='ltr'>admonitio—</span> <span class='ocrx_word' id='word_1_18' title='bbox 2140 315 2187 369; x_wconf 74' lang='grc' dir='ltr'>Α</span> <span class='ocrx_word' id='word_1_19' title='bbox 2228 314 2410 366; x_wconf 83' lang='lat' dir='ltr'>tatem</span> <span class='ocrx_word' id='word_1_20' title='bbox 2441 309 2716 367; x_wconf 88' lang='lat' dir='ltr'>omnium</span> <span class='ocrx_word' id='word_1_21' title='bbox 2743 313 3006 365; x_wconf 88' lang='lat' dir='ltr'>vestrum</span> <span class='ocrx_word' id='word_1_22' title='bbox 3027 309 3357 364; x_wconf 80' lang='lat' dir='ltr'>charaxare</span> <span class='ocrx_word' id='word_1_23' title='bbox 3387 306 3638 374; x_wconf 84' lang='lat' dir='ltr'>decrevi,</span> <span class='ocrx_word' id='word_1_24' title='bbox 3673 311 3880 380; x_wconf 87' lang='lat' dir='ltr'>quate-</span> 
     </span>
    </p>
   </div>
   <div class='ocr_carea' id='block_1_5' title="bbox 458 401 2113 478">
    <p class='ocr_par' dir='ltr' id='par_1_5' title="bbox 458 401 2113 478">
     <span class='ocr_line' id='line_1_5' title="bbox 458 401 2113 478; baseline -0.008 -7"><span class='ocrx_word' id='word_1_25' title='bbox 458 415 639 472; x_wconf 88' lang='lat' dir='ltr'>nibus</span> <span class='ocrx_word' id='word_1_26' title='bbox 669 411 923 468; x_wconf 77' lang='lat' dir='ltr'>ﬁdeliter</span> <span class='ocrx_word' id='word_1_27' title='bbox 966 407 1373 464; x_wconf 89' lang='lat' dir='ltr'>corrroborari</span> <span class='ocrx_word' id='word_1_28' title='bbox 1407 425 1418 462; x_wconf 92' lang='lat'>:</span> <span class='ocrx_word' id='word_1_29' title='bbox 1455 411 1656 462; x_wconf 88' lang='lat' dir='ltr'>tamen</span> <span class='ocrx_word' id='word_1_30' title='bbox 1689 409 1929 478; x_wconf 83' lang='lat' dir='ltr'>propter</span> <span class='ocrx_word' id='word_1_31' title='bbox 1961 401 2113 458; x_wconf 87' lang='lat' dir='ltr'>anti-</span> 
     </span>
    </p>
   </div>
   <div class='ocr_carea' id='block_1_6' title="bbox 458 493 2122 578">
    <p class='ocr_par' dir='ltr' id='par_1_6' title="bbox 458 493 2122 578">
     <span class='ocr_line' id='line_1_6' title="bbox 458 493 2122 578; baseline -0.008 -18"><span class='ocrx_word' id='word_1_32' title='bbox 458 519 647 578; x_wconf 89' lang='lat' dir='ltr'>quam</span> <span class='ocrx_word' id='word_1_33' title='bbox 676 499 1088 558; x_wconf 80' lang='lat' dir='ltr'>auctoritatem</span> <span class='ocrx_word' id='word_1_34' title='bbox 1114 497 1626 570; x_wconf 68' lang='lat' dir='ltr'>prmdecessorum</span> <span class='ocrx_word' id='word_1_35' title='bbox 1657 510 1950 560; x_wconf 90' lang='lat' dir='ltr'>meorum,</span> <span class='ocrx_word' id='word_1_36' title='bbox 1981 493 2122 548; x_wconf 87' lang='lat' dir='ltr'>bea-</span> 
     </span>
    </p>
   </div>
   <div class='ocr_carea' id='block_1_7' title="bbox 460 584 2121 658">
    <p class='ocr_par' dir='ltr' id='par_1_7' title="bbox 460 584 2121 658">
     <span class='ocr_line' id='line_1_7' title="bbox 460 584 2121 658; baseline -0.006 -10"><span class='ocrx_word' id='word_1_37' title='bbox 460 596 534 648; x_wconf 60' lang='lat' dir='ltr'>ta:</span> <span class='ocrx_word' id='word_1_38' title='bbox 565 591 784 647; x_wconf 90' lang='lat' dir='ltr'>scilicet</span> <span class='ocrx_word' id='word_1_39' title='bbox 807 588 1114 646; x_wconf 79' lang='lat' dir='ltr'>memoriae</span> <span class='ocrx_word' id='word_1_40' title='bbox 1160 586 1492 658; x_wconf 80' lang='lat' dir='ltr'>Augustini,</span> <span class='ocrx_word' id='word_1_41' title='bbox 1525 589 1582 641; x_wconf 91' lang='lat' dir='ltr'>et</span> <span class='ocrx_word' id='word_1_42' title='bbox 1611 584 1865 640; x_wconf 89' lang='lat' dir='ltr'>aliorum</span> <span class='ocrx_word' id='word_1_43' title='bbox 1889 587 2121 640; x_wconf 86' lang='lat' dir='ltr'>sancto-</span> 
     </span>
    </p>
   </div>
   <div class='ocr_carea' id='block_1_8' title="bbox 2225 396 3884 470">
    <p class='ocr_par' dir='ltr' id='par_1_8' title="bbox 2225 396 3884 470">
     <span class='ocr_line' id='line_1_8' title="bbox 2225 396 3884 470; baseline -0.002 -14"><span class='ocrx_word' id='word_1_44' title='bbox 2225 417 2339 456; x_wconf 90' lang='lat' dir='ltr'>nus</span> <span class='ocrx_word' id='word_1_45' title='bbox 2356 417 2458 457; x_wconf 85' lang='lat' dir='ltr'>rex</span> <span class='ocrx_word' id='word_1_46' title='bbox 2471 399 2934 470; x_wconf 79' lang='lat' dir='ltr'>augustissimus</span> <span class='ocrx_word' id='word_1_47' title='bbox 2953 397 3192 468; x_wconf 87' lang='lat' dir='ltr'>egregio</span> <span class='ocrx_word' id='word_1_48' title='bbox 3215 396 3510 452; x_wconf 80' lang='lat' dir='ltr'>vocabulo</span> <span class='ocrx_word' id='word_1_49' title='bbox 3533 397 3884 452; x_wconf 82' lang='lat' dir='ltr'>Edmundns</span> 
     </span>
    </p>
   </div>
   <div class='ocr_carea' id='block_1_9' title="bbox 2227 487 3886 564">
    <p class='ocr_par' dir='ltr' id='par_1_9' title="bbox 2227 487 3886 564">
     <span class='ocr_line' id='line_1_9' title="bbox 2227 487 3886 564; baseline -0.002 -16"><span class='ocrx_word' id='word_1_50' title='bbox 2227 508 2364 548; x_wconf 91' lang='lat' dir='ltr'>cum</span> <span class='ocrx_word' id='word_1_51' title='bbox 2397 491 2564 547; x_wconf 91' lang='lat' dir='ltr'>omni</span> <span class='ocrx_word' id='word_1_52' title='bbox 2583 490 2810 564; x_wconf 91' lang='lat' dir='ltr'>populo</span> <span class='ocrx_word' id='word_1_53' title='bbox 2831 505 2942 545; x_wconf 92' lang='lat' dir='ltr'>suo</span> <span class='ocrx_word' id='word_1_54' title='bbox 2967 489 3184 546; x_wconf 87' lang='lat' dir='ltr'>imitari</span> <span class='ocrx_word' id='word_1_55' title='bbox 3207 487 3486 560; x_wconf 81' lang='lat' dir='ltr'>gaudeat,</span> <span class='ocrx_word' id='word_1_56' title='bbox 3513 488 3682 560; x_wconf 87' lang='lat' dir='ltr'>quod</span> <span class='ocrx_word' id='word_1_57' title='bbox 3699 488 3762 544; x_wconf 91' lang='lat' dir='ltr'>in</span> <span class='ocrx_word' id='word_1_58' title='bbox 3785 505 3886 544; x_wconf 90' lang='lat' dir='ltr'>no-</span> 
     </span>
    </p>
   </div>
   <div class='ocr_carea' id='block_1_10' title="bbox 2229 579 3886 650">
    <p class='ocr_par' dir='ltr' id='par_1_10' title="bbox 2229 579 3886 650">
     <span class='ocr_line' id='line_1_10' title="bbox 2229 579 3886 650; baseline -0.003 -14"><span class='ocrx_word' id='word_1_59' title='bbox 2229 579 2323 636; x_wconf 87' lang='lat' dir='ltr'>bis</span> <span class='ocrx_word' id='word_1_60' title='bbox 2383 585 2438 636; x_wconf 92' lang='lat' dir='ltr'>et</span> <span class='ocrx_word' id='word_1_61' title='bbox 2465 597 2538 636; x_wconf 85' lang='lat' dir='ltr'>ex</span> <span class='ocrx_word' id='word_1_62' title='bbox 2581 579 2756 637; x_wconf 89' lang='lat' dir='ltr'>nobis</span> <span class='ocrx_word' id='word_1_63' title='bbox 2813 579 3039 646; x_wconf 86' lang='lat' dir='ltr'>audiat,</span> <span class='ocrx_word' id='word_1_64' title='bbox 3089 593 3422 650; x_wconf 83' lang='lat' dir='ltr'>omnesque</span> <span class='ocrx_word' id='word_1_65' title='bbox 3470 581 3696 646; x_wconf 84' lang='lat' dir='ltr'>gentes,</span> <span class='ocrx_word' id='word_1_66' title='bbox 3749 593 3886 650; x_wconf 69' lang='lat' dir='ltr'>quae</span> 
     </span>
    </p>
   </div>
   <div class='ocr_carea' id='block_1_11' title="bbox 460 667 3888 754">
    <p class='ocr_par' dir='ltr' id='par_1_11' title="bbox 460 667 3888 754">
     <span class='ocr_line' id='line_1_11' title="bbox 460 667 3888 754; baseline -0.005 -16"><span class='ocrx_word' id='word_1_67' title='bbox 460 697 618 750; x_wconf 89' lang='lat' dir='ltr'>rum,</span> <span class='ocrx_word' id='word_1_68' title='bbox 641 695 903 754; x_wconf 81' lang='lat' dir='ltr'>quorum</span> <span class='ocrx_word' id='word_1_69' title='bbox 918 677 1130 734; x_wconf 67' lang='lat' dir='ltr'>stutliis</span> <span class='ocrx_word' id='word_1_70' title='bbox 1143 677 1350 746; x_wconf 88' lang='lat' dir='ltr'>regula</span> <span class='ocrx_word' id='word_1_71' title='bbox 1363 674 1833 744; x_wconf 87' lang='lat' dir='ltr'>Christianitatis,</span> <span class='ocrx_word' id='word_1_72' title='bbox 1856 673 2124 746; x_wconf 89' lang='lat' dir='ltr'>primum</span> <span class='ocrx_word' id='word_1_73' title='bbox 2231 671 2499 744; x_wconf 86' lang='lat' dir='ltr'>undique</span> <span class='ocrx_word' id='word_1_74' title='bbox 2531 669 2716 741; x_wconf 81' lang='lat' dir='ltr'>regali</span> <span class='ocrx_word' id='word_1_75' title='bbox 2747 668 2998 742; x_wconf 89' lang='lat' dir='ltr'>imperio</span> <span class='ocrx_word' id='word_1_76' title='bbox 3028 669 3216 742; x_wconf 89' lang='lat' dir='ltr'>ipsius</span> <span class='ocrx_word' id='word_1_77' title='bbox 3243 667 3524 739; x_wconf 75' lang='lat' dir='ltr'>subjectae</span> <span class='ocrx_word' id='word_1_78' title='bbox 3553 671 3716 737; x_wconf 90' lang='lat' dir='ltr'>sunt,</span> <span class='ocrx_word' id='word_1_79' title='bbox 3753 667 3888 722; x_wconf 89' lang='lat' dir='ltr'>titu-</span> 
     </span>
    </p>
   </div>
   <div class='ocr_carea' id='block_1_12' title="bbox 463 760 2124 840">
    <p class='ocr_par' dir='ltr' id='par_1_12' title="bbox 463 760 2124 840">
     <span class='ocr_line' id='line_1_12' title="bbox 463 760 2124 840; baseline -0.005 -15"><span class='ocrx_word' id='word_1_80' title='bbox 463 769 538 825; x_wconf 92' lang='lat' dir='ltr'>de</span> <span class='ocrx_word' id='word_1_81' title='bbox 563 769 678 825; x_wconf 89' lang='lat' dir='ltr'>hac</span> <span class='ocrx_word' id='word_1_82' title='bbox 709 766 1202 840; x_wconf 89' lang='lat' dir='ltr'>archiepiscopali</span> <span class='ocrx_word' id='word_1_83' title='bbox 1229 765 1370 822; x_wconf 90' lang='lat' dir='ltr'>sede</span> <span class='ocrx_word' id='word_1_84' title='bbox 1403 765 1630 820; x_wconf 90' lang='lat' dir='ltr'>cunctis</span> <span class='ocrx_word' id='word_1_85' title='bbox 1651 762 1876 818; x_wconf 83' lang='lat' dir='ltr'>ﬁnibus</span> <span class='ocrx_word' id='word_1_86' title='bbox 1908 760 2124 832; x_wconf 85' lang='lat' dir='ltr'>Anglo-</span> 
     </span>
    </p>
   </div>
   <div class='ocr_carea' id='block_1_13' title="bbox 465 851 2124 926">
    <p class='ocr_par' dir='ltr' id='par_1_13' title="bbox 465 851 2124 926">
     <span class='ocr_line' id='line_1_13' title="bbox 465 851 2124 926; baseline -0.005 -11"><span class='ocrx_word' id='word_1_87' title='bbox 465 875 596 915; x_wconf 88' lang='lat' dir='ltr'>rum</span> <span class='ocrx_word' id='word_1_88' title='bbox 629 857 910 914; x_wconf 87' lang='lat' dir='ltr'>innotuit:</span> <span class='ocrx_word' id='word_1_89' title='bbox 946 855 1165 912; x_wconf 89' lang='lat' dir='ltr'>idcirco</span> <span class='ocrx_word' id='word_1_90' title='bbox 1210 855 1354 910; x_wconf 90' lang='lat' dir='ltr'>istos</span> <span class='ocrx_word' id='word_1_91' title='bbox 1374 853 1610 910; x_wconf 83' lang='lat' dir='ltr'>divinos</span> <span class='ocrx_word' id='word_1_92' title='bbox 1635 852 1835 926; x_wconf 90' lang='lat' dir='ltr'>apices</span> <span class='ocrx_word' id='word_1_93' title='bbox 1867 851 1944 908; x_wconf 93' lang='lat' dir='ltr'>ad</span> <span class='ocrx_word' id='word_1_94' title='bbox 1972 851 2124 907; x_wconf 84' lang='lat' dir='ltr'>utili-</span> 
     </span>
    </p>
   </div>
   <div class='ocr_carea' id='block_1_14' title="bbox 2233 756 3886 834">
    <p class='ocr_par' dir='ltr' id='par_1_14' title="bbox 2233 756 3886 834">
     <span class='ocr_line' id='line_1_14' title="bbox 2233 756 3886 834; baseline -0.004 -17"><span class='ocrx_word' id='word_1_95' title='bbox 2233 761 2324 817; x_wconf 92' lang='lat' dir='ltr'>los</span> <span class='ocrx_word' id='word_1_96' title='bbox 2360 760 2602 834; x_wconf 70' lang='lat' dir='ltr'>liquidae</span> <span class='ocrx_word' id='word_1_97' title='bbox 2645 763 2864 815; x_wconf 63' lang='lat' dir='ltr'>nostra:</span> <span class='ocrx_word' id='word_1_98' title='bbox 2913 757 3385 815; x_wconf 85' lang='lat' dir='ltr'>conversationis</span> <span class='ocrx_word' id='word_1_99' title='bbox 3433 761 3683 813; x_wconf 85' lang='lat' dir='ltr'>ovanter</span> <span class='ocrx_word' id='word_1_100' title='bbox 3715 756 3886 829; x_wconf 88' lang='lat' dir='ltr'>sequi</span> 
     </span>
    </p>
   </div>
   <div class='ocr_carea' id='block_1_15' title="bbox 2241 849 2854 907">
    <p class='ocr_par' dir='ltr' id='par_1_15' title="bbox 2241 849 2854 907">
     <span class='ocr_line' id='line_1_15' title="bbox 2241 849 2854 907; baseline -0.003 -1"><span class='ocrx_word' id='word_1_101' title='bbox 2241 855 2445 907; x_wconf 90' lang='lat' dir='ltr'>ament</span> <span class='ocrx_word' id='word_1_102' title='bbox 2459 855 2518 906; x_wconf 90' lang='lat' dir='ltr'>et</span> <span class='ocrx_word' id='word_1_103' title='bbox 2544 849 2854 906; x_wconf 89' lang='lat' dir='ltr'>delectent.</span> 
     </span>
    </p>
   </div>
   <div class='ocr_carea' id='block_1_16' title="bbox 473 1025 3894 1066">
    <p class='ocr_par' dir='ltr' id='par_1_16' title="bbox 473 1025 3894 1066">
     <span class='ocr_line' id='line_1_16' title="bbox 473 1025 3894 1066; baseline -0.003 -1"><span class='ocrx_word' id='word_1_104' title='bbox 473 1025 3894 1066; x_wconf 55' lang='lat' dir='ltr'>Wm—</span> 
     </span>
    </p>
   </div>
   <div class='ocr_carea' id='block_1_17' title="bbox 1826 1169 2504 1222">
    <p class='ocr_par' dir='ltr' id='par_1_17' title="bbox 1826 1169 2504 1222">
     <span class='ocr_line' id='line_1_17' title="bbox 1826 1169 2504 1222; baseline -0.003 -2"><span class='ocrx_word' id='word_1_105' title='bbox 1826 1182 1970 1222; x_wconf 74' lang='lat' dir='ltr'>ANNO</span> <span class='ocrx_word' id='word_1_106' title='bbox 2016 1181 2204 1221; x_wconf 72' lang='lat' dir='ltr'>00mm</span> <span class='ocrx_word' id='word_1_107' title='bbox 2245 1169 2504 1220; x_wconf 75' lang='lat' dir='ltr'>naccam</span> 
     </span>
    </p>
   </div>
   <div class='ocr_carea' id='block_1_18' title="bbox 1826 1352 2547 1496">
    <p class='ocr_par' dir='ltr' id='par_1_18' title="bbox 1826 1352 2547 1496">
     <span class='ocr_line' id='line_1_18' title="bbox 1826 1352 2547 1496; baseline 0.003 -4"><span class='ocrx_word' id='word_1_108' title='bbox 1826 1352 2547 1496; x_wconf 81' lang='lat' dir='ltr'><strong>BOBICO</strong></span> 
     </span>
    </p>
   </div>
   <div class='ocr_carea' id='block_1_19' title="bbox 1201 1605 3148 1732">
    <p class='ocr_par' dir='ltr' id='par_1_19' title="bbox 1201 1605 3148 1732">
     <span class='ocr_line' id='line_1_19' title="bbox 1201 1605 3148 1732; baseline -0.002 -3"><span class='ocrx_word' id='word_1_109' title='bbox 1201 1609 2224 1732; x_wconf 84' lang='lat' dir='ltr'><strong>LAUDUNENSIS</strong></span> <span class='ocrx_word' id='word_1_110' title='bbox 2347 1605 3148 1730; x_wconf 54' lang='lat' dir='ltr'>EPISCOPUS.</span> 
     </span>
    </p>
   </div>
   <div class='ocr_carea' id='block_1_20' title="bbox 1524 1959 2868 2058">
    <p class='ocr_par' dir='ltr' id='par_1_20' title="bbox 1524 1959 2868 2058">
     <span class='ocr_line' id='line_1_20' title="bbox 1524 1959 2868 2058; baseline -0.004 -2"><span class='ocrx_word' id='word_1_111' title='bbox 1524 1963 2078 2058; x_wconf 82' lang='lat' dir='ltr'>NOTITIA</span> <span class='ocrx_word' id='word_1_112' title='bbox 2159 1959 2868 2057; x_wconf 82' lang='lat' dir='ltr'>HISTOBICA</span> 
     </span>
    </p>
   </div>
   <div class='ocr_carea' id='block_1_21' title="bbox 1535 2167 2922 2244">
    <p class='ocr_par' dir='ltr' id='par_1_21' title="bbox 1535 2167 2922 2244">
     <span class='ocr_line' id='line_1_21' title="bbox 1535 2167 2922 2244; baseline -0.001 -17"><span class='ocrx_word' id='word_1_113' title='bbox 1535 2174 1642 2239; x_wconf 81' lang='lat' dir='ltr'>(Ex</span> <span class='ocrx_word' id='word_1_114' title='bbox 1665 2170 1850 2228; x_wconf 85' lang='lat' dir='ltr'>Gallia</span> <span class='ocrx_word' id='word_1_115' title='bbox 1878 2169 2232 2238; x_wconf 86' lang='lat' dir='ltr'>Christiana,</span> <span class='ocrx_word' id='word_1_116' title='bbox 2265 2173 2411 2227; x_wconf 86' lang='lat' dir='ltr'>tom.</span> <span class='ocrx_word' id='word_1_117' title='bbox 2445 2173 2530 2234; x_wconf 85' lang='lat' dir='ltr'>1x,</span> <span class='ocrx_word' id='word_1_118' title='bbox 2564 2185 2704 2244; x_wconf 89' lang='lat' dir='ltr'>pag.</span> <span class='ocrx_word' id='word_1_119' title='bbox 2730 2173 2880 2238; x_wconf 81' lang='lat'>520.)</span> <span class='ocrx_word' id='word_1_120' title='bbox 2917 2167 2922 2172; x_wconf 87' lang='grc'><em>’</em></span> 
     </span>
    </p>
   </div>
   <div class='ocr_carea' id='block_1_22' title="bbox 2082 2302 2348 2319">
    <p class='ocr_par' dir='ltr' id='par_1_22' title="bbox 2082 2302 2348 2319">
     <span class='ocr_line' id='line_1_22' title="bbox 2082 2302 2348 2319; baseline 0 -5"><span class='ocrx_word' id='word_1_121' title='bbox 2082 2302 2348 2319; x_wconf 72' lang='lat'>_</span> 
     </span>
    </p>
   </div>
   <div class='ocr_carea' id='block_1_23' title="bbox 559 2427 3914 2500">
    <p class='ocr_par' dir='ltr' id='par_1_23' title="bbox 559 2427 3914 2500">
     <span class='ocr_line' id='line_1_23' title="bbox 559 2427 3914 2500; baseline -0.002 -14"><span class='ocrx_word' id='word_1_122' title='bbox 559 2433 732 2486; x_wconf 78' lang='lat' dir='ltr'>Anno</span> <span class='ocrx_word' id='word_1_123' title='bbox 780 2432 906 2500; x_wconf 69' lang='lat'>949,</span> <span class='ocrx_word' id='word_1_124' title='bbox 949 2451 978 2478; x_wconf 87' lang='lat'><strong>«</strong></span> <span class='ocrx_word' id='word_1_125' title='bbox 1011 2429 1458 2500; x_wconf 88' lang='lat' dir='ltr'>Laudunenses,</span> <span class='ocrx_word' id='word_1_126' title='bbox 1509 2429 1590 2485; x_wconf 89' lang='lat' dir='ltr'>ait</span> <span class='ocrx_word' id='word_1_127' title='bbox 1652 2429 2024 2500; x_wconf 85' lang='lat' dir='ltr'>Flodoardus</span> <span class='ocrx_word' id='word_1_128' title='bbox 2083 2429 2144 2485; x_wconf 91' lang='lat' dir='ltr'>in</span> <span class='ocrx_word' id='word_1_129' title='bbox 2175 2431 2216 2484; x_wconf 89' lang='grc' dir='ltr'><strong>Β</strong></span> <span class='ocrx_word' id='word_1_130' title='bbox 2259 2427 2533 2486; x_wconf 91' lang='lat' dir='ltr'>Odolrico</span> <span class='ocrx_word' id='word_1_131' title='bbox 2563 2445 2598 2486; x_wconf 93' lang='lat' dir='ltr'>a</span> <span class='ocrx_word' id='word_1_132' title='bbox 2627 2427 2874 2484; x_wconf 88' lang='lat' dir='ltr'>Widone</span> <span class='ocrx_word' id='word_1_133' title='bbox 2907 2427 3329 2500; x_wconf 83' lang='lat' dir='ltr'>Suessionensi</span> <span class='ocrx_word' id='word_1_134' title='bbox 3346 2431 3714 2500; x_wconf 69' lang='lat' dir='ltr'>consecrato,</span> <span class='ocrx_word' id='word_1_135' title='bbox 3745 2431 3914 2500; x_wconf 78' lang='lat' dir='ltr'>Anno</span> 
     </span>
    </p>
   </div>
   <div class='ocr_carea' id='block_1_24' title="bbox 491 2499 2140 2573">
    <p class='ocr_par' dir='ltr' id='par_1_24' title="bbox 491 2499 2140 2573">
     <span class='ocr_line' id='line_1_24' title="bbox 491 2499 2140 2573; baseline 0 -17"><span class='ocrx_word' id='word_1_136' title='bbox 491 2500 803 2573; x_wconf 81' lang='lat' dir='ltr'>Chronico,</span> <span class='ocrx_word' id='word_1_137' title='bbox 821 2499 925 2573; x_wconf 85' lang='lat' dir='ltr'>qui</span> <span class='ocrx_word' id='word_1_138' title='bbox 945 2500 1211 2573; x_wconf 75' lang='lat' dir='ltr'>ﬁdelitati</span> <span class='ocrx_word' id='word_1_139' title='bbox 1239 2499 1514 2573; x_wconf 82' lang='lat' dir='ltr'>Ludovici</span> <span class='ocrx_word' id='word_1_140' title='bbox 1540 2499 1696 2570; x_wconf 87' lang='lat' dir='ltr'>regis</span> <span class='ocrx_word' id='word_1_141' title='bbox 1727 2499 2140 2573; x_wconf 78' lang='lat' dir='ltr'>attendebant,</span> 
     </span>
    </p>
   </div>
   <div class='ocr_carea' id='block_1_25' title="bbox 489 2571 2144 2652">
    <p class='ocr_par' dir='ltr' id='par_1_25' title="bbox 489 2571 2144 2652">
     <span class='ocr_line' id='line_1_25' title="bbox 489 2571 2144 2652; baseline 0 -26"><span class='ocrx_word' id='word_1_142' title='bbox 489 2571 718 2652; x_wconf 81' lang='lat' dir='ltr'>eligunt</span> <span class='ocrx_word' id='word_1_143' title='bbox 785 2571 931 2652; x_wconf 75' lang='lat' dir='ltr'>sibi_</span> <span class='ocrx_word' id='word_1_144' title='bbox 979 2571 1300 2652; x_wconf 62' lang='lat' dir='ltr'>praesulem</span> <span class='ocrx_word' id='word_1_145' title='bbox 1367 2571 1722 2626; x_wconf 82' lang='lat' dir='ltr'>Roriconem</span> <span class='ocrx_word' id='word_1_146' title='bbox 1761 2571 2144 2652; x_wconf 32' lang='lat' dir='ltr'>“diaconum,</span> 
     </span>
    </p>
   </div>
   <div class='ocr_carea' id='block_1_26' title="bbox 489 2641 2148 2714">
    <p class='ocr_par' dir='ltr' id='par_1_26' title="bbox 489 2641 2148 2714">
     <span class='ocr_line' id='line_1_26' title="bbox 489 2641 2148 2714; baseline 0.001 -18"><span class='ocrx_word' id='word_1_147' title='bbox 489 2641 860 2714; x_wconf 11' lang='lat' dir='ltr'>ipsius‘rogis</span> <span class='ocrx_word' id='word_1_148' title='bbox 907 2641 1149 2707; x_wconf 75' lang='lat' dir='ltr'>fratren,</span> <span class='ocrx_word' id='word_1_149' title='bbox 1189 2641 1380 2696; x_wconf 85' lang='lat' dir='ltr'>tilium</span> <span class='ocrx_word' id='word_1_150' title='bbox 1411 2657 1634 2714; x_wconf 82' lang='lat' dir='ltr'>nempe</span> <span class='ocrx_word' id='word_1_151' title='bbox 1664 2642 1926 2714; x_wconf 81' lang='lat' dir='ltr'>nothum</span> <span class='ocrx_word' id='word_1_152' title='bbox 1955 2641 2148 2714; x_wconf 85' lang='lat' dir='ltr'>Caroli</span> 
     </span>
    </p>
   </div>
   <div class='ocr_carea' id='block_1_27' title="bbox 493 2711 2148 2793">
    <p class='ocr_par' dir='ltr' id='par_1_27' title="bbox 493 2711 2148 2793">
     <span class='ocr_line' id='line_1_27' title="bbox 493 2711 2148 2793; baseline 0 -25"><span class='ocrx_word' id='word_1_153' title='bbox 493 2711 825 2793; x_wconf 71' lang='lat' dir='ltr'>Simplicis;</span> <span class='ocrx_word' id='word_1_154' title='bbox 891 2715 1435 2793; x_wconf 46' lang='lat' dir='ltr'>quemconsecrat</span> <span class='ocrx_word' id='word_1_155' title='bbox 1481 2711 1757 2793; x_wconf 80' lang='lat' dir='ltr'>Artoldus</span> <span class='ocrx_word' id='word_1_156' title='bbox 1825 2713 2148 2793; x_wconf 72' lang='lat' dir='ltr'>archiepis-</span> 
     </span>
    </p>
   </div>
   <div class='ocr_carea' id='block_1_28' title="bbox 490 2782 2148 2856">
    <p class='ocr_par' dir='ltr' id='par_1_28' title="bbox 490 2782 2148 2856">
     <span class='ocr_line' id='line_1_28' title="bbox 490 2782 2148 2856; baseline 0.001 -18"><span class='ocrx_word' id='word_1_157' title='bbox 490 2782 680 2856; x_wconf 73' lang='lat' dir='ltr'>copus</span> <span class='ocrx_word' id='word_1_158' title='bbox 718 2782 974 2852; x_wconf 87' lang='lat' dir='ltr'>Rhemis,</span> <span class='ocrx_word' id='word_1_159' title='bbox 1005 2783 1108 2856; x_wconf 88' lang='lat' dir='ltr'>qui</span> <span class='ocrx_word' id='word_1_160' title='bbox 1136 2787 1340 2856; x_wconf 85' lang='lat' dir='ltr'>tamen</span> <span class='ocrx_word' id='word_1_161' title='bbox 1373 2799 1500 2856; x_wconf 88' lang='lat' dir='ltr'>non</span> <span class='ocrx_word' id='word_1_162' title='bbox 1531 2787 1804 2856; x_wconf 86' lang='lat' dir='ltr'>receptus</span> <span class='ocrx_word' id='word_1_163' title='bbox 1832 2782 2148 2856; x_wconf 56' lang='lat' dir='ltr'>Laudu&#39;no,</span> 
     </span>
    </p>
   </div>
   <div class='ocr_carea' id='block_1_29' title="bbox 491 2853 2146 2926">
    <p class='ocr_par' dir='ltr' id='par_1_29' title="bbox 491 2853 2146 2926">
     <span class='ocr_line' id='line_1_29' title="bbox 491 2853 2146 2926; baseline 0.001 -18"><span class='ocrx_word' id='word_1_164' title='bbox 491 2853 656 2926; x_wconf 78' lang='lat' dir='ltr'>apud</span> <span class='ocrx_word' id='word_1_165' title='bbox 687 2856 866 2908; x_wconf 64' lang='lat' dir='ltr'>Petrae</span> <span class='ocrx_word' id='word_1_166' title='bbox 893 2853 1142 2926; x_wconf 75' lang='lat' dir='ltr'>pontem</span> <span class='ocrx_word' id='word_1_167' title='bbox 1173 2854 1568 2926; x_wconf 86' lang='lat' dir='ltr'>munitionem</span> <span class='ocrx_word' id='word_1_168' title='bbox 1592 2853 1830 2911; x_wconf 80' lang='lat' dir='ltr'>resedit.</span> <span class='ocrx_word' id='word_1_169' title='bbox 1867 2879 1893 2905; x_wconf 86' lang='lat'>»</span> <span class='ocrx_word' id='word_1_170' title='bbox 1925 2855 2146 2924; x_wconf 85' lang='lat' dir='ltr'>Adfuit,</span> 
     </span>
    </p>
   </div>
   <div class='ocr_carea' id='block_1_30' title="bbox 489 2925 2152 2999">
    <p class='ocr_par' dir='ltr' id='par_1_30' title="bbox 489 2925 2152 2999">
     <span class='ocr_line' id='line_1_30' title="bbox 489 2925 2152 2999; baseline 0.001 -19"><span class='ocrx_word' id='word_1_171' title='bbox 489 2925 652 2999; x_wconf 81' lang='lat' dir='ltr'>anno</span> <span class='ocrx_word' id='word_1_172' title='bbox 677 2929 802 2994; x_wconf 81' lang='lat'>955,</span> <span class='ocrx_word' id='word_1_173' title='bbox 845 2925 1208 2999; x_wconf 78' lang='lat' dir='ltr'>ordinationi</span> <span class='ocrx_word' id='word_1_174' title='bbox 1235 2925 1470 2981; x_wconf 84' lang='lat' dir='ltr'>Hadulﬁ</span> <span class='ocrx_word' id='word_1_175' title='bbox 1505 2926 1772 2999; x_wconf 80' lang='lat' dir='ltr'>episcopi</span> <span class='ocrx_word' id='word_1_176' title='bbox 1803 2927 2152 2999; x_wconf 51' lang='lat' dir='ltr'>Noviomenj</span> 
     </span>
    </p>
   </div>
   <div class='ocr_carea' id='block_1_31' title="bbox 491 2996 2150 3122">
    <p class='ocr_par' dir='ltr' id='par_1_31' title="bbox 491 2996 2150 3122">
     <span class='ocr_line' id='line_1_31' title="bbox 491 2996 2150 3122; baseline 0.001 -72"><span class='ocrx_word' id='word_1_177' title='bbox 491 2996 590 3050; x_wconf 92' lang='lat' dir='ltr'>sis.</span> <span class='ocrx_word' id='word_1_178' title='bbox 623 2997 803 3078; x_wconf 45' lang='lat' dir='ltr'>Anno.</span> <span class='ocrx_word' id='word_1_179' title='bbox 841 2996 965 3064; x_wconf 90' lang='lat'>961,</span> <span class='ocrx_word' id='word_1_180' title='bbox 999 3001 1136 3122; x_wconf 51' lang='lat' dir='ltr'>plost</span> <span class='ocrx_word' id='word_1_181' title='bbox 1163 3000 1418 3079; x_wconf 75' lang='lat' dir='ltr'>mortem</span> <span class='ocrx_word' id='word_1_182' title='bbox 1461 2996 1686 3052; x_wconf 86' lang='lat' dir='ltr'>Artaldi</span> <span class='ocrx_word' id='word_1_183' title='bbox 1711 2996 2150 3070; x_wconf 75' lang='lat' dir='ltr'>archiepiscopi</span> 
     </span>
     <span class='ocr_line' id='line_1_32' title="bbox 491 3067 2147 3122; baseline 0 0"><span class='ocrx_word' id='word_1_184' title='bbox 491 3067 858 3122; x_wconf 69' lang='lat' dir='ltr'>Rhemensm.</span> <span class='ocrx_word' id='word_1_185' title='bbox 909 3083 1008 3122; x_wconf 91' lang='lat' dir='ltr'>arc</span> <span class='ocrx_word' id='word_1_186' title='bbox 1054 3067 1412 3122; x_wconf 81' lang='lat' dir='ltr'>icancellarn</span> <span class='ocrx_word' id='word_1_187' title='bbox 1471 3084 1716 3122; x_wconf 92' lang='lat' dir='ltr'>munere</span> <span class='ocrx_word' id='word_1_188' title='bbox 1774 3068 2012 3122; x_wconf 87' lang='lat' dir='ltr'>functus</span> <span class='ocrx_word' id='word_1_189' title='bbox 2041 3073 2147 3122; x_wconf 88' lang='lat' dir='ltr'>est.</span> 
     </span>
    </p>
   </div>
   <div class='ocr_carea' id='block_1_32' title="bbox 489 3066 2147 3136">
    <p class='ocr_par' dir='ltr' id='par_1_32' title="bbox 489 3066 2147 3136">
     <span class='ocr_line' id='line_1_33' title="bbox 489 3066 2147 3136; baseline 0.001 -14"><span class='ocrx_word' id='word_1_190' title='bbox 489 3066 858 3136; x_wconf 81' lang='lat' dir='ltr'>Bhemensis,</span> <span class='ocrx_word' id='word_1_191' title='bbox 909 3066 1412 3124; x_wconf 79' lang='lat' dir='ltr'>archicancellarii</span> <span class='ocrx_word' id='word_1_192' title='bbox 1471 3084 1716 3124; x_wconf 91' lang='lat' dir='ltr'>munere</span> <span class='ocrx_word' id='word_1_193' title='bbox 1774 3066 2012 3125; x_wconf 79' lang='lat' dir='ltr'>functus</span> <span class='ocrx_word' id='word_1_194' title='bbox 2041 3066 2147 3136; x_wconf 75' lang='lat' dir='ltr'>est,</span> 
     </span>
    </p>
   </div>
   <div class='ocr_carea' id='block_1_33' title="bbox 487 3137 2152 3210">
    <p class='ocr_par' dir='ltr' id='par_1_33' title="bbox 487 3137 2152 3210">
     <span class='ocr_line' id='line_1_34' title="bbox 487 3137 2152 3210; baseline 0.001 -17"><span class='ocrx_word' id='word_1_195' title='bbox 487 3153 680 3210; x_wconf 90' lang='lat' dir='ltr'>usque</span> <span class='ocrx_word' id='word_1_196' title='bbox 714 3137 861 3193; x_wconf 93' lang='lat' dir='ltr'>dum</span> <span class='ocrx_word' id='word_1_197' title='bbox 914 3137 1222 3194; x_wconf 91' lang='lat' dir='ltr'>Odalricus</span> <span class='ocrx_word' id='word_1_198' title='bbox 1249 3139 1490 3210; x_wconf 82' lang='lat' dir='ltr'>Artaldo</span> <span class='ocrx_word' id='word_1_199' title='bbox 1529 3139 1890 3195; x_wconf 85' lang='lat' dir='ltr'>succederet.</span> <span class='ocrx_word' id='word_1_200' title='bbox 1927 3139 2152 3196; x_wconf 89' lang='lat' dir='ltr'>Eodem</span> 
     </span>
    </p>
   </div>
   <div class='ocr_carea' id='block_1_34' title="bbox 487 3209 2154 3266">
    <p class='ocr_par' dir='ltr' id='par_1_34' title="bbox 487 3209 2154 3266">
     <span class='ocr_line' id='line_1_35' title="bbox 487 3209 2154 3266; baseline 0.001 -2"><span class='ocrx_word' id='word_1_201' title='bbox 487 3209 648 3264; x_wconf 80' lang='lat' dir='ltr'>anno</span> <span class='ocrx_word' id='word_1_202' title='bbox 717 3210 1048 3266; x_wconf 88' lang='lat' dir='ltr'>monachos</span> <span class='ocrx_word' id='word_1_203' title='bbox 1121 3210 1182 3264; x_wconf 90' lang='lat' dir='ltr'>in</span> <span class='ocrx_word' id='word_1_204' title='bbox 1241 3209 1484 3265; x_wconf 85' lang='lat' dir='ltr'>abbatia</span> <span class='ocrx_word' id='word_1_205' title='bbox 1547 3211 1929 3266; x_wconf 86' lang='lat' dir='ltr'>Vincentiana</span> <span class='ocrx_word' id='word_1_206' title='bbox 1987 3211 2154 3266; x_wconf 85' lang='lat' dir='ltr'>resti-</span> 
     </span>
    </p>
   </div>
   <div class='ocr_carea' id='block_1_35' title="bbox 489 3280 2152 3354">
    <p class='ocr_par' dir='ltr' id='par_1_35' title="bbox 489 3280 2152 3354">
     <span class='ocr_line' id='line_1_36' title="bbox 489 3280 2152 3354; baseline 0.001 -19"><span class='ocrx_word' id='word_1_207' title='bbox 489 3281 618 3354; x_wconf 74' lang='lat' dir='ltr'>tuit,</span> <span class='ocrx_word' id='word_1_208' title='bbox 653 3280 950 3354; x_wconf 78' lang='lat' dir='ltr'>submotis</span> <span class='ocrx_word' id='word_1_209' title='bbox 1006 3281 1329 3336; x_wconf 86' lang='lat' dir='ltr'>canonicis.</span> <span class='ocrx_word' id='word_1_210' title='bbox 1349 3286 1531 3354; x_wconf 59' lang='lat' dir='ltr'>Anno</span> <span class='ocrx_word' id='word_1_211' title='bbox 1563 3287 1666 3337; x_wconf 80' lang='grc'>962</span> <span class='ocrx_word' id='word_1_212' title='bbox 1697 3281 1886 3354; x_wconf 83' lang='lat' dir='ltr'>adfuit</span> <span class='ocrx_word' id='word_1_213' title='bbox 1916 3282 2152 3354; x_wconf 82' lang='lat' dir='ltr'>synodo</span> 
     </span>
    </p>
   </div>
   <div class='ocr_carea' id='block_1_36' title="bbox 489 3351 2152 3423">
    <p class='ocr_par' dir='ltr' id='par_1_36' title="bbox 489 3351 2152 3423">
     <span class='ocr_line' id='line_1_37' title="bbox 489 3351 2152 3423; baseline 0.001 -17"><span class='ocrx_word' id='word_1_214' title='bbox 489 3351 772 3423; x_wconf 88' lang='lat' dir='ltr'>tredecim</span> <span class='ocrx_word' id='word_1_215' title='bbox 838 3351 1262 3423; x_wconf 87' lang='lat' dir='ltr'>episcoporum</span> <span class='ocrx_word' id='word_1_216' title='bbox 1344 3351 1405 3406; x_wconf 90' lang='lat' dir='ltr'>in</span> <span class='ocrx_word' id='word_1_217' title='bbox 1487 3368 1645 3423; x_wconf 85' lang='lat' dir='ltr'>pago</span> <span class='ocrx_word' id='word_1_218' title='bbox 1729 3351 2028 3414; x_wconf 36' lang='lat' dir='ltr'>Melden’si,</span> <span class='ocrx_word' id='word_1_219' title='bbox 2093 3353 2152 3408; x_wconf 88' lang='lat' dir='ltr'>in</span> 
     </span>
    </p>
   </div>
   <div class='ocr_carea' id='block_1_37' title="bbox 489 3422 2152 3496">
    <p class='ocr_par' dir='ltr' id='par_1_37' title="bbox 489 3422 2152 3496">
     <span class='ocr_line' id='line_1_38' title="bbox 489 3422 2152 3496; baseline 0.002 -20"><span class='ocrx_word' id='word_1_220' title='bbox 489 3437 612 3493; x_wconf 86' lang='lat' dir='ltr'>qua</span> <span class='ocrx_word' id='word_1_221' title='bbox 642 3422 967 3496; x_wconf 75' lang='lat' dir='ltr'>intercessit</span> <span class='ocrx_word' id='word_1_222' title='bbox 1008 3422 1153 3496; x_wconf 80' lang='lat' dir='ltr'>cum</span> <span class='ocrx_word' id='word_1_223' title='bbox 1179 3423 1434 3496; x_wconf 82' lang='lat' dir='ltr'>Gibuino</span> <span class='ocrx_word' id='word_1_224' title='bbox 1463 3422 1882 3496; x_wconf 76' lang='lat' dir='ltr'>Catalauncnsi</span> <span class='ocrx_word' id='word_1_225' title='bbox 1911 3423 2152 3496; x_wconf 10' lang='lat' dir='ltr'>quomi-i</span> 
     </span>
    </p>
   </div>
   <div class='ocr_carea' id='block_1_38' title="bbox 489 3493 2152 3564">
    <p class='ocr_par' dir='ltr' id='par_1_38' title="bbox 489 3493 2152 3564">
     <span class='ocr_line' id='line_1_39' title="bbox 489 3493 2152 3564; baseline 0.002 -18"><span class='ocrx_word' id='word_1_226' title='bbox 489 3508 604 3546; x_wconf 89' lang='lat' dir='ltr'>nus</span> <span class='ocrx_word' id='word_1_227' title='bbox 633 3493 1225 3564; x_wconf 81' lang='lat' dir='ltr'>restitueretursedcs</span> <span class='ocrx_word' id='word_1_228' title='bbox 1245 3494 1426 3549; x_wconf 77' lang='lat' dir='ltr'>Rhein</span> <span class='ocrx_word' id='word_1_229' title='bbox 1436 3494 1592 3548; x_wconf 83' lang='lat' dir='ltr'>ensis</span> <span class='ocrx_word' id='word_1_230' title='bbox 1611 3494 1866 3564; x_wconf 84' lang='lat' dir='ltr'>Hugoni,</span> <span class='ocrx_word' id='word_1_231' title='bbox 1885 3493 2152 3550; x_wconf 74' lang='lat' dir='ltr'>Artlialdi</span> 
     </span>
    </p>
   </div>
   <div class='ocr_carea' id='block_1_39' title="bbox 491 3563 2155 3637">
    <p class='ocr_par' dir='ltr' id='par_1_39' title="bbox 491 3563 2155 3637">
     <span class='ocr_line' id='line_1_40' title="bbox 491 3563 2155 3637; baseline 0.003 -21"><span class='ocrx_word' id='word_1_232' title='bbox 491 3563 862 3634; x_wconf 87' lang='lat' dir='ltr'>competitori</span> <span class='ocrx_word' id='word_1_233' title='bbox 891 3581 902 3630; x_wconf 92' lang='lat'><strong>;</strong></span> <span class='ocrx_word' id='word_1_234' title='bbox 936 3563 1271 3636; x_wconf 89' lang='lat' dir='ltr'>eodemque</span> <span class='ocrx_word' id='word_1_235' title='bbox 1289 3579 1450 3620; x_wconf 90' lang='lat' dir='ltr'>anno</span> <span class='ocrx_word' id='word_1_236' title='bbox 1480 3579 1698 3620; x_wconf 89' lang='lat' dir='ltr'>manus</span> <span class='ocrx_word' id='word_1_237' title='bbox 1726 3563 2012 3637; x_wconf 90' lang='lat' dir='ltr'>imposuit</span> <span class='ocrx_word' id='word_1_238' title='bbox 2041 3565 2155 3636; x_wconf 90' lang='lat' dir='ltr'>ipsi</span> 
     </span>
    </p>
   </div>
   <div class='ocr_carea' id='block_1_40' title="bbox 2258 2497 3914 2568">
    <p class='ocr_par' dir='ltr' id='par_1_40' title="bbox 2258 2497 3914 2568">
     <span class='ocr_line' id='line_1_41' title="bbox 2258 2497 3914 2568; baseline -0.002 -12"><span class='ocrx_word' id='word_1_239' title='bbox 2258 2505 2382 2568; x_wconf 89' lang='lat'>969,</span> <span class='ocrx_word' id='word_1_240' title='bbox 2427 2500 2748 2564; x_wconf 88' lang='lat' dir='ltr'>consensit,</span> <span class='ocrx_word' id='word_1_241' title='bbox 2793 2516 2852 2555; x_wconf 87' lang='grc' dir='ltr'>ιιι</span> <span class='ocrx_word' id='word_1_242' title='bbox 2887 2503 3036 2555; x_wconf 87' lang='lat' dir='ltr'>Non.</span> <span class='ocrx_word' id='word_1_243' title='bbox 3084 2502 3242 2566; x_wconf 87' lang='lat' dir='ltr'>Jun.,</span> <span class='ocrx_word' id='word_1_244' title='bbox 3295 2497 3606 2554; x_wconf 90' lang='lat' dir='ltr'>donationi</span> <span class='ocrx_word' id='word_1_245' title='bbox 3654 2497 3914 2553; x_wconf 66' lang='lat' dir='ltr'>dimidia:</span> 
     </span>
    </p>
   </div>
   <div class='ocr_carea' id='block_1_41' title="bbox 2259 2569 3918 2636">
    <p class='ocr_par' dir='ltr' id='par_1_41' title="bbox 2259 2569 3918 2636">
     <span class='ocr_line' id='line_1_42' title="bbox 2259 2569 3918 2636; baseline -0.002 -10"><span class='ocrx_word' id='word_1_246' title='bbox 2259 2571 2516 2628; x_wconf 72' lang='lat' dir='ltr'>abbatire</span> <span class='ocrx_word' id='word_1_247' title='bbox 2557 2571 2748 2628; x_wconf 90' lang='lat' dir='ltr'>sancti</span> <span class='ocrx_word' id='word_1_248' title='bbox 2783 2571 2980 2626; x_wconf 87' lang='lat' dir='ltr'>Hilarii</span> <span class='ocrx_word' id='word_1_249' title='bbox 3009 2587 3146 2626; x_wconf 90' lang='lat' dir='ltr'>cum</span> <span class='ocrx_word' id='word_1_250' title='bbox 3173 2569 3446 2636; x_wconf 88' lang='lat' dir='ltr'>ecclesia,</span> <span class='ocrx_word' id='word_1_251' title='bbox 3481 2569 3650 2624; x_wconf 66' lang='lat' dir='ltr'>factae</span> <span class='ocrx_word' id='word_1_252' title='bbox 3681 2585 3918 2624; x_wconf 88' lang='lat' dir='ltr'>monas-</span> 
     </span>
    </p>
   </div>
   <div class='ocr_carea' id='block_1_42' title="bbox 2259 2640 3916 2721">
    <p class='ocr_par' dir='ltr' id='par_1_42' title="bbox 2259 2640 3916 2721">
     <span class='ocr_line' id='line_1_43' title="bbox 2259 2640 3916 2721; baseline -0.002 -23"><span class='ocrx_word' id='word_1_253' title='bbox 2259 2643 2404 2698; x_wconf 89' lang='lat' dir='ltr'>terio</span> <span class='ocrx_word' id='word_1_254' title='bbox 2437 2644 2628 2721; x_wconf 84' lang='lat' dir='ltr'>sancti</span> <span class='ocrx_word' id='word_1_255' title='bbox 2665 2641 2971 2721; x_wconf 75' lang='lat' dir='ltr'>Vincentii.</span> <span class='ocrx_word' id='word_1_256' title='bbox 3005 2647 3174 2696; x_wconf 77' lang='lat' dir='ltr'>Anno</span> <span class='ocrx_word' id='word_1_257' title='bbox 3227 2645 3332 2721; x_wconf 60' lang='lat'>9:73</span> <span class='ocrx_word' id='word_1_258' title='bbox 3355 2641 3528 2721; x_wconf 67' lang='lat' dir='ltr'>dedit</span> <span class='ocrx_word' id='word_1_259' title='bbox 3571 2641 3702 2721; x_wconf 77' lang='lat' dir='ltr'>ipse</span> <span class='ocrx_word' id='word_1_260' title='bbox 3727 2640 3916 2721; x_wconf 69' lang='lat' dir='ltr'>eidem</span> 
     </span>
    </p>
   </div>
   <div class='ocr_carea' id='block_1_43' title="bbox 2260 2709 3918 2770">
    <p class='ocr_par' dir='ltr' id='par_1_43' title="bbox 2260 2709 3918 2770">
     <span class='ocr_line' id='line_1_44' title="bbox 2260 2709 3918 2770; baseline -0.002 -1"><span class='ocrx_word' id='word_1_261' title='bbox 2260 2714 2628 2770; x_wconf 88' lang='lat' dir='ltr'>monasterio</span> <span class='ocrx_word' id='word_1_262' title='bbox 2689 2713 3008 2768; x_wconf 86' lang='lat' dir='ltr'>ecclesiam</span> <span class='ocrx_word' id='word_1_263' title='bbox 3088 2712 3276 2768; x_wconf 90' lang='lat' dir='ltr'>sancti</span> <span class='ocrx_word' id='word_1_264' title='bbox 3355 2709 3614 2768; x_wconf 85' lang='lat' dir='ltr'>Medardi</span> <span class='ocrx_word' id='word_1_265' title='bbox 3671 2712 3734 2766; x_wconf 91' lang='lat' dir='ltr'>in</span> <span class='ocrx_word' id='word_1_266' title='bbox 3781 2709 3918 2766; x_wconf 86' lang='lat' dir='ltr'>villa</span> 
     </span>
    </p>
   </div>
   <div class='ocr_carea' id='block_1_44' title="bbox 2261 2782 3920 2857">
    <p class='ocr_par' dir='ltr' id='par_1_44' title="bbox 2261 2782 3920 2857">
     <span class='ocr_line' id='line_1_45' title="bbox 2261 2782 3920 2857; baseline -0.001 -18"><span class='ocrx_word' id='word_1_267' title='bbox 2261 2785 2660 2857; x_wconf 79' lang='lat' dir='ltr'>Caprimiaco.</span> <span class='ocrx_word' id='word_1_268' title='bbox 2689 2789 2869 2857; x_wconf 66' lang='lat' dir='ltr'>Anno</span> <span class='ocrx_word' id='word_1_269' title='bbox 2899 2789 3024 2857; x_wconf 82' lang='lat'>976,</span> <span class='ocrx_word' id='word_1_270' title='bbox 3055 2806 3080 2857; x_wconf 58' lang='grc' dir='ltr'><strong>ᾳ</strong></span> <span class='ocrx_word' id='word_1_271' title='bbox 3117 2784 3366 2857; x_wconf 84' lang='lat' dir='ltr'>langore</span> <span class='ocrx_word' id='word_1_272' title='bbox 3381 2782 3661 2857; x_wconf 83' lang='lat' dir='ltr'>paralysi</span> <span class='ocrx_word' id='word_1_273' title='bbox 3691 2797 3920 2857; x_wconf 82' lang='lat' dir='ltr'>correp-</span> 
     </span>
    </p>
   </div>
   <div class='ocr_carea' id='block_1_45' title="bbox 2261 2853 3921 2929">
    <p class='ocr_par' dir='ltr' id='par_1_45' title="bbox 2261 2853 3921 2929">
     <span class='ocr_line' id='line_1_46' title="bbox 2261 2853 3921 2929; baseline -0.002 -17"><span class='ocrx_word' id='word_1_274' title='bbox 2261 2853 2388 2929; x_wconf 59' lang='lat' dir='ltr'>tus&#39;,_</span> <span class='ocrx_word' id='word_1_275' title='bbox 2407 2857 2604 2929; x_wconf 83' lang='lat' dir='ltr'>inquit</span> <span class='ocrx_word' id='word_1_276' title='bbox 2645 2855 3118 2929; x_wconf 82' lang='lat' dir='ltr'>Flodoardusin</span> <span class='ocrx_word' id='word_1_277' title='bbox 3174 2853 3490 2929; x_wconf 76' lang='lat' dir='ltr'>Chronico,</span> <span class='ocrx_word' id='word_1_278' title='bbox 3515 2853 3664 2929; x_wconf 82' lang='lat' dir='ltr'>post</span> <span class='ocrx_word' id='word_1_279' title='bbox 3707 2853 3921 2929; x_wconf 80' lang='lat' dir='ltr'>multas</span> 
     </span>
    </p>
   </div>
   <div class='ocr_carea' id='block_1_46' title="bbox 2261 2898 3918 2998">
    <p class='ocr_par' dir='ltr' id='par_1_46' title="bbox 2261 2898 3918 2998">
     <span class='ocr_line' id='line_1_47' title="bbox 2261 2898 3918 2998; baseline -0.002 -15"><span class='ocrx_word' id='word_1_280' title='bbox 2261 2943 2332 2983; x_wconf 86' lang='lat' dir='ltr'>ac</span> <span class='ocrx_word' id='word_1_281' title='bbox 2355 2898 2586 2984; x_wconf 56' lang='lat' dir='ltr'>debitas</span> <span class='ocrx_word' id='word_1_282' title='bbox 2606 2929 2726 2983; x_wconf 93' lang='lat' dir='ltr'>Deo</span> <span class='ocrx_word' id='word_1_283' title='bbox 2747 2926 3003 2998; x_wconf 86' lang='lat' dir='ltr'>proipsa</span> <span class='ocrx_word' id='word_1_284' title='bbox 3023 2925 3364 2998; x_wconf 75' lang='lat' dir='ltr'>infirmitate</span> <span class='ocrx_word' id='word_1_285' title='bbox 3387 2898 3653 2981; x_wconf 69' lang='lat' dir='ltr'>redditas</span> <span class='ocrx_word' id='word_1_286' title='bbox 3678 2925 3918 2995; x_wconf 86' lang='lat' dir='ltr'>gratias,</span> 
     </span>
    </p>
   </div>
   <div class='ocr_carea' id='block_1_47' title="bbox 2261 2997 3920 3068">
    <p class='ocr_par' dir='ltr' id='par_1_47' title="bbox 2261 2997 3920 3068">
     <span class='ocr_line' id='line_1_48' title="bbox 2261 2997 3920 3068; baseline -0.004 -14"><span class='ocrx_word' id='word_1_287' title='bbox 2261 2998 2379 3054; x_wconf 85' lang='lat' dir='ltr'>vita</span> <span class='ocrx_word' id='word_1_288' title='bbox 2423 2999 2696 3068; x_wconf 86' lang='lat' dir='ltr'>decessit,</span> <span class='ocrx_word' id='word_1_289' title='bbox 2750 2997 3026 3053; x_wconf 69' lang='lat' dir='ltr'>videlicet</span> <span class='ocrx_word' id='word_1_290' title='bbox 3083 2997 3397 3068; x_wconf 80' lang='lat' dir='ltr'>vigilias.</span> <span class='ocrx_word' id='word_1_291' title='bbox 3453 2997 3698 3052; x_wconf 66' lang='lat' dir='ltr'>Thomas</span> <span class='ocrx_word' id='word_1_292' title='bbox 3751 3011 3920 3068; x_wconf 90' lang='lat' dir='ltr'>apos-</span> 
     </span>
    </p>
   </div>
   <div class='ocr_carea' id='block_1_48' title="bbox 2262 3067 3922 3141">
    <p class='ocr_par' dir='ltr' id='par_1_48' title="bbox 2262 3067 3922 3141">
     <span class='ocr_line' id='line_1_49' title="bbox 2262 3067 3922 3141; baseline -0.001 -17"><span class='ocrx_word' id='word_1_293' title='bbox 2262 3069 2374 3141; x_wconf 82' lang='lat' dir='ltr'>toli</span> <span class='ocrx_word' id='word_1_294' title='bbox 2393 3075 2531 3141; x_wconf 90' lang='lat' dir='ltr'>post</span> <span class='ocrx_word' id='word_1_295' title='bbox 2574 3067 2798 3141; x_wconf 84' lang='lat' dir='ltr'>laudes</span> <span class='ocrx_word' id='word_1_296' title='bbox 2833 3071 2951 3124; x_wconf 92' lang='lat' dir='ltr'>Deo</span> <span class='ocrx_word' id='word_1_297' title='bbox 2997 3067 3396 3141; x_wconf 78' lang='lat' dir='ltr'>matutinales.</span> <span class='ocrx_word' id='word_1_298' title='bbox 3431 3091 3457 3118; x_wconf 86' lang='grc'><strong>››</strong></span> <span class='ocrx_word' id='word_1_299' title='bbox 3493 3071 3570 3124; x_wconf 72' lang='lat' dir='ltr'>lle</span> <span class='ocrx_word' id='word_1_300' title='bbox 3601 3067 3922 3141; x_wconf 28' lang='lat' dir='ltr'>eoﬂNe’cro-</span> 
     </span>
    </p>
   </div>
   <div class='ocr_carea' id='block_1_49' title="bbox 2261 3139 3920 3210">
    <p class='ocr_par' dir='ltr' id='par_1_49' title="bbox 2261 3139 3920 3210">
     <span class='ocr_line' id='line_1_50' title="bbox 2261 3139 3920 3210; baseline -0.002 -14"><span class='ocrx_word' id='word_1_301' title='bbox 2261 3139 2490 3210; x_wconf 82' lang='lat' dir='ltr'>logium</span> <span class='ocrx_word' id='word_1_302' title='bbox 2540 3139 2994 3196; x_wconf 87' lang='lat' dir='ltr'>Vincentianum</span> <span class='ocrx_word' id='word_1_303' title='bbox 3049 3139 3140 3194; x_wconf 92' lang='lat' dir='ltr'>his</span> <span class='ocrx_word' id='word_1_304' title='bbox 3189 3139 3431 3195; x_wconf 80' lang='lat' dir='ltr'>verbis:</span> <span class='ocrx_word' id='word_1_305' title='bbox 3467 3161 3494 3187; x_wconf 83' lang='lat'><strong><em>«</em></strong></span> <span class='ocrx_word' id='word_1_306' title='bbox 3531 3155 3630 3195; x_wconf 66' lang='grc' dir='ltr'>χιιι</span> <span class='ocrx_word' id='word_1_307' title='bbox 3669 3139 3782 3194; x_wconf 81' lang='lat' dir='ltr'>Kal</span> <span class='ocrx_word' id='word_1_308' title='bbox 3833 3139 3920 3210; x_wconf 46' lang='lat' dir='ltr'>Jaj</span> 
     </span>
    </p>
   </div>
   <div class='ocr_carea' id='block_1_50' title="bbox 2264 3207 3918 3283">
    <p class='ocr_par' dir='ltr' id='par_1_50' title="bbox 2264 3207 3918 3283">
     <span class='ocr_line' id='line_1_51' title="bbox 2264 3207 3918 3283; baseline -0.001 -17"><span class='ocrx_word' id='word_1_309' title='bbox 2264 3207 2436 3278; x_wconf 76' lang='lat' dir='ltr'>miar,</span> <span class='ocrx_word' id='word_1_310' title='bbox 2487 3210 2897 3283; x_wconf 74' lang='lat' dir='ltr'>obiitRorico</span> <span class='ocrx_word' id='word_1_311' title='bbox 2959 3210 3280 3283; x_wconf 84' lang='lat' dir='ltr'>episcopus</span> <span class='ocrx_word' id='word_1_312' title='bbox 3329 3210 3764 3283; x_wconf 79' lang='lat' dir='ltr'>Laudunensis,</span> <span class='ocrx_word' id='word_1_313' title='bbox 3819 3207 3918 3283; x_wconf 83' lang='lat' dir='ltr'>qui</span> 
     </span>
    </p>
   </div>
   <div class='ocr_carea' id='block_1_51' title="bbox 2263 3279 3920 3350">
    <p class='ocr_par' dir='ltr' id='par_1_51' title="bbox 2263 3279 3920 3350">
     <span class='ocr_line' id='line_1_52' title="bbox 2263 3279 3920 3350; baseline -0.001 -14"><span class='ocrx_word' id='word_1_314' title='bbox 2263 3283 2400 3338; x_wconf 92' lang='lat' dir='ltr'>huic</span> <span class='ocrx_word' id='word_1_315' title='bbox 2433 3281 2708 3338; x_wconf 68' lang='lat' dir='ltr'>caznobio</span> <span class='ocrx_word' id='word_1_316' title='bbox 2765 3279 3014 3336; x_wconf 80' lang='lat' dir='ltr'>alteram</span> <span class='ocrx_word' id='word_1_317' title='bbox 3067 3279 3340 3350; x_wconf 73' lang='lat' dir='ltr'>regulam</span> <span class='ocrx_word' id='word_1_318' title='bbox 3391 3281 3662 3346; x_wconf 88' lang='lat' dir='ltr'>instituit,</span> <span class='ocrx_word' id='word_1_319' title='bbox 3693 3287 3748 3336; x_wconf 86' lang='lat' dir='ltr'>et</span> <span class='ocrx_word' id='word_1_320' title='bbox 3777 3279 3920 3334; x_wconf 80' lang='lat' dir='ltr'>mul-</span> 
     </span>
    </p>
   </div>
   <div class='ocr_carea' id='block_1_52' title="bbox 2265 3351 3922 3410">
    <p class='ocr_par' dir='ltr' id='par_1_52' title="bbox 2265 3351 3922 3410">
     <span class='ocr_line' id='line_1_53' title="bbox 2265 3351 3922 3410; baseline -0.002 -1"><span class='ocrx_word' id='word_1_321' title='bbox 2265 3357 2353 3409; x_wconf 90' lang='lat' dir='ltr'>tas</span> <span class='ocrx_word' id='word_1_322' title='bbox 2411 3369 2505 3410; x_wconf 91' lang='lat' dir='ltr'>res</span> <span class='ocrx_word' id='word_1_323' title='bbox 2556 3369 2694 3409; x_wconf 93' lang='lat' dir='ltr'>cum</span> <span class='ocrx_word' id='word_1_324' title='bbox 2757 3352 2926 3408; x_wconf 81' lang='lat' dir='ltr'>terris</span> <span class='ocrx_word' id='word_1_325' title='bbox 2987 3357 3044 3407; x_wconf 92' lang='lat' dir='ltr'>et</span> <span class='ocrx_word' id='word_1_326' title='bbox 3097 3351 3381 3408; x_wconf 85' lang='lat' dir='ltr'>altaribus</span> <span class='ocrx_word' id='word_1_327' title='bbox 3447 3351 3631 3407; x_wconf 85' lang='lat' dir='ltr'>dedit.</span> <span class='ocrx_word' id='word_1_328' title='bbox 3677 3377 3704 3400; x_wconf 75' lang='grc' dir='ltr'>υ</span> <span class='ocrx_word' id='word_1_329' title='bbox 3781 3354 3922 3406; x_wconf 86' lang='lat' dir='ltr'>Eum</span> 
     </span>
    </p>
   </div>
   <div class='ocr_carea' id='block_1_53' title="bbox 2264 3422 3920 3480">
    <p class='ocr_par' dir='ltr' id='par_1_53' title="bbox 2264 3422 3920 3480">
     <span class='ocr_line' id='line_1_54' title="bbox 2264 3422 3920 3480; baseline -0.002 -1"><span class='ocrx_word' id='word_1_330' title='bbox 2264 3423 2448 3480; x_wconf 85' lang='lat' dir='ltr'>fuisse</span> <span class='ocrx_word' id='word_1_331' title='bbox 2479 3424 2782 3480; x_wconf 87' lang='lat' dir='ltr'>eruditum</span> <span class='ocrx_word' id='word_1_332' title='bbox 2833 3428 3079 3478; x_wconf 83' lang='lat' dir='ltr'>testatur</span> <span class='ocrx_word' id='word_1_333' title='bbox 3123 3429 3262 3479; x_wconf 80' lang='lat' dir='ltr'>Atso</span> <span class='ocrx_word' id='word_1_334' title='bbox 3315 3423 3658 3478; x_wconf 86' lang='lat' dir='ltr'>monachus</span> <span class='ocrx_word' id='word_1_335' title='bbox 3683 3423 3744 3478; x_wconf 91' lang='lat' dir='ltr'>in</span> <span class='ocrx_word' id='word_1_336' title='bbox 3773 3422 3920 3477; x_wconf 90' lang='lat' dir='ltr'>libro</span> 
     </span>
    </p>
   </div>
   <div class='ocr_carea' id='block_1_54' title="bbox 2264 3494 3920 3567">
    <p class='ocr_par' dir='ltr' id='par_1_54' title="bbox 2264 3494 3920 3567">
     <span class='ocr_line' id='line_1_55' title="bbox 2264 3494 3920 3567; baseline -0.002 -17"><span class='ocrx_word' id='word_1_337' title='bbox 2264 3495 2340 3550; x_wconf 92' lang='lat' dir='ltr'>de</span> <span class='ocrx_word' id='word_1_338' title='bbox 2391 3495 2768 3563; x_wconf 84' lang='lat' dir='ltr'>Antichristo,</span> <span class='ocrx_word' id='word_1_339' title='bbox 2829 3510 3012 3567; x_wconf 88' lang='lat' dir='ltr'>quem</span> <span class='ocrx_word' id='word_1_340' title='bbox 3077 3499 3290 3566; x_wconf 88' lang='lat' dir='ltr'>rogatu</span> <span class='ocrx_word' id='word_1_341' title='bbox 3343 3494 3656 3564; x_wconf 68' lang='lat' dir='ltr'>Gcrbergze</span> <span class='ocrx_word' id='word_1_342' title='bbox 3705 3494 3920 3562; x_wconf 68' lang='lat' dir='ltr'>reginae</span> 
     </span>
    </p>
   </div>
   <div class='ocr_carea' id='block_1_55' title="bbox 2265 3567 2638 3639">
    <p class='ocr_par' dir='ltr' id='par_1_55' title="bbox 2265 3567 2638 3639">
     <span class='ocr_line' id='line_1_56' title="bbox 2265 3567 2638 3639; baseline 0.003 -17"><span class='ocrx_word' id='word_1_343' title='bbox 2265 3567 2638 3639; x_wconf 85' lang='lat' dir='ltr'>conscripsit.</span> 
     </span>
    </p>
   </div>
   <div class='ocr_carea' id='block_1_56' title="bbox 1723 3887 2697 4012">
    <p class='ocr_par' dir='ltr' id='par_1_56' title="bbox 1723 3887 2697 4012">
     <span class='ocr_line' id='line_1_57' title="bbox 1723 3887 2697 4012; baseline 0.007 -7"><span class='ocrx_word' id='word_1_344' title='bbox 1723 3887 2697 4012; x_wconf 77' lang='lat' dir='ltr'>BORIGONIS</span> 
     </span>
    </p>
   </div>
   <div class='ocr_carea' id='block_1_57' title="bbox 1899 4113 2496 4186">
    <p class='ocr_par' dir='ltr' id='par_1_57' title="bbox 1899 4113 2496 4186">
     <span class='ocr_line' id='line_1_58' title="bbox 1899 4113 2496 4186; baseline 0.003 -2"><span class='ocrx_word' id='word_1_345' title='bbox 1899 4113 2496 4186; x_wconf 83' lang='lat' dir='ltr'>CONSTITUTIO</span> 
     </span>
    </p>
   </div>
   <div class='ocr_carea' id='block_1_58' title="bbox 1051 4300 1667 4370">
    <p class='ocr_par' dir='ltr' id='par_1_58' title="bbox 1051 4300 1667 4370">
     <span class='ocr_line' id='line_1_59' title="bbox 1051 4300 1667 4370; baseline 0.005 -3"><span class='ocrx_word' id='word_1_346' title='bbox 1051 4303 1152 4367; x_wconf 85' lang='lat' dir='ltr'>De</span> <span class='ocrx_word' id='word_1_347' title='bbox 1236 4300 1667 4370; x_wconf 75' lang='lat' dir='ltr'>restituendis</span> 
     </span>
    </p>
   </div>
   <div class='ocr_carea' id='block_1_59' title="bbox 1749 4303 3320 4382">
    <p class='ocr_par' dir='ltr' id='par_1_59' title="bbox 1749 4303 3320 4382">
     <span class='ocr_line' id='line_1_60' title="bbox 1749 4303 3320 4382; baseline 0.007 -12"><span class='ocrx_word' id='word_1_348' title='bbox 1749 4303 1824 4371; x_wconf 85' lang='lat' dir='ltr'>in</span> <span class='ocrx_word' id='word_1_349' title='bbox 1893 4304 2298 4373; x_wconf 80' lang='lat' dir='ltr'>monasterio</span> <span class='ocrx_word' id='word_1_350' title='bbox 2364 4307 2442 4376; x_wconf 77' lang='grc' dir='ltr'>δ’.</span> <span class='ocrx_word' id='word_1_351' title='bbox 2551 4307 2879 4376; x_wconf 78' lang='lat' dir='ltr'>Vincentiz&#39;</span> <span class='ocrx_word' id='word_1_352' title='bbox 2975 4313 3320 4382; x_wconf 75' lang='lat' dir='ltr'>monac/iis</span> 
     </span>
    </p>
   </div>
   <div class='ocr_carea' id='block_1_60' title="bbox 1171 4460 3228 4546">
    <p class='ocr_par' dir='ltr' id='par_1_60' title="bbox 1171 4460 3228 4546">
     <span class='ocr_line' id='line_1_61' title="bbox 1171 4460 3228 4546; baseline 0.006 -30"><span class='ocrx_word' id='word_1_353' title='bbox 1171 4460 1364 4531; x_wconf 82' lang='lat' dir='ltr'>(Actes</span> <span class='ocrx_word' id='word_1_354' title='bbox 1379 4462 1451 4518; x_wconf 80' lang='lat' dir='ltr'>de</span> <span class='ocrx_word' id='word_1_355' title='bbox 1471 4463 1530 4520; x_wconf 84' lang='lat' dir='ltr'>la</span> <span class='ocrx_word' id='word_1_356' title='bbox 1555 4464 1841 4533; x_wconf 81' lang='lat' dir='ltr'>province</span> <span class='ocrx_word' id='word_1_357' title='bbox 1861 4465 2305 4538; x_wconf 83' lang='lat' dir='ltr'>eccle’siastique</span> <span class='ocrx_word' id='word_1_358' title='bbox 2331 4467 2404 4525; x_wconf 86' lang='lat' dir='ltr'>de</span> <span class='ocrx_word' id='word_1_359' title='bbox 2419 4469 2636 4541; x_wconf 86' lang='lat' dir='ltr'>Reims,</span> <span class='ocrx_word' id='word_1_360' title='bbox 2673 4473 2818 4526; x_wconf 91' lang='lat' dir='ltr'>tom.</span> <span class='ocrx_word' id='word_1_361' title='bbox 2841 4469 2882 4539; x_wconf 90' lang='lat' dir='ltr'>l,</span> <span class='ocrx_word' id='word_1_362' title='bbox 2907 4487 3047 4543; x_wconf 87' lang='lat' dir='ltr'>pag.</span> <span class='ocrx_word' id='word_1_363' title='bbox 3077 4473 3228 4546; x_wconf 84' lang='lat'><strong>626.)</strong></span> 
     </span>
    </p>
   </div>
   <div class='ocr_carea' id='block_1_61' title="bbox 2045 4651 2376 4672">
    <p class='ocr_par' dir='ltr' id='par_1_61' title="bbox 2045 4651 2376 4672">
     <span class='ocr_line' id='line_1_62' title="bbox 2045 4651 2376 4672; baseline -0.006 -1"><span class='ocrx_word' id='word_1_364' title='bbox 2045 4651 2376 4672; x_wconf 54' lang='lat' dir='ltr'>manu</span> 
     </span>
    </p>
   </div>
   <div class='ocr_carea' id='block_1_62' title="bbox 561 4766 3934 4865">
    <p class='ocr_par' dir='ltr' id='par_1_62' title="bbox 561 4766 3934 4865">
     <span class='ocr_line' id='line_1_63' title="bbox 561 4766 3934 4865; baseline -0.001 -17"><span class='ocrx_word' id='word_1_365' title='bbox 561 4766 902 4865; x_wconf 42' lang='lat' dir='ltr'>Auxiliﬁntﬁ</span> <span class='ocrx_word' id='word_1_366' title='bbox 919 4787 1192 4845; x_wconf 57' lang='lat' dir='ltr'>Supernae</span> <span class='ocrx_word' id='word_1_367' title='bbox 1205 4779 1647 4854; x_wconf 83' lang='lat' dir='ltr'>propitiationis</span> <span class='ocrx_word' id='word_1_368' title='bbox 1673 4784 2008 4859; x_wconf 87' lang='lat' dir='ltr'>clementia,</span> <span class='ocrx_word' id='word_1_369' title='bbox 2031 4788 2145 4848; x_wconf 85' lang='lat' dir='ltr'>Ro-</span> <span class='ocrx_word' id='word_1_370' title='bbox 2177 4795 2218 4852; x_wconf 91' lang='lat' dir='ltr'>C</span> <span class='ocrx_word' id='word_1_371' title='bbox 2259 4789 2486 4850; x_wconf 89' lang='lat' dir='ltr'>honore</span> <span class='ocrx_word' id='word_1_372' title='bbox 2511 4791 2890 4860; x_wconf 88' lang='lat' dir='ltr'>venerabilis,</span> <span class='ocrx_word' id='word_1_373' title='bbox 2920 4805 3100 4865; x_wconf 90' lang='lat' dir='ltr'>super</span> <span class='ocrx_word' id='word_1_374' title='bbox 3113 4805 3236 4863; x_wconf 90' lang='lat' dir='ltr'>qua</span> <span class='ocrx_word' id='word_1_375' title='bbox 3257 4789 3420 4847; x_wconf 87' lang='lat' dir='ltr'>fama</span> <span class='ocrx_word' id='word_1_376' title='bbox 3451 4788 3757 4846; x_wconf 79' lang='lat' dir='ltr'>ferebatur</span> <span class='ocrx_word' id='word_1_377' title='bbox 3776 4781 3934 4844; x_wconf 47' lang='lat' dir='ltr'>anti&#39;</span> 
     </span>
    </p>
   </div>
   <div class='ocr_carea' id='block_1_63' title="bbox 491 4855 2146 4950">
    <p class='ocr_par' dir='ltr' id='par_1_63' title="bbox 491 4855 2146 4950">
     <span class='ocr_line' id='line_1_64' title="bbox 491 4855 2146 4950; baseline 0.018 -45"><span class='ocrx_word' id='word_1_378' title='bbox 491 4868 643 4950; x_wconf 66' lang='lat' dir='ltr'>meo,</span> <span class='ocrx_word' id='word_1_379' title='bbox 659 4855 766 4911; x_wconf 91' lang='lat' dir='ltr'>etsi</span> <span class='ocrx_word' id='word_1_380' title='bbox 781 4857 1065 4950; x_wconf 83' lang='lat' dir='ltr'>indignus</span> <span class='ocrx_word' id='word_1_381' title='bbox 1078 4869 1262 4923; x_wconf 65' lang='lat' dir='ltr'>santae</span> <span class='ocrx_word' id='word_1_382' title='bbox 1274 4869 1694 4928; x_wconf 90' lang='lat' dir='ltr'>Laudunensis</span> <span class='ocrx_word' id='word_1_383' title='bbox 1709 4875 1980 4932; x_wconf 73' lang='lat' dir='ltr'>Ecclesiae</span> <span class='ocrx_word' id='word_1_384' title='bbox 1995 4855 2146 4950; x_wconf 68' lang='lat' dir='ltr'>prae-</span> 
     </span>
    </p>
   </div>
   <div class='ocr_carea' id='block_1_64' title="bbox 491 4939 2146 5025">
    <p class='ocr_par' dir='ltr' id='par_1_64' title="bbox 491 4939 2146 5025">
     <span class='ocr_line' id='line_1_65' title="bbox 491 4939 2146 5025; baseline 0.018 -31"><span class='ocrx_word' id='word_1_385' title='bbox 491 4939 758 4999; x_wconf 90' lang='lat' dir='ltr'>sulatum</span> <span class='ocrx_word' id='word_1_386' title='bbox 787 4946 1062 5022; x_wconf 88' lang='lat' dir='ltr'>adeptus,</span> <span class='ocrx_word' id='word_1_387' title='bbox 1093 4957 1483 5016; x_wconf 87' lang='lat' dir='ltr'>considerans</span> <span class='ocrx_word' id='word_1_388' title='bbox 1515 4961 1736 5020; x_wconf 81' lang='lat' dir='ltr'>ultimae</span> <span class='ocrx_word' id='word_1_389' title='bbox 1777 4939 2146 5025; x_wconf 76' lang='lat' dir='ltr'>evocationis</span> 
     </span>
    </p>
   </div>
   <div class='ocr_carea' id='block_1_65' title="bbox 490 5033 2147 5129">
    <p class='ocr_par' dir='ltr' id='par_1_65' title="bbox 490 5033 2147 5129">
     <span class='ocr_line' id='line_1_66' title="bbox 490 5033 2147 5129; baseline 0.019 -45"><span class='ocrx_word' id='word_1_390' title='bbox 490 5033 734 5100; x_wconf 83' lang='lat' dir='ltr'>sortem,</span> <span class='ocrx_word' id='word_1_391' title='bbox 757 5037 824 5090; x_wconf 91' lang='lat' dir='ltr'>ut</span> <span class='ocrx_word' id='word_1_392' title='bbox 837 5039 1082 5110; x_wconf 72' lang='lat' dir='ltr'>caeteris,</span> <span class='ocrx_word' id='word_1_393' title='bbox 1099 5043 1246 5100; x_wconf 88' lang='lat' dir='ltr'>mihi</span> <span class='ocrx_word' id='word_1_394' title='bbox 1265 5061 1510 5122; x_wconf 87' lang='lat' dir='ltr'>quoque</span> <span class='ocrx_word' id='word_1_395' title='bbox 1527 5051 1859 5122; x_wconf 81' lang='lat' dir='ltr'>imminere,</span> <span class='ocrx_word' id='word_1_396' title='bbox 1875 5061 2147 5129; x_wconf 90' lang='lat' dir='ltr'>peccato-</span> 
     </span>
    </p>
   </div>
   <div class='ocr_carea' id='block_1_66' title="bbox 486 5134 2145 5220">
    <p class='ocr_par' dir='ltr' id='par_1_66' title="bbox 486 5134 2145 5220">
     <span class='ocr_line' id='line_1_67' title="bbox 486 5134 2145 5220; baseline 0.019 -46"><span class='ocrx_word' id='word_1_397' title='bbox 486 5134 625 5220; x_wconf 71' lang='lat' dir='ltr'>rum</span> <span class='ocrx_word' id='word_1_398' title='bbox 645 5137 890 5220; x_wconf 81' lang='lat' dir='ltr'>quoque</span> <span class='ocrx_word' id='word_1_399' title='bbox 907 5142 1182 5220; x_wconf 84' lang='lat' dir='ltr'>meorum</span> <span class='ocrx_word' id='word_1_400' title='bbox 1205 5149 1390 5206; x_wconf 91' lang='lat' dir='ltr'>quam</span> <span class='ocrx_word' id='word_1_401' title='bbox 1421 5155 1646 5210; x_wconf 88' lang='lat' dir='ltr'>magno</span> <span class='ocrx_word' id='word_1_402' title='bbox 1671 5159 1916 5216; x_wconf 88' lang='lat' dir='ltr'>pressus</span> <span class='ocrx_word' id='word_1_403' title='bbox 1930 5161 2145 5216; x_wconf 81' lang='lat' dir='ltr'>grava~</span> 
     </span>
    </p>
   </div>
   <div class='ocr_carea' id='block_1_67' title="bbox 485 5213 2144 5310">
    <p class='ocr_par' dir='ltr' id='par_1_67' title="bbox 485 5213 2144 5310">
     <span class='ocr_line' id='line_1_68' title="bbox 485 5213 2144 5310; baseline 0.019 -47"><span class='ocrx_word' id='word_1_404' title='bbox 485 5213 852 5310; x_wconf 65' lang='lat' dir='ltr'>mine,_cmpi</span> <span class='ocrx_word' id='word_1_405' title='bbox 903 5219 1074 5310; x_wconf 81' lang='lat' dir='ltr'>apud</span> <span class='ocrx_word' id='word_1_406' title='bbox 1093 5237 1192 5277; x_wconf 93' lang='lat' dir='ltr'>me</span> <span class='ocrx_word' id='word_1_407' title='bbox 1231 5225 1408 5284; x_wconf 86' lang='lat' dir='ltr'>tacita</span> <span class='ocrx_word' id='word_1_408' title='bbox 1449 5213 2144 5294; x_wconf 65' lang='lat' dir='ltr'>deliberationetractare</span> 
     </span>
    </p>
   </div>
   <div class='ocr_carea' id='block_1_68' title="bbox 507 5299 2146 5399">
    <p class='ocr_par' dir='ltr' id='par_1_68' title="bbox 507 5299 2146 5399">
     <span class='ocr_line' id='line_1_69' title="bbox 507 5299 2146 5399; baseline 0.018 -46"><span class='ocrx_word' id='word_1_409' title='bbox 507 5299 802 5399; x_wconf 77' lang='lat' dir='ltr'>quiddam</span> <span class='ocrx_word' id='word_1_410' title='bbox 813 5305 952 5399; x_wconf 85' lang='lat' dir='ltr'>huic</span> <span class='ocrx_word' id='word_1_411' title='bbox 974 5309 1123 5377; x_wconf 90' lang='lat' dir='ltr'>sedi,</span> <span class='ocrx_word' id='word_1_412' title='bbox 1146 5312 1241 5368; x_wconf 87' lang='lat' dir='ltr'>cui</span> <span class='ocrx_word' id='word_1_413' title='bbox 1262 5321 1504 5376; x_wconf 91' lang='lat' dir='ltr'>auctore</span> <span class='ocrx_word' id='word_1_414' title='bbox 1529 5323 1645 5377; x_wconf 90' lang='lat' dir='ltr'>Deo</span> <span class='ocrx_word' id='word_1_415' title='bbox 1669 5325 1984 5397; x_wconf 66' lang='lat' dir='ltr'>praesideo,</span> <span class='ocrx_word' id='word_1_416' title='bbox 2007 5341 2146 5399; x_wconf 89' lang='lat' dir='ltr'>pro-</span> 
     </span>
    </p>
   </div>
   <div class='ocr_carea' id='block_1_69' title="bbox 482 5384 2147 5477">
    <p class='ocr_par' dir='ltr' id='par_1_69' title="bbox 482 5384 2147 5477">
     <span class='ocr_line' id='line_1_70' title="bbox 482 5384 2147 5477; baseline 0.021 -39"><span class='ocrx_word' id='word_1_417' title='bbox 482 5384 772 5463; x_wconf 83' lang='lat' dir='ltr'>futurum,</span> <span class='ocrx_word' id='word_1_418' title='bbox 803 5397 953 5453; x_wconf 91' lang='lat' dir='ltr'>meis</span> <span class='ocrx_word' id='word_1_419' title='bbox 973 5415 1116 5459; x_wconf 91' lang='lat' dir='ltr'>vero</span> <span class='ocrx_word' id='word_1_420' title='bbox 1139 5404 1354 5477; x_wconf 90' lang='lat' dir='ltr'>opinor</span> <span class='ocrx_word' id='word_1_421' title='bbox 1383 5384 1765 5468; x_wconf 70' lang='lat' dir='ltr'>consulendis</span> <span class='ocrx_word' id='word_1_422' title='bbox 1787 5384 2147 5471; x_wconf 77' lang='lat' dir='ltr'>criminibus</span> 
     </span>
    </p>
   </div>
   <div class='ocr_carea' id='block_1_70' title="bbox 479 5485 2147 5580">
    <p class='ocr_par' dir='ltr' id='par_1_70' title="bbox 479 5485 2147 5580">
     <span class='ocr_line' id='line_1_71' title="bbox 479 5485 2147 5580; baseline 0.024 -52"><span class='ocrx_word' id='word_1_423' title='bbox 479 5485 1013 5580; x_wconf 44' lang='lat' dir='ltr'>pitueoes&#39;sarium.</span> <span class='ocrx_word' id='word_1_424' title='bbox 1031 5492 1338 5566; x_wconf 89' lang='lat' dir='ltr'>Siquidem</span> <span class='ocrx_word' id='word_1_425' title='bbox 1353 5497 1416 5554; x_wconf 91' lang='lat' dir='ltr'>in</span> <span class='ocrx_word' id='word_1_426' title='bbox 1431 5499 1610 5560; x_wconf 87' lang='lat' dir='ltr'>latere</span> <span class='ocrx_word' id='word_1_427' title='bbox 1627 5505 1872 5572; x_wconf 89' lang='lat' dir='ltr'>montis,</span> <span class='ocrx_word' id='word_1_428' title='bbox 1888 5505 1983 5560; x_wconf 92' lang='lat' dir='ltr'>cui</span> <span class='ocrx_word' id='word_1_429' title='bbox 2001 5519 2147 5577; x_wconf 71' lang='lat' dir='ltr'>prae-</span> 
     </span>
    </p>
   </div>
   <div class='ocr_carea' id='block_1_71' title="bbox 479 5569 2145 5674">
    <p class='ocr_par' dir='ltr' id='par_1_71' title="bbox 479 5569 2145 5674">
     <span class='ocr_line' id='line_1_72' title="bbox 479 5569 2145 5674; baseline -0.013 -4"><span class='ocrx_word' id='word_1_430' title='bbox 479 5569 1369 5674; x_wconf 48' lang='lat' dir='ltr'>ﬁmivi‘aﬁiﬂprospectu</span> <span class='ocrx_word' id='word_1_431' title='bbox 1415 5591 1638 5655; x_wconf 69' lang='lat' dir='ltr'>semcet</span> <span class='ocrx_word' id='word_1_432' title='bbox 1666 5596 1818 5674; x_wconf 85' lang='lat' dir='ltr'>ejus,</span> <span class='ocrx_word' id='word_1_433' title='bbox 1851 5569 1941 5649; x_wconf 87' lang='lat' dir='ltr'>est</span> <span class='ocrx_word' id='word_1_434' title='bbox 1959 5569 2145 5649; x_wconf 76' lang='lat' dir='ltr'>eccle-</span> 
     </span>
    </p>
   </div>
   <div class='ocr_carea' id='block_1_72' title="bbox 479 5657 2140 5766">
    <p class='ocr_par' dir='ltr' id='par_1_72' title="bbox 479 5657 2140 5766">
     <span class='ocr_line' id='line_1_73' title="bbox 479 5657 2140 5766; baseline 0.036 -61"><span class='ocrx_word' id='word_1_435' title='bbox 479 5657 568 5708; x_wconf 80' lang='lat' dir='ltr'>sia</span> <span class='ocrx_word' id='word_1_436' title='bbox 610 5657 720 5714; x_wconf 88' lang='lat' dir='ltr'>sita</span> <span class='ocrx_word' id='word_1_437' title='bbox 751 5663 941 5722; x_wconf 87' lang='lat' dir='ltr'>sancti</span> <span class='ocrx_word' id='word_1_438' title='bbox 971 5668 1259 5732; x_wconf 83' lang='lat' dir='ltr'>Vincentii</span> <span class='ocrx_word' id='word_1_439' title='bbox 1287 5681 1510 5752; x_wconf 86' lang='lat' dir='ltr'>egregii</span> <span class='ocrx_word' id='word_1_440' title='bbox 1539 5657 1826 5766; x_wconf 44' lang='lat' dir='ltr'>mart&#39;yril&#39;!</span> <span class='ocrx_word' id='word_1_441' title='bbox 1868 5683 2036 5766; x_wconf 69' lang='lat' dir='ltr'>cultu.</span> <span class='ocrx_word' id='word_1_442' title='bbox 2086 5685 2140 5764; x_wconf 60' lang='lat' dir='ltr'>ei</span> 
     </span>
    </p>
   </div>
   <div class='ocr_carea' id='block_1_73' title="bbox 2258 4877 3934 4954">
    <p class='ocr_par' dir='ltr' id='par_1_73' title="bbox 2258 4877 3934 4954">
     <span class='ocr_line' id='line_1_74' title="bbox 2258 4877 3934 4954; baseline -0.003 -18"><span class='ocrx_word' id='word_1_443' title='bbox 2258 4885 2394 4954; x_wconf 82' lang='lat' dir='ltr'>quis</span> <span class='ocrx_word' id='word_1_444' title='bbox 2422 4880 2795 4954; x_wconf 87' lang='lat' dir='ltr'>temporibus</span> <span class='ocrx_word' id='word_1_445' title='bbox 2811 4881 3069 4950; x_wconf 90' lang='lat' dir='ltr'>insigem</span> <span class='ocrx_word' id='word_1_446' title='bbox 3087 4879 3268 4936; x_wconf 83' lang='lat' dir='ltr'>fuisse</span> <span class='ocrx_word' id='word_1_447' title='bbox 3296 4877 3648 4936; x_wconf 68' lang='lat' dir='ltr'>monasticae</span> <span class='ocrx_word' id='word_1_448' title='bbox 3673 4892 3934 4934; x_wconf 53' lang='lat' dir='ltr'>converJ</span> 
     </span>
    </p>
   </div>
   <div class='ocr_carea' id='block_1_74' title="bbox 2259 4967 3926 5044">
    <p class='ocr_par' dir='ltr' id='par_1_74' title="bbox 2259 4967 3926 5044">
     <span class='ocr_line' id='line_1_75' title="bbox 2259 4967 3926 5044; baseline -0.002 -19"><span class='ocrx_word' id='word_1_449' title='bbox 2259 4969 2530 5039; x_wconf 85' lang='lat' dir='ltr'>sationis,</span> <span class='ocrx_word' id='word_1_450' title='bbox 2553 4986 2687 5042; x_wconf 77' lang='lat' dir='ltr'>quae</span> <span class='ocrx_word' id='word_1_451' title='bbox 2712 4969 2960 5044; x_wconf 88' lang='lat' dir='ltr'>quidem</span> <span class='ocrx_word' id='word_1_452' title='bbox 2989 4969 3283 5025; x_wconf 92' lang='lat' dir='ltr'>moderno</span> <span class='ocrx_word' id='word_1_453' title='bbox 3303 4973 3570 5040; x_wconf 90' lang='lat' dir='ltr'>tempore</span> <span class='ocrx_word' id='word_1_454' title='bbox 3593 4967 3926 5024; x_wconf 84' lang='lat' dir='ltr'>destitutio-</span> 
     </span>
    </p>
   </div>
   <div class='ocr_carea' id='block_1_75' title="bbox 2255 5057 3928 5132">
    <p class='ocr_par' dir='ltr' id='par_1_75' title="bbox 2255 5057 3928 5132">
     <span class='ocr_line' id='line_1_76' title="bbox 2255 5057 3928 5132; baseline -0.003 -16"><span class='ocrx_word' id='word_1_455' title='bbox 2255 5059 2350 5116; x_wconf 90' lang='lat' dir='ltr'>nis</span> <span class='ocrx_word' id='word_1_456' title='bbox 2363 5059 2798 5117; x_wconf 89' lang='lat' dir='ltr'>succumbebat</span> <span class='ocrx_word' id='word_1_457' title='bbox 2812 5075 2928 5132; x_wconf 91' lang='lat' dir='ltr'>pen</span> <span class='ocrx_word' id='word_1_458' title='bbox 2937 5059 3096 5128; x_wconf 56' lang='lat' dir='ltr'>urina,</span> <span class='ocrx_word' id='word_1_459' title='bbox 3119 5059 3313 5114; x_wconf 90' lang='lat' dir='ltr'>donec</span> <span class='ocrx_word' id='word_1_460' title='bbox 3326 5057 3741 5131; x_wconf 77' lang='lat' dir='ltr'>praedecessor</span> <span class='ocrx_word' id='word_1_461' title='bbox 3757 5072 3928 5112; x_wconf 90' lang='lat' dir='ltr'>meus</span> 
     </span>
    </p>
   </div>
   <div class='ocr_carea' id='block_1_76' title="bbox 2256 5145 3930 5222">
    <p class='ocr_par' dir='ltr' id='par_1_76' title="bbox 2256 5145 3930 5222">
     <span class='ocr_line' id='line_1_77' title="bbox 2256 5145 3930 5222; baseline -0.002 -18"><span class='ocrx_word' id='word_1_462' title='bbox 2256 5147 2602 5204; x_wconf 82' lang='lat' dir='ltr'>Adelelmus</span> <span class='ocrx_word' id='word_1_463' title='bbox 2615 5149 3022 5222; x_wconf 88' lang='lat' dir='ltr'>undecunque</span> <span class='ocrx_word' id='word_1_464' title='bbox 3041 5147 3385 5221; x_wconf 86' lang='lat' dir='ltr'>sumptibus</span> <span class='ocrx_word' id='word_1_465' title='bbox 3408 5145 3733 5203; x_wconf 89' lang='lat' dir='ltr'>duodecim</span> <span class='ocrx_word' id='word_1_466' title='bbox 3751 5161 3930 5202; x_wconf 89' lang='lat' dir='ltr'>cano—</span> 
     </span>
    </p>
   </div>
   <div class='ocr_carea' id='block_1_77' title="bbox 2255 5237 3932 5294">
    <p class='ocr_par' dir='ltr' id='par_1_77' title="bbox 2255 5237 3932 5294">
     <span class='ocr_line' id='line_1_78' title="bbox 2255 5237 3932 5294; baseline -0.001 -1"><span class='ocrx_word' id='word_1_467' title='bbox 2255 5237 2530 5294; x_wconf 91' lang='lat' dir='ltr'>nicorum</span> <span class='ocrx_word' id='word_1_468' title='bbox 2571 5238 2632 5293; x_wconf 92' lang='lat' dir='ltr'>in</span> <span class='ocrx_word' id='word_1_469' title='bbox 2687 5254 2759 5294; x_wconf 92' lang='lat' dir='ltr'>ea</span> <span class='ocrx_word' id='word_1_470' title='bbox 2803 5239 3158 5294; x_wconf 90' lang='lat' dir='ltr'>serviturum</span> <span class='ocrx_word' id='word_1_471' title='bbox 3205 5241 3570 5294; x_wconf 88' lang='lat' dir='ltr'>conventum</span> <span class='ocrx_word' id='word_1_472' title='bbox 3619 5237 3932 5292; x_wconf 78' lang='lat' dir='ltr'>constituit</span> 
     </span>
    </p>
   </div>
   <div class='ocr_carea' id='block_1_78' title="bbox 2257 5325 3931 5399">
    <p class='ocr_par' dir='ltr' id='par_1_78' title="bbox 2257 5325 3931 5399">
     <span class='ocr_line' id='line_1_79' title="bbox 2257 5325 3931 5399; baseline -0.002 -16"><span class='ocrx_word' id='word_1_473' title='bbox 2257 5327 2464 5384; x_wconf 90' lang='lat' dir='ltr'>ordine</span> <span class='ocrx_word' id='word_1_474' title='bbox 2492 5328 2724 5384; x_wconf 88' lang='lat' dir='ltr'>vivendi</span> <span class='ocrx_word' id='word_1_475' title='bbox 2753 5327 3120 5399; x_wconf 89' lang='lat' dir='ltr'>religiosum.</span> <span class='ocrx_word' id='word_1_476' title='bbox 3173 5329 3302 5393; x_wconf 87' lang='lat' dir='ltr'>Quo</span> <span class='ocrx_word' id='word_1_477' title='bbox 3333 5327 3414 5383; x_wconf 88' lang='lat' dir='ltr'>ita</span> <span class='ocrx_word' id='word_1_478' title='bbox 3441 5325 3754 5398; x_wconf 83' lang='lat' dir='ltr'>defuncto,</span> <span class='ocrx_word' id='word_1_479' title='bbox 3799 5341 3931 5382; x_wconf 86' lang='lat' dir='ltr'>cre-</span> 
     </span>
    </p>
   </div>
   <div class='ocr_carea' id='block_1_79' title="bbox 2256 5413 3930 5488">
    <p class='ocr_par' dir='ltr' id='par_1_79' title="bbox 2256 5413 3930 5488">
     <span class='ocr_line' id='line_1_80' title="bbox 2256 5413 3930 5488; baseline -0.001 -17"><span class='ocrx_word' id='word_1_480' title='bbox 2256 5414 2670 5473; x_wconf 90' lang='lat' dir='ltr'>brescentibus</span> <span class='ocrx_word' id='word_1_481' title='bbox 2695 5417 3075 5474; x_wconf 89' lang='lat' dir='ltr'>diversorum</span> <span class='ocrx_word' id='word_1_482' title='bbox 3127 5415 3391 5472; x_wconf 90' lang='lat' dir='ltr'>cladium</span> <span class='ocrx_word' id='word_1_483' title='bbox 3437 5415 3612 5471; x_wconf 86' lang='lat' dir='ltr'>malis</span> <span class='ocrx_word' id='word_1_484' title='bbox 3651 5431 3810 5488; x_wconf 82' lang='lat' dir='ltr'>pene</span> <span class='ocrx_word' id='word_1_485' title='bbox 3848 5413 3930 5470; x_wconf 81' lang='lat' dir='ltr'>ad</span> 
     </span>
    </p>
   </div>
   <div class='ocr_carea' id='block_1_80' title="bbox 2256 5505 3930 5581">
    <p class='ocr_par' dir='ltr' id='par_1_80' title="bbox 2256 5505 3930 5581">
     <span class='ocr_line' id='line_1_81' title="bbox 2256 5505 3930 5581; baseline 0 -23"><span class='ocrx_word' id='word_1_486' title='bbox 2256 5505 2576 5576; x_wconf 87' lang='lat' dir='ltr'>pristinum</span> <span class='ocrx_word' id='word_1_487' title='bbox 2597 5507 2878 5581; x_wconf 88' lang='lat' dir='ltr'>prolapsa</span> <span class='ocrx_word' id='word_1_488' title='bbox 2919 5512 3006 5564; x_wconf 79' lang='lat' dir='ltr'>est</span> <span class='ocrx_word' id='word_1_489' title='bbox 3041 5506 3430 5562; x_wconf 72' lang='lat' dir='ltr'>desolatimis</span> <span class='ocrx_word' id='word_1_490' title='bbox 3466 5505 3930 5562; x_wconf 79' lang='lat' dir='ltr'>detrimentum-</span> 
     </span>
    </p>
   </div>
   <div class='ocr_carea' id='block_1_81' title="bbox 2257 5593 3926 5672">
    <p class='ocr_par' dir='ltr' id='par_1_81' title="bbox 2257 5593 3926 5672">
     <span class='ocr_line' id='line_1_82' title="bbox 2257 5593 3926 5672; baseline 0.002 -24"><span class='ocrx_word' id='word_1_491' title='bbox 2257 5593 2430 5660; x_wconf 88' lang='lat' dir='ltr'>Quod</span> <span class='ocrx_word' id='word_1_492' title='bbox 2472 5611 2584 5666; x_wconf 89' lang='lat' dir='ltr'>ego</span> <span class='ocrx_word' id='word_1_493' title='bbox 2605 5613 2726 5654; x_wconf 90' lang='lat' dir='ltr'>non</span> <span class='ocrx_word' id='word_1_494' title='bbox 2749 5597 3164 5672; x_wconf 62' lang='lat' dir='ltr'>aequanimiter</span> <span class='ocrx_word' id='word_1_495' title='bbox 3203 5597 3418 5662; x_wconf 84' lang='lat' dir='ltr'>ferens,</span> <span class='ocrx_word' id='word_1_496' title='bbox 3481 5597 3747 5652; x_wconf 81' lang='lat' dir='ltr'>maxime</span> <span class='ocrx_word' id='word_1_497' title='bbox 3777 5595 3926 5668; x_wconf 85' lang='lat' dir='ltr'>quia</span> 
     </span>
    </p>
   </div>
   <div class='ocr_carea' id='block_1_82' title="bbox 2255 5685 3916 5762">
    <p class='ocr_par' dir='ltr' id='par_1_82' title="bbox 2255 5685 3916 5762">
     <span class='ocr_line' id='line_1_83' title="bbox 2255 5685 3916 5762; baseline 0.002 -23"><span class='ocrx_word' id='word_1_498' title='bbox 2255 5697 2380 5758; x_wconf 83' lang='lat' dir='ltr'>non</span> <span class='ocrx_word' id='word_1_499' title='bbox 2411 5687 2534 5758; x_wconf 79' lang='lat' dir='ltr'>tam</span> <span class='ocrx_word' id='word_1_500' title='bbox 2565 5687 2722 5747; x_wconf 80' lang='lat' dir='ltr'>sedis</span> <span class='ocrx_word' id='word_1_501' title='bbox 2745 5689 2928 5761; x_wconf 89' lang='lat' dir='ltr'>hujus</span> <span class='ocrx_word' id='word_1_502' title='bbox 2956 5687 3402 5762; x_wconf 76' lang='lat' dir='ltr'>episcoporum,</span> <span class='ocrx_word' id='word_1_503' title='bbox 3421 5685 3528 5744; x_wconf 91' lang='lat' dir='ltr'>sed</span> <span class='ocrx_word' id='word_1_504' title='bbox 3545 5685 3726 5743; x_wconf 87' lang='lat' dir='ltr'>etiam</span> <span class='ocrx_word' id='word_1_505' title='bbox 3743 5685 3916 5742; x_wconf 90' lang='lat' dir='ltr'>nobi-</span> 
     </span>
    </p>
   </div>
  </div>
