4166 6162
319 107 428 161 953

313 316 585 388 generali
613 315 1169 389 conventu,ipsius
1201 322 1450 380 consilio
1505 326 1886 400 deliberatus,
1936 331 1996 386 in

303 405 647 477 antiquum,
687 407 748 458 ut
775 402 945 458 fama
969 408 1121 473 erat,
1156 413 1627 470 conversationis
1649 419 1995 474 monasticae

302 498 531 550 statum
561 493 927 582 reformare,
949 497 1009 549 et
1034 499 1220 566 prout
1248 495 1516 559 dictabat
1558 508 1842 579 temporis
1890 525 1995 582 op-

304 583 648 656 portunitas
673 580 1302 656 quantulumcunque
1325 603 1644 650 numerum
1669 580 1995 653 monacho-

302 688 443 728 rum
476 687 828 742 aggregare.
863 673 1148 729 Evocatis
1175 673 1358 743 igitur
1387 695 1422 736 a
1445 686 1804 742 monasterio
1825 703 1993 744 sanc-

304 763 344 818 ti
375 762 670 819 Benedicti
694 777 878 835 supra
939 763 1201 834 Ligerim
1246 765 1357 823 sito
1414 771 1732 832 duodecim
1782 794 1992 834 mona-

305 849 454 917 chis,
485 849 570 904 eis
595 849 1008 907 venerabilem
1055 851 1442 913 Melchanum
1501 862 1736 932 praefeci
1803 866 1989 922 abba-

305 943 448 1005 tem,
481 954 742 1010 eumque
769 955 908 994 cum
936 940 1172 997 caeteris
1207 945 1526 1003 monachis
1545 947 1605 1004 in
1637 952 1848 1007 eodem
1875 968 1988 1007 cce-

305 1025 493 1082 nobio
524 1027 605 1083 ad
629 1030 747 1083 Deo
777 1028 1171 1086 serviendum
1206 1034 1513 1103 constitui,
1561 1039 1780 1111 quibus
1838 1041 1990 1096 inter

305 1119 522 1172 caetera
548 1115 842 1172 beneﬁcia
874 1133 910 1173 a
931 1135 1029 1174 me
1061 1118 1286 1176 collata
1314 1125 1594 1182 secundae
1626 1129 1783 1185 sedis
1839 1130 1990 1203 epis-

314 1209 572 1278 copatus
595 1204 970 1275 dignitatem,
1001 1208 1081 1264 ab
1112 1211 1602 1272 antecessoribus
1630 1220 1847 1274 nostris
1887 1235 1989 1276 an-

307 1293 490 1365 tiquis
516 1293 712 1350 eidem
745 1293 1022 1351 Ecclesiae
1053 1312 1352 1358 concessa
1377 1305 1748 1376 approbans,
1770 1308 1986 1364 contir-

306 1382 473 1438 mavi
506 1400 518 1437 :
555 1382 923 1455 sepulturam
943 1400 1192 1458 quoque
1239 1389 1686 1465 episcoporum,
1740 1397 1985 1452 canoni-

305 1489 540 1538 corum,
599 1477 957 1541 casatorum,
1011 1475 1366 1551 custodum,
1444 1485 1648 1540 matris
1714 1486 1984 1542 Ecclesiae

307 1561 760 1634 capellanorum
779 1577 848 1617 ac
865 1562 1250 1619 servientium
1269 1572 1332 1623 et
1350 1569 1738 1629 familiarium
1750 1590 1982 1643 eorum,

307 1651 582 1708 concessi
607 1651 784 1708 etiam
809 1653 1184 1724 procinctum
1211 1658 1268 1711 et
1299 1657 1642 1718 districtum
1701 1663 1873 1719 vallis
1930 1668 1988 1720 et

1005 105 1429 168 ARTHALDUS
1471 115 1860 175 RHEMENSIS
1898 119 2221 178 ARCHIEP.
2264 156 2330 164 —
2370 127 2648 184 NOTITIA
2689 131 3077 192 HISTORICA.

303 229 480 299 lium,
509 241 750 283 necnon
767 224 1074 316 laicorum
1091 228 1434 291 habebatur
1451 240 1778 314 sepultura,
1809 243 1999 299 accito
2029 247 2088 310 A,
2107 248 2348 316 montis,
2382 254 2492 305 etc.

3660 141 3766 196 954

2531 267 2543 318 ;
2589 256 2652 306 ut
2707 258 2909 310 autem
2964 257 3092 316 haec
3133 260 3456 317 auctoritas
3516 260 3767 317 ﬁrmiori

2107 334 2304 393 valeat
2335 338 2556 408 vigore,
2590 343 2709 395 tam
2742 345 2985 414 proprio
3017 349 3232 422 sigillo,
3282 367 3471 422 quam
3526 349 3768 405 clerico-

2104 437 2240 480 rum
2266 430 2635 491 nostrorum,
2669 433 2723 484 et
2749 429 3042 492 nobilium
3075 437 3365 495 laicorum
3424 437 3768 495 testimonio

2107 513 2311 570 subter
2338 515 2623 573 roborare
2654 519 3018 578 censuimus.

2178 603 2424 673 Signum
2447 605 2752 664 Roriconis
2773 608 3003 679 indigni
3031 614 3441 671 Laudunensis
3469 615 3764 688 praesulis.

2176 693 2502 750 Statuimus
2527 711 2668 766 ergo
2695 713 2830 754 eam
2857 701 3086 757 mittere
3118 705 3472 760 venerandae
3505 706 3763 777 synodo,

2100 795 2236 851 quae
2264 781 2472 837 habita
2501 788 2588 840 est
2619 786 2784 858 apud
2830 791 3086 846 Montem
3145 792 3375 847 Sanctae
3432 793 3650 858 Mariis,
3703 794 3765 850 in

2099 882 2259 938 pago
2291 870 2676 944 Tardanensi,
2709 891 2915 933 mense
2936 879 3104 947 Maio,
3154 878 3258 934 ubi
3310 879 3629 935 recitatum
3679 886 3770 938 est

2097 954 2213 1012 hoc
2243 958 2538 1015 residente
2577 960 2824 1020 domino
2874 965 3247 1024 Adalberone
3305 966 3770 1041 archiepiscopo

2097 1059 2238 1102 cum
2264 1048 2658 1122 coepiscopis,
2692 1057 2872 1127 atque
2903 1057 3213 1112 communi
3261 1071 3525 1114 assensu
3565 1056 3643 1112 ab
3681 1057 3768 1113 eis

2095 1134 2470 1194 roboratam.

2167 1223 2469 1281 Adalbero
2495 1232 2715 1285 sanctae
2743 1231 3012 1288 Ecclesiae
3067 1234 3375 1290 Remensis
3435 1233 3766 1306 archiepis-

2097 1326 2286 1384 copus
2317 1313 2669 1389 subscripsi,
2703 1324 2759 1375 et
2787 1322 3192 1379 corroboravi.

2166 1404 2380 1458 Actum
2415 1405 2660 1462 Laudini
2687 1424 2848 1464 anno
2879 1412 3310 1467 lncarnationis
3345 1413 3585 1469 Domini
3623 1429 3764 1470 nos-

2096 1489 2168 1544 tri
2197 1492 2336 1546 Jesu
2371 1493 2580 1551 Christi
2610 1499 2734 1566 961,
2764 1498 2966 1554 indict.
3005 1517 3085 1568 tv,
3117 1501 3374 1557 Kalend.
3403 1503 3678 1560 Octobris
3703 1504 3764 1560 in

2097 1591 2260 1633 anno
2286 1595 2365 1633 νιι
2398 1581 2654 1639 Lotharii
2688 1584 2866 1653 regis.

319 1833 3770 1907 5%

1596 1985 1774 2031 ANNO
1823 1987 2046 2032 DOMINI
2096 1989 2392 2036 DCCCCLX!

1453 2113 2631 2272 ARTHALDUS

1518 2370 1923 2429 RHEMENSIS
1960 2375 2555 2436 ARCHIEPISCOPUS

999 2638 1446 2720 NOTITIA
1521 2643 2112 2726 HISTORICA
2170 2649 2285 2728 IN
2353 2651 3076 2730 ARTHALDUM.

1660 2843 1764 2914 (Ex
1809 2841 1996 2900 Gallia
2024 2845 2411 2916 Christiana.)

384 3134 411 3159 ‹‹
439 3115 550 3191 N_ec
579 3129 767 3191 more,
787 3114 990 3191 inquit
1020 3113 1414 3191 Flodoardus,
1438 3123 1576 3191 post
1598 3119 1859 3191 obitumq
1887 3118 1974 3191 ip—
2007 3105 2050 3157 Β
2093 3136 2408 3188 cenorum,
2441 3137 2477 3178 a
2506 3123 2646 3178 sede
2678 3140 2787 3180 sua
2813 3126 3160 3187 recesserat,
3183 3122 3244 3178 in
3295 3126 3560 3182 Ecclesia
3614 3128 3758 3184 Rhe-

309 3182 436 3237 sius
465 3184 639 3240 Seulti
674 3182 1006 3242 Heribei'tus
1037 3202 1238 3242 comes
1281 3182 1521 3244 Rhemis
1571 3191 1734 3246 venit
1789 3182 1974 3244 adve-

306 3269 454 3308 cans
485 3255 799 3330 Abbonem
819 3258 1170 3330 episcopum
1205 3260 1676 3330 Suessionicum,
1712 3266 1769 3316 et
1794 3264 1974 3316 Bovo-

305 3340 447 3380 nem
475 3327 943 3403 Catalaunicu—m.
981 3327 1209 3403 Quibus
1245 3328 1359 3403 sibi
1405 3327 1669 3403 junctis,
1710 3337 1972 3387 tractans

307 3397 796 3472 super_elcctione
829 3400 1071 3472 rectoris
1092 3400 1274 3472 hujus
1301 3397 1653 3472 Rhemensis
1676 3403 1970 3472 Ecclesia),

307 3473 442 3543 tam
463 3469 705 3543 clericos
733 3487 918 3543 quam
941 3471 1125 3527 laicos
1153 3469 1229 3526 ad
1262 3471 1633 3532 voluntatem
1666 3490 1841 3530 suam
1889 3469 1976 3528 in;

307 3539 547 3614 tendere
579 3541 727 3597 fecit.
751 3539 1085 3614 Sequentes
1109 3543 1288 3612 igitur
1316 3543 1448 3612 ejus
1503 3547 1846 3611 consilium,
1897 3561 1973 3600 ne

305 3611 453 3666 forte
503 3627 608 3685 per
637 3611 950 3670 extraneas
979 3611 1269 3685 persenas
1300 3611 1688 3685 episcopatus
1742 3616 1972 3671 divide-

303 3687 484 3759 retur,
534 3683 757 3752 eligunt
792 3683 1211 3759 lilium—ipsius.
1251 3683 1839 3759 noinine‘Hugonem
1865 3689 1970 3759 ad:

307 3753 558 3831 modum
603 3757 946 3831 parvulum,
1001 3753 1106 3830 (fui
1159 3773 1266 3811 nec
1326 3757 1527 3831 adhuc
1575 3753 1973 3831 quinquennii

306 3830 544 3895 tempus
577 3827 885 3901 explesset.
919 3827 1043 3901 Qua
1061 3843 1132 3901 re
1162 3832 1425 3901 patrata
1457 3830 1538 3884 ad
1591 3827 1795 3901 regem
1840 3844 1976 3901 pro-

306 3897 692 3970 perant,_eju's
739 3900 1107 3955 auctoritatis
1157 3897 1554 3970 impetrandae
1608 3897 1817 3970 gratia.
1841 3897 1975 3954 'Ro-

307 3966 510 4043 dult‘us
538 3966 716 4043 igitur
742 3985 866 4037 rex,
891 3971 1012 4026 hac
1043 3966 1340 4043 electione
1379 3966 1712 4043 comperta.
1764 3971 1975 4043 praefa-

309 4042 509 4093 torum
535 4039 956 4112 episcoporum
989 4041 1236 4097 consilio
1283 4039 1684 4098 Rhcmcrisem
1742 4039 1975 4113 episco-

307 4115 520 4181 patum
551 4113 865 4168 committit
892 4113 1197 4169 Heriberto
1224 4112 1521 4181 aequitatis
1552 4112 1808 4168 censura
1857 4112 1976 4166 dis-

309 4181 664 4256 ponendum
689 4187 867 4256 atque
894 4184 1227 4256 regendum
1259 4181 1336 4239 ab
1365 4185 1517 4256 ipso.
1554 4184 1662 4250 Qui
1691 4183 1866 4239 etiam
1900 4183 1977 4256 1e-

311 4257 483 4320 gatos
517 4252 786 4326 Ecclesiae
816 4272 954 4310 cum
976 4254 1234 4326 Abbone
1267 4252 1522 4326 praesule
1544 4259 1798 4311 Romam
1845 4253 1975 4326 mit-

313 4332 435 4378 tere
467 4324 692 4392 sategit,
727 4326 908 4397 hujus
938 4325 1242 4382 electionis
1269 4324 1592 4382 decretum
1647 4341 1853 4382 secum
1898 4325 1977 4380 fe-

313 4398 528 4470 rentes,
562 4401 618 4450 et
643 4411 957 4470 assensum
989 4413 1163 4470 papze
1198 4413 1378 4470 super
1399 4413 1470 4470 ea
1490 4402 1777 4470 petentes.
1803 4399 1952 4470 Joan

313 4481 431 4548 nes
445 4456 646 4548 itaque
680 4483 863 4540 papa,
926 4456 1350 4524 inter‘veniente
1372 4456 1650 4548 ‘Abbone
1679 4467 1972 4548 praesule.
2010 4456 2048 4509 (Σ

315 4536 581 4611 petitioni
612 4536 821 4611 eorum
853 4555 1216 4595 consensum
1243 4538 1544 4611 praebens.
1598 4536 1973 4610 episc0pium

318 4607 644 4688 Rhemense
704 4610 943 4688 Abboni
975 4607 1278 4688 episcopo
1317 4610 1591 4688 delegat,
1635 4607 1783 4688 quae
1808 4607 1978 4664 'sunt

315 4678 670 4754 episcopalis
703 4681 1010 4754 ministerii
1029 4678 1118 4754 ab
1149 4678 1283 4754 ip-so
1314 4682 1372 4736 in
1409 4678 1633 4754 eodem
1666 4678 1976 4754 “episcopo

321 4751 624 4806 tractanda
656 4758 712 4807 et
741 4753 1007 4831 finienda
1035 4751 1380 4831 decernens.
1407 4751 1976 4831 Heribertusitaque

318 4836 516 4896 comes
544 4828 830 4896 potestate
856 4824 1077 4896 potitus
1106 4825 1453 4896 Rhemensis
1480 4821 1767 4896 episcopii
1791 4821 1975 4890 injus-

317 4895 370 4966 te
404 4893 654 4966 privavit
681 4900 801 4949 tam
835 4893 930 4950 me
962 4895 1064 4966 qui
1097 4911 1220 4950 non
1252 4893 1634 4951 interfueram
1654 4893 1974 4966 praemissae

320 4962 587 5038 electioni
621 4962 1335 5038 suze,quam—nonnullos
1359 4966 1505 5022 alios
1523 4970 1587 5038 et
1613 4962 1862 5038 clericos
1920 4968 1977 5018 et

318 5033 499 5109 laicos
541 5033 858 5109 beneficiis,
897 5037 1349 5109 possessionum
1392 5035 1973 5109 ecclesiasticarum.

319 5105 537 5180 quibus
568 5105 1107 5180 a_przecedehtibus
1138 5108 1434 5180 episcopis
1458 5107 1751 5180 munerati
1811 5107 1973 5161 vide-

317 5174 533 5259 bamur
563 5174 1493 5259 ob'secundationisgratia.Duae
1518 5193 1634 5259 pro
1653 5177 1822 5259 libitu
1850 5193 1975 5257 suae

319 5247 636 5329 voluntatis
661 5250 883 5329 quibus
913 5251 1025 5306 sibi
1056 5247 1281 5329 placuit
1317 5247 1689 5329 impertivit;
1712 5248 1972 5329 Interim,

322 5333 479 5401 anno
502 5323 623 5386 927,
677 5319 946 5401 synodus
995 5319 1098 5401 sei:
1155 5319 1576 5401 episcoporum
1628 5319 1975 5401 Rhemensis

320 5388 642 5464 dioeceseos
668 5388 834 5464 apud
863 5388 1213 5460 'l‘rosleium',
1239 5388 1550 5464 Heribertii
1578 5390 1807 5446 comitis
1851 5391 1978 5464 jus-

323 5460 484 5542 sione
517 5460 864 5542 convocata,
891 5481 1030 5542 rege
1054 5470 1264 5542 tamen
1303 5463 1617 5542 Rodulpho
1669 5461 1973 5542 contradi-

322 5536 506 5599 cente,
534 5538 767 5606 patrata
797 5542 902 5592 est.
933 5533 1211 5591 Periclem
1239 5534 1356 5590 fere
1382 5533 1636 5606 tempus,
1662 5533 1970 5588 Odolricus

311 5605 612 5675 ,Aquensis
639 5607 958 5681 episcopus
986 5607 1110 5680 qui,
1142 5606 1222 5663 ob
1250 5605 1727 5680 persecutionem
1774 5607 1972 5661 Sarra-

2093 3195 2290 3265 mensi
2320 3193 2601 3265 recipitur
2631 3194 2708 3249 ab
2741 3195 3045 3249 Heriberto
3073 3194 3310 3265 comite,
3344 3197 3420 3253 ad
3453 3197 3756 3254 celebran-

2091 3263 2243 3338 dum
2271 3263 2613 3338 episcopale
2641 3265 2932 3338 duntaxat
2957 3263 3376 3338 ministerium,
3402 3269 3528 3324 vice
3561 3271 3758 3338 Hugo-

2089 3334 2207 3404 nis,
2239 3334 2429 3410 ipsius
2462 3334 2696 3391 comitis
2720 3336 2843 3410 ﬁlii,
2874 3343 3012 3410 tunc
3058 3336 3258 3393 adhuc
3298 3334 3555 3410 parvuli,
3619 3334 3760 3396 con-

2090 3407 2279 3480 cessa“
2294 3407 2488 3463 eidem
2519 3407 2757 3480 praesuli
2790 3407 3250 3480 abbatiasancti
3288 3407 3576 3467 Timothei
3612 3429 3753 3468 cum

2091 3479 2273 3533 unius
2301 3478 2536 3534 tantum
2563 3478 2888 3534 praebenda
2919 3479 3128 3534 clerici.
3169 3503 3196 3528 ››

2164 3553 2338 3605 Anno
2369 3553 2493 3618 931,
2528 3549 2586 3604 id
2617 3555 2705 3604 est
2743 3550 2888 3605 forte
2941 3553 3064 3616 93'2,
3115 3555 3179 3605 ut
3235 3550 3344 3607 fert
3396 3553 3756 3610 Chronicum

2091 3620 2451 3694 Rhemense,
2483 3625 2615 3675 orta
2631 3621 2927 3676 simultate
2949 3622 3116 3694 inter;
3149 3622 3396 3694 comites
3445 3627 3756 3694 Hugonem

2091 3695 2148 3766 et
2181 3692 2582 3766 Hei-ibertum,
2607 3706 2676 3745 ac
2732 3707 2934 3766 regem
2965 3692 3403 3766 ‘Rodulphum,
3460 3692 3574 3755 hic,
3597 3701 3760 3766 post

2092 3763 2209 3833 tres
2240 3761 2677 3833 hebdomadas,
2712 3767 2886 3832 capta
2918 3761 3230 3816 Rhemensi
3277 3765 3440 3827 urbe,
3475 3761 3760 3833 conjunc-

2090 3831 2164 3904 tis
2219 3831 2331 3886 sibi
2360 3831 2598 3904 _decem_
2646 3835 2703 3885 et
2745 3831 3230 3904 octogepiscopis
3279 3849 3351 3904 ex
3383 3831 3630 3890 Francia
3660 3835 3757 3890 vel

2091 3900 2460 3983 Rurgundia,
2493 3900 2921 3983 fecit‘ordinari
2963 3900 3074 3956 hac
3111 3900 3184 3983 in
3241 3903 3382 3957 sede
3419 3905 3754 3983 Aprmsuleu}

2092 3973 2408 4044 Artaldum
2435 3973 2764 4044 quemdam
2807 3988 2878 4027 ex
2933 3972 3207 4044 coenobio
3265 3972 3454 4028 sancti
3507 3976 3756 4044 Remigii

2090 4043 2484 4098 monachum.
2517 4042 2626 4096 Sed
2656 4058 2816 4097 anno
2833 4044 2955 4107 940,
2991 4043 3328 4112 Herbertus,
3352 4042 3752 4102 Durocortoro

2089 4113 2314 4184 iterum
2332 4112 2396 4184 in
2424 4129 2596 4168 suam
2621 4117 2971 4184 potestatem
2994 4113 3254 4181 redacto,
3289 4115 3599 4170 Artaldum
3621 4133 3754 4172 coe-

2091 4184 2176 4252 git
2201 4183 2483 4265 alidicare
2516 4199 2589 4265 se.
2607 4183 2977 4265 episcopatu.
3003 4187 3185 4248 Tunc,
3211 4186 3752 4265 annoinsequenti,

2091 4255 2397 4325 synodum
2429 4254 2591 4327 apud
2626 4254 2971 4327 Suessiones
3002 4256 3404 4327 congregavit,
3437 4254 3610 4327 cujus
3653 4257 3754 4312 de-

2092 4324 2253 4406 creto
2285 4324 2484 4405 Hugo,’
2506 4324 2660 4404 ﬁlius
2682 4325 2812 4406 ejus
2831 4325 2997 4406 clero
3021 4331 3076 4380 et
3105 4324 3330 4406 populo
3368 4324 3750 4406 assentiente,

2091 4395 2580 4467 archiepiscopus
2608 4395 2669 4450 in
2714 4395 2961 4451 basilica
3017 4395 3206 4452 sancti
3250 4397 3497 4467 Remigii
3544 4414 3753 4454 conse-

2091 4473 2290 4548 cratus
2321 4469 2464 4548 est‘a
2496 4467 2847 4548 Rhemensis
2878 4467 3195 4548 provinciae
3216 4468 3539 4548 episcopis.
3574 4471 3752 4548 Caete-

2089 4536 2170 4610 r_is
2196 4535 2632 4610 ille_ord_inibus
2657 4537 2786 4605 jam
2818 4535 3078 4610 initiatus
3105 4535 3751 4610 eratfmino'ribiusiquie

2090 4607 2230 4662 dem
2261 4607 2338 4662 ab
2368 4607 2618 4662 Abbone
2643 4608 3074 4677 Suessionensi,
3094 4609 3415 4664 diaconatu
3435 4625 3470 4664 a
3491 4607 3752 4666 Widone

2090 4678 2611 4743 Antissiodorensi,
2646 4679 2978 4734 sacerdotio
3010 4694 3045 4733 a
3071 4679 3327 4734 Widone
3357 4679 3748 4736 Suessionen-

2091 4749 2158 4803 si.
2193 4753 2366 4803 Anno
2398 4752 2522 4815 945,
2550 4748 2726 4816 legati
2757 4749 3106 4804 Rhemensis
3129 4749 3396 4805 Ecclesiae
3427 4750 3621 4806 Roma
3665 4767 3754 4807 re-

2091 4819 2295 4888 gressi,
2326 4819 2573 4895 pallium
2605 4818 2798 4874 eidem
2832 4821 3106 4876 deferunt
3153 4837 3188 4875 a
3241 4821 3544 4895 Stephano
3585 4838 3752 4895 papa

2092 4891 2530 4944 transmissum.
2557 4895 2727 4944 Anno
2751 4895 2875 4946 94Ξὶ.
2901 4909 3207 4946 summum
3234 4891 3492 4948 Frahcire
3520 4891 3727 4949 cancél

2089 4961 2314 5045 larium‘
2338 4961 2597 5045 gerebat.
2633 4967 2804 5045 anno
2962 4962 3197 5045 abbatis
3237 4965 3566 5045 Remigiani
3618 4965 3752 5045 jure

2090 5049 2159 5086 ac
2193 5032 2358 5086 titulo
2393 5031 2590 5086 cessit.
2625 5032 2800 5087 Anno
2831 5038 2955 5102 946,
2992 5031 3453 5091 Durocortorum
3505 5031 3744 5091 obside-

2092 5109 2184 5159 tur
2216 5120 2250 5156 a
2275 5104 2459 5157 tribus
2491 5102 2754 5170 regibus,
2792 5105 3091 5160 Ludovico
3124 5108 3546 5161 Transmarino
3576 5108 3750 5160 Fran-

2091 5175 2216 5231 ciae.
2243 5175 2468 5229 Othone
2501 5175 2850 5235 Germaniae.
2883 5177 3202 5232 Couraddo
3249 5176 3448 5247 Galliae
3477 5175 3743 5247 rCisalpi-

2089 5263 2202 5301 nm.
2237 5247 2407 5313 Hugo
2433 5247 2866 5318 verosentiens
2895 5263 2956 5301 se
2989 5251 3152 5302 tanto
3210 5246 3490 5318 exercitui
3537 5246 3750 5318 parem

2090 5333 2209 5372 non
2243 5333 2390 5382 esse,
2421 5316 2666 5371 consilio
2699 5317 2900 5372 habito
2932 5334 3069 5372 cum
3096 5317 3342 5371 Arnult‘o
3398 5316 3751 5376 Flandrensi

2094 5388 2333 5443 Widone
2384 5388 2866 5456 consanguineis,
2939 5387 3084 5458 quid
3133 5388 3246 5442 hoc
3296 5388 3354 5442 in
3403 5387 3749 5447 discrimine

2089 5460 2394 5530 agendum
2423 5465 2574 5515 esset
2604 5464 2867 5531 (pactum
2894 5474 3156 5531 namque
3185 5463 3309 5514 erat
3358 5465 3421 5515 ut
3477 5477 3750 5516 erueren-

2089 5529 2182 5588 tu’r
2210 5532 2396 5604 ipsius
2417 5531 2593 5610 oculi,
2709 5529 2916 5610 urbem
2943 5529 3161 5610 .capi
3202 5531 3586 5610 contigisset),
3635 5532 3746 5610 sibi

2089 5599 2329 5673 cavens,
2357 5605 2494 5676 post
2538 5601 2772 5657 tertium
2833 5599 3162 5657 obsidionis
3207 5599 3390 5660 diem"
3427 5599 3565 5660 cum
3623 5602 3745 5658 suis
