4114 6146
260 189 368 242 957

1308 146 1311 147 ν
1368 189 1702 248 EPISTOLA
1742 190 1838 245 AD
1881 178 2131 245 SYNOU.
2173 190 2571 249 TNGELHEIM.

3580 196 3694 260 958'

258 309 600 398 abbatissge.
636 313 877 398 l‘i‘xs‘tant
897 311 1041 398 anni
1077 312 1280 398 hujus,
1336 318 1394 370 et
1440 328 1740 398 annorum
1766 316 1912 398 939,
1945 318 1991 367 Α
2029 313 2153 398 Kal.
2184 313 2445 398 Octobr.,
2472 315 2687 398 morbo
2717 296 3031 398 correptus
3044 320 3470 398 mortalitatem
3486 325 3684 398 exple-

258 385 363 456 9_:50
388 388 444 436 et
472 384 573 456 953
626 382 1079 454 diplomata,~ex
1130 382 1352 456 quibus
1407 391 1639 441 constat
1683 384 1913 441 Arthal-

257 451 401 506 dum
465 452 643 508 fuisse
693 451 842 526 tunc
892 451 1199 509 summum
1248 457 1416 526 regni
1466 457 1913 511 cancellarium.

257 527 429 577 Anno
450 527 577 589 925-2,
605 525 861 580 reddidit
892 525 1254 595 Rcmigianis
1278 525 1588 583 monachis
1607 527 1915 583 abbatiam

258 595 589 719 gmmdam
651 596 891 651 nomine
946 596 1181 653 Coslam
1232 598 1293 653 in
1348 601 1581 667 Vosago
1632 600 1911 671 positam.

306 666 485 719 odem
521 682 680 719 anno
709 667 933 719 clericis
979 668 1366 719 saecularibus
1418 670 1581 719 amid
1639 675 1911 719 sanctum

306 666 485 741 odem
521 682 680 721 anno
709 667 933 741 clericis
979 668 1366 741 saecularibus
1412 666 1583 741 apud
1633 666 1915 741 sanctum

261 736 536 822 Basolum
564 738 892 822 monachos
924 738 1226 822 substituit
1250 758 1261 799 :
1313 736 1662 822 iisdemque
1680 740 1915 822 Rhemi-

259 806 729 881 gianis_d_edisse
774 809 955 865 fertur
1010 810 1314 867 abbatiam
1368 806 1569 868 sancti
1606 812 1915 881 Timothei,

256 894 391 948 quae
417 878 494 932 ad
521 879 633 954 hoc
666 896 860 951 usque
895 886 1130 954 tempus
1174 883 1595 938 Rhemensium
1624 878 1915 954 {trchiepié

258 964 579 1028 scoporum
602 949 824 1028 fuerat;
867 953 975 1007 sed
1016 949 1153 1028 haec
1204 955 1509 1028 concessio
1556 949 1916 1028 Adalbcroni

256 1022 455 1090 potius
477 1022 675 1076 referri
698 1022 909 1090 debet;
950 1039 1071 1094 qua
1097 1024 1172 1078 de
1201 1040 1263 1079 re
1311 1025 1441 1093 lege
1495 1026 1916 1081 Bollandianos

255 1096 430 1168 Aug,
458 1096 602 1168 tom.
639 1095 722 1147 IV.
745 1110 892 1168 pag.
926 1098 1050 1149 576.
1083 1097 1396 1168 Anno_953
1429 1097 1731 1168 synodum
1782 1112 1916 1168 coe-

257 1162 340 1239 git
368 1162 634 1239 quinque
663 1162 1080 1239 episcoporum
1125 1166 1288 1239 apud
1334 1162 1629 1239 sanctum,
1660 1167 1919 1224 Theode-

254 1233 443 1311 ricum
462 1233 1048 1311 inﬁgro‘Rhemensi.
1063 1233 1234 1293 Anno
1250 1241 1373 1301 954,
1392 1238 1545 1311 prid.
1574 1238 1653 1293 ld.
1674 1241 1919 1311 Novem-

254 1302 369 1376 br.,
398 1302 765 1376 NLotharium
809 1323 1009 1376 regem
1063 1302 1423 1364 Francorum
1455 1310 1827 1364 consecravit
1858 1308 1915 1364 in

257 1373 504 1430 basilica
540 1377 724 1431 sancti
776 1373 1042 1444 Remigii.
1094 1382 1268 1434 Anno
1319 1384 1441 1443 958,
1486 1384 1755 1437 Castrum
1807 1384 1917 1435 Co-

253 1444 550 1501 diciacum
585 1453 853 1520 ereptum
882 1451 1157 1505 ECCleSltB
1190 1468 1313 1505 sure
1345 1468 1380 1506 a
1410 1452 1756 1507 Theobaldo
1786 1457 1917 1507 tiar-

253 1520 487 1572 noteusi
510 1520 725 1575 comite
752 1522 1138 1592 expugnavit.
1163 1524 1413 1577 Demum
1437 1539 1597 1579 anno
1616 1526 1740 1591 961,
1759 1522 1912 1594 prid.

2026 385 2137 465 vit,“
2156 384 2548 465 sepultusque
2563 392 2657 465 est
2686 389 2767 465 ad
2791 384 2974 459 pedes
3007 392 3196 465 sancti
3229 395 3496 465 Remigii.

2097 458 2260 537 Tunc
2289 456 2694 537 adnitentibus
2725 456 2974 537 liugonc
3005 463 3221 537 comite
3252 456 3501 537 aliisque
3547 470 3684 523 Her-

2027 525 2173 581 berti
2198 526 2401 608 liberis
2428 532 2482 608 et
2514 528 2807 608 episcopis
2829 525 3225 608 quibusdam,
3247 538 3310 591 ut
3330 525 3559 608 Hugoni
3590 554 3687 594 va-

2026 613 2145 677 cua
2189 597 2336 677 jam_
2364 597 2926 677 sedes—Rhcm‘ensis
2966 597 3330 677 reiideretur,
3389 597 3686 677 (fcrberga

2024 668 2256 751 regina,
2287 674 2341 724 et
2372 672 2563 751 Brnno
2592 673 2719 751 ejus
2751 672 2948 751 frater,
2979 668 3410 751 impedimenta
3447 668 3684 751 objece-

2026 744 2184 817 runt,
2217 740 2498 817 quamvis
2530 743 2840 817 Lotharius
2878 740 2983 800 rex
3012 740 3366 803 restitutioni
3418 740 3685 817 Hugonis

2026 810 2277 885 faveret;
2312 816 2367 865 ct
2397 812 2454 867 iu
2490 814 2834 885 synodoad
2855 818 3179 871 Matronam
3208 817 3268 871 in
3293 810 3542 877 dioecesi
3555 822 3684 879 Mel-

2025 881 2217 958 densi,
2249 898 2453 937 coram
2486 881 2847 955 praesulibus
2876 885 2979 958 qui
3019 902 3090 958 eo
3139 898 3543 947 convenerant
3593 909 3687 948 res

2026 952 2297 1029 discussa
2330 959 2436 1021 est,
2486 952 2654 1029 anno
2685 959 2788 1011 962
2815 973 2828 1022 ;
2861 952 2964 1011 sed
2995 957 3140 1013 nihil
3172 958 3286 1014 sibi
3316 960 3393 1015 de
3425 963 3686 1029 Hugonis

2026 1039 2209 1079 causa
2263 1024 2602 1080 inconsulto
2660 1042 2900 1082 summo
2969 1029 3247 1090 pontiﬁce
3301 1024 3687 1090 statuendum

2027 1110 2329 1167 censuere.
2362 1096 2691 1167 praesertim
2723 1098 2932 1153 Rorico
2965 1096 3374 1157 Laudunensis
3404 1108 3461 1159 et
3490 1104 3687 1160 Gibui-s

2025 1182 2139 1220 nus
2167 1165 2637 1253 Catalaunensis,
2695 1185 2842 1251 cum.
2874 1184 2910 1225 a
2934 1168 3209 1253 pluribus
3254 1172 3560 1253 episcopis
3583 1191 3686 1231 ex-

2026 1239 2507 1292 communicatus
2536 1239 2955 1295 communioni
2979 1239 3388 1298 ecclesiasticae
3438 1239 3690 1301 redinte-

2027 1308 2185 1375 grari
2216 1322 2337 1363 non
2370 1314 2586 1380 posset.
2634 1311 2768 1366 Post
2812 1310 3058 1367 allatum
3113 1320 3313 1369 autem
3356 1316 3545 1371 Roma
3593 1332 3684 1372 re-

2028 1380 2591 1450 sponsum,rejecto
2611 1384 2876 1449 Hugone,
2906 1382 3058 1438 alius
3086 1385 3329 1439 antistes
3352 1386 3681 1443 ordinatur.

2030 1449 2107 1504 De
2163 1449 2397 1521 scriptis
2442 1452 2707 1507 Arthaldi
2760 1453 2889 1520 lege
2944 1454 3263 1511 Historiam
3320 1457 3685 1519 Litterariam

2032 1522 2307 1585 Francizr,
2340 1526 2484 1576 tom.
2518 1525 2606 1589 VI,
2642 1539 2777 1594 pag.
2819 1528 2945 1581 297.

1300 1877 2018 1984 ARTH
2036 1878 2381 1983 AL
2400 1880 2645 1985 DI

1083 2102 1792 2189 RHEMENSIS
1908 2092 2865 2190 ARCHIEPISCOI’I

1624 2292 2319 2420 EPISTULA

393 2550 566 2644 AD
638 2551 1251 2648 SYNODUM
1318 2555 1666 2648 APUD
1734 2554 2461 2648 INGELHEIM
2531 2556 3522 2654 CONGREGATAM.

1082 2762 1278 2828 (Actes
1308 2762 1382 2820 de
1412 2764 1470 2818 la
1496 2761 1784 2832 province
1814 2760 2256 2832 eccle’siastique
2285 2761 2357 2817 de
2386 2762 2602 2829 Reims,
2639 2764 2688 2831 Ι,
2721 2764 2870 2834 614.)

325 3068 554 3122 Sanctae
607 3070 891 3123 Romanae
950 3072 1008 3123 et
1073 3068 1415 3141 apostolicae
1479 3069 1637 3126 sedis
1695 3070 1916 3127 vicario
1951 3073 1989 3126 Β
2028 3070 2302 3142 pluribus
2334 3070 2478 3136 suis,
2511 3069 2799 3139 jubentur
2848 3069 2927 3125 ad
2977 3069 3268 3126 rationem
3320 3064 3692 3127 reddendam

247 3154 476 3210 domno
508 3159 747 3225 Manum,
780 3157 1197 3229 universasque
1228 3163 1451 3213 sanctae
1484 3160 1722 3232 synodo
1753 3160 1918 3233 apud

252 3245 596 3313 Engelheim
630 3250 1013 3315 congregata,
1060 3252 1415 3313 Auruncus,
1465 3248 1666 3304 divina
1713 3249 1915 3321 propi—

250 3334 432 3390 tiante
464 3336 796 3401 clementia,
830 3337 1193 3392 Rhemorum
1209 3337 1714 3410 archiepiscopus.

324 3427 589 3479 Domnus
619 3426 906 3497 Agapitus
938 3441 1101 3499 papa
1137 3425 1362 3483 litteras
1386 3427 1562 3483 nobis
1591 3432 1649 3483 et
1691 3429 1915 3489 cmteris

250 3514 621 3585 coepiscopis
664 3519 882 3570 nostra;
921 3515 1250 3570 dimceseos
1300 3516 1534 3583 direxit,
1586 3517 1643 3571 in
1695 3518 1917 3588 quibus

249 3603 531 3674 praecepit
557 3604 637 3672 {ut
686 3602 765 3658 ab
812 3603 926 3658 hoc
974 3604 1301 3659 sanctitatis
1352 3609 1555 3660 vestrae
1602 3605 1915 3660 consilium

249 3691 567 3747 convenire
599 3692 994 3761 studeremus,
1016 3693 1093 3748 ita
1123 3694 1390 3749 instructi
1423 3694 1497 3749 de
1529 3695 1831 3763 omnibus,
1856 3699 1920 3750 ut

246 3780 334 3834 rei
360 3779 576 3833 veritas
607 3779 681 3833 de
705 3780 958 3835 miseriis
986 3787 1203 3836 nostris
1237 3782 1415 3847 sedis,
1450 3797 1603 3853 quas
1631 3784 1912 3853 patimur,

250 3881 454 3921 coram
490 3866 797 3921 sanctitate
823 3873 1019 3923 vestra
1041 3868 1361 3924 manifesta
1388 3869 1511 3924 ﬁeri
1530 3872 1918 3941 posset.Quo.

250 3955 406 4011 circa
436 3956 751 4027 propalare
780 3956 1108 4027 prudentiae
1150 3962 1357 4011 vestrae
1389 3959 1780 4014 commodum
1811 3959 1918 4013 du-

245 4043 466 4111 ximus,
497 4044 753 4115 qu-iliter
782 4059 873 4099 res
903 4045 1217 4099 exordium
1251 4046 1491 4117 coeperit
1540 4046 1659 4101 litis
1714 4048 1913 4117 hujus,

248 4147 387 4204 quas
415 4131 613 4187 adhuc
642 4133 794 4188 inter
821 4149 917 4187 me
960 4138 1013 4189 ct
1040 4134 1351 4201 Hugonem
1396 4135 1726 4190 miserrime
1773 4150 1915 4190 ven-

248 4218 465 4275 tilatur.
497 4220 782 4276 Defuncto
813 4221 1110 4293 siquidem
1156 4221 1406 4277 Heriveo
1438 4222 1912 4296 archiepiscopo,

251 4308 540 4376 Seulfum,
572 4310 677 4381 qui
723 4310 1244 4366 archidiaconatus
1295 4310 1461 4366 urbis
1508 4317 1726 4367 nostrte
1778 4318 1916 4368 tunc

247 4398 446 4454 oﬂicio
466 4397 849 4470 fungebatur,
883 4400 963 4455 ad
994 4400 1384 4472 praesulatum
1434 4401 1705 4471 ejusdem
1758 4402 1914 4457 sedis
1948 4428 1986 4481 η

248 4485 543 4553 eligimus.
571 4487 680 4553 Qui
702 4487 967 4559 pontifex
989 4487 1319 4555 ordinatus,
1352 4504 1672 4544 assumens
1723 4489 1914 4545 selum

249 4580 456 4631 contra
481 4576 791 4648 prOximos
820 4577 1282 4648 prtedecessoris
1316 4577 1428 4644 sui,
1475 4593 1614 4632 cum
1659 4593 1762 4633 eos
1812 4594 1917 4649 per

255 4666 444 4718 semet
468 4678 504 4718 a
534 4663 666 4719 loco
694 4663 994 4736 depellere
1034 4679 1155 4719 non
1204 4664 1445 4731 valeret,
1491 4664 1741 4720 concilio
1771 4666 1917 4721 inito

254 4765 395 4805 cum
424 4750 795 4822 quibusdam
810 4751 995 4820 laicis,
1012 4752 1231 4807 scilicet
1246 4767 1356 4807 cor
1366 4751 1596 4807 siliariis
1611 4752 1754 4820 suis,
1772 4752 1917 4807 ami-

258 4836 458 4892 citiam
479 4838 754 4910 quaesivit
783 4839 1064 4895 Heriberti
1093 4840 1346 4909 comitis,
1379 4856 1565 4912 quam
1594 4841 1735 4895 dato
1758 4841 1918 4910 jure-

246 4927 509 4996 jurando
558 4944 664 4999 per
707 4930 953 4984 eosdem
984 4929 1354 4985 consiliarios
1405 4930 1682 4996 obtinuit,
1730 4947 1800 4986 eo
1832 4934 1915 4986 te-

218 5031 406 5073 .nore
440 5022 502 5072 ut
527 5023 663 5089 post
686 5016 918 5072 obitum
946 5017 1132 5089 ipsius
1173 5017 1253 5072 ad
1281 5018 1631 5074 electionem
1676 5019 1916 5091 pontifi-

246 5105 338 5160 cis
372 5105 591 5161 milites
620 5106 883 5162 ecclesiae
909 5105 1249 5161 nullatenus
1277 5107 1609 5178 aspirarent
1629 5107 1753 5163 sine
1780 5123 1920 5164 con-

246 5194 379 5250 silio
409 5196 600 5267 ipsius
632 5195 909 5252 Heriberti
934 5214 947 5250 :
970 5196 1130 5251 idem
1154 5211 1293 5251 vero
1316 5211 1518 5251 comes
1545 5197 1783 5252 fratrem
1815 5201 1918 5254 lle-

243 5284 393 5340 rivei
420 5285 712 5356 praesulis,
745 5291 802 5341 et
829 5289 1076 5357 nepotes
1120 5284 1331 5356 ipsius,
1381 5300 1417 5340 a
1464 5285 1915 5357 participatione

245 5388 449 5429 rerum
474 5374 819 5430 Rhemensis
847 5374 1134 5447 episcopii
1165 5379 1488 5447 separaret,
1535 5374 1758 5446 quibus
1805 5391 1913 5447 pa-

249 5463 777 5529 tratis,insimulati
805 5467 944 5519 sunt
962 5464 1145 5520 iidem
1171 5464 1496 5537 propinqui
1516 5464 1745 5519 Herivei
1767 5481 1914 5537 prae-

249 5551 396 5607 sulis
425 5567 463 5608 a
493 5549 824 5607 consiliaris
856 5550 1034 5607 Seulﬂ
1054 5552 1322 5625 episcopi
1360 5551 1705 5607 inﬁdelitate
1724 5552 1913 5624 ipsius

250 5638 503 5697 senioris
548 5639 658 5708 sui,
692 5639 1098 5716 accercitoque
1153 5640 1456 5697 Heriberto
1508 5640 1724 5697 comite
1771 5655 1909 5697 cum

2026 3176 2231 3215 coram
2265 3160 2409 3234 ipsis
2437 3158 2657 3219 venire.
2692 3160 2757 3214 Et
2781 3157 2924 3229 quia
2953 3162 3160 3213 contra
3211 3173 3333 3227 eos,
3384 3176 3421 3214 a
3470 3156 3692 3231 quibus

2028 3250 2291 3305 accusati
2364 3249 2618 3316 fuerant,
2680 3246 2965 3315 singulari
3019 3247 3301 3317 congredi
3368 3247 3691 3303 certamine

2026 3338 2366 3404 noluerunt,
2401 3336 2654 3392 sublatis
2690 3335 2768 3391 ab
2794 3336 2878 3391 eis
2917 3336 3096 3391 rebus
3145 3352 3298 3409 quas
3348 3352 3421 3392 ex
3462 3336 3691 3408 episco-

2025 3426 2128 3496 pio
2158 3424 2572 3498 possidebant,
2605 3423 3023 3496 comprehensi
3052 3427 3209 3487 sunt,
3243 3428 3421 3497 atque
3450 3424 3693 3480 deducti

2024 3528 2132 3585 per
2163 3514 2531 3569 Heribertum
2576 3514 2856 3567 comitem
2901 3512 2980 3568 ad
3030 3512 3353 3569 Robertum
3401 3528 3625 3583 regem,
3657 3526 3694 3569 a

2026 3617 2150 3674 quo
2197 3602 2376 3658 etiam
2430 3601 2547 3657 sub
2590 3600 2867 3656 custodia
2916 3605 3057 3656 sunt
3105 3600 3327 3657 detenti
3374 3617 3567 3674 usque
3614 3601 3693 3658 ad

2026 3696 2279 3745 mortem
2339 3690 2527 3762 ipsius
2578 3689 2834 3744 Roberti.
2888 3689 3086 3745 Tertio
3129 3689 3377 3745 demum
3424 3690 3517 3745 sui
3577 3688 3695 3763 epi-

2027 3783 2310 3849 scopatus
2338 3793 2500 3833 anno
2529 3777 2761 3831 Seulfus
2792 3776 3139 3847 episcopus,
3170 3782 3232 3832 ut
3279 3777 3480 3849 plures
3535 3792 3693 3833 asse-

2025 3868 2185 3932 runt,
2218 3864 2294 3919 ab
2330 3864 2610 3918 Heriberti
2639 3862 3035 3917 familiaribus
3064 3878 3299 3919 veneno
3328 3868 3569 3935 potatus
3594 3865 3694 3920 de-

2026 3951 2312 4021 fungitur.
2333 3956 2457 4007 Mox
2486 3952 2687 4023 itaque
2718 3965 2921 4005 comes
2952 3951 3287 4007 Heribertus
3310 3951 3521 4007 urbem
3544 3953 3691 4008 Rhe-

2026 4055 2300 4095 mensem
2327 4040 2493 4107 adiit,
2526 4043 2584 4095 et
2611 4038 2874 4094 ecclesiae
2904 4038 3139 4106 milites,
3172 4039 3523 4095 clericorum
3545 4054 3693 4112 quo-

2027 4146 2144 4202 que
2166 4130 2493 4202 quosdam,
2525 4129 2600 4184 de
2627 4128 2870 4183 rectoris
2892 4127 3177 4183 electione
3199 4129 3278 4184 ad
3300 4142 3479 4185 suum
3502 4129 3695 4185 consi-

2023 4219 2192 4283 lium,
2234 4234 2343 4274 ceu
2389 4219 2662 4288 juratum
2712 4217 2922 4287 fuerat,
2974 4216 3281 4273 intendere
3334 4216 3488 4273 fecit.
3542 4220 3691 4274 Cum

2023 4305 2246 4377 quibus
2268 4306 2345 4360 ad
2386 4306 2706 4361 Rodulfum
2757 4319 2960 4375 regem
3007 4316 3262 4377 pergens
3316 4304 3378 4359 in
3422 4306 3691 4373 Burgun-

2024 4394 2209 4461 diam,
2235 4394 2491 4450 obtinuit
2535 4394 2614 4449 ab
2658 4409 2730 4449 eo
2771 4398 2835 4450 ut
2879 4393 2992 4449 sibi
3021 4393 3491 4449 committeretur
3530 4393 3691 4449 idem

2025 4484 2421 4556 episcopium,
2455 4501 2526 4541 eo
2543 4489 2767 4553 tenore,
2799 4489 2861 4539 ut
2886 4488 3009 4539 tam
3042 4483 3267 4539 clericis
3310 4496 3495 4555 quam
3526 4482 3692 4538 laicis

2024 4573 2292 4628 debitum
2320 4575 2612 4629 honorem
2658 4573 3012 4628 concederet
3055 4577 3112 4628 et
3137 4576 3535 4638 conservaret,
3582 4586 3693 4627 nec

2022 4661 2381 4732 injustitiam
2412 4661 2591 4737 alicui
2620 4660 2840 4716 faceret
2870 4677 2883 4727 ;
2932 4659 3038 4715 sed
3066 4660 3267 4731 ipsum
3316 4659 3691 4731 episcopium

2025 4765 2201 4820 aequo
2218 4750 2351 4820 jure
2380 4750 2759 4819 gubernaret,
2788 4747 2980 4804 donec
3001 4746 3181 4802 talem
3197 4746 3477 4817 clericum
3495 4747 3691 4803 eidem

2023 4838 2150 4908 regi
2178 4843 2582 4911 prtesentaret,
2636 4837 2740 4909 qui
2785 4838 2861 4893 ad
2910 4836 3247 4910 episcopale
3295 4837 3690 4893 ministerium

2025 4926 2479 4999 exsequendum
2510 4927 2617 4981 rite
2646 4925 2931 4988 ordinari,
2968 4925 3204 4980 valeret.
3240 4924 3349 4989 Qui
3376 4940 3581 4981 comes
3613 4926 3693 4982 ad

2024 5016 2303 5072 eamdem
2329 5015 2538 5070 urbem
2569 5030 2895 5085 regressus,
2930 5030 3023 5069 res
3050 5014 3356 5087 episcopii,
3382 5019 3559 5088 prout
3580 5014 3692 5070 sibi

2023 5104 2267 5178 placuit,
2293 5103 2629 5159 fautoribus
2656 5103 2780 5159 suis
2810 5103 3035 5171 divisit,
3068 5104 3294 5158 caeteris
3342 5101 3608 5166 abstulit,
3636 5105 3693 5157 et

2023 5192 2256 5265 absque
2288 5191 2407 5247 ullo
2422 5192 2650 5263 judicio
2676 5192 2764 5247 vel
2793 5192 2944 5263 lege,
2970 5207 3128 5264 quos
3153 5190 3342 5245 voluit
3377 5188 3559 5243 rebus
3590 5204 3688 5243 ex-

2022 5282 2321 5355 spoliavit,
2356 5282 2445 5336 vel
2477 5282 2557 5337 ab
2576 5282 2720 5337 urbe
2742 5282 3023 5354 pr0pulit.
3060 5278 3398 5335 Odalricum
3429 5275 3690 5342 denique

2023 5379 2365 5444 Aquensem
2392 5373 2743 5445 episcopum
2769 5373 2826 5425 in
2873 5369 3087 5425 eadem
3136 5367 3284 5421 urbe
3332 5364 3687 5438 Suscipiens.

2020 5460 2360 5535 episcopale
2409 5461 2555 5517 inibi
2597 5459 2991 5516 ministerium
3036 5455 3336 5511 celebrare
3382 5454 3685 5527 praecepit.

2024 5551 2237 5623 Sicque
2267 5565 2461 5606 annos
2483 5566 2607 5620 sex,
2629 5554 2686 5605 et
2706 5564 2777 5604 eo
2798 5544 3079 5617 amplius,
3111 5543 3271 5600 idem
3309 5543 3688 5617 episcopium

2022 5655 2135 5696 suo
2188 5639 2460 5697 dominio
2486 5636 2825 5705 vindicavit,
2874 5648 2983 5708 pro
3032 5631 3202 5690 libitu
3247 5634 3493 5707 proprio
3540 5631 3687 5689 illud
