4114 6146
443 202 546 254 959

1607 189 1954 246 ARTHALDI
1991 183 2339 242 RHEMENS.
2377 189 2702 244 ARCHIEP.

3753 183 3862 240 960

445 323 731 386 tractans,
782 321 838 372 et
883 317 944 372 in
993 314 1132 372 sede
1171 314 1445 388 praesulis
1483 313 1754 370 residens
1801 315 1926 368 tam
1972 309 2100 382 ipse
2129 311 2175 362 A
2211 308 2392 381 hujus
2418 311 2811 368 ordinationis
2832 308 3220 382 perversitati.
3255 309 3484 375 Quibus
3513 309 3866 366 remandavi

446 423 632 481 quam
664 407 882 475 conjux
917 422 1064 462 sua:
1098 406 1290 461 donec
1334 405 1587 478 septimo
1629 402 1876 460 tandem
1920 415 2102 466 anno,

447 497 588 554 ortis
611 495 762 551 inter
803 495 1002 568 ipsum
1031 500 1086 552 et
1115 510 1316 566 regem
1353 493 1672 550 Rodulfum
1700 496 1878 564 atque
1907 489 2106 558 Hugo-

443 601 586 642 nem
627 584 906 641 comitem
945 583 1314 657 quibusdam
1339 581 1760 648 simultatibus,
1810 577 2100 634 Rodulfus

443 692 548 732 rex
577 692 716 732 cum
747 675 998 744 Hugone
1027 679 1084 730 et
1112 677 1342 729 Bosone
1373 672 1552 728 fratre
1585 687 1714 741 suo,
1759 668 2106 740 ceeterisque

445 764 721 838 pluribus
745 768 870 820 tam
899 763 1196 836 episcopis
1225 778 1413 836 quam
1462 761 1800 827 comitibus,
1849 758 2105 814 Rhemo-

445 867 582 908 rum
611 852 847 908 obsidet
875 852 1110 916 urbem,
1144 849 1633 907 succensentibus
1655 848 1766 904 sibi
1788 846 2103 920 episcopis,

448 945 505 998 et
533 941 1040 1014 conquerentibus
1072 941 1362 996 adversus
1407 956 1566 1008 eum,
1617 937 1782 1013 quod
1831 942 1953 994 tam
1983 937 2110 992 diu-

449 1035 626 1088 turno
683 1034 951 1104 tempore
1006 1035 1213 1088 contra
1264 1029 1482 1086 divinae
1533 1029 1682 1099 legis
1733 1028 2110 1084 auctoritates

448 1119 607 1176 hanc
639 1120 848 1176 urbem
886 1119 1225 1188 permiserit
1263 1133 1478 1176 vacare
1533 1120 1793 1190 pastore.
1843 1118 2109 1182 Quorum

452 1208 843 1282 querimoniis
872 1213 1178 1282 permotus
1216 1224 1320 1266 rex
1347 1208 1632 1264 admonet
1657 1206 1882 1262 clerum
1917 1209 1973 1262 et
2001 1221 2109 1278 po-

451 1297 663 1370 pulum
694 1297 768 1354 de
797 1298 1052 1371 pastoris
1083 1297 1387 1366 electione,
1421 1296 1574 1353 dans
1603 1296 1686 1352 eis
1710 1295 1771 1351 id
1794 1295 2008 1366 agendi
2033 1295 2114 1350 fa-

451 1385 728 1444 cultatem
757 1387 834 1442 ad
867 1388 966 1443 Dei
989 1387 1284 1444 honorem
1315 1386 1480 1442 etsui
1501 1384 1870 1441 ﬁdelitatem.
1900 1383 2112 1455 Sicque

452 1475 958 1532 concordantibus
999 1475 1224 1532 cunctis
1272 1480 1395 1530 tam
1439 1473 1668 1530 clericis
1710 1489 1896 1546 quam
1945 1471 2111 1527 laicis

451 1565 555 1637 qui
586 1569 751 1621 extra
771 1564 1150 1620 obsidionem
1175 1570 1359 1630 erant,
1385 1563 1657 1636 pluribus
1680 1563 1856 1618 etiam
1881 1577 2112 1630 eorum,

2210 397 2374 468 quod
2399 414 2524 455 non
2551 405 2708 456 esset
2737 399 2885 456 mihi
2911 403 3258 471 competens
3287 397 3366 454 ad
3415 413 3518 454 eos
3549 397 3654 453 illo
3685 399 3866 469 proti-

2210 486 2368 556 cisci,
2420 489 2524 545 ubi
2573 489 2898 548 adversarii
2963 493 3020 545 et
3077 487 3300 544 inimici
3363 487 3478 544 mei
3535 504 3678 544 cum
3723 488 3864 560 ipsis

2210 583 2378 634 erant
2407 579 2735 650 aggregati.
2771 579 2941 645 Quod
2974 578 3022 634 si
3045 577 3214 651 loqui
3243 593 3482 634 mecum
3527 576 3772 640 vellent,
3797 577 3870 633 ad

2210 665 2388 722 talem
2417 667 2620 724 locum
2651 667 3018 736 devenirent,
3051 665 3154 723 ubi
3186 666 3311 722 sine
3347 665 3612 738 periculo
3661 664 3744 722 ad
3773 682 3874 722 eos

2213 755 2494 814 accedere
2525 773 2792 830 possem.
2829 756 3056 823 Quibus
3089 754 3548 811 advenientibus
3579 754 3641 810 in
3669 754 3874 810 locum

2214 844 2292 900 ab
2323 844 2549 902 eisdem
2602 845 2920 913 delectum,
2967 843 3268 918 profectus
3299 859 3432 899 sum
3483 842 3561 899 ad
3609 859 3736 911 eos,
3783 859 3876 900 ve-

2215 934 2508 1008 niensque
2559 940 2906 1008 prosternor
2953 949 3155 992 coram
3212 932 3378 1007 ipsis,
3443 931 3776 988 obsecrans
3817 939 3880 988 ut

2214 1029 2457 1098 propter
2485 1041 2758 1082 amorem
2787 1029 2845 1080 et
2867 1025 3162 1080 honorem
3193 1021 3292 1078 Dei
3321 1026 3443 1079 tam
3497 1021 3648 1078 mihi
3689 1037 3882 1095 quam

2217 1113 2329 1170 sibi
2359 1118 2704 1187 competens
2735 1112 3051 1170 consilium
3077 1111 3221 1168 dare
3251 1110 3576 1168 studerent.
3631 1111 3748 1176 Qui
3789 1125 3882 1165 me

2217 1203 2292 1260 de
2314 1203 2688 1260 ordinatione
2713 1201 2982 1276 praedicti
3003 1201 3266 1272 Hugonis
3289 1199 3670 1274 interpellare
3692 1215 3888 1272 cmpe-

2218 1298 2373 1357 rant,
2407 1299 2463 1350 ct
2491 1294 2604 1350 hoc
2635 1291 3000 1350 omnimodis
3031 1289 3306 1360 suadere,
3333 1295 3400 1348 ut
3421 1290 3506 1346 eis
3533 1289 3595 1346 in
3639 1289 3764 1346 hac
3793 1305 3888 1345 or-

2221 1384 2526 1440 dinatione
2598 1399 2967 1440 consensum
3031 1381 3408 1454 praeberem;
3467 1379 3890 1453 promittentes

2223 1489 2316 1529 res
2349 1472 2673 1528 nonnullas
2707 1471 2992 1545 episcopii
3020 1469 3168 1527 mihi
3215 1486 3278 1526 se
3325 1469 3781 1541 impetraturos.
3823 1473 3894 1523 At

2222 1578 2356 1632 ego,
2387 1567 2712 1635 postquam
2743 1575 3102 1634 responsum
3133 1559 3238 1614 diu
3267 1557 3644 1628 distuleram,
3675 1556 3894 1612 videns

451 1653 556 1725 qui
584 1652 772 1708 clausi
801 1652 1179 1716 tenebantur,
1213 1653 1272 1706 in
1303 1651 1362 1706 id
1393 1651 1594 1723 ipsum
1638 1649 1978 1707 faventibus
2011 1647 2112 1703 eli-
2143 1664 2185 1719 Β
2205 1652 2326 1707 'eos
2353 1655 2602 1706 cunctos
2633 1649 2694 1706 in
2721 1649 3029 1723 proposito
3059 1648 3227 1721 quod
3273 1651 3580 1720 cceperant
3621 1661 3898 1720 perseve-

455 1742 610 1812 gitur
654 1741 1003 1797 humilitatis
1051 1745 1271 1795 nostra
1323 1756 1583 1813 persona
1639 1741 1701 1795 in
1748 1740 1862 1795 hoc
1921 1737 2115 1807 magis

454 1845 634 1885 onere
660 1845 845 1901 quam
889 1830 1114 1884 honore
1144 1828 1480 1884 subeundo.
1533 1826 1946 1901 Aperientibus
1989 1831 2115 1882 tan-

455 1917 594 1973 dem
625 1921 748 1973 tam
777 1917 1066 1973 militibus
1096 1933 1278 1990 quam
1306 1917 1536 1972 civibus
1557 1921 1763 1989 portas
1798 1915 1960 1972 urbis
1989 1915 2114 1986 regi

459 2005 731 2075 Rodulfo,
765 2007 821 2060 et
849 2005 1252 2078 episcopalem
1279 2004 1759 2061 benedictionem
1803 2003 1949 2060 mihi
1995 2007 2114 2060 tra-

457 2092 735 2149 dentibus
767 2092 1085 2166 episcopis,
1109 2093 1210 2166 qui
1236 2097 1404 2150 erant
1432 2093 1650 2150 ducem
1677 2097 1733 2149 et
1761 2097 1916 2164 octo,
1949 2097 2005 2149 et
2025 2109 2119 2148 su-

459 2181 843 2255 scipientibus
864 2187 1134 2238 nostram
1167 2181 1734 2240 humilitatem'tam
1783 2182 1939 2238 clero
1982 2183 2114 2237 uni-

455 2287 632 2328 verso
649 2287 836 2345 quam
852 2272 1093 2344 reliquis
1117 2272 1366 2336 civibus,
1382 2271 1767 2328 intronizatus
1791 2272 1868 2327 ab
1891 2271 2117 2344 episco-

457 2360 551 2433 pis
581 2364 799 2416 nostrae
816 2360 1166 2426 dioeceseos,
1199 2360 1552 2433 impositum
1573 2361 1738 2427 mihi,
1765 2364 1942 2432 prout
1963 2363 2116 2416 Deus

460 2450 771 2516 concessit,
827 2450 1224 2505 ministerium
1274 2465 1380 2521 per
1433 2466 1625 2505 annos
1664 2449 1848 2505 ferme
1894 2465 2115 2506 novem

459 2538 728 2606 tractavi,
759 2537 1046 2594 ordinans
1075 2553 1182 2609 per
1205 2537 1510 2592 dioecesim
1539 2537 1854 2610 episcopos
1875 2543 2030 2604 octo,
2061 2543 2118 2594 et

460 2627 522 2682 in
553 2626 860 2698 episcopio
889 2625 1134 2696 multos,
1167 2631 1346 2698 prout
1385 2630 1731 2700 competens
1778 2625 2116 2694 videbatur,

463 2714 741 2769 clericos:
775 2730 1098 2786 quousque
1129 2730 1290 2769 nono
1321 2714 1732 2786 postmodum,
1763 2730 1923 2770 anno
1953 2719 2118 2788 post-

463 2819 650 2876 quam
681 2802 1047 2858 Ludovicum
1077 2818 1299 2872 regem,
1331 2802 1560 2858 favente
1594 2805 1858 2873 HugOne,
1894 2805 2119 2860 cuncti-

464 2906 612 2963 sque
634 2889 801 2960 regni
817 2890 1204 2963 principibus.
1223 2890 1579 2961 Gerbergam
1594 2907 1836 2963 quoque
1849 2892 2118 2961 reginam

2223 1745 2442 1810 rantes,
2486 1755 2736 1808 surgens
2783 1737 3057 1794 interdixi
3089 1735 3293 1810 palam
3323 1735 3550 1792 cunctis
3599 1735 3898 1791 audienti-

2225 1831 2358 1900 bus,
2392 1828 2923 1886 excommunicans
2953 1826 3302 1883 auctoritate
3335 1825 3436 1882 Dei
3465 1825 3658 1881 Patris
3699 1824 3898 1880 omni-

2223 1919 2502 1992 potentis,
2531 1923 2587 1974 et
2617 1917 2758 1986 Filii,
2783 1921 2840 1973 et
2861 1915 3110 1990 Spiritus
3132 1915 3340 1982 sancti,
3367 1919 3428 1971 ut
3452 1913 3656 1970 nullus
3676 1929 3896 1969 eorum

2225 2008 2304 2064 ad
2335 2007 2612 2064 eamdem
2637 2006 3080 2063 ordinationem
3107 2004 3437 2075 accederet,
3467 2019 3578 2060 nec
3619 2003 3802 2058 alicui
3833 2003 3896 2058 in

2225 2097 2550 2170 episcOpali
2579 2097 2808 2152 honore
2838 2111 2934 2150 me
2986 2095 3222 2150 vivente
3260 2109 3478 2149 manus
3515 2093 3894 2165 imponeret;

2226 2186 2333 2242 sed
2383 2202 2493 2242 nec
2535 2185 2691 2241 ullus
2747 2184 3025 2241 eamdem
3076 2183 3556 2239 benedictionem
3589 2181 3900 2254 suscipere

2224 2279 2634 2348 praesumeret.
2670 2274 2840 2340 Quod
2872 2274 2923 2329 si
2968 2272 3115 2329 forte
3147 2271 3332 2341 ﬁeret,
3385 2270 3464 2328 ad
3494 2269 3706 2326 sedem
3753 2285 3900 2342 apo-

2226 2363 2499 2419 stolicam
2523 2380 2626 2418 eos
2653 2362 3088 2436 provocabam.
3129 2360 3245 2417 lllis
3274 2359 3414 2416 inde
3439 2359 3802 2426 furentibus,
3835 2364 3904 2414 ut

2226 2468 2472 2527 possem
2503 2453 2660 2508 exire
2686 2451 2760 2508 de
2791 2450 2990 2507 medio
3035 2466 3265 2518 eorum,
3307 2453 3366 2505 et
3395 2448 3764 2506 Laudunum
3807 2463 3900 2503 re-

2227 2540 2395 2608 verti,
2439 2541 2763 2614 temperavi
2811 2555 3195 2613 responsum,
3252 2538 3457 2594 dicens
3487 2541 3552 2593 ut
3597 2538 3904 2594 mitterent

2230 2647 2468 2686 mecum
2499 2631 2600 2702 qui
2627 2629 2710 2686 eis
2758 2629 3128 2685 renuntiaret
3172 2627 3318 2702 quid
3364 2626 3596 2683 consilii
3637 2626 3900 2700 reperire

2228 2719 2492 2776 valerem
2506 2735 2687 2792 super
2715 2719 2829 2775 hac
2859 2734 2922 2774 re
2951 2718 3012 2774 in
3033 2717 3281 2774 domina
3301 2731 3441 2773 mea
3455 2716 3670 2785 regina
3681 2721 3742 2772 et
3761 2715 3904 2772 tide-

2230 2809 2387 2865 libus
2417 2809 2468 2879 ej
2479 2825 2568 2876 us,
2588 2808 2731 2882 quia
2751 2824 2853 2863 rex
2876 2823 3001 2864 non
3024 2806 3250 2863 aderat.
3273 2805 3364 2862 Ad
3395 2806 3509 2862 hoc
3551 2805 3638 2861 illi
3657 2806 3904 2862 mittunt

2233 2896 2555 2953 Dcroldum
2573 2895 2946 2969 episcopum,
2961 2899 3242 2968 putantes
3265 2909 3362 2950 me
3375 2909 3510 2950 esse
3521 2897 3904 2950 mutaturum

461 2979 910 3070 l-enedixeram.
945 2983 1001 3035 et
1030 2995 1200 3035 sacro
1245 2979 1629 3052 perfuderam
1661 2979 1998 3046 chrismate,
2031 2980 2121 3034 in-
2153 3015 2193 3070 ρ
2233 2986 2569 3043 consilium.
2616 2989 2741 3050 Quo
2769 2985 3059 3057 veniente,
3093 2987 3150 3040 et
3174 2999 3378 3040 coram
3410 2983 3662 3040 domina
3691 2983 3906 3054 regina

464 3067 714 3138 stigatus
746 3069 917 3138 Hugo
946 3084 1149 3124 comes
1179 3068 1508 3134 iracundia,
1527 3068 1694 3140 quod
1722 3068 1773 3123 ei
1792 3069 2122 3124 consentire

470 3158 560 3213 vel
584 3157 868 3228 conjungi
907 3157 1202 3214 noluerim
1248 3157 1326 3213 ad
1365 3157 1556 3231 ipsius
1595 3157 1750 3226 regis
1807 3157 2122 3213 infidelita-

465 3252 606 3316 tem,
622 3246 906 3302 adhibitis
929 3263 1132 3302 secum
1157 3246 1461 3302 Heriberto
1484 3246 1719 3314 comite,
1744 3251 1800 3302 et
1820 3247 2123 3302 Willelmo

467 3341 976 3392 Nortmannorum
1055 3337 1344 3408 principe,
1429 3337 1822 3392 Rhemensem
1893 3337 2128 3394 obsidet

465 3425 700 3481 urbem.
751 3429 862 3481 Nec
899 3425 1172 3495 longum,
1205 3431 1370 3482 sexta
1400 3425 1621 3481 scilicet
1651 3425 1980 3482 obsidionis
2008 3427 2124 3490 die,

467 3513 713 3568 deseror
743 3513 821 3569 ab
851 3514 1014 3568 omni
1033 3529 1184 3584 pene
1210 3519 1367 3568 ccetu
1387 3513 1613 3569 laicalis
1631 3514 1880 3570 militiae:
1925 3515 2127 3587 sicque

467 3599 804 3667 derelictus,
847 3601 926 3655 ad
987 3601 1296 3669 Hugonem
1345 3607 1400 3657 et
1449 3601 1820 3656 Heribertum
1869 3603 2127 3675 compel-

469 3687 564 3744 lor
591 3689 769 3744 exire.
801 3693 847 3744 A
877 3689 1096 3761 quibus
1127 3693 1460 3745 coarctatus
1482 3694 1538 3745 et
1561 3690 1912 3746 conterritus
1944 3707 2128 3761 cogor

471 3781 695 3833 memet
731 3778 1056 3851 episcopali
1104 3780 1522 3850 procuratione
1574 3777 1876 3848 abdicare,
1933 3786 1989 3836 et
2046 3784 2128 3839 ita

467 3881 564 3921 me
591 3865 988 3938 propellentes
1011 3867 1073 3922 in
1102 3867 1378 3923 coenobio
1411 3867 1603 3924 sancti
1635 3867 1824 3924 Basoli
1853 3869 2126 3927 habitare

468 3953 835 4011 constituunt
867 3974 880 4011 :
917 3958 1227 4026 Hugonem
1257 3972 1399 4014 vero
1431 3956 1618 4012 tilium
1673 3957 1974 4024 Heriberti,
2021 3959 2126 4032 qui

465 4043 826 4100 Autisiodori
856 4044 1148 4102 diaconus
1196 4045 1507 4102 ordinatus
1559 4045 1774 4118 fuerat,
1821 4047 1881 4102 in
1917 4048 2126 4104 urbem

467 4132 857 4189 introducunt
885 4137 942 4188 et
988 4133 1221 4189 civitate
1273 4134 1598 4205 potiuntur.
1649 4135 1980 4192 Ludovicus
2025 4154 2126 4192 au-

468 4225 590 4277 tem
615 4237 718 4278 rex
762 4238 798 4277 a
829 4222 1170 4291 Burgundia
1195 4222 1452 4288 rediens,
1487 4240 1582 4278 me
1637 4224 1800 4296 apud
1850 4231 2124 4282 sanctum

470 4308 748 4365 Basolum
793 4311 1028 4382 reperit,
1061 4315 1115 4367 et
1145 4327 1462 4367 assumens
1512 4328 1720 4368 secum
1760 4313 1936 4369 simul
1987 4331 2124 4370 cum

467 4398 824 4471 propinquis
874 4399 1043 4464 meis,
1089 4417 1350 4471 quorum
1401 4417 1494 4456 res
1549 4402 1882 4458 Heribertus
1925 4420 2127 4462 comes

469 4487 814 4558 abstulerat,
849 4487 1205 4544 Laudunum
1227 4489 1485 4552 deducit,
1511 4489 1678 4562 quod
1699 4495 1964 4546 castrum
1987 4495 2128 4548 tunc

469 4576 829 4634 obsidebant
878 4576 1220 4634 Heribertus
1252 4582 1308 4634 et
1349 4577 1558 4646 Hugo:
1611 4578 1925 4652 solutaque
1969 4579 2130 4636 obsi-

469 4665 648 4723 dione
677 4665 972 4740 oppidum
1000 4666 1352 4736 ingreditur,
1383 4667 1680 4740 nobisque
1714 4671 1972 4724 metatus
2021 4668 2126 4724 de-

471 4753 1023 4828 gendidisponitur.
1058 4755 1295 4811 Interim
1319 4755 1512 4811 clerici
1537 4756 1722 4812 nostri
1774 4756 1910 4826 loci,
1943 4758 2048 4814 sed
2073 4762 2130 4814 et

469 4840 604 4895 laici
628 4843 878 4913 quidam
911 4845 1170 4916 pessime
1199 4845 1278 4901 ab
1329 4844 1632 4902 Heriberto
1680 4850 2027 4917 tractantur,
2075 4851 2132 4903 et

473 4927 722 4999 quidam
754 4929 1103 4989 clericorum
1129 4935 1190 4990 in
1239 4935 1525 4990 custodiis
1579 4936 1982 5004 retruduntur,
2033 4953 2127 4992 res

474 5031 683 5072 eorum
711 5015 1060 5074 auferuntur
1101 5027 1280 5093 atque
1324 5022 1702 5094 diripiuntur,
1755 5023 1980 5096 rapinae
2022 5041 2130 5096 per

473 5107 662 5160 totam
691 5103 902 5160 urbem
929 5105 1043 5160 late
1073 5114 1503 5180 perpetrantur,
1541 5117 1764 5168 interea
1787 5129 2124 5168 convocan-

475 5197 568 5249 tur
593 5193 860 5266 episcopi
889 5201 1106 5250 nostra:
1133 5196 1460 5254 diceceseos
1489 5201 1567 5255 ab
1601 5205 1846 5272 Hugone
1883 5206 1939 5258 et
1967 5203 2127 5258 Heri-

473 5282 643 5338 berto
676 5283 1084 5353 satagentibus
1115 5288 1172 5340 et
1199 5287 1606 5358 quaerentibus
1636 5289 1714 5344 ab
1744 5290 1828 5345 eis
1871 5290 1946 5346 de
1973 5291 2129 5348 ordi-

473 5371 714 5428 natione
773 5373 1036 5443 Hugonis
1105 5373 1210 5430 ﬁlii
1271 5374 1569 5431 Heriberti.
1623 5379 1732 5442 Qui
1793 5379 2128 5436 Suessionis

477 5464 840 5533 congregati,
856 5466 1096 5522 mittunt
1121 5466 1198 5522 ad
1223 5483 1321 5523 me
1347 5467 1703 5524 Laudunum
1726 5469 2127 5541 Hildegarium

476 5549 846 5623 episcopum,
867 5569 1002 5610 cum
1032 5555 1161 5612 aliis
1181 5556 1548 5630 quibusdam
1575 5556 1808 5628 legatis,
1837 5559 2132 5616 mandan-

477 5643 568 5696 tes
609 5643 674 5696 ut
697 5641 778 5698 ad
805 5657 909 5700 eos
954 5645 1242 5718 venirem,
1275 5647 1354 5706 ad
1381 5647 1878 5706 consentiendum
1913 5648 2133 5707 scilicet

2231 3080 2289 3132 et
2310 3075 2590 3130 fidelibus
2621 3075 2750 3146 ejus
2787 3075 2926 3130 inde
2951 3090 3049 3130 me
3079 3072 3511 3146 interpellante,
3559 3073 3786 3129 iterum
3811 3089 3908 3128 er

2233 3178 2483 3233 surgens
2532 3163 2795 3236 praefatae
2848 3162 3101 3218 modum
3147 3160 3796 3217 excommunicationis
3845 3161 3907 3216 in

2233 3252 2476 3308 eosdem
2551 3251 2867 3324 episcopos
2923 3250 3226 3322 jaculatus
3295 3267 3467 3306 sum:
3525 3250 3906 3306 vocationem

2231 3357 2476 3414 quoque
2503 3341 2582 3396 ad
2612 3341 2817 3396 sedem
2847 3339 3240 3413 apostolicam
3285 3339 3498 3396 iterare
3531 3339 3765 3402 curavi,
3815 3354 3912 3394 ex-

2235 3431 2694 3486 communicans
2748 3430 2951 3503 ipsum
2995 3429 3156 3485 hunc
3209 3427 3551 3500 Dcroldum,
3601 3432 3670 3483 ut
3724 3427 3794 3482 id
3821 3427 3904 3482 eis

2235 3519 2484 3574 omnino
2515 3534 2638 3573 non
2669 3523 2907 3587 taceret,
2935 3517 3042 3572 sed
3067 3516 3294 3572 cunctis
3329 3515 3642 3572 manifeste
3681 3516 3906 3588 profer-

2233 3614 2341 3666 ret.
2376 3607 2475 3662 His
2491 3607 2574 3662 ita
2603 3607 2806 3678 gestis,
2848 3604 3351 3679 parvipendentes
3381 3603 3463 3660 illi
3485 3609 3766 3660 nostram
3809 3621 3906 3660 ex-

2235 3696 2863 3768 communicationem,
2913 3694 3152 3752 Rhemis
3201 3693 3512 3757 accedunt,
3561 3697 3622 3749 et
3649 3693 3908 3767 quidam

2235 3802 2442 3843 eorum
2477 3783 2838 3840 ordinationi
2862 3783 3001 3839 huic
3028 3798 3247 3839 manus
3283 3781 3728 3854 applicuerunt,
3781 3781 3910 3854 qui-

2237 3876 2379 3932 dam
2410 3890 2553 3930 vero
2579 3889 2642 3929 se
2689 3871 3047 3929 subduxisse
3087 3871 3374 3928 sciuntur.
3409 3873 3534 3940 Ego
3577 3887 3728 3927 vero
3766 3887 3906 3927 cum

2235 3979 2374 4033 rege
2394 3977 2668 4029 manens,
2701 3977 2855 4034 quas
2875 3959 2968 4016 ille
2999 3960 3181 4016 scitur
3206 3959 3517 4030 angustias
3558 3959 3906 4031 pertulisse,

2237 4057 2293 4108 et
2341 4068 2546 4108 secum
2592 4049 2836 4124 pertuli;
2883 4053 2940 4106 et
2986 4048 3236 4122 quando
3281 4063 3420 4104 eum
3451 4047 3610 4104 bello
3634 4048 3906 4120 aggressi

2236 4145 2375 4198 sunt
2423 4141 2593 4211 Hugo
2641 4143 2698 4195 et
2743 4137 3099 4209 Heribertus,
3145 4153 3286 4193 cum
3315 4137 3448 4210 ipso
3486 4152 3678 4204 eram,
3719 4141 3784 4194 et
3807 4137 3906 4193 vix

2237 4230 2402 4287 evasi
2435 4228 2642 4285 mortis
2667 4227 3024 4301 periculum.
3063 4226 3383 4300 Prolapsus
3411 4225 3634 4299 itaque,
3678 4226 3906 4282 auxilio

2238 4324 2294 4375 et
2311 4317 2676 4392 proiectione
2702 4316 2823 4381 Dei,
2841 4315 2917 4371 de
2945 4315 3144 4372 medio
3172 4315 3904 4388 inimicorum,_profugus

2238 4413 2293 4465 et
2323 4405 2728 4478 vagabundus
2766 4405 2900 4462 loca
2947 4404 3110 4460 invia
3137 4419 3395 4477 quaeque
3423 4403 3726 4477 silvasque
3771 4421 3906 4476 per-

2236 4497 2444 4567 lustro,
2473 4511 2596 4552 non
2613 4511 2798 4550 ausus
2819 4496 2979 4550 certo
2997 4493 3320 4550 consistere
3335 4491 3491 4549 loco.
3523 4493 3784 4550 Comites
3797 4509 3904 4549 au-

2237 4591 2357 4644 tem
2374 4587 2547 4656 Hugo
2563 4589 2622 4641 et
2649 4583 2990 4640 Heribertus
3021 4582 3185 4640 affati
3211 4582 3516 4656 quosdam
3538 4583 3768 4640 amicos
3793 4599 3904 4639 no-

2237 4680 2390 4732 stros
2413 4673 2526 4730 sibi
2570 4672 2863 4742 subditos,
2897 4671 3154 4728 suadent
3181 4675 3244 4728 ut
3275 4687 3372 4728 me
3417 4671 3796 4744 requirentes
3825 4671 3904 4728 ad

2236 4765 2400 4837 ipsos
2411 4762 2732 4826 deducant,
2755 4760 3102 4833 pollicentes
3125 4775 3186 4816 se
3199 4759 3346 4816 mihi
3372 4759 3817 4828 benefactums,
3849 4765 3904 4816 et

2237 4853 2416 4909 rebus
2427 4865 2580 4922 quas
2601 4849 2713 4920 ipsi
2726 4848 3011 4921 petissent
3026 4847 3336 4904 ditaturos.
3352 4848 3742 4920 Requirentes
3757 4865 3902 4918 ergo

2237 4959 2334 4997 me
2356 4938 2533 4995 amici
2556 4938 2976 5010 reperiuntper
2996 4936 3232 4993 diversa
3247 4943 3590 5007 vagantem,
3605 4939 3760 4994 etita
3775 4955 3906 5012 per-

2235 5030 2426 5086 ducor
2450 5045 2484 5084 a
2508 5027 2788 5082 fratribus
2813 5027 2962 5083 meis
2984 5030 3038 5083 et
3072 5027 3280 5082 amicis
3310 5026 3386 5082 ad
3407 5030 3692 5099 praefatos
3721 5029 3906 5084 comi-

2237 5125 2340 5176 tcs.
2377 5117 2488 5183 Qui
2535 5121 2856 5188 postquam
2907 5132 3004 5170 me
3046 5115 3109 5170 in
3155 5119 3448 5188 potestate
3501 5131 3614 5172 sua
3666 5119 3906 5190 conspi-

2237 5209 2418 5275 ciunt,
2443 5221 2709 5280 quaerere
2735 5209 3062 5278 coeperunt,
3087 5209 3152 5262 ut
3168 5205 3252 5262 eis
3280 5205 3530 5278 pallium
3551 5223 3588 5262 a
3615 5206 3764 5263 sede
3791 5210 3904 5264 Ro—

2237 5313 2422 5356 mana
2435 5295 2583 5352 mihi
2603 5294 2886 5350 collatum
2899 5294 3218 5362 traderem,
3237 5299 3296 5352 et
3309 5294 3668 5352 sacerdotali
3681 5312 3780 5353 me
3797 5297 3906 5353 mi-

2236 5385 2478 5443 nisterio
2495 5384 2729 5458 penitus
2752 5383 3117 5456 adjurarem.
3133 5384 3306 5450 Quod
3321 5399 3433 5456 ego
3443 5385 3794 5442 nullatenus
3811 5403 3902 5442 me

2239 5472 2557 5542 facturum,
2589 5487 2784 5545 neque
2809 5487 2918 5544 pro
2947 5489 3153 5530 amore
3185 5473 3313 5530 vitae
3356 5473 3539 5544 hujus
3565 5477 3900 5548 praesentis,

2240 5565 2500 5618 attestor.
2535 5561 2838 5617 Districtus
2867 5562 3064 5631 igitur,
3094 5567 3152 5618 et
3193 5563 3650 5634 coangustiatus
3683 5563 3764 5620 ab
3793 5565 3901 5630 eis,

2241 5651 2529 5726 episcopii
2557 5649 2804 5709 tandem
2831 5651 3011 5714 rebus
3055 5651 3477 5712 abrenuntiare
3517 5651 3900 5727 compellor:
