4166 6162
259 138 363 192 961

1416 125 1749 182 EPISTOLA
1789 126 1883 180 AD
1927 121 2174 178 SYNOD.
2220 125 2616 186 INGELHEIM.

3617 135 3722 188 962

259 257 472 329 sicque
503 265 712 308 rursus
745 246 828 304 ad
861 245 1159 302 sanctum
1195 242 1493 306 Basolum,
1517 247 1691 318 quasi
1712 261 1956 311 vacans,
1991 244 2037 297 A
2069 259 2222 316 pene
2253 246 2461 304 vinum
2491 266 2564 306 ex
2589 251 2680 306 his
2710 251 2992 324 colligens
3022 256 3083 312 in
3103 255 3366 312 diversos
3395 271 3588 329 pagos
3611 255 3719 310 ab-

259 345 644 402 habitaturus
668 336 968 394 deducor.
984 331 1179 388 Mansi
1215 332 1475 405 denique
1507 337 1714 406 paucis
1747 337 1961 392 diebus

259 434 324 490 in
355 434 493 506 ipso
519 427 819 496 coenobio,
849 419 1275 498 quoadusque
1303 424 1678 494 comperiens
1705 441 1811 491 per
1840 441 1956 480 cer.

263 528 360 580 tos
389 539 464 578 ex
490 515 886 577 familiaribus
916 509 1222 569 Heriberti
1245 511 1479 566 comitis
1506 514 1766 581 nuntios,
1796 513 1960 586 quod

263 612 348 668 ab
372 627 446 667 ca
479 608 634 665 male
661 607 735 662 de
771 620 908 660 mea
938 598 1334 657 tractabatur
1362 601 1714 672 perditione,
1747 604 1960 658 iterum

261 700 606 771 iterumque
638 693 860 751 nuntiis
889 686 1266 758 hujusmodi
1289 687 1636 760 pavefactus
1667 696 1722 747 ct
1750 690 1962 763 impul-

267 806 396 856 sus,
427 788 628 844 locum
656 781 914 852 deserui,
948 780 1016 834 et
1047 775 1264 832 abdita
1309 776 1498 832 lustra
1549 779 1835 835 silvarum
1862 795 1963 834 va-

269 875 599 949 gabundus
638 872 884 946 reperii:
931 865 1238 938 horisque
1278 865 1610 935 silentibus,
1653 875 1710 925 et
1755 870 1960 925 itinere

271 966 474 1036 devio,
507 963 864 1020 Laudunum
893 959 1198 1022 revertor,
1227 953 1430 1027 ibique
1457 963 1776 1030 susceptus
1805 974 1841 1013 a
1867 973 1958 1012 rc-

274 1072 350 1126 gc
380 1070 586 1110 secum
617 1066 860 1108 manere
911 1044 1277 1104 constituor.
1311 1044 1498 1099 Mansi
1547 1062 1686 1101 vero
1734 1046 1960 1101 ibidem

275 1160 419 1200 cum
450 1143 581 1216 ipso
622 1139 716 1196 vel
764 1136 1052 1194 fidelibus
1088 1132 1251 1202 ejus,
1283 1138 1638 1204 exspectans
1668 1139 1724 1189 et
1748 1134 1958 1207 deprc-

276 1248 427 1290 cans
457 1226 926 1286 misericordiam
972 1221 1100 1290 Dei,
1136 1219 1335 1275 donec
1384 1220 1509 1292 ipse
1559 1227 1647 1278 est
1676 1223 1960 1292 dignatus

277 1323 342 1379 in
371 1337 477 1378 cor
501 1316 727 1375 domini
747 1314 908 1386 regis
940 1308 1180 1370 Ottonis
1211 1308 1460 1376 mittere,
1499 1315 1562 1367 ut
1593 1311 1668 1367 ad
1703 1311 1960 1366 subven-

280 1411 508 1468 tionem
539 1405 787 1462 senioris
820 1403 937 1459 mei
971 1399 1160 1470 regis,
1192 1401 1250 1453 et
1287 1403 1580 1468 nostram,
1613 1404 1961 1473 properaret

279 1501 344 1556 in
376 1495 711 1553 Franciam.
756 1490 1042 1562 Denique,
1075 1490 1408 1561 postquam
1451 1487 1703 1543 domina
1752 1493 1959 1544 nostra

279 1587 494 1657 regina
543 1581 902 1639 Laudunum
941 1580 1191 1651 propter
1241 1574 1682 1631 absolutionem
1730 1575 1957 1631 domini

281 1677 443 1744 regis
463 1672 803 1744 reliquerat,
822 1682 1099 1738 egressus
1133 1662 1274 1718 inde
1301 1663 1380 1719 ad
1401 1662 1723 1719 dominum
1753 1679 1959 1733 regem

284 1768 564 1823 Ottonem
603 1776 742 1816 cum
771 1756 1002 1813 seniore
1032 1769 1170 1810 meo
1202 1751 1414 1809 deveni
1467 1768 1626 1822 rege,
1660 1753 1960 1824 simulque

285 1855 547 1910 Rhemos
579 1847 965 1917 accessimus,
999 1843 1256 1913 cingitur
1299 1843 1505 1914 itaque
1535 1842 1676 1897 urbs
1705 1843 1963 1898 exerciti-

283 1944 423 2009 bus,
456 1946 514 1996 et
536 1937 802 2011 episcopi
830 1934 934 2007 qui
960 1933 1211 1991 aderant
1242 1948 1337 1988 me
1371 1929 1500 1986 sedi
1541 1936 1762 1987 nostrae
1793 1931 1960 1986 resti-

287 2032 374 2089 tui
399 2032 660 2087 censent.
695 2025 1006 2083 Mandatur
1036 2039 1178 2093 ergo
1213 2021 1446 2093 ltugoni
1478 2039 1513 2077 a
1541 2021 1791 2078 domino
1823 2036 1963 2090 rege

290 2124 521 2183 Ottone,
546 2123 608 2174 ut
638 2115 998 2188 egrediatur,
1019 2117 1077 2170 et
1105 2128 1421 2186 pervasain
1456 2111 1695 2167 deserat
1725 2111 1960 2167 urbem.

288 2216 358 2268 At
407 2209 503 2266 ille
542 2212 763 2264 nutans
812 2202 1188 2277 aliquandiu,
1219 2207 1276 2258 ct
1305 2218 1414 2274 pro
1449 2217 1650 2273 posse,
1682 2201 1784 2256 ubi
1817 2199 1967 2254 vidit

290 2299 370 2357 ad
413 2295 816 2355 resistendum
859 2292 1098 2367 penitus
1157 2291 1427 2347 sufﬁcere
1472 2307 1534 2345 se
1568 2305 1964 2362 nequaquam

290 2387 508 2455 valere,
536 2401 646 2441 nec
668 2383 1002 2440 amicorum
1031 2380 1142 2436 sibi
1172 2380 1450 2452 praesidia
1483 2379 1833 2442 subvenire,
1857 2377 1964 2432 de-

293 2476 479 2534 cernit
508 2473 874 2539 exeundum,
906 2487 1183 2544 quaerens
1231 2473 1293 2524 ut
1349 2468 1502 2524 liber
1549 2485 1690 2523 cum
1721 2468 1848 2522 suis
1882 2466 1969 2521 di-

294 2569 622 2624 mitteretur
677 2562 1021 2619 abscedere.
1082 2559 1440 2616 Permittitur
1506 2558 1712 2630 itaque
1779 2573 1968 2613 sanus

295 2657 453 2713 exire
484 2671 623 2710 cum
671 2651 956 2708 omnibus
999 2649 1104 2722 qui
1133 2664 1336 2704 secum
1369 2647 1616 2702 voluere
1649 2647 1922 2703 comitari
1949 2663 1961 2701 :

297 2749 354 2802 et
375 2757 755 2818 quaecunque
796 2755 1001 2796 secum
1039 2737 1224 2793 voluit
1251 2736 1420 2802 ferre,
1453 2735 1624 2791 nullo
1668 2735 1967 2791 contradi-

298 2840 466 2892 cente
492 2831 838 2906 asportavit.
875 2829 1085 2902 Sicque
1117 2843 1256 2883 cum
1287 2825 1532 2895 regibus
1563 2825 1966 2896 introgressus

300 2924 534 2992 urbem,
571 2918 884 2994 praecipior
926 2917 1058 2973 loco
1110 2920 1315 2971 nostro
1365 2918 1423 2970 et
1461 2914 1675 2970 honori
1717 2914 1963 2969 restitui.

305 3016 623 3085 Susceptus
651 3009 828 3080 igitur
856 3024 892 3063 a
920 3005 1183 3062 dominis
1211 3003 1696 3076 archiepiscopis,
1727 3003 1966 3059 Rotber-
1997 3006 2040 3060 C

305 3107 364 3158 to
405 3097 764 3161 Treverensi,
792 3101 849 3152 et
889 3094 1199 3150 Frederico
1253 3091 1741 3161 Moguntiacensi,
1789 3091 1969 3148 comi-

308 3190 569 3248 tantibus
614 3185 858 3253 caeteris,
893 3188 948 3241 et
997 3181 1555 3253 congratulantibus
1590 3186 1712 3237 tam
1745 3180 1970 3236 clericis

308 3278 569 3336 ecclesiae
618 3279 858 3341 nostrae,
885 3289 1072 3347 quam
1121 3271 1364 3343 reliquis
1407 3271 1658 3340 civibus,
1692 3271 1770 3326 ab
1819 3269 1969 3342 ipsis

307 3367 582 3425 restituor
608 3363 908 3422 cathedra:
958 3359 1302 3435 episcopali.
1338 3363 1505 3429 Hugo
1547 3375 1688 3414 vero
1730 3359 1971 3435 Rhemis

311 3472 583 3528 egressus
610 3457 942 3511 Mosomum
972 3455 1236 3507 castrum
1267 3465 1407 3505 cum
1453 3449 1574 3503 suis
1605 3453 1881 3520 occupat,
1918 3451 1975 3504 et

315 3545 592 3602 muniens
624 3546 831 3599 contra
855 3539 1046 3596 ﬁdelis
1066 3538 1222 3608 regis
1251 3537 1499 3593 senioris
1524 3537 1710 3592 nostri
1727 3537 1969 3593 detinet.

314 3635 527 3692 Habito
556 3632 816 3704 denique
846 3628 1127 3701 colloquii
1157 3627 1375 3700 placito
1406 3627 1557 3683 inter
1584 3643 1754 3698 reges
1786 3630 1976 3683 senio-

314 3741 444 3781 rem
477 3739 681 3779 meum
710 3719 982 3776 videlicet
1011 3735 1080 3775 ac
1112 3717 1429 3773 dominum
1461 3719 1756 3785 Ottoncm,
1791 3732 1973 3789 super

319 3814 572 3871 Charum
619 3810 894 3877 ﬂuvium,
940 3807 1331 3864 convenimus
1389 3807 1467 3862 ad
1501 3805 1645 3861 illud
1694 3811 1816 3861 tam
1862 3821 1974 3876 ego

317 3919 503 3976 quam
551 3901 679 3974 ipse
712 3900 883 3969 Hugo
929 3913 1069 3954 cum
1110 3895 1553 3953 ordinatoribus
1599 3893 1739 3950 suis.
1769 3893 1975 3966 Ibique

315 4007 410 4046 res
441 3989 555 4046 litis
604 3988 784 4058 hujus
824 3986 903 4043 ab
943 3984 1239 4058 episcopis
1281 3983 1559 4040 auditur:
1613 3981 1974 4055 protulitque

316 4080 537 4136 litteras
568 4077 646 4134 ad
679 4075 884 4132 sedem
912 4078 1249 4130 Romanam
1271 4072 1445 4146 quasi
1467 4089 1540 4128 ex
1557 4085 1818 4145 persona
1842 4084 1978 4124 nos-

319 4173 408 4224 tra
437 4167 610 4223 datas
637 4163 1039 4222 excusationis
1065 4179 1236 4231 meas,
1269 4179 1339 4218 ac
1384 4162 1432 4217 si
1465 4159 1838 4218 vacationem
1879 4173 1976 4231 pe-

321 4260 504 4313 tentes
543 4252 1074 4312 administrationis
1121 4251 1406 4324 episcopii
1457 4249 1662 4318 nostri,
1696 4264 1849 4321 quas
1879 4262 1976 4302 me

321 4362 590 4418 unquam
637 4344 913 4411 dictasse,
972 4357 1168 4414 neque
1217 4339 1656 4398 subscribendo
1693 4337 1978 4410 aliquate-

320 4453 436 4493 nus
465 4435 902 4501 corroborasse,
933 4435 1298 4506 protestatus
1354 4447 1508 4497 sum,
1543 4434 1721 4501 atque
1750 4432 1979 4501 protes-

326 4532 432 4583 tor.
467 4529 530 4582 Et
581 4525 724 4598 quia
755 4528 895 4580 tunc
940 4521 1211 4595 synodus
1257 4525 1584 4577 convocata
1612 4533 1734 4574 non
1764 4517 1976 4591 fuerat,

325 4615 386 4670 id
422 4611 864 4688 opponentibus
898 4609 1229 4667 fautoribus
1265 4608 1452 4682 ipsius
1495 4605 1780 4676 Hugonis,
1812 4605 1982 4662 alter-

326 4701 477 4759 catio
505 4706 710 4758 nostra
753 4699 1136 4756 determinari
1160 4714 1284 4754 non
1314 4696 1526 4771 potuit.
1560 4693 1840 4768 Synodus
1871 4712 1978 4751 au-

326 4796 444 4848 tem
490 4793 644 4847 circa
697 4789 962 4845 medium
1021 4788 1245 4843 mensis
1300 4784 1650 4844 Novembris
1698 4782 1982 4841 habenda

324 4879 586 4950 Virduni,
628 4877 935 4951 utriusque
974 4876 1160 4950 partis
1209 4876 1509 4951 episcopis
1553 4870 1979 4943 annuentibus,

326 4968 724 5024 denuntiatur.
758 4966 996 5023 Interim
1048 4981 1190 5021 vero
1236 4965 1408 5022 sedes
1457 4960 1804 5020 Rhemensis
1836 4959 1982 5016 mihi

324 5057 586 5128 regenda
616 5056 985 5124 decernitur;
1017 5054 1177 5111 idem
1200 5072 1339 5111 vero
1359 5058 1526 5124 Hugo
1556 5050 1801 5109 Mosomi
1823 5067 1983 5106 com-

327 5145 544 5202 morari
587 5144 958 5219 permittitur.
990 5147 1102 5200 Nec
1150 5143 1422 5214 longum,
1461 5142 1720 5198 instante
1765 5139 1984 5197 scilicet

329 5234 640 5292 vindemiae
665 5232 1064 5307 tempore,hic
1095 5237 1296 5290 noster
1316 5231 1570 5289 aemulus
1600 5233 1787 5298 Hugo,
1818 5245 1984 5284 assu-

331 5341 497 5380 mens
520 5340 721 5380 secum
751 5322 1163 5379 Theobaldum
1192 5322 1348 5393 regis
1378 5321 1711 5388 inimicum,
1733 5321 1790 5373 et
1814 5318 1984 5388 regni

331 5414 533 5482 nostri,
562 5431 698 5470 cum
726 5412 855 5468 aliis
874 5411 1148 5486 pluribus
1180 5409 1687 5478 malefactoribus,
1720 5406 1781 5462 in
1810 5406 1982 5464 villas

334 5502 676 5558 Rhemensis
697 5501 980 5574 episcopii
993 5501 1305 5572 contiguas
1320 5500 1454 5556 urbi
1470 5496 1791 5567 devenit,et
1804 5511 1983 5551 omne

2067 332 2207 390 duci
2253 335 2405 392 fecit.
2440 341 2588 395 Tum
2636 341 2824 398 multa
2863 344 3020 401 mala
3067 345 3212 401 inibi
3259 349 3619 418 perpetrata,
3666 347 3722 400 et

2071 422 2339 480 Ecclesiae
2388 432 2603 483 nostrae
2647 428 2918 486 homines
2968 434 3183 505 captivi
3241 433 3501 499 abducti,
3535 435 3591 487 et
3643 431 3721 486 ad

2068 513 2544 586 redemptionem
2574 517 2752 572 variis
2785 525 2921 575 sunt
2950 522 3142 577 adacti
3175 523 3498 579 tormentis.
3536 524 3722 594 Syno-

2069 599 2181 656 dus
2227 606 2427 660 autem
2457 605 2808 662 denuntiata
2848 608 3086 663 Virduni
3142 601 3490 676 celebratur,
3521 609 3722 683 praesi-

2069 689 2243 747 dente
2275 693 2552 751 Rotberto
2582 695 2834 768 praesule
2855 697 3203 765 Trevirensi,
3226 705 3522 772 praecepto
3545 699 3720 754 dom-

2068 778 2126 834 ni
2157 796 2334 852 papae
2379 785 2648 854 Romani,
2678 793 2970 857 praesente
3013 802 3255 858 quoque
3289 788 3535 844 domino
3584 791 3723 843 Bru-

2069 884 2246 938 none,
2287 887 2424 927 cum
2466 875 2764 949 episcopis
2817 880 2873 931 et
2920 876 3239 932 abbatibus
3277 878 3598 932 nonnullis.
3632 876 3723 932 Ad

2068 974 2254 1029 quam
2281 961 2563 1031 praefatus
2595 963 2766 1033 Hugo
2809 970 3112 1031 evocatus,
3146 964 3342 1020 missis
3367 966 3543 1021 etiam
3575 965 3725 1020 duo-

2066 1044 2182 1100 bus
2213 1046 2291 1102 ad
2314 1062 2450 1103 eum
2478 1049 2902 1107 deducendum
2933 1052 3252 1125 episcopis,
3272 1052 3647 1108 Adalberone
3669 1054 3728 1106 et

2069 1135 2327 1199 Gozlino,
2355 1137 2554 1193 venire
2583 1141 2957 1212 contempsit.
2979 1142 3264 1197 Universa
3291 1157 3431 1197 vero
3453 1141 3726 1214 synodus

2068 1222 2214 1278 mihi
2258 1224 2594 1282 Rhemense
2643 1229 2974 1298 regendum
3015 1229 3278 1285 decernit
3328 1230 3724 1303 episcopium.

2071 1311 2468 1385 lndiciturque
2512 1315 2727 1372 iterum
2777 1318 3047 1389 synodus
3079 1319 3362 1374 habenda
3392 1320 3485 1374 die
3509 1319 3728 1374 Iduum

2068 1399 2292 1454 mensis
2321 1403 2608 1473 Januarii,
2651 1420 2788 1476 quae
2820 1411 2875 1461 et
2912 1411 3293 1475 aggregatur,
3330 1411 3390 1462 ut
3414 1407 3724 1462 denuntia-

2067 1492 2196 1544 tum
2222 1489 2413 1545 fuerat
2431 1490 2491 1545 in
2513 1493 2762 1549 ecclesia
2788 1496 2974 1550 sancti
3001 1496 3168 1561 Petri,
3184 1501 3318 1553 ante
3340 1501 3728 1569 prospectum

2069 1577 2246 1632 castri
2277 1579 2544 1645 Mosomi,
2566 1596 2602 1634 a
2631 1579 2880 1636 domino
2912 1583 3211 1651 Rotberto,
3235 1584 3730 1640 convenientibus

2071 1665 2316 1720 caeteris.
2343 1667 2718 1739 Quapropter
2747 1671 3140 1740 cognOvimus
3171 1678 3271 1728 tua
3301 1672 3593 1728 industria
3619 1678 3734 1729 sta-

2071 1751 2304 1808 bilitum
2334 1752 2396 1808 in
2425 1757 2688 1811 Mosomo
2719 1761 2935 1827 castro,
2954 1760 3122 1830 quod
3151 1765 3240 1815 est
3269 1776 3448 1832 super
3476 1762 3732 1817 ﬂuvium

2072 1843 2264 1908 Mosae,
2293 1841 2354 1896 in
2382 1844 2763 1901 veneratione
2795 1847 2893 1902 Dei
2921 1847 3219 1916 genitricis
3249 1848 3460 1915 Mariae,
3493 1864 3737 1904 monas-

2073 1928 2285 1984 terium
2314 1932 2754 1989 monachorum
2785 1934 3068 2004 religione
3095 1935 3470 2004 decusatum,
3495 1937 3735 2009 tuisque

2073 2017 2555 2090 proprietatibus,
2589 2021 2974 2096 ecclesiaeque
3023 2028 3142 2080 tua:
3192 2025 3359 2080 terris
3391 2029 3447 2081 et
3471 2025 3735 2082 ecclesiis

2075 2105 2365 2173 dotatum,
2399 2108 2564 2178 quod
2609 2109 2724 2166 sub
2773 2111 2996 2184 pagina
3029 2114 3090 2166 Β.
3124 2113 3276 2168 Petri
3321 2112 3736 2185 apostolorum

2076 2196 2359 2270 principis
2390 2198 2627 2266 decreti,
2657 2202 2985 2273 nostrique,
3017 2206 3070 2257 te
3102 2207 3308 2258 orante
3335 2202 3732 2274 suscepimus.

2077 2290 2324 2358 Insuper
2355 2287 2653 2350 locellum,
2688 2290 2792 2362 qui
2842 2307 2877 2347 a
2910 2292 3211 2363 Stephano
3257 2293 3382 2348 viro
3411 2290 3618 2347 illustri
3648 2295 3736 2344 at-

2076 2392 2194 2448 que
2224 2376 2352 2447 ejus
2379 2379 2637 2448 conjuge
2671 2380 2976 2452 Freduide,
3018 2383 3128 2438 Tin
3153 2380 3418 2450 nomine,
3452 2378 3740 2436 constitu-

2080 2469 2191 2534 tus,
2235 2470 2566 2537 sanctoque
2601 2469 2868 2538 Remigio
2896 2471 3244 2542 suppositus
3289 2471 3416 2541 fuit,
3447 2482 3634 2541 quem
3664 2464 3742 2519 ei-

2077 2554 2216 2610 dem
2246 2557 2613 2612 monasterio
2640 2561 2928 2626 Mosomo,
2951 2559 3098 2632 quia
3121 2577 3228 2632 per
3258 2577 3320 2616 se
3347 2561 3427 2616 ob
3454 2553 3744 2625 exiguita-

2079 2650 2195 2700 tem
2244 2659 2443 2700 rerum
2495 2650 2652 2703 stare
2704 2663 2827 2704 non
2875 2652 3126 2721 poterat,
3165 2647 3483 2716 contulisti,
3517 2639 3748 2699 collatis

2076 2732 2255 2788 rebus
2284 2733 2344 2788 in
2377 2737 2870 2807 compensatione
2912 2740 2970 2794 B.
3008 2739 3294 2810 Remigio,
3328 2726 3750 2794 consentienti-

2078 2822 2193 2877 bus
2226 2822 2528 2878 fratribus.
2548 2827 2622 2881 Ut
2652 2831 2853 2882 autem
2881 2833 3210 2895 cognoscat
3237 2827 3528 2883 universa
3558 2815 3754 2872 Eccle-

2080 2911 2185 2977 sia,
2237 2928 2349 2966 nos
2395 2914 2761 2969 unanimiter
2815 2917 3138 2972 assentire:
3191 2933 3226 2972 a
3285 2921 3342 2972 te
3403 2909 3619 2969 collata
3667 2904 3759 2962 vel

2081 3000 2461 3069 conferenda,
2491 3019 2599 3057 seu
2644 3021 2680 3060 a
2731 3003 3116 3076 quibuslibet,
3150 3006 3210 3062 in
3256 3003 3439 3062 terris
3489 2995 3657 3055 cultis
3705 2999 3762 3054 et

2081 3089 2338 3158 incultis,
2371 3090 2580 3160 vineis,
2626 3094 2832 3165 pratis,
2863 3094 3146 3162 ecclesiis,
3181 3093 3520 3170 mancipiis
3558 3090 3766 3150 utrius-

2082 3195 2198 3252 que
2239 3195 2440 3248 sexus,
2481 3183 2678 3254 aquis,
2712 3199 3007 3255 aquarum
3040 3183 3442 3259 decursibus,
3473 3187 3531 3246 in
3576 3187 3767 3246 omni-

2081 3269 2198 3324 bus
2243 3268 2322 3324 ad
2379 3271 2796 3340 supradictum
2829 3273 3263 3330 monasterium
3297 3281 3762 3356 pertinentibus,

2088 3363 2143 3414 Β.
2195 3358 2341 3450 Petri
2385 3359 2800 3430 apostolorum
2849 3361 3159 3435 principis,
3208 3369 3265 3421 et
3305 3375 3528 3450 nostri,
3558 3378 3761 3439 ﬁrma-

2084 3465 2220 3504 mus
2262 3447 2539 3504 decreto:
2594 3455 2894 3522 quatenus
2946 3450 3071 3506 sine
3101 3451 3290 3510 livore
3324 3447 3758 3528 oblatrantium

2083 3538 2252 3594 locus
2279 3537 2516 3610 quietus
2548 3543 2605 3594 et
2629 3539 2986 3596 inviolabilis
3019 3540 3241 3612 jugiter
3269 3561 3657 3619 permaneat,
3701 3563 3758 3620 Si

2084 3627 2219 3701 quis
2248 3627 2495 3696 interea,
2528 3627 2696 3700 quod
2742 3644 2865 3686 non
2892 3629 3214 3700 credimus,
3249 3637 3571 3703 temerario
3603 3667 3756 3708 ausu

2087 3723 2292 3773 contra
2317 3732 2388 3772 ea
2413 3732 2549 3788 quze
2581 3717 2658 3772 ab
2690 3718 2805 3774 hac
2833 3724 3039 3774 nostra
3070 3723 3422 3784 auctoritate
3448 3733 3544 3802 pie
3567 3741 3625 3792 et
3652 3739 3752 3794 ﬁr-

2085 3805 2258 3861 mitcr
2286 3819 2392 3876 per
2421 3803 2535 3859 hoc
2561 3809 2838 3861 nostrum
2858 3805 3239 3878 privilegium
3269 3811 3566 3886 disposita
3589 3830 3730 3881 sunt

2083 3896 2168 3952 ire
2199 3869 2529 3964 ten-taverit,
2553 3893 2642 3950 vel
2667 3894 2795 3950 haec
2825 3869 2960 3967 q.u£e
2989 3911 3026 3951 a
3050 3869 3228 3953 nobis
3245 3900 3326 3956 ob
3353 3869 3615 3965 laude-1n.

2084 4001 2196 4059 pro
2225 3957 2540 4040 stabilitate
2584 3983 2713 4054 jam
2758 3957 2896 4039 dicti
2940 3988 3306 4061 monasterii,

2084 4074 2358 4144 frangere
2389 4076 2444 4128 et
2467 4072 2528 4127 in
2571 4087 2882 4145 quoquam
2915 4076 3285 4146 transgredi:
3339 4081 3488 4138 sciat
3517 4101 3578 4140 se
3604 4102 3748 4145 auc-

2088 4164 2316 4221 toritate
2350 4163 2410 4216 Β.
2444 4159 2612 4228 Petri,
2645 4162 2818 4232 cujus
2863 4177 3217 4236 quanquam
3262 4166 3541 4226 immeriti
3587 4173 3746 4232 vices

2087 4255 2344 4326 agimus,
2375 4252 2772 4308 anathematis
2821 4253 3060 4309 vinculo
3106 4254 3490 4325 innodatum,
3523 4266 3748 4322 etcum

2087 4343 2332 4402 diabolo
2361 4346 2418 4398 et
2445 4340 2598 4398 Juda
2622 4341 2904 4398 traditore
2929 4343 3165 4400 Domini
3194 4348 3380 4404 nostri
3401 4351 3748 4410 JesuChris-

2091 4437 2151 4505 ti,
2179 4439 2400 4491 :eterno
2447 4431 2725 4488 incendio
2773 4433 3306 4494 concremandum.
3336 4442 3406 4495 At
3452 4456 3591 4498 vero
3644 4444 3749 4516 qui

2089 4525 2190 4599 pio
2229 4522 2446 4580 intuitu
2481 4520 2832 4578 observator
2870 4522 2932 4578 in
2971 4523 3254 4581 omnibus
3284 4528 3582 4598 exstiterit,
3613 4548 3747 4587 cus-

2091 4615 2323 4671 todiens
2353 4610 2538 4668 nostri
2564 4611 2874 4684 apostolici
2915 4613 3216 4668 constituti
3251 4615 3330 4671 ad
3375 4617 3600 4675 cultum
3648 4620 3750 4678 Dei

2090 4702 2455 4778 respicientis
2483 4703 2970 4776 praeceptionem,
3001 4701 3433 4761 benedictionis
3470 4709 3746 4780 gratiam,

2093 4799 2148 4849 et
2171 4793 2524 4850 delictorum
2556 4806 2805 4845 suorum
2844 4790 3278 4860 indulgentiam
3323 4803 3749 4871 consequatur,

2093 4888 2150 4940 et
2178 4883 2310 4939 vitae
2340 4885 2574 4937 teternae
2610 4879 2906 4952 particeps
2933 4879 3241 4937 efﬁciatur.

2163 4973 2460 5044 Scriptum
2489 4985 2595 5042 per
2622 4985 2875 5025 manum
2907 4970 3191 5044 Stephani
3221 4971 3511 5031 scriniarii
3533 4982 3750 5035 sanctae

2095 5063 2384 5118 Romamn
2417 5058 2686 5114 Ecclesiie
2732 5057 2793 5113 in
2824 5075 3031 5116 mense
3075 5060 3278 5134 Aprili.
3312 5065 3458 5119 Data
3496 5081 3603 5136 per
3629 5083 3752 5122 ma-

2095 5169 2208 5209 nus
2238 5151 2488 5206 Andreae
2536 5147 2822 5221 episcopi,
2854 5165 2915 5204 1x
2947 5149 3192 5207 Kalend.
3226 5151 3374 5220 Maii,
3405 5167 3566 5208 anno
3604 5169 3752 5225 pon-

2095 5241 2351 5297 titicatus
2380 5236 2610 5294 domini
2647 5237 2837 5294 nostri
2869 5238 3224 5295 sanctissimi
3271 5242 3326 5293 et
3357 5238 3502 5293 tertii
3534 5239 3748 5295 decimi

2095 5348 2269 5405 papas
2313 5329 2586 5402 septimo.
2620 5328 2856 5400 Imperii
2904 5335 3103 5385 autem
3149 5331 3212 5382 D.
3247 5325 3472 5382 Ottonis
3502 5329 3750 5401 majoris

2094 5419 2408 5490 Augustini
2438 5435 2518 5484 x1,
2552 5417 2808 5489 junioris
2836 5432 2978 5471 vero
3007 5433 3064 5482 v,
3096 5415 3154 5470 in
3191 5429 3395 5469 mense
3425 5417 3629 5488 Aprili,
3659 5419 3750 5473 in-

2100 5510 2355 5567 dictione
2386 5526 2476 5564 xv.
