4116 6156
253 107 360 164 969

1480 104 1568 159 DE
1607 100 1978 173 MIRACULIS
2015 102 2072 160 s.
2113 101 2454 159 mnum.

3578 107 3684 161 970

255 229 334 286 ad
367 227 704 297 ridiculum,
749 227 884 300 quis
940 243 1159 284 sanum
1216 225 1456 300 sapiens
1497 225 1904 294 tollerabilius,
1929 234 1976 287 Α
2012 225 2508 296 homuncionem,
2566 224 2841 282 omnium
2899 221 3363 295 reprehensione
3403 226 3684 297 dignissi-

254 317 444 372 immo
470 317 648 385 longe
677 315 977 371 salubrius
1029 317 1151 372 fore
1204 332 1324 370 non
1381 319 1641 382 censeat,
1669 331 1780 388 pro
1810 315 1917 370 im-

257 405 480 477 pericia
527 403 832 459 irrisiones
876 404 1192 459 hominum
1245 403 1557 472 sustinere,
1591 419 1778 476 quam
1808 418 1918 476 pro

259 493 543 566 superbia
583 493 973 565 semetipsum
1002 493 1449 566 condempnare
1471 492 1500 547 ‘P
1547 493 1922 566 Quapropter

257 583 363 638 diu
385 583 766 654 multumque
797 581 1201 638 desideratum
1232 597 1386 654 opus
1417 597 1598 653 perge
1624 582 1645 616 ⁵
1672 597 1918 638 securus

259 671 524 743 aggredi.
557 674 676 742 Ego
704 669 880 743 plane
912 671 1014 726 tibi
1042 687 1152 744 pro
1176 670 1402 726 viribus
1453 670 1655 738 adero,
1688 686 1918 743 nequa-

257 777 443 833 quam
475 775 660 816 ausus
693 764 807 815 tua;
838 759 1140 816 sanctitati
1178 758 1402 814 diutius
1431 759 1728 816 reluctari.
1787 762 1922 816 0m-

257 849 358 905 nia
383 864 525 917 ergo
551 865 687 922 quae
714 848 954 915 dixeris,
997 848 1146 905 vela
1177 852 1231 904 te
1251 847 1404 921 ipso,
1432 853 1499 905 ut
1525 848 1839 921 promittis,
1863 853 1921 905 et

257 937 337 994 ab
367 937 458 993 his
487 938 594 1010 qui
647 937 845 994 adhuc
873 937 1082 993 vivunt
1110 941 1306 992 tecum
1355 937 1507 1005 visa,
1554 937 1648 993 vel
1705 937 1784 994 ab
1827 937 1918 993 his

256 1025 362 1098 qui
391 1025 670 1080 viderunt
701 1024 805 1080 tibi
834 1024 1252 1097 probabilibus
1276 1024 1548 1097 personis
1589 1030 1918 1098 comperta,

256 1113 686 1187 qualicumque
719 1129 1054 1186 prosequar
1085 1113 1238 1181 stilo,
1268 1129 1389 1170 non
1419 1113 1497 1170 ad
1520 1114 1637 1170 hoc
1661 1113 1917 1187 propriae

259 1203 664 1276 possibilitatis
717 1202 940 1259 ﬁducia
992 1204 1206 1266 nitens,
1262 1202 1367 1259 sed
1415 1207 1536 1260 tam
1593 1219 1918 1276 operosum

261 1293 443 1348 michi
469 1292 778 1363 negotium
803 1297 918 1348 tuie
949 1292 1149 1364 potius
1183 1296 1657 1366 cunctorumque
1690 1299 1922 1350 sancto-

259 1398 396 1437 rum
419 1381 668 1438 fratrum
700 1381 923 1437 meritis
947 1381 1273 1438 etorationi
1295 1381 1696 1438 committens.
1721 1382 1921 1440 Aderit

260 1472 462 1539 etiam,
489 1471 641 1527 sicut
671 1487 907 1544 semper
930 1471 991 1526 in
1021 1471 1328 1538 omnibus,
1359 1470 1440 1526 ita
1462 1474 1519 1526 et
1545 1471 1606 1526 in
1636 1472 1750 1528 hac
1767 1489 1918 1544 quo-

259 1575 379 1631 que
407 1565 575 1648 parte
603 1558 802 1648 clarus
833 1565 1036 1648 noster
1063 1559 1217 1648 forte
1237 1558 1612 1648 Maximinus,
1640 1557 1830 1648 facile,
1855 1561 1920 1613 ut
1946 1597 1984 1648 Β

259 1647 520 1710 conﬁdo,
543 1647 708 1720 apud
739 1647 1034 1704 Christum
1057 1647 1374 1702 dominum
1394 1646 1746 1702 obtenturus
1763 1647 1804 1709 ⁸,
1832 1649 1915 1712 ut,

259 1735 411 1791 sicut
439 1734 533 1791 ille
563 1751 600 1792 ο,
633 1738 751 1792 Deo
782 1741 950 1808 patre
998 1736 1060 1791 in
1093 1736 1309 1808 Spiritu
1342 1739 1548 1792 sancto
1592 1734 1784 1792 factus
1832 1739 1918 1791 est

257 1823 543 1880 omnibus
589 1823 752 1879 salus
805 1827 864 1880 et
912 1823 1164 1894 justitia,
1221 1823 1303 1879 ita
1351 1838 1596 1895 quoque
1637 1826 1691 1879 et
1735 1821 1917 1878 michi
1955 1851 1969 1864 ι

257 1911 478 1983 elingui
509 1911 800 1968 efﬁciatur
823 1911 1050 1982 lingua.
1086 1911 1260 1978 Quod
1289 1911 1337 1966 si
1358 1911 1723 1982 dignabitur,
1753 1911 1919 1968 haud

259 2002 536 2070 dubium,
587 2001 883 2075 liquidam
911 2001 1220 2059 veritatem
1269 2001 1449 2058 etiam
1479 2018 1515 2058 a
1544 2005 1712 2057 muto
1755 2000 1920 2056 lucu-

256 2091 444 2147 lenter
471 2107 822 2164 expressum
850 2093 870 2125 ⁷
895 2090 992 2146 iri.
1032 2093 1150 2147 Nec
1179 2090 1551 2147 reticendum
1589 2092 1694 2158 est,
1751 2088 1920 2163 quod

259 2197 399 2236 cum
431 2180 602 2237 facile
623 2179 952 2251 conﬁdam,
983 2183 1102 2236 Deo
1129 2180 1362 2252 piisqu‘e
1394 2178 1680 2236 omnibus
1720 2193 1918 2234 succe-

258 2268 531 2325 dentium
563 2273 906 2342 temporum
962 2270 1077 2324 hoc
1106 2268 1472 2341 opusculum
1497 2272 1735 2338 gratum
1771 2267 1915 2336 fore,

257 2373 468 2414 vereor
484 2362 687 2414 tamen
708 2357 1095 2430 praesentium
1121 2357 1357 2430 aliquos
1382 2357 1577 2412 eidem
1596 2356 1916 2426 derogatu-

258 2463 358 2504 ros
369 2463 587 2521 meque
599 2447 922 2518 insulsum,
950 2446 1360 2520 falsiloquum,
1384 2445 1606 2502 nullius
1627 2445 1919 2502 momenti

2023 331 2215 384 mum,
2238 318 2362 372 toto
2381 313 2527 370 orbe
2555 311 3026 384 adjudicaturos.
3047 317 3161 371 Nec
3183 319 3257 382 te,
3279 315 3488 384 fateor,
3517 321 3686 383 pater

2023 402 2402 472 venerabilis,
2425 402 2533 459 etsi
2559 401 2874 473 voluerint,
2907 405 3174 478 excipere
3205 404 3511 475 valebunt,
3535 407 3684 479 quin

2025 489 2216 546 tocius
2244 491 2427 562 hujus
2455 489 2860 546 insectationis
2889 497 3055 564 peste
3081 492 3430 564 involvaris,
3459 493 3685 566 quippe

2025 593 2165 634 cum
2195 583 2254 636 et
2275 595 2373 636 me
2396 580 2570 652 juxta
2599 579 2992 636 assertionem
3022 581 3232 637 talium
3250 581 3406 639 falsa
3429 581 3686 638 scribere

2025 667 2387 740 compuleris
2417 673 2476 725 et
2505 668 2788 724 scribenti
2820 668 3093 726 falsitatis
3136 671 3452 728 materiam
3486 671 3690 728 minis-

2023 757 2264 812 trasses.
2300 758 2430 823 Qua
2455 772 2528 814 ex
2552 772 2616 813 re
2645 773 2844 830 operae
2870 759 2890 792 ⁸
2915 757 3174 831 pretium
3199 758 3393 828 video,
3427 775 3687 833 praesen-

2023 843 2067 901 ti
2093 847 2113 879 ⁹
2144 844 2615 918 praefaeiuncula
2671 845 3123 918 calumpniandi
3179 846 3343 904 viam
3373 848 3509 904 estis
3552 849 3689 905 obs-

2026 936 2238 1002 truere,
2253 950 2377 992 non
2393 934 2993 1007 magnmdefensione
3023 939 3148 992 arte
3175 935 3560 1008 refragando,
3581 936 3690 994 sed

2023 1020 2328 1079 humiliter
2354 1023 2756 1096 suggerendo,
2797 1039 2922 1096 quo
2943 1023 3340 1093 meminerint,
3365 1024 3595 1098 primos
3618 1039 3690 1080 ac

2025 1108 2380 1168 fortissimos
2407 1112 2623 1169 Christi
2652 1117 2976 1170 assertores
3001 1113 3239 1185 ydiotas
3268 1116 3313 1148 ¹⁰
3331 1113 3533 1184 fuisse,
3564 1129 3690 1170 non

2027 1199 2333 1272 sophistas
2369 1203 2408 1236 ¹¹
2435 1219 2449 1270 ;
2481 1218 2676 1275 neque
2716 1218 2814 1258 me
2844 1206 3162 1275 expectant
3189 1201 3513 1258 Mercuriali
3541 1203 3690 1275 lepi-

2027 1288 2209 1346 ditate
2234 1293 2278 1326 ¹²
2308 1289 2598 1364 Tulliique
2629 1292 2673 1326 ‘3
2695 1291 2870 1364 copia
2895 1291 2956 1346 in
2988 1290 3153 1348 curia
3182 1290 3686 1362 declamaturum,

2029 1377 2138 1433 sed
2167 1377 2229 1433 in
2255 1377 2470 1434 cellula
2521 1379 2870 1435 monasterii
2916 1395 3120 1435 rerum
3145 1383 3451 1449 gestarum
3476 1379 3690 1435 verita-

2026 1469 2168 1533 tem,
2201 1466 2402 1523 sobrio
2435 1483 2506 1523 ac
2535 1467 2799 1523 veridico
2831 1467 2912 1540 pii
2941 1467 3128 1540 patris
3153 1483 3255 1523 ore
3285 1467 3686 1540 depromtam,

2025 1569 2180 1626 puro
2197 1554 2573 1629 simplicique
2604 1573 2889 1614 seamone
2920 1557 3240 1614 dicturum.
3277 1557 3499 1614 Deinde
3523 1573 3686 1624 vero,

2025 1642 2137 1699 etsi
2158 1644 2370 1700 merito
2400 1644 2516 1700 illis
2565 1645 2872 1719 despectui
2905 1645 3113 1702 habita
3153 1645 3326 1702 fuerit
3355 1647 3548 1703 vilitas
3578 1646 3692 1702 ista

2025 1729 2412 1796 elaborantis,
2436 1731 2649 1788 honori
2681 1737 2884 1788 tamen
2915 1748 3123 1805 quaeso
3144 1733 3439 1790 habeatur
3466 1749 3690 1807 praero-

2025 1818 2227 1890 gativa
2243 1819 2544 1892 jubentis;
2578 1836 2688 1877 nec
2734 1821 2934 1878 statim
2963 1821 3231 1890 credant,
3267 1825 3500 1894 patrem
3553 1837 3690 1877 nos-

2024 1911 2205 1976 trum,
2238 1907 2436 1964 virum
2484 1909 2688 1982 utique
2745 1915 2951 1966 sancta
2980 1910 3101 1966 vita
3143 1914 3199 1967 et
3239 1909 3692 1968 conversatione

2025 1997 2446 2070 conspicuum,
2505 1999 2658 2055 falsa
2712 1999 2910 2055 dicere
2949 2015 3138 2072 quam
3170 1999 3339 2055 silere
3381 2000 3689 2056 maluisse.

2027 2087 2128 2142 His
2149 2087 2230 2144 ita
2259 2087 2604 2160 praelibatis,
2638 2089 2866 2145 Wikere
2898 2091 2942 2124 ί⁴
2968 2093 3156 2162 pater,
3188 2089 3354 2162 quod
3385 2089 3692 2160 agendum

2024 2177 2300 2234 imminet
2325 2177 2625 2248 ineamus,
2649 2184 2892 2236 exorata
2911 2179 3078 2252 prius
3097 2178 3444 2250 dignatione
3461 2179 3688 2250 divina,

2025 2271 2324 2339 quatenus
2349 2268 2483 2340 ipsa
2530 2273 2853 2337 annuente,
2884 2285 3019 2342 quae
3064 2268 3167 2325 illa
3197 2269 3536 2342 sanctisque
3566 2285 3692 2326 om-

2024 2355 2204 2412 nibus
2225 2355 2413 2426 digna
2443 2356 2577 2425 sint,
2610 2362 2668 2414 et
2693 2363 2754 2414 tu
2784 2373 2886 2415 ore
2918 2357 3151 2415 edicere
3196 2361 3252 2414 et
3309 2372 3422 2429 ego
3463 2359 3689 2432 scripto

2025 2444 2305 2518 persequi
2328 2444 2659 2503 valeamus.

1636 2567 1888 2609 erucn'
1927 2566 2212 2608 ΡΗΛΕΡΛΤΙΟ
2255 2554 2322 2606 ¹⁵.

1818 2645 2112 2660 ﬁ

327 2707 360 2759 8
403 2705 468 2759 ιε.
498 2707 648 2771 (890)
696 2703 1090 2777 Temporibus
1150 2703 1378 2759 Arnulﬁ
1424 2705 1464 2738 ιτ
1509 2702 1908 2776 imperatoris,
1949 2701 2296 2760 Cdominus
2325 2716 2498 2757 meus
2528 2702 2854 2775 imperator
2882 2702 3134 2774 largitus
3165 2704 3288 2760 sit?
3323 2727 3350 2753 ››
3388 2703 3492 2760 llla
3544 2719 3688 2760 vero

255 2807 395 2846 cum
417 2791 546 2862 jam
574 2791 635 2847 in
665 2791 780 2847 hoc
811 2791 944 2848 loco
975 2792 1298 2862 religionis,
1334 2807 1443 2864 pro
1473 2790 1647 2847 dolor
1681 2791 1693 2846 !
1722 2795 1912 2847 status

254 2879 403 2934 haut
444 2879 697 2934 minima
753 2895 826 2935 ex
869 2884 1036 2952 parte
1091 2879 1394 2934 laberetur
1431 2882 1488 2934 et
1542 2878 1914 2934 monachica

251 2966 641 3040 professionis
684 2967 848 3038 rigor
877 2967 1168 3040 paulatim
1196 2956 1385 3024 laxari
1415 2982 1486 3022 ac
1525 2967 1773 3023 dissolvi
1804 2983 1916 3022 cce-

254 3055 461 3128 pisset,
492 3055 776 3113 defuncto
821 3056 1167 3114 monasterii
1223 3055 1443 3112 abbate
1483 3056 1912 3121 Herkenberto,

253 3146 539 3202 monachi
565 3163 676 3219 pro
706 3146 989 3203 electione
1027 3146 1264 3203 abbatis
1309 3145 1601 3220 palatium
1651 3163 1720 3202 ex
1748 3161 1914 3202 more

253 3239 621 3308 competunt.
695 3236 922 3302 Quibus
985 3252 1123 3291 cum
1195 3235 1453 3307 peccatis
1535 3235 1913 3306 exigentibus

253 3323 460 3380 electio
491 3339 613 3380 non
642 3324 1080 3398 permitteretur
1107 3326 1172 3392 η,
1201 3323 1586 3397 sequestratis
1613 3323 1915 3396 aliquibus

254 3412 601 3468 monasterii
640 3411 1161 3485 possessiunculis,
1192 3429 1328 3486 quin
1371 3412 1468 3468 vix
1495 3417 1686 3468 artam
1709 3427 1914 3468 mona-

255 3500 382 3556 chis
429 3501 923 3558 sustentationem
987 3501 1322 3574 potuissent
1358 3500 1646 3574 praebere,
1673 3501 1914 3557 cuidam

254 3590 647 3661 Megingaudo
712 3591 876 3664 (278),
936 3591 1106 3662 regni
1153 3591 1334 3663 hujus
1384 3590 1544 3657 duci,
1611 3589 1716 3663 qui
1772 3595 1914 3646 tunc

254 3676 402 3734 forte
456 3677 664 3734 aderat
721 3680 790 3747 ‘9,
851 3678 1096 3736 abbatia
1156 3679 1234 3735 ab
1288 3677 1650 3750 imperatore
1689 3677 1914 3734 donata

253 3769 360 3821 est.
395 3766 525 3830 Qua
553 3769 832 3837 suscepta
883 3781 1023 3821 cum
1063 3767 1234 3823 laetus
1261 3765 1338 3822 ad
1367 3764 1614 3837 propria
1655 3779 1914 3820 remeas—

255 3857 362 3921 set,
403 3852 654 3909 hilarem
684 3869 747 3909 se
809 3868 880 3909 ac
923 3854 1266 3924 jucundum
1314 3868 1425 3926 pro
1455 3856 1700 3924 accepto
1729 3853 1913 3908 bene-

252 3940 390 3997 ﬁcio
418 3956 526 4014 per
551 3944 742 3997 totum
773 3940 936 3997 diem
964 3944 1014 3978 ²⁰
1039 3942 1325 3999 omnibus
1373 3939 1684 4008 exhibens,
1738 3940 1916 3997 adve-

2023 2804 2165 2845 cum
2191 2804 2254 2844 se
2283 2790 2515 2846 nescire
2543 2791 2826 2847 fateretur
2857 2809 2869 2846 :
2905 2814 2932 2840 ‹‹
2970 2794 3240 2861 Servum,
3273 2791 3508 2866 inquid,
3541 2808 3691 2864 prae-

2023 2877 2334 2935 divitatem
2362 2879 2425 2934 in
2471 2879 2832 2936 beneﬁcium
2875 2881 3058 2936 michi
3106 2881 3396 2950 indulsit;
3424 2886 3482 2937 et
3509 2881 3558 2936 si
3600 2881 3691 2937 vis

2026 2967 2198 3032 scire,
2257 2966 2388 3039 ipse
2437 2973 2526 3024 est
2580 2969 2934 3025 Maximinus
2982 2985 3122 3025 cum
3166 2969 3414 3025 abbatia
3469 2987 3579 3026 sua
3612 2973 3685 3036 3‘,

2023 3071 2208 3128 quem
2235 3055 2416 3112 etiam
2449 3055 2552 3113 tibi
2575 3057 2622 3112 si
2657 3060 2702 3092 ²²
2737 3057 2994 3114 volueris
3036 3058 3292 3115 tradam.
3327 3058 3555 3124 Quibus
3586 3074 3690 3114 au-

2023 3143 2184 3216 ditis,
2217 3159 2380 3200 sanaa
2445 3145 2661 3202 mentis
2707 3145 2923 3202 mulier
2960 3146 3154 3203 virum
3202 3163 3390 3220 prope
3434 3146 3686 3203 modum

2021 3232 2328 3304 insanum,
2359 3223 2657 3307 quantum
2686 3235 2748 3290 in
2779 3251 2840 3292 se
2868 3235 2994 3299 fuit,
3033 3251 3142 3309 pro
3192 3237 3508 3293 temeraria
3555 3253 3688 3307 gar-

2022 3321 2256 3378 rulitate
2285 3323 2686 3387 vehementer,
2719 3325 2818 3396 obj
2830 3341 3064 3397 urgare,
3097 3341 3280 3399 seque
3331 3327 3479 3382 tanti
3509 3326 3688 3382 bene-

2021 3411 2141 3467 ﬁcii
2169 3411 2654 3483 indignissimam
2682 3414 3059 3487 proclamare
3085 3417 3132 3451 ²³
3158 3434 3171 3485 ;
3205 3431 3345 3472 cum
3364 3416 3520 3472 inter
3557 3417 3686 3472 hac

2021 3500 2170 3557 haut
2196 3518 2368 3558 mora
2395 3503 2523 3574 fuit,
2585 3509 2641 3560 et
2670 3521 2805 3560 ecce
2835 3505 3120 3576 injuriam
3168 3505 3362 3562 dilecti
3397 3506 3495 3561 Dei
3518 3506 3690 3562 Maxi-

2021 3588 2171 3645 mini
2224 3592 2271 3624 ²⁵
2319 3589 2505 3661 digna
2572 3592 2836 3649 vindicta
2913 3593 3320 3666 subsequitur,
3381 3593 3560 3666 aique
3616 3609 3685 3650 os

2019 3678 2449 3752 blasphemum
2481 3681 2627 3737 ultio
2657 3682 2860 3738 divina
2912 3683 3217 3754 corripuit.
3249 3686 3397 3738 Nam
3444 3683 3541 3738 ille
3571 3682 3686 3739 fra-

2022 3767 2157 3836 gilis
2182 3783 2255 3824 ac
2307 3768 2574 3824 caducus
2627 3769 2920 3834 terricola,
2969 3769 3074 3842 qui
3103 3769 3268 3824 inani
3287 3769 3579 3839 jactantia
3615 3786 3685 3826 ac

2022 3854 2253 3910 tumido
2305 3855 2510 3911 animo
2571 3872 2635 3912 se
2688 3873 2870 3930 super
2897 3857 3031 3912 caali
3061 3856 3375 3912 consulem
3414 3857 3682 3912 Maximi-

2020 3959 2172 4000 num
2224 3944 2607 4014 extendisset,
2657 3946 2856 4002 subito
2901 3945 3056 4002 infra
3085 3945 3480 4018 semetipsum
3520 3950 3683 4002 totus

252 4030 636 4087 nientenocte
659 4031 1432 4113 cumconjugecubiculum
1452 4028 1618 4086 adiit.
1639 4030 1907 4105 Cumque
1939 4059 1983 4113 υ
2022 4032 2409 4102 contrahitur,
2476 4037 2533 4089 et
2585 4033 2770 4105 paulo
2829 4038 2967 4090 ante
3019 4033 3282 4089 hominis
3336 4033 3551 4102 forma,
3621 4034 3682 4090 in

249 4118 370 4176 lati
396 4119 567 4176 thoro
609 4118 832 4192 pariter
877 4119 1340 4189 discubuissent,
1368 4111 1673 4190 digressis
1719 4122 1914 4178 omni-

249 4207 389 4277 bus,
431 4208 623 4266 solam
670 4207 985 4265 mulierem
1014 4214 1238 4266 secreto
1268 4209 1331 4265 in
1359 4209 1488 4267 haec
1535 4210 1720 4269 verba
1765 4210 1912 4268 allo-

252 4297 491 4372 quitur:
521 4317 553 4354 ‹
577 4297 801 4369 Scisne,
858 4297 1072 4372 inquit,
1121 4303 1420 4373 quantum
1476 4300 1659 4360 michi
1688 4316 1912 4356 munus

2025 4135 2284 4193 spaeram
2313 4121 2645 4193 quamdam
2693 4121 2783 4178 vel
2839 4121 3092 4193 globum
3148 4137 3302 4194 pene
3358 4121 3681 4179 informem

2024 4209 2419 4266 convolvitur.

2093 4301 2124 4354 9
2148 4301 2402 4355 ".Tunc
2446 4299 2898 4372 Megingaudus,
2953 4305 3077 4359 tam
3127 4300 3341 4358 acriter
3377 4300 3602 4357 diutius
3630 4303 3678 4336 ²⁶

1633 4417 1862 4471 VARUE
1901 4415 2194 4472 LECTION
2201 4415 2304 4472 ES.

325 4513 348 4585 ﬁ"
386 4526 572 4585 pergo
623 4513 686 4585 2._
725 4515 779 4568 3.
854 4513 876 4548 ⁸
902 4511 1320 4569 obtentaturus
1346 4515 1401 4568 2.
1431 4529 1586 4570 corr.
1643 4512 1996 4585 obtenturus
2031 4516 2098 4585 1.
2158 4513 2178 4546 ⁷
2214 4513 2623 4585 expresum_3_.
2701 4514 2722 4546 ³
2749 4518 2885 4583 post
2911 4514 3131 4585 add.1,
3209 4514 3416 4585 {deest
3454 4515 3508 4567 2.
3542 4518 3680 4585 post

257 4582 410 4657 add.“
437 4589 486 4639 1.
507 4582 522 4584 ⁷
564 4585 610 4618 ¹⁰
630 4582 859 4657 ideotas
884 4588 936 4640 3.
1009 4585 1058 4657 7“
1091 4599 1122 4640 e
1145 4599 1450 4657 συνῇ-νεεδ.
1481 4600 1697 4642 manus
1731 4589 1780 4640 1.
1818 4582 2230 4657 __“lepulitate
2277 4582 2325 4640 f.
2407 4582 2726 4657 13tullique
2748 4582 2922 4657 copio
2954 4582 3416 4657 corr.'__tulliique
3438 4583 3677 4657 copiaj.

257 4654 681 4728 tulliquecorr.
709 4654 972 4728 tulliique
997 4656 1051 4728 2.
1088 4725 1097 4728 _
1131 4656 1176 4690 ¹⁴
1205 4654 1461 4728 vvichere
1489 4654 2058 4728 2.rcorr._wikere_l.
2119 4656 2184 4728 ᾖε
2208 4656 2379 4728 δια-,3.
2413 4655 2517 4728 ubi
2538 4654 2842 4728 sequituri
2876 4656 3097 4728 Incipit
3111 4655 3262 4728 liber
3285 4654 3585 4728 secundus
3604 4654 3681 4728 de

253 4724 558 4800 miraculis
587 4725 776 4800 sancti
803 4724 1103 4800 Maximini
1131 4725 1564 4800 archiepiscopi
1589 4725 1985 4800 Trevirorum.
2016 4757 2086 4766 —
2115 4724 2442 4800 E_xqrdiu_m
2480 4725 2662 4796 hujus
2688 4726 2965 4800 opusculi
2999 4724 3102 4800 filii
3132 4725 3423 4800 miraculo
3461 4725 3681 4800 insigni

255 4799 581 4852 statueram
611 4795 909 4852 dedicare.
942 4797 1040 4852 Ita
1067 4798 1195 4866 fere
1224 4795 1403 4854 etidm
1423 4800 1476 4853 4.
1501 4795 1711 4853 “Ceteri
1755 4797 1941 4866 codd.
1975 4800 2032 4866 et
2086 4796 2176 4866 ed.
2213 4796 2322 4853 hoc
2367 4797 2494 4852 loco
2524 4795 2911 4852 manci—sunt.
2994 4798 3037 4832 ¹⁶
3070 4812 3118 4852 c.
3155 4800 3240 4854 10.
3267 4797 3406 4852 edit.
3441 4828 3508 4836 —
3535 4797 3677 4851 add.

255 4868 503 4940 rubram
538 4883 551 4921 :
581 4867 945 4940 Gravissimo
971 4865 1335 4940 periculose
1392 4872 1704 4940 exponunt
1733 4867 1837 4940 qui
1891 4865 2271 4940 abbatialem
2314 4867 2496 4940 hujus
2528 4868 2878 4940 monasterii
2910 4867 3258 4940 electionem
3287 4882 3521 4923 cassare
3548 4883 3679 4940 mo-

255 4937 480 4994 liuntur
504 4956 517 5005 ;
549 4944 579 4994 3
615 4955 627 4992 :
661 4940 853 5002 Quam
873 4936 999 4991 dire
1026 4937 1180 4992 ulcio
1205 4937 1410 4994 divina

1493 4937 1904 5010 egingaudum
1956 4937 2353 5010 regni‘hujus
2400 4937 2646 5010 ducem
2666 4937 2823 5010 hanc
2869 4938 3504 5010 abbatiamtenentem
3535 4938 3679 4994 etin

255 5014 532 5065 sanctum
558 5008 941 5086 Maximinum
957 5007 1482 5113 blasphemantem
1513 5007 1799 5084 corripuit
1874 5011 1914 5044 ¹⁷
1953 5007 2191 5066 arnoldi
2223 5007 2269 5064 ll
2304 5012 2358 5065 4.
2415 5009 2695 5113 arnulphi
2746 5014 2801 5065 2.
2835 5015 2887 5066 3.
2969 5011 3014 5044 ¹⁸
3043 5009 3452 5066 admitteretur
3479 5015 3530 5065 3.
3636 5011 3679 5043 ὐ

260 5081 508 5113 mltum.”
541 5096 678 5113 nam”
729 5079 928 5113 οιιοπιοι
966 5083 983 5113 ι
1053 5094 1079 5113 ο
1133 5082 1272 5113 Imm!
1310 5083 1338 5113 ⁸)
1439 5081 1487 5113 20
1515 5081 1672 5113 Λοοοι
1700 5084 1728 5113 ι)
1832 5082 1875 5113 21
1909 5085 2039 5113 ωηοι
2067 5079 2148 5113 nd
2205 5085 2222 5113 ι
2283 5080 2440 5113 Anno:
2470 5085 2501 5113 ς)
2627 5081 2648 5113 2
2681 5079 2725 5113 οἱ
2778 5097 2816 5113 υ
2888 5080 2989 5113 Hk:
3021 5084 3048 5113 ο
3150 5083 3198 5113 23
3230 5081 3382 5113 non“
3414 5095 3452 5113 τι
3497 5083 3528 5113 ε)
3631 5081 3676 5111 25

257 5081 510 5136 aderant
538 5096 694 5136 corr.
726 5079 932 5135 aderat
966 5083 1014 5133 1.
1049 5079 1280 5134 adierat
1309 5083 1360 5135 3.
1439 5081 1487 5114 ²⁰
1513 5079 1752 5137 ἀθεεῐ3.
1832 5082 1875 5115 ²¹

1903 5085 2039 5150 post
2065 5079 2166 5136 ad.
2192 5085 2254 5150 1,
2281 5080 2440 5137 deest
2470 5085 2522 5134 2.

2627 5079 2728 5152 {si
2778 5097 2834 5152 v.
2885 5080 3072 5152 tibi3.
3150 5083 3198 5115 ³³
3229 5081 3385 5152 cepit
3414 5095 3472 5152 p_.
3497 5083 3551 5133 2.
3631 5081 3676 5111 ²⁵

251 5157 386 5221 post
411 5152 552 5207 add.
591 5155 640 5206 1.
718 5153 831 5222 ’52.
866 5149 964 5206 ad.
999 5149 1251 5222 rubrum
1281 5148 1573 5222 :‘Predicti
1627 5148 2004 5222 Megingaudi
2025 5149 2369 5219 conglobati
2399 5149 2633 5222 curatio
2656 5149 2972 5218 benivola;
3010 5156 3040 5207 3
3078 5169 3090 5206 :
3119 5148 3546 5222 Megin'gaiidus
3579 5163 3679 5222 pe-

254 5219 503 5278 nitentia
531 5222 748 5278 ductus
778 5221 991 5277 virtute
1022 5219 1320 5292 Maximini
1378 5221 1627 5292 pristine
1680 5219 1950 5277 redditur
1996 5222 2206 5276 forme.

2286 5223 2334 5254 2“
2365 5223 2449 5278 ita
2482 5221 2651 5276 codd.
2682 5237 2898 5288 omnes,
2921 5215 3334 5276 diuinitus—ed.
3362 5250 3425 5256 -—
3456 5222 3510 5270 2.
3543 5215 3671 5277 allo,

256 5298 528 5361 uexatus,
561 5294 721 5365 quod
749 5295 811 5348 in
848 5294 897 5345 Ι.
929 5305 1161 5363 quoque
1191 5291 1481 5361 scriptum
1509 5293 1612 5348 sed
1635 5298 1767 5360 post
1800 5293 2054 5348 deletum
2073 5297 2176 5348 est.

327 5481 474 5562 (278)
531 5479 605 5562 cf.
648 5477 1000 5562 Ai‘teginoua.
1071 5480 1194 5562 392.
1231 5476 1431 5562 Lamei
1487 5481 1629 5562 Acta
1658 5476 1778 5562 Pal.
2177 5479 2265 5534 Ad
2313 5495 2454 5536 eum
2506 5483 2758 5536 Brower.
2789 5480 2942 5532 Ann.
2973 5490 3034 5546 p.
3080 5477 3185 5531 439
3214 5473 3585 5546 epitaphium
3617 5473 3675 5528 in

259 5548 510 5607 ecelesia
542 5552 597 5606 S.
632 5548 844 5604 Albani
881 5551 1136 5619 Mogunt,
1170 5553 1474 5622 repertum
1502 5549 1698 5605 refert.

655 5647 900 5702 PATROL.
941 5646 1206 5703 CXXXIII.

3039 5649 3101 5701 31
