4166 6162
475 79 582 146 971

1831 63 2204 128 SIGEHARDI
2263 65 2582 126 MONACHI

3807 69 3910 126 972

477 193 960 258 animadversas,
989 188 1053 246 in
1079 202 1142 244 se
1165 187 1358 252 rediit.
1389 189 1539 262 quid
1591 192 1649 244 et
1700 175 1822 250 ευτ’
1833 188 2137 260 pateretur
2165 189 2212 244 Α
2249 189 2378 242 tum
2407 185 2588 244 etiam
2614 201 2688 242 ex
2715 201 2787 242 eo
2817 183 2987 261 quod
3027 183 3088 240 in
3115 183 3576 258 praesentiarum
3630 183 3910 260 referam,

476 281 781 349 intellexit,
833 282 888 338 et
917 294 992 334 ex
1048 281 1173 336 toto
1221 279 1424 350 corde,
1455 278 1813 336 adhortante
1858 276 2136 349 conjuge,

476 371 616 428 dicti
634 367 930 444 paenituit,
961 381 1144 440 seque
1166 367 1354 439 copiis
1374 365 1725 440 praeparatis
1754 379 1980 435 magna
1998 378 2138 422 cum

477 459 773 517 celeritate
803 455 1097 514 Treverim
1156 455 1472 528 deportare
1521 453 1818 528 praecepit.
1875 451 2138 510 Tandem

478 549 682 622 itaque
713 547 794 604 ad
821 545 1256 608 monasterium
1282 549 1528 602 ventum
1560 549 1668 615 est,
1699 547 1835 602 ante
1863 543 2138 600 sanctum

479 638 664 696 altare
685 635 1030 709 deponitur,
1062 633 1252 692 xeniis
1287 632 1574 706 preciosis
1601 632 1801 703 ipsum
1827 629 2012 690 altare
2042 645 2140 684 cu-

479 726 762 784 mulatur.
815 728 883 782 Et
909 724 1014 797 qui
1039 723 1208 796 prius
1239 739 1300 777 se
1353 721 1670 779 dominum
1699 719 1955 793 superbe
1999 733 2136 790 pro.

481 816 782 882 clamavit,
815 818 958 872 tunc
988 812 1177 871 sancti
1232 811 1468 870 Maximi
1500 826 1744 870 servum
1791 809 2038 869 nutibus
2067 825 2137 868 ac

479 904 666 962 sibilis
696 906 894 976 potius
948 915 1134 974 quam
1188 899 1385 958 verbis
1441 899 1742 956 humiliter
1786 897 2133 969 assignavit.

479 997 594 1050 Nec
623 991 911 1050 fructibus
933 1005 1054 1048 suis
1083 986 1506 1044 satisfactionis
1537 987 1810 1059 privatus
1838 991 1926 1043 est
1953 986 2137 1044 homo

479 1086 807 1155 postquam
835 1077 914 1134 ad
943 1077 1072 1148 ejus
1105 1075 1504 1147 clementiam,
1547 1091 1730 1148 quem
1773 1075 1950 1147 quasi
2002 1091 2138 1148 pro-

482 1170 698 1226 caciter
723 1167 892 1232 laesit,
923 1165 1181 1238 supplex
1202 1167 1245 1200 ²⁷
1279 1165 1630 1234 confugium
1659 1165 1978 1221 fecit.Nam
2005 1163 2139 1220 fusa

479 1275 589 1332 pro
611 1274 684 1314 eo
714 1273 750 1314 a
777 1254 1059 1312 fratribus
1085 1270 1282 1326 prece,
1313 1254 1540 1311 meritis
1597 1253 1898 1311 Maximini
1939 1253 2139 1309 cccles-

479 1347 551 1404 tis
577 1346 668 1402 ira
719 1344 982 1412 sedatur,
1033 1343 1363 1415 virtuteque
1413 1343 1602 1399 sancti
1653 1342 1882 1410 integra
1915 1342 2138 1400 sanitas

475 1437 538 1494 in
569 1441 793 1508 puncto
825 1433 1108 1505 temporis
1139 1432 1534 1502 Megingaudo
1567 1431 1851 1488 redditur.
1915 1433 2005 1490 Sic
2036 1433 2140 1488 lio—

2245 272 2478 347 liquido
2504 273 2704 331 claret.

2323 363 2486 418 11³³.
2550 361 2857 436 Siquidem
2919 366 3054 432 post
3114 363 3520 418 memoratum
3575 361 3914 435 Megingau-

2247 449 2396 506 dum
2448 449 2844 525 potestatibus
2891 455 2948 508 et
2999 449 3208 506 usibus
3258 448 3438 525 hujus
3467 451 3639 522 regni
3679 451 3907 510 ducum

2245 539 2375 596 haec
2401 538 2646 598 abbatia
2665 540 2713 573 3‘
2730 539 3158 612 subjacuit,his
3186 543 3417 596 tantum
3453 540 3738 614 exceptis,
3772 556 3908 616 quea.

2247 626 2499 688 fratrum
2527 627 2945 686 sustentationi
2966 627 3198 684 dudum
3226 632 3602 703 sequestrata
3631 629 3888 699 fuerant;

2247 733 2384 790 quae
2415 723 2614 778 tamen
2642 717 2796 790 ipsa,
2823 717 2978 775 sicut
3005 723 3058 774 et
3087 718 3311 786 adhuc,
3339 733 3550 776 eorum
3571 717 3910 778 defensioni

2248 821 2286 864 a
2310 806 2554 878 regibus
2587 805 3133 865 committebantur.
3165 809 3296 872 Qua
3323 821 3396 864 ex
3419 822 3604 866 causa
3635 823 3774 866 cum
3825 807 3911 867 ϐία

2249 895 2524 952 silbertus
2553 895 2888 953 admodum
2915 895 3153 968 juvenis
3191 895 3317 951 dux
3347 911 3532 966 regno
3581 896 3912 970 praeﬁcere-

2248 990 2364 1053 tur,
2394 991 2461 1042 ut
2481 984 2583 1042 illa
2613 1001 2675 1042 se
2705 991 2853 1042 tetas
2884 985 3084 1057 habet,
3110 984 3482 1042 secularibus
3507 985 3909 1044 oblectamen-

2248 1074 2322 1132 tis
2351 1079 2410 1131 et
2431 1074 2673 1148 pompis
2712 1091 2782 1130 ac
2813 1074 3188 1146 voluptatum
3230 1073 3520 1130 illecebris
3569 1075 3768 1149 primo
3819 1076 3911 1136 sui

2247 1164 2619 1237 principatus
2649 1168 2764 1220 tem
2771 1180 2939 1236 pore,
2961 1162 3242 1236 quamvis
3261 1168 3470 1236 postea
3485 1165 3533 1199 ³⁵
3559 1163 3837 1236 egregius
3857 1165 3904 1201 ³⁸

2247 1253 2335 1310 vir
2362 1253 2554 1310 factus
2579 1253 2655 1309 sit
2679 1254 2849 1324 (280),
2880 1269 2942 1308 se
2973 1253 3174 1324 potius
3204 1252 3454 1322 dedens,
3500 1269 3692 1326 quam
3745 1269 3908 1312 com-

2251 1341 2644 1400 moditatibus
2700 1340 3080 1400 subditorum
3133 1341 3528 1414 prospiciens,
3574 1341 3908 1398 monachos

2249 1429 2429 1502 hujus
2461 1429 2806 1488 monasterii
2837 1430 3019 1486 etiam
3039 1430 3424 1488 vehementer
3452 1429 3680 1498 afﬂixit,
3705 1446 3778 1486 ea
3800 1429 3907 1486 sci-

477 1543 578 1582 mo
599 1523 822 1582 salubri
849 1523 1220 1594 correptione
1252 1538 1289 1578 a
1321 1525 1439 1578 Deo
1475 1522 1826 1591 castigatus,
1885 1537 1961 1578 ne
1996 1521 2137 1578 ulte-
2173 1539 2213 1596 B
2250 1517 2386 1574 licet
2399 1517 2611 1591 quaein
2644 1533 2790 1574 usus
2805 1534 3016 1576 eorum
3039 1522 3342 1576 cesserant
3362 1517 3636 1576 adimens
3667 1517 3910 1592 suisque

474 1617 600 1675 rius
622 1614 1072 1686 blasphemaret
1098 1612 1159 1667 in
1188 1617 1445 1679 sanctos,
1480 1611 1866 1667 Maximinum
1895 1626 1969 1666 ex
1998 1615 2137 1666 tunc

476 1706 595 1762 vita
619 1720 732 1760 sua
760 1703 900 1759 colit
927 1705 993 1759 ut
1018 1701 1494 1771 sanctissimum,
1527 1701 1904 1773 amplectitur
1936 1705 2000 1756 ut
2026 1715 2136 1772 pa-

479 1799 650 1865 trem,
678 1796 999 1849 veneratur
1043 1794 1107 1847 ut
1133 1790 1473 1846 dominum.
1533 1792 1801 1860 Remque
1834 1790 1880 1825 ³³
1905 1793 2136 1858 gestam

479 1882 560 1940 ad
586 1881 1010 1954 imperatorem
1036 1879 1307 1952 protinus
1321 1877 1602 1947 referens,
1631 1893 1741 1950 pro
1770 1877 2069 1948 denegata
2089 1878 2134 1914 ²⁹

477 1970 758 2028 fratribus
789 1969 1074 2028 electione
1106 1967 1456 2037 sollicitavit,
1485 1983 1594 2024 nec
1625 1967 1792 2039 prius
1837 1971 2054 2036 rogatu
2082 1971 2140 2026 et

477 2058 893 2117 obsecratione
923 2057 1082 2114 circa
1111 2072 1315 2126 regem
1359 2055 1598 2123 destitit,
1630 2072 1818 2128 quam
1872 2055 2136 2125 regalem

476 2150 713 2217 iiscum,
745 2146 1114 2204 Ribiniacum
1139 2145 1280 2217 (279)
1312 2145 1577 2210 nomine,
1612 2144 1868 2202 fratrum
1927 2144 2134 2200 usibus

479 2237 830 2308 acquisisset
871 2236 939 2290 3°.
977 2235 1161 2305 Hujus
1219 2250 1362 2304 ergo
1421 2234 1565 2290 tanti
1617 2251 1688 2289 ac
1737 2233 1869 2290 talis
1898 2233 2136 2305 patroni

479 2325 668 2382 nostri
703 2325 1074 2380 sanctitatem
1106 2324 1243 2395 quis
1283 2323 1426 2380 satis
1456 2323 1720 2392 miretur,
1765 2322 1903 2394 quis
1955 2322 2134 2392 digne

479 2413 775 2469 collaudet
803 2415 830 2468 ?
859 2411 1022 2466 Adeo
1069 2411 1130 2465 in
1173 2411 1396 2466 meritis
1456 2426 1527 2466 ac
1573 2411 1784 2467 virtute
1838 2410 2137 2466 Maximini

478 2486 665 2558 nostri
717 2501 922 2556 omnia
965 2499 1196 2566 altiora,
1243 2499 1449 2556 omnia
1503 2499 1918 2556 excellentiora
1975 2505 2134 2570 sunt,

477 2605 667 2662 quam
697 2592 763 2644 ut
789 2604 865 2643 ne
896 2587 1178 2644 aestimari
1225 2587 1492 2659 quidem,
1537 2586 1764 2642 nedum
1794 2591 1976 2642 etiam
2026 2587 2136 2644 abs

475 2676 746 2752 quolibet
772 2675 1116 2734 mortalium
1137 2675 1374 2734 valeant
1398 2675 1701 2748 explicari.
1735 2674 1851 2732 Sed
1878 2690 1991 2730 nos
2023 2691 2136 2730 un-

477 2765 552 2824 de
580 2766 700 2822 hac
725 2763 1280 2839 quantulacumque
1307 2763 1494 2820 sancti
1537 2762 1881 2823 laudatione
1911 2761 2135 2832 digres-

477 2855 527 2912 si
553 2871 787 2924 sumus,
811 2853 889 2909 ad
915 2853 1295 2926 propositum
1323 2852 1666 2910 redeamus.

551 2949 614 3002 10
645 2945 713 2998 ³¹.
749 2941 1056 3014 Quamvis,
1084 2947 1147 2999 ut
1179 2942 1485 3015 superiore
1507 2939 1768 3014 capitulo
1797 2939 2128 3006 retulimus,

474 3033 624 3091 ordo
648 3049 719 3088 ac
747 3031 1032 3088 districtio
1061 3030 1352 3102 regularis
1410 3031 1469 3085 in
1529 3031 1642 3086 hoc
1687 3029 1819 3086 loco
1851 3027 2130 3086 anteriori

473 3126 744 3196 tempore
796 3119 1158 3192 negligentia
1210 3123 1266 3175 et
1311 3119 1632 3176 cnervitate
1671 3118 2129 3191 prtepositorum

473 3210 679 3284 aliqua
722 3209 1132 3266 .elaudicasset
1174 3224 1247 3264 ex
1293 3213 1484 3280 parte,
1539 3223 1878 3280 numquam
1929 3212 2129 3264 tamen

473 3299 678 3356 divina
755 3297 982 3356 meritis
1055 3295 1353 3355 Maximini
1429 3300 1728 3354 annuente
1793 3295 2126 3361 clementia,

470 3387 609 3444 huic
669 3387 804 3444 loco
851 3393 1089 3443 sanctos
1145 3403 1217 3444 ac
1270 3385 1580 3453 religiosos
1631 3384 1894 3441 defuisse
1949 3385 2125 3450 viros,

473 3475 667 3531 donec
721 3475 936 3531 iterum
988 3475 1145 3532 datis
1211 3474 1536 3531 abbatibus
1599 3473 1902 3542 neglectus
1955 3487 2128 3542 regu-

469 3561 613 3618 laris
665 3561 1056 3618 observantiae
1135 3561 1229 3618 vel
1284 3563 1348 3616 in
1421 3561 1742 3633 pristinum
1799 3561 1894 3616 vel
1950 3562 2129 3618 etiam

467 3650 532 3710 in
574 3650 787 3708 melius
842 3652 964 3707 Deo
1019 3650 1287 3724 propicio
1340 3649 1754 3719 corrigeretur,
1841 3667 1980 3707 cum
2056 3667 2130 3708 ex

469 3727 679 3800 multis.
719 3757 855 3814 quae
907 3755 1031 3798 non
1059 3745 1148 3796 est
1176 3741 1462 3809 temporis
1515 3740 1701 3812 hujus
1727 3741 1776 3776 ³³
1810 3741 2128 3814 explicare,

2246 1607 2598 1663 satellitibus
2629 1606 3016 1680 disperciens.
3072 1611 3157 1667 Ea
3210 1613 3414 1665 autem
3442 1611 3794 1681 tempestate
3820 1607 3907 1666 vir

2247 1695 2614 1755 clarissimus
2645 1697 2950 1752 Heinricus
2995 1698 3065 1766 37,
3100 1696 3332 1767 genitor
3364 1697 3730 1754 serenissimi
3779 1698 3906 1770 [au-

2245 1786 2404 1858 gusti
2427 1785 2747 1856 38]0ttonis
2792 1787 2862 1848 39,
2891 1787 3065 1857 cujus
3114 1785 3369 1858 imperiti
3417 1801 3577 1847 anno
3608 1785 3902 1857 vigesimo

2245 1874 2501 1947 septimo
2529 1875 2662 1933 haec
2687 1873 3058 1948 scripsimus,
3091 1875 3447 1934 monarchia
3465 1873 3636 1948 regni
3662 1874 3905 1948 potitus,

2246 1961 2518 2018 sublitos
2544 1955 3066 2036 quidemjusticia,
3097 1978 3246 2038 pace
3299 1969 3356 2022 et
3409 1963 3730 2022 clementia
3777 1977 3906 2021 mo-

2244 2051 2578 2108 destissime
2632 2050 3008 2123 gubernavit,
3060 2051 3298 2124 imperii
3341 2067 3485 2108 vero
3526 2051 3767 2127 apicem
3791 2050 3906 2110 vir-

2245 2139 2471 2196 tutibus
2499 2144 2556 2194 et
2594 2138 2782 2208 gloria
2827 2139 3115 2212 omnique
3162 2138 3475 2198 honestate
3531 2138 3908 2210 singulariter

2245 2227 2572 2290 decoravit.

2321 2318 2385 2374 1'2
2417 2319 2484 2374 *0.
2520 2319 2666 2376 inito
2693 2335 2836 2388 ergo
2865 2319 3134 2384 consilio,
3169 2318 3399 2386 fratres,
3449 2322 3510 2374 ut
3538 2317 3770 2374 dictum
3801 2323 3904 2384 est,

2243 2406 2624 2464 intollerabili
2679 2408 2998 2464 alﬂictioue
3027 2425 3064 2464 a
3122 2409 3432 2466 tlisilberto
3479 2407 3772 2480 depressi,
3825 2423 3908 2464 re-

2247 2495 2408 2565 giam
2437 2496 2814 2552 clementiam
2845 2498 3138 2564 adierunt,
3162 2498 3432 2570 quidque
3463 2499 3506 2532 “
3539 2496 3909 2552 incommodi

2248 2599 2284 2640 a
2312 2583 2464 2639 duce
2520 2589 2885 2656 paterentur,
2945 2585 3258 2658 conquesti
3287 2589 3442 2640 sunt.
3476 2583 3664 2640 Nichil
3707 2589 3908 2640 tamen

2247 2675 2412 2730 tanto
2477 2672 2686 2732 labore
2741 2679 3058 2747 assumpto
3110 2675 3510 2747 proﬁcientes,
3543 2672 3906 2744 indignatio-

2244 2777 2384 2821 nem
2408 2763 2604 2832 magis
2633 2762 2902 2834 praedicti
2933 2763 3124 2833 ducis,
3155 2763 3436 2822 immeriti
3457 2762 3612 2828 licet,
3643 2777 3908 2820 emerue-

2243 2857 2400 2910 runt.
2436 2851 2592 2917 Quid
2619 2851 2785 2908 aliud
2814 2854 3108 2922 agerent?
3135 2852 3440 2909 Defectum
3463 2855 3696 2909 tantum
3726 2867 3910 2907 amo-

2239 2940 2523 3008 nasterio,
2554 2943 2925 3000 necessitatis
2956 2943 3166 3002 ultimo
3193 2942 3407 3008 coacti,
3437 2941 3906 3010 meditabantur,

2241 3047 2378 3086 cum
2411 3029 2610 3087 subito
2636 3031 2794 3088 vires
2823 3030 3026 3088 denuo
3055 3035 3341 3103 reparant
3362 3033 3730 3099 animorum,
3762 3046 3907 3087 con-

2241 3119 2435 3176 silium
2479 3119 2566 3178 ‘in
2615 3121 2779 3178 hunc
2833 3121 3090 3180 modum
3151 3125 3511 3192 restaurant,
3563 3119 3788 3178 scilicet
3827 3119 3906 3177 ad

2239 3223 2440 3278 regem
2508 3223 2742 3278 regum,
2817 3209 3138 3267 Maximino
3211 3209 3652 3282 patrocinante,
3726 3223 3905 3266 suum

2237 3298 2470 3354 orando
2533 3298 2747 3355 referre
2814 3299 3158 3368 negocium.
3215 3298 3392 3365 Quod
3469 3300 3516 3334 ⁴²
3591 3315 3734 3356 cum
3803 3297 3905 3354 ali-

2237 3387 2511 3459 quandiu
2591 3388 2738 3443 haut
2824 3389 3086 3457 segniter
3165 3393 3444 3457 ageretur
3502 3389 3571 3454 ‘3,
3630 3385 3902 3460 quadam

2237 3480 2410 3532 nocte
2481 3475 2835 3532 venerabilis
2913 3477 3267 3534 Maximinus
3340 3477 3404 3532 in
3483 3475 3720 3532 visione
3763 3475 3902 3531 duci

2237 3564 2566 3636 quiescenti
2621 3566 2964 3636 supervenit
3008 3584 3021 3634 ;
3082 3581 3152 3622 ac
3201 3565 3402 3638 primo
3448 3564 3719 3638 quidem,
3765 3563 3902 3636 quis

2239 3653 2314 3710 sit
2339 3669 2677 3725 quorumve
2708 3671 2895 3711 causa
2920 3655 3167 3724 venerit,
3201 3653 3419 3727 pandit
3447 3672 3461 3722 ;
3519 3652 3740 3710 deinde
3785 3652 3899 3712 ob-

2239 3740 2400 3798 noxii
2433 3741 2643 3814 culpas
2671 3743 2904 3814 arguit;
2933 3742 3016 3800 ad
3043 3743 3324 3802 ultimum
3346 3757 3490 3820 vero
3508 3773 3579 3784 —-
3597 3741 3758 3801 mira
3784 3741 3904 3800 dio-

1887 3866 2124 3922 VARUE
2164 3866 2460 3924 LECTION
2465 3867 2570 3924 ES.

541 3975 584 4008 ³⁷
614 3971 826 4046 suplex
846 3977 909 4046 1.
963 3972 1030 4046 ’³⁸
1061 3985 1180 4044 que
1207 3970 1364 4026 deest
1393 3972 1446 4025 2.
1511 3971 1573 4046 ἐξ
1605 3968 1994 4046 deneganda
2017 3977 2154 4043 post
2173 3988 2333 4046 corr.
2380 3972 2760 4046 denegatal.
2793 3973 3155 4044 deneganda
3183 3989 3342 4046 corr.
3373 3988 3496 4046 non
3525 3971 3681 4029 dene

3769 3971 3895 4029 nda

468 4049 522 4102 2.
599 4046 648 4080 ⁸ο
679 4040 1101 4126 acquisiuisset
1130 4057 1286 4126 corr.
1348 4040 1702 4126 acquisisset
1744 4040 1814 4097 t.‘
1949 4040 2325 4126 In‘tz‘nyll-a
2379 4040 2598 4126 rapitis
2653 4040 2999 4126 distinctio}
3017 4049 3070 4100 2.
3105 4045 3331 4126 itaadd.
3365 4045 3615 4126 rubrum
3641 4040 3900 4126 :Piyina

469 4112 1118 4188 annuenteiclernen_tia
1155 4113 1296 4188 huic
1327 4112 1698 4188 monasterio
1720 4113 1908 4188 sancti
1939 4129 2010 4170 ac
2033 4113 2292 4188 religiosi
2334 4112 2794 4188 vii-ifnunquam
2826 4112 3070 4188 defuere
3108 4115 3461 4188 (defuerunt
3485 4117 3583 4188 3.),

471 4192 520 4242 1.
597 4188 646 4221 ³³
676 4187 868 4242 Nulla
893 4185 1199 4255 distinctio
1229 4183 1376 4255 in}.
1406 4187 1544 4255 2._3.
1573 4185 1730 4255 add,
1750 4185 1997 4241 rubrum
2030 4204 2043 4241 :
2073 4183 2270 4252 Quam
2301 4187 2560 4255 graviter

2645 4132 2794 4187 juam
2827 4116 3070 4172 defuere
3108 4115 3453 4188 (defuerunt
3485 4117 3583 4186 3.).
3663 4116 3713 4152 ⁸³
3737 4115 3902 4172 deest

2645 4204 2724 4245 ux
2771 4187 3121 4246 Gisilbertus
3169 4188 3328 4246 hanc
3365 4185 3682 4246 abbatiam
3721 4185 3900 4244 dissi~

466 4273 623 4362 parts
647 4255 856 4337 fratres
880 4255 1061 4326 hujus
1087 4254 1202 4310 loci
1232 4252 1524 4312 aﬁlixerit.
1603 4255 1649 4288 3‘
1677 4253 1880 4312 abatia
1913 4260 1960 4337 t.
2037 4257 2084 4294 ³⁵
2115 4262 2253 4329 post
2289 4252 2432 4314 add.
2460 4263 2509 4316 1.
2535 4258 2692 4316 deest
2719 4262 2774 4316 2.
2851 4261 2898 4294 3°
2921 4259 3230 4340 egregium
3269 4274 3428 4316 corr.
3461 4257 3738 4330 egregius
3773 4261 3823 4314 t.

493 4330 510 4362 7
546 4327 822 4362 honr-anne
857 4326 1009 4362 nnlld
1104 4325 1152 4359 38
1181 4326 1339 4362 done!
1363 4329 1394 4362 ε)
1452 4327 1481 4362 Q
1538 4329 1570 4362 Δ
1669 4325 1716 4360 89
1749 4331 1976 4362 nnl'nnlc
2014 4331 2031 4362 Δ
2139 4329 2188 4362 ιο
2215 4331 2247 4362 0
2305 4329 2428 4362 mm
2475 4329 2721 4362 nominatam
2751 4347 2762 4360 ο
2791 4329 2984 4362 ααῒὲηιι
3005 4329 3211 4362 (animo.
3245 4330 3472 4362 nontam
3505 4327 3823 4362 nlamnnﬁa

545 4327 824 4401 henricus
856 4325 1025 4401 codd.
1104 4325 1152 4359 ³⁸
1179 4326 1339 4401 deest
1358 4329 1416 4401 2.
1449 4327 1506 4401 ἐξ.
1538 4329 1590 4379 4.
1669 4325 1716 4401 39
1749 4327 1990 4401 octonis
2014 4331 2061 4382 1.
2115 4325 2188 4401 ’ξο
2215 4331 2270 4385 2.
2303 4329 2445 4401 add.
2475 4329 2723 4401 rubrum
2750 4347 2762 4384 :
2789 4325 2987 4387 afﬂicti
3003 4325 3213 4386 fratres
3245 4330 3475 4401 regiam
3500 4325 3898 4401 clementiam

466 4403 673 4454 contra
701 4398 920 4452 ducem
944 4394 1373 4469 interpellaturi
1411 4394 1723 4469 adierunt;
1755 4401 1785 4454 3
1821 4415 1834 4453 :
1867 4401 1933 4453 Α.
1964 4397 2004 4454 f.
2033 4397 2194 4469 regis
2215 4399 2506 4456 tutamine
2537 4399 2800 4458 frustrati
2831 4401 3218 4458 Maximinum
3259 4394 3564 4457 marentur
3593 4399 3671 4456 de
3704 4399 3892 4456 tiran-

463 4485 544 4544 no
565 4469 840 4526 ultorem.
873 4502 902 4544 -_
915 4470 961 4544 ξι
988 4465 1603 4544 quicquidincomodi
1632 4467 1687 4544 2.
1763 4470 1810 4502 ⁴²
1838 4469 1914 4544 In
1932 4473 1994 4544 _2_.
2019 4465 2240 4528 uocum
2266 4477 2449 4544 caput
2479 4473 2690 4544 incipit
2717 4472 2831 4531 hac
2852 4472 3041 4544 rubra
3062 4477 3336 4544 notatum
3361 4471 3894 4544 {Lamentantium

461 4540 714 4600 fratrum
745 4537 1028 4618 precibus
1055 4537 1414 4618 venerabilis
1451 4537 2180 4618 Maximinusinclinatus,
2206 4537 2492 4600 scelerato
2523 4537 2664 4600 duci
2726 4548 2865 4618 post
2921 4543 3116 4602 illatas
3143 4543 3340 4600 minas
3364 4541 3888 4614 ﬂagellationibus

461 4628 663 4686 ipsum
689 4608 1080 4669 emendatum
1108 4608 1386 4666 reddidit.
1467 4611 1514 4644 ⁸³
1535 4615 1782 4681 agerent
1809 4615 1863 4668 2.

2066 4711 2290 4768 NOTAE.

527 4815 1081 4898 (g79i'itub_e‘nach_;
1117 4814 1222 4898 Aci:
1255 4813 1485 4871 Arnulﬁ
1507 4813 1777 4888 diploma
1819 4830 1918 4887 ap.
1953 4817 2102 4872 Hon-
2133 4817 2178 4872 Ι)
2217 4815 2489 4898 estquod
2515 4832 2751 4898 moneo_
2763 4821 3058 4898 repetens,
3095 4817 3390 4898 tibi‘dico,
3427 4815 3895 4898 Ursidungi_cel-

457 4885 642 4943 theim
669 4886 814 4941 Hist.
835 4886 1008 4940 Trev.
1041 4890 1084 4955 l,
1115 4890 1238 4942 226.

530 4956 872 5032 (28.9)Deeo
890 4957 976 5032 iia
1013 4954 1143 5032 Vita
1170 4957 1413 5032 Gerardi
1451 4954 1858 5032 Broniensis_c.
1889 4960 2106 5032 23,_ap.

453 5026 668 5087 Ma‘bill.
699 5030 862 5096 Acta,
889 5029 954 5095 V,
983 5042 1044 5098 p.
1087 5031 1190 5098 268
1241 5045 1254 5082 :
1294 5051 1321 5077 ‹‹
1351 5031 1641 5085 (luit-“Im
1667 5043 1744 5084 ne
1773 5027 1896 5084 dux
1927 5026 2107 5086 Gislé-

449 5099 675 5173 biertus,
713 5098 884 5173 cujus
913 5097 1294 5173 mentionem
1321 5098 1904 5173 pl‘tBtlitilttVlIIillSLa
1933 5099 2110 5156 nobis

449 5171 738 5229 abscedat
753 5170 1076 5242 illaudatus
1099 5174 1156 5242 et
1173 5169 1486 5242 inglorius,
1509 5170 1664 5226 circa
1686 5169 1960 5242 ejusdem
1978 5188 2110 5228 san-

450 5244 526 5298 cti
549 5243 750 5298 locum
773 5241 992 5298 exstitit
1015 5240 1160 5312 satis
1178 5241 1484 5312 humanus
1501 5240 1744 5297 etvalde
1761 5243 2104 5312 muniﬁcus,

447 5315 729 5383 quaedam
748 5314 968 5369 scilicet
991 5311 1217 5384 praedia
1244 5311 1606 5369 subtrahens
1653 5312 1764 5368 sibi
1808 5313 2107 5369 militanti-

446 5382 584 5440 bus.
605 5401 741 5440 aute
773 5401 896 5440 non
921 5401 1118 5440 pauca
1143 5385 1486 5440 exnendvra
1498 5383 1776 5439 beneﬁcii
1803 5386 1956 5440 grati
1991 5385 2103 5440 mi-

493 5401 584 5451 us,
605 5401 741 5451 qute
773 5401 896 5440 non
921 5401 1118 5451 pauca
1143 5399 1486 5451 expendere
1498 5399 1776 5439 benencn
1803 5399 1956 5451 grati
1991 5401 2103 5440 mi-

446 5399 584 5451 DUS,
605 5401 741 5454 qute
773 5401 896 5440 non
921 5401 1118 5456 pauca
1143 5399 1486 5456 expenavra
1498 5399 1776 5439 benencn
1803 5399 1956 5454 grati
1991 5401 2103 5440 Inl-

444 5452 670 5532 litibus
724 5455 992 5532 mihique.
1047 5456 1407 5532 coemtde
1452 5456 1586 5532 iure
1644 5459 1933 5532 perpetuo
1965 5471 2104 5513 cum

443 5524 778 5580 militaturis
807 5524 1038 5582 Christo
1059 5524 1471 5584 militantibus}
1508 5524 1660 5592 Qua'
1680 5524 1772 5583 de‘
1798 5542 1862 5583 re
1911 5541 2100 5582 unum

2221 4885 2491 4963 iensisti.
2517 4903 2568 4963 e_.
2604 4889 2662 4963 S_.
2713 4885 2954 4963 Gisleni)
2983 4889 3302 4963 monache,
3351 4885 3455 4963 qui
3482 4888 3680 4963 ducis
3703 4885 3894 4963 Gisia-

2218 4957 2370 5034 berti
2401 4958 2748 5034 largissima
2803 4957 3041 5034 victitas
3100 4957 3296 5034 stipe,
3329 4957 3724 5034 considerans
3752 4958 3895 5034 dili-

2261 5033 2425 5084 enter
2448 5030 2710 5103 attende,
2740 5045 2815 5086 ne
2834 5032 3086 5104 quando
3111 5029 3504 5104 ejus'animte
3559 5029 3893 5104 invenieris

2237 5115 2537 5176 mmemor
2565 5099 2718 5176 esse,
2749 5099 3085 5176 sed-potius
3105 5099 3556 5176 incogitabilem
3576 5099 3894 5171 benignis-

2217 5171 2352 5227 simi
2379 5174 2518 5228 lesu
2543 5173 2826 5246 pietatem
2848 5171 3051 5246 pulses
3106 5171 3630 5248 importunissima
3683 5187 3886 5248 prece,

2215 5247 2512 5318 quatenus
2544 5243 2728 5318 aurea
2747 5243 3052 5318 perpetuae
3075 5243 3384 5318 conlingat
3415 5245 3669 5318 praemia
3685 5243 3706 5246 “
3725 5243 3884 5318 viae.

2217 5313 2283 5369 Et
2307 5330 2382 5368 ne
2403 5313 2552 5388 forte
2570 5313 2949 5388 desperari—do
2972 5315 3251 5388 mussites
3270 5313 3591 5372 rebellasse
3620 5331 3764 5370 eum
3782 5313 3889 5370 ad-

2214 5399 2419 5465 versus
2440 5385 2758 5465 dominum
2782 5403 2962 5465 suum
2988 5387 3887 5465 principem_l_tomanum,_mor-

2215 5455 2288 5532 tis
2304 5455 2699 5532 dirissimum,
2730 5457 2885 5529 proh
2909 5455 3085 5532 dolor
3107 5457 3122 5532 !_
3155 5455 3377 5532 recepit
3399 5457 3835 5532 commercium
3865 5473 3881 5522 ;

2215 5529 2272 5582 et
2303 5527 2592 5586 Dominus
2613 5527 2788 5588 Jesus
2808 5545 2933 5587 non
2951 5528 3046 5587 bis
3065 5527 3336 5591 vindicat
3359 5528 3422 5586 in
3455 5529 3723 5602 idipsum
3773 5549 3804 5576 ι»
