4116 6156
239 203 342 257 977

809 159 1258 269 FRIDEGQDUS
1297 194 1680 253 MONACHUS
1718 193 2236 250 BENEDICTINUS.
2277 225 2347 235 -—
2385 195 2666 252 ΝΟΤῙΤΙΑ
2706 196 3091 253 HlSTORlCA.

3557 198 3662 253 978

239 327 306 381 ut
327 323 598 394 ingressa
624 324 734 395 est,
755 322 954 379 cuncti
983 320 1204 395 pariter
1240 319 1304 377 in
1332 319 1748 393 pavimentum
1801 333 1894 374 co-
1931 322 1980 375 A
2008 318 2210 391 perius
2257 317 2509 375 fecimus
2561 321 2926 378 mentionem
2957 320 3128 392 (289),
3161 334 3407 376 sumens
3450 317 3663 390 lagun-

237 429 370 471 ram
429 429 603 470 sacro
655 411 826 469 altari
871 414 1159 468 corruunt
1203 412 1276 482 9°,
1318 409 1680 466 terribilibus
1723 424 1793 464 ac
1849 411 1893 444 91

240 502 523 560 maximis
548 501 914 559 clamoribus
943 499 1330 557 Maximinum
1357 499 1417 555 in
1451 502 1614 555 tanta
1641 497 1898 554 necessi-

237 595 357 649 tate
384 590 766 665 patrocinari,
796 604 983 662 seque
1013 588 1089 646 de
1114 587 1417 645 Adalberti
1447 591 1496 623 ⁹²
1529 587 1825 644 tirannide
1849 587 1898 622 93

231 683 363 755 jam
392 680 636 739 tandem
660 678 1042 736 conclamant
1062 676 1232 751 eripi.
1256 677 1363 734 Vix
1392 676 1505 734 illis
1531 675 1898 733 clamoribus

235 773 374 844 post
403 768 711 826 evolutum
741 766 1029 838 dimidiae,
1075 771 1142 822 ut
1170 765 1374 835 fertur,
1401 767 1566 822 horse
1622 765 1898 839 spacium

237 859 541 916 silentium
599 862 686 916 est
735 858 1119 931 imperatum.
1152 855 1508 912 Adalbertus
1536 871 1680 912 vero
1705 855 1754 890 9"
1785 853 1898 910 cle-

235 952 502 1006 mentem
527 949 575 984 ⁸⁵
604 947 818 1004 videns
844 947 1132 1004 feminam
1151 946 1301 1002 haut
1327 945 1568 1002 modico
1596 943 1802 1000 dolore
1827 960 1899 1000 ex

237 1034 639 1110 conpassione
697 1035 1057 1092 miserorum
1114 1037 1420 1105 attactam,
1465 1033 1735 1105 dejerare
1790 1047 1900 1105 per

237 1125 539 1184 Maximini
560 1124 839 1182 virtutem
869 1124 1068 1198 cmpit,
1100 1124 1427 1198 omniaque
1465 1140 1602 1196 quas
1633 1122 1898 1180 dicerent

236 1215 514 1272 homines
543 1213 676 1270 illos
706 1213 887 1270 fuisse
917 1213 1229 1284 mentitos;
1256 1217 1311 1271 et
1359 1217 1426 1270 ut
1461 1216 1588 1270 erat
1635 1227 1776 1269 ense
1806 1227 1900 1268 ac-

237 1303 468 1360 cinctus
504 1305 572 1371 ",
605 1317 856 1359 manum
901 1301 1175 1376 protinus
1202 1302 1530 1359 extendens
1573 1301 1653 1358 ad
1710 1316 1897 1374 capu-

235 1391 388 1458 lum,
417 1389 750 1464 procaciter
798 1390 977 1445 nimis
1007 1405 1113 1463 per
1164 1395 1405 1463 spatum
1436 1407 1609 1446 suam
1652 1388 1896 1461 juravit,

239 1497 302 1537 se
348 1479 738 1552 gravissimas
768 1495 982 1553 puenas
1011 1495 1120 1552 pro
1153 1483 1319 1536 tanta
1349 1479 1674 1535 temeritate
1726 1478 1898 1533 luitu-

236 1585 358 1626 ros.
391 1568 654 1626 Necdum
687 1568 990 1624 minarum
1030 1567 1212 1623 verba
1258 1566 1494 1623 finierat
1523 1570 1591 1635 97,
1624 1583 1762 1622 cum
1795 1582 1894 1620 su-

2008 407 2206 462 culam
2257 407 2435 464 trium
2489 413 2722 464 tantum
2766 424 3051 481 capacem
3095 408 3490 465 sextariorum
3521 410 3660 466 vino

2008 494 2269 566 plenam,
2300 495 2593 551 Maximini
2624 495 3038 552 benedictione
3063 500 3328 564 exorata,
3347 496 3660 568 sexaginta

2006 582 2138 640 illos
2185 584 2365 654 viros,
2407 585 2600 655 vigilis
2628 585 2804 641 totius
2841 585 3032 640 noctis
3063 601 3132 640 ac
3162 585 3400 642 ﬂetibus
3453 585 3660 657 fatiga-

2005 677 2116 740 tos,
2151 673 2292 729 satis
2331 673 2615 730 habunde
2659 674 2878 730 refecit.
2912 676 2978 729 Et
3021 689 3094 728 ne
3144 673 3321 731 etiam
3359 675 3657 748 corporali

2005 780 2128 818 sum
2157 762 2456 819 charitatis
2486 762 2733 836 praemio
2763 763 3116 836 privaretur,
3149 779 3290 818 mox
3320 768 3386 820 ut
3419 759 3657 822 rediens

2003 851 2246 908 intravit
2297 851 2629 923 ecclesiam,
2665 851 2920 908 eandem
2970 850 3358 921 lagunculam
3405 857 3469 908 ut
3533 858 3660 910 erat

2005 941 2171 1013 prius
2203 940 2446 1013 plenam
2499 940 2741 996 invenit.
2785 943 2963 996 Porro
3011 940 3136 995 istis
3184 939 3489 1011 omnibus,
3520 958 3656 1014 quae

2004 1028 2066 1084 in
2096 1029 2210 1084 hoc
2262 1027 2522 1101 capitulo
2575 1027 2910 1098 retulimus,
2945 1031 3326 1100 Ruotpertus,
3372 1029 3663 1102 presbiter

2004 1120 2061 1173 et
2084 1117 2440 1183 monachus,
2473 1116 2577 1190 qui
2598 1115 2858 1172 interfuit
2886 1120 2943 1172 et
2962 1115 3123 1182 vidit,
3153 1119 3481 1172 attestatur.

2079 1210 2143 1263 18
2167 1208 2258 1263 ¹⁰⁰.
2285 1211 2362 1263 De
2387 1207 2712 1264 Wenidone
2738 1210 2939 1262 autem
2974 1207 3038 1241 ¹⁰¹
3074 1205 3222 1261 dum
3247 1205 3500 1262 arduam
3525 1206 3662 1262 vitas

2004 1311 2128 1352 suae
2158 1295 2696 1363 conversationem,
2731 1310 2888 1368 saepe
2919 1294 3101 1350 michi
3134 1297 3206 1351 ab
3247 1294 3361 1350 hiis
3387 1294 3494 1368 qui
3521 1310 3660 1351 eum

2002 1387 2301 1440 noverunt
2341 1383 2696 1456 expositam,
2731 1398 2870 1438 cum
2919 1383 3032 1439 hoc
3077 1382 3340 1450 confero,
3371 1381 3538 1455 quod
3582 1381 3664 1438 ita

2004 1471 2372 1528 familiariter
2411 1471 2714 1528 Maximini
2759 1472 3044 1528 virtutum
3074 1473 3143 1507 ¹⁰¹
3184 1471 3662 1545 quantulaecum-

2005 1577 2122 1635 que
2151 1561 2409 1635 portioni
2427 1560 2854 1622 communicat,
2879 1559 3024 1634 quid
3049 1560 3211 1616 aliud
3232 1576 3418 1634 quam
3442 1563 3661 1615 sancta;

238 1657 384 1720 bito,
413 1655 752 1712 videntibus
798 1655 1027 1711 cunctis
1053 1688 1122 1696 —
1151 1655 1334 1728 pallio
1373 1655 1534 1711 enim
1579 1658 1718 1710 tunc
1772 1669 1894 1708 non
1932 1678 1975 1730 Β
2007 1665 2285 1705 censeam
2328 1649 2672 1705 aestimare?
2718 1652 2784 1704 Et
2811 1649 2955 1722 quia
3002 1653 3234 1706 tantum
3267 1649 3341 1706 de
3395 1650 3510 1705 hoc
3533 1649 3662 1705 viro

238 1749 368 1802 erat
404 1744 762 1810 amictus—,
796 1743 992 1800 soluto
1029 1744 1312 1801 divinitus
1362 1743 1622 1814 cingulo,
1660 1742 1894 1811 gladius

239 1835 315 1891 de
345 1835 475 1906 ejus
500 1833 724 1890 femore
751 1833 810 1889 in
840 1837 1061 1890 terram
1088 1834 1318 1891 cecidit.
1348 1837 1711 1906 Factumque
1759 1833 1894 1904 hoc,

239 1923 406 1998 quod
436 1923 652 1979 exinde
683 1922 917 1978 milicize
949 1923 1100 1978 foret
1128 1923 1372 1991 inutilis,
1403 1922 1649 1978 evidens
1682 1923 1728 1956 9⁸
1757 1937 1895 1994 por-

241 2018 470 2071 tentum
492 2013 621 2069 fuit.
649 2016 729 2068 lta
759 2011 1134 2080 Maximinus,
1159 2029 1298 2068 cum
1328 2013 1457 2084 ejus
1492 2012 1699 2068 virtute
1724 2010 1894 2066 Adal-

238 2103 444 2159 bertus
475 2101 714 2174 publice
745 2100 1052 2168 confusus,
1096 2117 1237 2156 mox
1286 2100 1645 2156 beneficium
1677 2099 1894 2167 amisit,

239 2191 317 2246 ad
338 2189 526 2264 ipsius
556 2189 781 2244 feritate
811 2203 1016 2244 servos
1049 2204 1190 2244 suos
1216 2192 1486 2260 potenter
1516 2187 1750 2260 eripuit.

315 2284 376 2334 17
411 2280 480 2334 99.
509 2281 658 2334 Tum
683 2276 942 2332 Wenido
990 2281 1193 2332 custos
1225 2277 1508 2346 ecclesias,
1537 2275 1611 2331 de
1641 2291 1764 2348 quo
1795 2292 1894 2331 su-

2005 1739 2289 1810 diximus,
2308 1738 2453 1795 libet
2474 1742 2538 1794 'et
2566 1737 2728 1794 aliud
2757 1737 2874 1794 mei
2896 1737 3208 1806 similibus,
3234 1737 3455 1794 scilicet
3483 1738 3662 1794 corde

2004 1827 2247 1900 pollutis
2279 1831 2334 1883 et
2381 1842 2650 1900 corpore,
2683 1829 2746 1882 in
2797 1825 3140 1900 exemplum
3182 1842 3242 1882 se
3295 1826 3548 1882 cavendi
3576 1842 3664 1882 re-

2005 1916 2178 1985 ferre,
2210 1916 2381 1989 quod
2410 1916 2503 1972 ille
2552 1932 2795 1989 quoque
2839 1915 3152 1984 referebat,
3175 1914 3453 1988 quotiens
3483 1914 3667 1986 negli-

2007 2006 2301 2078 gentiores
2333 2006 2423 2062 vel
2448 2009 2719 2062 moneret
2739 2005 2831 2061 vel
2862 2005 3183 2078 corriperet
3212 2005 3446 2061 fratres.

2081 2101 2165 2152 19.
2209 2095 2465 2162 Quidam
2513 2094 2574 2151 in
2617 2094 2733 2150 hoc
2788 2094 3153 2150 monasterio
3199 2093 3306 2149 fuit
3363 2093 3658 2150 acolithus

2008 2186 2158 2257 (290)

1598 2401 1840 2455 νΑΒΙιΕ
1893 2399 2191 2458 LECTION
2201 2401 2300 2455 ES.

309 2535 357 2569 9°
396 2537 749 2588 corruerunt
776 2535 828 2587 3.
907 2534 948 2567 ⁹¹
997 2535 1054 2586 et
1078 2535 1130 2586 2.
1209 2533 1256 2565 9³
1297 2530 1504 2586 alberti
1536 2537 1665 2600 post
1699 2546 1854 2586 corr.
1889 2529 2177 2586 adelberti
2210 2533 2258 2584 t.
2337 2529 2386 2600 π
2427 2528 2742 2600 tyrannide
2777 2534 2825 2585 1.
2904 2531 2951 2564 9⁸

1300 2604 1343 2636 9"
1387 2599 1666 2657 ﬁnierant
1714 2606 1766 2658 3.
1845 2603 1892 2635 9⁸
1932 2616 1964 2658 e
2010 2617 2166 2657 corr.
2197 2605 2264 2667 l,
2299 2599 2493 2655 eidem
2542 2604 2596 2655 2.
2674 2603 2721 2635 99
2762 2605 2814 2670 2,
2847 2604 2898 2666 3,
2929 2601 3052 2656 add
3081 2601 3370 2656 mbram:
3407 2599 3659 2655 Miracu-‘

240 2607 288 2640 95
365 2621 395 2660 e
425 2621 582 2660 corr.
628 2607 681 2669 4,
759 2605 807 2638 ⁰⁶
861 2603 1128 2658 accintus
1174 2607 1220 2657 1.

2987 2535 3120 2599 post
3140 2529 3281 2584 add.
3319 2533 3368 2594 t,
3409 2528 3567 2585 deest
3594 2528 3650 2584 2.

239 2677 366 2730 losa
409 2675 528 2729 vini
560 2674 1054 2746 recompensatio.
1135 2675 1205 2708 ¹⁰⁰
1231 2677 1284 2739 2,
1309 2677 1361 2728 3.
1395 2673 1536 2728 add.
1567 2673 1816 2729 rubrum
1846 2689 1858 2727 :
1896 2673 2112 2728 Sancta
2144 2671 2500 2728 Wenidonis
2533 2672 2929 2727 conversatio.
3010 2672 3074 2706 ¹⁰¹
3112 2687 3166 2726 a.
3200 2672 3260 2728 d.
3284 2671 3496 2728 desunt
3530 2676 3576 2738 1,
3601 2675 3656 2726 2.

246 2748 318 2782 ¹⁰²
360 2745 452 2800 uir
476 2750 529 2801 2.

1836 2858 2057 2916 NOT/E.

315 2977 462 3040 (289)
505 2991 556 3031 ο.
591 2980 642 3030 5.

313 3039 461 3118 (290)
503 3050 709 3102 Narrat
736 3050 908 3102 autor
952 3046 1012 3101 in
1030 3044 1741 3118 isequentibusquasdam
1765 3043 1895 3099 nul-

242 3115 358 3173 lius
399 3119 684 3173 momenti
733 3118 806 3173 de
866 3115 1162 3172 Wenilone
1219 3115 1541 3180 monacho.
1604 3115 1894 3184 Reginero

241 3188 614 3261 presbytero,
628 3205 810 3261 quem
831 3211 857 3236 ‹‹
878 3193 1015 3261 ante
1033 3189 1146 3244 hoc
1160 3187 1466 3261 biennium
1485 3186 1893 3252 defunctum,»

241 3259 402 3322 dicit,
429 3259 733 3331 Bichxvi'no
763 3260 1085 3329 monacho,
1119 3279 1153 3331 «Α
1179 3259 1281 3331 qui
1310 3273 1468 3331 nunc
1502 3274 1691 3328 usque
1724 3273 1897 3331 supe-

241 3336 360 3386 rest
391 3350 442 3399 ›,
474 3330 718 3386 Willero
743 3337 799 3386 et
827 3327 1076 3386 Wikero
1102 3327 1424 3385 abbatibus
1453 3329 1522 3397 (c.
1557 3327 1758 3399 20-24),
1795 3327 1894 3382 de-

239 3404 418 3473 nique
478 3401 868 3474 reliquiarum
920 3405 974 3458 S.
1026 3401 1346 3474 Maximini,
1406 3402 1893 3474 Normannorum

240 3469 506 3544 tempore
537 3469 1001 3538 reconditarum,
1029 3469 1432 3544 inventionem
1457 3470 1569 3524 sub
1597 3469 1895 3544 Ratbodo-

238 3559 311 3625 ne
343 3540 627 3625 episcopo
653 3544 964 3625 (9:26-29),
995 3542 1314 3625 exquibus
1364 3542 1491 3625 brae
1523 3547 1768 3625 tantum
1818 3540 1894 3625 _de

239 3613 594 3670 Normannis
615 3613 1329 3687 c.26,recipienda:duxi:
1360 3634 1387 3664 «
1416 3616 1492 3687 Ea
1519 3616 1890 3684 tempestate,

235 3701 379 3757 qua
418 3701 602 3757 pene,
637 3684 979 3742 universa—in
1026 3685 1274 3757 Galliam
1338 3684 1892 3757 Northniannm'um

237 3755 566 3810 crudelitati
586 3756 911 3812 feriendam
935 3757 1151 3811 divinzn
1183 3756 1345 3810 anim
1369 3755 1724 3809 ‘dvel‘sionis
1755 3765 1889 3809 cerr-

1928 2973 1970 3028 Ο
2009 2972 2534 3052 ευνᾳηβιιὺεξζεινᾶι,
2566 2987 2704 3027 cum
2752 2970 3008 3052 propria:
3058 2969 3397 3052 impietatis
3425 2968 3661 3052 facibus

2005 3043 2313 3114 gentilium
2340 3044 2505 3114 furor
2518 3040 2850 3114 succensus
2866 3040 3046 3098 urbes
3068 3057 3137 3114 ac
3149 3040 3318 3096 vicos
3347 3043 3402 3097 et
3421 3040 3660 3114 univer-

2005 3111 2103 3170 sas
2137 3115 2350 3169 Christi
2381 3113 2664 3169 ecclesias
2694 3113 2935 3180 ignibus
2962 3112 3378 3182 conﬂagraret,
3412 3111 3660 3182 contigit

2003 3187 2159 3241 hanc
2191 3201 2434 3257 quoque
2466 3184 2676 3257 urbem
2699 3183 3239 3257 _'l‘revericam_c_um
3269 3182 3657 3257 suburbanis

2005 3257 2134 3326 ejus
2156 3253 2379 3311 eisdem
2400 3255 2638 3311 casibus
2660 3254 2986 3310 obnoxiam
3009 3253 3401 3326 subjacuisse.
3430 3256 3493 3308 Et
3513 3270 3659 3326 quo-

2005 3324 2169 3382 niam
2193 3331 2314 3382 tam
2347 3326 2691 3382 miseranda
2718 3325 2935 3381 civium
2961 3331 3188 3396 strages
3212 3324 3497 3396 urbisque
3519 3324 3658 3396 sub-

2003 3399 2197 3453 versio
2227 3397 2561 3479 improvisa.
2589 3413 2656 3452 ac
2685 3397 2883 3479 subita
2911 3395 3183 3479 evenisse
3214 3395 3513 3462 asseritur,
3542 3395 3657 3451 hoc

2003 3467 2433 3524 monasterium
2485 3469 2634 3523 inter
2671 3473 2884 3523 caetera
2905 3484 3024 3522 non
3075 3467 3271 3523 solum
3310 3482 3656 3522 concrema-

2005 3544 2131 3595 tum
2169 3544 2276 3610 est,
2319 3539 2424 3595 sed
2465 3539 3114 3610 tantaimonacborum
3155 3543 3210 3594 et
3244 3538 3655 3610 ecclesiasticae

2004 3611 2241 3667 familiae
2261 3609 2433 3665 Caede
2466 3609 2851 3682 completum,
2880 3615 2948 3682 ut
2973 3626 3046 3665 nc
3077 3625 3234 3682 unus
3263 3609 3508 3681 quidem
3554 3625 3653 3682 su-

1999 3687 2227 3754 perstes
2263 3679 2691 3754 remaneret—ex
2727 3681 3035 3754 omnibus,
3063 3680 3158 3754 eui
3182 3679 3360 3754 notus
3384 3684 3540 3734 esset
3564 3679 3651 3734 lo-

1998 3750 2102 3808 cus
2135 3752 2366 3822 tumuli,
2396 3768 2517 3824 quo
2543 3767 2726 3806 sacrze
2756 3751 3020 3822 reliquiae
3052 3750 3513 3804 claudebantur.
3550 3773 3578 3798 ν

240 3925 3646 3961 W

1452 4080 1610 4120 CIRCA
1654 4079 1836 4118 ANNUM
1879 4078 2065 4119 DOMINI
2107 4078 2435 4117 DCCCCLXIH.

1328 4249 2565 4396 FRIDEGOD’US

1479 4509 1980 4564 BBNEDICTINUS
2021 4506 2420 4563 MONACHUS.

882 4839 1326 4918 NOTITIA
1393 4834 1973 4916 HISTORIGA
2049 4833 2160 4912 IN
2237 4781 2978 4912 FRIDEGODUM.

1327 5038 1597 5109 (Fabric.,
1631 5034 1989 5089 Bibliotheca
2021 5033 2164 5084 med.
2195 5039 2254 5085 et
2279 5030 2379 5084 inf.
2411 5030 2514 5082 Lat
2543 5031 2559 5099 )

1717 5217 2140 5231 ————-‘

307 5363 694 5435 Fridegodus,
723 5362 1060 5435 monachus
1089 5361 1208 5417 fani
1246 5361 1571 5435 servatoris
1602 5362 1924 5435 Uuroverni
1953 5361 2299 5435 Cantiorum
2330 5359 2454 5415 sive
2501 5355 2963 5435 cantuariensis,
3005 5339 3640 5435 ordinisbenedziftipi,

233 5416 394 5490 circa
409 5416 642 5490 anitum
657 5416 1008 5506 (1ἦίὲῖἱρὀρ
1033 5416 1224 5506 Vitam
1251 5416 1309 5488 Β.
1327 5433 1373 5506 ᾼ
1387 5416 1618 5495 aduerti,
1645 5416 2075 5506 archiepiscopi
2089 5416 2609 5506 tliomagensis,
2623 5445 2719 5485 an.
2741 5433 2840 5506 (ξπ
2858 5416 3138 5506 defuncti,
3153 5416 3644 5506 ριξῼξὲ-ᾕοξξρῖξξῐξ

234 5487 350 5561 sub
361 5487 824 5576 iiﬁ’jﬁsﬁbuii’h’e
844 5487 1033 5558 edidit
1055 5487 1359 5576 Suri‘usad
1383 5507 1452 5558 2i
1475 5487 1973 5574 Ᾰιιέὶιέὶῖξῗίίἷὰὶὴ
2093 5487 2801 5576 ΨιἰΓιιῐειξ,“ἘΙ)οι·άοθῐεεὶε
2822 5487 3640 5576 archiepiscbpit‘lBEaE;€37

233 5557 724 5649 obiit—{,Vversihus
736 5557 1101 5630 hexametris
1113 5573 1202 5649 ad
1231 5557 1522 5649 OdOnem,
1548 5557 2071 5649 archiepiscopum
2092 5557 2601 5649 Q’an'tuari'ensem,
2621 5567 2881 5637 vulgavit
2903 5557 3277 5649 Mabillonius
3292 5571 3443 5649 ξιξ(ξῖ
3453 5557 3647 5649 3.1133-

233 5624 1840 5720 azaiii’n‘.:‘,;;gf13.3:ergdﬁaeaéaumu‘saéaz;
1853 5624 2071 5705 ἆ)ἓῖἐέ
2093 5624 2446 5703 causam;
2461 5624 2617 5700 gae:
2639 5624 2880 5715 mfpag.
2903 5638 3030 5694 722-.
3057 5636 3318 5690 Joannes
3346 5624 3556 5682 Baleus
3577 5628 3647 5681 ιι.
