  <div class='ocr_page' id='page_1' title='image "/cluster/home/n/w/nwhite01/storage/ocr_20150623/133/hvd.32044054759949/497.png"; bbox 0 0 4114 6146; ppageno 0'>
   <div class='ocr_carea' id='block_1_1' title="bbox 425 232 528 286">
    <p class='ocr_par' dir='ltr' id='par_1_1' title="bbox 425 232 528 286">
     <span class='ocr_line' id='line_1_1' title="bbox 425 232 528 286; baseline -0.019 -1"><span class='ocrx_word' id='word_1_1' title='bbox 425 232 528 286; x_wconf 82' lang='grc'><strong>983</strong></span> 
     </span>
    </p>
   </div>
   <div class='ocr_carea' id='block_1_2' title="bbox 1532 201 2740 269">
    <p class='ocr_par' dir='ltr' id='par_1_2' title="bbox 1532 201 2740 269">
     <span class='ocr_line' id='line_1_2' title="bbox 1532 201 2740 269; baseline -0.01 0"><span class='ocrx_word' id='word_1_2' title='bbox 1532 211 1904 269; x_wconf 80' lang='lat' dir='ltr'><strong>FBIDEGODI</strong></span> <span class='ocrx_word' id='word_1_3' title='bbox 1937 205 2252 264; x_wconf 78' lang='lat' dir='ltr'><strong>MONACHI</strong></span> <span class='ocrx_word' id='word_1_4' title='bbox 2291 201 2740 260; x_wconf 84' lang='lat' dir='ltr'><strong>BENEDlC’l‘INI.</strong></span> 
     </span>
    </p>
   </div>
   <div class='ocr_carea' id='block_1_3' title="bbox 3747 197 3860 254">
    <p class='ocr_par' dir='ltr' id='par_1_3' title="bbox 3747 197 3860 254">
     <span class='ocr_line' id='line_1_3' title="bbox 3747 197 3860 254; baseline -0.018 0"><span class='ocrx_word' id='word_1_5' title='bbox 3747 197 3860 254; x_wconf 65' lang='grc'><strong>984</strong></span> 
     </span>
    </p>
   </div>
   <div class='ocr_carea' id='block_1_4' title="bbox 500 320 3643 419">
    <p class='ocr_par' dir='ltr' id='par_1_4' title="bbox 500 320 3643 419">
     <span class='ocr_line' id='line_1_4' title="bbox 500 320 3643 419; baseline -0.01 -14"><span class='ocrx_word' id='word_1_6' title='bbox 500 349 684 407; x_wconf 75' lang='lat' dir='ltr'><strong>Saecla</strong></span> <span class='ocrx_word' id='word_1_7' title='bbox 709 345 910 419; x_wconf 85' lang='lat' dir='ltr'><strong>priora</strong></span> <span class='ocrx_word' id='word_1_8' title='bbox 937 341 1205 415; x_wconf 78' lang='lat' dir='ltr'><strong>quidem,</strong></span> <span class='ocrx_word' id='word_1_9' title='bbox 1234 338 1464 395; x_wconf 89' lang='lat' dir='ltr'><strong>lubrico</strong></span> <span class='ocrx_word' id='word_1_10' title='bbox 1481 337 1904 410; x_wconf 83' lang='lat' dir='ltr'><strong>phantasmate</strong></span> <span class='ocrx_word' id='word_1_11' title='bbox 1927 331 2081 402; x_wconf 87' lang='lat' dir='ltr'><strong>lusa,</strong></span> <span class='ocrx_word' id='word_1_12' title='bbox 2119 333 2167 385; x_wconf 80' lang='grc' dir='ltr'><strong>Α</strong></span> <span class='ocrx_word' id='word_1_13' title='bbox 2267 328 2458 419; x_wconf 89' lang='lat' dir='ltr'><strong>Hujus</strong></span> <span class='ocrx_word' id='word_1_14' title='bbox 2475 326 2844 419; x_wconf 66' lang='lat' dir='ltr'><strong>inexhaustae</strong></span> <span class='ocrx_word' id='word_1_15' title='bbox 2873 321 3200 397; x_wconf 81' lang='lat' dir='ltr'><strong>praedulcia</strong></span> <span class='ocrx_word' id='word_1_16' title='bbox 3226 320 3456 419; x_wconf 77' lang='lat' dir='ltr'><strong>pocula</strong></span> <span class='ocrx_word' id='word_1_17' title='bbox 3473 334 3643 376; x_wconf 68' lang='lat' dir='ltr'><strong>venae</strong></span> 
     </span>
    </p>
   </div>
   <div class='ocr_carea' id='block_1_5' title="bbox 427 431 1698 498">
    <p class='ocr_par' dir='ltr' id='par_1_5' title="bbox 427 431 1698 498">
     <span class='ocr_line' id='line_1_5' title="bbox 427 431 1698 498; baseline -0.013 -3"><span class='ocrx_word' id='word_1_18' title='bbox 427 437 752 494; x_wconf 86' lang='lat' dir='ltr'><strong>Excoluere</strong></span> <span class='ocrx_word' id='word_1_19' title='bbox 783 449 925 488; x_wconf 91' lang='lat' dir='ltr'><strong>suos</strong></span> <span class='ocrx_word' id='word_1_20' title='bbox 949 445 1108 486; x_wconf 91' lang='lat' dir='ltr'><strong>vano</strong></span> <span class='ocrx_word' id='word_1_21' title='bbox 1139 433 1362 485; x_wconf 90' lang='lat' dir='ltr'><strong>terrore</strong></span> <span class='ocrx_word' id='word_1_22' title='bbox 1387 431 1698 498; x_wconf 86' lang='lat' dir='ltr'><strong>tyrannos.</strong></span> 
     </span>
    </p>
   </div>
   <div class='ocr_carea' id='block_1_6' title="bbox 426 511 1904 600">
    <p class='ocr_par' dir='ltr' id='par_1_6' title="bbox 426 511 1904 600">
     <span class='ocr_line' id='line_1_6' title="bbox 426 511 1904 600; baseline -0.012 -16"><span class='ocrx_word' id='word_1_23' title='bbox 426 532 498 584; x_wconf 83' lang='lat' dir='ltr'><strong>At</strong></span> <span class='ocrx_word' id='word_1_24' title='bbox 525 528 850 600; x_wconf 75' lang='lat' dir='ltr'><strong>postquam</strong></span> <span class='ocrx_word' id='word_1_25' title='bbox 875 519 1098 576; x_wconf 91' lang='lat' dir='ltr'><strong>summi</strong></span> <span class='ocrx_word' id='word_1_26' title='bbox 1127 516 1314 574; x_wconf 86' lang='lat' dir='ltr'><strong>voluit</strong></span> <span class='ocrx_word' id='word_1_27' title='bbox 1337 518 1619 584; x_wconf 83' lang='lat' dir='ltr'><strong>regnator</strong></span> <span class='ocrx_word' id='word_1_28' title='bbox 1645 511 1904 584; x_wconf 88' lang='lat' dir='ltr'><strong>Olympi,</strong></span> 
     </span>
    </p>
   </div>
   <div class='ocr_carea' id='block_1_7' title="bbox 425 601 1742 685">
    <p class='ocr_par' dir='ltr' id='par_1_7' title="bbox 425 601 1742 685">
     <span class='ocr_line' id='line_1_7' title="bbox 425 601 1742 685; baseline -0.013 -13"><span class='ocrx_word' id='word_1_29' title='bbox 425 614 678 685; x_wconf 81' lang='lat' dir='ltr'><strong>Virginis</strong></span> <span class='ocrx_word' id='word_1_30' title='bbox 705 613 942 668; x_wconf 68' lang='lat' dir='ltr'><strong>intactae</strong></span> <span class='ocrx_word' id='word_1_31' title='bbox 967 607 1222 664; x_wconf 87' lang='lat' dir='ltr'><strong>talamos</strong></span> <span class='ocrx_word' id='word_1_32' title='bbox 1242 603 1497 660; x_wconf 87' lang='lat' dir='ltr'><strong>invisere</strong></span> <span class='ocrx_word' id='word_1_33' title='bbox 1520 601 1701 672; x_wconf 82' lang='lat' dir='ltr'><strong>gratis</strong></span> <span class='ocrx_word' id='word_1_34' title='bbox 1730 619 1742 670; x_wconf 90' lang='lat'><strong>;</strong></span> 
     </span>
    </p>
   </div>
   <div class='ocr_carea' id='block_1_8' title="bbox 429 691 1660 776">
    <p class='ocr_par' dir='ltr' id='par_1_8' title="bbox 429 691 1660 776">
     <span class='ocr_line' id='line_1_8' title="bbox 429 691 1660 776; baseline -0.014 -14"><span class='ocrx_word' id='word_1_35' title='bbox 429 701 722 776; x_wconf 89' lang='lat' dir='ltr'><strong>Dissepsit</strong></span> <span class='ocrx_word' id='word_1_36' title='bbox 745 699 943 756; x_wconf 87' lang='lat' dir='ltr'><strong>varios</strong></span> <span class='ocrx_word' id='word_1_37' title='bbox 973 695 1117 752; x_wconf 92' lang='lat' dir='ltr'><strong>eliso</strong></span> <span class='ocrx_word' id='word_1_38' title='bbox 1145 693 1412 768; x_wconf 90' lang='lat' dir='ltr'><strong>principe</strong></span> <span class='ocrx_word' id='word_1_39' title='bbox 1441 691 1660 758; x_wconf 91' lang='lat' dir='ltr'><strong>lurcos,</strong></span> 
     </span>
    </p>
   </div>
   <div class='ocr_carea' id='block_1_9' title="bbox 429 777 1945 865">
    <p class='ocr_par' dir='ltr' id='par_1_9' title="bbox 429 777 1945 865">
     <span class='ocr_line' id='line_1_9' title="bbox 429 777 1945 865; baseline -0.013 -14"><span class='ocrx_word' id='word_1_40' title='bbox 429 798 656 865; x_wconf 89' lang='lat' dir='ltr'><strong>Perque</strong></span> <span class='ocrx_word' id='word_1_41' title='bbox 686 788 878 846; x_wconf 91' lang='lat' dir='ltr'><strong>crucis</strong></span> <span class='ocrx_word' id='word_1_42' title='bbox 905 787 1138 856; x_wconf 83' lang='lat' dir='ltr'><strong>lignum</strong></span> <span class='ocrx_word' id='word_1_43' title='bbox 1167 783 1313 854; x_wconf 87' lang='lat' dir='ltr'><strong>legis</strong></span> <span class='ocrx_word' id='word_1_44' title='bbox 1336 780 1509 836; x_wconf 88' lang='lat' dir='ltr'><strong>solvit</strong></span> <span class='ocrx_word' id='word_1_45' title='bbox 1537 777 1945 834; x_wconf 86' lang='lat' dir='ltr'><strong>maledictum.</strong></span> 
     </span>
    </p>
   </div>
   <div class='ocr_carea' id='block_1_10' title="bbox 431 867 1880 944">
    <p class='ocr_par' dir='ltr' id='par_1_10' title="bbox 431 867 1880 944">
     <span class='ocr_line' id='line_1_10' title="bbox 431 867 1880 944; baseline -0.012 -5"><span class='ocrx_word' id='word_1_46' title='bbox 431 880 746 939; x_wconf 82' lang='lat' dir='ltr'><strong>Astriferas</strong></span> <span class='ocrx_word' id='word_1_47' title='bbox 769 875 876 932; x_wconf 91' lang='lat' dir='ltr'><strong>ubi</strong></span> <span class='ocrx_word' id='word_1_48' title='bbox 903 874 1206 944; x_wconf 85' lang='lat' dir='ltr'><strong>gloriﬁcus</strong></span> <span class='ocrx_word' id='word_1_49' title='bbox 1239 869 1560 927; x_wconf 90' lang='lat' dir='ltr'><strong>recucurrit</strong></span> <span class='ocrx_word' id='word_1_50' title='bbox 1585 867 1663 924; x_wconf 92' lang='lat' dir='ltr'><strong>ad</strong></span> <span class='ocrx_word' id='word_1_51' title='bbox 1693 883 1880 934; x_wconf 90' lang='lat' dir='ltr'><strong>arces,</strong></span> 
     </span>
    </p>
   </div>
   <div class='ocr_carea' id='block_1_11' title="bbox 431 957 1869 1038">
    <p class='ocr_par' dir='ltr' id='par_1_11' title="bbox 431 957 1869 1038">
     <span class='ocr_line' id='line_1_11' title="bbox 431 957 1869 1038; baseline -0.013 -9"><span class='ocrx_word' id='word_1_52' title='bbox 431 975 697 1029; x_wconf 64' lang='lat' dir='ltr'><strong>Praesens</strong></span> <span class='ocrx_word' id='word_1_53' title='bbox 725 967 852 1038; x_wconf 90' lang='lat' dir='ltr'><strong>ipse</strong></span> <span class='ocrx_word' id='word_1_54' title='bbox 879 963 1001 1019; x_wconf 90' lang='lat' dir='ltr'><strong>suis</strong></span> <span class='ocrx_word' id='word_1_55' title='bbox 1026 963 1248 1035; x_wconf 88' lang='lat' dir='ltr'><strong>jugiter</strong></span> <span class='ocrx_word' id='word_1_56' title='bbox 1278 959 1606 1016; x_wconf 88' lang='lat' dir='ltr'><strong>cultoribus</strong></span> <span class='ocrx_word' id='word_1_57' title='bbox 1640 957 1869 1013; x_wconf 88' lang='lat' dir='ltr'><strong>almum</strong></span> 
     </span>
    </p>
   </div>
   <div class='ocr_carea' id='block_1_12' title="bbox 432 1045 1918 1122">
    <p class='ocr_par' dir='ltr' id='par_1_12' title="bbox 432 1045 1918 1122">
     <span class='ocr_line' id='line_1_12' title="bbox 432 1045 1918 1122; baseline -0.01 -7"><span class='ocrx_word' id='word_1_58' title='bbox 432 1059 709 1118; x_wconf 84' lang='lat' dir='ltr'><strong>Nubibus</strong></span> <span class='ocrx_word' id='word_1_59' title='bbox 733 1072 764 1112; x_wconf 94' lang='lat' dir='ltr'><strong>e</strong></span> <span class='ocrx_word' id='word_1_60' title='bbox 795 1053 1048 1110; x_wconf 88' lang='lat' dir='ltr'><strong>summis</strong></span> <span class='ocrx_word' id='word_1_61' title='bbox 1081 1050 1294 1107; x_wconf 80' lang='lat' dir='ltr'><strong>direxit</strong></span> <span class='ocrx_word' id='word_1_62' title='bbox 1324 1047 1636 1122; x_wconf 88' lang='lat' dir='ltr'><strong>splendide</strong></span> <span class='ocrx_word' id='word_1_63' title='bbox 1668 1045 1918 1102; x_wconf 90' lang='lat' dir='ltr'><strong>Flatum.</strong></span> 
     </span>
    </p>
   </div>
   <div class='ocr_carea' id='block_1_13' title="bbox 437 1137 1704 1220">
    <p class='ocr_par' dir='ltr' id='par_1_13' title="bbox 437 1137 1704 1220">
     <span class='ocr_line' id='line_1_13' title="bbox 437 1137 1704 1220; baseline -0.01 -16"><span class='ocrx_word' id='word_1_64' title='bbox 437 1153 610 1220; x_wconf 89' lang='lat' dir='ltr'><strong>Isque</strong></span> <span class='ocrx_word' id='word_1_65' title='bbox 636 1149 848 1218; x_wconf 87' lang='lat' dir='ltr'><strong>quater</strong></span> <span class='ocrx_word' id='word_1_66' title='bbox 867 1147 1068 1199; x_wconf 90' lang='lat' dir='ltr'><strong>ternos</strong></span> <span class='ocrx_word' id='word_1_67' title='bbox 1087 1140 1274 1211; x_wconf 88' lang='lat' dir='ltr'><strong>ignita</strong></span> <span class='ocrx_word' id='word_1_68' title='bbox 1299 1139 1432 1194; x_wconf 91' lang='lat' dir='ltr'><strong>luce</strong></span> <span class='ocrx_word' id='word_1_69' title='bbox 1463 1137 1704 1193; x_wconf 91' lang='lat' dir='ltr'><strong>clientes</strong></span> 
     </span>
    </p>
   </div>
   <div class='ocr_carea' id='block_1_14' title="bbox 437 1221 1924 1303">
    <p class='ocr_par' dir='ltr' id='par_1_14' title="bbox 437 1221 1924 1303">
     <span class='ocr_line' id='line_1_14' title="bbox 437 1221 1924 1303; baseline -0.011 -11"><span class='ocrx_word' id='word_1_70' title='bbox 437 1235 656 1293; x_wconf 83' lang='lat' dir='ltr'><strong>Imbuit</strong></span> <span class='ocrx_word' id='word_1_71' title='bbox 681 1238 738 1290; x_wconf 89' lang='lat' dir='ltr'><strong>et</strong></span> <span class='ocrx_word' id='word_1_72' title='bbox 761 1231 958 1303; x_wconf 85' lang='lat' dir='ltr'><strong>dignis</strong></span> <span class='ocrx_word' id='word_1_73' title='bbox 986 1245 1308 1286; x_wconf 85' lang='lat' dir='ltr'><strong>numerum</strong></span> <span class='ocrx_word' id='word_1_74' title='bbox 1340 1225 1714 1284; x_wconf 88' lang='lat' dir='ltr'><strong>successibus</strong></span> <span class='ocrx_word' id='word_1_75' title='bbox 1743 1221 1924 1280; x_wconf 82' lang='lat' dir='ltr'><strong>auxit.</strong></span> 
     </span>
    </p>
   </div>
   <div class='ocr_carea' id='block_1_15' title="bbox 442 1367 2886 1400">
    <p class='ocr_par' dir='ltr' id='par_1_15' title="bbox 442 1367 2886 1400">
     <span class='ocr_line' id='line_1_15' title="bbox 442 1367 2886 1400; baseline -0.002 -15"><span class='ocrx_word' id='word_1_76' title='bbox 442 1367 2886 1400; x_wconf 72' lang='lat'><strong>____________,______________________..___.</strong></span> 
     </span>
    </p>
   </div>
   <div class='ocr_carea' id='block_1_16' title="bbox 2198 409 3582 484">
    <p class='ocr_par' dir='ltr' id='par_1_16' title="bbox 2198 409 3582 484">
     <span class='ocr_line' id='line_1_16' title="bbox 2198 409 3582 484; baseline -0.007 -10"><span class='ocrx_word' id='word_1_77' title='bbox 2198 417 2390 474; x_wconf 88' lang='lat' dir='ltr'><strong>Sensit</strong></span> <span class='ocrx_word' id='word_1_78' title='bbox 2409 415 2706 471; x_wconf 87' lang='lat' dir='ltr'><strong>Wilfridus</strong></span> <span class='ocrx_word' id='word_1_79' title='bbox 2735 414 2898 470; x_wconf 88' lang='lat' dir='ltr'><strong>fama</strong></span> <span class='ocrx_word' id='word_1_80' title='bbox 2929 427 3110 484; x_wconf 88' lang='lat' dir='ltr'><strong>super</strong></span> <span class='ocrx_word' id='word_1_81' title='bbox 3137 409 3332 466; x_wconf 89' lang='lat' dir='ltr'><strong>ardua</strong></span> <span class='ocrx_word' id='word_1_82' title='bbox 3357 413 3532 466; x_wconf 88' lang='lat' dir='ltr'><strong>notus</strong></span> <span class='ocrx_word' id='word_1_83' title='bbox 3567 426 3582 464; x_wconf 92' lang='lat'><strong>:</strong></span> 
     </span>
    </p>
   </div>
   <div class='ocr_carea' id='block_1_17' title="bbox 2197 496 3640 574">
    <p class='ocr_par' dir='ltr' id='par_1_17' title="bbox 2197 496 3640 574">
     <span class='ocr_line' id='line_1_17' title="bbox 2197 496 3640 574; baseline -0.007 -13"><span class='ocrx_word' id='word_1_84' title='bbox 2197 508 2294 561; x_wconf 87' lang='lat' dir='ltr'><strong>Est</strong></span> <span class='ocrx_word' id='word_1_85' title='bbox 2329 507 2533 560; x_wconf 90' lang='lat' dir='ltr'><strong>votum</strong></span> <span class='ocrx_word' id='word_1_86' title='bbox 2557 502 2753 570; x_wconf 88' lang='lat' dir='ltr'><strong>nobis,</strong></span> <span class='ocrx_word' id='word_1_87' title='bbox 2787 501 2836 556; x_wconf 92' lang='lat' dir='ltr'><strong>si</strong></span> <span class='ocrx_word' id='word_1_88' title='bbox 2859 502 3140 574; x_wconf 84' lang='lat' dir='ltr'><strong>suppetat</strong></span> <span class='ocrx_word' id='word_1_89' title='bbox 3165 501 3372 554; x_wconf 85' lang='lat' dir='ltr'><strong>auctor</strong></span> <span class='ocrx_word' id='word_1_90' title='bbox 3415 496 3640 566; x_wconf 87' lang='lat' dir='ltr'><strong>herilis,</strong></span> 
     </span>
    </p>
   </div>
   <div class='ocr_carea' id='block_1_18' title="bbox 2196 585 3584 662">
    <p class='ocr_par' dir='ltr' id='par_1_18' title="bbox 2196 585 3584 662">
     <span class='ocr_line' id='line_1_18' title="bbox 2196 585 3584 662; baseline -0.006 -12"><span class='ocrx_word' id='word_1_91' title='bbox 2196 597 2423 650; x_wconf 90' lang='lat' dir='ltr'><strong>Nomen</strong></span> <span class='ocrx_word' id='word_1_92' title='bbox 2443 591 2714 656; x_wconf 66' lang='lat' dir='ltr'><strong>et,elatas</strong></span> <span class='ocrx_word' id='word_1_93' title='bbox 2742 590 2917 662; x_wconf 90' lang='lat' dir='ltr'><strong>cujus</strong></span> <span class='ocrx_word' id='word_1_94' title='bbox 2944 589 3298 662; x_wconf 88' lang='lat' dir='ltr'><strong>depromere</strong></span> <span class='ocrx_word' id='word_1_95' title='bbox 3327 585 3584 660; x_wconf 85' lang='lat' dir='ltr'><strong>palmas.</strong></span> 
     </span>
    </p>
   </div>
   <div class='ocr_carea' id='block_1_19' title="bbox 2198 675 3643 752">
    <p class='ocr_par' dir='ltr' id='par_1_19' title="bbox 2198 675 3643 752">
     <span class='ocr_line' id='line_1_19' title="bbox 2198 675 3643 752; baseline -0.005 -15"><span class='ocrx_word' id='word_1_96' title='bbox 2198 683 2325 739; x_wconf 88' lang='lat' dir='ltr'><strong>Huc</strong></span> <span class='ocrx_word' id='word_1_97' title='bbox 2356 682 2522 752; x_wconf 89' lang='lat' dir='ltr'><strong>ades,</strong></span> <span class='ocrx_word' id='word_1_98' title='bbox 2554 697 2590 737; x_wconf 96' lang='lat' dir='ltr'><strong>o</strong></span> <span class='ocrx_word' id='word_1_99' title='bbox 2621 679 2904 748; x_wconf 83' lang='lat' dir='ltr'><strong>formose,</strong></span> <span class='ocrx_word' id='word_1_100' title='bbox 2927 677 3028 734; x_wconf 91' lang='lat' dir='ltr'><strong>Dei</strong></span> <span class='ocrx_word' id='word_1_101' title='bbox 3049 692 3156 751; x_wconf 91' lang='lat' dir='ltr'><strong>per</strong></span> <span class='ocrx_word' id='word_1_102' title='bbox 3185 675 3426 732; x_wconf 88' lang='lat' dir='ltr'><strong>climata</strong></span> <span class='ocrx_word' id='word_1_103' title='bbox 3453 675 3643 732; x_wconf 87' lang='lat' dir='ltr'><strong>testis.</strong></span> 
     </span>
    </p>
   </div>
   <div class='ocr_carea' id='block_1_20' title="bbox 2198 763 3869 844">
    <p class='ocr_par' dir='ltr' id='par_1_20' title="bbox 2198 763 3869 844">
     <span class='ocr_line' id='line_1_20' title="bbox 2198 763 3869 844; baseline -0.006 -15"><span class='ocrx_word' id='word_1_104' title='bbox 2198 777 2490 844; x_wconf 88' lang='lat' dir='ltr'><strong>Namque,</strong></span> <span class='ocrx_word' id='word_1_105' title='bbox 2519 769 2751 826; x_wconf 88' lang='lat' dir='ltr'><strong>fatebor</strong></span> <span class='ocrx_word' id='word_1_106' title='bbox 2781 767 2964 836; x_wconf 88' lang='lat' dir='ltr'><strong>enim,</strong></span> <span class='ocrx_word' id='word_1_107' title='bbox 2991 769 3094 822; x_wconf 89' lang='lat' dir='ltr'><strong>tua</strong></span> <span class='ocrx_word' id='word_1_108' title='bbox 3124 781 3220 822; x_wconf 87' lang='lat' dir='ltr'><strong>me</strong></span> <span class='ocrx_word' id='word_1_109' title='bbox 3261 763 3502 840; x_wconf 80' lang='lat' dir='ltr'><strong>pellexit</strong></span> <span class='ocrx_word' id='word_1_110' title='bbox 3545 765 3869 834; x_wconf 81' lang='lat' dir='ltr'><strong>honestas,</strong></span> 
     </span>
    </p>
   </div>
   <div class='ocr_carea' id='block_1_21' title="bbox 2197 853 3642 928">
    <p class='ocr_par' dir='ltr' id='par_1_21' title="bbox 2197 853 3642 928">
     <span class='ocr_line' id='line_1_21' title="bbox 2197 853 3642 928; baseline -0.006 -12"><span class='ocrx_word' id='word_1_111' title='bbox 2197 861 2426 918; x_wconf 90' lang='lat' dir='ltr'><strong>Scilicet</strong></span> <span class='ocrx_word' id='word_1_112' title='bbox 2453 857 2823 915; x_wconf 88' lang='lat' dir='ltr'><strong>indulcanda</strong></span> <span class='ocrx_word' id='word_1_113' title='bbox 2851 855 3050 912; x_wconf 91' lang='lat' dir='ltr'><strong>modis</strong></span> <span class='ocrx_word' id='word_1_114' title='bbox 3079 854 3334 928; x_wconf 86' lang='lat' dir='ltr'><strong>odisque</strong></span> <span class='ocrx_word' id='word_1_115' title='bbox 3355 853 3596 910; x_wconf 85' lang='lat' dir='ltr'><strong>canoris</strong></span> <span class='ocrx_word' id='word_1_116' title='bbox 3627 870 3642 908; x_wconf 89' lang='lat'>:</span> 
     </span>
    </p>
   </div>
   <div class='ocr_carea' id='block_1_22' title="bbox 2201 943 3540 1017">
    <p class='ocr_par' dir='ltr' id='par_1_22' title="bbox 2201 943 3540 1017">
     <span class='ocr_line' id='line_1_22' title="bbox 2201 943 3540 1017; baseline -0.005 -10"><span class='ocrx_word' id='word_1_117' title='bbox 2201 949 2359 1008; x_wconf 82' lang='lat' dir='ltr'><strong>Ccelo</strong></span> <span class='ocrx_word' id='word_1_118' title='bbox 2379 949 2502 1005; x_wconf 89' lang='lat' dir='ltr'><strong>vita</strong></span> <span class='ocrx_word' id='word_1_119' title='bbox 2525 947 2780 1017; x_wconf 87' lang='lat' dir='ltr'><strong>micans,</strong></span> <span class='ocrx_word' id='word_1_120' title='bbox 2811 945 2980 1002; x_wconf 91' lang='lat' dir='ltr'><strong>terris</strong></span> <span class='ocrx_word' id='word_1_121' title='bbox 3011 943 3198 1000; x_wconf 87' lang='lat' dir='ltr'><strong>oratio</strong></span> <span class='ocrx_word' id='word_1_122' title='bbox 3229 947 3540 1016; x_wconf 70' lang='lat' dir='ltr'><strong>praestans.</strong></span> 
     </span>
    </p>
   </div>
   <div class='ocr_carea' id='block_1_23' title="bbox 2201 1029 3750 1110">
    <p class='ocr_par' dir='ltr' id='par_1_23' title="bbox 2201 1029 3750 1110">
     <span class='ocr_line' id='line_1_23' title="bbox 2201 1029 3750 1110; baseline -0.005 -16"><span class='ocrx_word' id='word_1_123' title='bbox 2201 1041 2352 1110; x_wconf 87' lang='lat' dir='ltr'><strong>Ergo</strong></span> <span class='ocrx_word' id='word_1_124' title='bbox 2379 1051 2488 1108; x_wconf 89' lang='lat' dir='ltr'><strong>age</strong></span> <span class='ocrx_word' id='word_1_125' title='bbox 2519 1035 2806 1092; x_wconf 91' lang='lat' dir='ltr'><strong>deciduas</strong></span> <span class='ocrx_word' id='word_1_126' title='bbox 2823 1033 3100 1107; x_wconf 86' lang='lat' dir='ltr'><strong>precibus</strong></span> <span class='ocrx_word' id='word_1_127' title='bbox 3132 1031 3406 1106; x_wconf 89' lang='lat' dir='ltr'><strong>suppleto</strong></span> <span class='ocrx_word' id='word_1_128' title='bbox 3435 1029 3750 1104; x_wconf 85' lang='lat' dir='ltr'><strong>loquelas,</strong></span> 
     </span>
    </p>
   </div>
   <div class='ocr_carea' id='block_1_24' title="bbox 2201 1121 3618 1200">
    <p class='ocr_par' dir='ltr' id='par_1_24' title="bbox 2201 1121 3618 1200">
     <span class='ocr_line' id='line_1_24' title="bbox 2201 1121 3618 1200; baseline -0.004 -16"><span class='ocrx_word' id='word_1_129' title='bbox 2201 1127 2360 1184; x_wconf 79' lang='lat' dir='ltr'><strong>Aﬂ&#39;er</strong></span> <span class='ocrx_word' id='word_1_130' title='bbox 2377 1126 2748 1200; x_wconf 71' lang='lat' dir='ltr'><strong>praesidium,</strong></span> <span class='ocrx_word' id='word_1_131' title='bbox 2777 1140 2852 1180; x_wconf 91' lang='lat' dir='ltr'><strong>ne</strong></span> <span class='ocrx_word' id='word_1_132' title='bbox 2874 1124 2948 1180; x_wconf 92' lang='lat' dir='ltr'><strong>sit</strong></span> <span class='ocrx_word' id='word_1_133' title='bbox 2975 1123 3090 1178; x_wconf 92' lang='lat' dir='ltr'><strong>sub</strong></span> <span class='ocrx_word' id='word_1_134' title='bbox 3122 1121 3272 1179; x_wconf 86' lang='lat' dir='ltr'><strong>falce</strong></span> <span class='ocrx_word' id='word_1_135' title='bbox 3292 1121 3618 1178; x_wconf 89' lang='lat' dir='ltr'><strong>ruendum.</strong></span> 
     </span>
    </p>
   </div>
   <div class='ocr_carea' id='block_1_25' title="bbox 2997 1364 3306 1382">
    <p class='ocr_par' dir='ltr' id='par_1_25' title="bbox 2997 1364 3306 1382">
     <span class='ocr_line' id='line_1_25' title="bbox 2997 1364 3306 1382; baseline -0.003 -4"><span class='ocrx_word' id='word_1_136' title='bbox 2997 1364 3306 1382; x_wconf 46' lang='grc' dir='ltr'>Ψ</span> 
     </span>
    </p>
   </div>
   <div class='ocr_carea' id='block_1_26' title="bbox 1783 1455 2526 1540">
    <p class='ocr_par' dir='ltr' id='par_1_26' title="bbox 1783 1455 2526 1540">
     <span class='ocr_line' id='line_1_26' title="bbox 1783 1455 2526 1540; baseline -0.005 0"><span class='ocrx_word' id='word_1_137' title='bbox 1783 1456 2186 1540; x_wconf 88' lang='lat' dir='ltr'><strong>INCIPIT</strong></span> <span class='ocrx_word' id='word_1_138' title='bbox 2260 1455 2526 1536; x_wconf 92' lang='lat' dir='ltr'><strong>VITA</strong></span> 
     </span>
    </p>
   </div>
   <div class='ocr_carea' id='block_1_27' title="bbox 549 1702 1991 1784">
    <p class='ocr_par' dir='ltr' id='par_1_27' title="bbox 549 1702 1991 1784">
     <span class='ocr_line' id='line_1_27' title="bbox 549 1702 1991 1784; baseline -0.01 -13"><span class='ocrx_word' id='word_1_139' title='bbox 549 1719 592 1771; x_wconf 91' lang='lat' dir='ltr'><strong>l.</strong></span> <span class='ocrx_word' id='word_1_140' title='bbox 625 1712 942 1784; x_wconf 80' lang='lat' dir='ltr'><strong>Wilfridus</strong></span> <span class='ocrx_word' id='word_1_141' title='bbox 963 1711 1028 1766; x_wconf 86' lang='lat' dir='ltr'><strong>in</strong></span> <span class='ocrx_word' id='word_1_142' title='bbox 1059 1707 1386 1764; x_wconf 79' lang='lat' dir='ltr'><strong>Britannia</strong></span> <span class='ocrx_word' id='word_1_143' title='bbox 1417 1711 1583 1762; x_wconf 86' lang='lat' dir='ltr'><strong>ortus</strong></span> <span class='ocrx_word' id='word_1_144' title='bbox 1617 1706 1748 1762; x_wconf 84' lang='lat' dir='ltr'><strong>luce</strong></span> <span class='ocrx_word' id='word_1_145' title='bbox 1775 1702 1991 1758; x_wconf 83' lang='lat' dir='ltr'><strong>indice.</strong></span> 
     </span>
    </p>
   </div>
   <div class='ocr_carea' id='block_1_28' title="bbox 513 1792 1893 1871">
    <p class='ocr_par' dir='ltr' id='par_1_28' title="bbox 513 1792 1893 1871">
     <span class='ocr_line' id='line_1_28' title="bbox 513 1792 1893 1871; baseline -0.008 -13"><span class='ocrx_word' id='word_1_146' title='bbox 513 1801 706 1858; x_wconf 91' lang='lat' dir='ltr'><strong>Tellus</strong></span> <span class='ocrx_word' id='word_1_147' title='bbox 732 1797 1026 1871; x_wconf 69' lang='lat' dir='ltr'><strong>aequoreis</strong></span> <span class='ocrx_word' id='word_1_148' title='bbox 1057 1797 1282 1852; x_wconf 90' lang='lat' dir='ltr'><strong>circum</strong></span> <span class='ocrx_word' id='word_1_149' title='bbox 1311 1798 1558 1866; x_wconf 86' lang='lat' dir='ltr'><strong>gyratur</strong></span> <span class='ocrx_word' id='word_1_150' title='bbox 1583 1793 1661 1850; x_wconf 90' lang='lat' dir='ltr'><strong>ab</strong></span> <span class='ocrx_word' id='word_1_151' title='bbox 1691 1792 1893 1864; x_wconf 91' lang='lat' dir='ltr'><strong>undis,</strong></span> 
     </span>
    </p>
   </div>
   <div class='ocr_carea' id='block_1_29' title="bbox 445 1881 1926 1962">
    <p class='ocr_par' dir='ltr' id='par_1_29' title="bbox 445 1881 1926 1962">
     <span class='ocr_line' id='line_1_29' title="bbox 445 1881 1926 1962; baseline -0.009 -12"><span class='ocrx_word' id='word_1_152' title='bbox 445 1891 786 1962; x_wconf 82' lang='lat' dir='ltr'><strong>Multipetax</strong></span> <span class='ocrx_word' id='word_1_153' title='bbox 805 1887 948 1942; x_wconf 89' lang='lat' dir='ltr'><strong>olim</strong></span> <span class='ocrx_word' id='word_1_154' title='bbox 974 1885 1264 1943; x_wconf 91' lang='lat' dir='ltr'><strong>scelerum</strong></span> <span class='ocrx_word' id='word_1_155' title='bbox 1291 1883 1622 1956; x_wconf 81' lang='lat' dir='ltr'><strong>cultrixque</strong></span> <span class='ocrx_word' id='word_1_156' title='bbox 1652 1881 1926 1950; x_wconf 79' lang='lat' dir='ltr'><strong>deorum,</strong></span> 
     </span>
    </p>
   </div>
   <div class='ocr_carea' id='block_1_30' title="bbox 445 1967 2103 2050">
    <p class='ocr_par' dir='ltr' id='par_1_30' title="bbox 445 1967 2103 2050">
     <span class='ocr_line' id='line_1_30' title="bbox 445 1967 2103 2050; baseline -0.008 -14"><span class='ocrx_word' id='word_1_157' title='bbox 445 1978 727 2050; x_wconf 78' lang='lat' dir='ltr'><strong>Anglicus</strong></span> <span class='ocrx_word' id='word_1_158' title='bbox 758 1979 998 2030; x_wconf 87' lang='lat' dir='ltr'><strong>extruso</strong></span> <span class='ocrx_word' id='word_1_159' title='bbox 1028 1973 1166 2030; x_wconf 86' lang='lat' dir='ltr'><strong>colit</strong></span> <span class='ocrx_word' id='word_1_160' title='bbox 1213 1973 1372 2029; x_wconf 89' lang='lat' dir='ltr'><strong>hanc</strong></span> <span class='ocrx_word' id='word_1_161' title='bbox 1427 1971 1668 2028; x_wconf 91' lang='lat' dir='ltr'><strong>anhleta</strong></span> <span class='ocrx_word' id='word_1_162' title='bbox 1726 1978 1832 2036; x_wconf 87' lang='lat' dir='ltr'><strong>[an</strong></span> <span class='ocrx_word' id='word_1_163' title='bbox 1857 1967 2103 2039; x_wconf 88' lang='lat' dir='ltr'><strong>athleta]</strong></span> 
     </span>
    </p>
   </div>
   <div class='ocr_carea' id='block_1_31' title="bbox 1703 2060 2030 2132">
    <p class='ocr_par' dir='ltr' id='par_1_31' title="bbox 1703 2060 2030 2132">
     <span class='ocr_line' id='line_1_31' title="bbox 1703 2060 2030 2132; baseline -0.009 -16"><span class='ocrx_word' id='word_1_164' title='bbox 1703 2060 2030 2132; x_wconf 80' lang='lat' dir='ltr'><strong>(Britanno.</strong></span> 
     </span>
    </p>
   </div>
   <div class='ocr_carea' id='block_1_32' title="bbox 449 2149 1794 2228">
    <p class='ocr_par' dir='ltr' id='par_1_32' title="bbox 449 2149 1794 2228">
     <span class='ocr_line' id='line_1_32' title="bbox 449 2149 1794 2228; baseline -0.007 -16"><span class='ocrx_word' id='word_1_165' title='bbox 449 2157 640 2228; x_wconf 88' lang='lat' dir='ltr'><strong>Hujus</strong></span> <span class='ocrx_word' id='word_1_166' title='bbox 663 2153 726 2210; x_wconf 92' lang='lat' dir='ltr'><strong>in</strong></span> <span class='ocrx_word' id='word_1_167' title='bbox 757 2153 1023 2211; x_wconf 87' lang='lat' dir='ltr'><strong>occiduis</strong></span> <span class='ocrx_word' id='word_1_168' title='bbox 1049 2150 1305 2208; x_wconf 79' lang='lat' dir='ltr'><strong>convexi</strong></span> <span class='ocrx_word' id='word_1_169' title='bbox 1335 2150 1606 2224; x_wconf 90' lang='lat' dir='ltr'><strong>partibus</strong></span> <span class='ocrx_word' id='word_1_170' title='bbox 1633 2149 1794 2205; x_wconf 88' lang='lat' dir='ltr'><strong>orbis</strong></span> 
     </span>
    </p>
   </div>
   <div class='ocr_carea' id='block_1_33' title="bbox 448 2239 1818 2313">
    <p class='ocr_par' dir='ltr' id='par_1_33' title="bbox 448 2239 1818 2313">
     <span class='ocr_line' id='line_1_33' title="bbox 448 2239 1818 2313; baseline -0.007 -11"><span class='ocrx_word' id='word_1_171' title='bbox 448 2249 683 2303; x_wconf 76' lang='lat' dir='ltr'><strong>Naturae</strong></span> <span class='ocrx_word' id='word_1_172' title='bbox 711 2243 954 2300; x_wconf 90' lang='lat' dir='ltr'><strong>solitum</strong></span> <span class='ocrx_word' id='word_1_173' title='bbox 989 2241 1296 2298; x_wconf 87' lang='lat' dir='ltr'><strong>Wilfridus</strong></span> <span class='ocrx_word' id='word_1_174' title='bbox 1317 2239 1558 2313; x_wconf 90' lang='lat' dir='ltr'><strong>pertulit</strong></span> <span class='ocrx_word' id='word_1_175' title='bbox 1599 2242 1818 2295; x_wconf 89' lang='lat' dir='ltr'><strong>ortum.</strong></span> 
     </span>
    </p>
   </div>
   <div class='ocr_carea' id='block_1_34' title="bbox 447 2325 2106 2404">
    <p class='ocr_par' dir='ltr' id='par_1_34' title="bbox 447 2325 2106 2404">
     <span class='ocr_line' id='line_1_34' title="bbox 447 2325 2106 2404; baseline -0.005 -13"><span class='ocrx_word' id='word_1_176' title='bbox 447 2334 641 2392; x_wconf 82' lang='lat' dir='ltr'><strong>Anxia</strong></span> <span class='ocrx_word' id='word_1_177' title='bbox 662 2334 812 2390; x_wconf 89' lang='lat' dir='ltr'><strong>dum</strong></span> <span class='ocrx_word' id='word_1_178' title='bbox 825 2331 1078 2403; x_wconf 85' lang='lat' dir='ltr'><strong>genitrix</strong></span> <span class='ocrx_word' id='word_1_179' title='bbox 1091 2331 1246 2404; x_wconf 90' lang='lat' dir='ltr'><strong>parit</strong></span> <span class='ocrx_word' id='word_1_180' title='bbox 1267 2331 1430 2386; x_wconf 93' lang='lat' dir='ltr'><strong>hunc</strong></span> <span class='ocrx_word' id='word_1_181' title='bbox 1448 2329 1704 2386; x_wconf 88' lang='lat' dir='ltr'><strong>connixa</strong></span> <span class='ocrx_word' id='word_1_182' title='bbox 1725 2327 1839 2384; x_wconf 92' lang='lat' dir='ltr'><strong>sub</strong></span> <span class='ocrx_word' id='word_1_183' title='bbox 1854 2325 2106 2398; x_wconf 88' lang='lat' dir='ltr'><strong>umbris,</strong></span> 
     </span>
    </p>
   </div>
   <div class='ocr_carea' id='block_1_35' title="bbox 385 2415 1878 2494">
    <p class='ocr_par' dir='ltr' id='par_1_35' title="bbox 385 2415 1878 2494">
     <span class='ocr_line' id='line_1_35' title="bbox 385 2415 1878 2494; baseline -0.007 -13"><span class='ocrx_word' id='word_1_184' title='bbox 385 2447 394 2454; x_wconf 96' lang='grc'><strong>·</strong></span> <span class='ocrx_word' id='word_1_185' title='bbox 449 2423 896 2481; x_wconf 89' lang='lat' dir='ltr'><strong>Flammivomis</strong></span> <span class='ocrx_word' id='word_1_186' title='bbox 924 2421 1164 2494; x_wconf 87' lang='lat' dir='ltr'><strong>lampas</strong></span> <span class='ocrx_word' id='word_1_187' title='bbox 1189 2419 1372 2476; x_wconf 87' lang='lat' dir='ltr'><strong>radiis</strong></span> <span class='ocrx_word' id='word_1_188' title='bbox 1401 2433 1676 2492; x_wconf 75' lang='lat' dir='ltr'><strong>praesaga</strong></span> <span class='ocrx_word' id='word_1_189' title='bbox 1697 2415 1878 2473; x_wconf 86' lang='lat' dir='ltr'><strong>futuri</strong></span> 
     </span>
    </p>
   </div>
   <div class='ocr_carea' id='block_1_36' title="bbox 453 2506 1720 2580">
    <p class='ocr_par' dir='ltr' id='par_1_36' title="bbox 453 2506 1720 2580">
     <span class='ocr_line' id='line_1_36' title="bbox 453 2506 1720 2580; baseline -0.007 -11"><span class='ocrx_word' id='word_1_190' title='bbox 453 2511 694 2570; x_wconf 72' lang='lat' dir='ltr'><strong>Ccrlitus</strong></span> <span class='ocrx_word' id='word_1_191' title='bbox 721 2509 949 2566; x_wconf 88' lang='lat' dir='ltr'><strong>enituit.</strong></span> <span class='ocrx_word' id='word_1_192' title='bbox 979 2508 1202 2564; x_wconf 85' lang='lat' dir='ltr'><strong>Vicinia</strong></span> <span class='ocrx_word' id='word_1_193' title='bbox 1221 2508 1493 2580; x_wconf 90' lang='lat' dir='ltr'><strong>protinus</strong></span> <span class='ocrx_word' id='word_1_194' title='bbox 1522 2506 1720 2563; x_wconf 90' lang='lat' dir='ltr'><strong>omnis</strong></span> 
     </span>
    </p>
   </div>
   <div class='ocr_carea' id='block_1_37' title="bbox 449 2595 1820 2672">
    <p class='ocr_par' dir='ltr' id='par_1_37' title="bbox 449 2595 1820 2672">
     <span class='ocr_line' id='line_1_37' title="bbox 449 2595 1820 2672; baseline -0.006 -16"><span class='ocrx_word' id='word_1_195' title='bbox 449 2602 710 2672; x_wconf 70' lang='lat' dir='ltr'><strong>Praapete</strong></span> <span class='ocrx_word' id='word_1_196' title='bbox 739 2597 1037 2653; x_wconf 90' lang='lat' dir='ltr'><strong>concurrit</strong></span> <span class='ocrx_word' id='word_1_197' title='bbox 1067 2595 1300 2652; x_wconf 87' lang='lat' dir='ltr'><strong>nutanti</strong></span> <span class='ocrx_word' id='word_1_198' title='bbox 1326 2598 1563 2667; x_wconf 88' lang='lat' dir='ltr'><strong>pectore</strong></span> <span class='ocrx_word' id='word_1_199' title='bbox 1587 2609 1820 2662; x_wconf 87' lang='lat' dir='ltr'><strong>gressu,</strong></span> 
     </span>
    </p>
   </div>
   <div class='ocr_carea' id='block_1_38' title="bbox 451 2681 1779 2757">
    <p class='ocr_par' dir='ltr' id='par_1_38' title="bbox 451 2681 1779 2757">
     <span class='ocr_line' id='line_1_38' title="bbox 451 2681 1779 2757; baseline -0.003 -17"><span class='ocrx_word' id='word_1_200' title='bbox 451 2687 611 2757; x_wconf 87' lang='lat' dir='ltr'><strong>Ignis</strong></span> <span class='ocrx_word' id='word_1_201' title='bbox 636 2684 792 2741; x_wconf 87' lang='lat' dir='ltr'><strong>edax</strong></span> <span class='ocrx_word' id='word_1_202' title='bbox 820 2684 964 2740; x_wconf 91' lang='lat' dir='ltr'><strong>socii</strong></span> <span class='ocrx_word' id='word_1_203' title='bbox 991 2683 1203 2738; x_wconf 87' lang='lat' dir='ltr'><strong>subeat</strong></span> <span class='ocrx_word' id='word_1_204' title='bbox 1231 2697 1306 2737; x_wconf 93' lang='lat' dir='ltr'><strong>ne</strong></span> <span class='ocrx_word' id='word_1_205' title='bbox 1333 2681 1598 2737; x_wconf 89' lang='lat' dir='ltr'><strong>culmina</strong></span> <span class='ocrx_word' id='word_1_206' title='bbox 1623 2681 1779 2736; x_wconf 91' lang='lat' dir='ltr'><strong>tecti.</strong></span> 
     </span>
    </p>
   </div>
   <div class='ocr_carea' id='block_1_39' title="bbox 453 2768 1826 2842">
    <p class='ocr_par' dir='ltr' id='par_1_39' title="bbox 453 2768 1826 2842">
     <span class='ocr_line' id='line_1_39' title="bbox 453 2768 1826 2842; baseline -0.004 -13"><span class='ocrx_word' id='word_1_207' title='bbox 453 2775 690 2829; x_wconf 80' lang='lat' dir='ltr'><strong>Haerent</strong></span> <span class='ocrx_word' id='word_1_208' title='bbox 707 2771 960 2842; x_wconf 89' lang='lat' dir='ltr'><strong>immoti,</strong></span> <span class='ocrx_word' id='word_1_209' title='bbox 989 2771 1265 2828; x_wconf 87' lang='lat' dir='ltr'><strong>nondum</strong></span> <span class='ocrx_word' id='word_1_210' title='bbox 1295 2768 1586 2826; x_wconf 88' lang='lat' dir='ltr'><strong>miracula</strong></span> <span class='ocrx_word' id='word_1_211' title='bbox 1616 2768 1826 2824; x_wconf 91' lang='lat' dir='ltr'><strong>Christi</strong></span> 
     </span>
    </p>
   </div>
   <div class='ocr_carea' id='block_1_40' title="bbox 453 2858 2113 2934">
    <p class='ocr_par' dir='ltr' id='par_1_40' title="bbox 453 2858 2113 2934">
     <span class='ocr_line' id='line_1_40' title="bbox 453 2858 2113 2934; baseline -0.004 -15"><span class='ocrx_word' id='word_1_212' title='bbox 453 2861 807 2934; x_wconf 80' lang='lat' dir='ltr'><strong>Amplexare</strong></span> <span class='ocrx_word' id='word_1_213' title='bbox 833 2859 948 2916; x_wconf 86' lang='lat' dir='ltr'><strong>cati</strong></span> <span class='ocrx_word' id='word_1_214' title='bbox 977 2860 1040 2931; x_wconf 73' lang='lat' dir='ltr'><strong>li.</strong></span> <span class='ocrx_word' id='word_1_215' title='bbox 1068 2875 1120 2916; x_wconf 89' lang='lat' dir='ltr'><strong>e.</strong></span> <span class='ocrx_word' id='word_1_216' title='bbox 1151 2858 1333 2931; x_wconf 91' lang='lat' dir='ltr'><strong>docti,</strong></span> <span class='ocrx_word' id='word_1_217' title='bbox 1362 2873 1503 2914; x_wconf 89' lang='lat' dir='ltr'><strong>cum</strong></span> <span class='ocrx_word' id='word_1_218' title='bbox 1531 2872 1656 2913; x_wconf 92' lang='lat' dir='ltr'><strong>non</strong></span> <span class='ocrx_word' id='word_1_219' title='bbox 1689 2861 1971 2931; x_wconf 86' lang='lat' dir='ltr'><strong>stupuere</strong></span> <span class='ocrx_word' id='word_1_220' title='bbox 1991 2872 2113 2914; x_wconf 84' lang='lat' dir='ltr'><strong>cre-</strong></span> 
     </span>
    </p>
   </div>
   <div class='ocr_carea' id='block_1_41' title="bbox 1841 2945 2035 3020">
    <p class='ocr_par' dir='ltr' id='par_1_41' title="bbox 1841 2945 2035 3020">
     <span class='ocr_line' id='line_1_41' title="bbox 1841 2945 2035 3020; baseline 0.005 -18"><span class='ocrx_word' id='word_1_221' title='bbox 1841 2945 2035 3020; x_wconf 91' lang='lat' dir='ltr'><strong>[mari.</strong></span> 
     </span>
    </p>
   </div>
   <div class='ocr_carea' id='block_1_42' title="bbox 454 3035 1725 3110">
    <p class='ocr_par' dir='ltr' id='par_1_42' title="bbox 454 3035 1725 3110">
     <span class='ocr_line' id='line_1_42' title="bbox 454 3035 1725 3110; baseline -0.002 -15"><span class='ocrx_word' id='word_1_222' title='bbox 454 3039 572 3110; x_wconf 89' lang='lat' dir='ltr'><strong>Est,</strong></span> <span class='ocrx_word' id='word_1_223' title='bbox 591 3037 970 3110; x_wconf 75' lang='lat' dir='ltr'><strong>aiunt,papaa</strong></span> <span class='ocrx_word' id='word_1_224' title='bbox 991 3037 1004 3093; x_wconf 73' lang='grc' dir='ltr'>ι</span> <span class='ocrx_word' id='word_1_225' title='bbox 1025 3036 1214 3098; x_wconf 74' lang='lat' dir='ltr'><strong>divini</strong></span> <span class='ocrx_word' id='word_1_226' title='bbox 1237 3035 1504 3092; x_wconf 92' lang='lat' dir='ltr'><strong>numinis</strong></span> <span class='ocrx_word' id='word_1_227' title='bbox 1525 3051 1725 3092; x_wconf 89' lang='lat' dir='ltr'><strong>omen.</strong></span> 
     </span>
    </p>
   </div>
   <div class='ocr_carea' id='block_1_43' title="bbox 453 3125 1782 3183">
    <p class='ocr_par' dir='ltr' id='par_1_43' title="bbox 453 3125 1782 3183">
     <span class='ocr_line' id='line_1_43' title="bbox 453 3125 1782 3183; baseline -0.002 0"><span class='ocrx_word' id='word_1_228' title='bbox 453 3129 684 3183; x_wconf 85' lang='lat' dir='ltr'><strong>Interea</strong></span> <span class='ocrx_word' id='word_1_229' title='bbox 713 3126 874 3183; x_wconf 89' lang='lat' dir='ltr'><strong>taciti</strong></span> <span class='ocrx_word' id='word_1_230' title='bbox 897 3125 1176 3182; x_wconf 90' lang='lat' dir='ltr'><strong>muliebri</strong></span> <span class='ocrx_word' id='word_1_231' title='bbox 1203 3141 1513 3182; x_wconf 90' lang='lat' dir='ltr'><strong>murmure</strong></span> <span class='ocrx_word' id='word_1_232' title='bbox 1543 3125 1782 3180; x_wconf 90' lang='lat' dir='ltr'><strong>discunt</strong></span> 
     </span>
    </p>
   </div>
   <div class='ocr_carea' id='block_1_44' title="bbox 455 3213 1819 3288">
    <p class='ocr_par' dir='ltr' id='par_1_44' title="bbox 455 3213 1819 3288">
     <span class='ocr_line' id='line_1_44' title="bbox 455 3213 1819 3288; baseline -0.001 -16"><span class='ocrx_word' id='word_1_233' title='bbox 455 3219 778 3272; x_wconf 80' lang='lat' dir='ltr'><strong>Fortunata</strong></span> <span class='ocrx_word' id='word_1_234' title='bbox 807 3214 936 3284; x_wconf 88' lang='lat' dir='ltr'><strong>viri,</strong></span> <span class='ocrx_word' id='word_1_235' title='bbox 969 3213 1261 3288; x_wconf 89' lang='lat' dir='ltr'><strong>quoniam</strong></span> <span class='ocrx_word' id='word_1_236' title='bbox 1281 3215 1584 3272; x_wconf 90' lang='lat' dir='ltr'><strong>nascentis</strong></span> <span class='ocrx_word' id='word_1_237' title='bbox 1615 3214 1819 3286; x_wconf 84' lang='lat' dir='ltr'><strong>imago</strong></span> 
     </span>
    </p>
   </div>
   <div class='ocr_carea' id='block_1_45' title="bbox 453 3302 1624 3376">
    <p class='ocr_par' dir='ltr' id='par_1_45' title="bbox 453 3302 1624 3376">
     <span class='ocr_line' id='line_1_45' title="bbox 453 3302 1624 3376; baseline -0.002 -16"><span class='ocrx_word' id='word_1_238' title='bbox 453 3303 576 3360; x_wconf 89' lang='lat' dir='ltr'><strong>Tali</strong></span> <span class='ocrx_word' id='word_1_239' title='bbox 613 3303 942 3376; x_wconf 88' lang='lat' dir='ltr'><strong>promeruit</strong></span> <span class='ocrx_word' id='word_1_240' title='bbox 960 3302 1176 3360; x_wconf 91' lang='lat' dir='ltr'><strong>donari</strong></span> <span class='ocrx_word' id='word_1_241' title='bbox 1205 3303 1354 3360; x_wconf 91' lang='lat' dir='ltr'><strong>forte</strong></span> <span class='ocrx_word' id='word_1_242' title='bbox 1381 3302 1624 3360; x_wconf 90' lang='lat' dir='ltr'><strong>sacello.</strong></span> 
     </span>
    </p>
   </div>
   <div class='ocr_carea' id='block_1_46' title="bbox 455 3390 1900 3466">
    <p class='ocr_par' dir='ltr' id='par_1_46' title="bbox 455 3390 1900 3466">
     <span class='ocr_line' id='line_1_46' title="bbox 455 3390 1900 3466; baseline -0.001 -18"><span class='ocrx_word' id='word_1_243' title='bbox 455 3394 576 3448; x_wconf 85' lang='lat' dir='ltr'><strong>Hac</strong></span> <span class='ocrx_word' id='word_1_244' title='bbox 599 3391 730 3448; x_wconf 89' lang='lat' dir='ltr'><strong>face</strong></span> <span class='ocrx_word' id='word_1_245' title='bbox 754 3391 1029 3448; x_wconf 82' lang='lat' dir='ltr'><strong>laetiferas</strong></span> <span class='ocrx_word' id='word_1_246' title='bbox 1059 3391 1289 3466; x_wconf 86' lang='lat' dir='ltr'><strong>pepulit</strong></span> <span class='ocrx_word' id='word_1_247' title='bbox 1317 3407 1467 3464; x_wconf 90' lang='lat' dir='ltr'><strong>puer</strong></span> <span class='ocrx_word' id='word_1_248' title='bbox 1491 3391 1600 3448; x_wconf 90' lang='lat' dir='ltr'><strong>iste</strong></span> <span class='ocrx_word' id='word_1_249' title='bbox 1623 3390 1900 3447; x_wconf 86' lang='lat' dir='ltr'><strong>tenebras</strong></span> 
     </span>
    </p>
   </div>
   <div class='ocr_carea' id='block_1_47' title="bbox 459 3480 1920 3550">
    <p class='ocr_par' dir='ltr' id='par_1_47' title="bbox 459 3480 1920 3550">
     <span class='ocr_line' id='line_1_47' title="bbox 459 3480 1920 3550; baseline -0.001 -13"><span class='ocrx_word' id='word_1_250' title='bbox 459 3480 752 3537; x_wconf 90' lang='lat' dir='ltr'><strong>Cordibus</strong></span> <span class='ocrx_word' id='word_1_251' title='bbox 783 3496 814 3535; x_wconf 89' lang='lat' dir='ltr'><strong>e</strong></span> <span class='ocrx_word' id='word_1_252' title='bbox 842 3481 1068 3550; x_wconf 89' lang='lat' dir='ltr'><strong>multis,</strong></span> <span class='ocrx_word' id='word_1_253' title='bbox 1099 3480 1354 3550; x_wconf 86' lang='lat' dir='ltr'><strong>gliscens</strong></span> <span class='ocrx_word' id='word_1_254' title='bbox 1387 3480 1700 3536; x_wconf 83' lang='lat' dir='ltr'><strong>virtutibus</strong></span> <span class='ocrx_word' id='word_1_255' title='bbox 1727 3480 1920 3537; x_wconf 88' lang='lat' dir='ltr'><strong>almis.</strong></span> 
     </span>
    </p>
   </div>
   <div class='ocr_carea' id='block_1_48' title="bbox 458 3567 2110 3640">
    <p class='ocr_par' dir='ltr' id='par_1_48' title="bbox 458 3567 2110 3640">
     <span class='ocr_line' id='line_1_48' title="bbox 458 3567 2110 3640; baseline 0.002 -18"><span class='ocrx_word' id='word_1_256' title='bbox 458 3567 652 3624; x_wconf 79' lang='lat' dir='ltr'><strong>lI.Pie</strong></span> <span class='ocrx_word' id='word_1_257' title='bbox 679 3569 1010 3636; x_wconf 85' lang='lat' dir='ltr'><strong>institutus,</strong></span> <span class='ocrx_word' id='word_1_258' title='bbox 1045 3581 1304 3624; x_wconf 83' lang='lat' dir='ltr'><strong>noverca</strong></span> <span class='ocrx_word' id='word_1_259' title='bbox 1333 3569 1566 3632; x_wconf 82' lang='lat' dir='ltr'><strong>relicta,</strong></span> <span class='ocrx_word' id='word_1_260' title='bbox 1594 3569 1902 3637; x_wconf 82' lang='lat' dir='ltr'><strong>palatium</strong></span> <span class='ocrx_word' id='word_1_261' title='bbox 1937 3570 2110 3640; x_wconf 80' lang='lat' dir='ltr'><strong>petit,</strong></span> 
     </span>
    </p>
   </div>
   <div class='ocr_carea' id='block_1_49' title="bbox 789 3656 1771 3714">
    <p class='ocr_par' dir='ltr' id='par_1_49' title="bbox 789 3656 1771 3714">
     <span class='ocr_line' id='line_1_49' title="bbox 789 3656 1771 3714; baseline 0.003 -3"><span class='ocrx_word' id='word_1_262' title='bbox 789 3656 928 3712; x_wconf 83' lang='lat' dir='ltr'><strong>dein</strong></span> <span class='ocrx_word' id='word_1_263' title='bbox 956 3659 1383 3713; x_wconf 80' lang='lat' dir='ltr'><strong>monasterium</strong></span> <span class='ocrx_word' id='word_1_264' title='bbox 1409 3657 1518 3712; x_wconf 86' lang='lat' dir='ltr'><strong>sub</strong></span> <span class='ocrx_word' id='word_1_265' title='bbox 1547 3657 1771 3714; x_wconf 87' lang='lat' dir='ltr'><strong>Cudda.</strong></span> 
     </span>
    </p>
   </div>
   <div class='ocr_carea' id='block_1_50' title="bbox 527 3743 1916 3818">
    <p class='ocr_par' dir='ltr' id='par_1_50' title="bbox 527 3743 1916 3818">
     <span class='ocr_line' id='line_1_50' title="bbox 527 3743 1916 3818; baseline 0.003 -18"><span class='ocrx_word' id='word_1_266' title='bbox 527 3746 659 3802; x_wconf 78' lang='lat' dir='ltr'><strong>1am</strong></span> <span class='ocrx_word' id='word_1_267' title='bbox 685 3743 832 3818; x_wconf 88' lang='lat' dir='ltr'><strong>quia</strong></span> <span class='ocrx_word' id='word_1_268' title='bbox 857 3744 1082 3803; x_wconf 90' lang='lat' dir='ltr'><strong>mellito</strong></span> <span class='ocrx_word' id='word_1_269' title='bbox 1108 3745 1399 3802; x_wconf 90' lang='lat' dir='ltr'><strong>dulcescit</strong></span> <span class='ocrx_word' id='word_1_270' title='bbox 1427 3749 1665 3803; x_wconf 89' lang='lat' dir='ltr'><strong>nectare</strong></span> <span class='ocrx_word' id='word_1_271' title='bbox 1695 3751 1916 3818; x_wconf 83' lang='lat' dir='ltr'><strong>guttur,</strong></span> 
     </span>
    </p>
   </div>
   <div class='ocr_carea' id='block_1_51' title="bbox 457 3835 1987 3908">
    <p class='ocr_par' dir='ltr' id='par_1_51' title="bbox 457 3835 1987 3908">
     <span class='ocr_line' id='line_1_51' title="bbox 457 3835 1987 3908; baseline 0.003 -18"><span class='ocrx_word' id='word_1_272' title='bbox 457 3835 798 3908; x_wconf 88' lang='lat' dir='ltr'><strong>Prosequar</strong></span> <span class='ocrx_word' id='word_1_273' title='bbox 826 3839 1042 3906; x_wconf 88' lang='lat' dir='ltr'><strong>arguta</strong></span> <span class='ocrx_word' id='word_1_274' title='bbox 1065 3836 1348 3908; x_wconf 85' lang='lat' dir='ltr'><strong>juvenem</strong></span> <span class='ocrx_word' id='word_1_275' title='bbox 1372 3835 1744 3894; x_wconf 90' lang='lat' dir='ltr'><strong>modulando</strong></span> <span class='ocrx_word' id='word_1_276' title='bbox 1775 3837 1987 3895; x_wconf 89' lang='lat' dir='ltr'><strong>cicuta.</strong></span> 
     </span>
    </p>
   </div>
   <div class='ocr_carea' id='block_1_52' title="bbox 457 3923 1998 3996">
    <p class='ocr_par' dir='ltr' id='par_1_52' title="bbox 457 3923 1998 3996">
     <span class='ocr_line' id='line_1_52' title="bbox 457 3923 1998 3996; baseline 0.001 -17"><span class='ocrx_word' id='word_1_277' title='bbox 457 3924 560 3980; x_wconf 87' lang='lat' dir='ltr'><strong>Hic</strong></span> <span class='ocrx_word' id='word_1_278' title='bbox 583 3923 874 3980; x_wconf 89' lang='lat' dir='ltr'><strong>membris</strong></span> <span class='ocrx_word' id='word_1_279' title='bbox 903 3924 1122 3982; x_wconf 87' lang='lat' dir='ltr'><strong>etenim</strong></span> <span class='ocrx_word' id='word_1_280' title='bbox 1151 3929 1350 3982; x_wconf 90' lang='lat' dir='ltr'><strong>comto</strong></span> <span class='ocrx_word' id='word_1_281' title='bbox 1380 3925 1758 3996; x_wconf 86' lang='lat' dir='ltr'><strong>glaucomate</strong></span> <span class='ocrx_word' id='word_1_282' title='bbox 1788 3927 1998 3996; x_wconf 82' lang='lat' dir='ltr'><strong>ﬁrmis,</strong></span> 
     </span>
    </p>
   </div>
   <div class='ocr_carea' id='block_1_53' title="bbox 455 4013 1864 4089">
    <p class='ocr_par' dir='ltr' id='par_1_53' title="bbox 455 4013 1864 4089">
     <span class='ocr_line' id='line_1_53' title="bbox 455 4013 1864 4089; baseline 0.002 -20"><span class='ocrx_word' id='word_1_283' title='bbox 455 4015 772 4086; x_wconf 74' lang='lat' dir='ltr'><strong>Equesvos</strong></span> <span class='ocrx_word' id='word_1_284' title='bbox 795 4013 1008 4070; x_wconf 88' lang='lat' dir='ltr'><strong>habitu</strong></span> <span class='ocrx_word' id='word_1_285' title='bbox 1034 4014 1264 4072; x_wconf 86' lang='lat' dir='ltr'><strong>studuit</strong></span> <span class='ocrx_word' id='word_1_286' title='bbox 1284 4031 1566 4089; x_wconf 88' lang='lat' dir='ltr'><strong>superare</strong></span> <span class='ocrx_word' id='word_1_287' title='bbox 1587 4021 1864 4088; x_wconf 89' lang='lat' dir='ltr'><strong>venusto,</strong></span> 
     </span>
    </p>
   </div>
   <div class='ocr_carea' id='block_1_54' title="bbox 458 4100 1868 4177">
    <p class='ocr_par' dir='ltr' id='par_1_54' title="bbox 458 4100 1868 4177">
     <span class='ocr_line' id='line_1_54' title="bbox 458 4100 1868 4177; baseline 0.004 -21"><span class='ocrx_word' id='word_1_288' title='bbox 458 4100 548 4156; x_wconf 90' lang='lat' dir='ltr'><strong>Nil</strong></span> <span class='ocrx_word' id='word_1_289' title='bbox 575 4101 802 4174; x_wconf 90' lang='lat' dir='ltr'><strong>puerile</strong></span> <span class='ocrx_word' id='word_1_290' title='bbox 833 4117 1080 4172; x_wconf 85' lang='lat' dir='ltr'><strong>gerens:</strong></span> <span class='ocrx_word' id='word_1_291' title='bbox 1115 4101 1393 4160; x_wconf 79' lang='lat' dir='ltr'><strong>facundae</strong></span> <span class='ocrx_word' id='word_1_292' title='bbox 1417 4104 1628 4161; x_wconf 90' lang='lat' dir='ltr'><strong>munia</strong></span> <span class='ocrx_word' id='word_1_293' title='bbox 1646 4103 1868 4177; x_wconf 73' lang='lat' dir='ltr'><strong>linguae</strong></span> 
     </span>
    </p>
   </div>
   <div class='ocr_carea' id='block_1_55' title="bbox 457 4189 1708 4266">
    <p class='ocr_par' dir='ltr' id='par_1_55' title="bbox 457 4189 1708 4266">
     <span class='ocr_line' id='line_1_55' title="bbox 457 4189 1708 4266; baseline 0.005 -23"><span class='ocrx_word' id='word_1_294' title='bbox 457 4189 771 4262; x_wconf 80' lang='lat' dir='ltr'><strong>Aspirante</strong></span> <span class='ocrx_word' id='word_1_295' title='bbox 803 4193 923 4248; x_wconf 94' lang='lat' dir='ltr'><strong>Deo</strong></span> <span class='ocrx_word' id='word_1_296' title='bbox 953 4191 1133 4262; x_wconf 87' lang='lat' dir='ltr'><strong>gestis</strong></span> <span class='ocrx_word' id='word_1_297' title='bbox 1163 4191 1441 4265; x_wconf 84' lang='lat' dir='ltr'><strong>explebat</strong></span> <span class='ocrx_word' id='word_1_298' title='bbox 1470 4193 1708 4266; x_wconf 89' lang='lat' dir='ltr'><strong>apertis.</strong></span> 
     </span>
    </p>
   </div>
   <div class='ocr_carea' id='block_1_56' title="bbox 457 4277 1934 4355">
    <p class='ocr_par' dir='ltr' id='par_1_56' title="bbox 457 4277 1934 4355">
     <span class='ocr_line' id='line_1_56' title="bbox 457 4277 1934 4355; baseline 0.003 -23"><span class='ocrx_word' id='word_1_299' title='bbox 457 4279 530 4332; x_wconf 83' lang='lat' dir='ltr'><strong>At</strong></span> <span class='ocrx_word' id='word_1_300' title='bbox 553 4277 813 4349; x_wconf 89' lang='lat' dir='ltr'><strong>perfecta</strong></span> <span class='ocrx_word' id='word_1_301' title='bbox 840 4279 1037 4336; x_wconf 89' lang='lat' dir='ltr'><strong>virum</strong></span> <span class='ocrx_word' id='word_1_302' title='bbox 1059 4284 1384 4354; x_wconf 88' lang='lat' dir='ltr'><strong>postquam</strong></span> <span class='ocrx_word' id='word_1_303' title='bbox 1412 4281 1740 4355; x_wconf 87' lang='lat' dir='ltr'><strong>perfecerat</strong></span> <span class='ocrx_word' id='word_1_304' title='bbox 1767 4285 1934 4352; x_wconf 70' lang='lat' dir='ltr'><strong>aetas,</strong></span> 
     </span>
    </p>
   </div>
   <div class='ocr_carea' id='block_1_57' title="bbox 458 4363 1739 4444">
    <p class='ocr_par' dir='ltr' id='par_1_57' title="bbox 458 4363 1739 4444">
     <span class='ocr_line' id='line_1_57' title="bbox 458 4363 1739 4444; baseline 0.005 -25"><span class='ocrx_word' id='word_1_305' title='bbox 458 4363 694 4420; x_wconf 86' lang='lat' dir='ltr'><strong>Natales</strong></span> <span class='ocrx_word' id='word_1_306' title='bbox 726 4367 928 4423; x_wconf 90' lang='lat' dir='ltr'><strong>statuit</strong></span> <span class='ocrx_word' id='word_1_307' title='bbox 955 4367 1161 4426; x_wconf 76' lang='lat' dir='ltr'><strong>functa</strong></span> <span class='ocrx_word' id='word_1_308' title='bbox 1186 4369 1465 4438; x_wconf 89' lang='lat' dir='ltr'><strong>genitrice</strong></span> <span class='ocrx_word' id='word_1_309' title='bbox 1491 4374 1739 4444; x_wconf 86' lang='lat' dir='ltr'><strong>penates</strong></span> 
     </span>
    </p>
   </div>
   <div class='ocr_carea' id='block_1_58' title="bbox 459 4450 1990 4524">
    <p class='ocr_par' dir='ltr' id='par_1_58' title="bbox 459 4450 1990 4524">
     <span class='ocr_line' id='line_1_58' title="bbox 459 4450 1990 4524; baseline 0.005 -18"><span class='ocrx_word' id='word_1_310' title='bbox 459 4450 756 4524; x_wconf 86' lang='lat' dir='ltr'><strong>Linquere</strong></span> <span class='ocrx_word' id='word_1_311' title='bbox 775 4457 834 4510; x_wconf 90' lang='lat' dir='ltr'><strong>et</strong></span> <span class='ocrx_word' id='word_1_312' title='bbox 858 4455 1118 4512; x_wconf 90' lang='lat' dir='ltr'><strong>assiduis</strong></span> <span class='ocrx_word' id='word_1_313' title='bbox 1141 4457 1394 4514; x_wconf 91' lang='lat' dir='ltr'><strong>Domino</strong></span> <span class='ocrx_word' id='word_1_314' title='bbox 1423 4459 1788 4516; x_wconf 88' lang='lat' dir='ltr'><strong>famuliarier</strong></span> <span class='ocrx_word' id='word_1_315' title='bbox 1807 4459 1990 4517; x_wconf 92' lang='lat' dir='ltr'><strong>horis.</strong></span> 
     </span>
    </p>
   </div>
   <div class='ocr_carea' id='block_1_59' title="bbox 459 4539 2114 4620">
    <p class='ocr_par' dir='ltr' id='par_1_59' title="bbox 459 4539 2114 4620">
     <span class='ocr_line' id='line_1_59' title="bbox 459 4539 2114 4620; baseline 0.006 -26"><span class='ocrx_word' id='word_1_316' title='bbox 459 4539 754 4604; x_wconf 86' lang='lat' dir='ltr'><strong>Quartum</strong></span> <span class='ocrx_word' id='word_1_317' title='bbox 782 4546 919 4614; x_wconf 90' lang='lat' dir='ltr'><strong>post</strong></span> <span class='ocrx_word' id='word_1_318' title='bbox 937 4543 1241 4600; x_wconf 90' lang='lat' dir='ltr'><strong>decimum</strong></span> <span class='ocrx_word' id='word_1_319' title='bbox 1260 4545 1520 4618; x_wconf 89' lang='lat' dir='ltr'><strong>jamjam</strong></span> <span class='ocrx_word' id='word_1_320' title='bbox 1577 4551 1948 4620; x_wconf 87' lang='lat' dir='ltr'><strong>transegerat</strong></span> <span class='ocrx_word' id='word_1_321' title='bbox 2006 4563 2114 4605; x_wconf 91' lang='lat' dir='ltr'><strong>an-</strong></span> 
     </span>
    </p>
   </div>
   <div class='ocr_carea' id='block_1_60' title="bbox 456 4627 1715 4707">
    <p class='ocr_par' dir='ltr' id='par_1_60' title="bbox 456 4627 1715 4707">
     <span class='ocr_line' id='line_1_60' title="bbox 456 4627 1715 4707; baseline 0.01 -25"><span class='ocrx_word' id='word_1_322' title='bbox 456 4627 706 4684; x_wconf 89' lang='lat' dir='ltr'><strong>Immitis</strong></span> <span class='ocrx_word' id='word_1_323' title='bbox 729 4628 914 4688; x_wconf 91' lang='lat' dir='ltr'><strong>furias</strong></span> <span class='ocrx_word' id='word_1_324' title='bbox 942 4631 1178 4690; x_wconf 90' lang='lat' dir='ltr'><strong>malens</strong></span> <span class='ocrx_word' id='word_1_325' title='bbox 1207 4634 1393 4692; x_wconf 90' lang='lat' dir='ltr'><strong>vitare</strong></span> <span class='ocrx_word' id='word_1_326' title='bbox 1423 4651 1715 4707; x_wconf 65' lang='lat' dir='ltr'><strong>novercae,</strong></span> 
     </span>
    </p>
   </div>
   <div class='ocr_carea' id='block_1_61' title="bbox 459 4718 1766 4786">
    <p class='ocr_par' dir='ltr' id='par_1_61' title="bbox 459 4718 1766 4786">
     <span class='ocr_line' id='line_1_61' title="bbox 459 4718 1766 4786; baseline 0.009 -14"><span class='ocrx_word' id='word_1_327' title='bbox 459 4718 608 4774; x_wconf 90' lang='lat' dir='ltr'><strong>Cum</strong></span> <span class='ocrx_word' id='word_1_328' title='bbox 630 4719 805 4776; x_wconf 92' lang='lat' dir='ltr'><strong>sociis</strong></span> <span class='ocrx_word' id='word_1_329' title='bbox 829 4721 1007 4779; x_wconf 90' lang='lat' dir='ltr'><strong>cessit</strong></span> <span class='ocrx_word' id='word_1_330' title='bbox 1037 4727 1207 4781; x_wconf 88' lang='lat' dir='ltr'><strong>sueta</strong></span> <span class='ocrx_word' id='word_1_331' title='bbox 1229 4726 1504 4784; x_wconf 89' lang='lat' dir='ltr'><strong>comitate</strong></span> <span class='ocrx_word' id='word_1_332' title='bbox 1534 4727 1766 4786; x_wconf 83' lang='lat' dir='ltr'><strong>decoris</strong></span> 
     </span>
    </p>
   </div>
   <div class='ocr_carea' id='block_1_62' title="bbox 455 4805 2027 4892">
    <p class='ocr_par' dir='ltr' id='par_1_62' title="bbox 455 4805 2027 4892">
     <span class='ocr_line' id='line_1_62' title="bbox 455 4805 2027 4892; baseline 0.013 -33"><span class='ocrx_word' id='word_1_333' title='bbox 455 4805 736 4864; x_wconf 80' lang='lat' dir='ltr'><strong>Armatus</strong></span> <span class='ocrx_word' id='word_1_334' title='bbox 763 4825 1096 4884; x_wconf 86' lang='lat' dir='ltr'><strong>properans</strong></span> <span class='ocrx_word' id='word_1_335' title='bbox 1119 4814 1382 4886; x_wconf 88' lang='lat' dir='ltr'><strong>juvenis,</strong></span> <span class='ocrx_word' id='word_1_336' title='bbox 1413 4833 1524 4875; x_wconf 90' lang='lat' dir='ltr'><strong>ceu</strong></span> <span class='ocrx_word' id='word_1_337' title='bbox 1549 4819 1752 4878; x_wconf 90' lang='lat' dir='ltr'><strong>nobile</strong></span> <span class='ocrx_word' id='word_1_338' title='bbox 1782 4836 2027 4892; x_wconf 89' lang='lat' dir='ltr'><strong>germen</strong></span> 
     </span>
    </p>
   </div>
   <div class='ocr_carea' id='block_1_63' title="bbox 455 4891 1901 4974">
    <p class='ocr_par' dir='ltr' id='par_1_63' title="bbox 455 4891 1901 4974">
     <span class='ocr_line' id='line_1_63' title="bbox 455 4891 1901 4974; baseline 0.015 -28"><span class='ocrx_word' id='word_1_339' title='bbox 455 4891 755 4952; x_wconf 86' lang='lat' dir='ltr'><strong>Nobilium</strong></span> <span class='ocrx_word' id='word_1_340' title='bbox 783 4915 798 4953; x_wconf 88' lang='lat'><strong>:</strong></span> <span class='ocrx_word' id='word_1_341' title='bbox 833 4901 939 4955; x_wconf 90' lang='lat' dir='ltr'><strong>sed</strong></span> <span class='ocrx_word' id='word_1_342' title='bbox 962 4907 1171 4974; x_wconf 90' lang='lat' dir='ltr'><strong>operta</strong></span> <span class='ocrx_word' id='word_1_343' title='bbox 1194 4903 1346 4962; x_wconf 89' lang='lat' dir='ltr'><strong>ﬁdes</strong></span> <span class='ocrx_word' id='word_1_344' title='bbox 1367 4907 1632 4966; x_wconf 91' lang='lat' dir='ltr'><strong>umbone</strong></span> <span class='ocrx_word' id='word_1_345' title='bbox 1661 4891 1901 4967; x_wconf 85' lang='lat' dir='ltr'><strong>latebat.</strong></span> 
     </span>
    </p>
   </div>
   <div class='ocr_carea' id='block_1_64' title="bbox 455 4977 1860 5079">
    <p class='ocr_par' dir='ltr' id='par_1_64' title="bbox 455 4977 1860 5079">
     <span class='ocr_line' id='line_1_64' title="bbox 455 4977 1860 5079; baseline 0.019 -47"><span class='ocrx_word' id='word_1_346' title='bbox 455 4977 598 5079; x_wconf 63' lang='lat' dir='ltr'><strong>Inde</strong></span> <span class='ocrx_word' id='word_1_347' title='bbox 623 4981 810 5053; x_wconf 88' lang='lat' dir='ltr'><strong>patris</strong></span> <span class='ocrx_word' id='word_1_348' title='bbox 830 4984 1038 5079; x_wconf 80' lang='lat' dir='ltr'><strong>dextra</strong></span> <span class='ocrx_word' id='word_1_349' title='bbox 1064 4991 1160 5062; x_wconf 89' lang='lat' dir='ltr'><strong>pie</strong></span> <span class='ocrx_word' id='word_1_350' title='bbox 1191 4997 1649 5055; x_wconf 89' lang='lat' dir='ltr'><strong>commendatus</strong></span> <span class='ocrx_word' id='word_1_351' title='bbox 1681 4999 1860 5072; x_wconf 88' lang='lat' dir='ltr'><strong>avita,</strong></span> 
     </span>
    </p>
   </div>
   <div class='ocr_carea' id='block_1_65' title="bbox 451 5067 1953 5164">
    <p class='ocr_par' dir='ltr' id='par_1_65' title="bbox 451 5067 1953 5164">
     <span class='ocr_line' id='line_1_65' title="bbox 451 5067 1953 5164; baseline 0.017 -43"><span class='ocrx_word' id='word_1_352' title='bbox 451 5067 670 5164; x_wconf 46' lang='lat' dir='ltr'><strong>aulica</strong></span> <span class='ocrx_word' id='word_1_353' title='bbox 689 5071 1023 5164; x_wconf 80' lang='lat' dir='ltr'><strong>perspicuis</strong></span> <span class='ocrx_word' id='word_1_354' title='bbox 1051 5084 1382 5150; x_wconf 88' lang='lat' dir='ltr'><strong>penetravit</strong></span> <span class='ocrx_word' id='word_1_355' title='bbox 1397 5101 1692 5158; x_wconf 83' lang='lat' dir='ltr'><strong>pergama</strong></span> <span class='ocrx_word' id='word_1_356' title='bbox 1713 5067 1953 5164; x_wconf 82' lang='lat' dir='ltr'><strong>plantis,</strong></span> 
     </span>
    </p>
   </div>
   <div class='ocr_carea' id='block_1_66' title="bbox 451 5157 1748 5246">
    <p class='ocr_par' dir='ltr' id='par_1_66' title="bbox 451 5157 1748 5246">
     <span class='ocr_line' id='line_1_66' title="bbox 451 5157 1748 5246; baseline 0.019 -34"><span class='ocrx_word' id='word_1_357' title='bbox 451 5157 704 5230; x_wconf 88' lang='lat' dir='ltr'><strong>Insignis</strong></span> <span class='ocrx_word' id='word_1_358' title='bbox 733 5161 944 5234; x_wconf 91' lang='lat' dir='ltr'><strong>populi</strong></span> <span class='ocrx_word' id='word_1_359' title='bbox 971 5179 1096 5236; x_wconf 90' lang='lat' dir='ltr'><strong>qua</strong></span> <span class='ocrx_word' id='word_1_360' title='bbox 1122 5157 1472 5240; x_wconf 77' lang='lat' dir='ltr'><strong>tempestate</strong></span> <span class='ocrx_word' id='word_1_361' title='bbox 1503 5157 1748 5246; x_wconf 69' lang='lat' dir='ltr'><strong>regebat</strong></span> 
     </span>
    </p>
   </div>
   <div class='ocr_carea' id='block_1_67' title="bbox 450 5249 2107 5344">
    <p class='ocr_par' dir='ltr' id='par_1_67' title="bbox 450 5249 2107 5344">
     <span class='ocr_line' id='line_1_67' title="bbox 450 5249 2107 5344; baseline 0.018 -42"><span class='ocrx_word' id='word_1_362' title='bbox 450 5249 581 5304; x_wconf 86' lang='lat' dir='ltr'><strong>Dux</strong></span> <span class='ocrx_word' id='word_1_363' title='bbox 611 5250 903 5322; x_wconf 63' lang='lat' dir='ltr'><strong>praeclara</strong></span> <span class='ocrx_word' id='word_1_364' title='bbox 927 5252 1107 5312; x_wconf 87' lang='lat' dir='ltr'><strong>nimis</strong></span> <span class='ocrx_word' id='word_1_365' title='bbox 1123 5257 1392 5316; x_wconf 71' lang='lat' dir='ltr'><strong>Eanﬂed</strong></span> <span class='ocrx_word' id='word_1_366' title='bbox 1421 5269 1779 5334; x_wconf 87' lang='lat' dir='ltr'><strong>cognomine</strong></span> <span class='ocrx_word' id='word_1_367' title='bbox 1813 5271 2107 5344; x_wconf 87' lang='lat' dir='ltr'><strong>habenas,</strong></span> 
     </span>
    </p>
   </div>
   <div class='ocr_carea' id='block_1_68' title="bbox 1851 4638 2040 4710">
    <p class='ocr_par' dir='ltr' id='par_1_68' title="bbox 1851 4638 2040 4710">
     <span class='ocr_line' id='line_1_68' title="bbox 1851 4638 2040 4710; baseline 0 -14"><span class='ocrx_word' id='word_1_368' title='bbox 1851 4638 2040 4710; x_wconf 77' lang='lat' dir='ltr'><strong>fnum,</strong></span> 
     </span>
    </p>
   </div>
   <div class='ocr_carea' id='block_1_69' title="bbox 520 5371 1579 5458">
    <p class='ocr_par' dir='ltr' id='par_1_69' title="bbox 520 5371 1579 5458">
     <span class='ocr_line' id='line_1_69' title="bbox 520 5371 1579 5458; baseline 0.013 -29"><span class='ocrx_word' id='word_1_369' title='bbox 520 5371 760 5458; x_wconf 48' lang='lat'><strong>(291:9?)</strong></span> <span class='ocrx_word' id='word_1_370' title='bbox 789 5377 1012 5458; x_wconf 81' lang='lat' dir='ltr'><strong>Eadem</strong></span> <span class='ocrx_word' id='word_1_371' title='bbox 1039 5395 1149 5437; x_wconf 80' lang='lat' dir='ltr'><strong>vox</strong></span> <span class='ocrx_word' id='word_1_372' title='bbox 1179 5380 1335 5441; x_wconf 90' lang='lat' dir='ltr'><strong>infra</strong></span> <span class='ocrx_word' id='word_1_373' title='bbox 1364 5401 1495 5458; x_wconf 89' lang='lat' dir='ltr'><strong>cap.</strong></span> <span class='ocrx_word' id='word_1_374' title='bbox 1525 5395 1579 5443; x_wconf 88' lang='lat'><strong>7.</strong></span> 
     </span>
    </p>
   </div>
   <div class='ocr_carea' id='block_1_70' title="bbox 519 5443 2108 5529">
    <p class='ocr_par' dir='ltr' id='par_1_70' title="bbox 519 5443 2108 5529">
     <span class='ocr_line' id='line_1_70' title="bbox 519 5443 2108 5529; baseline 0.02 -31"><span class='ocrx_word' id='word_1_375' title='bbox 519 5443 666 5529; x_wconf 47' lang='lat' dir='ltr'><strong>(I293)</strong></span> <span class='ocrx_word' id='word_1_376' title='bbox 697 5443 922 5529; x_wconf 65' lang='lat' dir='ltr'><strong>Nempe</strong></span> <span class='ocrx_word' id='word_1_377' title='bbox 969 5450 1030 5508; x_wconf 91' lang='lat' dir='ltr'><strong>in</strong></span> <span class='ocrx_word' id='word_1_378' title='bbox 1079 5443 1454 5529; x_wconf 64' lang='lat' dir='ltr'><strong>monasterio</strong></span> <span class='ocrx_word' id='word_1_379' title='bbox 1513 5459 1982 5524; x_wconf 87' lang='lat' dir='ltr'><strong>Lindisfarnensi</strong></span> <span class='ocrx_word' id='word_1_380' title='bbox 2035 5488 2108 5529; x_wconf 85' lang='lat' dir='ltr'><strong>ex</strong></span> 
     </span>
    </p>
   </div>
   <div class='ocr_carea' id='block_1_71' title="bbox 443 5512 2106 5606">
    <p class='ocr_par' dir='ltr' id='par_1_71' title="bbox 443 5512 2106 5606">
     <span class='ocr_line' id='line_1_71' title="bbox 443 5512 2106 5606; baseline 0.019 -38"><span class='ocrx_word' id='word_1_381' title='bbox 443 5512 604 5606; x_wconf 53' lang='lat' dir='ltr'><strong>pars</strong></span> <span class='ocrx_word' id='word_1_382' title='bbox 617 5513 837 5606; x_wconf 43' lang='lat' dir='ltr'><strong>griis:</strong></span> <span class='ocrx_word' id='word_1_383' title='bbox 847 5512 1046 5606; x_wconf 42' lang='grc' dir='ltr'><strong>ᾔρει).</strong></span> <span class='ocrx_word' id='word_1_384' title='bbox 1072 5527 1138 5580; x_wconf 83' lang='lat'><strong>20</strong></span> <span class='ocrx_word' id='word_1_385' title='bbox 1159 5529 1217 5582; x_wconf 92' lang='lat' dir='ltr'><strong>et</strong></span> <span class='ocrx_word' id='word_1_386' title='bbox 1242 5526 1370 5606; x_wconf 67' lang='lat' dir='ltr'><strong>aliis</strong></span> <span class='ocrx_word' id='word_1_387' title='bbox 1391 5512 1982 5606; x_wconf 46' lang='grc' dir='ltr'><strong>γεω-ἐιξῖίῇἐόὲῖῐῖιὲ</strong></span> <span class='ocrx_word' id='word_1_388' title='bbox 2001 5512 2106 5598; x_wconf 67' lang='grc' dir='ltr'><strong>Βὲῗ</strong></span> 
     </span>
    </p>
   </div>
   <div class='ocr_carea' id='block_1_72' title="bbox 440 5582 2101 5676">
    <p class='ocr_par' dir='ltr' id='par_1_72' title="bbox 440 5582 2101 5676">
     <span class='ocr_line' id='line_1_72' title="bbox 440 5582 2101 5676; baseline 0.019 -38"><span class='ocrx_word' id='word_1_389' title='bbox 440 5582 851 5676; x_wconf 42' lang='lat' dir='ltr'><strong>detegenda</strong></span> <span class='ocrx_word' id='word_1_390' title='bbox 864 5582 1058 5676; x_wconf 49' lang='lat' dir='ltr'><strong>li‘ij</strong></span> <span class='ocrx_word' id='word_1_391' title='bbox 1084 5611 1217 5676; x_wconf 67' lang='lat' dir='ltr'><strong>cap.</strong></span> <span class='ocrx_word' id='word_1_392' title='bbox 1353 5582 1639 5676; x_wconf 37' lang='lat' dir='ltr'><strong>*viﬁ&#39;g&#39;sh&#39;s</strong></span> <span class='ocrx_word' id='word_1_393' title='bbox 1651 5582 1864 5664; x_wconf 55' lang='grc' dir='ltr'><strong>ἰ’ήῆἇὲ</strong></span> <span class='ocrx_word' id='word_1_394' title='bbox 1875 5582 2101 5670; x_wconf 53' lang='lat' dir='ltr'><strong>&quot;ibi?</strong></span> 
     </span>
    </p>
   </div>
   <div class='ocr_carea' id='block_1_73' title="bbox 441 5656 2105 5746">
    <p class='ocr_par' dir='ltr' id='par_1_73' title="bbox 441 5656 2105 5746">
     <span class='ocr_line' id='line_1_73' title="bbox 441 5656 2105 5746; baseline 0.02 -35"><span class='ocrx_word' id='word_1_395' title='bbox 441 5656 588 5712; x_wconf 79' lang='lat' dir='ltr'><strong>ﬁssa</strong></span> <span class='ocrx_word' id='word_1_396' title='bbox 621 5657 1056 5724; x_wconf 67' lang='lat' dir='ltr'><strong>Streaneshalm</strong></span> <span class='ocrx_word' id='word_1_397' title='bbox 1079 5656 1360 5742; x_wconf 71' lang='lat' dir='ltr'><strong>institutis</strong></span> <span class='ocrx_word' id='word_1_398' title='bbox 1383 5656 2105 5746; x_wconf 32' lang='lat' dir='ltr'><strong>adnumerat—“amab;</strong></span> 
     </span>
    </p>
   </div>
   <div class='ocr_carea' id='block_1_74' title="bbox 2138 1696 3582 1772">
    <p class='ocr_par' dir='ltr' id='par_1_74' title="bbox 2138 1696 3582 1772">
     <span class='ocr_line' id='line_1_74' title="bbox 2138 1696 3582 1772; baseline -0.003 -18"><span class='ocrx_word' id='word_1_399' title='bbox 2138 1701 2182 1754; x_wconf 88' lang='grc' dir='ltr'>Β</span> <span class='ocrx_word' id='word_1_400' title='bbox 2211 1701 2400 1772; x_wconf 88' lang='lat' dir='ltr'><strong>Hujus</strong></span> <span class='ocrx_word' id='word_1_401' title='bbox 2431 1699 2768 1770; x_wconf 87' lang='lat' dir='ltr'><strong>magniﬁcis</strong></span> <span class='ocrx_word' id='word_1_402' title='bbox 2799 1703 3066 1756; x_wconf 88' lang='lat' dir='ltr'><strong>actutum</strong></span> <span class='ocrx_word' id='word_1_403' title='bbox 3095 1697 3356 1754; x_wconf 89' lang='lat' dir='ltr'><strong>vultibus</strong></span> <span class='ocrx_word' id='word_1_404' title='bbox 3385 1696 3582 1754; x_wconf 88' lang='lat' dir='ltr'><strong>almus</strong></span> 
     </span>
    </p>
   </div>
   <div class='ocr_carea' id='block_1_75' title="bbox 2211 1786 3542 1862">
    <p class='ocr_par' dir='ltr' id='par_1_75' title="bbox 2211 1786 3542 1862">
     <span class='ocr_line' id='line_1_75' title="bbox 2211 1786 3542 1862; baseline -0.005 -16"><span class='ocrx_word' id='word_1_405' title='bbox 2211 1789 2463 1846; x_wconf 78' lang='lat' dir='ltr'><strong>Oﬁ‘ertur</strong></span> <span class='ocrx_word' id='word_1_406' title='bbox 2486 1788 2796 1862; x_wconf 84' lang='lat' dir='ltr'><strong>multoque</strong></span> <span class='ocrx_word' id='word_1_407' title='bbox 2827 1788 3044 1844; x_wconf 91' lang='lat' dir='ltr'><strong>dehinc</strong></span> <span class='ocrx_word' id='word_1_408' title='bbox 3075 1787 3275 1860; x_wconf 91' lang='lat' dir='ltr'><strong>lepore</strong></span> <span class='ocrx_word' id='word_1_409' title='bbox 3311 1786 3542 1854; x_wconf 89' lang='lat' dir='ltr'><strong>beatur,</strong></span> 
     </span>
    </p>
   </div>
   <div class='ocr_carea' id='block_1_76' title="bbox 2212 1874 3502 1950">
    <p class='ocr_par' dir='ltr' id='par_1_76' title="bbox 2212 1874 3502 1950">
     <span class='ocr_line' id='line_1_76' title="bbox 2212 1874 3502 1950; baseline -0.003 -18"><span class='ocrx_word' id='word_1_410' title='bbox 2212 1879 2506 1950; x_wconf 82' lang='lat' dir='ltr'><strong>Acceptus</strong></span> <span class='ocrx_word' id='word_1_411' title='bbox 2533 1877 2760 1934; x_wconf 91' lang='lat' dir='ltr'><strong>cunctis</strong></span> <span class='ocrx_word' id='word_1_412' title='bbox 2785 1875 2926 1932; x_wconf 89' lang='lat' dir='ltr'><strong>ﬁdei</strong></span> <span class='ocrx_word' id='word_1_413' title='bbox 2951 1875 3218 1950; x_wconf 89' lang='lat' dir='ltr'><strong>pollebat</strong></span> <span class='ocrx_word' id='word_1_414' title='bbox 3243 1875 3304 1930; x_wconf 92' lang='lat' dir='ltr'><strong>in</strong></span> <span class='ocrx_word' id='word_1_415' title='bbox 3335 1874 3502 1930; x_wconf 91' lang='lat' dir='ltr'><strong>actis.</strong></span> 
     </span>
    </p>
   </div>
   <div class='ocr_carea' id='block_1_77' title="bbox 2213 1963 3710 2028">
    <p class='ocr_par' dir='ltr' id='par_1_77' title="bbox 2213 1963 3710 2028">
     <span class='ocr_line' id='line_1_77' title="bbox 2213 1963 3710 2028; baseline -0.004 -6"><span class='ocrx_word' id='word_1_416' title='bbox 2213 1970 2296 2024; x_wconf 83' lang='lat' dir='ltr'><strong>Ac</strong></span> <span class='ocrx_word' id='word_1_417' title='bbox 2320 1972 2448 2024; x_wconf 90' lang='lat' dir='ltr'><strong>tum</strong></span> <span class='ocrx_word' id='word_1_418' title='bbox 2477 1965 2720 2022; x_wconf 89' lang='lat' dir='ltr'><strong>fortuitu</strong></span> <span class='ocrx_word' id='word_1_419' title='bbox 2748 1963 3158 2022; x_wconf 71' lang='lat' dir='ltr'><strong>memorandaa</strong></span> <span class='ocrx_word' id='word_1_420' title='bbox 3189 1963 3399 2020; x_wconf 87' lang='lat' dir='ltr'><strong>Cudda</strong></span> <span class='ocrx_word' id='word_1_421' title='bbox 3429 1965 3710 2028; x_wconf 63' lang='lat' dir='ltr'><strong>senecta,</strong></span> 
     </span>
    </p>
   </div>
   <div class='ocr_carea' id='block_1_78' title="bbox 2211 2051 3752 2130">
    <p class='ocr_par' dir='ltr' id='par_1_78' title="bbox 2211 2051 3752 2130">
     <span class='ocr_line' id='line_1_78' title="bbox 2211 2051 3752 2130; baseline -0.005 -18"><span class='ocrx_word' id='word_1_422' title='bbox 2211 2057 2308 2112; x_wconf 90' lang='lat' dir='ltr'><strong>Vir</strong></span> <span class='ocrx_word' id='word_1_423' title='bbox 2335 2055 2562 2130; x_wconf 90' lang='lat' dir='ltr'><strong>probus</strong></span> <span class='ocrx_word' id='word_1_424' title='bbox 2587 2055 2847 2126; x_wconf 91' lang='lat' dir='ltr'><strong>ingenio,</strong></span> <span class='ocrx_word' id='word_1_425' title='bbox 2877 2070 3089 2124; x_wconf 90' lang='lat' dir='ltr'><strong>regum</strong></span> <span class='ocrx_word' id='word_1_426' title='bbox 3119 2053 3451 2125; x_wconf 89' lang='lat' dir='ltr'><strong>meritoque</strong></span> <span class='ocrx_word' id='word_1_427' title='bbox 3481 2051 3752 2120; x_wconf 82' lang='lat' dir='ltr'><strong>satelles,</strong></span> 
     </span>
    </p>
   </div>
   <div class='ocr_carea' id='block_1_79' title="bbox 2215 2140 3568 2217">
    <p class='ocr_par' dir='ltr' id='par_1_79' title="bbox 2215 2140 3568 2217">
     <span class='ocr_line' id='line_1_79' title="bbox 2215 2140 3568 2217; baseline -0.004 -16"><span class='ocrx_word' id='word_1_428' title='bbox 2215 2144 2720 2216; x_wconf 54' lang='lat' dir='ltr'><strong>Lubricafccenc-si</strong></span> <span class='ocrx_word' id='word_1_429' title='bbox 2747 2147 3118 2217; x_wconf 90' lang='lat' dir='ltr'><strong>postponens</strong></span> <span class='ocrx_word' id='word_1_430' title='bbox 3150 2142 3372 2212; x_wconf 90' lang='lat' dir='ltr'><strong>gaudia</strong></span> <span class='ocrx_word' id='word_1_431' title='bbox 3397 2140 3568 2208; x_wconf 77' lang='lat' dir='ltr'><strong>saecli,</strong></span> 
     </span>
    </p>
   </div>
   <div class='ocr_carea' id='block_1_80' title="bbox 2215 2229 3562 2304">
    <p class='ocr_par' dir='ltr' id='par_1_80' title="bbox 2215 2229 3562 2304">
     <span class='ocr_line' id='line_1_80' title="bbox 2215 2229 3562 2304; baseline -0.004 -13"><span class='ocrx_word' id='word_1_432' title='bbox 2215 2233 2412 2291; x_wconf 86' lang='lat' dir='ltr'><strong>Maluit</strong></span> <span class='ocrx_word' id='word_1_433' title='bbox 2439 2236 2715 2304; x_wconf 80' lang='lat' dir='ltr'><strong>augustae</strong></span> <span class='ocrx_word' id='word_1_434' title='bbox 2745 2236 3045 2288; x_wconf 87' lang='lat' dir='ltr'><strong>certamen</strong></span> <span class='ocrx_word' id='word_1_435' title='bbox 3076 2231 3223 2286; x_wconf 87' lang='lat' dir='ltr'><strong>inire</strong></span> <span class='ocrx_word' id='word_1_436' title='bbox 3251 2229 3562 2304; x_wconf 64' lang='lat' dir='ltr'><strong>palaestrae,</strong></span> 
     </span>
    </p>
   </div>
   <div class='ocr_carea' id='block_1_81' title="bbox 2216 2317 3882 2394">
    <p class='ocr_par' dir='ltr' id='par_1_81' title="bbox 2216 2317 3882 2394">
     <span class='ocr_line' id='line_1_81' title="bbox 2216 2317 3882 2394; baseline -0.003 -15"><span class='ocrx_word' id='word_1_437' title='bbox 2216 2321 2507 2379; x_wconf 89' lang='lat' dir='ltr'><strong>Normalis</strong></span> <span class='ocrx_word' id='word_1_438' title='bbox 2528 2337 2656 2378; x_wconf 89' lang='lat' dir='ltr'><strong>sese</strong></span> <span class='ocrx_word' id='word_1_439' title='bbox 2686 2320 2917 2377; x_wconf 89' lang='lat' dir='ltr'><strong>dedans</strong></span> <span class='ocrx_word' id='word_1_440' title='bbox 2945 2319 3188 2394; x_wconf 79' lang='lat' dir='ltr'><strong>(29l-92)</strong></span> <span class='ocrx_word' id='word_1_441' title='bbox 3215 2318 3327 2374; x_wconf 90' lang='lat' dir='ltr'><strong>sub</strong></span> <span class='ocrx_word' id='word_1_442' title='bbox 3379 2317 3669 2388; x_wconf 88' lang='lat' dir='ltr'><strong>regimine</strong></span> <span class='ocrx_word' id='word_1_443' title='bbox 3727 2319 3882 2390; x_wconf 79' lang='lat'><strong>(293)</strong></span> 
     </span>
    </p>
   </div>
   <div class='ocr_carea' id='block_1_82' title="bbox 3627 2407 3802 2479">
    <p class='ocr_par' dir='ltr' id='par_1_82' title="bbox 3627 2407 3802 2479">
     <span class='ocr_line' id='line_1_82' title="bbox 3627 2407 3802 2479; baseline 0.011 -19"><span class='ocrx_word' id='word_1_444' title='bbox 3627 2407 3802 2479; x_wconf 50' lang='lat' dir='ltr'><strong>[vita</strong></span> 
     </span>
    </p>
   </div>
   <div class='ocr_carea' id='block_1_83' title="bbox 2217 2497 3700 2576">
    <p class='ocr_par' dir='ltr' id='par_1_83' title="bbox 2217 2497 3700 2576">
     <span class='ocr_line' id='line_1_83' title="bbox 2217 2497 3700 2576; baseline -0.003 -19"><span class='ocrx_word' id='word_1_445' title='bbox 2217 2503 2268 2558; x_wconf 91' lang='lat' dir='ltr'><strong>Is</strong></span> <span class='ocrx_word' id='word_1_446' title='bbox 2294 2503 2575 2574; x_wconf 90' lang='lat' dir='ltr'><strong>juvenem</strong></span> <span class='ocrx_word' id='word_1_447' title='bbox 2608 2519 2776 2559; x_wconf 91' lang='lat' dir='ltr'><strong>sacro</strong></span> <span class='ocrx_word' id='word_1_448' title='bbox 2807 2503 3068 2576; x_wconf 90' lang='lat' dir='ltr'><strong>suscepit</strong></span> <span class='ocrx_word' id='word_1_449' title='bbox 3099 2518 3304 2558; x_wconf 85' lang='lat' dir='ltr'><strong>amore</strong></span> <span class='ocrx_word' id='word_1_450' title='bbox 3332 2497 3700 2556; x_wconf 83' lang='lat' dir='ltr'><strong>docendum.</strong></span> 
     </span>
    </p>
   </div>
   <div class='ocr_carea' id='block_1_84' title="bbox 2217 2591 3266 2658">
    <p class='ocr_par' dir='ltr' id='par_1_84' title="bbox 2217 2591 3266 2658">
     <span class='ocr_line' id='line_1_84' title="bbox 2217 2591 3266 2658; baseline -0.002 -10"><span class='ocrx_word' id='word_1_451' title='bbox 2217 2593 2362 2648; x_wconf 84' lang='lat' dir='ltr'><strong>Exin</strong></span> <span class='ocrx_word' id='word_1_452' title='bbox 2383 2591 2493 2648; x_wconf 90' lang='lat' dir='ltr'><strong>tiro</strong></span> <span class='ocrx_word' id='word_1_453' title='bbox 2521 2593 2618 2648; x_wconf 88' lang='lat' dir='ltr'><strong>Dei</strong></span> <span class='ocrx_word' id='word_1_454' title='bbox 2647 2591 2828 2648; x_wconf 91' lang='lat' dir='ltr'><strong>fultus</strong></span> <span class='ocrx_word' id='word_1_455' title='bbox 2854 2591 3082 2648; x_wconf 85' lang='lat' dir='ltr'><strong>fervore</strong></span> <span class='ocrx_word' id='word_1_456' title='bbox 3105 2591 3266 2658; x_wconf 78' lang='lat' dir='ltr'><strong>fidei,</strong></span> 
     </span>
    </p>
   </div>
   <div class='ocr_carea' id='block_1_85' title="bbox 2219 2677 3582 2751">
    <p class='ocr_par' dir='ltr' id='par_1_85' title="bbox 2219 2677 3582 2751">
     <span class='ocr_line' id='line_1_85' title="bbox 2219 2677 3582 2751; baseline -0.004 -13"><span class='ocrx_word' id='word_1_457' title='bbox 2219 2683 2288 2738; x_wconf 90' lang='lat' dir='ltr'><strong>Ut</strong></span> <span class='ocrx_word' id='word_1_458' title='bbox 2315 2697 2487 2737; x_wconf 85' lang='lat' dir='ltr'><strong>verus</strong></span> <span class='ocrx_word' id='word_1_459' title='bbox 2520 2681 2801 2738; x_wconf 91' lang='lat' dir='ltr'><strong>Samuhel</strong></span> <span class='ocrx_word' id='word_1_460' title='bbox 2828 2680 3106 2737; x_wconf 88' lang='lat' dir='ltr'><strong>servabat</strong></span> <span class='ocrx_word' id='word_1_461' title='bbox 3129 2681 3268 2751; x_wconf 90' lang='lat' dir='ltr'><strong>jura</strong></span> <span class='ocrx_word' id='word_1_462' title='bbox 3295 2677 3582 2749; x_wconf 79' lang='lat' dir='ltr'><strong>magistri,</strong></span> 
     </span>
    </p>
   </div>
   <div class='ocr_carea' id='block_1_86' title="bbox 2219 2768 3616 2842">
    <p class='ocr_par' dir='ltr' id='par_1_86' title="bbox 2219 2768 3616 2842">
     <span class='ocr_line' id='line_1_86' title="bbox 2219 2768 3616 2842; baseline -0.004 -17"><span class='ocrx_word' id='word_1_463' title='bbox 2219 2769 2517 2826; x_wconf 83' lang='lat' dir='ltr'><strong>Fratribus</strong></span> <span class='ocrx_word' id='word_1_464' title='bbox 2547 2769 2764 2842; x_wconf 71' lang='lat' dir='ltr'><strong>aequali</strong></span> <span class='ocrx_word' id='word_1_465' title='bbox 2794 2769 3022 2825; x_wconf 89' lang='lat' dir='ltr'><strong>cunctis</strong></span> <span class='ocrx_word' id='word_1_466' title='bbox 3057 2768 3360 2840; x_wconf 87' lang='lat' dir='ltr'><strong>subjectus</strong></span> <span class='ocrx_word' id='word_1_467' title='bbox 3391 2781 3616 2822; x_wconf 89' lang='lat' dir='ltr'><strong>amore.</strong></span> 
     </span>
    </p>
   </div>
   <div class='ocr_carea' id='block_1_87' title="bbox 2219 2855 3888 2930">
    <p class='ocr_par' dir='ltr' id='par_1_87' title="bbox 2219 2855 3888 2930">
     <span class='ocr_line' id='line_1_87' title="bbox 2219 2855 3888 2930; baseline -0.004 -18"><span class='ocrx_word' id='word_1_468' title='bbox 2219 2860 2308 2915; x_wconf 86' lang='lat' dir='ltr'><strong>Ill.</strong></span> <span class='ocrx_word' id='word_1_469' title='bbox 2334 2861 2578 2916; x_wconf 85' lang='lat' dir='ltr'><strong>Romam</strong></span> <span class='ocrx_word' id='word_1_470' title='bbox 2596 2860 3056 2930; x_wconf 79' lang='lat' dir='ltr'><strong>peregrinatur:</strong></span> <span class='ocrx_word' id='word_1_471' title='bbox 3077 2859 3152 2916; x_wconf 88' lang='lat' dir='ltr'><strong>ab</strong></span> <span class='ocrx_word' id='word_1_472' title='bbox 3177 2857 3557 2914; x_wconf 83' lang='lat' dir='ltr'><strong>Ercomberto</strong></span> <span class='ocrx_word' id='word_1_473' title='bbox 3573 2855 3888 2912; x_wconf 80' lang='lat' dir='ltr'><strong>detinetur</strong></span> 
     </span>
    </p>
   </div>
   <div class='ocr_carea' id='block_1_88' title="bbox 2843 2948 3257 3020">
    <p class='ocr_par' dir='ltr' id='par_1_88' title="bbox 2843 2948 3257 3020">
     <span class='ocr_line' id='line_1_88' title="bbox 2843 2948 3257 3020; baseline -0.005 -16"><span class='ocrx_word' id='word_1_474' title='bbox 2843 2948 3257 3020; x_wconf 82' lang='lat' dir='ltr'><strong>quadriennio.</strong></span> 
     </span>
    </p>
   </div>
   <div class='ocr_carea' id='block_1_89' title="bbox 2151 3036 3808 3110">
    <p class='ocr_par' dir='ltr' id='par_1_89' title="bbox 2151 3036 3808 3110">
     <span class='ocr_line' id='line_1_89' title="bbox 2151 3036 3808 3110; baseline -0.002 -18"><span class='ocrx_word' id='word_1_475' title='bbox 2151 3051 2193 3105; x_wconf 81' lang='grc' dir='ltr'><strong>ο</strong></span> <span class='ocrx_word' id='word_1_476' title='bbox 2289 3038 2317 3091; x_wconf 72' lang='grc' dir='ltr'><strong>,Ι</strong></span> <span class='ocrx_word' id='word_1_477' title='bbox 2327 3052 2426 3092; x_wconf 88' lang='lat' dir='ltr'><strong>am</strong></span> <span class='ocrx_word' id='word_1_478' title='bbox 2457 3037 2654 3106; x_wconf 85' lang='lat' dir='ltr'><strong>gravis</strong></span> <span class='ocrx_word' id='word_1_479' title='bbox 2675 3036 2923 3093; x_wconf 90' lang='lat' dir='ltr'><strong>electam</strong></span> <span class='ocrx_word' id='word_1_480' title='bbox 2944 3041 3231 3110; x_wconf 86' lang='lat' dir='ltr'><strong>purgarat</strong></span> <span class='ocrx_word' id='word_1_481' title='bbox 3253 3036 3490 3092; x_wconf 87' lang='lat' dir='ltr'><strong>sarcina</strong></span> <span class='ocrx_word' id='word_1_482' title='bbox 3517 3037 3808 3098; x_wconf 86' lang='lat' dir='ltr'><strong>mentem,</strong></span> 
     </span>
    </p>
   </div>
   <div class='ocr_carea' id='block_1_90' title="bbox 2221 3126 3616 3198">
    <p class='ocr_par' dir='ltr' id='par_1_90' title="bbox 2221 3126 3616 3198">
     <span class='ocr_line' id='line_1_90' title="bbox 2221 3126 3616 3198; baseline -0.002 -16"><span class='ocrx_word' id='word_1_483' title='bbox 2221 3129 2664 3198; x_wconf 86' lang='lat' dir='ltr'><strong>Excoctumque</strong></span> <span class='ocrx_word' id='word_1_484' title='bbox 2689 3126 2794 3181; x_wconf 90' lang='lat' dir='ltr'><strong>diu</strong></span> <span class='ocrx_word' id='word_1_485' title='bbox 2821 3126 2992 3182; x_wconf 91' lang='lat' dir='ltr'><strong>solito</strong></span> <span class='ocrx_word' id='word_1_486' title='bbox 3023 3126 3378 3196; x_wconf 89' lang='lat' dir='ltr'><strong>ﬂagramine</strong></span> <span class='ocrx_word' id='word_1_487' title='bbox 3409 3129 3616 3197; x_wconf 88' lang='lat' dir='ltr'><strong>pectus</strong></span> 
     </span>
    </p>
   </div>
   <div class='ocr_carea' id='block_1_91' title="bbox 2221 3213 3548 3288">
    <p class='ocr_par' dir='ltr' id='par_1_91' title="bbox 2221 3213 3548 3288">
     <span class='ocr_line' id='line_1_91' title="bbox 2221 3213 3548 3288; baseline -0.002 -17"><span class='ocrx_word' id='word_1_488' title='bbox 2221 3213 2488 3287; x_wconf 83' lang='lat' dir='ltr'><strong>Concipit</strong></span> <span class='ocrx_word' id='word_1_489' title='bbox 2516 3214 2778 3270; x_wconf 88' lang='lat' dir='ltr'><strong>internas</strong></span> <span class='ocrx_word' id='word_1_490' title='bbox 2807 3217 2944 3270; x_wconf 87' lang='lat' dir='ltr'><strong>Jesu</strong></span> <span class='ocrx_word' id='word_1_491' title='bbox 2969 3215 3234 3288; x_wconf 88' lang='lat' dir='ltr'><strong>spirante</strong></span> <span class='ocrx_word' id='word_1_492' title='bbox 3263 3213 3548 3270; x_wconf 86' lang='lat' dir='ltr'><strong>salebras.</strong></span> 
     </span>
    </p>
   </div>
   <div class='ocr_carea' id='block_1_92' title="bbox 2221 3301 3552 3374">
    <p class='ocr_par' dir='ltr' id='par_1_92' title="bbox 2221 3301 3552 3374">
     <span class='ocr_line' id='line_1_92' title="bbox 2221 3301 3552 3374; baseline 0.001 -17"><span class='ocrx_word' id='word_1_493' title='bbox 2221 3305 2268 3358; x_wconf 83' lang='lat' dir='ltr'><strong>A</strong></span> <span class='ocrx_word' id='word_1_494' title='bbox 2300 3303 2512 3358; x_wconf 90' lang='lat' dir='ltr'><strong>virtute</strong></span> <span class='ocrx_word' id='word_1_495' title='bbox 2541 3302 2748 3359; x_wconf 87' lang='lat' dir='ltr'><strong>volens</strong></span> <span class='ocrx_word' id='word_1_496' title='bbox 2778 3303 3008 3358; x_wconf 88' lang='lat' dir='ltr'><strong>virtutis</strong></span> <span class='ocrx_word' id='word_1_497' title='bbox 3037 3301 3097 3359; x_wconf 88' lang='lat' dir='ltr'><strong>in</strong></span> <span class='ocrx_word' id='word_1_498' title='bbox 3129 3303 3248 3359; x_wconf 89' lang='lat' dir='ltr'><strong>alta</strong></span> <span class='ocrx_word' id='word_1_499' title='bbox 3275 3303 3552 3374; x_wconf 84' lang='lat' dir='ltr'><strong>migrare,</strong></span> 
     </span>
    </p>
   </div>
   <div class='ocr_carea' id='block_1_93' title="bbox 2221 3391 3700 3463">
    <p class='ocr_par' dir='ltr' id='par_1_93' title="bbox 2221 3391 3700 3463">
     <span class='ocr_line' id='line_1_93' title="bbox 2221 3391 3700 3463; baseline -0.001 -15"><span class='ocrx_word' id='word_1_500' title='bbox 2221 3391 2576 3448; x_wconf 85' lang='lat' dir='ltr'><strong>Romuleum</strong></span> <span class='ocrx_word' id='word_1_501' title='bbox 2607 3392 2809 3449; x_wconf 92' lang='lat' dir='ltr'><strong>statuit</strong></span> <span class='ocrx_word' id='word_1_502' title='bbox 2837 3409 3190 3448; x_wconf 88' lang='lat' dir='ltr'><strong>concurrere</strong></span> <span class='ocrx_word' id='word_1_503' title='bbox 3211 3393 3392 3463; x_wconf 87' lang='lat' dir='ltr'><strong>gratis</strong></span> <span class='ocrx_word' id='word_1_504' title='bbox 3419 3393 3498 3448; x_wconf 89' lang='lat' dir='ltr'><strong>ad</strong></span> <span class='ocrx_word' id='word_1_505' title='bbox 3527 3391 3700 3456; x_wconf 84' lang='lat' dir='ltr'><strong>altar,</strong></span> 
     </span>
    </p>
   </div>
   <div class='ocr_carea' id='block_1_94' title="bbox 2221 3480 3504 3555">
    <p class='ocr_par' dir='ltr' id='par_1_94' title="bbox 2221 3480 3504 3555">
     <span class='ocr_line' id='line_1_94' title="bbox 2221 3480 3504 3555; baseline 0.001 -20"><span class='ocrx_word' id='word_1_506' title='bbox 2221 3480 2450 3536; x_wconf 87' lang='lat' dir='ltr'><strong>Scilicet</strong></span> <span class='ocrx_word' id='word_1_507' title='bbox 2465 3485 2530 3536; x_wconf 92' lang='lat' dir='ltr'><strong>ut</strong></span> <span class='ocrx_word' id='word_1_508' title='bbox 2553 3480 2765 3537; x_wconf 90' lang='lat' dir='ltr'><strong>veteris</strong></span> <span class='ocrx_word' id='word_1_509' title='bbox 2789 3480 3069 3537; x_wconf 88' lang='lat' dir='ltr'><strong>lustraret</strong></span> <span class='ocrx_word' id='word_1_510' title='bbox 3097 3481 3276 3537; x_wconf 89' lang='lat' dir='ltr'><strong>busta</strong></span> <span class='ocrx_word' id='word_1_511' title='bbox 3305 3480 3504 3555; x_wconf 91' lang='lat' dir='ltr'><strong>piacli,</strong></span> 
     </span>
    </p>
   </div>
   <div class='ocr_carea' id='block_1_95' title="bbox 2221 3569 3686 3642">
    <p class='ocr_par' dir='ltr' id='par_1_95' title="bbox 2221 3569 3686 3642">
     <span class='ocr_line' id='line_1_95' title="bbox 2221 3569 3686 3642; baseline -0.001 -18"><span class='ocrx_word' id='word_1_512' title='bbox 2221 3573 2746 3642; x_wconf 82' lang='lat' dir='ltr'><strong>Augmentumque</strong></span> <span class='ocrx_word' id='word_1_513' title='bbox 2769 3569 2893 3625; x_wconf 89' lang='lat' dir='ltr'><strong>suis</strong></span> <span class='ocrx_word' id='word_1_514' title='bbox 2922 3569 3116 3642; x_wconf 89' lang='lat' dir='ltr'><strong>quiret</strong></span> <span class='ocrx_word' id='word_1_515' title='bbox 3143 3570 3494 3642; x_wconf 85' lang='lat' dir='ltr'><strong>conquirere</strong></span> <span class='ocrx_word' id='word_1_516' title='bbox 3533 3569 3686 3624; x_wconf 80' lang='lat' dir='ltr'><strong>votis</strong></span> 
     </span>
    </p>
   </div>
   <div class='ocr_carea' id='block_1_96' title="bbox 2225 3659 3588 3732">
    <p class='ocr_par' dir='ltr' id='par_1_96' title="bbox 2225 3659 3588 3732">
     <span class='ocr_line' id='line_1_96' title="bbox 2225 3659 3588 3732; baseline -0.001 -18"><span class='ocrx_word' id='word_1_517' title='bbox 2225 3663 2355 3715; x_wconf 78' lang='lat' dir='ltr'><strong>Haec</strong></span> <span class='ocrx_word' id='word_1_518' title='bbox 2389 3659 2490 3732; x_wconf 87' lang='lat' dir='ltr'><strong>pia</strong></span> <span class='ocrx_word' id='word_1_519' title='bbox 2519 3659 2765 3732; x_wconf 72' lang='lat' dir='ltr'><strong>praefato</strong></span> <span class='ocrx_word' id='word_1_520' title='bbox 2785 3661 3049 3716; x_wconf 89' lang='lat' dir='ltr'><strong>narravit</strong></span> <span class='ocrx_word' id='word_1_521' title='bbox 3079 3675 3254 3716; x_wconf 90' lang='lat' dir='ltr'><strong>sensa</strong></span> <span class='ocrx_word' id='word_1_522' title='bbox 3281 3659 3588 3730; x_wconf 85' lang='lat' dir='ltr'><strong>magistro.</strong></span> 
     </span>
    </p>
   </div>
   <div class='ocr_carea' id='block_1_97' title="bbox 2223 3747 3650 3814">
    <p class='ocr_par' dir='ltr' id='par_1_97' title="bbox 2223 3747 3650 3814">
     <span class='ocr_line' id='line_1_97' title="bbox 2223 3747 3650 3814; baseline 0 -12"><span class='ocrx_word' id='word_1_523' title='bbox 2223 3747 2522 3803; x_wconf 86' lang='lat' dir='ltr'><strong>Archades</strong></span> <span class='ocrx_word' id='word_1_524' title='bbox 2547 3747 2686 3802; x_wconf 90' lang='lat' dir='ltr'><strong>hinc</strong></span> <span class='ocrx_word' id='word_1_525' title='bbox 2716 3747 2898 3804; x_wconf 90' lang='lat' dir='ltr'><strong>ambo</strong></span> <span class='ocrx_word' id='word_1_526' title='bbox 2923 3753 3063 3804; x_wconf 89' lang='lat' dir='ltr'><strong>voto</strong></span> <span class='ocrx_word' id='word_1_527' title='bbox 3087 3752 3342 3804; x_wconf 88' lang='lat' dir='ltr'><strong>statuere</strong></span> <span class='ocrx_word' id='word_1_528' title='bbox 3367 3747 3480 3803; x_wconf 93' lang='lat' dir='ltr'><strong>sub</strong></span> <span class='ocrx_word' id='word_1_529' title='bbox 3502 3762 3650 3814; x_wconf 90' lang='lat' dir='ltr'><strong>uno,</strong></span> 
     </span>
    </p>
   </div>
   <div class='ocr_carea' id='block_1_98' title="bbox 2226 3833 3880 3910">
    <p class='ocr_par' dir='ltr' id='par_1_98' title="bbox 2226 3833 3880 3910">
     <span class='ocr_line' id='line_1_98' title="bbox 2226 3833 3880 3910; baseline -0.005 -16"><span class='ocrx_word' id='word_1_530' title='bbox 2226 3836 2470 3894; x_wconf 87' lang='lat' dir='ltr'><strong>Culmen</strong></span> <span class='ocrx_word' id='word_1_531' title='bbox 2507 3836 2900 3909; x_wconf 85' lang='lat' dir='ltr'><strong>apostolicum</strong></span> <span class='ocrx_word' id='word_1_532' title='bbox 2933 3841 3170 3910; x_wconf 77' lang='lat' dir='ltr'><strong>peteret,</strong></span> <span class='ocrx_word' id='word_1_533' title='bbox 3206 3851 3640 3910; x_wconf 86' lang='lat' dir='ltr'><strong>creperumque</strong></span> <span class='ocrx_word' id='word_1_534' title='bbox 3665 3833 3880 3908; x_wconf 86' lang='lat' dir='ltr'><strong>piaret.</strong></span> 
     </span>
    </p>
   </div>
   <div class='ocr_carea' id='block_1_99' title="bbox 2225 3925 3714 3998">
    <p class='ocr_par' dir='ltr' id='par_1_99' title="bbox 2225 3925 3714 3998">
     <span class='ocr_line' id='line_1_99' title="bbox 2225 3925 3714 3998; baseline -0.003 -16"><span class='ocrx_word' id='word_1_535' title='bbox 2225 3929 2290 3982; x_wconf 85' lang='lat' dir='ltr'><strong>Et</strong></span> <span class='ocrx_word' id='word_1_536' title='bbox 2317 3925 2523 3995; x_wconf 87' lang='lat' dir='ltr'><strong>regina</strong></span> <span class='ocrx_word' id='word_1_537' title='bbox 2551 3925 2798 3998; x_wconf 87' lang='lat' dir='ltr'><strong>quidem</strong></span> <span class='ocrx_word' id='word_1_538' title='bbox 2827 3926 3090 3982; x_wconf 90' lang='lat' dir='ltr'><strong>faustum</strong></span> <span class='ocrx_word' id='word_1_539' title='bbox 3118 3926 3386 3982; x_wconf 86' lang='lat' dir='ltr'><strong>conferre</strong></span> <span class='ocrx_word' id='word_1_540' title='bbox 3410 3925 3714 3982; x_wconf 87' lang='lat' dir='ltr'><strong>levamen.</strong></span> 
     </span>
    </p>
   </div>
   <div class='ocr_carea' id='block_1_100' title="bbox 2223 4014 3648 4090">
    <p class='ocr_par' dir='ltr' id='par_1_100' title="bbox 2223 4014 3648 4090">
     <span class='ocr_line' id='line_1_100' title="bbox 2223 4014 3648 4090; baseline 0 -20"><span class='ocrx_word' id='word_1_541' title='bbox 2223 4017 2549 4071; x_wconf 82' lang='lat' dir='ltr'><strong>Praetaxata</strong></span> <span class='ocrx_word' id='word_1_542' title='bbox 2573 4015 2802 4086; x_wconf 90' lang='lat' dir='ltr'><strong>volens,</strong></span> <span class='ocrx_word' id='word_1_543' title='bbox 2830 4015 2956 4087; x_wconf 90' lang='lat' dir='ltr'><strong>regi</strong></span> <span class='ocrx_word' id='word_1_544' title='bbox 2985 4015 3274 4072; x_wconf 88' lang='lat' dir='ltr'><strong>mandata</strong></span> <span class='ocrx_word' id='word_1_545' title='bbox 3301 4014 3648 4090; x_wconf 88' lang='lat' dir='ltr'><strong>propinquo</strong></span> 
     </span>
    </p>
   </div>
   <div class='ocr_carea' id='block_1_101' title="bbox 2227 4103 3884 4179">
    <p class='ocr_par' dir='ltr' id='par_1_101' title="bbox 2227 4103 3884 4179">
     <span class='ocr_line' id='line_1_101' title="bbox 2227 4103 3884 4179; baseline -0.004 -19"><span class='ocrx_word' id='word_1_546' title='bbox 2227 4105 2428 4175; x_wconf 89' lang='lat' dir='ltr'><strong>Dirigit</strong></span> <span class='ocrx_word' id='word_1_547' title='bbox 2449 4121 2520 4160; x_wconf 91' lang='lat' dir='ltr'><strong>ac</strong></span> <span class='ocrx_word' id='word_1_548' title='bbox 2553 4105 2784 4161; x_wconf 88' lang='lat' dir='ltr'><strong>Domini</strong></span> <span class='ocrx_word' id='word_1_549' title='bbox 2813 4105 3118 4179; x_wconf 87' lang='lat' dir='ltr'><strong>placidum</strong></span> <span class='ocrx_word' id='word_1_550' title='bbox 3161 4105 3478 4162; x_wconf 89' lang='lat' dir='ltr'><strong>committit</strong></span> <span class='ocrx_word' id='word_1_551' title='bbox 3536 4103 3884 4158; x_wconf 87' lang='lat' dir='ltr'><strong>alumnum.</strong></span> 
     </span>
    </p>
   </div>
   <div class='ocr_carea' id='block_1_102' title="bbox 2223 4191 3766 4268">
    <p class='ocr_par' dir='ltr' id='par_1_102' title="bbox 2223 4191 3766 4268">
     <span class='ocr_line' id='line_1_102' title="bbox 2223 4191 3766 4268; baseline -0.001 -19"><span class='ocrx_word' id='word_1_552' title='bbox 2223 4193 2689 4250; x_wconf 90' lang='lat' dir='ltr'><strong>Erchumbertus</strong></span> <span class='ocrx_word' id='word_1_553' title='bbox 2718 4199 2862 4264; x_wconf 90' lang='lat' dir='ltr'><strong>erat,</strong></span> <span class='ocrx_word' id='word_1_554' title='bbox 2897 4194 3086 4267; x_wconf 91' lang='lat' dir='ltr'><strong>plebis</strong></span> <span class='ocrx_word' id='word_1_555' title='bbox 3117 4195 3222 4268; x_wconf 88' lang='lat' dir='ltr'><strong>qui</strong></span> <span class='ocrx_word' id='word_1_556' title='bbox 3245 4199 3478 4268; x_wconf 87' lang='lat' dir='ltr'><strong>sceptra</strong></span> <span class='ocrx_word' id='word_1_557' title='bbox 3499 4191 3766 4249; x_wconf 87' lang='lat' dir='ltr'><strong>tenebat.</strong></span> 
     </span>
    </p>
   </div>
   <div class='ocr_carea' id='block_1_103' title="bbox 2223 4281 3810 4358">
    <p class='ocr_par' dir='ltr' id='par_1_103' title="bbox 2223 4281 3810 4358">
     <span class='ocr_line' id='line_1_103' title="bbox 2223 4281 3810 4358; baseline -0.001 -18"><span class='ocrx_word' id='word_1_558' title='bbox 2223 4283 2367 4340; x_wconf 86' lang='lat' dir='ltr'><strong>Hinc</strong></span> <span class='ocrx_word' id='word_1_559' title='bbox 2398 4283 2524 4340; x_wconf 88' lang='lat' dir='ltr'><strong>sine</strong></span> <span class='ocrx_word' id='word_1_560' title='bbox 2547 4283 2756 4340; x_wconf 88' lang='lat' dir='ltr'><strong>fraude</strong></span> <span class='ocrx_word' id='word_1_561' title='bbox 2783 4285 2978 4341; x_wconf 90' lang='lat' dir='ltr'><strong>virum</strong></span> <span class='ocrx_word' id='word_1_562' title='bbox 3011 4285 3211 4354; x_wconf 91' lang='lat' dir='ltr'><strong>coluit,</strong></span> <span class='ocrx_word' id='word_1_563' title='bbox 3243 4285 3368 4340; x_wconf 90' lang='lat' dir='ltr'><strong>sine</strong></span> <span class='ocrx_word' id='word_1_564' title='bbox 3399 4289 3562 4358; x_wconf 86' lang='lat' dir='ltr'><strong>peste</strong></span> <span class='ocrx_word' id='word_1_565' title='bbox 3582 4281 3810 4339; x_wconf 83' lang='lat' dir='ltr'><strong>refecit.</strong></span> 
     </span>
    </p>
   </div>
   <div class='ocr_carea' id='block_1_104' title="bbox 2147 4373 3756 4458">
    <p class='ocr_par' dir='ltr' id='par_1_104' title="bbox 2147 4373 3756 4458">
     <span class='ocr_line' id='line_1_104' title="bbox 2147 4373 3756 4458; baseline -0.001 -29"><span class='ocrx_word' id='word_1_566' title='bbox 2147 4401 2196 4458; x_wconf 68' lang='grc' dir='ltr'><strong><em>Β</em></strong></span> <span class='ocrx_word' id='word_1_567' title='bbox 2223 4373 2487 4429; x_wconf 86' lang='lat' dir='ltr'><strong>Tandem</strong></span> <span class='ocrx_word' id='word_1_568' title='bbox 2519 4373 2820 4444; x_wconf 88' lang='lat' dir='ltr'><strong>triquadro</strong></span> <span class='ocrx_word' id='word_1_569' title='bbox 2847 4379 3172 4447; x_wconf 89' lang='lat' dir='ltr'><strong>postquam</strong></span> <span class='ocrx_word' id='word_1_570' title='bbox 3199 4379 3540 4432; x_wconf 86' lang='lat' dir='ltr'><strong>servaverat</strong></span> <span class='ocrx_word' id='word_1_571' title='bbox 3565 4387 3756 4438; x_wconf 85' lang='lat' dir='ltr'><strong>anno,</strong></span> 
     </span>
    </p>
   </div>
   <div class='ocr_carea' id='block_1_105' title="bbox 2223 4461 3664 4535">
    <p class='ocr_par' dir='ltr' id='par_1_105' title="bbox 2223 4461 3664 4535">
     <span class='ocr_line' id='line_1_105' title="bbox 2223 4461 3664 4535; baseline -0.001 -17"><span class='ocrx_word' id='word_1_572' title='bbox 2223 4461 2495 4518; x_wconf 86' lang='lat' dir='ltr'><strong>Pluribus</strong></span> <span class='ocrx_word' id='word_1_573' title='bbox 2525 4461 2717 4518; x_wconf 91' lang='lat' dir='ltr'><strong>emisit</strong></span> <span class='ocrx_word' id='word_1_574' title='bbox 2739 4464 2912 4518; x_wconf 90' lang='lat' dir='ltr'><strong>sociis</strong></span> <span class='ocrx_word' id='word_1_575' title='bbox 2939 4463 3154 4520; x_wconf 88' lang='lat' dir='ltr'><strong>fretum</strong></span> <span class='ocrx_word' id='word_1_576' title='bbox 3185 4463 3340 4519; x_wconf 90' lang='lat' dir='ltr'><strong>duce</strong></span> <span class='ocrx_word' id='word_1_577' title='bbox 3369 4461 3664 4535; x_wconf 84' lang='lat' dir='ltr'><strong>quodam,</strong></span> 
     </span>
    </p>
   </div>
   <div class='ocr_carea' id='block_1_106' title="bbox 2223 4547 3884 4628">
    <p class='ocr_par' dir='ltr' id='par_1_106' title="bbox 2223 4547 3884 4628">
     <span class='ocr_line' id='line_1_106' title="bbox 2223 4547 3884 4628; baseline -0.004 -19"><span class='ocrx_word' id='word_1_578' title='bbox 2223 4550 2532 4610; x_wconf 89' lang='lat' dir='ltr'><strong>Barbaries</strong></span> <span class='ocrx_word' id='word_1_579' title='bbox 2581 4551 2789 4628; x_wconf 90' lang='lat' dir='ltr'><strong>Biscop</strong></span> <span class='ocrx_word' id='word_1_580' title='bbox 2837 4553 3144 4624; x_wconf 89' lang='lat' dir='ltr'><strong>Baducing</strong></span> <span class='ocrx_word' id='word_1_581' title='bbox 3199 4553 3348 4626; x_wconf 68' lang='grc'>(294)</span> <span class='ocrx_word' id='word_1_582' title='bbox 3405 4566 3589 4624; x_wconf 87' lang='lat' dir='ltr'><strong>quem</strong></span> <span class='ocrx_word' id='word_1_583' title='bbox 3657 4547 3884 4606; x_wconf 85' lang='lat' dir='ltr'><strong>inculta</strong></span> 
     </span>
    </p>
   </div>
   <div class='ocr_carea' id='block_1_107' title="bbox 3499 4637 3812 4710">
    <p class='ocr_par' dir='ltr' id='par_1_107' title="bbox 3499 4637 3812 4710">
     <span class='ocr_line' id='line_1_107' title="bbox 3499 4637 3812 4710; baseline -0.003 -17"><span class='ocrx_word' id='word_1_584' title='bbox 3499 4637 3812 4710; x_wconf 75' lang='lat' dir='ltr'><strong>(vocabat.</strong></span> 
     </span>
    </p>
   </div>
   <div class='ocr_carea' id='block_1_108' title="bbox 2220 4730 3744 4813">
    <p class='ocr_par' dir='ltr' id='par_1_108' title="bbox 2220 4730 3744 4813">
     <span class='ocr_line' id='line_1_108' title="bbox 2220 4730 3744 4813; baseline -0.01 -17"><span class='ocrx_word' id='word_1_585' title='bbox 2220 4741 2508 4813; x_wconf 88' lang='lat' dir='ltr'><strong>Prospera</strong></span> <span class='ocrx_word' id='word_1_586' title='bbox 2525 4735 2719 4797; x_wconf 89' lang='lat' dir='ltr'><strong>ﬂabra</strong></span> <span class='ocrx_word' id='word_1_587' title='bbox 2739 4737 2935 4797; x_wconf 88' lang='lat' dir='ltr'><strong>virum</strong></span> <span class='ocrx_word' id='word_1_588' title='bbox 2959 4735 3096 4796; x_wconf 86' lang='lat' dir='ltr'><strong>litus</strong></span> <span class='ocrx_word' id='word_1_589' title='bbox 3121 4735 3318 4808; x_wconf 90' lang='lat' dir='ltr'><strong>jecere</strong></span> <span class='ocrx_word' id='word_1_590' title='bbox 3352 4730 3466 4786; x_wconf 91' lang='lat' dir='ltr'><strong>sub</strong></span> <span class='ocrx_word' id='word_1_591' title='bbox 3499 4731 3744 4800; x_wconf 83' lang='lat' dir='ltr'><strong>aptum.</strong></span> 
     </span>
    </p>
   </div>
   <div class='ocr_carea' id='block_1_109' title="bbox 2221 4815 3682 4901">
    <p class='ocr_par' dir='ltr' id='par_1_109' title="bbox 2221 4815 3682 4901">
     <span class='ocr_line' id='line_1_109' title="bbox 2221 4815 3682 4901; baseline -0.01 -17"><span class='ocrx_word' id='word_1_592' title='bbox 2221 4828 2441 4885; x_wconf 84' lang='lat' dir='ltr'><strong>Gallica</strong></span> <span class='ocrx_word' id='word_1_593' title='bbox 2469 4845 2608 4884; x_wconf 86' lang='lat' dir='ltr'><strong>rura</strong></span> <span class='ocrx_word' id='word_1_594' title='bbox 2629 4829 2791 4901; x_wconf 90' lang='lat' dir='ltr'><strong>petit,</strong></span> <span class='ocrx_word' id='word_1_595' title='bbox 2818 4827 3090 4900; x_wconf 89' lang='lat' dir='ltr'><strong>Lugduni</strong></span> <span class='ocrx_word' id='word_1_596' title='bbox 3121 4821 3388 4881; x_wconf 90' lang='lat' dir='ltr'><strong>culmina</strong></span> <span class='ocrx_word' id='word_1_597' title='bbox 3417 4815 3682 4874; x_wconf 88' lang='lat' dir='ltr'><strong>scandit.</strong></span> 
     </span>
    </p>
   </div>
   <div class='ocr_carea' id='block_1_110' title="bbox 2219 4904 3702 4990">
    <p class='ocr_par' dir='ltr' id='par_1_110' title="bbox 2219 4904 3702 4990">
     <span class='ocr_line' id='line_1_110' title="bbox 2219 4904 3702 4990; baseline -0.003 -15"><span class='ocrx_word' id='word_1_598' title='bbox 2219 4919 2348 4975; x_wconf 80' lang='lat' dir='ltr'><strong>Mox</strong></span> <span class='ocrx_word' id='word_1_599' title='bbox 2375 4917 2524 4988; x_wconf 88' lang='lat' dir='ltr'><strong>juga</strong></span> <span class='ocrx_word' id='word_1_600' title='bbox 2552 4917 2854 4990; x_wconf 88' lang='lat' dir='ltr'><strong>corripuit,</strong></span> <span class='ocrx_word' id='word_1_601' title='bbox 2889 4917 3180 4976; x_wconf 87' lang='lat' dir='ltr'><strong>comitum</strong></span> <span class='ocrx_word' id='word_1_602' title='bbox 3201 4908 3468 4982; x_wconf 83' lang='lat' dir='ltr'><strong>deliquia</strong></span> <span class='ocrx_word' id='word_1_603' title='bbox 3493 4904 3702 4971; x_wconf 60' lang='lat' dir='ltr'><strong>setis“.</strong></span> 
     </span>
    </p>
   </div>
   <div class='ocr_carea' id='block_1_111' title="bbox 2219 4997 3682 5076">
    <p class='ocr_par' dir='ltr' id='par_1_111' title="bbox 2219 4997 3682 5076">
     <span class='ocr_line' id='line_1_111' title="bbox 2219 4997 3682 5076; baseline 0.001 -16"><span class='ocrx_word' id='word_1_604' title='bbox 2219 5007 2266 5059; x_wconf 78' lang='grc' dir='ltr'><strong>Α</strong></span> <span class='ocrx_word' id='word_1_605' title='bbox 2291 5005 2442 5062; x_wconf 93' lang='lat' dir='ltr'><strong>duce</strong></span> <span class='ocrx_word' id='word_1_606' title='bbox 2471 5005 2783 5076; x_wconf 88' lang='lat' dir='ltr'><strong>deseritur,</strong></span> <span class='ocrx_word' id='word_1_607' title='bbox 2817 5009 3026 5066; x_wconf 89' lang='lat' dir='ltr'><strong>Christi</strong></span> <span class='ocrx_word' id='word_1_608' title='bbox 3059 5015 3264 5066; x_wconf 86' lang='lat' dir='ltr'><strong>tamen</strong></span> <span class='ocrx_word' id='word_1_609' title='bbox 3293 5014 3398 5057; x_wconf 83' lang='lat'><strong>01‘6</strong></span> <span class='ocrx_word' id='word_1_610' title='bbox 3427 4997 3682 5058; x_wconf 65' lang='grc' dir='ltr'><strong>Ιοϐἃῑυΐο</strong></span> 
     </span>
    </p>
   </div>
   <div class='ocr_carea' id='block_1_112' title="bbox 2640 5097 3444 5169">
    <p class='ocr_par' dir='ltr' id='par_1_112' title="bbox 2640 5097 3444 5169">
     <span class='ocr_line' id='line_1_112' title="bbox 2640 5097 3444 5169; baseline -0.001 -17"><span class='ocrx_word' id='word_1_611' title='bbox 2640 5097 2734 5154; x_wconf 88' lang='lat' dir='ltr'><strong>IV.</strong></span> <span class='ocrx_word' id='word_1_612' title='bbox 2763 5099 3049 5169; x_wconf 86' lang='lat' dir='ltr'><strong>Lugduni</strong></span> <span class='ocrx_word' id='word_1_613' title='bbox 3075 5115 3113 5156; x_wconf 90' lang='lat' dir='ltr'><strong>a</strong></span> <span class='ocrx_word' id='word_1_614' title='bbox 3141 5098 3444 5154; x_wconf 80' lang='lat' dir='ltr'><strong>Dalwino.</strong></span> 
     </span>
    </p>
   </div>
   <div class='ocr_carea' id='block_1_113' title="bbox 2285 5185 3646 5260">
    <p class='ocr_par' dir='ltr' id='par_1_113' title="bbox 2285 5185 3646 5260">
     <span class='ocr_line' id='line_1_113' title="bbox 2285 5185 3646 5260; baseline -0.002 -18"><span class='ocrx_word' id='word_1_615' title='bbox 2285 5185 2451 5243; x_wconf 91' lang='lat' dir='ltr'><strong>Tibia</strong></span> <span class='ocrx_word' id='word_1_616' title='bbox 2476 5185 2786 5260; x_wconf 89' lang='lat' dir='ltr'><strong>veriloquo</strong></span> <span class='ocrx_word' id='word_1_617' title='bbox 2813 5187 3022 5242; x_wconf 91' lang='lat' dir='ltr'><strong>cecinit</strong></span> <span class='ocrx_word' id='word_1_618' title='bbox 3049 5185 3341 5243; x_wconf 88' lang='lat' dir='ltr'><strong>miracula</strong></span> <span class='ocrx_word' id='word_1_619' title='bbox 3363 5185 3590 5258; x_wconf 87' lang='lat' dir='ltr'><strong>plectro</strong></span> <span class='ocrx_word' id='word_1_620' title='bbox 3625 5197 3646 5240; x_wconf 76' lang='grc' dir='ltr'><em>τ</em></span> 
     </span>
    </p>
   </div>
   <div class='ocr_carea' id='block_1_114' title="bbox 2215 5274 3722 5348">
    <p class='ocr_par' dir='ltr' id='par_1_114' title="bbox 2215 5274 3722 5348">
     <span class='ocr_line' id='line_1_114' title="bbox 2215 5274 3722 5348; baseline -0.003 -16"><span class='ocrx_word' id='word_1_621' title='bbox 2215 5275 2311 5332; x_wconf 88' lang='lat' dir='ltr'><strong>Vis</strong></span> <span class='ocrx_word' id='word_1_622' title='bbox 2341 5281 2546 5333; x_wconf 89' lang='lat' dir='ltr'><strong>tamen</strong></span> <span class='ocrx_word' id='word_1_623' title='bbox 2573 5276 2796 5333; x_wconf 68' lang='lat' dir='ltr'><strong>innatae</strong></span> <span class='ocrx_word' id='word_1_624' title='bbox 2811 5277 3014 5332; x_wconf 88' lang='lat' dir='ltr'><strong>reticet</strong></span> <span class='ocrx_word' id='word_1_625' title='bbox 3043 5275 3209 5332; x_wconf 90' lang='lat' dir='ltr'><strong>haud</strong></span> <span class='ocrx_word' id='word_1_626' title='bbox 3241 5274 3496 5348; x_wconf 81' lang='lat' dir='ltr'><strong>mystica</strong></span> <span class='ocrx_word' id='word_1_627' title='bbox 3523 5288 3722 5330; x_wconf 66' lang='lat' dir='ltr'><strong>musar-</strong></span> 
     </span>
    </p>
   </div>
   <div class='ocr_carea' id='block_1_115' title="bbox 2219 5397 3894 5474">
    <p class='ocr_par' dir='ltr' id='par_1_115' title="bbox 2219 5397 3894 5474">
     <span class='ocr_line' id='line_1_115' title="bbox 2219 5397 3894 5474; baseline -0.003 -16"><span class='ocrx_word' id='word_1_628' title='bbox 2219 5403 2656 5460; x_wconf 88' lang='lat' dir='ltr'><strong>Eboracensem</strong></span> <span class='ocrx_word' id='word_1_629' title='bbox 2685 5401 3057 5474; x_wconf 89' lang='lat' dir='ltr'><strong>episcopum,</strong></span> <span class='ocrx_word' id='word_1_630' title='bbox 3083 5399 3351 5474; x_wconf 83' lang='lat' dir='ltr'><strong>primum</strong></span> <span class='ocrx_word' id='word_1_631' title='bbox 3382 5414 3462 5454; x_wconf 88' lang='lat' dir='ltr'><strong>an</strong></span> <span class='ocrx_word' id='word_1_632' title='bbox 3494 5397 3894 5474; x_wconf 52' lang='lat' dir='ltr'><strong>secundum.</strong></span> 
     </span>
    </p>
   </div>
   <div class='ocr_carea' id='block_1_116' title="bbox 2288 5469 3888 5546">
    <p class='ocr_par' dir='ltr' id='par_1_116' title="bbox 2288 5469 3888 5546">
     <span class='ocr_line' id='line_1_116' title="bbox 2288 5469 3888 5546; baseline -0.004 -16"><span class='ocrx_word' id='word_1_633' title='bbox 2288 5475 2436 5546; x_wconf 74' lang='grc'>(294)</span> <span class='ocrx_word' id='word_1_634' title='bbox 2455 5477 2682 5546; x_wconf 86' lang='lat' dir='ltr'><strong>Novum</strong></span> <span class='ocrx_word' id='word_1_635' title='bbox 2696 5469 2928 5546; x_wconf 58' lang='lat' dir='ltr'><strong>nomen</strong></span> <span class='ocrx_word' id='word_1_636' title='bbox 2943 5469 3196 5544; x_wconf 82' lang='lat' dir='ltr'><strong>Biscopi.</strong></span> <span class='ocrx_word' id='word_1_637' title='bbox 3215 5487 3398 5546; x_wconf 81' lang='lat' dir='ltr'><strong>quem</strong></span> <span class='ocrx_word' id='word_1_638' title='bbox 3419 5473 3476 5546; x_wconf 83' lang='lat' dir='ltr'><strong>et</strong></span> <span class='ocrx_word' id='word_1_639' title='bbox 3493 5469 3888 5546; x_wconf 70' lang='lat' dir='ltr'><strong>Benedictum</strong></span> 
     </span>
    </p>
   </div>
   <div class='ocr_carea' id='block_1_117' title="bbox 2217 5539 3888 5613">
    <p class='ocr_par' dir='ltr' id='par_1_117' title="bbox 2217 5539 3888 5613">
     <span class='ocr_line' id='line_1_117' title="bbox 2217 5539 3888 5613; baseline -0.002 -14"><span class='ocrx_word' id='word_1_640' title='bbox 2217 5539 2388 5602; x_wconf 84' lang='lat' dir='ltr'><strong>vocat</strong></span> <span class='ocrx_word' id='word_1_641' title='bbox 2414 5539 2574 5600; x_wconf 85' lang='lat' dir='ltr'><strong>Beda</strong></span> <span class='ocrx_word' id='word_1_642' title='bbox 2602 5545 2663 5598; x_wconf 91' lang='lat' dir='ltr'><strong>in</strong></span> <span class='ocrx_word' id='word_1_643' title='bbox 2695 5545 2947 5613; x_wconf 82' lang='lat' dir='ltr'><strong>Historia</strong></span> <span class='ocrx_word' id='word_1_644' title='bbox 2978 5539 3328 5608; x_wconf 76' lang='lat' dir='ltr'><strong>monasterii</strong></span> <span class='ocrx_word' id='word_1_645' title='bbox 3359 5541 3450 5598; x_wconf 89' lang='lat' dir='ltr'><strong>sui</strong></span> <span class='ocrx_word' id='word_1_646' title='bbox 3476 5546 3532 5597; x_wconf 88' lang='lat' dir='ltr'><strong>et</strong></span> <span class='ocrx_word' id='word_1_647' title='bbox 3559 5539 3684 5610; x_wconf 81' lang='lat' dir='ltr'><strong>alii,</strong></span> <span class='ocrx_word' id='word_1_648' title='bbox 3737 5557 3888 5596; x_wconf 87' lang='lat' dir='ltr'><strong>nus-</strong></span> 
     </span>
    </p>
   </div>
   <div class='ocr_carea' id='block_1_118' title="bbox 2214 5615 2754 5706">
    <p class='ocr_par' dir='ltr' id='par_1_118' title="bbox 2214 5615 2754 5706">
     <span class='ocr_line' id='line_1_118' title="bbox 2214 5615 2754 5706; baseline -0.004 -16"><span class='ocrx_word' id='word_1_649' title='bbox 2214 5632 2406 5690; x_wconf 79' lang='lat' dir='ltr'><strong>quam</strong></span> <span class='ocrx_word' id='word_1_650' title='bbox 2427 5615 2754 5706; x_wconf 61' lang='lat' dir='ltr'><strong>Baducing.</strong></span> 
     </span>
    </p>
   </div>
   <div class='ocr_carea' id='block_1_119' title="bbox 2219 5921 2360 5974">
    <p class='ocr_par' dir='ltr' id='par_1_119' title="bbox 2219 5921 2360 5974">
     <span class='ocr_line' id='line_1_119' title="bbox 2219 5921 2360 5974; baseline 0 0"><span class='ocrx_word' id='word_1_651' title='bbox 2219 5921 2360 5974; x_wconf 46' lang='lat' dir='ltr'><strong>nm.</strong></span> 
     </span>
    </p>
   </div>
  </div>
