4116 6156
241 242 344 296 985

241 363 503 430 Pangere
532 358 889 428 magniﬁcas
914 358 1147 415 athletae
1172 359 1390 414 nobilis
1415 358 1587 414 odas.

242 447 454 503 Moenia
481 447 742 520 praefata
773 447 990 520 prasul
1020 446 1432 503 memorabilis
1463 445 1629 501 urbis

241 535 770 609 Christicolamque
794 551 1035 606 gregem
1073 535 1254 608 septis
1279 534 1563 590 servabat
1591 531 1867 597 amanis,

243 626 605 681 Francorum
639 624 938 681 Dalwinus
967 624 1193 698 adeps:
1228 624 1333 697 qui
1365 622 1537 678 sicuti
1567 622 1772 678 furvas

240 713 488 770 Pallenti
517 713 762 786 lychino
789 713 1029 787 depellit
1055 715 1165 770 rite
1195 713 1490 770 tenebras.

239 803 563 873 Postquam
595 801 759 858 fama
785 801 999 858 volans
1025 801 1287 875 pulsavit
1317 800 1592 874 prasulis
1621 817 1816 868 aures,

236 889 398 945 Accit
437 889 741 958 continuo,
774 890 1053 963 praebens
1075 891 1374 947 solamina
1405 891 1588 962 justo,

237 979 464 1051 Excipit
491 979 771 1052 hospitio,
812 980 1073 1053 dapibus
1103 980 1263 1036 fovet
1289 996 1511 1052 oreque
1543 979 1784 1035 mulcet.

237 1068 552 1124 Prasensit
581 1069 805 1142 quippe
833 1069 1162 1142 pracordia
1193 1074 1359 1126 casta
1383 1070 1666 1140 juventa,

238 1155 603 1228 Illustrisque
633 1157 742 1212 viri
773 1156 989 1214 faciem
1019 1157 1277 1230 perfecte
1317 1158 1663 1213 micantem.

236 1244 414 1312 Heus,
446 1243 657 1317 inquit,
690 1245 936 1317 hospes,
965 1261 1206 1301 mecum
1247 1245 1330 1300 sis
1360 1249 1601 1318 perpete
1633 1259 1861 1315 sospes.

237 1335 392 1389 Dum
413 1333 604 1404 juvat,
638 1333 926 1390 uberibus
954 1349 1066 1406 pro
1101 1335 1251 1390 votis
1281 1338 1444 1390 utere
1475 1333 1680 1406 glebis.

238 1421 430 1478 Farris
462 1426 519 1477 et
546 1422 766 1478 excreti
795 1422 1137 1478 communis
1163 1422 1338 1496 copia
1361 1422 1504 1478 vini.

239 1511 297 1568 Si
322 1527 464 1568 vero
488 1517 778 1569 consueta
807 1512 1049 1586 placent
1075 1512 1383 1569 connubia
1402 1513 1586 1575 forte.

237 1603 318 1657 Ne
346 1599 582 1657 differre
606 1616 814 1673 pares:
840 1601 1113 1671 generosi
1139 1601 1450 1670 sanguinis
1470 1600 1654 1657 altam

236 1690 548 1746 Immensis
576 1690 794 1762 opibus
820 1694 1144 1760 cognatam
1175 1689 1348 1745 trado
1378 1688 1663 1761 puellam.

235 1780 440 1850 Meque
466 1781 701 1850 patrem
730 1777 978 1848 tibimet,
1013 1781 1192 1834 temet
1220 1777 1365 1833 mihi
1401 1777 1614 1832 dedico
1639 1775 1891 1849 prolem.

235 1869 370 1923 Hac
412 1866 687 1939 placidus
714 1867 890 1923 heros
921 1871 1382 1940 exprompserat
1407 1882 1508 1921 ore
1535 1864 1823 1936 jocundo.

233 1957 366 2013 Tiro
386 1956 604 2012 dehinc
641 1955 812 2026 agilis
843 1956 962 2012 voti
994 1972 1118 2011 non
1142 1956 1465 2012 immemor
1494 1955 1654 2010 infit:

233 2044 458 2102 Ardent
477 2045 734 2102 excoctis
759 2045 1054 2101 ﬁbrarum
1084 2049 1330 2101 omenta
1355 2046 1503 2116 (295)
1533 2042 1797 2110 laternis,

234 2135 454 2192 Abdita
485 2135 788 2207 conceptis
817 2135 965 2190 dum
996 2134 1302 2199 detrahor,
1336 2134 1583 2207 optime,
1614 2133 1790 2187 votis.

234 2225 449 2297 Tethys
479 2240 584 2280 cur
608 2223 870 2280 tumidas
896 2224 1168 2296 Zephyro
1197 2223 1506 2279 minitante
1537 2221 1756 2278 salivas

237 2312 464 2386 Expetii
485 2312 514 2368 ‘I
545 2314 782 2368 Frustra
809 2328 906 2368 me
928 2328 1090 2368 sava
1114 2311 1338 2368 salacia
1366 2311 1600 2384 pressit,

237 2401 510 2460 Cosmica
536 2401 583 2456 si
616 2405 816 2474 spreto
846 2405 1112 2474 repetam
1137 2400 1416 2470 contagia
1446 2399 1693 2456 Christo.

245 2491 413 2550 Sedis
443 2489 785 2564 apostolicae
809 2489 936 2545 viso
964 2489 1228 2562 primum
1257 2489 1564 2544 cliothetro
1589 2489 1758 2559 (296),

239 2580 414 2636 Aeria
441 2595 673 2636 merear
700 2579 746 2634 si
788 2577 1033 2648 longule
1057 2578 1283 2634 vescier
1313 2593 1482 2645 aura,

237 2673 334 2740 Te,
367 2673 554 2742 pater,
588 2685 660 2724 ex
685 2667 890 2724 animo
920 2667 1158 2723 soboles
1187 2668 1403 2722 devota
1431 2665 1671 2721 videbo.

242 2758 337 2814 His
366 2757 449 2813 ita
471 2756 821 2829 compactis,
851 2755 1068 2828 opibus
1095 2771 1206 2827 pro
1239 2755 1388 2812 velle
1409 2755 1656 2827 paratis,

237 2846 510 2904 Prasulis
542 2846 762 2902 auxilio
785 2845 1045 2918 perrexit
1073 2844 1222 2901 calle
1256 2843 1544 2900 secundo.

249 2991 312 3046 V.
365 2991 610 3045 Romam
668 2994 867 3045 tamen
906 2989 1272 3057 peraccedit,
1326 2989 1432 3044 ubi
1484 3003 1522 3044 a
1585 2988 1905 3058 Bonifacio

310 3079 568 3146 edoctus,
614 3093 789 3148 papa
831 3078 1100 3134 donariis
1152 3078 1500 3148 honoratus,
1540 3078 1906 3149 Lugdunum

310 3169 654 3224 revertitur.

312 3293 594 3360 Quamvis
624 3291 866 3350 informi
889 3293 1234 3365 Terpsicore
1262 3293 1520 3365 paucula
1547 3308 1728 3349 versu

241 3382 485 3449 Luserit,
517 3383 687 3439 ardet
713 3397 885 3438 amor
914 3398 1036 3454 quo
1066 3382 1342 3455 pluscula
1369 3398 1509 3438 cara
1540 3386 1841 3455 superstes

243 3471 547 3545 Expediat,
576 3471 991 3542 famulumque
1020 3470 1116 3526 Dei
1150 3487 1330 3544 super
1359 3471 1579 3527 athera
1611 3471 1793 3527 tollat.

244 3564 511 3633 Namque
540 3560 698 3616 iteris
726 3559 943 3629 longos
975 3559 1232 3633 explevit
1259 3561 1509 3615 honeste
1539 3563 1792 3629 meatus,

244 3652 642 3722 Optatamque
682 3648 784 3704 diu
812 3649 963 3705 Petri
991 3649 1333 3721 properavit
1361 3651 1422 3704 in
1460 3648 1685 3718 aulam,

241 3737 598 3810 Tripudians
628 3737 847 3810 pandis
877 3737 1091 3794 callido
1120 3737 1232 3793 sub
1263 3742 1501 3810 pectore
1527 3737 1718 3794 venis.

243 3829 530 3882 Praterea
557 3825 807 3880 Andrea
829 3841 1118 3894 germana
1148 3825 1372 3881 diaulia
1401 3825 1590 3881 sancti

245 3919 577 3984 Ingressus,
597 3911 761 3968 dictu
790 3912 1062 3968 mirabile
1082 3913 1094 3968 Ξ
1127 3913 1352 3986 poplite
1371 3929 1552 3969 cosso
1575 3914 1720 3984 (sic),

243 4004 518 4074 Ingentes
550 4001 785 4060 animos
807 4001 984 4057 labiis
1006 4001 1283 4074 patefecit
1313 4003 1549 4074 apertis.

243 4095 329 4148 En
358 4107 470 4162 ego
496 4091 840 4148 commissis
867 4090 1107 4146 veniam
1128 4090 1396 4163 deposco
1434 4091 1660 4164 piaclis,

243 4181 440 4254 Inquit
468 4187 525 4238 et
552 4179 766 4237 excelsi
797 4183 976 4236 testor
995 4195 1103 4253 per
1124 4185 1359 4254 sceptra
1386 4181 1691 4247 Tonantis,

245 4270 419 4329 Solve
448 4287 597 4327 mea
629 4269 908 4342 precibus
938 4268 1255 4326 molimina
1281 4270 1454 4326 tarda
1480 4269 1758 4342 loquela,

245 4361 303 4417 Si
331 4360 478 4433 quid
499 4360 688 4416 habes
718 4358 877 4426 ﬁdei,
907 4357 1001 4430 pie
1030 4358 1257 4426 doctor,
1290 4359 1557 4432 apostole
1583 4359 1790 4415 christi

245 4450 382 4505 Hac
413 4465 554 4504 mox
583 4447 883 4520 explicuit,
912 4462 1035 4502 non
1066 4447 1255 4502 serius
1297 4448 1453 4503 edita
1481 4449 1754 4520 sumpsit,

249 4537 558 4608 Ingenium
589 4537 753 4592 fandi
781 4535 1025 4608 capiens
1057 4536 1396 4608 pariterque
1434 4535 1692 4606 legendi.

248 4627 531 4695 Anglicus
552 4626 770 4681 indicio
797 4630 1069 4698 superest
1094 4623 1294 4680 adhuc
1321 4640 1564 4697 quoque
1585 4625 1801 4693 clerus,

248 4715 488 4772 Divinas
515 4729 791 4788 pangens
818 4713 995 4770 Latiis
1027 4713 1408 4768 sermonibus
1433 4713 1604 4769 odas.

249 4805 347 4861 Ille
376 4805 680 4878 vaporatis
711 4803 953 4858 afﬂatus
981 4803 1304 4859 haustibus
1335 4818 1478 4872 erga

248 4898 567 4950 Auctorata
591 4893 804 4948 volans
834 4891 1062 4958 altaria,
1093 4892 1216 4947 liba
1245 4891 1484 4964 piarum

249 4983 516 5040 Fundere
542 4983 676 5055 jure
700 4997 949 5055 precum
979 4980 1174 5036 studio
1197 4981 1468 5051 stagebat
1493 4982 1730 5037 inormi.

251 5073 416 5130 Unde
447 5072 557 5128 sibi
579 5074 1011 5145 praeceptorem
1035 5069 1298 5125 lucratus
1327 5069 1406 5126 ad
1427 5087 1714 5140 unguem,

321 5235 472 5306 (295)
506 5234 835 5306 Omentum.
867 5230 1527 5306 membranainteriora
1558 5237 1782 5306 tegens.

322 5301 471 5376 (296)
513 5305 895 5363 Cliothetrum
927 5319 1032 5358 seu
1086 5301 1665 5376 clioth‘edrum,r_sella
1731 5305 1908 5376 plica-

251 5370 385 5433 tilis.
422 5370 543 5432 Vox
573 5377 728 5432 male
759 5378 1075 5446 compacta
1123 5389 1195 5446 ex
1225 5372 1376 5446 κλείω
1407 5370 1636 5446 διέδρα.
1675 5370 1909 5430 Fulche-

251 5389 385 5433 nns.
425 5389 543 5432 Vox
573 5389 728 5432 male
759 5389 1075 5500 compacta
1123 5389 1195 5428 ex
1225 5389 1376 5424 κλειω
1407 5389 1462 5428 et
1491 5389 1636 5446 εσρα.
1675 5389 1905 5430 r‘uicne-

251 5448 373 5503 rius
403 5448 785 5504 Carnutensis
811 5446 870 5500 in
926 5445 1004 5501 ib.
1035 5461 1093 5499 III
1125 5445 1389 5516 Historia
1424 5445 1905 5516 Hierosolymita-

252 5535 534 5590 na.icap.
569 5522 656 5585 61,
690 5519 1029 5574 considente
1053 5523 1249 5572 autem
1275 5515 1698 5590 _B_0he_m_undo__’
1729 5533 1910 5586 super

255 5586 617 5645 liothed'rum
666 5605 860 5659 suum,
885 5594 995 5645 etc.
1027 5591 1174 5657 Lege
1206 5586 1452 5659 Adriani
1485 5586 1702 5659 Valesii
1729 5590 1906 5645 Notas

249 5660 316 5718 in
344 5660 566 5718 librum
595 5676 651 5716 IV
678 5657 1024 5733 Panegyrici
1059 5657 1393 5728 Berengarii
1423 5657 1690 5728 Augusti.

1425 240 1514 294 DE
1547 237 1706 292 VITA
1740 235 1796 290 S.
1829 229 2153 285 WILFRIDI
2185 234 2479 293 EBORAC.

1941 354 1988 405 A
2015 350 2108 405 Bis
2137 352 2340 411 didicit
2367 357 2492 413 bini
2521 359 2622 432 pia
2641 361 2928 431 dogmata
2955 363 3128 420 docte
3157 365 3382 435 ﬂuenti,

3563 252 3671 307 986

2013 439 2172 496 Ritus
2201 439 2536 518 paschales,
2564 449 2795 504 varium
2822 451 3100 524 lunaque
3129 469 3459 512 recursum.

2013 532 2374 606 lgnarasque
2407 537 2531 591 suis
2551 537 2801 594 latiatim
2829 555 2972 595 sane
3003 541 3291 600 rubricas.

2011 622 2239 677 Nomen
2271 629 2395 680 erat
2417 630 2582 682 tanto
2609 628 2943 684 Bonifacius
2969 630 3108 686 huic
3145 634 3489 707 pedagogo,

2011 710 2233 767 Profuit
2257 713 2365 770 iste
2388 714 2517 771 viro
2545 716 2823 787 nimium,
2856 734 3037 791 quem
3067 719 3528 788 gloriﬁcandum

2013 798 2136 855 Sub
2159 801 2344 856 sacris
2375 819 2550 877 papa
2579 805 2937 862 venerabilis
2969 807 3196 864 abdidit
3225 810 3354 883 alis,

2011 890 2328 960 Exponens
2357 891 2570 963 longos
2602 895 2787 950 animi
2817 895 3094 952 ferventis
3125 913 3370 968 agones.

2013 978 2242 1051 Quique
2258 980 2441 1036 fidem
2465 998 2735 1050 cernens,
2752 983 3024 1040 dextram
3047 988 3378 1057 pratendit,
3394 993 3450 1045 et
3469 990 3671 1062 ipsum

2013 1066 2275 1123 Liberius
2300 1068 2420 1125 lata
2449 1071 2712 1143 perfudit
2737 1072 2958 1128 blande
2988 1074 3216 1130 charita
3244 1077 3388 1149 (sic).

2012 1155 2211 1212 Fultus
2242 1158 2323 1214 sic
2355 1161 2558 1232 pretiis
2589 1165 2937 1218 sanctorum
2965 1179 3039 1218 ex
3071 1164 3319 1220 artubus
3351 1166 3546 1222 almis.

2011 1245 2289 1319 Reliquis,
2323 1250 2533 1320 pernix
2561 1250 2812 1307 reduces
2844 1268 3027 1325 supra
3055 1255 3370 1310 memorati

2010 1338 2306 1394 Convertit
2336 1354 2578 1409 gressus
2609 1357 2748 1397 cara
2777 1341 2854 1396 ad
2884 1342 3230 1399 habitacula
3257 1344 3464 1416 patris.

2009 1427 2335 1483 Commode
2372 1433 2586 1486 cuncta
2615 1435 2795 1500 meat,
2829 1431 3102 1500 Lugduni
3133 1431 3291 1488 celsa
3320 1432 3633 1489 subintrat.

2005 1569 2093 1624 VI.
2124 1569 2265 1625 Post
2297 1586 2485 1627 annos
2515 1579 2634 1628 tres
2678 1575 2975 1630 tondetur.
3004 1575 3313 1644 Dalphino
3343 1591 3511 1647 caeso,
3542 1577 3677 1632 Bri.

2559 1663 2833 1717 (anniam
2879 1665 3110 1732 repetit.

2076 1783 2228 1849 Quid
2256 1799 2494 1839 narrem
2515 1785 2699 1857 lacryi
2751 1802 2817 1841 as
2849 1787 3078 1843 alterna
3101 1787 3293 1843 fronte
3312 1788 3588 1859 profusas
3609 1789 3636 1844 ?

2006 1872 2358 1928 Gaudebant
2385 1873 2588 1944 ambo,
2621 1874 2930 1930 Wilfridus
2961 1892 3167 1932 amore
3198 1880 3473 1949 paterno,

2008 1963 2122 2016 Nec
2155 1961 2353 2016 minus
2379 1962 2505 2032 ipse
2537 1967 2705 2034 pater
2730 1963 2945 2020 dilecto
2974 1965 3224 2037 pignore
3253 1965 3386 2020 viso
3411 1982 3424 2020 :

2010 2051 2320 2122 Quemque
2350 2051 2515 2120 prius
2545 2051 2748 2107 animo
2777 2069 3037 2108 marens
3066 2053 3299 2108 laxarat
3327 2069 3558 2121 amaro,

2011 2137 2360 2208 Permulcet,
2390 2138 2630 2194 blandis
2663 2140 2817 2195 dans
2847 2140 3018 2196 basia
3045 2145 3208 2196 casta
3237 2141 3492 2197 lacertis.

2011 2230 2176 2282 Nunc
2197 2227 2541 2295 singillatim
2567 2228 2753 2284 modo
2778 2228 3033 2285 miscent
3059 2229 3197 2285 lata
3225 2228 3512 2285 vicissim.

2009 2317 2151 2372 Sero
2181 2317 2428 2388 quidem
2457 2317 2652 2383 rediit,
2679 2333 2887 2373 verum
2922 2318 3036 2374 tria
3066 2318 3254 2375 lustra
3279 2323 3404 2387 (297
3449 2316 3676 2392 peregit

2013 2407 2250 2479 Hospite
2276 2423 2413 2462 cum
2435 2406 2651 2478 prisco,
2681 2405 2920 2462 discens
2950 2408 3224 2464 examine
3255 2407 3466 2478 multo,

2013 2496 2230 2552 Abdita
2260 2495 2633 2551 multimoda
2665 2495 2983 2552 sorutarier
3010 2501 3182 2553 antra
3212 2497 3460 2569 sophia.

2012 2586 2133 2641 Urit
2161 2600 2332 2640 amor
2352 2585 2658 2655 juvenem,
2685 2601 2795 2640 nec
2827 2585 3021 2642 tardat
3053 2591 3223 2655 grata
3250 2585 3492 2658 cupido,

2013 2670 2462 2744 Occuluitquod
2493 2676 2647 2727 tecta
2674 2672 2773 2744 pio
2800 2673 3177 2744 synthemate
3208 2673 3394 2729 virtus

2014 2759 2288 2814 Prodere.
2319 2763 2464 2815 Nam
2497 2762 2686 2815 crines
2710 2777 2952 2816 summo
2977 2761 3053 2816 de
3084 2761 3301 2817 vertice
3331 2776 3548 2833 passos

2013 2847 2309 2903 Pontiﬁcis
2339 2848 2547 2904 dextra
2571 2848 2837 2920 primum
2864 2849 3135 2904 titulante
3160 2849 3387 2919 recidit,

2015 2939 2239 3009 Optans
2271 2936 2517 2992 vivifica
2545 2937 2856 2993 sustollere
2888 2937 3106 3007 stigma
3136 2954 3394 2994 coronae.

1940 3045 1981 3101 ο
2013 3025 2360 3097 Archipater
2382 3025 2606 3094 gaudet
2629 3025 2911 3081 heredem
2942 3031 3155 3082 nactus
3180 3025 3474 3098 opimum,

2015 3115 2116 3170 Cui
2149 3119 2333 3186 queat
2361 3114 2628 3170 eudoxas
2650 3115 2914 3170 moriens
2940 3115 3310 3171 committere
3341 3114 3567 3170 caulas.

2012 3204 2244 3260 Arbiter
2270 3208 2361 3259 ast
2391 3219 2590 3258 rerum
2622 3204 3002 3275 prasciverat
3024 3204 3184 3259 hunc
3214 3203 3503 3260 aliorsum

2011 3296 2259 3348 Vomere
2283 3291 2551 3347 salvifica
2578 3292 2811 3348 sulcare
2841 3292 3082 3348 novalia
3122 3293 3374 3348 Christo.

2013 3385 2378 3438 Francorum
2405 3386 2532 3437 tum
2563 3382 2711 3438 forte
2729 3382 2923 3437 scelus
2946 3382 3289 3438 vastissima
3314 3382 3500 3454 pestis

2011 3470 2302 3540 Augebat,
2337 3470 2588 3526 Balthild
2618 3470 2838 3540 regina
2863 3469 3104 3526 nomine
3136 3470 3343 3542 pistrix
3377 3471 3548 3541 (298),

2013 3560 2139 3616 011a
2167 3560 2330 3615 velut
2354 3559 2587 3614 fervens
2611 3559 2809 3631 stygia
2837 3559 3084 3629 fuligine
3119 3563 3272 3614 tosta

2013 3649 2277 3706 Instabat
2301 3648 2510 3705 laceris
2541 3649 2708 3717 agios
2736 3648 2964 3704 laniare
2998 3649 3258 3717 creagris
3285 3651 3457 3715 (299).

2012 3745 2136 3796 Non
2167 3743 2440 3794 nostrum
2465 3737 2698 3793 facinus
2730 3742 2920 3793 metro
2946 3737 3280 3792 discludere
3307 3741 3565 3792 tantum.

2011 3826 2282 3882 Ecclesia
2295 3840 2514 3880 novem
2527 3824 2852 3880 violaverat
2863 3839 3003 3878 ense
3017 3829 3302 3895 patronos
3315 3811 3680 3894 [episcoposJ

2013 3916 2115 3970 His
2145 3914 2280 3970 licet
2309 3913 2591 3983 exceptis,
2610 3928 2766 3984 quos
2796 3927 2917 3967 non
2944 3912 3105 3984 capit
3130 3927 3227 3967 ars
3258 3911 3602 3966 numeralis.

2015 4009 2234 4061 Horum
2262 4001 2545 4075 praefatus
2577 4001 2702 4056 sine
2729 4017 2876 4057 casu
2901 4001 3166 4056 criminis
3206 4017 3385 4066 unus,

2016 4092 2315 4150 Dalwinus
2345 4091 2538 4146 fuerat
2562 4090 2768 4159 verbo,
2796 4107 2880 4161 re,
2913 4106 3140 4162 speque
3170 4089 3409 4155 beatus,

2016 4185 2204 4249 Quem
2230 4180 2355 4235 fera
2375 4179 2679 4235 multatrix
2704 4178 3011 4235 lictoribus
3032 4177 3351 4251 impietatis

2015 4270 2255 4328 Addixit
2282 4285 2473 4324 savas
2496 4269 2802 4324 mucronis
2829 4268 3090 4341 pendere
3115 4283 3350 4340 poenas.

2021 4361 2088 4416 Hi
2109 4376 2251 4415 mox
2281 4363 2590 4414 arcessunt
2619 4357 2883 4413 crudelia
2907 4357 3046 4428 jura
3076 4356 3343 4425 furentis,

2019 4447 2328 4506 Multivola
2363 4446 2593 4502 Domini
2622 4445 2834 4512 belua,
2867 4461 3054 4517 quam
3079 4445 3219 4515 jura
3255 4443 3422 4499 tueri.

2014 4549 2172 4607 Ergo
2205 4542 2412 4608 petens
2445 4535 2556 4589 diri
2586 4533 2900 4606 praﬁxum
2927 4549 3200 4588 scamma
3220 4532 3422 4594 duelli,

2019 4626 2259 4698 Accepit
2289 4624 2540 4693 socium,
2572 4638 2752 4694 quem
2777 4621 2998 4677 fecerat
3022 4627 3157 4676 ante
3178 4620 3612 4693 propinquum.

2021 4714 2280 4771 Rennuit
2308 4714 2437 4786 ipse
2462 4717 2686 4774 tamen,
2720 4710 2859 4766 huic
2885 4726 2961 4765 ne
2991 4709 3142 4766 foret
3169 4709 3361 4764 exitus
3386 4707 3564 4762 idem.

2022 4805 2114 4862 Sic
2145 4807 2310 4858 Pater
2339 4806 2626 4857 aternam
2656 4799 2869 4854 sumsit
2897 4797 3209 4854 moriendo
3238 4811 3547 4862 coronam,

2020 4894 2197 4950 Filius
2227 4897 2284 4947 et
2311 4891 2489 4946 fortes
2519 4889 2655 4945 vixit
2682 4888 2990 4945 tolerando
3020 4887 3280 4952 labores,

2021 4985 2168 5041 Cum
2195 4995 2450 5036 marore
2478 4978 2643 5049 gravi
2671 4978 2933 5033 condivit
2964 4975 3176 5032 funera
3207 4975 3368 5030 casi.

2019 5071 2290 5128 Protinus
2315 5069 2442 5140 ipse
2470 5082 2694 5140 parans
2721 5067 2890 5121 reddi
2916 5063 3219 5122 natalibus
3248 5065 3389 5130 oris,

2092 5232 2234 5304 (297)
2267 5230 2330 5285 Id
2361 5232 2449 5285 est
2495 5233 2610 5284 tres
2651 5243 2949 5283 annorum
2992 5242 3288 5288 recursus,
3320 5240 3391 5279 ex
3423 5221 3578 5276 Beda
3623 5223 3682 5274 et

2022 5303 2366 5441 Εῆἓξέζῗὲἷο
2395 5374 2616 5425 vocant
2639 5369 2900 5441 belluam
2937 5366 3230 5441 marinam
3261 5359 3519 5441 ingentis
3548 5375 3677 5440 ma-

2020 5431 2367 5515 gnitudinis.
2401 5445 2532 5497 Hac
2590 5457 2776 5512 quam
2815 5431 3420 5515 _immeri_to_Bathildi
3457 5431 3677 5512 regina

2023 5508 2129 5586 flia
2162 5520 2218 5570 et
2245 5521 2460 5570 sanctae
2487 5508 2768 5585 aptentur
2794 5508 3267 5562 demonstratum
3298 5509 3355 5559 ct
3383 5508 3440 5559 in
3487 5508 3676 5574 ipsius

2020 5587 2239 5728 Vl(E2199)
2273 5658 2561 5725 Creagra,
2592 5652 2863 5721 harpago
