4114 6146
409 216 513 270 987

410 334 739 390 Caeruleum
767 333 993 407 rapidis
1023 332 1298 390 sulcabat
1326 337 1509 390 Nerea
1537 334 1748 405 [mare]
1776 330 1976 388 remis.

412 422 623 479 Littero
650 422 802 479 felici
826 427 1073 495 patuere
1101 423 1365 480 salubria
1405 436 1603 480 cursu.

414 510 536 568 VII.
563 512 811 583 Regiam
842 512 992 569 adii.
1032 512 1082 567 Α
1117 525 1256 583 rege
1278 513 1497 582 predia
1528 512 1743 583 accipit
1781 515 1836 568 et
1879 510 1947 565 H
1972 508 2071 564 Ri-

911 615 1096 671 pense
1123 603 1569 658 monasterium.

487 691 706 746 Fasces
732 689 970 763 imperii
986 704 1158 759 reges
1183 694 1311 747 tum
1342 689 1490 746 forte
1514 689 1770 760 gemelli,

414 777 673 835 Alfridus
697 779 1064 853 imperitans,
1089 795 1211 835 una
1241 779 1472 850 genitor
1502 779 1681 835 simul
1706 776 1927 845 Oswiu,

417 867 656 923 Foedera
686 867 943 924 consorti
966 868 1286 924 servabant
1315 868 1580 941 scitaque
1601 866 1784 936 vulgi,

416 955 706 1011 Ardentes
737 955 952 1012 animis
980 956 1159 1012 subdi
1188 956 1532 1013 coelestibus
1564 956 1746 1025 orgiis
1772 955 1886 1026 [i.e.
1911 967 2074 1024 mys-

417 1048 533 1101 Nec
555 1044 996 1117 potuitlatebris
1021 1045 1166 1102 abdi
1180 1046 1275 1102 fax
1304 1047 1488 1103 missa
1517 1045 1813 1103 nefandis.
1848 1042 2069 1115 [teriis].

419 1134 547 1189 Mox
575 1147 851 1205 proceres
888 1134 1038 1189 inter
1065 1135 1450 1190 rumusculus
1481 1135 1621 1191 exiit
1648 1133 1822 1203 aulas,

423 1220 669 1278 Scillicet
688 1221 1046 1279 adventasse
1074 1223 1273 1280 virum
1296 1224 1510 1281 virtute
1536 1225 1824 1294 vigetum,

422 1309 658 1382 Optima
688 1309 1001 1380 clavigeris
1031 1311 1137 1386 qui
1167 1312 1324 1369 fatur
1350 1314 1640 1383 dogmata
1670 1312 1822 1369 coeli.

420 1398 652 1469 Regalis
672 1415 819 1456 sane
845 1401 1027 1457 subiit
1063 1402 1384 1474 proscenia
1412 1403 1601 1469 fundi,

420 1489 542 1543 Pax
570 1486 777 1543 domui
807 1494 967 1558 tunc,
1001 1490 1150 1557 inﬁt,
1174 1492 1333 1555 huic,
1365 1492 1708 1564 captimque
1737 1488 2006 1563 loquelas

420 1578 652 1633 Tractat
678 1577 1075 1648 evangelicas,
1109 1597 1264 1653 quas
1296 1581 1489 1636 indice
1521 1581 1750 1636 discere
1778 1578 2007 1635 Christo

421 1667 770 1736 Promeruit,
795 1667 929 1722 lata:
961 1672 1282 1739 penetrans
1304 1670 1623 1741 gymnasia
1653 1670 1874 1738 Romae,

424 1754 687 1825 Quaeque
717 1754 830 1809 sub
856 1760 1081 1822 argutis
1106 1762 1488 1826 congesserat
1515 1757 1744 1829 optima
1774 1755 1971 1812 Gallis.

424 1841 721 1897 Attonitus
745 1843 1000 1916 stupidis
1019 1844 1296 1917 princeps
1329 1845 1709 1901 sermonibus
1750 1845 1926 1911 ultro,

425 1930 551 1984 Non
577 1929 794 2000 puduit
820 1930 1036 2001 glauco
1067 1933 1257 1988 telluri
1287 1934 1535 1990 sternier
1578 1938 1758 1995 ostro.

427 2017 537 2073 Ore
560 2022 768 2090 petens
788 2020 907 2089 agit
924 2022 1239 2078 confestim
1267 2038 1330 2078 se
1357 2023 1652 2080 benedici.

425 2104 712 2179 Explevit,
742 2110 893 2164 Cum
922 2124 1061 2180 rege
1086 2125 1365 2175 manens,
1402 2116 1494 2167 sat
1523 2110 1713 2167 multa
1741 2108 2011 2178 benigno

426 2192 690 2250 Obtinuit
717 2196 927 2252 merito
954 2198 1259 2270 pecuaria,
1288 2198 1534 2271 praedia,
1567 2213 1804 2264 census,

423 2283 618 2356 Atque
640 2288 1072 2344 monasterium
1095 2290 1244 2361 (300)
1271 2289 1500 2359 vulgari
1524 2288 1770 2344 nomine
1810 2286 2042 2358 HRipis.

428 2372 534 2439 Qui
563 2389 686 2429 non
713 2381 931 2431 seratus
960 2376 1221 2432 instabat
1244 2378 1501 2433 condere
1533 2392 1730 2446 gazas,

428 2462 682 2535 Dapsilis
706 2470 799 2520 ast
828 2466 1076 2528 cunctis,
1109 2467 1340 2522 dedans
1360 2466 1671 2522 hermenia
1692 2464 1868 2533 (300')
1889 2464 2044 2532 vitae,

429 2552 798 2624 Pauperibus
822 2553 1023 2624 largas
1057 2555 1367 2627 praebebat
1400 2555 1646 2610 sedulus
1678 2568 1870 2621 escas,

429 2640 713 2710 Exemplo
743 2642 1014 2713 pendens
1044 2645 1259 2711 cogitet
1294 2644 1441 2716 quid
1473 2642 1715 2716 spiritus
1742 2641 1982 2699 ardens.

523 2727 666 2785 VIII.
688 2730 784 2785 Ab
812 2731 1161 2802 zEgifberto
1188 2734 1364 2789 Gallo
1395 2735 1664 2803 episcopo
1680 2733 1998 2803 presbyter

1085 2820 1432 2877 ordinatur.

499 2905 797 2961 Materiem
826 2905 991 2963 fandi
1016 2907 1188 2964 dabit
1225 2909 1448 2965 amodo
1478 2909 1671 2978 gratia
1700 2909 1865 2966 tanti.

429 2993 657 3051 interea
676 2996 878 3052 Boreae
907 2997 1127 3069 praesul
1155 2998 1416 3054 defertur
1445 2998 1522 3053 ab
1543 2999 1681 3054 oris.

429 3082 791 3154 zEgilbertus
819 3089 965 3154 erat,
989 3085 1274 3142 doctrinae
1304 3086 1520 3143 robore
1541 3090 1797 3151 mactus,

431 3172 683 3229 Astabat
709 3173 986 3237 ducibus,
1014 3175 1279 3232 suadens
1309 3191 1447 3249 quae
1476 3177 1728 3232 mandat
1756 3178 1953 3232 Jesus.

432 3265 485 3317 Is
512 3277 657 3317 mox
679 3261 936 3319 Wilfridi
964 3264 1149 3320 vitam
1171 3266 1572 3337 meritumque
1611 3264 1839 3320 notavit

432 3350 824 3423 Praecipuum,
868 3354 1156 3411 Sermone
1183 3354 1353 3409 ducis
1383 3354 1675 3410 sententia
1704 3353 1904 3420 fertur,

435 3438 578 3495 Utile
606 3454 926 3513 personam
951 3442 1238 3511 gradibus
1266 3442 1554 3499 donando
1584 3436 1751 3499 beari

434 3527 684 3599 Divinis,
708 3545 893 3600 quam
925 3545 1047 3584 non
1067 3531 1306 3586 hebetet
1334 3545 1590 3587 censura
1620 3529 1923 3602 palustris.

316 3670 329 3681 ,
432 3615 663 3685 Allegat
690 3616 912 3688 praesul
941 3604 1167 3686 facilis;
1197 3633 1408 3674 verum
1425 3618 1520 3674 ille
1546 3620 1805 3690 juventae

434 3707 732 3761 Excursus
757 3706 1032 3779 trepidat,
1062 3723 1140 3762 ne
1169 3706 1371 3763 forsan
1401 3708 1638 3764 mobilis
1677 3713 1818 3765 aetas

432 3790 799 3869 Praecipitem
828 3810 1031 3870 pravae
1059 3797 1324 3853 retrahat
1345 3812 1453 3870 per
1480 3801 1759 3870 competa
1788 3801 1982 3855 sectae.

432 3884 698 3942 Tandem
716 3886 871 3942 colla
894 3887 1042 3958 jugo
1070 3887 1338 3943 subdens
1368 3887 1602 3943 delecta
1627 3888 1834 3960 petito.

436 3974 669 4031 Ordinis
694 3979 933 4048 aptatur
959 3974 1177 4032 caelebs
1208 3975 1271 4031 in
1300 3977 1530 4032 honore
1563 3975 1813 4032 secundi
1835 3977 1898 4047 [i.
1929 3991 1976 4033 e.
2006 3991 2097 4032 sa.

1781 4064 2092 4136 [cerdotii].

434 4155 583 4210 Tum
608 4152 802 4223 magis
819 4157 999 4227 atque
1026 4153 1221 4224 magis
1239 4153 1434 4210 fructu
1460 4154 1704 4210 meliore
1734 4168 2095 4224 gravescens

439 4240 779 4299 Suﬁiciebat
804 4258 995 4299 ovans
1025 4243 1254 4299 cunctis
1292 4243 1658 4299 documenta
1684 4242 1914 4298 salutis.

498 4334 582 4387 1X.
606 4333 937 4390 Schismate
962 4334 1213 4390 exhorto
1241 4333 1317 4390 de
1343 4332 1662 4399 Paschate,
1707 4332 2030 4402 Wilfridus

1000 4421 1207 4478 Scotos
1247 4422 1519 4478 revincit.

436 4509 577 4565 Orta
593 4506 808 4564 dehinc
823 4508 1474 4581 pestis(301)geminum
1492 4506 1774 4564 discludit
1786 4508 1846 4563 in
1861 4508 2073 4564 orbem

435 4595 745 4653 Unieolam
773 4610 929 4653 veras
957 4597 1098 4654 ﬁdei
1127 4601 1218 4654 sat
1248 4597 1523 4653 morbido
1544 4591 1806 4670 plebem.

436 4685 711 4758 Dumque
727 4689 992 4743 tremunt
1002 4686 1189 4742 biﬁdo
1202 4691 1499 4759 corruptae
1529 4684 1850 4741 schismate
1870 4689 2092 4759 partes.

435 4774 556 4828 Eoo
581 4774 772 4831 coiere
799 4772 997 4838 simul,
1027 4776 1223 4847 gelida
1254 4775 1360 4831 sed
1393 4779 1454 4830 et
1482 4777 1681 4839 Arcto,

509 4882 658 4947 (300)
689 4884 818 4951 Non
865 4883 1320 4948 monasterium,
1353 4883 1461 4939 sed
1495 4881 1840 4939 monasterii
1867 4878 2090 4951 locum,

418 4963 619 5032 quem
640 4949 974 5032 Alchfridus
1000 4955 1183 5032 paulo
1205 4960 1341 5011 ante
1379 4956 1458 5011 eis
1503 4956 1609 5032 qui
1621 4956 1849 5032 _S_co.tos
1898 4949 2094 5032 seque;

475 5025 681 5101 antur,
709 5025 779 5101 in
831 5027 1248 5101 possessionem
1275 5025 1630 5101 monasterii
1653 5026 1929 5101 dederat,
1947 5028 2095 5101 teste

437 5090 596 5147 Beda
708 5089 811 5146 lib.
834 5089 1059 5173 iu‘c’ap.
1098 5098 1290 5173 _2_5.§o
1309 5096 1376 5173 _in
1408 5097 1540 5173 loco
1562 5102 1775 5173 postea
1795 5089 2094 5173 Wilfridus

435 5161 780 5240 coenobium
829 5161 1364 5240 aediﬁcavit._lip_de
1387 5161 1697 5240 _ipse'in_
1715 5166 1969 5240 epistola
2016 5166 2097 5222 ad

435 5233 740 5308 Joannem,
769 5249 997 5308 papam
1028 5233 1194 5307 apud
1225 5233 1578 5291 Willelmum
1606 5254 1618 5291 :
1650 5233 1774 5308 Ego
1805 5243 2096 5308 monaste-

435 5306 532 5380 riq
558 5306 681 5380 tino
717 5306 791 5361 in‘
824 5306 915 5380 ed
933 5306 1254 5380 prouincia
1299 5308 1514 5380 posita.
1551 5306 1720 5376 Ripis
1752 5312 1807 5380 et
1853 5306 2094 5380 Hagus-

438 5375 697 5449 ta_ldeiaa,
726 5392 857 5449 qua:
878 5375 1163 5448 fundavi,
1187 5375 1308 5449 non
1337 5375 1636 5449 amittam.
1672 5378 1803 5433 Loci
1828 5375 2096 5447 regimen

436 5444 802 5522 ad__1nortein
833 5444 1036 5522 usque
1066 5444 1304 5522 retinuit
1352 5447 1671 5522 Wilfridus,
1705 5466 1828 5520 quo
1858 5444 2097 5522 mortuo

435 5515 744 5598 Tatbertus
795 5515 987 5598 abbas
1034 5520 1113 5598 ab
1143 5537 1230 5598 eo
1269 5515 2099 5598 designatus_1nbnasterium

435 5591 605 5662 rexit,
624 5604 698 5645 ex
711 5591 1045 5662 monastico
1061 5591 1410 5661 Anglicano.
1430 5595 1597 5648 Nunc
1615 5592 1849 5662 Rippon
1874 5606 2099 5647 nomen

435 5660 622 5719 meret
658 5660 888 5737 oppido
954 5678 1143 5739 supra
1164 5660 1179 5661 ί
1197 5662 1557 5734 Eboracum,
1615 5660 1765 5721 inter
1813 5662 1994 5720 Utum
2044 5666 2102 5720 et

1509 206 1884 267 FRIDEGODI
1924 192 2237 264 MONAcm
2276 194 2716 260 BENEDIC’I‘INI

2102 322 2147 385 Α
2179 326 2431 384 Scottica
2443 324 2870 399 plebs,etPicta
2881 321 3116 384 cohors,
3127 317 3466 390 vulgusque
3482 317 3847 374 Britannum

3723 194 3845 253 988

2178 416 2323 491 Hinc
2352 414 2551 484 regale
2575 414 2781 485 decus,
2809 409 3330 487 ephoeborumque
3359 404 3642 479 manipli,

2175 504 2372 561 Turba
2400 520 2636 574 senum,
2659 501 2879 576 thBSlll
2908 499 3168 557 violento
3197 495 3433 552 deditus
3463 497 3643 552 Euro.

2178 595 2345 651 Stant
2373 593 2531 650 acies
2559 591 2747 649 dubio
2778 589 3046 648 certatim
3063 588 3183 643 ﬁne
3210 587 3475 657 retentae,

2177 682 2426 739 Publica
2455 682 2696 738 declivse
2722 680 2876 737 ﬁunt
2898 676 3151 736 divortia
3178 675 3359 731 lunae.

2248 787 2392 845 Inde
2422 788 2637 861 loquas
2652 787 2866 862 positae
2890 784 3210 844 Colmanus
3242 782 3566 855 episcopus
3582 778 3858 851 umbras,

2180 882 2289 934 Dat
2316 881 2619 951 praecepta
2645 876 2810 951 prior
2832 874 3029 931 subito
3050 872 3300 945 lapsura
3328 870 3587 940 fragore.

2180 970 2296 1023 Nos
2319 966 2530 1023 seriem
2554 964 2834 1039 patriam,
2866 978 2989 1020 non
3015 960 3226 1017 frivola
3256 959 3439 1031 sripta
3470 962 3779 1028 tenemus,

2183 1053 2481 1127 Discipulo
2494 1053 2719 1109 .Eusebi
2749 1051 3052 1125 Polycapo
3082 1047 3262 1103 dante
3287 1046 3552 1103 Joannis.

2182 1142 2280 1198 Ille
2309 1142 2527 1198 etenim
2559 1141 2652 1198 bis
2683 1146 2941 1213 septenas
2974 1134 3090 1194 sub
3123 1142 3389 1208 tempore
3421 1133 3691 1208 phoebea,

2185 1235 2470 1290 Sanctum
2496 1230 2751 1305 praeﬁxit
2779 1228 2955 1286 nobis
2985 1227 3111 1284 fore
3142 1224 3369 1282 Pascha
3401 1223 3737 1281 colendum
3766 1242 3784 1291 ;

2182 1327 2372 1394 Atque
2393 1320 2565 1376 nefas
2592 1319 2758 1386 dixit,
2794 1319 2844 1375 si
2869 1318 3003 1391 quis
3031 1315 3330 1373 contraria
3360 1315 3555 1371 sentit.

2183 1414 2360 1467 Docte
2381 1410 2626 1484 quidem
2674 1416 2906 1465 morem
2933 1423 3186 1463 narrans
3230 1402 3564 1477 depromsit
3593 1402 3863 1471 avitum,

2190 1505 2393 1573 Utpote
2424 1500 2733 1573 praeteritae
2749 1496 3015 1554 recolens
3046 1494 3330 1563 choragia
3350 1502 3469 1549 zoae
3491 1490 3703 1566 [vitae].

2190 1590 2302 1647 Sed
2331 1604 2455 1645 non
2483 1588 2734 1661 aequatis
2764 1582 3346 1660 appenditlancibus
3375 1578 3532 1655 aequi

2121 1684 2159 1738 Β
2188 1681 2562 1734 Testamenta
2586 1677 2708 1740 Dei,
2735 1676 2889 1732 veris
2914 1680 3154 1748 aequata
3174 1666 3519 1746 chylindris.

2192 1764 2561 1823 Condoluere
2590 1769 2809 1831 Patres,
2838 1780 2996 1820 caeco
3027 1763 3172 1836 quia
3192 1761 3441 1818 numine
3471 1759 3690 1817 fratres

2191 1855 2463 1911 Nituutur
2489 1852 2706 1910 validis
2739 1852 3036 1910 tabularia
3066 1850 3288 1907 menda
3319 1849 3488 1919 tueri,

2192 1944 2476 2001 Obicibus
2506 1943 2709 2000 faciles
2734 1954 2845 1998 nec
2867 1940 3089 1998 cedunt
3115 1956 3292 2014 posse
3319 1938 3523 1995 refelli.

2262 2051 2521 2106 Heroum
2544 2051 2717 2122 jussu
2746 2046 2950 2105 clivosi
2976 2046 3227 2104 tramitis
3253 2050 3430 2119 atque

2190 2139 2503 2196 Anfractus
2530 2138 2773 2195 lubricae
2806 2135 3133 2211 prudenter
3161 2134 3335 2191 devia.
3354 2138 3525 2191 sectas

2190 2226 2488 2283 Wilfridus
2517 2224 2730 2296 legitur
2761 2223 3180 2298 spermoloeus
3213 2226 3336 2278 arte
3364 2221 3568 2293 sagaci

2192 2317 2432 2383 Pellere,
2465 2322 2611 2372 nota
2647 2313 2979 2390 peregrinae
3011 2312 3109 2369 cui
3137 2311 3376 2368 faminse
3407 2310 3644 2382 glossae.

2192 2405 2338 2461 Hinc
2369 2402 2587 2460 dubios
2617 2402 2769 2459 inter
2790 2419 3015 2460 cuneos
3044 2406 3244 2458 orator
3272 2399 3561 2456 adorsus:

2190 2498 2298 2550 Ter
2320 2499 2558 2549 centum
2587 2491 2835 2548 memini
2862 2496 2951 2548 ter
2972 2507 3149 2546 senos
3180 2494 3360 2563 atque
3391 2493 3698 2559 gerentes,

2196 2582 2468 2655 Limpida
2494 2581 2789 2638 collectim
2820 2582 3027 2638 Nicaeae
3054 2576 3336 2651 exempla
3361 2569 3584 2633 tulisse.

2193 2676 2335 2740 Quae
2365 2673 2413 2727 si
2453 2672 2834 2745 perspiciunt,
2866 2687 3007 2726 mox
3038 2667 3392 2725 eluctabitur
3419 2666 3617 2724 omnis

2194 2761 2442 2819 Desidiae
2474 2760 2724 2831 scabies,
2756 2760 2939 2817 torvis
2984 2759 3145 2814 illata
3173 2756 3493 2829 chelydris.

2193 2856 2479 2910 Metarunt
2506 2850 2726 2907 etenim
2754 2855 2843 2905 ter
2872 2849 3000 2905 seni
3028 2849 3296 2904 themata
3323 2845 3475 2919 cycli

2194 2944 2260 2997 In
2288 2955 2420 2997 sese
2439 2940 2666 2996 reﬂuos
2689 2941 2899 3011 juncto
2927 2937 3190 2994 monade
3216 2951 3520 2992 recursus.

2120 3035 2161 3091 C
2196 3030 2294 3086 Hic
2317 3034 2512 3086 tenet:
2543 3028 2782 3097 ignorat
2805 3027 2911 3084 sed
2939 3027 3101 3081 hunc
3130 3041 3278 3097 gens
3304 3024 3511 3095 indiga
3537 3025 3686 3089 veri,

2196 3119 2522 3177 Caecutiens
2552 3118 2730 3192 lippis
2759 3118 2907 3191 quid
2936 3117 3131 3173 differt
3158 3115 3391 3171 discere
3409 3113 3635 3170 ocellis.

2265 3243 2519 3312 Dixerat,
2550 3241 2791 3298 effertur
2826 3240 3134 3310 legionum
3157 3238 3335 3294 valde
3360 3238 3588 3294 favore.

2198 3333 2375 3388 Addit
2400 3336 2686 3405 praeterea
2712 3330 2895 3402 plano
2927 3343 3202 3385 sermone
3221 3326 3494 3401 profatus
3518 3344 3532 3382 :

2199 3428 2332 3481 Haec
2359 3425 2612 3479 immota
2632 3426 2883 3478 manent
2906 3424 3156 3476 cunctus
3184 3418 3431 3475 oracula
3459 3417 3641 3475 soles.

2202 3514 2389 3586 Stirps
2415 3527 2821 3585 quaecumque
2846 3510 3005 3566 volet
3030 3509 3185 3564 ﬁxos
3210 3508 3520 3564 obvertere
3547 3508 3724 3575 ﬁnes,

2199 3606 2441 3659 Tartara
2468 3598 2840 3656 ﬂammiferis
2870 3599 3123 3654 sudibus
3158 3596 3272 3654 sub
3293 3596 3513 3653 acerba
3538 3600 3785 3652 rotetur.

2204 3694 2333 3757 Quo
2363 3690 2522 3746 dicto
2553 3688 2713 3743 siluit
2731 3688 3035 3760 Princeps,
3068 3686 3324 3759 canique
3344 3701 3636 3759 sequaces

2204 3780 2441 3852 Frigida
2460 3778 2764 3836 convulsis
2794 3778 3097 3834 vexabant
3115 3780 3359 3850 pectora
3383 3775 3625 3849 pugnis.

2207 3869 2462 3927 Solvitur
2479 3869 2542 3924 in
2568 3873 2839 3924 tenerum
2867 3865 3182 3923 confestim
3210 3866 3420 3922 concio
3447 3864 3698 3921 luctum.

2276 3977 2480 4033 Dulcia
2510 3978 2645 4049 post
2672 3975 2976 4033 medicum
3003 3990 3109 4031 rex
3131 3974 3290 4030 mitis
3314 3970 3559 4047 protulit
3586 3988 3699 4030 ora
3722 3989 3738 4028 :

2205 4067 2502 4123 Concedet
2528 4064 2668 4122 eniti
2690 4064 2885 4139 poenis
2915 4064 3266 4120 Acherontis
3289 4061 3507 4130 adusti,

2206 4158 2525 4227 Exemptas
2551 4154 2726 4225 justis
2747 4156 2976 4209 mentes
3006 4153 3255 4208 miscere
3282 4149 3571 4218 suadelis,

2206 4244 2405 4310 Dicite,
2435 4258 2658 4315 quaeso.
2690 4245 2890 4299 Patres
2919 4242 2992 4313 [fi
3014 4241 3179 4313 ﬁdei]
3200 4240 3431 4297 fervore
3450 4238 3735 4307 calenms,

2206 4330 2509 4404 Numquid
2528 4330 2874 4403 Olympiaca
2902 4333 3073 4386 Petro
3093 4329 3229 4402 quis
3261 4327 3457 4398 major
3482 4326 3545 4383 in
3571 4326 3713 4384 aula
3728 4329 3760 4384 ?

2206 4423 2395 4486 Quem
2418 4434 2532 4475 nos
2557 4423 2613 4475 et
2642 4418 2821 4492 prisci
2840 4418 3074 4474 dudum
3099 4416 3295 4487 legere
3323 4416 3584 4489 tyranni.

2204 4512 2296 4564 An
2322 4506 2711 4564 Columchilla
2734 4506 2880 4579 (302)
2906 4522 3029 4579 quo
3057 4505 3230 4579 plebs
3257 4504 3517 4561 infausta
3546 4503 3859 4577 superbit?

2207 4597 2487 4670 Synodus
2515 4597 2671 4653 elata
2699 4594 3013 4669 respondit
3042 4610 3187 4651 voce
3217 4594 3428 4651 beata:

2203 4689 2405 4743 Petrus
2434 4686 2512 4742 ab
2540 4685 2858 4742 altithrono
2886 4683 3147 4741 donatus
3188 4683 3459 4739 desmate
3502 4683 3658 4754 (303)
3697 4684 3858 4751 Jesu,

2205 4774 2417 4831 Diﬁlcit
2440 4775 2677 4843 ignavae
2703 4772 3041 4845 torquentia
3068 4772 3198 4829 lora
3228 4775 3502 4840 senectae,

2206 4879 2408 4937 Scketf
2426 4877 2737 4935 ﬂuviolum
2766 4876 2984 4935 locato.

2276 4951 2445 5023 (300*)
2486 4950 2560 5005 Id
2579 4954 2668 5023 est
2692 4949 3112 5023 expositiones.

2273 5018 2423 5090 (30l)
2452 5024 2614 5077 Hanc
2634 5020 2709 5077 de
2740 5018 3024 5076 P—aschate
3054 5018 3526 5075 controversiam
3546 5018 3671 5076 late
3688 5019 3867 5077 refert

2205 5093 2363 5150 Beda
2385 5092 2445 5147 in
2465 5091 2680 5163 lib.in,
2708 5107 2840 5163 cap.
2873 5095 2942 5163 25

2273 5164 2420 5246 (302}
2454 5163 2546 5219 Sic
2572 5162 2690 5218 fere
2707 5160 3072 5246 ‘Co'lumban‘i
3100 5160 3387 5246 abbatem
3407 5164 3471 5246 et
3488 5160 3864 5246 conditorem

2204 5229 2454 5291 Hiiensis
2487 5232 2830 5290 monasterii
2867 5230 3272 5295 appellabant,
3313 5234 3564 5289 testante
3600 5229 3764 5289 Beda
3804 5233 3865 5289 in

2205 5249 2454 5291 miensis
2487 5249 2830 5290 monasterii
2867 5249 2903 5289 a
2992 5249 3272 5295 euaoant,
3313 5249 3564 5289 testante
3600 5249 3764 5289 uena
3804 5249 3863 5289 in

2204 5306 2472 5385 gistoriae
2496 5304 2600 5361 lib.
2630 5322 2668 5360 v
2699 5306 2880 5377 caput
2906 5249 3097 5385 {This
3133 5300 3364 5385 verbis;
3418 5302 3533 5370 Qui
3572 5302 3863 5385 _t_)ide_li£el

2205 5377 2498 5434 Columba
2518 5391 2679 5432 nunc
2701 5391 2739 5432 a
2768 5370 3053 5432 nonnulis
3083 5376 3400 5444 composito
3425 5389 3467 5429 α
3493 5370 3652 5432 cella
3675 5382 3730 5431 et
3755 5376 3863 5433 Co-

2207 5449 2411 5504 lumba
2439 5448 2676 5518 nomine
2725 5446 3082 5518 Columcelli
3106 5448 3376 5502 vocatur.
3405 5450 3550 5502 Acta
3599 5445 3732 5518 ejus
3771 5462 3864 5503 ex-

2207 5521 2363 5575 stant
2390 5519 2451 5574 in
2480 5517 2708 5575 Seeculo
2736 5535 2776 5573 ιι
2809 5516 3103 5574 Benedict.

2280 5590 2426 5663 (303)
2454 5588 2521 5646 Id
2550 5594 2639 5646 est
2665 5590 2957 5665 potestate
2985 5585 3213 5659 ligandi
3241 5590 3298 5645 et
3315 5586 3609 5646 solvendi.
