4116 6156
1425 155 1515 211 DE
1551 154 1714 210 VITA
1750 151 1810 206 S.
1850 142 2175 201 W11.le
2213 140 2513 213 EBORAC.

254 281 508 354 Suscipit
541 280 719 337 elisiis
749 282 981 352 justum
1009 278 1340 354 spiramina
1376 277 1514 334 zetis
1556 271 1910 349 [mansioni-
1942 270 1990 324 A
2024 264 2339 354 Candiiduli
2368 264 2634 338 primum
2672 266 2928 323 retinent
2953 265 3243 322 ornacula
3270 265 3398 337 lini,

251 371 460 442 Utpote
478 369 744 425 caelestes
763 369 1023 426 retinens
1044 383 1154 441 pro
1170 381 1417 424 munere
1440 366 1657 424 claves.
1727 363 1909 438 [bus],

256 461 445 530 Hunc,
472 459 685 533 inquit,
717 458 947 532 plebes,
978 459 1140 514 hunc
1168 457 1586 529 amplexemur
1604 460 1662 513 et
1677 469 1911 524 omnes,

250 553 331 607 Ne
358 564 484 604 non
510 547 707 604 vitalis
738 547 1041 620 pandetur
1063 546 1230 616 regia
1258 546 1482 619 templi.

251 641 373 694 Rex
402 639 503 703 ait,
532 640 590 692 et
618 636 756 692 victi
787 640 1097 693 cesserunt
1124 634 1400 708 improbe
1429 634 1589 704 Picti,

253 725 698 797 Colmanusque
730 741 873 780 suas
903 723 1193 795 inglorius
1223 723 1428 794 abjicit
1458 739 1649 794 arces,

251 815 471 873 Malens
501 815 800 872 Ausonias
828 814 1021 871 victus
1051 814 1381 871 dissolvere
1404 814 1589 884 leges.

286 980 347 1034 Χ.
389 976 654 1034 Eboraci
677 977 1034 1048 designatur
1061 978 1388 1047 episcopus.
1415 978 1487 1033 In
1514 977 1716 1034 Gallia
1749 977 1877 1032 vult

928 1067 1230 1123 ordinari.

321 1193 497 1247 Auxit
525 1189 771 1261 rorigeri
803 1206 910 1264 per
938 1207 1122 1263 quem
1152 1192 1337 1246 micat
1365 1194 1559 1247 astrea
1580 1190 1711 1247 coeli

251 1280 499 1337 Victoris
524 1279 850 1352 specimen,
883 1296 1063 1352 quem
1091 1281 1222 1351 jam
1250 1284 1660 1337 transvexerat
1680 1280 1909 1353 Alpem.

252 1371 399 1425 Nam
431 1372 756 1441 postquam
783 1368 941 1425 dicto
976 1369 1149 1425 sedes
1180 1369 1423 1426 viduata
1455 1375 1710 1443 patrono
1744 1389 1757 1438 ;

254 1457 536 1515 Consulto
560 1457 755 1527 Regis,
788 1474 1024 1514 necnon
1050 1459 1388 1514 hortamine
1407 1459 1623 1531 plebis,

253 1549 465 1603 Lactea
494 1546 802 1619 suspensis
829 1547 933 1619 qui
964 1547 1231 1619 prrebeat
1257 1547 1445 1603 ubera
1476 1548 1766 1615 mandris,

253 1634 600 1691 Wilfridum
630 1636 823 1707 patria
849 1640 1160 1691 creverunt
1193 1651 1331 1691 voce
1358 1635 1702 1705 legendum,

253 1722 395 1778 Lilia
424 1722 761 1795 suppressis
787 1726 845 1777 et
872 1723 1027 1778 norit
1057 1738 1294 1779 comere
1323 1722 1540 1796 lappis.

254 1809 509 1867 Territus
538 1811 667 1883 ipse
699 1810 945 1883 quidem
976 1810 1180 1866 viridis
1210 1827 1321 1884 pro
1353 1817 1619 1884 tempore
1661 1812 1839 1874 succi,

252 1898 401 1957 Mille
430 1914 679 1956 movens
709 1898 913 1956 animo
938 1898 1241 1955 balearica
1267 1900 1383 1956 tela
1411 1900 1657 1956 nefandi

254 1989 468 2061 Hostis,
492 1992 549 2045 et
577 1988 816 2058 ignotas
847 1988 1085 2058 aegrotis
1112 1988 1388 2044 sensibus
1428 2004 1626 2045 auras.

253 2078 367 2135 Sed
399 2094 475 2134 ne
506 2076 879 2150 blasphemas
903 2081 1039 2134 ruat
1065 2077 1127 2133 in
1155 2083 1461 2152 praerupta
1488 2083 1757 2144 catervm,

253 2172 368 2224 Aut
394 2168 537 2223 vitet
567 2167 803 2223 sceleris
829 2167 1107 2223 madidas
1132 2167 1382 2225 lustrare
1407 2167 1657 2223 lacunas
1687 2187 1700 2235 ;

257 2255 527 2328 Suscepit
553 2254 795 2311 humilis
821 2256 968 2328 quid
994 2254 1117 2311 fors
1144 2255 1316 2326 jubet
1336 2256 1683 2329 imperialis.

256 2349 409 2416 Ergo
439 2350 645 2401 manet
674 2345 884 2401 solitus
911 2345 1213 2401 succincto
1239 2345 1428 2403 sudor
1456 2345 1725 2417 alumno,

256 2434 508 2491 Emicuit
536 2434 810 2507 quamvis
838 2433 1087 2505 genialis
1114 2434 1358 2490 ﬂamine
1391 2439 1612 2491 vertex.

258 2527 598 2582 Convenere
628 2522 754 2579 dies
785 2523 1106 2594 graduum,
1140 2523 1363 2597 quibus
1397 2523 1590 2580 ardua
1622 2523 1813 2580 moles

257 2612 620 2685 Excipienda
639 2612 788 2668 viro.
818 2612 986 2668 Tunc
1010 2611 1169 2668 fatur
1198 2613 1438 2682 regibus
1469 2612 1621 2668 ultro
1654 2629 1668 2668 :

258 2707 640 2769 Inconcussa,
665 2700 870 2765 duces,
900 2700 1080 2756 vestri
1111 2701 1420 2769 sententia,
1453 2717 1682 2773 quaeso,

260 2791 319 2848 Si
347 2788 662 2846 fortunatis
686 2788 871 2859 agitat
895 2806 1033 2846 mea
1053 2789 1341 2860 dogmata
1370 2789 1525 2857 fatis,

257 2879 527 2936 Primum
550 2878 829 2953 praeteriti
858 2878 947 2935 fas
968 2883 1057 2935 est
1085 2879 1431 2935 meminisse
1460 2878 1704 2935 laboris.

257 2970 413 3024 Nam
441 2972 715 3040 superest
751 2966 1014 3023 recidiva
1036 2967 1165 3023 lues
1195 2967 1343 3023 dum
1372 2968 1562 3041 lisque
1588 2972 1847 3034 veterna,

258 3055 527 3113 Monstris
559 3056 724 3113 haud
753 3056 947 3127 patiar
975 3057 1291 3112 maculatis
1323 3055 1476 3112 colla
1513 3058 1660 3127 (304)
1690 3057 1877 3112 beari.

261 3146 479 3202 Gallica
507 3161 629 3201 non
656 3145 864 3218 paucis
884 3145 1050 3218 pavit
1074 3162 1172 3201 me
1198 3145 1400 3215 glarea
1434 3146 1628 3201 aristis
1683 3146 1921 3218 [annis],

263 3235 733 3308 Hesperiumque
764 3235 950 3289 decus
981 3233 1209 3290 laribus
1236 3240 1505 3291 servatur
1530 3234 1590 3290 in
1611 3233 1744 3290 illis.

262 3324 364 3380 Illa
392 3323 704 3379 commissi
734 3339 1069 3396 properans
1104 3323 1377 3379 sandalia
1403 3323 1553 3393 juris

261 3414 587 3486 Accipiam,
619 3417 841 3485 pontus
870 3413 932 3468 ni
962 3412 1109 3468 forte
1138 3412 1430 3484 repagula
1454 3412 1673 3468 nostris

263 3503 563 3561 Classibus
590 3507 879 3575 opponat,
914 3501 1112 3558 valido
1141 3502 1398 3558 turbone
1432 3506 1694 3557 coactus.

260 3592 575 3664 Indulgent
602 3608 899 3665 proceres,
933 3596 1268 3662 magnetes,
1296 3607 1483 3646 necne
1519 3591 1776 3648 calones.

530 3753 616 3805 XI.
658 3752 905 3807 Fretum
933 3752 1184 3819 trajicit.
1220 3751 1642 3806 Consecratur.

330 3896 460 3950 Mox
489 3891 668 3948 rebus
700 3891 877 3961 gestis
908 3895 1157 3947 ornatur
1184 3891 1346 3959 regia
1379 3890 1606 3955 classis,

259 3982 549 4041 Caelicolae
568 3982 761 4037 socias
781 3980 916 4037 laeta
936 3984 1258 4052 exceptura
1280 3979 1633 4052 phalanges.

258 4072 468 4129 Navita
500 4070 683 4127 felicis
712 4069 917 4126 deﬁxit
943 4069 1227 4139 stigmata
1254 4068 1429 4124 clavi.

258 4159 603 4233 Multiplices
628 4162 872 4214 nectens
902 4156 1065 4213 malo
1097 4156 1420 4212 trutinente
1450 4156 1751 4212 rudentes.

262 4249 539 4315 Solvitur,
568 4253 626 4304 et
653 4248 806 4305 laxis
835 4246 1073 4316 fastigia
1102 4261 1359 4319 spumea
1389 4250 1652 4301 verrunt.

262 4339 438 4396 Ocius
468 4336 767 4394 antemnis
794 4335 1013 4409 pelagi,
1043 4350 1153 4391 nec
1184 4335 1388 4407 inepta
1414 4338 1739 4407 capessunt

264 4426 502 4495 Littera,
530 4425 787 4495 gratanti
819 4424 1079 4480 subeunt
1108 4428 1165 4480 et
1190 4428 1430 4497 pectore
1460 4428 1723 4497 portum.

264 4514 494 4571 Interea
525 4513 738 4581 placide"
774 4513 965 4585 patuit
988 4512 1208 4582 legatio
1237 4515 1458 4567 nautae.

264 4602 576 4659 Pontiﬁces
608 4605 824 4657 coeunt
853 4600 1102 4667 alacres,
1132 4603 1198 4655 ut
1224 4604 1370 4656 nota
1393 4598 1676 4655 voluntas

266 4695 330 4747 In
359 4689 785 4747 conventiculis
806 4687 1145 4744 adsumitur
1172 4686 1597 4753 immaculatis,

264 4779 683 4850 Pertonuitque
708 4777 867 4833 tubis
905 4776 1065 4832 aedes
1087 4776 1350 4849 pretiosa
1389 4774 1597 4830 beatis.

262 4868 388 4924 Stat
411 4867 697 4923 duodena
721 4865 937 4921 cohors
967 4864 1168 4920 multis
1200 4865 1421 4937 stipata
1449 4862 1766 4931 columnis,

264 4955 573 5011 Exsultant
596 4954 788 5025 jubilo
820 4953 1137 5008 miscentes
1167 4967 1399 5020 organa
1428 4952 1625 5018 sistro,

261 5044 505 5117 Mystica
530 5042 843 5115 veriloquo
872 5040 1195 5096 traduntur
1219 5044 1276 5095 et
1300 5055 1470 5096 arma
1499 5040 1792 5095 ministro.

263 5132 513 5209 Occiput
539 5132 730 5189 eﬂ‘uso
761 5130 945 5202 gratis
974 5128 1313 5204 pinguescit
1336 5128 1514 5193 olivo,

333 5312 484 5379 (304)
526 5312 717 5379 Caput
736 5306 979 5379 sacrari.

2025 353 2309 410 Auriﬂure
2337 354 2581 412 rutilant
2607 370 2853 411 serrano
2881 354 3107 411 murice
3136 370 3323 422 zonas,

2022 446 2352 500 Comuntur
2378 459 2555 499 roseo
2580 442 2899 500 candentia
2929 444 3161 516 podere
3174 443 3346 510 colla,

2022 534 2332 591 Gemmata
2358 532 2593 589 vehitur
2612 532 2970 590 archontum
2994 548 3162 589 more
3192 532 3404 601 curuli,

2023 620 2221 677 Induit
2244 619 2571 676 ormiscum
2596 620 2747 691 (005)
2792 620 2974 677 subiit
3017 620 3133 676 hoc
3180 620 3488 676 schemate
3533 622 3682 677 tem-

2020 712 2345 782 Postquam
2366 709 2542 779 signa
2562 708 2694 765 tulit
2707 709 2897 766 multo
2916 708 3152 766 radiata
3170 702 3447 778 metallo,
3463 708 3679 781 [plum.

2020 799 2231 866 Astitit,
2266 799 2542 855 eucharis
2588 797 2983 873 [eucharistia]
3027 797 3319 854 libamina
3370 801 3686 856 consecrat

3517 886 3682 959 [πίε.

1982 1055 1986 1060 ¹
2022 977 2316 1035 Omnibus
2364 975 2614 1049 expletis
2648 978 2900 1043 remeat,
2956 990 3298 1048 navemque
3367 973 3682 1031 subintrat.

2061 1086 2169 1141 XII.
2211 1085 2465 1143 Rediens
2489 1088 2834 1155 tempestate
2849 1086 3152 1153 jactatur.
3184 1083 3235 1137 A
3266 1081 3652 1151 praedonibus

2290 1175 2620 1243 impetitur.
2661 1175 2861 1229 Victor
2884 1176 3122 1243 portum
3154 1172 3421 1241 attingit.

2096 1280 2210 1337 Sed
2240 1280 2383 1353 quia
2409 1277 2609 1334 felices
2635 1277 2882 1334 tentatio
2914 1276 3272 1350 comprobat
3296 1291 3508 1331 omnes

2024 1369 2280 1425 Indivisa
2312 1384 2550 1437 comes;
2582 1367 2729 1423 dum
2759 1366 2942 1422 tensis
2968 1366 3087 1422 alta
3116 1367 3427 1439 pererrant

2022 1460 2315 1513 Marmora
2343 1458 2488 1527 (306)
2516 1454 2948 1527 Psalmigraphi
2977 1453 3304 1510 recolentes
3335 1452 3504 1522 orgia
3533 1451 3682 1508 velis

2024 1548 2169 1600 Ecce
2200 1544 2522 1617 repentinis
2552 1549 2773 1617 pontus
2806 1542 3171 1599 fundotenus
3204 1541 3382 1597 un'dis

1939 1616 1987 1671 Β
2027 1616 2351 1697 Infremuit,
2383 1616 2559 1687 casus
2593 1632 2827 1702 agitans
2851 1635 3081 1687 artemo
3111 1633 3377 1687 minaces

2023 1724 2221 1791 Longe
2253 1722 2368 1776 sul»
2394 1721 2611 1791 ignotis
2642 1719 2876 1774 minitat
2904 1719 3168 1775 labentia
3191 1719 3336 1790 ripis

2022 1811 2283 1881 Agmina
2307 1810 2439 1865 dira
2467 1809 2591 1882 pati
2614 1809 2819 1864 vicinae
2844 1808 3151 1881 impendia
3175 1806 3406 1863 mortis.

2023 1898 2385 1954 Incumbunt
2414 1897 2616 1965 remis,
2639 1900 2889 1953 vexatur
2912 1896 3202 1966 languida
3225 1896 3470 1968 puppis.

2024 1988 2307 2045 Cruribus
2338 1988 2465 2060 ipse
2493 1989 2663 2044 Pater
2686 1986 2927 2042 navalia
2953 1985 3264 2059 procubus
3293 1999 3465 2041 arma

2025 2076 2349 2135 Conﬁrmat
2369 2076 2599 2148 positis,
2632 2075 2931 2131 intentans
2959 2073 3190 2130 lumina
3221 2071 3405 2129 caelis.

2028 2169 2171 2221 Ecce
2203 2165 2316 2221 sub
2347 2164 2588 2221 infausti
2620 2162 2918 2219 contraria
2945 2162 3142 2219 littora
3172 2164 3383 2233 portus
3414 2160 3561 2233 (307)

2026 2256 2180 2310 Gens
2206 2253 2388 2310 effera
2419 2254 2545 2308 suis
2574 2269 2781 2308 casum
2816 2251 3127 2325 spectabat
3153 2250 3217 2306 in
3242 2250 3448 2319 armis,

2030 2342 2286 2400 Prtedari
2307 2342 2580 2413 fragilem
2608 2341 2845 2413 captiva
2871 2340 3047 2413 plebe
3076 2339 3366 2395 carinam.

2030 2436 2191 2499 Quos
2219 2435 2388 2488 Pater
2416 2430 2684 2499 intuitus,
2717 2428 2931 2485 humili
2962 2443 3237 2484 sermone
3266 2429 3543 2500 precatus
3567 2444 3579 2483 :

2027 2520 2417 2590 Naufragium
2449 2518 2721 2581 servatis,
2758 2517 2859 2585 ait,
2895 2518 2999 2573 sed
3026 2520 3240 2589 sponte
3273 2531 3547 2571 mearum

2028 2609 2289 2667 Grandia
2316 2607 2717 2673 contribuam,
2757 2605 3105 2679 resipiscite,
3139 2619 3393 2660 munera
3421 2619 3644 2660 rerum.

2028 2699 2145 2752 Nos
2174 2696 2457 2767 equidem
2480 2695 2675 2765 gravis
2703 2694 2947 2751 afﬂictat
2975 2693 3259 2750 violentia
3280 2692 3450 2766 ponti
3484 2710 3496 2748 :

2033 2784 2145 2841 Sed
2168 2783 2341 2839 velox
2365 2784 2577 2851 aderit,
2610 2784 2816 2851 fateor,
2844 2782 3147 2838 miseratio
3174 2781 3402 2839 Christi.

2032 2874 2203 2929 Stans
2232 2870 2506 2927 volucres
2531 2887 2726 2942 augur
2756 2870 2963 2926 solitus
2994 2884 3232 2925 servare
3257 2868 3547 2937 sinistras,

1954 2965 1993 3020 C
2031 2963 2357 3032 Despumat
2386 2960 2635 3016 tumidis
2664 2958 2912 3016 oracula
2939 2974 3095 3014 saeva
3123 2957 3355 3014 labellis
3391 2975 3403 3011 :

2031 3049 2389 3105 Eumenides
2421 3048 2607 3104 furias
2630 3048 2851 3104 vocitat
2879 3047 2993 3103 sub
3022 3062 3334 3102 murmure
3357 3047 3600 3113 Parcas,

2030 3136 2299 3194 Manibus
2328 3136 2572 3193 infernis
2606 3139 2668 3191 ut
2698 3135 2863 3191 fortis
2892 3134 3142 3191 mandat
3174 3133 3360 3189 Erinis
3388 3135 3692 3207 [Erinnys]

2031 3226 2280 3298 Expedit
2310 3226 2575 3281 admisso
2601 3224 2773 3298 plebs
2804 3240 2944 3281 cara
2975 3239 3183 3279 cruore
3212 3222 3385 3278 litari.

2034 3319 2150 3371 Hoc
2182 3316 2280 3381 ait,
2315 3321 2371 3371 ct
2395 3330 2727 3388 properans
2757 3312 2982 3369 bellum
3011 3311 3190 3367 ferale
3219 3314 3521 3385 perurget.

2031 3406 2253 3460 Praesul
2278 3405 2418 3460 item
2447 3408 2683 3460 sanctas
2712 3403 2961 3459 tendens
2991 3401 3069 3458 ad
3100 3402 3296 3457 sidera
3325 3400 3584 3472 palmas,

2032 3498 2275 3549 lnvocat
2299 3492 2589 3549 auxilium
2619 3491 2903 3547 divinitus
2934 3488 3139 3546 adfore
3171 3504 3484 3558 magnum.

2031 3584 2167 3640 Haec
2192 3584 2345 3640 inter
2383 3583 2548 3639 tereti
2574 3582 2812 3651 juvenis
2844 3580 3070 3637 scutale
3098 3579 3304 3652 lapillo

2032 3676 2233 3740 Ornat,
2260 3678 2315 3729 et
2342 3672 2572 3728 infandi
2604 3676 2889 3743 torquens
2912 3687 3019 3742 per
3038 3669 3243 3725 inania
3269 3668 3443 3738 vatis,

2032 3763 2240 3831 Figens
2273 3760 2526 3832 sincipiti
2556 3759 2784 3829 trajecit
2808 3759 2870 3813 in
2901 3762 3073 3813 antra
3102 3755 3348 3812 cerebri.

2031 3848 2261 3905 Corruit
2290 3852 2472 3920 utque
2501 3846 2683 3915 vafer,
2717 3844 3083 3902 clamoribus
3103 3847 3316 3900 aestuat
3353 3843 3535 3899 aether
3624 3903 3633 3907 _

2030 3939 2184 3993 Cara
2214 3936 2431 3991 dehinc
2462 3934 2667 3990 recolit
2692 3939 2897 4007 pastor
2924 3932 3216 3989 miracula
3243 3931 3428 3988 David
3462 3950 3475 3988 :

2030 4025 2281 4081 lncubat
2310 4024 2437 4096 ipse
2460 4022 2678 4092 magis,
2707 4022 2986 4079 avertitur
3013 4022 3201 4095 impia
3222 4019 3425 4093 pestis.

2032 4113 2421 4171 Conclamant
2442 4112 2600 4168 acies
2629 4109 2962 4167 truculento
2992 4114 3182 4165 marte
3212 4112 3472 4178 ruentes,

2035 4203 2298 4259 Vocibus
2327 4201 2555 4257 infestis
2586 4204 2950 4256 concursant
2975 4198 3222 4268 agmina
3242 4198 3420 4267 regis.

1958 4312 2001 4366 υ
2033 4291 2187 4359 Quid
2214 4291 2387 4364 plura
2408 4292 2436 4346 ?
2464 4289 2697 4363 quoties
2729 4287 2995 4344 crudelia
3018 4286 3177 4343 bella
3204 4286 3526 4352 lacessunt,

2034 4376 2347 4447 Excipiunt
2377 4375 2528 4431 ictus
2555 4376 2693 4429 Jesu
2724 4372 2998 4442 vigilante
3029 4374 3331 4427 cruentos.

2035 4465 2196 4522 Unde
2228 4467 2440 4537 quater
2466 4462 2605 4519 victi
2632 4464 2922 4530 remeant,
2949 4460 3254 4532 victorque
3280 4472 3490 4513 sereno

2034 4554 2312 4610 Evehitur
2338 4554 2573 4626 pelago,
2606 4551 2921 4607 frustratus
2952 4549 3179 4619 remige
3208 4547 3417 4621 quino,

2032 4643 2433 4715 Optatumque
2460 4644 2661 4697 tenent
2689 4639 2937 4713 repetito
2961 4636 3147 4693 limite
3178 4639 3446 4708 portum.

2030 4750 2165 4805 XIII.
2199 4748 2442 4804 Ceadda
2468 4746 2725 4801 Eboraci
2742 4744 3082 4812 substituto,
3114 4744 3174 4797 in
3202 4741 3271 4796 H
3293 4740 3550 4809 Ripense
3576 4755 3704 4796 mo-

2104 4838 2435 4893 nasterium
2482 4834 2720 4890 secedit.
2770 4833 2819 4888 A
2867 4832 3137 4901 Votfario
3167 4844 3306 4900 rege
3333 4829 3699 4886 Merciorum

2104 4927 2426 4995 expetitur.
2455 4923 2689 4979 Cantiae
2708 4922 3013 4977 ministros
3035 4919 3301 4988 ordinat,
3332 4918 3699 4974 monasteria

2107 5014 2424 5070 construit.

2106 5121 2171 5178 Hi
2195 5135 2441 5195 quoque
2468 5133 2621 5192 quos
2649 5116 2883 5191 pridem
2912 5115 3129 5188 regalis
3159 5113 3367 5171 concio
3396 5109 3588 5167 victos

2035 5298 2189 5358 Nihil
2217 5314 2359 5355 vero
2384 5295 2671 5353 sandaliis
2697 5295 2812 5351 hoc
2839 5293 2974 5350 loco
3002 5285 3327 5362 respondet
3353 5287 3572 5358 praeter
3598 5298 3696 5340 orn

334 5368 488 5462 (395)
526 5368 768 5462 Calceos
797 5376 1168 5462 episcopales
1200 5391 1277 5462 an
1310 5374 1574 5462 monile?
1604 5389 1746 5462 natm
1770 5375 1928 5462 ὄρμρς
2034 5373 2413 5462 ωςξὶοᾼιίξηζιᾶῑι
2444 5368 2826 5425 hormiscum.

265 5444 584 5533 corrigiam
614 5444 1235 5533 calceamento'rum‘et
1262 5444 1927 5533 monileﬂs‘igniﬁcatille

265 5515 483 5582 calceis
513 5521 803 5604 superiori
831 5520 893 5604 in
925 5519 1118 5604 capite
1142 5519 1375 5604 dixerat
1399 5516 1748 5604 .Wilfridusf,‘
1777 5515 1928 5604 velle

266 5612 331 5652 se
389 5588 684 5651 commissi
718 5593 881 5663 juris
937 5588 1220 5650 sandatia
1276 5590 1545 5659 accipere
1586 5588 1650 5646 in
1700 5588 1923 5647 Gallia.

2295 5443 2775 5585 gallzjujusce
2854 5498 3223 5573 tempestatis
3303 5494 3695 5554 conflictusve

2038 5579 2266 5643 mentio
2292 5581 2455 5658 apud
2479 5579 2726 5637 Bedam.
