  <div class='ocr_page' id='page_1' title='image "/cluster/home/n/w/nwhite01/storage/ocr_20150623/133/hvd.32044054759949/501.png"; bbox 0 0 4114 6146; ppageno 0'>
   <div class='ocr_carea' id='block_1_1' title="bbox 439 163 2064 244">
    <p class='ocr_par' dir='ltr' id='par_1_1' title="bbox 439 163 2052 228">
     <span class='ocr_line' id='line_1_1' title="bbox 439 163 2052 228; baseline -0.005 -2"><span class='ocrx_word' id='word_1_1' title='bbox 439 172 536 226; x_wconf 78' lang='grc'><strong>991</strong></span> <span class='ocrx_word' id='word_1_2' title='bbox 821 225 824 228; x_wconf 85' lang='grc'>,</span> <span class='ocrx_word' id='word_1_3' title='bbox 1487 163 1866 222; x_wconf 78' lang='lat' dir='ltr'><strong>FBIDEGODI</strong></span> <span class='ocrx_word' id='word_1_4' title='bbox 1907 163 2052 219; x_wconf 86' lang='lat' dir='ltr'><strong>MON</strong></span> 
     </span>
    </p>
   </div>
   <div class='ocr_carea' id='block_1_2' title="bbox 2230 163 3855 244">
    <p class='ocr_par' dir='ltr' id='par_1_2' title="bbox 2260 164 3855 244">
     <span class='ocr_line' id='line_1_2' title="bbox 2260 164 3855 244; baseline 0.002 -25"><span class='ocrx_word' id='word_1_5' title='bbox 2260 164 2694 225; x_wconf 81' lang='lat' dir='ltr'><strong>BENEDICTINI</strong></span> <span class='ocrx_word' id='word_1_6' title='bbox 3071 241 3074 244; x_wconf 22' lang='grc' dir='ltr'>λ</span> <span class='ocrx_word' id='word_1_7' title='bbox 3753 167 3855 222; x_wconf 76' lang='lat'><strong>992</strong></span> 
     </span>
    </p>
   </div>
   <div class='ocr_carea' id='block_1_3' title="bbox 441 286 3543 363">
    <p class='ocr_par' dir='ltr' id='par_1_3' title="bbox 441 286 3543 363">
     <span class='ocr_line' id='line_1_3' title="bbox 441 286 3543 363; baseline -0.001 -17"><span class='ocrx_word' id='word_1_8' title='bbox 441 290 778 362; x_wconf 83' lang='lat' dir='ltr'><strong>Expulerat,</strong></span> <span class='ocrx_word' id='word_1_9' title='bbox 811 286 1021 343; x_wconf 83' lang='lat' dir='ltr'><strong>fraude</strong></span> <span class='ocrx_word' id='word_1_10' title='bbox 1051 290 1284 344; x_wconf 88' lang='lat' dir='ltr'><strong>tantum</strong></span> <span class='ocrx_word' id='word_1_11' title='bbox 1312 291 1560 361; x_wconf 89' lang='lat' dir='ltr'><strong>potuere</strong></span> <span class='ocrx_word' id='word_1_12' title='bbox 1592 286 1826 344; x_wconf 87' lang='lat' dir='ltr'><strong>mereri.</strong></span> <span class='ocrx_word' id='word_1_13' title='bbox 2130 289 2176 342; x_wconf 82' lang='lat' dir='ltr'><strong>A</strong></span> <span class='ocrx_word' id='word_1_14' title='bbox 2208 288 2454 346; x_wconf 88' lang='lat' dir='ltr'><strong>Fornicc</strong></span> <span class='ocrx_word' id='word_1_15' title='bbox 2485 293 2836 348; x_wconf 79' lang='lat' dir='ltr'><strong>marcebant</strong></span> <span class='ocrx_word' id='word_1_16' title='bbox 2863 294 3176 348; x_wconf 70' lang='lat' dir='ltr'><strong>cataractae</strong></span> <span class='ocrx_word' id='word_1_17' title='bbox 3194 288 3543 363; x_wconf 89' lang='lat' dir='ltr'><strong>dilapidato.</strong></span> 
     </span>
    </p>
   </div>
   <div class='ocr_carea' id='block_1_4' title="bbox 441 375 3380 451">
    <p class='ocr_par' dir='ltr' id='par_1_4' title="bbox 441 375 3380 451">
     <span class='ocr_line' id='line_1_4' title="bbox 441 375 3380 451; baseline 0.001 -19"><span class='ocrx_word' id='word_1_18' title='bbox 441 378 663 433; x_wconf 88' lang='lat' dir='ltr'><strong>Gallica</strong></span> <span class='ocrx_word' id='word_1_19' title='bbox 692 375 966 432; x_wconf 80' lang='lat' dir='ltr'><strong>detentus</strong></span> <span class='ocrx_word' id='word_1_20' title='bbox 997 379 1182 448; x_wconf 88' lang='lat' dir='ltr'><strong>ponto</strong></span> <span class='ocrx_word' id='word_1_21' title='bbox 1207 376 1354 432; x_wconf 93' lang='lat' dir='ltr'><strong>dum</strong></span> <span class='ocrx_word' id='word_1_22' title='bbox 1385 393 1526 433; x_wconf 88' lang='lat' dir='ltr'><strong>rura</strong></span> <span class='ocrx_word' id='word_1_23' title='bbox 1549 379 1826 446; x_wconf 77' lang='lat' dir='ltr'><strong>vagatus,</strong></span> <span class='ocrx_word' id='word_1_24' title='bbox 2209 377 2306 434; x_wconf 88' lang='lat' dir='ltr'><strong>His</strong></span> <span class='ocrx_word' id='word_1_25' title='bbox 2325 378 2406 434; x_wconf 91' lang='lat' dir='ltr'><strong>ita</strong></span> <span class='ocrx_word' id='word_1_26' title='bbox 2435 382 2731 451; x_wconf 90' lang='lat' dir='ltr'><strong>contuitis,</strong></span> <span class='ocrx_word' id='word_1_27' title='bbox 2765 379 3070 437; x_wconf 81' lang='lat' dir='ltr'><strong>exhorruit</strong></span> <span class='ocrx_word' id='word_1_28' title='bbox 3097 379 3252 436; x_wconf 87' lang='lat' dir='ltr'><strong>ilicet</strong></span> <span class='ocrx_word' id='word_1_29' title='bbox 3279 377 3380 434; x_wconf 89' lang='lat' dir='ltr'><strong>alti</strong></span> 
     </span>
    </p>
   </div>
   <div class='ocr_carea' id='block_1_5' title="bbox 438 465 3536 544">
    <p class='ocr_par' dir='ltr' id='par_1_5' title="bbox 438 465 3536 544">
     <span class='ocr_line' id='line_1_5' title="bbox 438 465 3536 544; baseline -0.001 -20"><span class='ocrx_word' id='word_1_30' title='bbox 438 466 807 540; x_wconf 85' lang='lat' dir='ltr'><strong>Temperiem</strong></span> <span class='ocrx_word' id='word_1_31' title='bbox 837 465 992 520; x_wconf 88' lang='lat' dir='ltr'><strong>lente</strong></span> <span class='ocrx_word' id='word_1_32' title='bbox 1025 470 1289 538; x_wconf 86' lang='lat' dir='ltr'><strong>speraret</strong></span> <span class='ocrx_word' id='word_1_33' title='bbox 1317 466 1528 522; x_wconf 87' lang='lat' dir='ltr'><strong>adesse</strong></span> <span class='ocrx_word' id='word_1_34' title='bbox 1554 465 1910 537; x_wconf 87' lang='lat' dir='ltr'><strong>jocundam,</strong></span> <span class='ocrx_word' id='word_1_35' title='bbox 2209 467 2445 524; x_wconf 86' lang='lat' dir='ltr'><strong>Viribus</strong></span> <span class='ocrx_word' id='word_1_36' title='bbox 2466 470 2688 539; x_wconf 82' lang='lat' dir='ltr'><strong>ingenii</strong></span> <span class='ocrx_word' id='word_1_37' title='bbox 2711 486 2990 544; x_wconf 89' lang='lat' dir='ltr'><strong>reparare</strong></span> <span class='ocrx_word' id='word_1_38' title='bbox 3011 467 3286 542; x_wconf 87' lang='lat' dir='ltr'><strong>peribula</strong></span> <span class='ocrx_word' id='word_1_39' title='bbox 3311 466 3536 540; x_wconf 89' lang='lat' dir='ltr'><strong>templi.</strong></span> 
     </span>
    </p>
   </div>
   <div class='ocr_carea' id='block_1_6' title="bbox 439 554 3448 626">
    <p class='ocr_par' dir='ltr' id='par_1_6' title="bbox 439 554 3448 626">
     <span class='ocr_line' id='line_1_6' title="bbox 439 554 3448 626; baseline 0 -15"><span class='ocrx_word' id='word_1_40' title='bbox 439 556 690 612; x_wconf 84' lang='lat' dir='ltr'><strong>Mutavit</strong></span> <span class='ocrx_word' id='word_1_41' title='bbox 719 554 1000 610; x_wconf 85' lang='lat' dir='ltr'><strong>malefida</strong></span> <span class='ocrx_word' id='word_1_42' title='bbox 1031 554 1232 610; x_wconf 89' lang='lat' dir='ltr'><strong>locum</strong></span> <span class='ocrx_word' id='word_1_43' title='bbox 1263 555 1513 611; x_wconf 90' lang='lat' dir='ltr'><strong>defectio</strong></span> <span class='ocrx_word' id='word_1_44' title='bbox 1539 555 1716 625; x_wconf 88' lang='lat' dir='ltr'><strong>regis.</strong></span> <span class='ocrx_word' id='word_1_45' title='bbox 2206 557 2567 615; x_wconf 89' lang='lat' dir='ltr'><strong>lncumbunt</strong></span> <span class='ocrx_word' id='word_1_46' title='bbox 2593 559 2736 616; x_wconf 69' lang='lat' dir='ltr'><strong>fess&#39;i</strong></span> <span class='ocrx_word' id='word_1_47' title='bbox 2765 564 2940 615; x_wconf 88' lang='lat' dir='ltr'><strong>vasto</strong></span> <span class='ocrx_word' id='word_1_48' title='bbox 2971 557 3190 614; x_wconf 90' lang='lat' dir='ltr'><strong>sudore</strong></span> <span class='ocrx_word' id='word_1_49' title='bbox 3219 555 3448 626; x_wconf 90' lang='lat' dir='ltr'><strong>latomi,</strong></span> 
     </span>
    </p>
   </div>
   <div class='ocr_carea' id='block_1_7' title="bbox 441 641 3868 722">
    <p class='ocr_par' dir='ltr' id='par_1_7' title="bbox 441 641 3868 722">
     <span class='ocr_line' id='line_1_7' title="bbox 441 641 3868 722; baseline 0.001 -25"><span class='ocrx_word' id='word_1_50' title='bbox 441 644 818 700; x_wconf 89' lang='lat' dir='ltr'><strong>Constituunt</strong></span> <span class='ocrx_word' id='word_1_51' title='bbox 847 641 1064 698; x_wconf 90' lang='lat' dir='ltr'><strong>etenim</strong></span> <span class='ocrx_word' id='word_1_52' title='bbox 1085 658 1366 714; x_wconf 89' lang='lat' dir='ltr'><strong>perverso</strong></span> <span class='ocrx_word' id='word_1_53' title='bbox 1399 658 1633 698; x_wconf 83' lang='lat' dir='ltr'><strong>canone</strong></span> <span class='ocrx_word' id='word_1_54' title='bbox 1665 642 1990 704; x_wconf 86' lang='lat' dir='ltr'><strong>Coeddam.</strong></span> <span class='ocrx_word' id='word_1_55' title='bbox 2209 650 2322 702; x_wconf 86' lang='lat' dir='ltr'><strong>Nec</strong></span> <span class='ocrx_word' id='word_1_56' title='bbox 2340 647 2539 704; x_wconf 91' lang='lat' dir='ltr'><strong>minus</strong></span> <span class='ocrx_word' id='word_1_57' title='bbox 2555 651 2962 722; x_wconf 83' lang='lat' dir='ltr'><strong>approperant</strong></span> <span class='ocrx_word' id='word_1_58' title='bbox 2981 646 3186 720; x_wconf 90' lang='lat' dir='ltr'><strong>opicizi</strong></span> <span class='ocrx_word' id='word_1_59' title='bbox 3205 645 3334 717; x_wconf 82' lang='lat' dir='ltr'><strong>(sic)</strong></span> <span class='ocrx_word' id='word_1_60' title='bbox 3349 643 3718 701; x_wconf 83' lang='lat' dir='ltr'><strong>emblemata</strong></span> <span class='ocrx_word' id='word_1_61' title='bbox 3739 661 3868 718; x_wconf 85' lang='lat' dir='ltr'><strong>pro-</strong></span> 
     </span>
    </p>
   </div>
   <div class='ocr_carea' id='block_1_8' title="bbox 440 731 3868 808">
    <p class='ocr_par' dir='ltr' id='par_1_8' title="bbox 440 731 3868 808">
     <span class='ocr_line' id='line_1_8' title="bbox 440 731 3868 808; baseline -0.001 -18"><span class='ocrx_word' id='word_1_62' title='bbox 440 733 698 791; x_wconf 83' lang='lat' dir='ltr'><strong>Moribus</strong></span> <span class='ocrx_word' id='word_1_63' title='bbox 720 731 1030 798; x_wconf 89' lang='lat' dir='ltr'><strong>acclinem,</strong></span> <span class='ocrx_word' id='word_1_64' title='bbox 1061 731 1346 788; x_wconf 78' lang='lat' dir='ltr'><strong>doctrinae</strong></span> <span class='ocrx_word' id='word_1_65' title='bbox 1371 733 1586 788; x_wconf 90' lang='lat' dir='ltr'><strong>robore</strong></span> <span class='ocrx_word' id='word_1_66' title='bbox 1613 732 1848 800; x_wconf 85' lang='lat' dir='ltr'><strong>fortem,</strong></span> <span class='ocrx_word' id='word_1_67' title='bbox 2209 736 2396 790; x_wconf 85' lang='lat' dir='ltr'><strong>Arcus</strong></span> <span class='ocrx_word' id='word_1_68' title='bbox 2425 735 2682 792; x_wconf 90' lang='lat' dir='ltr'><strong>incultos</strong></span> <span class='ocrx_word' id='word_1_69' title='bbox 2707 735 2953 808; x_wconf 86' lang='lat' dir='ltr'><strong>hyalino</strong></span> <span class='ocrx_word' id='word_1_70' title='bbox 2975 734 3200 806; x_wconf 87' lang='lat' dir='ltr'><strong>[vitreo]</strong></span> <span class='ocrx_word' id='word_1_71' title='bbox 3229 732 3506 789; x_wconf 88' lang='lat' dir='ltr'><strong>claudere</strong></span> <span class='ocrx_word' id='word_1_72' title='bbox 3531 732 3690 789; x_wconf 88' lang='lat' dir='ltr'><strong>velo.</strong></span> <span class='ocrx_word' id='word_1_73' title='bbox 3785 733 3868 804; x_wconf 91' lang='lat' dir='ltr'><strong>[ni</strong></span> 
     </span>
    </p>
   </div>
   <div class='ocr_carea' id='block_1_9' title="bbox 440 821 3864 896">
    <p class='ocr_par' dir='ltr' id='par_1_9' title="bbox 440 821 3864 896">
     <span class='ocr_line' id='line_1_9' title="bbox 440 821 3864 896; baseline 0 -19"><span class='ocrx_word' id='word_1_74' title='bbox 440 821 712 878; x_wconf 74' lang='lat' dir='ltr'><strong>Praesulis</strong></span> <span class='ocrx_word' id='word_1_75' title='bbox 745 821 946 876; x_wconf 84' lang='lat' dir='ltr'><strong>eximii</strong></span> <span class='ocrx_word' id='word_1_76' title='bbox 976 835 1208 876; x_wconf 91' lang='lat' dir='ltr'><strong>servare</strong></span> <span class='ocrx_word' id='word_1_77' title='bbox 1239 821 1462 878; x_wconf 90' lang='lat' dir='ltr'><strong>cubilia</strong></span> <span class='ocrx_word' id='word_1_78' title='bbox 1495 839 1508 876; x_wconf 92' lang='lat'><strong>:</strong></span> <span class='ocrx_word' id='word_1_79' title='bbox 1543 821 1746 894; x_wconf 91' lang='lat' dir='ltr'><strong>sicque</strong></span> <span class='ocrx_word' id='word_1_80' title='bbox 2209 825 2448 881; x_wconf 87' lang='lat' dir='ltr'><strong>Pondus</strong></span> <span class='ocrx_word' id='word_1_81' title='bbox 2477 830 2532 880; x_wconf 91' lang='lat' dir='ltr'><strong>et</strong></span> <span class='ocrx_word' id='word_1_82' title='bbox 2557 825 2842 882; x_wconf 82' lang='lat' dir='ltr'><strong>informes</strong></span> <span class='ocrx_word' id='word_1_83' title='bbox 2862 825 3114 881; x_wconf 89' lang='lat' dir='ltr'><strong>atlantes</strong></span> <span class='ocrx_word' id='word_1_84' title='bbox 3135 823 3500 895; x_wconf 87' lang='lat' dir='ltr'><strong>[columnas]</strong></span> <span class='ocrx_word' id='word_1_85' title='bbox 3523 823 3676 878; x_wconf 89' lang='lat' dir='ltr'><strong>ferre</strong></span> <span class='ocrx_word' id='word_1_86' title='bbox 3707 825 3864 896; x_wconf 88' lang='lat' dir='ltr'><strong>prio-</strong></span> 
     </span>
    </p>
   </div>
   <div class='ocr_carea' id='block_1_10' title="bbox 441 911 3864 988">
    <p class='ocr_par' dir='ltr' id='par_1_10' title="bbox 441 911 3864 988">
     <span class='ocr_line' id='line_1_10' title="bbox 441 911 3864 988; baseline -0.001 -20"><span class='ocrx_word' id='word_1_87' title='bbox 441 911 737 968; x_wconf 82' lang='lat' dir='ltr'><strong>Audactcr</strong></span> <span class='ocrx_word' id='word_1_88' title='bbox 767 911 903 965; x_wconf 90' lang='lat' dir='ltr'><strong>vivo</strong></span> <span class='ocrx_word' id='word_1_89' title='bbox 935 925 1224 982; x_wconf 88' lang='lat' dir='ltr'><strong>sponsam</strong></span> <span class='ocrx_word' id='word_1_90' title='bbox 1255 927 1509 984; x_wconf 87' lang='lat' dir='ltr'><strong>rapuere</strong></span> <span class='ocrx_word' id='word_1_91' title='bbox 1539 911 1774 967; x_wconf 90' lang='lat' dir='ltr'><strong>marito.</strong></span> <span class='ocrx_word' id='word_1_92' title='bbox 2207 915 2460 972; x_wconf 85' lang='lat' dir='ltr'><strong>Jussitet</strong></span> <span class='ocrx_word' id='word_1_93' title='bbox 2481 915 2784 988; x_wconf 84' lang='lat' dir='ltr'><strong>expletum</strong></span> <span class='ocrx_word' id='word_1_94' title='bbox 2805 932 2816 969; x_wconf 92' lang='lat'>:</span> <span class='ocrx_word' id='word_1_95' title='bbox 2837 912 3100 986; x_wconf 89' lang='lat' dir='ltr'><strong>lymphis</strong></span> <span class='ocrx_word' id='word_1_96' title='bbox 3121 911 3500 986; x_wconf 86' lang='lat' dir='ltr'><strong>perfunditur</strong></span> <span class='ocrx_word' id='word_1_97' title='bbox 3523 913 3707 978; x_wconf 90' lang='lat' dir='ltr'><strong>absis,</strong></span> <span class='ocrx_word' id='word_1_98' title='bbox 3747 914 3864 984; x_wconf 89' lang='lat' dir='ltr'><strong>[res</strong></span> 
     </span>
    </p>
   </div>
   <div class='ocr_carea' id='block_1_11' title="bbox 444 999 3520 1076">
    <p class='ocr_par' dir='ltr' id='par_1_11' title="bbox 444 999 3520 1076">
     <span class='ocr_line' id='line_1_11' title="bbox 444 999 3520 1076; baseline -0.001 -19"><span class='ocrx_word' id='word_1_99' title='bbox 444 1001 633 1057; x_wconf 92' lang='lat' dir='ltr'><strong>Obvia</strong></span> <span class='ocrx_word' id='word_1_100' title='bbox 665 999 843 1056; x_wconf 89' lang='lat' dir='ltr'><strong>turba</strong></span> <span class='ocrx_word' id='word_1_101' title='bbox 871 999 1020 1054; x_wconf 86' lang='lat' dir='ltr'><strong>Patri</strong></span> <span class='ocrx_word' id='word_1_102' title='bbox 1053 999 1217 1056; x_wconf 90' lang='lat' dir='ltr'><strong>luctu</strong></span> <span class='ocrx_word' id='word_1_103' title='bbox 1243 1001 1544 1072; x_wconf 89' lang='lat' dir='ltr'><strong>quatiente</strong></span> <span class='ocrx_word' id='word_1_104' title='bbox 1571 1001 1814 1068; x_wconf 88' lang='lat' dir='ltr'><strong>revelat,</strong></span> <span class='ocrx_word' id='word_1_105' title='bbox 2209 1003 2616 1076; x_wconf 79' lang='lat' dir='ltr'><strong>Albanturque</strong></span> <span class='ocrx_word' id='word_1_106' title='bbox 2641 1004 2761 1060; x_wconf 86' lang='lat' dir='ltr'><strong>suis</strong></span> <span class='ocrx_word' id='word_1_107' title='bbox 2791 1003 3040 1058; x_wconf 88' lang='lat' dir='ltr'><strong>lustrata</strong></span> <span class='ocrx_word' id='word_1_108' title='bbox 3069 1000 3278 1056; x_wconf 89' lang='lat' dir='ltr'><strong>altaria</strong></span> <span class='ocrx_word' id='word_1_109' title='bbox 3309 1000 3520 1073; x_wconf 88' lang='lat' dir='ltr'><strong>peplis.</strong></span> 
     </span>
    </p>
   </div>
   <div class='ocr_carea' id='block_1_12' title="bbox 443 1087 3470 1166">
    <p class='ocr_par' dir='ltr' id='par_1_12' title="bbox 443 1087 3470 1166">
     <span class='ocr_line' id='line_1_12' title="bbox 443 1087 3470 1166; baseline 0 -22"><span class='ocrx_word' id='word_1_110' title='bbox 443 1089 801 1161; x_wconf 87' lang='lat' dir='ltr'><strong>Divertitque</strong></span> <span class='ocrx_word' id='word_1_111' title='bbox 831 1087 1072 1143; x_wconf 90' lang='lat' dir='ltr'><strong>humilis</strong></span> <span class='ocrx_word' id='word_1_112' title='bbox 1103 1089 1216 1144; x_wconf 90' lang='lat' dir='ltr'><strong>sub</strong></span> <span class='ocrx_word' id='word_1_113' title='bbox 1247 1093 1390 1146; x_wconf 89' lang='lat' dir='ltr'><strong>nota</strong></span> <span class='ocrx_word' id='word_1_114' title='bbox 1419 1091 1687 1162; x_wconf 88' lang='lat' dir='ltr'><strong>mapalia</strong></span> <span class='ocrx_word' id='word_1_115' title='bbox 1719 1089 1945 1163; x_wconf 80' lang='lat' dir='ltr'><strong>HRipis.</strong></span> <span class='ocrx_word' id='word_1_116' title='bbox 2211 1094 2353 1149; x_wconf 88' lang='lat' dir='ltr'><strong>Exin</strong></span> <span class='ocrx_word' id='word_1_117' title='bbox 2382 1093 2648 1163; x_wconf 85' lang='lat' dir='ltr'><strong>gloriﬁco</strong></span> <span class='ocrx_word' id='word_1_118' title='bbox 2677 1091 2961 1166; x_wconf 89' lang='lat' dir='ltr'><strong>persolvit</strong></span> <span class='ocrx_word' id='word_1_119' title='bbox 2983 1089 3190 1147; x_wconf 90' lang='lat' dir='ltr'><strong>munia</strong></span> <span class='ocrx_word' id='word_1_120' title='bbox 3219 1089 3470 1147; x_wconf 90' lang='lat' dir='ltr'><strong>Christo.</strong></span> 
     </span>
    </p>
   </div>
   <div class='ocr_carea' id='block_1_13' title="bbox 445 1177 3671 1252">
    <p class='ocr_par' dir='ltr' id='par_1_13' title="bbox 445 1177 3671 1252">
     <span class='ocr_line' id='line_1_13' title="bbox 445 1177 3671 1252; baseline -0 -18"><span class='ocrx_word' id='word_1_121' title='bbox 445 1181 638 1250; x_wconf 90' lang='lat' dir='ltr'><strong>Usque</strong></span> <span class='ocrx_word' id='word_1_122' title='bbox 679 1178 896 1244; x_wconf 88' lang='lat' dir='ltr'><strong>adeon,</strong></span> <span class='ocrx_word' id='word_1_123' title='bbox 929 1177 1120 1250; x_wconf 91' lang='lat' dir='ltr'><strong>potuit</strong></span> <span class='ocrx_word' id='word_1_124' title='bbox 1148 1179 1472 1252; x_wconf 87' lang='lat' dir='ltr'><strong>quisquam</strong></span> <span class='ocrx_word' id='word_1_125' title='bbox 1503 1179 1730 1234; x_wconf 85' lang='lat' dir='ltr'><strong>nescire</strong></span> <span class='ocrx_word' id='word_1_126' title='bbox 1761 1179 2028 1235; x_wconf 82' lang='lat' dir='ltr'><strong>moveri?</strong></span> <span class='ocrx_word' id='word_1_127' title='bbox 2282 1183 2500 1240; x_wconf 89' lang='lat' dir='ltr'><strong>Crescit</strong></span> <span class='ocrx_word' id='word_1_128' title='bbox 2532 1199 2774 1238; x_wconf 88' lang='lat' dir='ltr'><strong>summa</strong></span> <span class='ocrx_word' id='word_1_129' title='bbox 2793 1181 2921 1248; x_wconf 91' lang='lat' dir='ltr'><strong>viri,</strong></span> <span class='ocrx_word' id='word_1_130' title='bbox 2954 1179 3162 1236; x_wconf 90' lang='lat' dir='ltr'><strong>crescit</strong></span> <span class='ocrx_word' id='word_1_131' title='bbox 3185 1178 3434 1234; x_wconf 90' lang='lat' dir='ltr'><strong>delectio</strong></span> <span class='ocrx_word' id='word_1_132' title='bbox 3458 1180 3671 1250; x_wconf 81' lang='lat' dir='ltr'><strong>sancti,</strong></span> 
     </span>
    </p>
   </div>
   <div class='ocr_carea' id='block_1_14' title="bbox 443 1267 3598 1341">
    <p class='ocr_par' dir='ltr' id='par_1_14' title="bbox 443 1267 3598 1341">
     <span class='ocr_line' id='line_1_14' title="bbox 443 1267 3598 1341; baseline 0.001 -19"><span class='ocrx_word' id='word_1_133' title='bbox 443 1271 570 1322; x_wconf 88' lang='lat' dir='ltr'><strong>Non</strong></span> <span class='ocrx_word' id='word_1_134' title='bbox 599 1267 759 1322; x_wconf 91' lang='lat' dir='ltr'><strong>hunc</strong></span> <span class='ocrx_word' id='word_1_135' title='bbox 790 1267 1088 1340; x_wconf 61' lang='lat' dir='ltr'><strong>subreptus</strong></span> <span class='ocrx_word' id='word_1_136' title='bbox 1119 1272 1283 1324; x_wconf 90' lang='lat' dir='ltr'><strong>tanto</strong></span> <span class='ocrx_word' id='word_1_137' title='bbox 1311 1267 1651 1324; x_wconf 89' lang='lat' dir='ltr'><strong>discrimine</strong></span> <span class='ocrx_word' id='word_1_138' title='bbox 1683 1269 1874 1338; x_wconf 88' lang='lat' dir='ltr'><strong>sedes,</strong></span> <span class='ocrx_word' id='word_1_139' title='bbox 2213 1272 2499 1327; x_wconf 88' lang='lat' dir='ltr'><strong>Virtutum</strong></span> <span class='ocrx_word' id='word_1_140' title='bbox 2527 1271 2778 1341; x_wconf 86' lang='lat' dir='ltr'><strong>genitrix</strong></span> <span class='ocrx_word' id='word_1_141' title='bbox 2807 1270 3106 1326; x_wconf 87' lang='lat' dir='ltr'><strong>almorum</strong></span> <span class='ocrx_word' id='word_1_142' title='bbox 3137 1267 3352 1323; x_wconf 88' lang='lat' dir='ltr'><strong>ﬂorida</strong></span> <span class='ocrx_word' id='word_1_143' title='bbox 3376 1267 3598 1324; x_wconf 90' lang='lat' dir='ltr'><strong>nutrix.</strong></span> 
     </span>
    </p>
   </div>
   <div class='ocr_carea' id='block_1_15' title="bbox 441 1351 3872 1428">
    <p class='ocr_par' dir='ltr' id='par_1_15' title="bbox 441 1351 3872 1428">
     <span class='ocr_line' id='line_1_15' title="bbox 441 1351 3872 1428; baseline -0.001 -18"><span class='ocrx_word' id='word_1_144' title='bbox 441 1358 568 1411; x_wconf 88' lang='lat' dir='ltr'><strong>Non</strong></span> <span class='ocrx_word' id='word_1_145' title='bbox 598 1355 764 1410; x_wconf 91' lang='lat' dir='ltr'><strong>illum</strong></span> <span class='ocrx_word' id='word_1_146' title='bbox 797 1357 976 1412; x_wconf 90' lang='lat' dir='ltr'><strong>sumti</strong></span> <span class='ocrx_word' id='word_1_147' title='bbox 1006 1357 1196 1412; x_wconf 90' lang='lat' dir='ltr'><strong>multo</strong></span> <span class='ocrx_word' id='word_1_148' title='bbox 1217 1356 1542 1413; x_wconf 87' lang='lat' dir='ltr'><strong>luctamine</strong></span> <span class='ocrx_word' id='word_1_149' title='bbox 1563 1357 1775 1424; x_wconf 85' lang='lat' dir='ltr'><strong>fasces,</strong></span> <span class='ocrx_word' id='word_1_150' title='bbox 2213 1361 2336 1412; x_wconf 82' lang='lat' dir='ltr'><strong>Non</strong></span> <span class='ocrx_word' id='word_1_151' title='bbox 2367 1356 2545 1425; x_wconf 83' lang='lat' dir='ltr'><strong>igitur</strong></span> <span class='ocrx_word' id='word_1_152' title='bbox 2577 1361 2838 1428; x_wconf 73' lang='lat' dir='ltr'><strong>coeptum</strong></span> <span class='ocrx_word' id='word_1_153' title='bbox 2866 1352 3132 1409; x_wconf 88' lang='lat' dir='ltr'><strong>dissolvit</strong></span> <span class='ocrx_word' id='word_1_154' title='bbox 3155 1351 3333 1408; x_wconf 83' lang='lat' dir='ltr'><strong>dexia</strong></span> <span class='ocrx_word' id='word_1_155' title='bbox 3377 1351 3438 1422; x_wconf 87' lang='lat' dir='ltr'><strong>[i.</strong></span> <span class='ocrx_word' id='word_1_156' title='bbox 3485 1367 3532 1408; x_wconf 86' lang='lat' dir='ltr'><strong>e.</strong></span> <span class='ocrx_word' id='word_1_157' title='bbox 3577 1353 3872 1426; x_wconf 88' lang='lat' dir='ltr'><strong>prosperi-</strong></span> 
     </span>
    </p>
   </div>
   <div class='ocr_carea' id='block_1_16' title="bbox 443 1439 3804 1520">
    <p class='ocr_par' dir='ltr' id='par_1_16' title="bbox 443 1439 3804 1520">
     <span class='ocr_line' id='line_1_16' title="bbox 443 1439 3804 1520; baseline 0.003 -21"><span class='ocrx_word' id='word_1_158' title='bbox 443 1445 560 1500; x_wconf 84' lang='lat' dir='ltr'><strong>Aut</strong></span> <span class='ocrx_word' id='word_1_159' title='bbox 583 1444 774 1515; x_wconf 90' lang='lat' dir='ltr'><strong>labor,</strong></span> <span class='ocrx_word' id='word_1_160' title='bbox 809 1450 912 1501; x_wconf 89' lang='lat' dir='ltr'><strong>aut</strong></span> <span class='ocrx_word' id='word_1_161' title='bbox 935 1446 1147 1502; x_wconf 91' lang='lat' dir='ltr'><strong>tumidi</strong></span> <span class='ocrx_word' id='word_1_162' title='bbox 1180 1447 1500 1503; x_wconf 89' lang='lat' dir='ltr'><strong>conterruit</strong></span> <span class='ocrx_word' id='word_1_163' title='bbox 1527 1447 1616 1502; x_wconf 90' lang='lat' dir='ltr'><strong>ira</strong></span> <span class='ocrx_word' id='word_1_164' title='bbox 1644 1447 1964 1520; x_wconf 87' lang='lat' dir='ltr'><strong>profundi:</strong></span> <span class='ocrx_word' id='word_1_165' title='bbox 3401 1439 3534 1514; x_wconf 65' lang='lat' dir='ltr'><strong>[tas]</strong></span> <span class='ocrx_word' id='word_1_166' title='bbox 3567 1445 3804 1510; x_wconf 68' lang='grc' dir='ltr'><strong>νοίῐιωι</strong></span> 
     </span>
    </p>
   </div>
   <div class='ocr_carea' id='block_1_17' title="bbox 445 1529 3872 1605">
    <p class='ocr_par' dir='ltr' id='par_1_17' title="bbox 445 1529 3872 1605">
     <span class='ocr_line' id='line_1_17' title="bbox 445 1529 3872 1605; baseline -0.001 -15"><span class='ocrx_word' id='word_1_167' title='bbox 445 1535 559 1605; x_wconf 89' lang='lat' dir='ltr'><strong>Spe</strong></span> <span class='ocrx_word' id='word_1_168' title='bbox 589 1533 832 1589; x_wconf 85' lang='lat' dir='ltr'><strong>meliore</strong></span> <span class='ocrx_word' id='word_1_169' title='bbox 864 1539 1068 1590; x_wconf 89' lang='lat' dir='ltr'><strong>manet</strong></span> <span class='ocrx_word' id='word_1_170' title='bbox 1093 1534 1334 1590; x_wconf 86' lang='lat' dir='ltr'><strong>latebris</strong></span> <span class='ocrx_word' id='word_1_171' title='bbox 1366 1540 1670 1590; x_wconf 90' lang='lat' dir='ltr'><strong>contectus</strong></span> <span class='ocrx_word' id='word_1_172' title='bbox 1700 1536 1760 1590; x_wconf 93' lang='lat' dir='ltr'><strong>in</strong></span> <span class='ocrx_word' id='word_1_173' title='bbox 1788 1535 1920 1591; x_wconf 90' lang='lat' dir='ltr'><strong>illis.</strong></span> <span class='ocrx_word' id='word_1_174' title='bbox 2213 1534 2404 1590; x_wconf 88' lang='lat' dir='ltr'><strong>Pieria</strong></span> <span class='ocrx_word' id='word_1_175' title='bbox 2436 1535 2580 1605; x_wconf 90' lang='lat'><strong>(308)</strong></span> <span class='ocrx_word' id='word_1_176' title='bbox 2613 1549 2762 1590; x_wconf 88' lang='lat' dir='ltr'><strong>neve</strong></span> <span class='ocrx_word' id='word_1_177' title='bbox 2793 1532 2939 1588; x_wconf 89' lang='lat' dir='ltr'><strong>tulit.</strong></span> <span class='ocrx_word' id='word_1_178' title='bbox 2981 1533 3096 1588; x_wconf 91' lang='lat' dir='ltr'><strong>Seu</strong></span> <span class='ocrx_word' id='word_1_179' title='bbox 3139 1529 3470 1600; x_wconf 87' lang='lat' dir='ltr'><strong>dissologia</strong></span> <span class='ocrx_word' id='word_1_180' title='bbox 3523 1529 3872 1602; x_wconf 84' lang='lat' dir='ltr'><strong>[discordia]</strong></span> 
     </span>
    </p>
   </div>
   <div class='ocr_carea' id='block_1_18' title="bbox 445 1619 3802 1696">
    <p class='ocr_par' dir='ltr' id='par_1_18' title="bbox 445 1619 3802 1696">
     <span class='ocr_line' id='line_1_18' title="bbox 445 1619 3802 1696; baseline -0.001 -18"><span class='ocrx_word' id='word_1_181' title='bbox 445 1623 610 1694; x_wconf 82' lang='lat' dir='ltr'><strong>Saepe</strong></span> <span class='ocrx_word' id='word_1_182' title='bbox 637 1621 772 1678; x_wconf 91' lang='lat' dir='ltr'><strong>licet</strong></span> <span class='ocrx_word' id='word_1_183' title='bbox 800 1623 1076 1694; x_wconf 89' lang='lat' dir='ltr'><strong>proprias</strong></span> <span class='ocrx_word' id='word_1_184' title='bbox 1106 1624 1336 1678; x_wconf 81' lang='lat' dir='ltr'><strong>videtur</strong></span> <span class='ocrx_word' id='word_1_185' title='bbox 1360 1639 1606 1696; x_wconf 90' lang='lat' dir='ltr'><strong>pascere</strong></span> <span class='ocrx_word' id='word_1_186' title='bbox 1633 1623 1859 1692; x_wconf 80' lang='lat' dir='ltr'><strong>ovillas,</strong></span> <span class='ocrx_word' id='word_1_187' title='bbox 2135 1643 2176 1695; x_wconf 59' lang='lat'><strong>1,-</strong></span> <span class='ocrx_word' id='word_1_188' title='bbox 3594 1619 3802 1691; x_wconf 84' lang='lat' dir='ltr'><strong>[rupit,</strong></span> 
     </span>
    </p>
   </div>
   <div class='ocr_carea' id='block_1_19' title="bbox 443 1708 3754 1784">
    <p class='ocr_par' dir='ltr' id='par_1_19' title="bbox 443 1708 3754 1784">
     <span class='ocr_line' id='line_1_19' title="bbox 443 1708 3754 1784; baseline -0.001 -19"><span class='ocrx_word' id='word_1_189' title='bbox 443 1709 613 1765; x_wconf 89' lang='lat' dir='ltr'><strong>Nulla</strong></span> <span class='ocrx_word' id='word_1_190' title='bbox 643 1709 819 1764; x_wconf 88' lang='lat' dir='ltr'><strong>datur</strong></span> <span class='ocrx_word' id='word_1_191' title='bbox 848 1710 1101 1781; x_wconf 86' lang='lat' dir='ltr'><strong>requies,</strong></span> <span class='ocrx_word' id='word_1_192' title='bbox 1135 1711 1331 1765; x_wconf 87' lang='lat' dir='ltr'><strong>vicino</strong></span> <span class='ocrx_word' id='word_1_193' title='bbox 1367 1715 1610 1778; x_wconf 85' lang='lat' dir='ltr'><strong>urgente</strong></span> <span class='ocrx_word' id='word_1_194' title='bbox 1639 1711 1872 1767; x_wconf 93' lang='lat' dir='ltr'><strong>colono.</strong></span> <span class='ocrx_word' id='word_1_195' title='bbox 2211 1711 2564 1784; x_wconf 89' lang='lat' dir='ltr'><strong>Thcosopho</strong></span> <span class='ocrx_word' id='word_1_196' title='bbox 2615 1709 2852 1782; x_wconf 87' lang='lat' dir='ltr'><strong>spirans</strong></span> <span class='ocrx_word' id='word_1_197' title='bbox 2897 1708 3100 1766; x_wconf 90' lang='lat' dir='ltr'><strong>animo</strong></span> <span class='ocrx_word' id='word_1_198' title='bbox 3149 1711 3407 1778; x_wconf 85' lang='lat' dir='ltr'><strong>cognata</strong></span> <span class='ocrx_word' id='word_1_199' title='bbox 3453 1723 3754 1779; x_wconf 80' lang='lat' dir='ltr'><strong>synergus</strong></span> 
     </span>
    </p>
   </div>
   <div class='ocr_carea' id='block_1_20' title="bbox 447 1796 3802 1873">
    <p class='ocr_par' dir='ltr' id='par_1_20' title="bbox 447 1796 3802 1873">
     <span class='ocr_line' id='line_1_20' title="bbox 447 1796 3802 1873; baseline 0 -22"><span class='ocrx_word' id='word_1_200' title='bbox 447 1798 738 1862; x_wconf 75' lang='lat' dir='ltr'><strong>Quaeritur</strong></span> <span class='ocrx_word' id='word_1_201' title='bbox 764 1813 800 1852; x_wconf 91' lang='lat' dir='ltr'><strong>a</strong></span> <span class='ocrx_word' id='word_1_202' title='bbox 829 1797 1108 1868; x_wconf 88' lang='lat' dir='ltr'><strong>ducibus,</strong></span> <span class='ocrx_word' id='word_1_203' title='bbox 1133 1815 1393 1870; x_wconf 89' lang='lat' dir='ltr'><strong>quorum</strong></span> <span class='ocrx_word' id='word_1_204' title='bbox 1435 1799 1724 1856; x_wconf 85' lang='lat' dir='ltr'><strong>Wlfarius</strong></span> <span class='ocrx_word' id='word_1_205' title='bbox 1753 1817 1929 1866; x_wconf 89' lang='lat' dir='ltr'><strong>unus,</strong></span> <span class='ocrx_word' id='word_1_206' title='bbox 2214 1801 2446 1873; x_wconf 86' lang='lat' dir='ltr'><strong>Oppida</strong></span> <span class='ocrx_word' id='word_1_207' title='bbox 2467 1799 2684 1856; x_wconf 80' lang='lat' dir='ltr'><strong>diffuso</strong></span> <span class='ocrx_word' id='word_1_208' title='bbox 2715 1799 2919 1872; x_wconf 82' lang='lat' dir='ltr'><strong>llRipis</strong></span> <span class='ocrx_word' id='word_1_209' title='bbox 2951 1797 3320 1870; x_wconf 85' lang='lat' dir='ltr'><strong>ampliﬁcare</strong></span> <span class='ocrx_word' id='word_1_210' title='bbox 3349 1796 3600 1853; x_wconf 88' lang='lat' dir='ltr'><strong>colurno</strong></span> <span class='ocrx_word' id='word_1_211' title='bbox 3625 1801 3802 1866; x_wconf 79' lang='lat'><strong>(309).</strong></span> 
     </span>
    </p>
   </div>
   <div class='ocr_carea' id='block_1_21' title="bbox 443 1885 3448 1964">
    <p class='ocr_par' dir='ltr' id='par_1_21' title="bbox 443 1885 3448 1964">
     <span class='ocr_line' id='line_1_21' title="bbox 443 1885 3448 1964; baseline 0.001 -23"><span class='ocrx_word' id='word_1_212' title='bbox 443 1885 752 1941; x_wconf 88' lang='lat' dir='ltr'><strong>Nobilibus</strong></span> <span class='ocrx_word' id='word_1_213' title='bbox 776 1885 1007 1956; x_wconf 80' lang='lat' dir='ltr'><strong>pollens</strong></span> <span class='ocrx_word' id='word_1_214' title='bbox 1034 1903 1140 1960; x_wconf 88' lang='lat' dir='ltr'><strong>per</strong></span> <span class='ocrx_word' id='word_1_215' title='bbox 1165 1888 1408 1944; x_wconf 86' lang='lat' dir='ltr'><strong>Merciea</strong></span> <span class='ocrx_word' id='word_1_216' title='bbox 1439 1904 1625 1958; x_wconf 89' lang='lat' dir='ltr'><strong>regna</strong></span> <span class='ocrx_word' id='word_1_217' title='bbox 1666 1890 1984 1962; x_wconf 85' lang='lat' dir='ltr'><strong>triumphis</strong></span> <span class='ocrx_word' id='word_1_218' title='bbox 2015 1909 2027 1958; x_wconf 93' lang='lat'>;</span> <span class='ocrx_word' id='word_1_219' title='bbox 2213 1892 2332 1948; x_wconf 91' lang='lat' dir='ltr'><strong>Illic</strong></span> <span class='ocrx_word' id='word_1_220' title='bbox 2359 1891 2604 1964; x_wconf 89' lang='lat' dir='ltr'><strong>planata</strong></span> <span class='ocrx_word' id='word_1_221' title='bbox 2641 1889 2972 1946; x_wconf 88' lang='lat' dir='ltr'><strong>decusatim</strong></span> <span class='ocrx_word' id='word_1_222' title='bbox 3003 1904 3244 1944; x_wconf 82' lang='lat' dir='ltr'><strong>vomere</strong></span> <span class='ocrx_word' id='word_1_223' title='bbox 3275 1891 3448 1954; x_wconf 86' lang='lat' dir='ltr'><strong>terra,</strong></span> 
     </span>
    </p>
   </div>
   <div class='ocr_carea' id='block_1_22' title="bbox 441 1973 3600 2053">
    <p class='ocr_par' dir='ltr' id='par_1_22' title="bbox 441 1973 3600 2053">
     <span class='ocr_line' id='line_1_22' title="bbox 441 1973 3600 2053; baseline 0.001 -25"><span class='ocrx_word' id='word_1_224' title='bbox 441 1973 547 2029; x_wconf 81' lang='lat' dir='ltr'><strong>Vix</strong></span> <span class='ocrx_word' id='word_1_225' title='bbox 571 1973 764 2046; x_wconf 90' lang='lat' dir='ltr'><strong>potuit</strong></span> <span class='ocrx_word' id='word_1_226' title='bbox 793 1974 912 2030; x_wconf 88' lang='lat' dir='ltr'><strong>fato</strong></span> <span class='ocrx_word' id='word_1_227' title='bbox 944 1981 1248 2047; x_wconf 89' lang='lat' dir='ltr'><strong>pastorem</strong></span> <span class='ocrx_word' id='word_1_228' title='bbox 1273 1976 1480 2032; x_wconf 81' lang='lat' dir='ltr'><strong>efferre</strong></span> <span class='ocrx_word' id='word_1_229' title='bbox 1511 1977 1745 2034; x_wconf 92' lang='lat' dir='ltr'><strong>locello.</strong></span> <span class='ocrx_word' id='word_1_230' title='bbox 2211 1979 2580 2053; x_wconf 87' lang='lat' dir='ltr'><strong>Symmetriis</strong></span> <span class='ocrx_word' id='word_1_231' title='bbox 2609 1977 3035 2052; x_wconf 88' lang='lat' dir='ltr'><strong>perpendiculo</strong></span> <span class='ocrx_word' id='word_1_232' title='bbox 3067 1977 3323 2049; x_wconf 85' lang='lat' dir='ltr'><strong>perfecte</strong></span> <span class='ocrx_word' id='word_1_233' title='bbox 3351 1976 3600 2042; x_wconf 86' lang='lat' dir='ltr'><strong>libratis,</strong></span> 
     </span>
    </p>
   </div>
   <div class='ocr_carea' id='block_1_23' title="bbox 443 2062 3730 2139">
    <p class='ocr_par' dir='ltr' id='par_1_23' title="bbox 443 2062 3730 2139">
     <span class='ocr_line' id='line_1_23' title="bbox 443 2062 3730 2139; baseline 0.001 -22"><span class='ocrx_word' id='word_1_234' title='bbox 443 2062 552 2128; x_wconf 88' lang='lat' dir='ltr'><strong>Qui</strong></span> <span class='ocrx_word' id='word_1_235' title='bbox 579 2065 902 2135; x_wconf 88' lang='lat' dir='ltr'><strong>postquam</strong></span> <span class='ocrx_word' id='word_1_236' title='bbox 927 2065 1140 2120; x_wconf 89' lang='lat' dir='ltr'><strong>meruit</strong></span> <span class='ocrx_word' id='word_1_237' title='bbox 1169 2069 1336 2120; x_wconf 90' lang='lat' dir='ltr'><strong>tanto</strong></span> <span class='ocrx_word' id='word_1_238' title='bbox 1367 2065 1608 2122; x_wconf 89' lang='lat' dir='ltr'><strong>doctore</strong></span> <span class='ocrx_word' id='word_1_239' title='bbox 1637 2067 1834 2138; x_wconf 90' lang='lat' dir='ltr'><strong>potiri,</strong></span> <span class='ocrx_word' id='word_1_240' title='bbox 2214 2069 2532 2124; x_wconf 87' lang='lat' dir='ltr'><strong>Ecclesiam</strong></span> <span class='ocrx_word' id='word_1_241' title='bbox 2556 2067 2776 2138; x_wconf 87' lang='lat' dir='ltr'><strong>statuit,</strong></span> <span class='ocrx_word' id='word_1_242' title='bbox 2801 2066 3068 2122; x_wconf 86' lang='lat' dir='ltr'><strong>talanum</strong></span> <span class='ocrx_word' id='word_1_243' title='bbox 3099 2065 3452 2139; x_wconf 88' lang='lat' dir='ltr'><strong>Christoque</strong></span> <span class='ocrx_word' id='word_1_244' title='bbox 3482 2064 3730 2136; x_wconf 85' lang='lat' dir='ltr'><strong>dicavit,</strong></span> 
     </span>
    </p>
   </div>
   <div class='ocr_carea' id='block_1_24' title="bbox 441 2150 3790 2230">
    <p class='ocr_par' dir='ltr' id='par_1_24' title="bbox 441 2150 3790 2230">
     <span class='ocr_line' id='line_1_24' title="bbox 441 2150 3790 2230; baseline 0.001 -25"><span class='ocrx_word' id='word_1_245' title='bbox 441 2150 669 2206; x_wconf 82' lang='lat' dir='ltr'><strong>Affectu</strong></span> <span class='ocrx_word' id='word_1_246' title='bbox 698 2151 898 2220; x_wconf 86' lang='lat' dir='ltr'><strong>coluit,</strong></span> <span class='ocrx_word' id='word_1_247' title='bbox 935 2153 1097 2207; x_wconf 88' lang='lat' dir='ltr'><strong>terris</strong></span> <span class='ocrx_word' id='word_1_248' title='bbox 1128 2157 1184 2208; x_wconf 95' lang='lat' dir='ltr'><strong>et</strong></span> <span class='ocrx_word' id='word_1_249' title='bbox 1208 2154 1436 2209; x_wconf 91' lang='lat' dir='ltr'><strong>honore</strong></span> <span class='ocrx_word' id='word_1_250' title='bbox 1467 2154 1694 2211; x_wconf 89' lang='lat' dir='ltr'><strong>ditavit.</strong></span> <span class='ocrx_word' id='word_1_251' title='bbox 2211 2156 2474 2213; x_wconf 89' lang='lat' dir='ltr'><strong>Tandem</strong></span> <span class='ocrx_word' id='word_1_252' title='bbox 2503 2161 2640 2230; x_wconf 91' lang='lat' dir='ltr'><strong>post</strong></span> <span class='ocrx_word' id='word_1_253' title='bbox 2663 2171 2890 2228; x_wconf 89' lang='lat' dir='ltr'><strong>paucas</strong></span> <span class='ocrx_word' id='word_1_254' title='bbox 2911 2155 3136 2212; x_wconf 90' lang='lat' dir='ltr'><strong>ornatis</strong></span> <span class='ocrx_word' id='word_1_255' title='bbox 3161 2153 3342 2210; x_wconf 88' lang='lat' dir='ltr'><strong>rebus</strong></span> <span class='ocrx_word' id='word_1_256' title='bbox 3367 2154 3588 2209; x_wconf 89' lang='lat' dir='ltr'><strong>imeras</strong></span> <span class='ocrx_word' id='word_1_257' title='bbox 3615 2155 3790 2226; x_wconf 72' lang='lat'><strong>(310).</strong></span> 
     </span>
    </p>
   </div>
   <div class='ocr_carea' id='block_1_25' title="bbox 443 2238 3750 2317">
    <p class='ocr_par' dir='ltr' id='par_1_25' title="bbox 443 2238 3750 2317">
     <span class='ocr_line' id='line_1_25' title="bbox 443 2238 3750 2317; baseline 0.001 -24"><span class='ocrx_word' id='word_1_258' title='bbox 443 2238 732 2294; x_wconf 88' lang='lat' dir='ltr'><strong>Ekbertus</strong></span> <span class='ocrx_word' id='word_1_259' title='bbox 761 2255 922 2305; x_wconf 90' lang='lat' dir='ltr'><strong>vero,</strong></span> <span class='ocrx_word' id='word_1_260' title='bbox 954 2257 1136 2311; x_wconf 89' lang='lat' dir='ltr'><strong>quem</strong></span> <span class='ocrx_word' id='word_1_261' title='bbox 1165 2241 1372 2297; x_wconf 89' lang='lat' dir='ltr'><strong>Cantia</strong></span> <span class='ocrx_word' id='word_1_262' title='bbox 1407 2259 1546 2298; x_wconf 88' lang='lat' dir='ltr'><strong>rura</strong></span> <span class='ocrx_word' id='word_1_263' title='bbox 1575 2243 1884 2312; x_wconf 87' lang='lat' dir='ltr'><strong>timebant,</strong></span> <span class='ocrx_word' id='word_1_264' title='bbox 2213 2247 2552 2302; x_wconf 86' lang='lat' dir='ltr'><strong>Convenere</strong></span> <span class='ocrx_word' id='word_1_265' title='bbox 2581 2245 2765 2301; x_wconf 90' lang='lat' dir='ltr'><strong>duces</strong></span> <span class='ocrx_word' id='word_1_266' title='bbox 2800 2245 2876 2316; x_wconf 83' lang='lat' dir='ltr'><strong>(3t</strong></span> <span class='ocrx_word' id='word_1_267' title='bbox 2894 2247 2963 2317; x_wconf 80' lang='lat' dir='ltr'><strong>t),</strong></span> <span class='ocrx_word' id='word_1_268' title='bbox 2991 2259 3230 2301; x_wconf 89' lang='lat' dir='ltr'><strong>necnon</strong></span> <span class='ocrx_word' id='word_1_269' title='bbox 3259 2242 3506 2299; x_wconf 90' lang='lat' dir='ltr'><strong>basileia</strong></span> <span class='ocrx_word' id='word_1_270' title='bbox 3525 2242 3750 2315; x_wconf 80' lang='lat' dir='ltr'><strong>pubes,</strong></span> 
     </span>
    </p>
   </div>
   <div class='ocr_carea' id='block_1_26' title="bbox 443 2329 3806 2407">
    <p class='ocr_par' dir='ltr' id='par_1_26' title="bbox 443 2329 3806 2407">
     <span class='ocr_line' id='line_1_26' title="bbox 443 2329 3806 2407; baseline 0.001 -26"><span class='ocrx_word' id='word_1_271' title='bbox 443 2329 594 2382; x_wconf 93' lang='lat' dir='ltr'><strong>Dum</strong></span> <span class='ocrx_word' id='word_1_272' title='bbox 625 2332 863 2399; x_wconf 88' lang='lat' dir='ltr'><strong>pastore</strong></span> <span class='ocrx_word' id='word_1_273' title='bbox 895 2333 1074 2396; x_wconf 85' lang='lat' dir='ltr'><strong>caret,</strong></span> <span class='ocrx_word' id='word_1_274' title='bbox 1107 2329 1261 2386; x_wconf 84' lang='lat' dir='ltr'><strong>ﬂexo</strong></span> <span class='ocrx_word' id='word_1_275' title='bbox 1293 2330 1645 2400; x_wconf 87' lang='lat' dir='ltr'><strong>rogitamine</strong></span> <span class='ocrx_word' id='word_1_276' title='bbox 1679 2332 1886 2403; x_wconf 88' lang='lat' dir='ltr'><strong>poscit,</strong></span> <span class='ocrx_word' id='word_1_277' title='bbox 2211 2335 2472 2390; x_wconf 72' lang='lat' dir='ltr'><strong>Tristataa</strong></span> <span class='ocrx_word' id='word_1_278' title='bbox 2505 2335 2650 2406; x_wconf 78' lang='lat'><strong>(312)</strong></span> <span class='ocrx_word' id='word_1_279' title='bbox 2683 2334 2954 2402; x_wconf 87' lang='lat' dir='ltr'><strong>comites,</strong></span> <span class='ocrx_word' id='word_1_280' title='bbox 2981 2333 3148 2404; x_wconf 80' lang='lat' dir='ltr'><strong>vulgi</strong></span> <span class='ocrx_word' id='word_1_281' title='bbox 3175 2332 3520 2407; x_wconf 87' lang='lat' dir='ltr'><strong>promiscua</strong></span> <span class='ocrx_word' id='word_1_282' title='bbox 3547 2337 3806 2403; x_wconf 80' lang='lat' dir='ltr'><strong>strages,</strong></span> 
     </span>
    </p>
   </div>
   <div class='ocr_carea' id='block_1_27' title="bbox 443 2414 3639 2496">
    <p class='ocr_par' dir='ltr' id='par_1_27' title="bbox 443 2414 3639 2496">
     <span class='ocr_line' id='line_1_27' title="bbox 443 2414 3639 2496; baseline 0.002 -26"><span class='ocrx_word' id='word_1_283' title='bbox 443 2414 686 2470; x_wconf 91' lang='lat' dir='ltr'><strong>Ordinet</strong></span> <span class='ocrx_word' id='word_1_284' title='bbox 713 2419 780 2471; x_wconf 90' lang='lat' dir='ltr'><strong>ut</strong></span> <span class='ocrx_word' id='word_1_285' title='bbox 805 2433 1006 2472; x_wconf 90' lang='lat' dir='ltr'><strong>sacros</strong></span> <span class='ocrx_word' id='word_1_286' title='bbox 1036 2417 1272 2474; x_wconf 87' lang='lat' dir='ltr'><strong>decreto</strong></span> <span class='ocrx_word' id='word_1_287' title='bbox 1301 2435 1467 2474; x_wconf 88' lang='lat' dir='ltr'><strong>more</strong></span> <span class='ocrx_word' id='word_1_288' title='bbox 1491 2419 1814 2476; x_wconf 90' lang='lat' dir='ltr'><strong>ministros.</strong></span> <span class='ocrx_word' id='word_1_289' title='bbox 2215 2423 2486 2479; x_wconf 61' lang='lat' dir='ltr'><strong>Ecclesiae</strong></span> <span class='ocrx_word' id='word_1_290' title='bbox 2511 2439 2788 2496; x_wconf 89' lang='lat' dir='ltr'><strong>proceres</strong></span> <span class='ocrx_word' id='word_1_291' title='bbox 2821 2422 3010 2478; x_wconf 79' lang='lat' dir='ltr'><strong>sedem</strong></span> <span class='ocrx_word' id='word_1_292' title='bbox 3041 2438 3151 2496; x_wconf 90' lang='lat' dir='ltr'><strong>pro</strong></span> <span class='ocrx_word' id='word_1_293' title='bbox 3181 2437 3347 2478; x_wconf 92' lang='lat' dir='ltr'><strong>more</strong></span> <span class='ocrx_word' id='word_1_294' title='bbox 3371 2420 3639 2488; x_wconf 81' lang='lat' dir='ltr'><strong>beantes,</strong></span> 
     </span>
    </p>
   </div>
   <div class='ocr_carea' id='block_1_28' title="bbox 443 2503 3570 2579">
    <p class='ocr_par' dir='ltr' id='par_1_28' title="bbox 443 2503 3570 2579">
     <span class='ocr_line' id='line_1_28' title="bbox 443 2503 3570 2579; baseline 0.003 -23"><span class='ocrx_word' id='word_1_295' title='bbox 443 2503 544 2558; x_wconf 90' lang='lat' dir='ltr'><strong>His</strong></span> <span class='ocrx_word' id='word_1_296' title='bbox 574 2503 656 2560; x_wconf 90' lang='lat' dir='ltr'><strong>ita</strong></span> <span class='ocrx_word' id='word_1_297' title='bbox 687 2504 956 2575; x_wconf 85' lang='lat' dir='ltr'><strong>digestis,</strong></span> <span class='ocrx_word' id='word_1_298' title='bbox 991 2506 1218 2562; x_wconf 87' lang='lat' dir='ltr'><strong>natales</strong></span> <span class='ocrx_word' id='word_1_299' title='bbox 1247 2523 1530 2579; x_wconf 82' lang='lat' dir='ltr'><strong>prOSpere</strong></span> <span class='ocrx_word' id='word_1_300' title='bbox 1561 2508 1710 2563; x_wconf 80' lang='lat' dir='ltr'><strong>fines</strong></span> <span class='ocrx_word' id='word_1_301' title='bbox 2213 2516 2514 2570; x_wconf 89' lang='lat' dir='ltr'><strong>Ornarunt</strong></span> <span class='ocrx_word' id='word_1_302' title='bbox 2543 2513 2728 2568; x_wconf 89' lang='lat' dir='ltr'><strong>altare</strong></span> <span class='ocrx_word' id='word_1_303' title='bbox 2767 2513 2917 2570; x_wconf 91' lang='lat' dir='ltr'><strong>Petri</strong></span> <span class='ocrx_word' id='word_1_304' title='bbox 2945 2511 3059 2568; x_wconf 92' lang='lat' dir='ltr'><strong>sub</strong></span> <span class='ocrx_word' id='word_1_305' title='bbox 3087 2511 3316 2568; x_wconf 90' lang='lat' dir='ltr'><strong>honore</strong></span> <span class='ocrx_word' id='word_1_306' title='bbox 3345 2510 3570 2568; x_wconf 90' lang='lat' dir='ltr'><strong>canori.</strong></span> 
     </span>
    </p>
   </div>
   <div class='ocr_carea' id='block_1_29' title="bbox 445 2591 3712 2673">
    <p class='ocr_par' dir='ltr' id='par_1_29' title="bbox 445 2591 3712 2673">
     <span class='ocr_line' id='line_1_29' title="bbox 445 2591 3712 2673; baseline 0.003 -30"><span class='ocrx_word' id='word_1_307' title='bbox 445 2591 742 2645; x_wconf 84' lang='lat' dir='ltr'><strong>Asseculis</strong></span> <span class='ocrx_word' id='word_1_308' title='bbox 775 2591 958 2647; x_wconf 87' lang='lat' dir='ltr'><strong>fultus</strong></span> <span class='ocrx_word' id='word_1_309' title='bbox 979 2594 1190 2664; x_wconf 86' lang='lat' dir='ltr'><strong>repetit</strong></span> <span class='ocrx_word' id='word_1_310' title='bbox 1219 2593 1378 2648; x_wconf 86' lang='lat' dir='ltr'><strong>fastu</strong></span> <span class='ocrx_word' id='word_1_311' title='bbox 1406 2595 1532 2648; x_wconf 85' lang='lat' dir='ltr'><strong>sine</strong></span> <span class='ocrx_word' id='word_1_312' title='bbox 1563 2595 1788 2651; x_wconf 89' lang='lat' dir='ltr'><strong>multis.</strong></span> <span class='ocrx_word' id='word_1_313' title='bbox 2215 2603 2387 2658; x_wconf 87' lang='lat' dir='ltr'><strong>Stans</strong></span> <span class='ocrx_word' id='word_1_314' title='bbox 2417 2602 2476 2656; x_wconf 89' lang='lat' dir='ltr'><strong>in</strong></span> <span class='ocrx_word' id='word_1_315' title='bbox 2507 2601 2782 2656; x_wconf 89' lang='lat' dir='ltr'><strong>cancellis</strong></span> <span class='ocrx_word' id='word_1_316' title='bbox 2812 2601 2919 2657; x_wconf 89' lang='lat' dir='ltr'><strong>dat</strong></span> <span class='ocrx_word' id='word_1_317' title='bbox 2949 2601 3175 2657; x_wconf 90' lang='lat' dir='ltr'><strong>cunctis</strong></span> <span class='ocrx_word' id='word_1_318' title='bbox 3205 2615 3447 2673; x_wconf 86' lang='lat' dir='ltr'><strong>sperma</strong></span> <span class='ocrx_word' id='word_1_319' title='bbox 3476 2598 3712 2667; x_wconf 88' lang='lat' dir='ltr'><strong>salutis,</strong></span> 
     </span>
    </p>
   </div>
   <div class='ocr_carea' id='block_1_30' title="bbox 445 2677 3544 2764">
    <p class='ocr_par' dir='ltr' id='par_1_30' title="bbox 445 2677 3544 2764">
     <span class='ocr_line' id='line_1_30' title="bbox 445 2677 3544 2764; baseline 0.005 -33"><span class='ocrx_word' id='word_1_320' title='bbox 445 2677 644 2732; x_wconf 85' lang='lat' dir='ltr'><strong>Plures</strong></span> <span class='ocrx_word' id='word_1_321' title='bbox 674 2678 924 2733; x_wconf 86' lang='lat' dir='ltr'><strong>instituit</strong></span> <span class='ocrx_word' id='word_1_322' title='bbox 949 2681 1204 2736; x_wconf 88' lang='lat' dir='ltr'><strong>normali</strong></span> <span class='ocrx_word' id='word_1_323' title='bbox 1241 2681 1470 2737; x_wconf 85' lang='lat' dir='ltr'><strong>tramite</strong></span> <span class='ocrx_word' id='word_1_324' title='bbox 1511 2682 1710 2739; x_wconf 87' lang='lat' dir='ltr'><strong>cellas.</strong></span> <span class='ocrx_word' id='word_1_325' title='bbox 2213 2691 2473 2761; x_wconf 84' lang='lat' dir='ltr'><strong>Regibus</strong></span> <span class='ocrx_word' id='word_1_326' title='bbox 2502 2690 2702 2760; x_wconf 87' lang='lat' dir='ltr'><strong>edixit,</strong></span> <span class='ocrx_word' id='word_1_327' title='bbox 2735 2691 3101 2764; x_wconf 87' lang='lat' dir='ltr'><strong>repetitaque</strong></span> <span class='ocrx_word' id='word_1_328' title='bbox 3131 2705 3274 2746; x_wconf 89' lang='lat' dir='ltr'><strong>rura</strong></span> <span class='ocrx_word' id='word_1_329' title='bbox 3302 2691 3544 2763; x_wconf 86' lang='lat' dir='ltr'><strong>recepit,</strong></span> 
     </span>
    </p>
   </div>
   <div class='ocr_carea' id='block_1_31' title="bbox 446 2767 3548 2846">
    <p class='ocr_par' dir='ltr' id='par_1_31' title="bbox 446 2767 3548 2846">
     <span class='ocr_line' id='line_1_31' title="bbox 446 2767 3548 2846; baseline 0.004 -25"><span class='ocrx_word' id='word_1_330' title='bbox 446 2767 637 2822; x_wconf 89' lang='lat' dir='ltr'><strong>Vitam</strong></span> <span class='ocrx_word' id='word_1_331' title='bbox 663 2767 892 2840; x_wconf 90' lang='lat' dir='ltr'><strong>privato</strong></span> <span class='ocrx_word' id='word_1_332' title='bbox 925 2785 1160 2826; x_wconf 90' lang='lat' dir='ltr'><strong>servare</strong></span> <span class='ocrx_word' id='word_1_333' title='bbox 1192 2773 1478 2828; x_wconf 89' lang='lat' dir='ltr'><strong>monebat</strong></span> <span class='ocrx_word' id='word_1_334' title='bbox 1509 2773 1701 2846; x_wconf 88' lang='lat' dir='ltr'><strong>asylo.</strong></span> <span class='ocrx_word' id='word_1_335' title='bbox 2213 2781 2403 2838; x_wconf 90' lang='lat' dir='ltr'><strong>Verbo</strong></span> <span class='ocrx_word' id='word_1_336' title='bbox 2429 2796 2616 2836; x_wconf 91' lang='lat' dir='ltr'><strong>necne</strong></span> <span class='ocrx_word' id='word_1_337' title='bbox 2647 2780 2781 2836; x_wconf 88' lang='lat' dir='ltr'><strong>cibo</strong></span> <span class='ocrx_word' id='word_1_338' title='bbox 2813 2780 3009 2837; x_wconf 89' lang='lat' dir='ltr'><strong>triduo</strong></span> <span class='ocrx_word' id='word_1_339' title='bbox 3031 2779 3272 2836; x_wconf 90' lang='lat' dir='ltr'><strong>turbam</strong></span> <span class='ocrx_word' id='word_1_340' title='bbox 3294 2779 3548 2836; x_wconf 86' lang='lat' dir='ltr'><strong>satiavit.</strong></span> 
     </span>
    </p>
   </div>
   <div class='ocr_carea' id='block_1_32' title="bbox 448 2856 3589 2943">
    <p class='ocr_par' dir='ltr' id='par_1_32' title="bbox 448 2856 3589 2943">
     <span class='ocr_line' id='line_1_32' title="bbox 448 2856 3589 2943; baseline 0.004 -32"><span class='ocrx_word' id='word_1_341' title='bbox 448 2856 519 2912; x_wconf 93' lang='lat' dir='ltr'><strong>Se</strong></span> <span class='ocrx_word' id='word_1_342' title='bbox 543 2872 786 2930; x_wconf 92' lang='lat' dir='ltr'><strong>quoque</strong></span> <span class='ocrx_word' id='word_1_343' title='bbox 813 2858 1108 2914; x_wconf 90' lang='lat' dir='ltr'><strong>continuis</strong></span> <span class='ocrx_word' id='word_1_344' title='bbox 1137 2863 1221 2915; x_wconf 92' lang='lat' dir='ltr'><strong>ter</strong></span> <span class='ocrx_word' id='word_1_345' title='bbox 1249 2859 1412 2916; x_wconf 92' lang='lat' dir='ltr'><strong>ducti</strong></span> <span class='ocrx_word' id='word_1_346' title='bbox 1441 2861 1667 2918; x_wconf 90' lang='lat' dir='ltr'><strong>solibus</strong></span> <span class='ocrx_word' id='word_1_347' title='bbox 1699 2864 1842 2920; x_wconf 91' lang='lat' dir='ltr'><strong>anni</strong></span> <span class='ocrx_word' id='word_1_348' title='bbox 2215 2869 2452 2943; x_wconf 84' lang='lat' dir='ltr'><strong>Optima</strong></span> <span class='ocrx_word' id='word_1_349' title='bbox 2481 2885 2737 2943; x_wconf 70' lang='lat' dir='ltr'><strong>quicque</strong></span> <span class='ocrx_word' id='word_1_350' title='bbox 2769 2869 2930 2927; x_wconf 90' lang='lat' dir='ltr'><strong>dedit</strong></span> <span class='ocrx_word' id='word_1_351' title='bbox 2959 2869 3151 2926; x_wconf 91' lang='lat' dir='ltr'><strong>libens</strong></span> <span class='ocrx_word' id='word_1_352' title='bbox 3180 2870 3390 2927; x_wconf 90' lang='lat' dir='ltr'><strong>exenia</strong></span> <span class='ocrx_word' id='word_1_353' title='bbox 3425 2869 3589 2926; x_wconf 90' lang='lat' dir='ltr'><strong>miris</strong></span> 
     </span>
    </p>
   </div>
   <div class='ocr_carea' id='block_1_33' title="bbox 445 2945 3880 3051">
    <p class='ocr_par' dir='ltr' id='par_1_33' title="bbox 445 2945 3880 3051">
     <span class='ocr_line' id='line_1_33' title="bbox 445 2945 3880 3051; baseline 0.004 -52"><span class='ocrx_word' id='word_1_354' title='bbox 445 2945 930 3051; x_wconf 44' lang='lat' dir='ltr'><strong>accinxitsolitis</strong></span> <span class='ocrx_word' id='word_1_355' title='bbox 955 2947 1092 3051; x_wconf 67' lang='lat' dir='ltr'><strong>fidei</strong></span> <span class='ocrx_word' id='word_1_356' title='bbox 1123 2949 1503 3051; x_wconf 64' lang='lat' dir='ltr'><strong>pugnacibus</strong></span> <span class='ocrx_word' id='word_1_357' title='bbox 1529 2954 1711 3051; x_wconf 74' lang='lat' dir='ltr'><strong>armis</strong></span> <span class='ocrx_word' id='word_1_358' title='bbox 1741 2971 1752 3008; x_wconf 94' lang='lat'>:</span> <span class='ocrx_word' id='word_1_359' title='bbox 2135 2997 2176 3051; x_wconf 66' lang='grc' dir='ltr'><strong>Ο</strong></span> <span class='ocrx_word' id='word_1_360' title='bbox 2217 2958 2510 3014; x_wconf 88' lang='lat' dir='ltr'><strong>Deﬂorata</strong></span> <span class='ocrx_word' id='word_1_361' title='bbox 2533 2959 2748 3024; x_wconf 87' lang='lat' dir='ltr'><strong>modis.</strong></span> <span class='ocrx_word' id='word_1_362' title='bbox 2785 2958 3140 3032; x_wconf 90' lang='lat' dir='ltr'><strong>capsacibus</strong></span> <span class='ocrx_word' id='word_1_363' title='bbox 3171 2962 3351 3040; x_wconf 88' lang='lat' dir='ltr'><strong>atque</strong></span> <span class='ocrx_word' id='word_1_364' title='bbox 3375 2957 3645 3028; x_wconf 85' lang='lat' dir='ltr'><strong>gemellis</strong></span> <span class='ocrx_word' id='word_1_365' title='bbox 3691 2957 3880 3051; x_wconf 71' lang='lat' dir='ltr'><strong>(gem-</strong></span> 
     </span>
    </p>
   </div>
   <div class='ocr_carea' id='block_1_34' title="bbox 445 3034 3805 3117">
    <p class='ocr_par' dir='ltr' id='par_1_34' title="bbox 445 3034 3805 3117">
     <span class='ocr_line' id='line_1_34' title="bbox 445 3034 3805 3117; baseline 0.007 -27"><span class='ocrx_word' id='word_1_366' title='bbox 445 3036 559 3090; x_wconf 88' lang='lat' dir='ltr'><strong>Nec</strong></span> <span class='ocrx_word' id='word_1_367' title='bbox 581 3034 760 3091; x_wconf 90' lang='lat' dir='ltr'><strong>cessit</strong></span> <span class='ocrx_word' id='word_1_368' title='bbox 785 3035 896 3092; x_wconf 89' lang='lat' dir='ltr'><strong>diri</strong></span> <span class='ocrx_word' id='word_1_369' title='bbox 927 3037 1192 3109; x_wconf 89' lang='lat' dir='ltr'><strong>spolians</strong></span> <span class='ocrx_word' id='word_1_370' title='bbox 1225 3037 1505 3110; x_wconf 90' lang='lat' dir='ltr'><strong>capitolia</strong></span> <span class='ocrx_word' id='word_1_371' title='bbox 1534 3039 1699 3097; x_wconf 90' lang='lat' dir='ltr'><strong>furis.</strong></span> <span class='ocrx_word' id='word_1_372' title='bbox 2137 3034 2176 3051; x_wconf 60' lang='lat' dir='ltr'>u</span> <span class='ocrx_word' id='word_1_373' title='bbox 3263 3034 3278 3040; x_wconf 39' lang='grc'><strong><em>⁷</em></strong></span> <span class='ocrx_word' id='word_1_374' title='bbox 3571 3045 3805 3117; x_wconf 61' lang='lat' dir='ltr'><strong>[nulli-‘3)</strong></span> 
     </span>
    </p>
   </div>
   <div class='ocr_carea' id='block_1_35' title="bbox 717 3134 2342 3222">
    <p class='ocr_par' dir='ltr' id='par_1_35' title="bbox 717 3134 2342 3222">
     <span class='ocr_line' id='line_1_35' title="bbox 717 3134 2342 3222; baseline -0.002 -6"><span class='ocrx_word' id='word_1_375' title='bbox 717 3163 850 3217; x_wconf 81' lang='lat' dir='ltr'><strong>XIV.</strong></span> <span class='ocrx_word' id='word_1_376' title='bbox 891 3163 940 3216; x_wconf 87' lang='grc' dir='ltr'><em>Α</em></span> <span class='ocrx_word' id='word_1_377' title='bbox 979 3163 1280 3220; x_wconf 81' lang='lat' dir='ltr'><strong>Theodoro</strong></span> <span class='ocrx_word' id='word_1_378' title='bbox 1308 3165 1436 3221; x_wconf 83' lang='lat' dir='ltr'><strong>sedi</strong></span> <span class='ocrx_word' id='word_1_379' title='bbox 1459 3167 1816 3222; x_wconf 81' lang='lat' dir='ltr'><strong>restituitur.</strong></span> <span class='ocrx_word' id='word_1_380' title='bbox 2215 3134 2342 3190; x_wconf 74' lang='lat' dir='ltr'><strong>COd‘</strong></span> 
     </span>
    </p>
   </div>
   <div class='ocr_carea' id='block_1_36' title="bbox 2042 3134 3667 3222">
    <p class='ocr_par' dir='ltr' id='par_1_36' title="bbox 2215 3134 3667 3210">
     <span class='ocr_line' id='line_1_36' title="bbox 2215 3134 3667 3210; baseline 0.001 -21"><span class='ocrx_word' id='word_1_381' title='bbox 2215 3134 2414 3190; x_wconf 85' lang='lat' dir='ltr'><strong>Codex</strong></span> <span class='ocrx_word' id='word_1_382' title='bbox 2443 3140 2653 3192; x_wconf 89' lang='lat' dir='ltr'><strong>aurato</strong></span> <span class='ocrx_word' id='word_1_383' title='bbox 2679 3140 3002 3210; x_wconf 90' lang='lat' dir='ltr'><strong>conseptus</strong></span> <span class='ocrx_word' id='word_1_384' title='bbox 3027 3139 3362 3208; x_wconf 88' lang='lat' dir='ltr'><strong>grammate</strong></span> <span class='ocrx_word' id='word_1_385' title='bbox 3391 3136 3667 3209; x_wconf 89' lang='lat' dir='ltr'><strong>scriptus,</strong></span> 
     </span>
    </p>
   </div>
   <div class='ocr_carea' id='block_1_37' title="bbox 2211 3225 3872 3298">
    <p class='ocr_par' dir='ltr' id='par_1_37' title="bbox 2211 3225 3872 3298">
     <span class='ocr_line' id='line_1_37' title="bbox 2211 3225 3872 3298; baseline 0.001 -20"><span class='ocrx_word' id='word_1_386' title='bbox 2211 3225 2984 3296; x_wconf 79' lang='lat' dir='ltr'><strong>Auctus(si.:)evangelicum</strong></span> <span class='ocrx_word' id='word_1_387' title='bbox 3007 3241 3253 3281; x_wconf 89' lang='lat' dir='ltr'><strong>servans</strong></span> <span class='ocrx_word' id='word_1_388' title='bbox 3269 3225 3328 3281; x_wconf 90' lang='lat' dir='ltr'><strong>in</strong></span> <span class='ocrx_word' id='word_1_389' title='bbox 3351 3241 3602 3298; x_wconf 91' lang='lat' dir='ltr'><strong>corpore</strong></span> <span class='ocrx_word' id='word_1_390' title='bbox 3618 3227 3872 3280; x_wconf 84' lang='lat' dir='ltr'><strong>textum.</strong></span> 
     </span>
    </p>
   </div>
   <div class='ocr_carea' id='block_1_38' title="bbox 2213 3313 3742 3389">
    <p class='ocr_par' dir='ltr' id='par_1_38' title="bbox 2213 3313 3742 3389">
     <span class='ocr_line' id='line_1_38' title="bbox 2213 3313 3742 3389; baseline 0.001 -20"><span class='ocrx_word' id='word_1_391' title='bbox 2213 3317 2482 3387; x_wconf 88' lang='lat' dir='ltr'><strong>Cumque</strong></span> <span class='ocrx_word' id='word_1_392' title='bbox 2511 3315 2896 3384; x_wconf 86' lang='lat' dir='ltr'><strong>benignivolo</strong></span> <span class='ocrx_word' id='word_1_393' title='bbox 2924 3315 3282 3389; x_wconf 83' lang='lat' dir='ltr'><strong>persolveret</strong></span> <span class='ocrx_word' id='word_1_394' title='bbox 3303 3317 3508 3372; x_wconf 89' lang='lat' dir='ltr'><strong>omnia</strong></span> <span class='ocrx_word' id='word_1_395' title='bbox 3536 3313 3742 3381; x_wconf 88' lang='lat' dir='ltr'><strong>corde,</strong></span> 
     </span>
    </p>
   </div>
   <div class='ocr_carea' id='block_1_39' title="bbox 2213 3401 3496 3476">
    <p class='ocr_par' dir='ltr' id='par_1_39' title="bbox 2213 3401 3496 3476">
     <span class='ocr_line' id='line_1_39' title="bbox 2213 3401 3496 3476; baseline 0.003 -20"><span class='ocrx_word' id='word_1_396' title='bbox 2213 3401 2456 3458; x_wconf 85' lang='lat' dir='ltr'><strong>lnﬂatur</strong></span> <span class='ocrx_word' id='word_1_397' title='bbox 2485 3403 2650 3459; x_wconf 89' lang='lat' dir='ltr'><strong>nullo</strong></span> <span class='ocrx_word' id='word_1_398' title='bbox 2678 3406 2816 3459; x_wconf 86' lang='lat' dir='ltr'><strong>Jesu</strong></span> <span class='ocrx_word' id='word_1_399' title='bbox 2849 3403 3260 3460; x_wconf 88' lang='lat' dir='ltr'><strong>moderamine</strong></span> <span class='ocrx_word' id='word_1_400' title='bbox 3289 3403 3496 3476; x_wconf 80' lang='lat' dir='ltr'><strong>typho.</strong></span> 
     </span>
    </p>
   </div>
   <div class='ocr_carea' id='block_1_40' title="bbox 2212 3492 3566 3566">
    <p class='ocr_par' dir='ltr' id='par_1_40' title="bbox 2212 3492 3566 3566">
     <span class='ocr_line' id='line_1_40' title="bbox 2212 3492 3566 3566; baseline 0.001 -20"><span class='ocrx_word' id='word_1_401' title='bbox 2212 3492 2585 3566; x_wconf 85' lang='lat' dir='ltr'><strong>Quapropter</strong></span> <span class='ocrx_word' id='word_1_402' title='bbox 2609 3493 2820 3550; x_wconf 87' lang='lat' dir='ltr'><strong>merita</strong></span> <span class='ocrx_word' id='word_1_403' title='bbox 2849 3493 3107 3550; x_wconf 89' lang='lat' dir='ltr'><strong>donatus</strong></span> <span class='ocrx_word' id='word_1_404' title='bbox 3137 3492 3316 3563; x_wconf 86' lang='lat' dir='ltr'><strong>digne</strong></span> <span class='ocrx_word' id='word_1_405' title='bbox 3347 3493 3566 3548; x_wconf 84' lang='lat' dir='ltr'><strong>chorea.</strong></span> 
     </span>
    </p>
   </div>
   <div class='ocr_carea' id='block_1_41' title="bbox 2212 3579 3814 3655">
    <p class='ocr_par' dir='ltr' id='par_1_41' title="bbox 2212 3579 3814 3655">
     <span class='ocr_line' id='line_1_41' title="bbox 2212 3579 3814 3655; baseline -0.001 -19"><span class='ocrx_word' id='word_1_406' title='bbox 2212 3579 2446 3648; x_wconf 85' lang='lat' dir='ltr'><strong>Floruit,</strong></span> <span class='ocrx_word' id='word_1_407' title='bbox 2475 3585 2534 3636; x_wconf 91' lang='lat' dir='ltr'><strong>ut</strong></span> <span class='ocrx_word' id='word_1_408' title='bbox 2557 3581 2872 3654; x_wconf 89' lang='lat' dir='ltr'><strong>quondam</strong></span> <span class='ocrx_word' id='word_1_409' title='bbox 2901 3582 3082 3655; x_wconf 85' lang='lat' dir='ltr'><strong>Moysi</strong></span> <span class='ocrx_word' id='word_1_410' title='bbox 3113 3581 3229 3637; x_wconf 91' lang='lat' dir='ltr'><strong>sub</strong></span> <span class='ocrx_word' id='word_1_411' title='bbox 3257 3586 3524 3655; x_wconf 90' lang='lat' dir='ltr'><strong>tempore</strong></span> <span class='ocrx_word' id='word_1_412' title='bbox 3547 3581 3814 3654; x_wconf 82' lang='lat' dir='ltr'><strong>lampas,</strong></span> 
     </span>
    </p>
   </div>
   <div class='ocr_carea' id='block_1_42' title="bbox 2209 3667 3660 3743">
    <p class='ocr_par' dir='ltr' id='par_1_42' title="bbox 2209 3667 3660 3743">
     <span class='ocr_line' id='line_1_42' title="bbox 2209 3667 3660 3743; baseline 0.001 -20"><span class='ocrx_word' id='word_1_413' title='bbox 2209 3667 2482 3724; x_wconf 86' lang='lat' dir='ltr'><strong>Pandens</strong></span> <span class='ocrx_word' id='word_1_414' title='bbox 2511 3674 2746 3724; x_wconf 65' lang='lat' dir='ltr'><strong>aeternae</strong></span> <span class='ocrx_word' id='word_1_415' title='bbox 2774 3670 2984 3726; x_wconf 86' lang='lat' dir='ltr'><strong>callem</strong></span> <span class='ocrx_word' id='word_1_416' title='bbox 3017 3669 3394 3743; x_wconf 87' lang='lat' dir='ltr'><strong>patriamque</strong></span> <span class='ocrx_word' id='word_1_417' title='bbox 3421 3670 3660 3742; x_wconf 84' lang='lat' dir='ltr'><strong>quietis,</strong></span> 
     </span>
    </p>
   </div>
   <div class='ocr_carea' id='block_1_43' title="bbox 2207 3757 3768 3832">
    <p class='ocr_par' dir='ltr' id='par_1_43' title="bbox 2207 3757 3768 3832">
     <span class='ocr_line' id='line_1_43' title="bbox 2207 3757 3768 3832; baseline 0.001 -20"><span class='ocrx_word' id='word_1_418' title='bbox 2207 3761 2398 3829; x_wconf 85' lang='lat' dir='ltr'><strong>Atque</strong></span> <span class='ocrx_word' id='word_1_419' title='bbox 2428 3757 2644 3814; x_wconf 91' lang='lat' dir='ltr'><strong>domos</strong></span> <span class='ocrx_word' id='word_1_420' title='bbox 2671 3758 2909 3816; x_wconf 91' lang='lat' dir='ltr'><strong>sibimet</strong></span> <span class='ocrx_word' id='word_1_421' title='bbox 2931 3775 3162 3832; x_wconf 59' lang='lat' dir='ltr'><strong>supera:</strong></span> <span class='ocrx_word' id='word_1_422' title='bbox 3187 3758 3489 3829; x_wconf 87' lang='lat' dir='ltr'><strong>religionis</strong></span> <span class='ocrx_word' id='word_1_423' title='bbox 3517 3759 3768 3814; x_wconf 88' lang='lat' dir='ltr'><strong>amicas.</strong></span> 
     </span>
    </p>
   </div>
   <div class='ocr_carea' id='block_1_44' title="bbox 514 3287 1821 3364">
    <p class='ocr_par' dir='ltr' id='par_1_44' title="bbox 514 3287 1821 3364">
     <span class='ocr_line' id='line_1_44' title="bbox 514 3287 1821 3364; baseline 0.006 -23"><span class='ocrx_word' id='word_1_424' title='bbox 514 3287 781 3343; x_wconf 86' lang='lat' dir='ltr'><strong>Emensis</strong></span> <span class='ocrx_word' id='word_1_425' title='bbox 810 3287 990 3356; x_wconf 88' lang='lat' dir='ltr'><strong>igitur</strong></span> <span class='ocrx_word' id='word_1_426' title='bbox 1017 3289 1284 3361; x_wconf 69' lang='lat' dir='ltr'><strong>praedicti</strong></span> <span class='ocrx_word' id='word_1_427' title='bbox 1311 3291 1596 3364; x_wconf 89' lang='lat' dir='ltr'><strong>temporis</strong></span> <span class='ocrx_word' id='word_1_428' title='bbox 1625 3293 1821 3360; x_wconf 89' lang='lat' dir='ltr'><strong>annis,</strong></span> 
     </span>
    </p>
   </div>
   <div class='ocr_carea' id='block_1_45' title="bbox 441 3374 1825 3449">
    <p class='ocr_par' dir='ltr' id='par_1_45' title="bbox 441 3374 1825 3449">
     <span class='ocr_line' id='line_1_45' title="bbox 441 3374 1825 3449; baseline 0.002 -18"><span class='ocrx_word' id='word_1_429' title='bbox 441 3374 676 3432; x_wconf 84' lang='lat' dir='ltr'><strong>Mittitur</strong></span> <span class='ocrx_word' id='word_1_430' title='bbox 699 3375 976 3430; x_wconf 84' lang='lat' dir='ltr'><strong>Ausoniis</strong></span> <span class='ocrx_word' id='word_1_431' title='bbox 1005 3381 1318 3448; x_wconf 89' lang='lat' dir='ltr'><strong>pastorum</strong></span> <span class='ocrx_word' id='word_1_432' title='bbox 1347 3378 1569 3449; x_wconf 65' lang='lat' dir='ltr'><strong>praesul</strong></span> <span class='ocrx_word' id='word_1_433' title='bbox 1599 3379 1677 3434; x_wconf 92' lang='lat' dir='ltr'><strong>ab</strong></span> <span class='ocrx_word' id='word_1_434' title='bbox 1705 3381 1825 3436; x_wconf 87' lang='lat' dir='ltr'><strong>oris</strong></span> 
     </span>
    </p>
   </div>
   <div class='ocr_carea' id='block_1_46' title="bbox 441 3463 1668 3536">
    <p class='ocr_par' dir='ltr' id='par_1_46' title="bbox 441 3463 1668 3536">
     <span class='ocr_line' id='line_1_46' title="bbox 441 3463 1668 3536; baseline 0.003 -18"><span class='ocrx_word' id='word_1_435' title='bbox 441 3463 642 3518; x_wconf 90' lang='lat' dir='ltr'><strong>Cultor</strong></span> <span class='ocrx_word' id='word_1_436' title='bbox 659 3463 906 3532; x_wconf 73' lang='lat' dir='ltr'><strong>justitize</strong></span> <span class='ocrx_word' id='word_1_437' title='bbox 944 3463 1288 3519; x_wconf 88' lang='lat' dir='ltr'><strong>Theodorus</strong></span> <span class='ocrx_word' id='word_1_438' title='bbox 1318 3482 1388 3520; x_wconf 91' lang='lat' dir='ltr'><strong>ac</strong></span> <span class='ocrx_word' id='word_1_439' title='bbox 1419 3466 1668 3536; x_wconf 89' lang='lat' dir='ltr'><strong>pietatis.</strong></span> 
     </span>
    </p>
   </div>
   <div class='ocr_carea' id='block_1_47' title="bbox 443 3550 1848 3624">
    <p class='ocr_par' dir='ltr' id='par_1_47' title="bbox 443 3550 1848 3624">
     <span class='ocr_line' id='line_1_47' title="bbox 443 3550 1848 3624; baseline 0.004 -18"><span class='ocrx_word' id='word_1_440' title='bbox 443 3550 740 3621; x_wconf 90' lang='lat' dir='ltr'><strong>Comperit</strong></span> <span class='ocrx_word' id='word_1_441' title='bbox 769 3555 833 3605; x_wconf 93' lang='lat' dir='ltr'><strong>ut</strong></span> <span class='ocrx_word' id='word_1_442' title='bbox 854 3552 1083 3620; x_wconf 88' lang='lat' dir='ltr'><strong>justum</strong></span> <span class='ocrx_word' id='word_1_443' title='bbox 1115 3552 1328 3608; x_wconf 90' lang='lat' dir='ltr'><strong>collata</strong></span> <span class='ocrx_word' id='word_1_444' title='bbox 1356 3554 1495 3608; x_wconf 87' lang='lat' dir='ltr'><strong>sede</strong></span> <span class='ocrx_word' id='word_1_445' title='bbox 1521 3555 1848 3624; x_wconf 86' lang='lat' dir='ltr'><strong>revulsum,</strong></span> 
     </span>
    </p>
   </div>
   <div class='ocr_carea' id='block_1_48' title="bbox 440 3637 1751 3713">
    <p class='ocr_par' dir='ltr' id='par_1_48' title="bbox 440 3637 1751 3713">
     <span class='ocr_line' id='line_1_48' title="bbox 440 3637 1751 3713; baseline 0.005 -20"><span class='ocrx_word' id='word_1_446' title='bbox 440 3641 504 3693; x_wconf 90' lang='lat' dir='ltr'><strong>In</strong></span> <span class='ocrx_word' id='word_1_447' title='bbox 535 3653 856 3692; x_wconf 89' lang='lat' dir='ltr'><strong>commune</strong></span> <span class='ocrx_word' id='word_1_448' title='bbox 887 3637 1046 3693; x_wconf 90' lang='lat' dir='ltr'><strong>dolet</strong></span> <span class='ocrx_word' id='word_1_449' title='bbox 1073 3639 1306 3694; x_wconf 76' lang='lat' dir='ltr'><strong>violatae</strong></span> <span class='ocrx_word' id='word_1_450' title='bbox 1339 3639 1562 3698; x_wconf 69' lang='lat' dir='ltr'><strong>foedera</strong></span> <span class='ocrx_word' id='word_1_451' title='bbox 1586 3643 1751 3713; x_wconf 86' lang='lat' dir='ltr'><strong>legis.</strong></span> 
     </span>
    </p>
   </div>
   <div class='ocr_carea' id='block_1_49' title="bbox 439 3725 1900 3806">
    <p class='ocr_par' dir='ltr' id='par_1_49' title="bbox 439 3725 1900 3806">
     <span class='ocr_line' id='line_1_49' title="bbox 439 3725 1900 3806; baseline 0.006 -25"><span class='ocrx_word' id='word_1_452' title='bbox 439 3729 568 3782; x_wconf 86' lang='lat' dir='ltr'><strong>Mox</strong></span> <span class='ocrx_word' id='word_1_453' title='bbox 595 3725 824 3781; x_wconf 84' lang='lat' dir='ltr'><strong>foribus</strong></span> <span class='ocrx_word' id='word_1_454' title='bbox 851 3727 1038 3799; x_wconf 78' lang='lat' dir='ltr'><strong>raptis</strong></span> <span class='ocrx_word' id='word_1_455' title='bbox 1061 3727 1348 3784; x_wconf 79' lang='lat' dir='ltr'><strong>Cceddam</strong></span> <span class='ocrx_word' id='word_1_456' title='bbox 1379 3729 1648 3800; x_wconf 89' lang='lat' dir='ltr'><strong>dimovit,</strong></span> <span class='ocrx_word' id='word_1_457' title='bbox 1680 3737 1736 3788; x_wconf 92' lang='lat' dir='ltr'><strong>et</strong></span> <span class='ocrx_word' id='word_1_458' title='bbox 1764 3738 1900 3806; x_wconf 87' lang='lat' dir='ltr'><strong>apte</strong></span> 
     </span>
    </p>
   </div>
   <div class='ocr_carea' id='block_1_50' title="bbox 439 3815 2563 3894">
    <p class='ocr_par' dir='ltr' id='par_1_50' title="bbox 439 3815 2563 3894">
     <span class='ocr_line' id='line_1_50' title="bbox 439 3815 2563 3894; baseline 0.008 -25"><span class='ocrx_word' id='word_1_459' title='bbox 439 3815 700 3871; x_wconf 70' lang='lat' dir='ltr'><strong>Praefecit</strong></span> <span class='ocrx_word' id='word_1_460' title='bbox 726 3832 786 3870; x_wconf 90' lang='lat' dir='ltr'><strong>se</strong></span> <span class='ocrx_word' id='word_1_461' title='bbox 811 3815 850 3870; x_wconf 90' lang='lat' dir='ltr'><strong>li</strong></span> <span class='ocrx_word' id='word_1_462' title='bbox 881 3815 1130 3885; x_wconf 92' lang='lat' dir='ltr'><strong>longum</strong></span> <span class='ocrx_word' id='word_1_463' title='bbox 1158 3823 1398 3889; x_wconf 89' lang='lat' dir='ltr'><strong>pastore</strong></span> <span class='ocrx_word' id='word_1_464' title='bbox 1429 3821 1686 3888; x_wconf 89' lang='lat' dir='ltr'><strong>vacanti,</strong></span> <span class='ocrx_word' id='word_1_465' title='bbox 2391 3883 2429 3894; x_wconf 52' lang='grc' dir='ltr'>η</span> <span class='ocrx_word' id='word_1_466' title='bbox 2524 3884 2563 3894; x_wconf 78' lang='lat'><strong>_,</strong></span> 
     </span>
    </p>
   </div>
   <div class='ocr_carea' id='block_1_51' title="bbox 439 3881 3876 3982">
    <p class='ocr_par' dir='ltr' id='par_1_51' title="bbox 439 3881 3876 3982">
     <span class='ocr_line' id='line_1_51' title="bbox 439 3881 3876 3982; baseline 0.004 -25"><span class='ocrx_word' id='word_1_467' title='bbox 439 3903 893 3977; x_wconf 86' lang='lat' dir='ltr'><strong>Wilfridumque</strong></span> <span class='ocrx_word' id='word_1_468' title='bbox 926 3881 1047 3959; x_wconf 76' lang='lat' dir='ltr'><strong>suis</strong></span> <span class='ocrx_word' id='word_1_469' title='bbox 1077 3881 1373 3963; x_wconf 80' lang='lat' dir='ltr'><strong>redimivit</strong></span> <span class='ocrx_word' id='word_1_470' title='bbox 1401 3881 1684 3982; x_wconf 40' lang='lat' dir='ltr'><strong>protinus.</strong></span> <span class='ocrx_word' id='word_1_471' title='bbox 1707 3911 1877 3966; x_wconf 88' lang='lat' dir='ltr'><strong>aulis.</strong></span> <span class='ocrx_word' id='word_1_472' title='bbox 2207 3881 2346 3937; x_wconf 63' lang='lat' dir='ltr'><strong>xvl&#39;</strong></span> <span class='ocrx_word' id='word_1_473' title='bbox 2375 3883 2722 3982; x_wconf 42' lang='grc' dir='ltr'><strong>Βαρτέίαίω</strong></span> <span class='ocrx_word' id='word_1_474' title='bbox 2753 3885 3088 3982; x_wconf 52' lang='grc' dir='ltr'><strong>σοηνῖΐπιιὲζ·</strong></span> <span class='ocrx_word' id='word_1_475' title='bbox 3115 3886 3378 3982; x_wconf 47' lang='grc' dir='ltr'><strong>αφ’τέω</strong></span> <span class='ocrx_word' id='word_1_476' title='bbox 3411 3891 3714 3982; x_wconf 53' lang='lat' dir='ltr'><strong>martum&quot;</strong></span> <span class='ocrx_word' id='word_1_477' title='bbox 3749 3901 3876 3939; x_wconf 68' lang='grc'><strong>⁵⁸⁸³⁸</strong></span> 
     </span>
    </p>
   </div>
   <div class='ocr_carea' id='block_1_52' title="bbox 442 3973 2067 4069">
    <p class='ocr_par' dir='ltr' id='par_1_52' title="bbox 442 3973 1706 4069">
     <span class='ocr_line' id='line_1_52' title="bbox 442 3973 1706 4069; baseline 0.006 -22"><span class='ocrx_word' id='word_1_478' title='bbox 442 3992 535 4048; x_wconf 92' lang='lat' dir='ltr'><strong>Sic</strong></span> <span class='ocrx_word' id='word_1_479' title='bbox 562 3973 1042 4066; x_wconf 47' lang='lat' dir='ltr'><strong>patiens—meruit</strong></span> <span class='ocrx_word' id='word_1_480' title='bbox 1065 3994 1280 4051; x_wconf 90' lang='lat' dir='ltr'><strong>collato</strong></span> <span class='ocrx_word' id='word_1_481' title='bbox 1301 3973 1434 4067; x_wconf 66' lang='lat' dir='ltr'><strong>jure</strong></span> <span class='ocrx_word' id='word_1_482' title='bbox 1465 3999 1706 4069; x_wconf 89' lang='lat' dir='ltr'><strong>pacisci.</strong></span> 
     </span>
    </p>
   </div>
   <div class='ocr_carea' id='block_1_53' title="bbox 2022 3973 3647 4069">
    <p class='ocr_par' dir='ltr' id='par_1_53' title="bbox 2421 3973 3647 4044">
     <span class='ocr_line' id='line_1_53' title="bbox 2421 3973 3647 4044; baseline 0.002 -16"><span class='ocrx_word' id='word_1_483' title='bbox 2421 3973 2589 4041; x_wconf 83' lang='lat' dir='ltr'><strong>citat,</strong></span> <span class='ocrx_word' id='word_1_484' title='bbox 2621 3987 2868 4044; x_wconf 84' lang='lat' dir='ltr'><strong>eumque</strong></span> <span class='ocrx_word' id='word_1_485' title='bbox 2899 3974 3162 4044; x_wconf 81' lang='lat' dir='ltr'><strong>baptizat</strong></span> <span class='ocrx_word' id='word_1_486' title='bbox 3191 3979 3246 4030; x_wconf 86' lang='lat' dir='ltr'><strong>et</strong></span> <span class='ocrx_word' id='word_1_487' title='bbox 3273 3975 3394 4030; x_wconf 87' lang='lat' dir='ltr'><strong>Deo</strong></span> <span class='ocrx_word' id='word_1_488' title='bbox 3423 3981 3647 4032; x_wconf 74' lang='lat' dir='ltr'><strong>sacraL</strong></span> 
     </span>
    </p>
   </div>
   <div class='ocr_carea' id='block_1_54' title="bbox 509 4076 3872 4190">
    <p class='ocr_par' dir='ltr' id='par_1_54' title="bbox 509 4076 3872 4190">
     <span class='ocr_line' id='line_1_54' title="bbox 509 4076 3872 4190; baseline 0.007 -21"><span class='ocrx_word' id='word_1_489' title='bbox 509 4116 615 4171; x_wconf 88' lang='lat' dir='ltr'><strong>XV.</strong></span> <span class='ocrx_word' id='word_1_490' title='bbox 651 4117 956 4186; x_wconf 63' lang='lat' dir='ltr'><strong>Tampium</strong></span> <span class='ocrx_word' id='word_1_491' title='bbox 987 4120 1258 4176; x_wconf 84' lang='lat' dir='ltr'><strong>resarcit.</strong></span> <span class='ocrx_word' id='word_1_492' title='bbox 1292 4122 1360 4175; x_wconf 87' lang='lat' dir='ltr'><em>H</em></span> <span class='ocrx_word' id='word_1_493' title='bbox 1371 4123 1684 4190; x_wconf 78' lang='lat' dir='ltr'><strong>Bipensem</strong></span> <span class='ocrx_word' id='word_1_494' title='bbox 1715 4125 2022 4182; x_wconf 80' lang='lat' dir='ltr'><strong>basilicam</strong></span> <span class='ocrx_word' id='word_1_495' title='bbox 2279 4076 2430 4142; x_wconf 67' lang='lat' dir='ltr'><strong>Onid</strong></span> <span class='ocrx_word' id='word_1_496' title='bbox 2453 4077 2482 4132; x_wconf 71' lang='lat'><strong><em>?</em></strong></span> <span class='ocrx_word' id='word_1_497' title='bbox 2511 4077 2725 4150; x_wconf 60' lang='lat' dir='ltr'><strong>bquar</strong></span> <span class='ocrx_word' id='word_1_498' title='bbox 2749 4095 2826 4136; x_wconf 67' lang='lat' dir='ltr'><strong>an</strong></span> <span class='ocrx_word' id='word_1_499' title='bbox 2853 4079 3060 4136; x_wconf 57' lang='lat' dir='ltr'><strong>sucum</strong></span> <span class='ocrx_word' id='word_1_500' title='bbox 3081 4081 3109 4136; x_wconf 71' lang='lat'><strong>?</strong></span> <span class='ocrx_word' id='word_1_501' title='bbox 3139 4079 3308 4137; x_wconf 67' lang='lat' dir='ltr'><strong>verbi</strong></span> <span class='ocrx_word' id='word_1_502' title='bbox 3334 4080 3434 4150; x_wconf 64' lang='lat' dir='ltr'><strong>da’</strong></span> <span class='ocrx_word' id='word_1_503' title='bbox 3477 4081 3872 4190; x_wconf 43' lang='lat' dir='ltr'><strong>Cilli‘filu&#39;</strong></span> 
     </span>
    </p>
   </div>
   <div class='ocr_carea' id='block_1_55' title="bbox 1293 4185 3796 4226">
    <p class='ocr_par' dir='ltr' id='par_1_55' title="bbox 1293 4185 3796 4226">
     <span class='ocr_line' id='line_1_55' title="bbox 1293 4185 3796 4226; baseline 0 0"><span class='ocrx_word' id='word_1_504' title='bbox 1293 4195 1321 4226; x_wconf 55' lang='grc' dir='ltr'>ζ</span> <span class='ocrx_word' id='word_1_505' title='bbox 1346 4216 1358 4226; x_wconf 91' lang='grc'>.</span> <span class='ocrx_word' id='word_1_506' title='bbox 1446 4185 1458 4190; x_wconf 86' lang='grc'><strong><em>“</em></strong></span> <span class='ocrx_word' id='word_1_507' title='bbox 3497 4185 3796 4226; x_wconf 81' lang='lat' dir='ltr'><strong>rcernam.</strong></span> 
     </span>
    </p>
   </div>
   <div class='ocr_carea' id='block_1_56' title="bbox 1157 4170 3584 4331">
    <p class='ocr_par' dir='ltr' id='par_1_56' title="bbox 1157 4170 3584 4331">
     <span class='ocr_line' id='line_1_56' title="bbox 1157 4170 3584 4269; baseline 0.002 -5"><span class='ocrx_word' id='word_1_508' title='bbox 1157 4195 1380 4266; x_wconf 68' lang='lat' dir='ltr'><strong>sacrat.</strong></span> <span class='ocrx_word' id='word_1_509' title='bbox 1446 4170 1480 4190; x_wconf 53' lang='grc' dir='ltr'><strong>Γ</strong></span> <span class='ocrx_word' id='word_1_510' title='bbox 2295 4254 2306 4266; x_wconf 95' lang='grc'><strong>.</strong></span> <span class='ocrx_word' id='word_1_511' title='bbox 2581 4255 2590 4265; x_wconf 95' lang='grc'>.</span> <span class='ocrx_word' id='word_1_512' title='bbox 2642 4256 2651 4266; x_wconf 95' lang='grc'>.</span> <span class='ocrx_word' id='word_1_513' title='bbox 2729 4256 2739 4266; x_wconf 95' lang='grc'><em>.</em></span> <span class='ocrx_word' id='word_1_514' title='bbox 2911 4257 2923 4269; x_wconf 94' lang='grc'><strong><em>.</em></strong></span> <span class='ocrx_word' id='word_1_515' title='bbox 3497 4170 3584 4241; x_wconf 58' lang='lat' dir='ltr'><strong>fee</strong></span> 
     </span>
     <span class='ocr_line' id='line_1_57' title="bbox 2209 4255 3584 4331; baseline 0.002 -21"><span class='ocrx_word' id='word_1_516' title='bbox 2209 4257 2504 4326; x_wconf 70' lang='lat' dir='ltr'><strong>Exrguum</strong></span> <span class='ocrx_word' id='word_1_517' title='bbox 2533 4255 2675 4323; x_wconf 82' lang='lat' dir='ltr'><strong>dun,</strong></span> <span class='ocrx_word' id='word_1_518' title='bbox 2703 4255 2878 4313; x_wconf 79' lang='lat' dir='ltr'><strong>liceat</strong></span> <span class='ocrx_word' id='word_1_519' title='bbox 2902 4273 3030 4328; x_wconf 76' lang='lat' dir='ltr'><strong>Jam</strong></span> <span class='ocrx_word' id='word_1_520' title='bbox 3061 4273 3342 4331; x_wconf 89' lang='lat' dir='ltr'><strong>rumpere</strong></span> <span class='ocrx_word' id='word_1_521' title='bbox 3369 4258 3584 4330; x_wconf 89' lang='lat' dir='ltr'><strong>longas</strong></span> 
     </span>
    </p>
   </div>
   <div class='ocr_carea' id='block_1_57' title="bbox 507 4327 3628 4420">
    <p class='ocr_par' dir='ltr' id='par_1_57' title="bbox 507 4327 3628 4420">
     <span class='ocr_line' id='line_1_58' title="bbox 507 4327 3628 4420; baseline 0.007 -38"><span class='ocrx_word' id='word_1_522' title='bbox 507 4327 791 4420; x_wconf 78' lang='lat' dir='ltr'><strong>Redditus</strong></span> <span class='ocrx_word' id='word_1_523' title='bbox 830 4345 972 4420; x_wconf 80' lang='lat' dir='ltr'><strong>ergo</strong></span> <span class='ocrx_word' id='word_1_524' title='bbox 1003 4333 1144 4420; x_wconf 80' lang='lat' dir='ltr'><strong>suis,</strong></span> <span class='ocrx_word' id='word_1_525' title='bbox 1173 4332 1435 4420; x_wconf 87' lang='lat' dir='ltr'><strong>instabat</strong></span> <span class='ocrx_word' id='word_1_526' title='bbox 1463 4336 1757 4407; x_wconf 90' lang='lat' dir='ltr'><strong>promtius</strong></span> <span class='ocrx_word' id='word_1_527' title='bbox 1785 4337 1918 4395; x_wconf 91' lang='lat' dir='ltr'><strong>illis.</strong></span> <span class='ocrx_word' id='word_1_528' title='bbox 2121 4344 2166 4396; x_wconf 92' lang='lat' dir='ltr'>D</span> <span class='ocrx_word' id='word_1_529' title='bbox 2205 4343 2440 4400; x_wconf 90' lang='lat' dir='ltr'><strong>Inscitia</strong></span> <span class='ocrx_word' id='word_1_530' title='bbox 2465 4349 2712 4414; x_wconf 90' lang='lat' dir='ltr'><strong>cogente</strong></span> <span class='ocrx_word' id='word_1_531' title='bbox 2742 4327 2964 4410; x_wconf 83' lang='lat' dir='ltr'><strong>moras,</strong></span> <span class='ocrx_word' id='word_1_532' title='bbox 2995 4361 3070 4403; x_wconf 91' lang='lat' dir='ltr'><strong>ne</strong></span> <span class='ocrx_word' id='word_1_533' title='bbox 3097 4327 3303 4418; x_wconf 80' lang='lat' dir='ltr'><strong>lingua</strong></span> <span class='ocrx_word' id='word_1_534' title='bbox 3331 4327 3628 4420; x_wconf 74' lang='lat' dir='ltr'><strong>pudorem</strong></span> 
     </span>
    </p>
   </div>
   <div class='ocr_carea' id='block_1_58' title="bbox 436 4414 3870 4508">
    <p class='ocr_par' dir='ltr' id='par_1_58' title="bbox 436 4414 3870 4508">
     <span class='ocr_line' id='line_1_59' title="bbox 436 4414 3870 4508; baseline 0.007 -39"><span class='ocrx_word' id='word_1_535' title='bbox 436 4414 709 4508; x_wconf 62' lang='lat' dir='ltr'><strong>Ecclesiae</strong></span> <span class='ocrx_word' id='word_1_536' title='bbox 738 4433 880 4508; x_wconf 79' lang='lat' dir='ltr'><strong>vero</strong></span> <span class='ocrx_word' id='word_1_537' title='bbox 911 4418 1266 4508; x_wconf 71' lang='lat' dir='ltr'><strong>fundamina</strong></span> <span class='ocrx_word' id='word_1_538' title='bbox 1297 4437 1469 4478; x_wconf 88' lang='lat' dir='ltr'><strong>cassa</strong></span> <span class='ocrx_word' id='word_1_539' title='bbox 1497 4428 1766 4494; x_wconf 67' lang='lat' dir='ltr'><strong>vetustae,</strong></span> <span class='ocrx_word' id='word_1_540' title='bbox 2203 4433 2576 4490; x_wconf 65' lang='lat' dir='ltr'><strong>Praesumtrix</strong></span> <span class='ocrx_word' id='word_1_541' title='bbox 2605 4433 2816 4492; x_wconf 88' lang='lat' dir='ltr'><strong>tulerit.</strong></span> <span class='ocrx_word' id='word_1_542' title='bbox 2845 4436 3050 4508; x_wconf 84' lang='lat' dir='ltr'><strong>Neque</strong></span> <span class='ocrx_word' id='word_1_543' title='bbox 3079 4414 3240 4493; x_wconf 77' lang='lat' dir='ltr'><strong>enim</strong></span> <span class='ocrx_word' id='word_1_544' title='bbox 3271 4414 3452 4494; x_wconf 80' lang='lat' dir='ltr'><strong>modo</strong></span> <span class='ocrx_word' id='word_1_545' title='bbox 3492 4436 3714 4492; x_wconf 77' lang='lat' dir='ltr'><strong>suﬁlcit</strong></span> <span class='ocrx_word' id='word_1_546' title='bbox 3745 4437 3870 4494; x_wconf 84' lang='lat' dir='ltr'><strong>ulla</strong></span> 
     </span>
    </p>
   </div>
   <div class='ocr_carea' id='block_1_59' title="bbox 437 4503 3568 4596">
    <p class='ocr_par' dir='ltr' id='par_1_59' title="bbox 437 4503 3568 4596">
     <span class='ocr_line' id='line_1_60' title="bbox 437 4503 3568 4596; baseline 0.008 -39"><span class='ocrx_word' id='word_1_547' title='bbox 437 4503 710 4596; x_wconf 65' lang='lat' dir='ltr'><strong>Culmina</strong></span> <span class='ocrx_word' id='word_1_548' title='bbox 738 4503 971 4596; x_wconf 84' lang='lat' dir='ltr'><strong>dissuto</strong></span> <span class='ocrx_word' id='word_1_549' title='bbox 1000 4505 1310 4596; x_wconf 81' lang='lat' dir='ltr'><strong>violabant</strong></span> <span class='ocrx_word' id='word_1_550' title='bbox 1333 4509 1496 4564; x_wconf 89' lang='lat' dir='ltr'><strong>trabe</strong></span> <span class='ocrx_word' id='word_1_551' title='bbox 1519 4511 1858 4582; x_wconf 88' lang='lat' dir='ltr'><strong>palumbes.</strong></span> <span class='ocrx_word' id='word_1_552' title='bbox 2201 4521 2492 4578; x_wconf 87' lang='lat' dir='ltr'><strong>Virtutum</strong></span> <span class='ocrx_word' id='word_1_553' title='bbox 2521 4523 2770 4595; x_wconf 88' lang='lat' dir='ltr'><strong>pelagus</strong></span> <span class='ocrx_word' id='word_1_554' title='bbox 2799 4503 3144 4596; x_wconf 75' lang='lat' dir='ltr'><strong>percurrere</strong></span> <span class='ocrx_word' id='word_1_555' title='bbox 3172 4526 3278 4584; x_wconf 88' lang='lat' dir='ltr'><strong>rite</strong></span> <span class='ocrx_word' id='word_1_556' title='bbox 3307 4531 3568 4594; x_wconf 91' lang='lat' dir='ltr'><strong>tuarum,</strong></span> 
     </span>
    </p>
   </div>
   <div class='ocr_carea' id='block_1_60' title="bbox 432 4591 3568 4689">
    <p class='ocr_par' dir='ltr' id='par_1_60' title="bbox 432 4591 3568 4689">
     <span class='ocr_line' id='line_1_61' title="bbox 432 4591 3568 4689; baseline 0.009 -43"><span class='ocrx_word' id='word_1_557' title='bbox 432 4591 694 4648; x_wconf 86' lang='lat' dir='ltr'><strong>Humida</strong></span> <span class='ocrx_word' id='word_1_558' title='bbox 724 4594 974 4650; x_wconf 92' lang='lat' dir='ltr'><strong>contrito</strong></span> <span class='ocrx_word' id='word_1_559' title='bbox 1000 4593 1305 4652; x_wconf 89' lang='lat' dir='ltr'><strong>stillabant</strong></span> <span class='ocrx_word' id='word_1_560' title='bbox 1328 4612 1529 4653; x_wconf 88' lang='lat' dir='ltr'><strong>assere</strong></span> <span class='ocrx_word' id='word_1_561' title='bbox 1560 4603 1712 4656; x_wconf 88' lang='lat' dir='ltr'><strong>tecta</strong></span> <span class='ocrx_word' id='word_1_562' title='bbox 1745 4620 1758 4657; x_wconf 88' lang='lat'><strong>:</strong></span> <span class='ocrx_word' id='word_1_563' title='bbox 2202 4613 2363 4678; x_wconf 88' lang='lat' dir='ltr'><strong>Quas</strong></span> <span class='ocrx_word' id='word_1_564' title='bbox 2385 4591 2766 4670; x_wconf 38' lang='lat' dir='ltr'><strong>meruere‘tui</strong></span> <span class='ocrx_word' id='word_1_565' title='bbox 2798 4591 2905 4686; x_wconf 78' lang='lat' dir='ltr'><strong>per</strong></span> <span class='ocrx_word' id='word_1_566' title='bbox 2933 4617 2990 4670; x_wconf 90' lang='lat' dir='ltr'><strong>te</strong></span> <span class='ocrx_word' id='word_1_567' title='bbox 3019 4616 3320 4689; x_wconf 90' lang='lat' dir='ltr'><strong>complere</strong></span> <span class='ocrx_word' id='word_1_568' title='bbox 3351 4591 3568 4672; x_wconf 73' lang='lat' dir='ltr'><strong>coloni.</strong></span> 
     </span>
    </p>
   </div>
   <div class='ocr_carea' id='block_1_61' title="bbox 435 4681 3794 4774">
    <p class='ocr_par' dir='ltr' id='par_1_61' title="bbox 435 4681 3794 4774">
     <span class='ocr_line' id='line_1_62' title="bbox 435 4681 3794 4774; baseline 0.007 -38"><span class='ocrx_word' id='word_1_569' title='bbox 435 4681 639 4774; x_wconf 53' lang='lat' dir='ltr'><strong>bivida</strong></span> <span class='ocrx_word' id='word_1_570' title='bbox 656 4683 893 4774; x_wconf 78' lang='lat' dir='ltr'><strong>nudato</strong></span> <span class='ocrx_word' id='word_1_571' title='bbox 912 4687 1296 4774; x_wconf 75' lang='lat' dir='ltr'><strong>suggrundia</strong></span> <span class='ocrx_word' id='word_1_572' title='bbox 1321 4688 1543 4760; x_wconf 89' lang='lat' dir='ltr'><strong>pariete</strong></span> <span class='ocrx_word' id='word_1_573' title='bbox 1573 4706 1754 4762; x_wconf 90' lang='lat' dir='ltr'><strong>passa</strong></span> <span class='ocrx_word' id='word_1_574' title='bbox 2201 4702 2268 4755; x_wconf 90' lang='lat' dir='ltr'><strong>Et</strong></span> <span class='ocrx_word' id='word_1_575' title='bbox 2293 4715 2549 4756; x_wconf 90' lang='lat' dir='ltr'><strong>numero</strong></span> <span class='ocrx_word' id='word_1_576' title='bbox 2577 4681 2839 4773; x_wconf 78' lang='lat' dir='ltr'><strong>quorum</strong></span> <span class='ocrx_word' id='word_1_577' title='bbox 2869 4681 3458 4760; x_wconf 44' lang='lat' dir='ltr'><strong>Wilfridus.marchio</strong></span> <span class='ocrx_word' id='word_1_578' title='bbox 3485 4721 3794 4774; x_wconf 87' lang='lat' dir='ltr'><strong>summus,</strong></span> 
     </span>
    </p>
   </div>
   <div class='ocr_carea' id='block_1_62' title="bbox 433 4769 3532 4864">
    <p class='ocr_par' dir='ltr' id='par_1_62' title="bbox 433 4769 3532 4864">
     <span class='ocr_line' id='line_1_63' title="bbox 433 4769 3532 4864; baseline 0.008 -40"><span class='ocrx_word' id='word_1_579' title='bbox 433 4769 785 4864; x_wconf 50' lang='lat' dir='ltr'><strong>imbricibus</strong></span> <span class='ocrx_word' id='word_1_580' title='bbox 825 4773 1003 4864; x_wconf 88' lang='lat' dir='ltr'><strong>nullis</strong></span> <span class='ocrx_word' id='word_1_581' title='bbox 1024 4793 1050 4864; x_wconf 18' lang='lat'><strong>7:</strong></span> <span class='ocrx_word' id='word_1_582' title='bbox 1084 4775 1302 4846; x_wconf 68' lang='lat' dir='ltr'><strong>pluviae</strong></span> <span class='ocrx_word' id='word_1_583' title='bbox 1349 4793 1714 4850; x_wconf 88' lang='lat' dir='ltr'><strong>quacunque</strong></span> <span class='ocrx_word' id='word_1_584' title='bbox 1771 4786 2087 4851; x_wconf 90' lang='lat' dir='ltr'><strong>vagantur.</strong></span> <span class='ocrx_word' id='word_1_585' title='bbox 2201 4787 2478 4843; x_wconf 88' lang='lat' dir='ltr'><strong>Nobiliter</strong></span> <span class='ocrx_word' id='word_1_586' title='bbox 2507 4769 2738 4860; x_wconf 71' lang='lat' dir='ltr'><strong>superae</strong></span> <span class='ocrx_word' id='word_1_587' title='bbox 2765 4789 2992 4846; x_wconf 91' lang='lat' dir='ltr'><strong>ducens</strong></span> <span class='ocrx_word' id='word_1_588' title='bbox 3019 4807 3126 4864; x_wconf 88' lang='lat' dir='ltr'><strong>per</strong></span> <span class='ocrx_word' id='word_1_589' title='bbox 3147 4807 3379 4864; x_wconf 87' lang='lat' dir='ltr'><strong>pascua</strong></span> <span class='ocrx_word' id='word_1_590' title='bbox 3401 4792 3532 4848; x_wconf 64' lang='lat' dir='ltr'><strong>vitae</strong></span> 
     </span>
    </p>
   </div>
   <div class='ocr_carea' id='block_1_63' title="bbox 433 4859 3756 4952">
    <p class='ocr_par' dir='ltr' id='par_1_63' title="bbox 433 4859 3756 4952">
     <span class='ocr_line' id='line_1_64' title="bbox 433 4859 3756 4952; baseline 0.008 -39"><span class='ocrx_word' id='word_1_591' title='bbox 433 4859 699 4916; x_wconf 88' lang='lat' dir='ltr'><strong>Pendula</strong></span> <span class='ocrx_word' id='word_1_592' title='bbox 721 4861 990 4918; x_wconf 90' lang='lat' dir='ltr'><strong>discissis</strong></span> <span class='ocrx_word' id='word_1_593' title='bbox 1009 4863 1242 4921; x_wconf 89' lang='lat' dir='ltr'><strong>ﬂuitant</strong></span> <span class='ocrx_word' id='word_1_594' title='bbox 1271 4866 1581 4940; x_wconf 88' lang='lat' dir='ltr'><strong>laquearia</strong></span> <span class='ocrx_word' id='word_1_595' title='bbox 1610 4867 1811 4938; x_wconf 87' lang='lat' dir='ltr'><strong>tignis,</strong></span> <span class='ocrx_word' id='word_1_596' title='bbox 2201 4879 2402 4932; x_wconf 85' lang='lat' dir='ltr'><strong>Pastor</strong></span> <span class='ocrx_word' id='word_1_597' title='bbox 2429 4859 2628 4932; x_wconf 77' lang='lat' dir='ltr'><strong>alebat</strong></span> <span class='ocrx_word' id='word_1_598' title='bbox 2653 4893 2797 4933; x_wconf 90' lang='lat' dir='ltr'><strong>oves</strong></span> <span class='ocrx_word' id='word_1_599' title='bbox 2829 4895 2842 4933; x_wconf 89' lang='lat'><strong>:</strong></span> <span class='ocrx_word' id='word_1_600' title='bbox 2879 4883 2942 4934; x_wconf 93' lang='lat' dir='ltr'><strong>ut</strong></span> <span class='ocrx_word' id='word_1_601' title='bbox 2969 4859 3232 4952; x_wconf 74' lang='lat' dir='ltr'><strong>propulit</strong></span> <span class='ocrx_word' id='word_1_602' title='bbox 3259 4882 3494 4938; x_wconf 89' lang='lat' dir='ltr'><strong>eminus</strong></span> <span class='ocrx_word' id='word_1_603' title='bbox 3523 4873 3756 4952; x_wconf 82' lang='lat' dir='ltr'><strong>hostes,</strong></span> 
     </span>
    </p>
   </div>
   <div class='ocr_carea' id='block_1_64' title="bbox 502 5037 3876 5180">
    <p class='ocr_par' dir='ltr' id='par_1_64' title="bbox 502 5037 3876 5180">
     <span class='ocr_line' id='line_1_65' title="bbox 502 5037 3876 5180; baseline 0.007 -88"><span class='ocrx_word' id='word_1_604' title='bbox 502 5037 649 5180; x_wconf 39' lang='lat'><strong>£308)</strong></span> <span class='ocrx_word' id='word_1_605' title='bbox 689 5039 1060 5110; x_wconf 84' lang='lat' dir='ltr'><strong>Amaritudo,</strong></span> <span class='ocrx_word' id='word_1_606' title='bbox 1091 5041 1150 5122; x_wconf 76' lang='lat' dir='ltr'><strong>id</strong></span> <span class='ocrx_word' id='word_1_607' title='bbox 1181 5048 1272 5098; x_wconf 91' lang='lat' dir='ltr'><strong>est</strong></span> <span class='ocrx_word' id='word_1_608' title='bbox 1297 5045 1645 5128; x_wconf 76' lang='lat' dir='ltr'><strong>adversitas.</strong></span> <span class='ocrx_word' id='word_1_609' title='bbox 1758 5120 1768 5130; x_wconf 43' lang='lat'><em>.</em></span> <span class='ocrx_word' id='word_1_610' title='bbox 2270 5053 2420 5122; x_wconf 77' lang='grc'><strong>(312)</strong></span> <span class='ocrx_word' id='word_1_611' title='bbox 2463 5057 2545 5109; x_wconf 91' lang='lat' dir='ltr'><strong>lta</strong></span> <span class='ocrx_word' id='word_1_612' title='bbox 2575 5054 2728 5110; x_wconf 88' lang='lat' dir='ltr'><strong>infra</strong></span> <span class='ocrx_word' id='word_1_613' title='bbox 2757 5071 2892 5128; x_wconf 89' lang='lat' dir='ltr'><strong>cap.</strong></span> <span class='ocrx_word' id='word_1_614' title='bbox 2925 5061 3016 5122; x_wconf 77' lang='grc'><strong>47,</strong></span> <span class='ocrx_word' id='word_1_615' title='bbox 3047 5059 3326 5128; x_wconf 80' lang='lat' dir='ltr'><strong>tristatce,</strong></span> <span class='ocrx_word' id='word_1_616' title='bbox 3351 5059 3412 5114; x_wconf 89' lang='lat' dir='ltr'><strong>id</strong></span> <span class='ocrx_word' id='word_1_617' title='bbox 3441 5065 3530 5116; x_wconf 90' lang='lat' dir='ltr'><strong>est</strong></span> <span class='ocrx_word' id='word_1_618' title='bbox 3575 5077 3876 5132; x_wconf 88' lang='lat' dir='ltr'><strong>proceres</strong></span> 
     </span>
     <span class='ocr_line' id='line_1_66' title="bbox 524 5110 3872 5180; baseline 0.005 -16"><span class='ocrx_word' id='word_1_619' title='bbox 524 5111 646 5178; x_wconf 86' lang='lat'><strong>309)</strong></span> <span class='ocrx_word' id='word_1_620' title='bbox 685 5113 905 5166; x_wconf 79' lang='lat' dir='ltr'><strong>Auctor</strong></span> <span class='ocrx_word' id='word_1_621' title='bbox 923 5110 1815 5180; x_wconf 77' lang='lat' dir='ltr'><strong>Bucohcorquuirmahumin</strong></span> <span class='ocrx_word' id='word_1_622' title='bbox 1837 5121 2088 5180; x_wconf 67' lang='lat' dir='ltr'><strong>prologo</strong></span> <span class='ocrx_word' id='word_1_623' title='bbox 2197 5125 2500 5179; x_wconf 91' lang='lat' dir='ltr'><strong>venationi</strong></span> <span class='ocrx_word' id='word_1_624' title='bbox 2527 5125 2701 5180; x_wconf 70' lang='lat' dir='ltr'><strong>regiae</strong></span> <span class='ocrx_word' id='word_1_625' title='bbox 2735 5127 3058 5180; x_wconf 67' lang='lat' dir='ltr'><strong>Drmnositi.</strong></span> <span class='ocrx_word' id='word_1_626' title='bbox 3091 5129 3174 5180; x_wconf 82' lang='lat' dir='ltr'><strong>uti</strong></span> <span class='ocrx_word' id='word_1_627' title='bbox 3201 5129 3536 5180; x_wconf 66' lang='lat' dir='ltr'><strong>colligimus</strong></span> <span class='ocrx_word' id='word_1_628' title='bbox 3561 5147 3636 5180; x_wconf 69' lang='lat' dir='ltr'><strong>ex</strong></span> <span class='ocrx_word' id='word_1_629' title='bbox 3661 5133 3872 5180; x_wconf 71' lang='lat' dir='ltr'><strong>Ethel—</strong></span> 
     </span>
    </p>
   </div>
   <div class='ocr_carea' id='block_1_65' title="bbox 524 5110 3872 5200">
    <p class='ocr_par' dir='ltr' id='par_1_65' title="bbox 524 5110 3872 5200">
     <span class='ocr_line' id='line_1_67' title="bbox 524 5110 3872 5200; baseline 0.008 -37"><span class='ocrx_word' id='word_1_630' title='bbox 923 5110 1330 5200; x_wconf 11' lang='lat' dir='ltr'><strong>bucoﬁlicorum</strong></span> <span class='ocrx_word' id='word_1_631' title='bbox 1345 5116 1736 5200; x_wconf 68' lang='lat' dir='ltr'><strong>Quirinalium</strong></span> <span class='ocrx_word' id='word_1_632' title='bbox 1753 5120 1816 5200; x_wconf 86' lang='lat' dir='ltr'><strong>in</strong></span> <span class='ocrx_word' id='word_1_633' title='bbox 1837 5121 2088 5200; x_wconf 66' lang='lat' dir='ltr'><strong>prologo</strong></span> <span class='ocrx_word' id='word_1_634' title='bbox 2197 5110 2500 5200; x_wconf 68' lang='lat' dir='ltr'><strong>venationi</strong></span> <span class='ocrx_word' id='word_1_635' title='bbox 2527 5125 2701 5200; x_wconf 74' lang='lat' dir='ltr'><strong>regiae</strong></span> <span class='ocrx_word' id='word_1_636' title='bbox 2735 5110 3062 5200; x_wconf 45' lang='lat' dir='ltr'><strong>priapo—siti,</strong></span> <span class='ocrx_word' id='word_1_637' title='bbox 3073 5110 3178 5200; x_wconf 74' lang='lat' dir='ltr'><strong>uti</strong></span> <span class='ocrx_word' id='word_1_638' title='bbox 3189 5110 3536 5200; x_wconf 64' lang='lat' dir='ltr'><strong>colligimus</strong></span> <span class='ocrx_word' id='word_1_639' title='bbox 3561 5110 3640 5187; x_wconf 56' lang='grc' dir='ltr'><strong>ἐξ</strong></span> <span class='ocrx_word' id='word_1_640' title='bbox 3657 5110 3872 5188; x_wconf 48' lang='lat' dir='ltr'><strong>lib-el:</strong></span> 
     </span>
    </p>
   </div>
   <div class='ocr_carea' id='block_1_66' title="bbox 431 5183 3874 5272">
    <p class='ocr_par' dir='ltr' id='par_1_66' title="bbox 431 5183 3874 5272">
     <span class='ocr_line' id='line_1_68' title="bbox 431 5183 3874 5272; baseline 0.007 -37"><span class='ocrx_word' id='word_1_641' title='bbox 431 5185 728 5272; x_wconf 62' lang='lat' dir='ltr'><strong>memprat</strong></span> <span class='ocrx_word' id='word_1_642' title='bbox 747 5197 890 5272; x_wconf 63' lang='lat' dir='ltr'><strong>uasa</strong></span> <span class='ocrx_word' id='word_1_643' title='bbox 911 5183 1252 5272; x_wconf 57' lang='lat' dir='ltr'><strong>cctamajn</strong></span> <span class='ocrx_word' id='word_1_644' title='bbox 1277 5189 1470 5242; x_wconf 89' lang='lat' dir='ltr'><strong>tomoI</strong></span> <span class='ocrx_word' id='word_1_645' title='bbox 1495 5183 2084 5262; x_wconf 66' lang='lat' dir='ltr'><strong>antiq.Lect.Canisii.</strong></span> <span class='ocrx_word' id='word_1_646' title='bbox 2197 5193 2341 5250; x_wconf 93' lang='lat' dir='ltr'><strong>redo</strong></span> <span class='ocrx_word' id='word_1_647' title='bbox 2373 5183 3058 5272; x_wconf 45' lang='lat' dir='ltr'><strong>abbateuRicvallénsiin</strong></span> <span class='ocrx_word' id='word_1_648' title='bbox 3081 5183 3874 5272; x_wconf 60' lang='lat' dir='ltr'><strong>iisrd&#39;a&#39;é&quot;c2i{éai8g‘ifr&#39;é-</strong></span> 
     </span>
    </p>
   </div>
   <div class='ocr_carea' id='block_1_67' title="bbox 502 5253 3874 5390">
    <p class='ocr_par' dir='ltr' id='par_1_67' title="bbox 502 5253 3874 5390">
     <span class='ocr_line' id='line_1_69' title="bbox 502 5253 3874 5390; baseline 0.007 -84"><span class='ocrx_word' id='word_1_649' title='bbox 502 5253 652 5390; x_wconf 55' lang='lat' dir='ltr'><strong>(310g</strong></span> <span class='ocrx_word' id='word_1_650' title='bbox 690 5255 905 5327; x_wconf 79' lang='grc' dir='ltr'><strong>ἡμέρας,</strong></span> <span class='ocrx_word' id='word_1_651' title='bbox 934 5253 1075 5309; x_wconf 81' lang='lat' dir='ltr'><strong>dies.</strong></span> <span class='ocrx_word' id='word_1_652' title='bbox 1169 5323 1180 5335; x_wconf 83' lang='lat'><em>_</em></span> <span class='ocrx_word' id='word_1_653' title='bbox 1638 5253 1658 5262; x_wconf 84' lang='grc'><strong>’</strong></span> <span class='ocrx_word' id='word_1_654' title='bbox 1683 5331 1694 5342; x_wconf 36' lang='grc' dir='ltr'><strong>ο</strong></span> <span class='ocrx_word' id='word_1_655' title='bbox 2199 5277 2342 5335; x_wconf 78' lang='lat' dir='ltr'><strong>glrm</strong></span> <span class='ocrx_word' id='word_1_656' title='bbox 2369 5266 2718 5337; x_wconf 86' lang='lat' dir='ltr'><strong>Anglorum,</strong></span> <span class='ocrx_word' id='word_1_657' title='bbox 2751 5253 3155 5341; x_wconf 21' lang='lat' dir='ltr'><strong>capiultiin‘o:</strong></span> <span class='ocrx_word' id='word_1_658' title='bbox 3169 5253 3622 5329; x_wconf 60' lang='grc' dir='ltr'><strong>1ιῖἐῦεεῖιᾶἓῖῐῖ</strong></span> <span class='ocrx_word' id='word_1_659' title='bbox 3635 5253 3874 5348; x_wconf 46' lang='lat' dir='ltr'><strong>lli—tilio</strong></span> 
     </span>
     <span class='ocr_line' id='line_1_70' title="bbox 505 5323 3868 5390; baseline 0.001 -4"><span class='ocrx_word' id='word_1_660' title='bbox 505 5327 618 5386; x_wconf 83' lang='lat' dir='ltr'><strong>(3H</strong></span> <span class='ocrx_word' id='word_1_661' title='bbox 691 5325 893 5380; x_wconf 89' lang='lat' dir='ltr'><strong>Petrus</strong></span> <span class='ocrx_word' id='word_1_662' title='bbox 923 5323 1254 5381; x_wconf 67' lang='lat' dir='ltr'><strong>Blesensm:</strong></span> <span class='ocrx_word' id='word_1_663' title='bbox 1305 5345 1334 5378; x_wconf 67' lang='grc' dir='ltr'><strong><em>α</em></strong></span> <span class='ocrx_word' id='word_1_664' title='bbox 1385 5329 1718 5386; x_wconf 72' lang='lat' dir='ltr'><strong>Construxrt</strong></span> <span class='ocrx_word' id='word_1_665' title='bbox 1771 5332 2086 5390; x_wconf 89' lang='lat' dir='ltr'><strong>ecclesiam</strong></span> <span class='ocrx_word' id='word_1_666' title='bbox 2197 5352 2300 5390; x_wconf 90' lang='lat' dir='ltr'><strong>rex</strong></span> <span class='ocrx_word' id='word_1_667' title='bbox 2331 5353 2470 5390; x_wconf 90' lang='lat' dir='ltr'><strong>cum</strong></span> <span class='ocrx_word' id='word_1_668' title='bbox 2509 5339 2732 5390; x_wconf 78' lang='lat' dir='ltr'><strong>caeteris</strong></span> <span class='ocrx_word' id='word_1_669' title='bbox 2777 5342 3046 5390; x_wconf 82' lang='lat' dir='ltr'><strong>sunerior</strong></span> <span class='ocrx_word' id='word_1_670' title='bbox 3095 5343 3465 5390; x_wconf 62' lang='lat' dir='ltr'><strong>constitisset,</strong></span> <span class='ocrx_word' id='word_1_671' title='bbox 3515 5345 3868 5390; x_wconf 69' lang='grc' dir='ltr'><strong>ςρριιηιιιιπη</strong></span> 
     </span>
    </p>
   </div>
   <div class='ocr_carea' id='block_1_68' title="bbox 433 5323 3874 5412">
    <p class='ocr_par' dir='ltr' id='par_1_68' title="bbox 433 5323 3874 5412">
     <span class='ocr_line' id='line_1_71' title="bbox 433 5323 3874 5412; baseline 0.007 -36"><span class='ocrx_word' id='word_1_672' title='bbox 433 5390 484 5412; x_wconf 34' lang='grc' dir='ltr'><strong>ε*</strong></span> <span class='ocrx_word' id='word_1_673' title='bbox 505 5323 652 5412; x_wconf 53' lang='grc' dir='ltr'><strong>(ἓν)</strong></span> <span class='ocrx_word' id='word_1_674' title='bbox 691 5323 893 5412; x_wconf 59' lang='lat' dir='ltr'><strong>Petrus</strong></span> <span class='ocrx_word' id='word_1_675' title='bbox 923 5323 1280 5412; x_wconf 37' lang='lat' dir='ltr'><strong>Blesens‘ise.</strong></span> <span class='ocrx_word' id='word_1_676' title='bbox 1305 5329 1718 5412; x_wconf 50' lang='lat' dir='ltr'><strong>¢_.Construxit</strong></span> <span class='ocrx_word' id='word_1_677' title='bbox 1771 5332 2086 5412; x_wconf 76' lang='lat' dir='ltr'><strong>ecclesiam</strong></span> <span class='ocrx_word' id='word_1_678' title='bbox 2195 5323 2300 5412; x_wconf 58' lang='lat' dir='ltr'><strong>fex</strong></span> <span class='ocrx_word' id='word_1_679' title='bbox 2331 5323 2494 5392; x_wconf 44' lang='lat' dir='ltr'><strong>cum”</strong></span> <span class='ocrx_word' id='word_1_680' title='bbox 2509 5323 2732 5412; x_wconf 75' lang='lat' dir='ltr'><strong>caeteris</strong></span> <span class='ocrx_word' id='word_1_681' title='bbox 2765 5323 3496 5412; x_wconf 56' lang='lat' dir='ltr'><strong>’slipeEin-‘éaiiéiitis&#39;s&#39;af</strong></span> <span class='ocrx_word' id='word_1_682' title='bbox 3515 5323 3874 5400; x_wconf 62' lang='lat' dir='ltr'><strong>s&#39;ecdﬁdtﬁﬁ</strong></span> 
     </span>
    </p>
   </div>
   <div class='ocr_carea' id='block_1_69' title="bbox 429 5394 3870 5486">
    <p class='ocr_par' dir='ltr' id='par_1_69' title="bbox 429 5394 3870 5486">
     <span class='ocr_line' id='line_1_72' title="bbox 429 5394 3870 5486; baseline 0.008 -42"><span class='ocrx_word' id='word_1_683' title='bbox 520 5394 684 5486; x_wconf 56' lang='lat' dir='ltr'><strong>Pipis</strong></span> <span class='ocrx_word' id='word_1_684' title='bbox 711 5394 789 5449; x_wconf 89' lang='lat' dir='ltr'><strong>ad</strong></span> <span class='ocrx_word' id='word_1_685' title='bbox 805 5395 1106 5486; x_wconf 61' lang='lat' dir='ltr'><strong>honorem</strong></span> <span class='ocrx_word' id='word_1_686' title='bbox 1137 5396 1304 5486; x_wconf 71' lang='lat' dir='ltr'><strong>Petri.</strong></span> <span class='ocrx_word' id='word_1_687' title='bbox 1337 5401 1636 5480; x_wconf 64' lang='lat' dir='ltr'><strong>Magnatcs</strong></span> <span class='ocrx_word' id='word_1_688' title='bbox 1670 5403 1787 5486; x_wconf 45' lang='lat' dir='ltr'><strong>‘qui</strong></span> <span class='ocrx_word' id='word_1_689' title='bbox 1837 5403 2089 5486; x_wconf 80' lang='lat' dir='ltr'><strong>aderant</strong></span> <span class='ocrx_word' id='word_1_690' title='bbox 2195 5406 2390 5486; x_wconf 75' lang='lat' dir='ltr'><strong>legem</strong></span> <span class='ocrx_word' id='word_1_691' title='bbox 2417 5409 2698 5486; x_wconf 77' lang='lat' dir='ltr'><strong>venandi,</strong></span> <span class='ocrx_word' id='word_1_692' title='bbox 2729 5394 3870 5486; x_wconf 49' lang='lat' dir='ltr'><strong>qrahivage;&#39;E-Eith?’vb&amp;‘ifEii;</strong></span> 
     </span>
    </p>
   </div>
   <div class='ocr_carea' id='block_1_70' title="bbox 430 5467 3872 5557">
    <p class='ocr_par' dir='ltr' id='par_1_70' title="bbox 430 5467 3872 5557">
     <span class='ocr_line' id='line_1_73' title="bbox 430 5467 3872 5557; baseline 0.008 -42"><span class='ocrx_word' id='word_1_693' title='bbox 430 5467 982 5557; x_wconf 53' lang='lat' dir='ltr'><strong>fqnsec_ratione,</strong></span> <span class='ocrx_word' id='word_1_694' title='bbox 1017 5471 1202 5557; x_wconf 58' lang='lat' dir='ltr'><strong>terras</strong></span> <span class='ocrx_word' id='word_1_695' title='bbox 1219 5467 1522 5557; x_wconf 61' lang='lat' dir='ltr'><strong>plurimas</strong></span> <span class='ocrx_word' id='word_1_696' title='bbox 1551 5470 1612 5524; x_wconf 88' lang='lat' dir='ltr'><strong>in</strong></span> <span class='ocrx_word' id='word_1_697' title='bbox 1650 5467 1852 5557; x_wconf 74' lang='lat' dir='ltr'><strong>dotem</strong></span> <span class='ocrx_word' id='word_1_698' title='bbox 1889 5476 2084 5557; x_wconf 54' lang='lat' dir='ltr'><strong>.eccle-</strong></span> <span class='ocrx_word' id='word_1_699' title='bbox 2197 5467 2349 5557; x_wconf 73' lang='lat' dir='ltr'><strong>gulis</strong></span> <span class='ocrx_word' id='word_1_700' title='bbox 2407 5467 2768 5557; x_wconf 55' lang='lat' dir='ltr'><strong>proceribus</strong></span> <span class='ocrx_word' id='word_1_701' title='bbox 2807 5467 3126 5557; x_wconf 32' lang='lat' dir='ltr'><strong>cumusulis</strong></span> <span class='ocrx_word' id='word_1_702' title='bbox 3151 5467 3425 5557; x_wconf 62' lang='lat' dir='ltr'><strong>canibus</strong></span> <span class='ocrx_word' id='word_1_703' title='bbox 3451 5467 3692 5557; x_wconf 70' lang='lat' dir='ltr'><strong>singula</strong></span> <span class='ocrx_word' id='word_1_704' title='bbox 3723 5467 3872 5542; x_wconf 63' lang='lat' dir='ltr'><strong>163a</strong></span> 
     </span>
    </p>
   </div>
   <div class='ocr_carea' id='block_1_71' title="bbox 433 5533 3870 5632">
    <p class='ocr_par' dir='ltr' id='par_1_71' title="bbox 433 5533 3870 5632">
     <span class='ocr_line' id='line_1_74' title="bbox 433 5533 3870 5632; baseline 0.008 -47"><span class='ocrx_word' id='word_1_705' title='bbox 567 5533 1204 5632; x_wconf 32' lang='lat' dir='ltr'><strong>cpntulptr&#39;uptgscilicet</strong></span> <span class='ocrx_word' id='word_1_706' title='bbox 1219 5533 1383 5596; x_wconf 79' lang='lat' dir='ltr'><strong>Rible</strong></span> <span class='ocrx_word' id='word_1_707' title='bbox 1403 5545 1458 5596; x_wconf 91' lang='lat' dir='ltr'><strong>et</strong></span> <span class='ocrx_word' id='word_1_708' title='bbox 1477 5533 2084 5618; x_wconf 77' lang='lat' dir='ltr'><strong>Hansmumdcsharn,</strong></span> <span class='ocrx_word' id='word_1_709' title='bbox 2197 5533 2548 5632; x_wconf 32' lang='lat' dir='ltr'><strong>delegabat</strong></span> <span class='ocrx_word' id='word_1_710' title='bbox 2569 5533 2834 5632; x_wconf 75' lang='lat' dir='ltr'><strong>obsessa</strong></span> <span class='ocrx_word' id='word_1_711' title='bbox 2847 5533 3126 5632; x_wconf 45' lang='lat' dir='ltr'><strong>iiii-dique</strong></span> <span class='ocrx_word' id='word_1_712' title='bbox 3150 5533 3342 5613; x_wconf 52' lang='lat'><strong>5&amp;6;</strong></span> <span class='ocrx_word' id='word_1_713' title='bbox 3356 5533 3870 5632; x_wconf 53' lang='lat' dir='ltr'><strong>Biaiéiiiiiﬁi‘e&#39;éii:</strong></span> 
     </span>
    </p>
   </div>
   <div class='ocr_carea' id='block_1_72' title="bbox 431 5605 3304 5693">
    <p class='ocr_par' dir='ltr' id='par_1_72' title="bbox 431 5605 3304 5693">
     <span class='ocr_line' id='line_1_75' title="bbox 431 5605 3304 5693; baseline 0.007 -36"><span class='ocrx_word' id='word_1_714' title='bbox 431 5605 542 5658; x_wconf 90' lang='lat' dir='ltr'><strong>etc.</strong></span> <span class='ocrx_word' id='word_1_715' title='bbox 573 5605 636 5658; x_wconf 92' lang='lat' dir='ltr'><strong>in</strong></span> <span class='ocrx_word' id='word_1_716' title='bbox 661 5605 904 5675; x_wconf 91' lang='lat' dir='ltr'><strong>regione</strong></span> <span class='ocrx_word' id='word_1_717' title='bbox 935 5607 1229 5678; x_wconf 89' lang='lat' dir='ltr'><strong>Duninga.</strong></span> <span class='ocrx_word' id='word_1_718' title='bbox 1258 5631 1285 5660; x_wconf 84' lang='lat'><strong>»</strong></span> <span class='ocrx_word' id='word_1_719' title='bbox 2069 5605 2082 5618; x_wconf 90' lang='grc'><em>’</em></span> <span class='ocrx_word' id='word_1_720' title='bbox 2198 5605 2366 5690; x_wconf 69' lang='grc' dir='ltr'><strong>εει·θῖ</strong></span> <span class='ocrx_word' id='word_1_721' title='bbox 2385 5605 2638 5693; x_wconf 79' lang='lat' dir='ltr'><strong>exitum,</strong></span> <span class='ocrx_word' id='word_1_722' title='bbox 2663 5605 2960 5682; x_wconf 65' lang='lat' dir='ltr'><strong>inveniret</strong></span> <span class='ocrx_word' id='word_1_723' title='bbox 2967 5605 3243 5684; x_wconf 62' lang='lat' dir='ltr'><strong>‘éii&#39;ti&#39;u&#39;iﬁ;</strong></span> <span class='ocrx_word' id='word_1_724' title='bbox 3265 5605 3304 5678; x_wconf 56' lang='grc' dir='ltr'>ζ</span> 
     </span>
    </p>
   </div>
  </div>
