4116 6156
281 109 384 164 993
868 130 871 133 ·
1437 107 1526 163 DE
1566 109 1724 164 VlTA
1765 111 1820 166 S.
1863 111 1882 161 Ἴ

2045 114 2184 170 RlDl
2227 65 2526 176 ΕἶΞΟΒΑΟ.

280 238 642 296 Monstrabat
666 238 905 312 liquidis
936 238 1258 296 salvandos
1278 239 1504 309 tingere
1525 240 1790 314 lymphis

281 329 342 384 In
377 331 561 385 Patris
587 334 644 385 et
672 329 799 385 Nati
829 345 1066 386 necnon
1095 333 1151 384 et
1174 329 1452 384 Flaminis
1478 329 1621 385 almi

281 418 548 485 Nomine,
573 417 922 474 chrismales
948 417 1241 473 adhibens
1274 419 1438 472 Pater
1463 417 1589 489 ipse
1620 418 1858 473 fluores.

282 509 470 572 Quem
500 507 707 579 populi
738 506 946 579 pulcra
968 506 1233 562 medium
1267 507 1504 562 cinxere
1537 523 1778 563 corona.

282 598 424 651 Ecce
452 611 556 668 per
585 596 810 652 offusas
840 595 1028 651 denso
1058 599 1260 651 tamen
1291 595 1531 665 agmine
1565 601 1790 651 turmas

280 684 454 740 Plena
484 689 646 740 metu
670 684 901 756 mulier,
926 683 1221 740 defunctae
1253 684 1463 740 funera
1495 683 1697 756 prolis,

281 773 668 845 Sandapilam
697 772 958 844 fugiens,
989 773 1157 830 fessis
1190 777 1421 829 ostenta
1451 774 1510 828 in
1540 773 1715 830 ulnis.

281 864 402 918 Stat
433 862 617 918 turbis
637 863 902 919 immitas
933 862 1104 928 fides,
1130 868 1436 934 terrorque
1460 867 1798 931 gementem

276 948 572 1006 Afﬂictant
599 950 788 1006 tacitis
819 950 1043 1006 circum
1075 949 1408 1021 prtecordia
1437 949 1660 1021 ﬂagris.

275 1041 423 1094 Tum
463 1042 630 1095 Pater
655 1039 922 1106 accessit,
951 1055 1091 1094 mox
1122 1038 1346 1111 pallida
1376 1039 1668 1112 conspicit
1693 1055 1819 1096 ora.

277 1126 570 1199 Obstipuit
601 1128 762 1198 (313),
797 1127 1086 1199 hzesitque
1115 1126 1248 1183 loco
1272 1128 1584 1183 temeraria
1608 1127 1803 1198 latrix,

277 1216 490 1272 Pronio
521 1215 810 1283 incubuit,
837 1215 1064 1272 luctum
1087 1216 1444 1287 singultibus
1475 1217 1658 1274 auxit.

273 1306 317 1359 Ο
348 1307 532 1372 Pater,
566 1304 783 1361 elatam
805 1304 927 1360 noli
952 1305 1254 1378 deponere
1283 1305 1577 1361 dextram.

275 1391 558 1448 Orbatam
584 1397 725 1449 nato
756 1398 1008 1449 matrem
1037 1409 1144 1448 cur
1167 1392 1425 1466 despicis
1453 1409 1576 1448 uno
1601 1393 1629 1448 ?

277 1483 358 1535 En
384 1480 486 1553 qui
523 1482 846 1538 confirmas
891 1481 1188 1539 Christum
1215 1481 1338 1537 fore
1391 1481 1564 1552 [esse]
1615 1479 1924 1551 cunctipo-

1585 1568 1851 1639 [tentem,

275 1656 457 1728 Imple
485 1656 668 1713 ﬁdem
697 1657 898 1728 gestis,
922 1656 1152 1712 miserae
1171 1656 1252 1712 da
1281 1655 1500 1729 pignus
1531 1655 1811 1712 alumnae.

272 1744 606 1815 lngeminat
633 1744 917 1817 querulas
941 1744 1188 1801 instanti
1212 1760 1522 1800 murmure
1547 1760 1745 1801 voces.

274 1832 490 1890 Concio
520 1833 818 1889 concurrit
844 1834 1070 1904 gemitu
1100 1831 1347 1889 collecta
1370 1832 1637 1898 misellae.

277 1922 356 1978 l-‘it
386 1921 640 1994 plangor
665 1921 932 1991 grandis.
965 1921 1231 1978 Tandem
1261 1937 1617 1994 compassus
1646 1921 1846 1978 herilis

272 2010 508 2078 Praesul,
544 2011 664 2081 agit
693 2009 904 2067 tacitas
939 2014 1146 2066 sancto
1170 2009 1283 2066 sub
1312 2015 1550 2082 pectore
1573 2016 1790 2081 grates,

271 2098 502 2155 Perfida
529 2098 696 2171 quod
724 2099 888 2155 novit
911 2101 1114 2155 Jesum
1137 2098 1394 2168 rogitare
1425 2103 1685 2154 caterva.

271 2191 520 2261 Moxque
551 2187 678 2244 solo
708 2187 866 2244 ﬁxus
895 2187 1090 2244 claros
1113 2187 1175 2244 in
1205 2187 1384 2244 corde
1407 2193 1642 2244 meatus

269 2281 430 2334 Tunc
459 2281 701 2345 reserat,
727 2276 942 2334 faciem
972 2276 1255 2350 lacrymis
1285 2282 1342 2332 et
1367 2276 1608 2332 corcula
1635 2275 1854 2350 palmis

269 2365 482 2430 Afticit,
512 2365 870 2438 Adonaique
897 2366 996 2439 pio
1019 2366 1282 2422 clamore
1312 2365 1530 2422 citavit.

271 2458 647 2526 Consurgens
675 2458 878 2511 autem
906 2455 1215 2528 praesentis
1241 2454 1457 2512 adesse
1487 2454 1761 2512 salutem.

271 2545 547 2618 Timpora
573 2545 724 2617 (313)
749 2560 1012 2617 cumque
1067 2559 1257 2602 manu
1306 2543 1610 2617 palpasset
1658 2544 1922 2616 frigida;

1591 2633 1856 2704 [functus

271 2720 584 2779 Caesariem
614 2721 819 2792 movit,
850 2720 1011 2778 vitali
1039 2721 1308 2778 redditus
1337 2737 1503 2778 aura.

271 2810 502 2881 Vulgus
533 2810 865 2884 inexpletas
893 2811 1163 2867 confusis
1197 2810 1446 2867 vocibus
1467 2811 1637 2881 odas,

270 2903 403 2955 Htec
434 2899 537 2955 ubi
569 2904 708 2955 sunt
732 2904 987 2973 patrata,
1019 2899 1183 2956 dedit
1213 2916 1226 2954 :
1260 2915 1409 2972 puer
1430 2899 1584 2955 illico
1616 2899 1800 2956 sacris

271 2988 602 3061 Baptizatur
626 2989 820 3062 aquis,
848 2988 1083 3045 miserm
1121 2988 1274 3045 dans
1305 2988 1529 3059 gaudia
1557 2989 1754 3045 matri.

270 3077 541 3134 Protinus
568 3083 885 3150 acceptum
915 3093 1120 3134 secum
1151 3077 1408 3150 portavit
1434 3076 1743 3133 alendum.

267 3168 437 3224 Jussa
463 3167 617 3241 patri
636 3171 773 3241 post
798 3171 1076 3240 septenos
1103 3171 1164 3223 ut
1193 3166 1469 3222 redderet
1495 3182 1711 3222 annos.

267 3263 373 3314 Ast
405 3263 652 3329 cogente
677 3257 802 3314 fero
823 3257 1139 3314 contemsit
1166 3257 1325 3313 dicta
1352 3257 1589 3325 marito,

271 3347 446 3403 Exsul
470 3348 547 3404 ad
578 3352 853 3404 externos
876 3347 1109 3418 fugiens
1139 3363 1279 3403 cum
1309 3347 1476 3420 prole
1507 3347 1836 3402 Britannos.

268 3440 382 3492 Nec
407 3436 662 3492 multum
694 3437 880 3494 latuit.
909 3437 1175 3493 Posthzec
1205 3452 1329 3492 non
1360 3441 1571 3509 sponte
1600 3435 1838 3493 reduxit

266 3526 578 3583 Praefectus
611 3543 865 3599 puerum
896 3526 1147 3599 quidam
1177 3525 1361 3582 Patris
1390 3525 1450 3580 in
1477 3525 1878 3594 dominatum,

268 3616 412 3671 Exin
442 3615 662 3672 divinis
690 3616 856 3672 illum
889 3615 1281 3672 famulatibus
1312 3615 1498 3672 addit.

265 3705 540 3760 Pluribus
566 3705 844 3777 exemplo
872 3722 1022 3777 puer
1042 3705 1235 3761 isdem
1255 3705 1477 3777 profuit
1497 3705 1680 3761 almo.

265 3795 426 3848 Tunc
457 3793 555 3848 fax
585 3793 846 3858 emicuit,
871 3809 1008 3864 quae
1037 3793 1190 3848 inter
1217 3792 1580 3864 crepitacula
1608 3792 1788 3848 fulsit.

267 3901 420 3955 XVII.
448 3900 684 3969 Anglia?
696 3901 854 3968 felix
869 3905 1080 3954 status.
1097 3899 1392 3968 ngridus
1412 3914 1503 3954 res
1513 3899 1923 3954 Nortanhum-

303 3969 541 4026 brorum
557 3971 756 4026 Pictos
770 3970 928 4026 rebet
935 3971 1014 4026 les
1019 3971 1336 4040 perdomat
1371 3971 1521 4039 Witf
1517 3971 1639 4025 ridi
1648 3971 1893 4026 meritis.

265 4077 523 4147 Anglum
556 4081 682 4132 tum
715 4075 988 4145 germina
1018 4075 1284 4146 fulgebat
1329 4075 1612 4147 lampade
1641 4092 1919 4144 regnum.

264 4165 574 4222 Pontifices
596 4165 753 4235 regis
782 4164 1055 4221 consulto
1084 4164 1270 4234 digna
1290 4165 1598 4236 gerebant,

264 4257 384 4310 Rex
413 4269 656 4327 quoque
685 4253 1042 4326 praesulibus
1068 4252 1241 4310 latria
1271 4253 1533 4311 servibat
1558 4255 1811 4312 honora.

267 4344 516 4399 Summa
536 4341 706 4414 quies
738 4341 899 4415 plebi
918 4341 1136 4413 legalia
1159 4342 1300 4413 jura
1327 4343 1566 4400 tenenti.

265 4431 578 4501 l-‘rngiferis
611 4430 858 4502 gravida
888 4430 1235 4502 gaudebant
1263 4431 1478 4489 horrea
1505 4431 1717 4504 glebis,

266 4519 526 4592 Epibatte
557 4521 799 4592 [nautae]
823 4520 1025 4577 faciles
1049 4537 1203 4576 ausu
1230 4537 1506 4594 sprevere
1536 4521 1820 4577 latrones.

264 4610 525 4666 Classica
555 4609 686 4665 dira
715 4609 906 4678 silent,
937 4625 1047 4666 nec
1078 4608 1436 4666 formidatur
1464 4615 1734 4681 egestas:

265 4785 275 4796 .
333 4715 480 4798 (EH3)
510 4716 604 4798 Sic
636 4716 791 4772 infra
817 4733 950 4789 cap.
981 4720 1071 4787 47,
1104 4717 1458 4788 obstipuere,
1493 4718 1665 4790 quasi
1705 4718 1916 4791 stipitis

261 4791 448 4841 instar
476 4791 788 4854 rigescere.

332 4860 475 4928 (3H)
510 4859 600 4914 Sic
631 4859 860 4930 antiqui
906 4864 1111 4915 amant
1161 4859 1416 4915 scribere
1465 4861 1744 4930 timpora,
1775 4877 1912 4916 cum

261 4928 635 4984 adhaerentes
666 4928 842 4984 fronti
871 4935 1070 5000 partes
1119 4930 1474 4999 significant,
1501 4928 1700 4987 forsan
1733 4937 1797 4987 ut
1824 4931 1912 4986 (li-

261 5000 565 5067 stinguant
593 5017 628 5055 a
659 4999 873 5067 plurali
897 5001 1057 5054 vocis
1092 5007 1336 5067 tempus.
1363 5005 1510 5056 Puer
1539 5001 1645 5058 iste
1666 5007 1912 5058 vocatus

3597 137 3710 193 994

1963 247 2009 298 Α
2048 247 2338 305 Promicat
2361 251 2620 309 Ecclesia
2640 260 2854 326 pacato
2883 257 3101 313 {cedere
3136 275 3308 316 nexa.

2048 335 2272 391 Lietifer
2301 339 2449 410 (3l5)
2482 340 2710 408 invidit,
2745 346 3066 403 conamina
3097 349 3257 406 mille
3284 351 3545 418 reclusit,

2047 424 2365 497 Rumperet
2393 433 2458 483 ut
2487 435 2758 486 sanctam
2807 449 3090 504 perverso
3112 437 3430 496 schismate
3461 457 3696 512 pacem.

2045 513 2375 581 Aggeribus
2405 518 2618 572 crassis
2649 519 2784 574 nisa
2803 526 2892 576 est
2919 538 3064 590 gens
3097 526 3252 582 Picta
3283 528 3542 597 rebellis,

2042 601 2371 669 Anglorum
2400 605 2601 661 solitas
2614 608 2742 677 jam
2770 613 2910 664 tunc
2943 627 3061 665 non
3091 613 3239 670 ferre
3268 622 3537 688 catenas,

2046 689 2320 758 ngridus
2349 693 2585 766 imperii
2606 695 2803 766 largas
2834 699 3128 756 retinebat
3153 703 3442 762 habenas.

2045 782 2318 849 Conjunx
2346 782 2507 840 alma
2531 785 2656 840 viro
2687 786 2968 854 Edildrid,
2997 790 3235 847 famosa
3267 795 3496 866 virago,

2042 866 2258 924 Addita
2285 872 2566 942 conjugio
2597 873 2742 929 vixit
2773 877 3104 934 castissima
3136 881 3320 951 virgo.

2045 956 2324 1031 Princeps
2357 976 2499 1030 ergo
2528 962 2688 1018 leves
2713 964 2916 1020 animo
2946 965 3296 1025 flammante
3322 971 3596 1028 cohortes

2039 1046 2349 1112 Admovet,
2377 1049 2790 1125 indomitoque
2817 1070 2949 1109 reos
2976 1072 3262 1113 mucrone
3298 1061 3569 1118 trucidat.

2043 1133 2352 1193 Exclusere
2380 1137 2534 1193 duos
2563 1140 2729 1196 caesis
2759 1158 2829 1196 ex
2857 1143 3127 1198 hostibus
3159 1162 3388 1218 amnes,

2039 1223 2330 1280 Manubiis
2361 1225 2524 1281 fratri
2555 1228 2711 1298 regis
2744 1246 2952 1286 venere
2986 1233 3256 1305 manipli,

2041 1313 2195 1366 Dant
2223 1316 2484 1382 stragem
2517 1314 2654 1385 late,
2688 1317 2937 1373 redeunt
2964 1320 3021 1374 in
3051 1320 3202 1376 colla
3224 1327 3484 1379 catenae:

2038 1400 2359 1456 Perfruitur
2388 1418 2613 1472 magno
2644 1421 2746 1460 rex
2775 1407 2961 1462 victor
2988 1407 3164 1478 longe
3193 1411 3518 1484 triumpho.

2038 1490 2164 1543 Non
2196 1491 2378 1545 armis
2409 1493 2624 1547 etenim
2654 1511 2789 1550 raro
2819 1512 2956 1550 cum
2988 1497 3170 1554 milite
3200 1500 3338 1556 vicit
3366 1518 3378 1555 :

1956 1587 1998 1638 Β
2041 1577 2154 1632 Sed
2182 1578 2392 1634 virtute
2428 1582 2544 1648 Dei,
2580 1583 2803 1638 meritis
2829 1589 2886 1640 et
2915 1588 3186 1657 praesulis
3213 1589 3374 1658 almi,

2039 1663 2302 1721 Obtinuit
2323 1673 2527 1734 gentos
2558 1685 2746 1725 vacuo
2778 1676 3015 1741 turgore
3047 1675 3339 1732 minaces.

2288 1775 2469 1828 XVlll.
2511 1775 2722 1832 Mercii
2752 1793 2982 1849 quoque
3006 1782 3465 1849 perdomantur.

2111 1882 2223 1934 Nec
2247 1879 2444 1935 minus
2467 1879 2834 1949 innumeras,
2859 1885 3006 1941 dum
3032 1889 3276 1944 Mercica
3297 1905 3484 1960 regna
3503 1894 3695 1948 tume-

3521 1981 3692 2051 [rent,

2037 2057 2294 2130 Cuspide
2317 2059 2625 2116 confossas
2657 2063 2860 2118 stravit
2887 2080 2990 2120 rex
3019 2064 3127 2121 i~te
3158 2071 3453 2123 catervas.

2038 2148 2305 2211 Quorum
2335 2147 2459 2203 dux
2481 2150 2659 2205 cessit
2687 2151 2942 2220 fugiens,
2967 2170 3218 2227 aevoque
3246 2157 3517 2228 sequenti

2035 2233 2277 2291 Addidit
2307 2236 2536 2292 Arctois
2567 2237 2830 2295 borealia
2858 2247 3089 2314 sceptra
3122 2243 3460 2316 triumphis,

2042 2323 2242 2380 Fultus
2270 2325 2594 2394 magnifico
2627 2326 2867 2384 Wilfridi
2898 2332 3076 2402 plane
3101 2337 3335 2401 rogatu.

2457 2433 2585 2488 XIX.
2639 2433 2960 2504 Witfridus
2987 2438 3088 2506 pie
3114 2439 3278 2495 vivit.

2111 2537 2302 2595 Virtus
2331 2554 2472 2608 ergo
2499 2540 2606 2595 viri
2635 2539 2799 2596 nullo
2826 2528 3043 2597 sudore
3073 2543 3312 2615 remitti,

2039 2629 2193 2682 Neve
2223 2626 2539 2699 supercilio
2566 2627 2858 2684 subrectis
2883 2629 3114 2685 nisibus
3144 2636 3310 2687 extra

2034 2715 2275 2772 Justitite
2305 2733 2512 2771 verum
2541 2717 2745 2773 diduci
2775 2718 2988 2790 quibat
3028 2725 3276 2776 oestrum
3305 2722 3683 2798 [stimulum].

2036 2807 2190 2862 Sane
2220 2821 2326 2877 per
2358 2805 2592 2874 ignotas
2620 2807 2912 2863 instanter
2942 2814 3140 2864 mente
3173 2827 3508 2884 pererrans,

2037 2893 2256 2950 Divinaa
2289 2899 2494 2963 gentes
2527 2895 2771 2950 sationis
2805 2901 3069 2968 tempore
3102 2900 3330 2970 passim

1953 2969 1994 3023 ί)
2036 2982 2317 3053 Dilatans,
2349 2983 2692 3038 exercitium
2716 3000 2837 3040 non
2869 3001 3048 3056 segne
3079 2969 3342 3057 gerebat.

2035 3071 2311 3126 Excubiis
2342 3087 2569 3144 pernox
2600 3073 2871 3141 gaudens
2893 3073 3111 3131 instare
3143 3077 3401 3136 secretis.

2033 3161 2262 3232 Corpus
2293 3160 2624 3233 perspicuis
2651 3166 2883 3218 castum
2910 3170 3127 3235 purgat
3156 3165 3216 3220 in
3247 3167 3444 3222 undis.

2037 3248 2286 3319 lngeniti
2317 3249 2542 3305 fervore
2567 3249 2706 3305 laris
2737 3266 2810 3307 ne
2844 3256 3062 3308 torreat
3085 3259 3302 3310 ustum.

2034 3341 2161 3392 Non
2193 3337 2373 3393 ardor
2403 3337 2626 3404 Phoebi,
2658 3354 2781 3392 non
2811 3339 3013 3409 algida
3041 3345 3311 3414 tempora
3337 3342 3568 3399 bruma;

2037 3421 2240 3476 Dulcia
2261 3426 2563 3493 conceptae
2596 3437 2808 3494 rupere
2835 3423 3140 3480 volumina
3169 3442 3326 3482 cura;
3351 3444 3364 3481 :

2037 3511 2232 3564 Donec
2262 3508 2872 3581 apostolicisjamjam
2906 3511 3135 3568 defecta
3166 3519 3442 3570 senectus

2033 3598 2342 3670 Praeceptis
2373 3601 2534 3653 tanto
2565 3599 2781 3656 meruit
2815 3599 3094 3672 squalore
3124 3603 3364 3660 resolvi.

2031 3691 2146 3742 Nec
2176 3687 2338 3742 solus
2364 3687 2489 3758 poti
2515 3689 2813 3759 scyphum
2844 3705 3197 3747 consumere
3223 3693 3334 3748 rivi

2035 3777 2141 3830 Fas
2176 3775 2300 3830 fore
2324 3774 2585 3829 decrevit
2613 3791 2624 3828 :
2645 3776 2876 3846 jejunia
2907 3777 3043 3834 lieta
3068 3779 3292 3846 luebat,

2031 3861 2460 3934 Subjectosque
2491 3861 2652 3918 viam
2682 3879 3052 3934 praecurrens
3091 3866 3260 3922 duxit
3289 3867 3349 3922 in
3381 3872 3594 3924 artam.

2033 3951 2283 4008 Conllua
2309 3951 2453 4006 tuba
2480 3951 2704 4006 ducum
2732 3952 2968 4009 soboles
3021 3955 3288 4011 conferre
3339 3956 3453 4012 sub
3483 3957 3683 4029 ipsum

2032 4038 2359 4104 Gaudebat,
2389 4040 2600 4096 mirata
2632 4041 2795 4112 piam
2825 4059 3060 4098 morum
3096 4045 3478 4116 probitatem,

2034 4133 2149 4188 Seu
2175 4128 2396 4184 servire
2429 4132 2568 4199 Deo,
2601 4146 2707 4185 seu
2735 4147 2914 4187 nosse
2942 4133 3164 4204 palatia
3188 4135 3372 4205 justo.

2033 4222 2164 4275 Haec
2187 4233 2428 4292 quoque
2460 4216 2790 4290 falsiloquis
2821 4221 3170 4292 praebebant
3187 4223 3326 4294 jura
3353 4222 3592 4294 linguis,

2031 4313 2135 4364 Ast
2159 4307 2377 4365 athleta
2407 4306 2506 4362 Dei
2535 4311 2838 4363 contectus
2864 4309 3077 4366 vellere
3103 4312 3290 4383 pacis,

2031 4396 2399 4470 Obsequium
2425 4395 2580 4452 mitis
2607 4397 2759 4453 odiis
2790 4399 3033 4456 sufﬁbat
3058 4401 3309 4458 acerbis.

2029 4509 2132 4562 XX.
2172 4505 2239 4561 S.
2265 4505 2524 4562 Andreae
2557 4503 2864 4579 basilicam
2895 4508 3115 4564 condit.
3146 4509 3376 4564 Etisum
3409 4511 3679 4579 sospitate

2669 4577 3040 4649 redintegrat

2101 4685 2393 4740 Praeterea
2423 4681 2711 4754 templum
2739 4685 2888 4754 (3l6)
2920 4685 3091 4741 czesis
3138 4686 3434 4742 instaurat
3459 4685 3678 4758 arenis,

2029 4787 2648 4872 appellat..Undalzt7n
2696 4791 2854 4872 Beda
2902 4791 2968 4872 in
3010 4791 3178 4872 lib.Av
3212 4807 3343 4872 cap.
3377 4793 3467 4861 20,
3495 4796 3551 4846 et
3581 4794 3680 4847 Le-

2027 4860 2192 4917 laridi
2223 4860 2585 4917 collectanea
2613 4861 2672 4916 in
2723 4863 3045 4918 Monastico
3094 4860 3508 4932 Anglicano,a
3539 4878 3677 4934 pro-

2027 4932 2234 4987 vincite
2267 4931 2528 4987 nomine.
2561 4931 2866 4989 Ethildrita
2894 4932 3094 4988 locum
3143 4933 3508 4989 concessisse
3538 4933 3678 4988 dici-

701 4999 1336 5076 lui'ali’rvocistempus.
1363 5005 1510 5076 Puer
1539 5001 1645 5058 iste
1666 5007 1914 5076 vocatus
2027 5006 2122 5076 tur
2151 5001 2435 5076 ubide_m._
2456 5001 3025 5076 Haugustaldehem,
3049 5004 3242 5076 inquit
3272 5003 3590 5059 Willelmus
3606 5003 3677 5076 in

261 5017 565 5067 sunguant
593 5017 628 5055 a
655 5017 873 5126 plurau
897 5017 1057 5054 vocns
1092 5017 1336 5069 tempus.
1363 5017 1510 5056 Puer
1539 5017 1645 5058 iste
1666 5017 1914 5058 vocatus
2027 5017 2122 5057 tur
2151 5017 2414 5056 umnem.
2456 5017 3025 5071 uaugustataenem,
3049 5017 3242 5076 inquit
3276 5017 3590 5059 wxuelmus
3615 5018 3677 5056 in

260 5075 356 5146 est
390 5071 653 5146 Ethelvv'a
677 5071 812 5146 dus,
845 5075 901 5126 et
958 5071 1263 5146 Willelmo,
1295 5071 1399 5143 qui
1458 5072 1571 5127 hoc
1603 5076 1825 5146 factum
1851 5073 1913 5146 in
2024 5073 2143 5128 fine
2170 5073 2378 5146 capitis
2401 5072 2474 5146 de
2491 5074 2786 5146 episcopis
2815 5074 3484 5138 Eboracensibus,locus
3509 5075 3677 5146 quin:

260 5141 400 5198 villa
443 5142 811 5198 Tiddanefraa
842 5141 1157 5210 contigisse
1188 5141 1286 5207 ait,
1315 5141 1373 5196 et
1415 5158 1670 5213 puerum
1722 5144 1782 5198 in
1818 5144 1911 5199 Ri-

262 5214 434 5283 pcnsi
464 5213 740 5268 coenobio
768 5213 1133 5267 monachum
1165 5217 1374 5283 postea
1395 5212 1636 5283 vixisse.

331 5285 478 5353 (31ξὶ)
507 5284 804 5340 Diabolus.
835 5317 902 5322 —
935 5283 1024 5356 Sic
1042 5282 1279 5356 passim
1317 5282 1728 5356 mssrcodices
1760 5300 1911 5356 prte-

261 5355 455 5434 ferunt
486 5357 687 5434 tantum
696 5397 720 5434 ,ι
732 5370 835 5426 per
855 5371 907 5410 ω
936 5353 1398 5434 diphthongum,
1431 5353 1813 5434 ubi__rn_ortein
1840 5355 1913 5411 si-

259 5424 892 5506 gnificatnaliqui'cum
920 5424 1231 5506 e-simplici
1246 5424 1405 5506 absq
1415 5442 1484 5506 ue
1511 5425 1906 5506 diphthongo.

2025 5144 2316 5226 quaginta
2372 5144 2447 5199 ab
2501 5144 2772 5226 Eboraco
2827 5146 3542 5226 initiaribusdispafatus
3573 5159 3586 5206 ;
3619 5145 3677 5221 et

2023 5211 2180 5270 infra
2205 5232 2216 5268 :
2248 5216 2426 5270 Nunc
2458 5221 2540 5272 est
2570 5216 3221 5287 Haugustaldempilla
3243 5211 3672 5287 archiepiswpi

2025 5287 2435 5366 Eboracensis,
2466 5305 2601 5360 quae
2630 5280 2829 5343 tamen
2848 5285 3192 5410 [duo-udam.
3217 5281 3390 5369 sedes
3412 5280 3672 5368 espiscg-

2025 5357 2175 5410 nalis
2208 5357 2414 5410 fuerat.
2455 5361 2574 5410 Huc
2597 5362 2826 5410 snectat
2919 5370 3074 5409 cunni
3102 5351 3350 5410 epistola
3379 5356 3444 5406 .32
3468 5352 3672 5405 zEdit-

2067 5357 2175 5412 alis
2208 5357 2414 5413 fuerat.
2455 5351 2574 5414 Huc
2597 5362 2826 5430 spectat
2848 5351 3074 5410 Alcuini
3102 5351 3353 5430 epistola
3379 5356 3444 5406 3'2
3468 5352 3673 5430 zEdit-

2060 5434 2186 5484 erto
2239 5431 2504 5498 episcopo
2556 5435 2610 5485 et
2631 5423 2818 5483 ὀηιηὶ
2859 5423 3311 5498 congregationi
3331 5423 3400 5498 in
3426 5423 3671 5498 ecclesia

333 5500 478 5568 (316)
521 5491 740 5568 Nempe
797 5499 856 5568 in
914 5491 1430 5568 Haugustatrlensi
1477 5491 1714 5565 opﬁido,
1766 5491 1909 5552 teste
2020 5500 2218 5555 sancti
2244 5491 2501 5558 Andreae
2560 5503 2679 5554 Deo
2706 5491 3108 5568 servientium.
3144 5494 3290 5568 Lege
3343 5491 3564 5549 librum
3595 5493 3670 5548 de

263 5562 573 5635 Eadmero,
605 5562 787 5639 quem
829 5567 1026 5623 locum
1057 5562 1397 5622 'Willelmus
1427 5562 1906 5637 Heu—glestetdem
2020 5569 2308 5628 Miraculis
2330 5574 2672 5628 sanctorum
2703 5562 3328 5636 Hangustaldensium.
