4116 6156
248 55 352 113 997

251 178 385 231 Post
410 175 717 233 modicum
740 140 945 236 multis
973 179 1177 237 tribuit
1195 180 1501 254 baptisma
1529 182 1756 249 salutis,

251 266 315 320 Et
334 262 611 321 fundavit
640 282 742 322 eas
765 267 1137 326 Wilbrordus
1160 270 1304 341 (323)
1337 287 1489 343 quas
1508 271 1694 327 habet
1711 286 1897 339 arces,

248 353 655 426 Equiparans
676 359 906 413 tantum
938 356 1079 414 ﬁdei
1104 358 1335 415 fervore
1364 360 1739 430 magistrum.

247 496 423 549 XXIII.
456 495 772 553 Frisonum
796 513 990 569 regem
1016 501 1079 555 in
1094 500 1447 571 Wilfridum
1474 498 1796 558 accendere
1815 501 1902 557 ni-

818 572 968 625 titur
1006 571 1329 628 Ebroinus.

320 673 433 726 Nec
461 671 642 729 tutela
670 674 907 741 ducem,
939 691 1121 748 quem
1152 677 1354 734 multas
1376 678 1549 753 copia
1576 693 1731 749 gaZae

248 758 614 814 Francorum
645 763 822 834 rupit,
856 763 1024 819 furiis
1064 766 1335 823 accendit
1364 765 1613 822 acerbis.

249 845 727 919 Syngraphidem
760 850 1030 923 sculpsit,
1063 869 1286 909 munus
1314 854 1524 911 venale
1546 852 1794 926 notavit,

248 933 446 999 Quiret
474 935 828 1009 Adalgisum
857 941 1085 998 collatis
1115 943 1367 1000 subdole
1395 960 1601 1014 regem

245 1021 582 1096 Implanare
598 1027 816 1099 opibus
833 1029 989 1086 Efrui
996 1048 1109 1088 nus
1125 1032 1466 1105 [Ebroinus]
1487 1033 1902 1106 philocompos

247 1112 444 1181 Legati
456 1120 1282 1194 properant,paraphrasticaj
1294 1139 1432 1178 ussa
1443 1121 1726 1178 revelant.
1752 1122 1900 1193 [324)

244 1202 364 1255 Rex
385 1218 526 1259 vero
556 1205 936 1281 phronymus
957 1211 1234 1268 scindens
1263 1212 1443 1269 ferale
1470 1213 1771 1276 volumen,

244 1291 614 1362 Aspernatus
638 1310 764 1368 eos,
794 1297 1058 1356 ﬂammis
1088 1301 1340 1374 projecit
1366 1301 1427 1358 in
1456 1301 1611 1358 altis.

246 1382 547 1452 lmprecor
576 1389 797 1443 aeterno
819 1395 1026 1461 pereat
1048 1389 1130 1446 sic
1160 1397 1454 1458 caumate,
1485 1392 1758 1465 quisquis

246 1468 580 1543 Compactse
610 1475 823 1546 quaerit
853 1476 990 1533 ﬁdei
1022 1477 1345 1536 dissolvere
1371 1481 1584 1547 nodos,

245 1556 413 1613 Inﬁt:
446 1565 503 1615 et
530 1560 774 1619 infestos
793 1565 974 1637 jussit
1001 1583 1268 1625 remeare
1295 1568 1551 1625 sodales.

242 1645 415 1701 Haud
446 1647 698 1707 dubium
725 1653 871 1726 quin
900 1654 1183 1713 lustratus
1214 1657 1445 1728 fulgore
1477 1673 1760 1730 superno,

242 1733 335 1788 Ad
353 1749 541 1792 cunas
572 1738 690 1809 agii
719 1741 1032 1813 quondam
1061 1743 1167 1817 qui
1195 1743 1345 1803 luxit
1363 1744 1443 1802 ab
1468 1744 1607 1803 alto.

558 1884 733 1939 XXIV.
764 1884 1144 1957 Apostrophe
1170 1888 1253 1944 ad
1280 1890 1571 1959 reginam.

312 2002 668 2078 Imprudens
697 2008 931 2078 mulier,
957 2010 1190 2082 justum
1219 2009 1533 2068 furialibus
1563 2011 1767 2069 armis.

243 2094 357 2147 Cur
385 2094 655 2151 stimulas
678 2097 705 2152 Τ
732 2100 824 2153 sat
851 2102 977 2154 erat
1014 2099 1208 2172 patria
1237 2100 1603 2173 expunxisse
1626 2099 1893 2156 beatum.

244 2180 397 2245 Quid
426 2199 593 2240 mare
615 2184 895 2243 sollicitas
916 2188 945 2243 ?
972 2188 1121 2261 quid
1144 2205 1347 2245 casses
1379 2189 1533 2245 abde
1562 2188 1850 2260 Charybdi
1869 2189 1897 2244 ?

242 2274 396 2327 Num
423 2274 525 2330 tibi
550 2276 963 2349 quatripatens
994 2278 1198 2334 obedit
1226 2280 1510 2335 machina
1534 2278 1690 2334 ruris
1708 2280 1735 2335 ‘I

240 2367 393 2419 Tene
413 2364 660 2433 jubente
690 2365 811 2438 poli
842 2367 1105 2422 rutilabit
1131 2366 1429 2423 dextimus
1457 2368 1585 2422 axis
1604 2367 1632 2421 ?

245 2453 411 2519 Siste,
436 2469 680 2525 capesse
706 2455 912 2523 ﬁdem,
944 2457 1196 2529 dynami
1216 2462 1363 2528 (3'25)
1385 2457 1635 2529 capieris
1659 2456 1893 2525 eadem,

243 2540 419 2597 Ocius
448 2541 671 2598 amisso
700 2544 1029 2602 mutaberis
1068 2545 1202 2619 ipsa
1231 2545 1465 2613 marito,

242 2629 573 2686 Grassatrix
597 2631 889 2689 scelerum
909 2633 1017 2689 ﬁes
1041 2632 1285 2691 inimica
1304 2633 1611 2707 luporum,

242 2717 457 2775 Christi
486 2719 840 2777 candidulos
868 2737 1084 2794 pasces
1113 2723 1297 2780 modo
1327 2723 1524 2779 mitior
1553 2738 1766 2793 agnos.

242 2808 432 2873 Quem
457 2823 618 2864 nunc
647 2812 1043 2883 persequeris,
1072 2813 1327 2884 posthac
1357 2812 1579 2868 devota
1605 2811 1894 2885 sequeris,

240 2894 414 2950 Multa
440 2881 663 2953 dehinc
686 2881 925 2971 populis
948 2881 1246 2958 adhibens
1265 2899 1639 2963 monimenta
1664 2881 1891 2957 salutis.
1924 2881 1970 2938 ο

243 2988 356 3039 Ista
384 2999 492 3057 per
520 2987 772 3043 ecstasin
799 2989 1061 3061 scapello
1087 2989 1343 3047 lusimus
1375 3005 1551 3046 unco.

243 3075 448 3146 C(epta
474 3073 617 3133 libet
646 3076 821 3135 solito
848 3093 1010 3135 nunc
1037 3078 1299 3135 insanire
1328 3079 1641 3136 cothurno.

370 3218 520 3272 XXV.
564 3217 883 3288 Wilfridus
911 3220 995 3278 ad
1012 3221 1416 3293 Dagobertum
1441 3236 1502 3278 se
1528 3222 1758 3293 recipit.

246 3340 352 3394 Ver
376 3340 605 3410 gelidos
624 3342 840 3416 tepidis
859 3345 988 3418 jam
1014 3346 1270 3405 solverat
1295 3346 1538 3404 testibus
1560 3346 1762 3419 Alpes,

247 3429 484 3486 Viribus
516 3431 814 3490 adsumtis
844 3450 983 3491 cum
1022 3436 1243 3508 praesul
1268 3435 1439 3493 laetus
1468 3435 1549 3492 ab
1568 3434 1683 3491 illis

246 3516 466 3576 Gallica
491 3535 633 3577 rura
661 3526 867 3595 petens
887 3524 1064 3580 exivit
1091 3525 1335 3594 ﬁnibus,
1358 3531 1539 3598 atque

244 3608 392 3663 Nota
418 3608 577 3666 subit
605 3609 798 3668 ﬁdens
822 3614 1138 3684 Dagoberti
1161 3618 1307 3687 (326)
1333 3615 1558 3671 mcenia
1577 3613 1761 3684 regis.

243 3692 298 3749 Is
323 3696 606 3768 equidem
630 3702 862 3773 merito,
892 3708 1182 3761 venturus
1205 3709 1270 3761 ut
1293 3704 1527 3761 adseret
1556 3702 1728 3771 ordo,

241 3782 484 3840 Publica
515 3792 794 3858 suscepto
813 3790 1120 3859 praebebat
1146 3790 1283 3846 laeta
1301 3797 1579 3863 patrono.

240 3872 532 3945 Perditus,
561 3878 623 3931 ut
650 3875 860 3946 nostis,
886 3878 1101 3951 inquit,
1131 3879 1525 3952 popularibus
1555 3877 1685 3936 alis.

239 3961 459 4035 Excepi
480 3968 726 4022 maestas
755 3969 959 4023 tenero
988 3966 1132 4024 olim
1161 3973 1391 4026 somate
1416 3984 1722 4025 erumnas.

239 4050 546 4109 Adscendi
572 4054 896 4112 tremulum
923 4071 1047 4113 non
1076 4056 1266 4114 multo
1292 4057 1519 4128 remige
1540 4056 1833 4128 lembum,

240 4139 453 4197 Pulsus
475 4141 556 4199 ad
583 4141 839 4213 ignavos
871 4145 1228 4203 adulescens
1251 4146 1425 4203 exsul
1443 4146 1754 4204 Hibernos.

241 4231 327 4287 En
354 4229 549 4300 vobis,
580 4232 755 4304 cujus
783 4235 974 4290 merui
1008 4236 1300 4292 tutamine
1325 4235 1496 4293 reddi
1520 4254 1534 4305 ;

242 4319 348 4374 Per
364 4335 483 4388 me,
514 4335 744 4395 perque
773 4326 958 4392 tuam,
984 4323 1157 4381 miles
1179 4324 1425 4394 delecta,
1457 4325 1730 4396 salutem,

239 4406 301 4463 Si
328 4424 454 4480 qua
478 4408 631 4466 ﬁdes
656 4412 881 4482 animo,
912 4417 1146 4471 tantum
1175 4430 1483 4472 servemus
1510 4417 1794 4473 amicum.

312 4564 462 4640 (323)
486 4570 567 4626 De
605 4573 764 4629 Mora
799 4572 1043 4630 Wilfridi
1072 4591 1212 4633 cum
1236 4575 1612 4634 Willibrordo
1640 4578 1892 4637 mentio-

239 4654 395 4719 nem
410 4640 551 4719 facit
577 4642 734 4719 Beda
761 4643 822 4719 in
844 4643 947 4700 lib.
976 4662 1040 4702 ιιι
1070 4662 1206 4719 cap,
1231 4652 1315 4705 t3.

311 4712 747 4803 ggthAKzatpr
784 4717 1115 4803 iactantiae,
1137 4712 1472 4803 ᾗελόκομττος.
1498 4717 1893 4803 Eadem‘voce

241 4781 845 4874 utitur‘ﬁatlti‘er‘i‘us‘in
876 4781 1284 4874 Apologetico,
1307 4781 1473 4874 t'o'mo
1502 4789 1546 4843 II
1573 4789 1891 4874 Spic‘ilegii.

239 4856 298 4907 et
324 4852 386 4908 in
418 4854 545 4910 Vita
661 4852 999 4944 Walpurgig
1011 4852 1463 4944 npiig‘tocoinpjca
1490 4852 1655 4944 ποιᾷ.
1686 4852 1892 4944 Ebrin-

237 4939 355 4998 nus
374 4939 530 4998 nove
559 4925 655 4998 hic
670 4925 928 4985 vocatur
942 4925 1262 4998 Efruz'nus,
1295 4925 1693 4989 Ebremerdus
1714 4933 1894 4991 etiam

238 4993 531 5075 dictusin
548 4996 675 5075 Vita
707 4999 763 5055 S.
798 4993 1141 5075 [.eode'garii
1171 4993 1411 5058 auctore
1439 5018 1769 5075 anonymo.

313 5069 455 5141 (325)
497 5063 737 5141 dempsi,
770 5063 1009 5141 virtute:

313 5138 490 5226 (326)“
505 5138 1031 5226 ﬂic"Dagobei-'tus
1077 5141 1401 5208 secundus,
1436 5142 1894 5226 Sigibertiuregis

236 5205 776 5294 ﬁli'us,'Dagob‘erti
818 5210 1065 5293 senioris
1110 5228 1300 5294 nepos
1330 5232 1342 5268 :
1375 5205 1567 5294 cujus
1606 5205 1895 5294 restitutio

237 5279 299 5334 in
326 5295 579 5348 regnum
606 5282 893 5370 obscura,
914 5283 1102 5370 immo
1141 5279 1330 5366 multo
1372 5279 1892 5370 tempore'i’g‘nqta,

238 5366 433 5439 nuper
473 5356 699 5439 asserta
733 5357 827 5434 est
874 5352 1228 5439 testimonio.
1265 5355 1328 5439 in
1378 5352 1584 5439 primis
1612 5352 1895 5439 Willelmi

351 5421 778 5500 mesburiensis
808 5423 1109 5500 monachi,
1137 5426 1232 5500 cui
1262 5421 1614 5484 iste‘auctor
1643 5427 1890 5500 praeivit.

240 5492 559 5564 Dagoberti
587 5510 711 5551 non
740 5494 1012 5553 meminit
1038 5492 1213 5553 Beda.

1414 60 1505 116 ne
1542 58 1702 117 VITA
1741 60 1799 118 s.
1839 60 2161 121 WILFRIDI
2199 46 2507 129 enorme.

3556 92 3661 155 998

1928 187 1977 240 Α
2013 186 2322 289 Exsultant
2339 206 2641 289 proceres:
2664 217 2860 276 neque
2870 205 3030 264 enim
3048 209 3179 267 leve
3193 210 3478 289 principis
3496 221 3663 277 extra

2012 277 2382 350 Praecipuum
2407 283 2499 340 fas
2530 292 2619 343 est
2646 292 2945 363 subjectos
2975 298 3124 356 velle
3151 277 3370 359 meare.

2012 364 2234 424 Obtulit
2257 373 2526 443 egregias
2550 377 2851 438 immenso
2880 393 3149 445 oromate
3181 392 3373 463 sedes,

2013 456 2095 510 Ire
2124 457 2449 517 catillatum
2473 479 2583 521 nec
2611 468 2739 524 vult
2761 486 2864 527 rex
2895 474 3046 532 ultra
3075 477 3317 537 beatum

2012 544 2338 614 Friguttire,
2367 554 2511 623 petit
2539 557 2748 613 vetitas
2772 560 3023 619 alacrior
3053 582 3238 625 arces.

2009 634 2423 703 Magnanimus
2454 658 2593 699 vero
2613 646 2766 702 votis
2792 650 3095 720 regalibus
3120 656 3317 713 heros.

2011 724 2138 778 Non
2168 726 2376 783 cessit:
2407 745 2613 787 verum
2643 735 2823 792 rebus
2850 740 3151 814 sociisque
3177 744 3426 817 levatus,

2012 812 2165 877 Quin
2193 815 2373 909 etiam
2402 826 2602 909 sumtu
2630 826 2893 883 Deodato
2921 812 3071 897 (3273
3101 836 3354 905 praesule
3383 812 3591 909 pergit.

2010 902 2233 996 Rursus
2373 907 2610 979 objecto
2634 928 2966 986 properans
2992 902 3266 992 sibivrege
3291 902 3568 996 paratuvm

2012 990 2179 1046 Vadit
2208 994 2285 1089 ad
2330 996 2677 1070 hospitium.
2720 1006 3031 1063 Bertherus
3070 990 3219 1081 (328i
3262 990 3528 1087 namque
3555 1032 3660 1089 pas

2011 1081 2361 1153 lmperitans
2386 1091 2572 1145 terras
2599 1092 2790 1148 multo
2819 1098 3040 1153 terrore
3059 1100 3307 1170 regebat

2011 1171 2142 1240 Ipse
2167 1171 2269 1243 pio
2299 1173 2501 1232 solans
2526 1179 2758 1249 justum
2789 1187 3048 1258 suscepit
3076 1204 3303 1247 amore.

2009 1259 2143 1314 Post
2169 1261 2379 1333 epulas
2408 1269 2465 1322 et
2487 1273 2625 1339 post
2652 1271 2803 1339 grati
2824 1275 3128 1333 carchesia
3153 1277 3386 1351 bacchi,

2010 1348 2130 1403 Rex
2159 1351 2338 1423 coepit
2366 1369 2611 1413 narrare
2641 1362 2813 1429 Patri,
2847 1364 2952 1435 qui
2978 1364 3163 1422 livida
3193 1368 3337 1425 civis

2009 1435 2227 1494 Viderit
2247 1456 2387 1498 orsa
2417 1445 2559 1501 mali
2590 1463 2719 1504 sese
2747 1450 2969 1508 violare
2993 1454 3263 1513 volentis.

3447 1105 3659 1177 [tentes

1927 1534 1975 1588 Β
2009 1525 2113 1619 Ast
2141 1541 2251 1597 ego
2275 1533 2553 1619 praeteriti
2588 1551 2841 1609 memor,
2867 1539 3081 1613 inquit,
3113 1549 3335 1614 sancte,
3369 1545 3591 1619 pericli,

2010 1613 2078 1667 Ut
2096 1616 2410 1685 quondam
2442 1619 2645 1678 tellure
2674 1641 2809 1682 mea
2837 1628 3129 1700 privatus,
3162 1613 3403 1690 amaras

2006 1702 2262 1759 Externo
2288 1707 2403 1762 sub
2426 1724 2566 1780 rege
2594 1712 2821 1782 degens
2848 1718 3009 1773 sensi
3037 1719 3358 1779 cicatrices.

2008 1791 2247 1887 Foedere
2273 1795 2379 1851 sed
2407 1798 2598 1887 multo
2627 1805 2905 1874 quamvis
2933 1812 3203 1864 servatus
3233 1809 3312 1867 ab
3340 1811 3548 1887 humo,

2006 1879 2176 1936 Evasi
2208 1899 2399 1940 saevos
2424 1886 2739 1947 discedens
2763 1892 2914 1950 liber
2942 1896 3191 1954 amicos.

2005 1970 2089 2024 Me
2118 1986 2363 2044 quoque
2393 1979 2744 2036 muneribus
2772 1983 3089 2042 voluerunt
3117 1986 3319 2043 fallere
3348 1986 3501 2051 latis.

2007 2058 2179 2122 Quod
2210 2065 2262 2116 te
2291 2062 2632 2137 deciperent
2660 2070 2856 2139 glauci
2879 2072 3200 2131 laceranda
3232 2077 3513 2138 Britanni.

2008 2145 2178 2210 Quod
2211 2148 2262 2203 si
2286 2167 2383 2206 me
2414 2151 2555 2209 ﬁdei
2581 2157 2813 2224 gentilis
2843 2175 3048 2217 amore
3078 2165 3301 2220 tenacis

2006 2235 2268 2293 Vendere
2294 2239 2580 2312 despexit,
2616 2250 2667 2300 te
2700 2262 2809 2303 nec
2831 2249 3029 2305 minus
3058 2252 3184 2324 ipse
3210 2252 3447 2311 fovebo.

2006 2323 2328 2383 Claxendix
2357 2332 2562 2399 tonuit,
2594 2336 2840 2392 comims
2870 2355 2973 2395 rex
2999 2323 3380 2412 promutulus
3410 2346 3595 2402 anxit.

2010 2415 2101 2469 Sic
2128 2415 2405 2475 Romana
2437 2428 2644 2492 petunt
2673 2427 3014 2497 pernicibus
3044 2431 3193 2487 atria
3217 2431 3455 2506 plantis.

2005 2592 2177 2646 XXVI.
2214 2594 2351 2663 Ipso
2363 2605 2660 2664 praesente
2677 2603 2873 2660 Romae
2902 2608 3167 2676 synodus
3187 2614 3569 2681 convocatur,
3592 2614 3655 2670 in

2410 2701 2531 2755 qua
2560 2692 2900 2748 restituitur
2928 2697 3262 2765 Wil/h‘dus.

2047 2828 2059 2838 ‘
2076 2824 2356 2879 Cursores
2378 2825 2482 2881 sed
2506 2828 2637 2898 jam
2666 2833 3035 2902 praemiserat
3061 2839 3444 2911 archipolites

2004 2909 2366 2969 Theodorus.
2401 2918 2549 2972 Tum
2584 2917 2819 2977 Wilfridi
2854 2923 2953 2994 pia
2986 2922 3147 2982 fama
3176 2909 3335 2986 beati

2004 3002 2303 3057 Ausonias
2332 3003 2489 3059 notis
2514 3011 2842 3079 penetravit
2867 3012 3113 3070 nutibus
3142 3016 3330 3074 aulas.

2004 3092 2164 3159 Euge
2195 3090 2359 3147 ciunt
2386 3093 2545 3151 cives
2572 3100 2839 3156 certatim
2871 3103 3143 3175 protinus
3172 3121 3405 3163 omnes.

2005 3178 2223 3234 Exterit
2251 3180 2538 3251 abiegnas
2569 3186 2717 3243 Petri
2742 3188 3096 3259 dignissime
3126 3192 3352 3250 valvas.

2004 3268 2236 3358 Agatho
2265 3271 2630 3342 apostolicas
2661 3274 2987 3336 decorabat
3014 3281 3239 3354 praesul
3267 3283 3567 3358 habenas,

2003 3356 2237 3412 Justitia
2262 3358 2531 3432 simplex,
2562 3363 2721 3436 aequi
2746 3380 2869 3422 non
2899 3368 3203 3425 marcidus
3228 3386 3476 3444 auspex.

2005 3444 2274 3502 Edictum
2299 3450 2516 3520 posuit,
2548 3452 2810 3523 patrium
2840 3461 3162 3527 syntagma
3190 3462 3480 3533 gregavit,

2004 3534 2196 3606 Atque
2217 3542 2428 3608 quater
2443 3539 2724 3598 duodena
2743 3545 3001 3612 Patrum,
3018 3552 3287 3605 nectente
3307 3550 3486 3607 diade
3507 3550 3659 3624 (329)

2002 3624 2258 3694 Agmina
2283 3627 2588 3701 conduxit,
2616 3634 2927 3691 communi
2950 3634 3176 3694 famine
3206 3638 3390 3696 dixit:

2076 3713 2276 3769 Cultus
2306 3720 2363 3771 et
2392 3717 2660 3773 Ecclesiae
2691 3720 2927 3776 fucatur
2958 3724 3188 3781 sanctio
3217 3727 3450 3798 priscas,

2002 3800 2069 3856 Ni
2097 3807 2319 3873 coquat
2347 3819 2609 3860 emersas
2640 3807 2803 3864 calor
2823 3809 3259 3869 ecclesiasticus
3284 3815 3525 3874 herbas.

2002 3888 2252 3958 Anglica
2279 3892 2685 3964 comperimus
2714 3896 2918 3954 vexari
2948 3899 3209 3971 pessime
3235 3918 3442 3974 regna,

1999 3977 2156 4031 Dum
2184 3982 2397 4049 praeter
2420 3980 2573 4037 ﬁxos
2600 3982 2755 4041 ﬁunt
2778 3985 3030 4045 discidia
3056 3988 3229 4049 ﬁnes.

2001 4066 2228 4135 Arguto
2257 4065 2468 4125 fratres
2488 4069 2742 4129 fratrum
2772 4074 3128 4135 discremine
3150 4078 3372 4139 clades.

2003 4154 2246 4212 Pendite
2270 4171 2345 4213 ne
2369 4159 2622 4217 rudibus
2651 4169 2916 4235 pereant,
2950 4166 3198 4241 antiqua
3223 4168 3477 4227 bilibris.

1918 4229 1977 4288 Β·
2075 4242 2371 4301 Primores
2402 4247 2529 4304 Itali
2554 4229 2774 4308 trutina
2803 4229 3037 4326 pietatis
3067 4229 3275 4329 adulti,

2001 4331 2162 4389 Talia
2188 4331 2532 4409 doctiloquo
2554 4339 2889 4399 retulerunt
2910 4340 3035 4401 fata
3057 4345 3369 4416 magistro.

2001 4421 2217 4496 Incipe,
2250 4429 2476 4498 pastor,
2506 4428 2696 4486 habes
2724 4435 2994 4491 veterum
3029 4434 3268 4495 decreta
3294 4436 3586 4498 virorum.

2074 4584 2226 4680 (32:1)
2256 4586 2663 4680 gens‘chenius
2693 4592 2761 4680 in
2784 4591 2890 4680 lib.
2920 4608 2961 4649 ιι
2991 4592 3067 4651 de
3092 4594 3282 4680 tribus
3308 4596 3654 4680 Dagohertis

2001 4669 2134 4725 cap.
2167 4657 2221 4723 4,
2256 4658 2587 4717 Deodatum
2608 4661 2771 4718 hunc
2798 4679 2939 4720 eum
2968 4681 3098 4722 esse
3118 4671 3288 4739 putat
3291 4657 3508 4793 anisi
3527 4669 3654 4751 epi-

2001 4740 2187 4793 εοορο
2220 4726 2568 4786 Nivernensi
2595 4732 2786 4789 factus
2825 4740 2915 4791 est
2935 4738 3270 4793 monachus
3345 4738 3654 4793 allis-Gali-

2001 4730 2568 4818 scopoﬁﬁvernensi
2595 4732 2786 4818 factus
2825 4740 2916 4818 est
2935 4730 3270 4818 monachus
3291 4730 3654 4818 vellis-Cali-

2000 4794 2146 4851 laaaé.
2178 4799 2298 4867 Ego
2326 4816 2469 4857 vero
2516 4803 2715 4874 potius
2760 4806 3113 4863 crediderim
3161 4825 3292 4865 esse
3322 4794 3654 4868 Deodatiiin

2000 4866 2761 4965 Iﬂserinfreeeprez
2779 4876 2898 4965 sui
2927 4895 3077 4965 οιξω.
3096 4879 3373 4965 Ψξῑίιυίάο
3402 4883 3656 4965 Romam

2000 4937 2321 5010 profectus,
2341 4937 2892 5003 concilio-Romano
2910 4949 3025 5005 sub
3049 4951 3358 5023 Agathone
3387 4937 3551 5078 gapa
3566 4937 3655 5009 ir;

2001 5007 2215 5080 terfuit,
2237 5010 2332 5066 cui
2351 5016 2408 5067 et
2429 5014 2860 5080 subscripsisse
2879 5020 3180 5076 invenitur
3200 5022 3365 5080 apud
3436 5024 3655 5080 Delma-

2001 5007 2215 5089 terfuit,
2237 5010 2332 5066 cui
2351 5016 2408 5067 et
2429 5014 2860 5099 subscripsisse
2879 5007 3180 5076 invenitur
3200 5022 3365 5094 apud
3389 5007 3648 5147 spiam;

2000 5095 2242 5174 “$23.39
2270 5085 2721 5174 ‘2E2-'_§9n°-s
2753 5088 3265 5174 αιμεκΑιέςοάαιιιε
3292 5107 3449 5174 arra
3494 5095 3648 5174 διαβ-

2074 5149 2222 5220 (328)
2253 5153 2609 5243 ‘l'lra‘c‘lmerus
2632 5149 2828 5243 “vocat
2890 5163 3230 5243 Bertherum
3307 5149 3655 5243 Qdmpania?

2001 5220 2230 5313 duc‘enz,
2253 5223 3005 5313 Wiﬂelmiis‘gertngriym
3044 5234 3253 5313 duceni
3293 5220 3647 5313 Provinciae.

2002 5291 2218 5382 Aulus
2241 5294 2345 5382 qui
2371 5312 2553 5382 gener
2582 5298 2970 5382 Warattonis,
3004 5305 3062 5382 et
3110 5305 3246 5382 post
3274 5316 3413 5382 eum
3458 5302 3653 5382 major

2001 5362 2221 5442 domus
2250 5362 2597 5444 Theodorici
2624 5373 2781 5441 regis
2810 5372 2871 5427 in
2900 5362 3345 5427 continuatione
3364 5362 3655 5444 Fredega-

2002 5448 2073 5488 rn
2102 5449 2235 5507 cap.
2270 5442 2358 5494 99.
2847 5508 2858 5519 .

2074 5503 2220 5579 (329)
2249 5510 2497 5567 Centum
2523 5510 2731 5581 viginti
2759 5523 3046 5583 quinque.
