4166 6162
479 87 586 142 999

476 209 643 262 Nunc
673 203 806 258 illos
837 198 1106 262 admitte,
1139 197 1354 270 placet,
1381 213 1536 270 quos
1564 197 1754 253 multa
1783 195 2032 264 fatigant

480 293 804 362 Instigante
836 288 954 343 ﬁde
986 287 1266 360 spati-oste
1294 273 1684 344 incommoda
1715 291 1901 342 terrm.

482 384 772 436 Decernes
800 392 1075 432 sermone
1103 376 1222 446 pio,
1255 375 1402 449 quid
1433 376 1707 432 subditus
1736 374 1906 442 ordo,

481 469 549 524 Et
574 466 720 540 quid
755 481 1009 538 quaeque
1040 463 1258 530 colant,
1293 481 1399 520 seu
1429 464 1576 537 quid
1607 463 1790 518 vitare
1815 461 2106 532 jubentur

479 556 771 618 Ecclesiae,
801 554 992 611 scelus
1021 555 1136 609 hoc
1167 559 1343 625 pacto
1372 553 1726 610 vacuabitur
1755 566 1950 606 omne

550 645 790 702 Allusit:
823 644 1144 716 statimque
1173 660 1376 700 sacras
1407 642 1716 698 Wilfridus
1749 641 1808 696 in
1839 639 1998 696 aedes

482 736 722 806 Cogitur
741 735 868 808 ipse
900 749 1040 789 suas
1065 733 1271 803 jussus
1299 748 1540 788 narrare
1571 731 1864 804 querelas.

483 824 704 882 Obtulit
730 839 1084 896 expressum
1116 822 1387 877 Patribus
1407 821 1676 894 diploma
1703 820 2049 890 legendum,

483 915 554 969 Ut
582 912 788 985 patriis
818 927 994 968 curas
1018 909 1220 965 ovium
1255 927 1365 964 ceu
1385 909 1552 964 lucra
1579 909 1818 982 piarum

481 1001 735 1058 Sedulus
766 998 1056 1070 obsequio
1087 998 1443 1060 tractaverit,
1476 1003 1659 1070 utque
1697 998 1924 1052 dicatas

483 1089 712 1146 Invidia
737 1093 983 1157 cogente
1014 1085 1170 1142 fores
1199 1087 1594 1159 suspenderit,
1625 1093 1804 1160 atque

485 1179 646 1234 Eheu
675 1177 1026 1250 pontiﬁcum
1057 1175 1300 1230 fraudes
1324 1176 1428 1248 qui
1458 1192 1622 1232 more
1653 1191 1990 1251 procorum

485 1269 766 1323 Ornatam
797 1264 1042 1338 proprio
1071 1281 1362 1336 sponsam
1393 1265 1662 1321 invasere
1693 1269 1967 1337 patrono.

485 1359 612 1411 Non
637 1370 748 1424 ego
778 1353 1128 1408 criminibus
1157 1369 1528 1426 quemquam
1559 1355 1820 1426 depravo
1859 1352 2135 1425 peractis.

482 1441 791 1497 Praestolor
823 1440 1100 1512 Hesperia
1129 1441 1234 1513 qui
1253 1441 1506 1511 judicer,
1535 1442 1747 1513 inquit,
1776 1441 1854 1497 ab
1885 1439 2043 1511 aula,

483 1529 699 1586 Omnia
723 1529 996 1584 versiﬁco
1027 1528 1276 1598 longum
1309 1529 1654 1586 exanthlare
1679 1529 1888 1585 relatu.

553 1618 804 1674 Alternaa
837 1618 1150 1690 perhibent
1185 1619 1414 1674 sincera
1453 1619 1698 1675 oracula
1727 1623 1926 1690 partes

485 1707 912 1779 Expromisisse
929 1707 1124 1761 virum
1150 1724 1160 1760 :
1195 1724 1443 1779 prorsus
1465 1709 1624 1764 hunc
1647 1724 1776 1763 esse
1793 1707 2136 1780 legendum,

487 1795 669 1865 Cujus
695 1793 1025 1865 apostolico
1057 1794 1386 1850 solidandie
1415 1796 1630 1852 robore
1663 1796 1834 1864 vires,

487 1882 609 1938 Hoc
635 1881 798 1936 virus
825 1897 898 1936 ne
929 1887 1146 1954 serpat,
1180 1887 1237 1938 et
1259 1883 1528 1940 incautes
1561 1884 1870 1940 malesano

487 1969 714 2024 lnﬂciat
738 1985 938 2032 succo,
969 1969 1118 2024 dum
1147 1973 1380 2026 Iustum
1421 1971 1710 2044 pessimat
1737 1978 1926 2028 atrox.

487 2057 730 2134 Annuit,
758 2061 816 2112 et
846 2057 1080 2129 scriptis
1111 2057 1404 2129 legalibus
1427 2061 1876 2116 archierarchus
1903 2061 2106 2134 [papa]

485 2145 795 2202 Theodoro
825 2146 1067 2219 regique
1089 2148 1261 2218 jubet
1283 2153 1510 2206 sancite.
1534 2150 1749 2206 notari.

487 2234 552 2290 Ni
579 2234 794 2306 pietate
824 2235 953 2308 pari
985 2243 1334 2293 conservent
1353 2239 1524 2308 jussa
1565 2240 1856 2309 magistri,

485 2322 715 2378 Judicio
747 2323 982 2380 Domini
1007 2329 1252 2382 cunctos
1283 2327 1666 2384 anathemate
1695 2328 1892 2400 plecti,

489 2409 828 2475 Quierentes
858 2412 1128 2468 animam
1161 2413 1288 2469 sine
1313 2429 1375 2469 re
1406 2415 1554 2486 (330)
1583 2415 1874 2472 damnare
1903 2415 2082 2472 beati.

487 2517 684 2594 XXVII.
731 2517 1066 2594 Dggpberto
1114 2519 1266 2575 bello
1311 2521 1578 2594 impetilo
1622 2527 1676 2578 et
1725 2537 1870 2579 cwso
1915 2523 2144 2594 Wilfri-

611 2587 723 2642 dus
745 2588 815 2642 ob
832 2587 1040 2658 ipsum
1061 2597 1364 2647 servatum
1389 2587 1653 2648 convicio
1681 2595 2008 2663 appetitur.

561 2693 659 2748 llis
687 2694 768 2750 ita
795 2694 1078 2762 fundatis,
1111 2711 1186 2751 ne
1217 2698 1368 2753 sicut
1393 2703 1670 2771 apostata
1695 2700 1845 2770 vilis,

489 2785 604 2838 Aut
625 2781 828 2852 legum
853 2783 1146 2855 profugus
1176 2785 1302 2842 sola
1333 2793 1564 2859 quaerat
1593 2789 1840 2862 perdere
1865 2794 2034 2858 nota;

491 2869 796 2927 Limitibus
827 2871 1022 2943 planis
1053 2875 1308 2931 excessit
1336 2875 1558 2932 ﬁnibus
1591 2878 1724 2934 illis.

491 2961 682 3016 Oritur
711 2959 958 3017 infestus
987 2962 1269 3020 humanae
1301 2965 1483 3036 prolis
1512 2969 1763 3036 amicus,

489 3048 941 3106 Commaculare
973 3049 1206 3106 bonum
1236 3053 1590 3125 perquirens
1623 3055 1803 3112 livide
1835 3061 2062 3115 votum.

488 3139 635 3193 Nam
656 3153 990 3210 properans
1014 3140 1198 3212 patuli
1216 3141 1363 3198 dum
1385 3149 1644 3200 verreret
1659 3161 1905 3218 aequora
1921 3148 2144 3220 campi,

488 3224 945 3295 Conglomerata
977 3226 1102 3282 suis
1129 3227 1336 3285 furunt
1362 3229 1612 3302 collegia
1643 3232 1832 3304 signis

486 3313 692 3382 Noxia,
721 3315 928 3384 regali,
963 3333 1074 3372 ceu
1099 3317 1301 3390 fertur,
1337 3321 1630 3392 sanguine
1657 3321 1810 3379 fuso.

489 3401 697 3458 Civiles
724 3405 942 3462 etenim
975 3407 1347 3477 Dagobertus
1375 3410 1628 3466 Marchio
1654 3412 1804 3482 (331)
1830 3412 2072 3470 dextras

491 3491 781 3560 Senserat,
812 3497 868 3548 et
895 3495 1158 3564 rigidum
1207 3499 1598 3568 capulotenus
1625 3501 1874 3572 inguine
1897 3503 2141 3562 ferrum.

487 3577 691 3635 Praelia
725 3579 964 3636 vibratis
993 3582 1287 3640 intentant
1317 3586 1655 3642 comminus
1685 3587 1892 3646 hastis.

486 3665 724 3723 Arduus
765 3683 1016 3726 excusso
1045 3687 1309 3744 quorum
1338 3675 1610 3732 convicia
1639 3675 1754 3734 telo

489 3758 650 3813 Unus
677 3759 946 3832 pontiﬁci
977 3761 1138 3818 foedo
1160 3763 1243 3820 sic
1271 3763 1486 3835 ingerit
1507 3783 1644 3824 ore:

487 3845 722 3904 Delator
749 3849 952 3921 patriae
979 3851 1278 3924 petulans,
1307 3855 1670 3914 moribunda
1697 3857 1908 3930 viator,

487 3935 705 3993 Gallica
731 3941 794 3993 tu
818 3938 1053 4010 pridem
1082 3940 1311 3998 violasti
1344 3949 1598 4018 sceptra,
1625 3946 1832 4012 relato,

488 4023 598 4089 Qui
625 4025 798 4097 periit
823 4041 1031 4091 caesus,
1065 4043 1248 4100 quem
1273 4031 1406 4102 jure
1433 4048 1704 4106 sequere,
1741 4039 2020 4110 tyranno,

485 4115 574 4169 An
603 4129 860 4186 pravum
891 4117 1068 4186 gessi,
1101 4134 1306 4188 regem
1337 4121 1486 4178 dum
1517 4123 1662 4180 forte
1693 4127 1943 4184 remisi?

1577 71 1952 130 FRIDEGODI
1991 70 2306 128 MONACHI
2347 71 2810 128 BENEDICTINI.

2169 196 2216 248 Α
2251 191 2552 250 Multivido
2581 193 2836 250 fratrum
2862 195 2998 264 post
3024 190 3152 247 haec
3177 189 3450 247 oramine
3475 188 3679 256 fultus,

3773 69 3914 124 1000

2251 285 2574 340 Auctorata
2599 283 2794 340 ferens
2827 280 2974 338 Petri
3005 279 3218 336 vexilla
3249 279 3426 346 beati,

2251 371 2502 442 Regales
2533 373 2696 442 adiit,
2725 373 2878 428 dans
2909 372 3083 426 rectis
3107 369 3352 440 gaudia,
3379 371 3608 442 postes.

2251 460 2508 518 Bullatas
2539 461 2712 518 offert
2741 462 2975 530 signato
3005 459 3220 515 cortice
3261 458 3518 514 chartas.

2251 551 2572 607 Confestim
2595 551 2786 608 doctas
2817 550 3037 624 pariter
3067 548 3261 604 coiere
3287 552 3560 618 catervae,

2251 639 2406 705 Quid
2431 645 2631 697 narret
2663 644 2970 696 Romanus
3010 654 3185 710 apex,
3217 637 3424 693 audire
3453 641 3698 710 paratae.

2249 729 2700 785 Archistrateios
2731 728 2874 800 (332)
2905 727 3050 783 solio
3081 730 3424 800 prospectat
3451 725 3530 782 ab
3559 725 3698 792 alto,

2247 821 2349 874 Jus
2378 819 2618 874 crudele
2651 819 2834 876 sacris
2865 835 3050 874 ausus
3077 815 3300 874 dictare
3329 815 3608 888 loquelis.

2249 959 2420 1014 XXIX.
2452 959 2674 1027 Quibus
2706 960 2943 1029 spretis,
2977 960 3098 1028 ipse
3127 961 3189 1014 in
3237 972 3535 1014 carcerem
3569 959 3910 1027 conjicitur.

2320 1068 2459 1122 Post
2487 1065 2902 1136 evangelicum
2937 1067 3332 1137 catorthoma,
3365 1069 3503 1138 post
3533 1065 3806 1122 recitatas

2251 1154 2418 1212 Sedis
2445 1156 2788 1228 apostolicae
2815 1172 3048 1224 causas,
3081 1155 3324 1226 indigne
3355 1155 3625 1212 ferebant

2250 1243 2518 1316 Oppositi
2544 1245 2797 1318 quidam
2823 1251 3060 1318 raptam
3097 1245 3440 1318 persolvere
3473 1245 3764 1317 praedam.

2251 1331 2624 1402 Urgebantur
2645 1333 2766 1389 acri
2791 1333 3020 1390 furioso
3051 1337 3289 1405 pectore
3319 1332 3437 1388 bile
3461 1350 3474 1388 :

2251 1421 2764 1495 Permulcentque,
2799 1423 2970 1480 nefas
2997 1439 3009 1477 :
3049 1438 3332 1496 perverso
3353 1422 3608 1478 fasmate
3637 1421 3890 1494 [famine

3609 1513 3838 1584 [regem

2251 1601 2538 1671 Spernere
2571 1601 2954 1672 syngraphas
2985 1599 3216 1657 furtivis
3247 1599 3428 1656 rebus
3459 1601 3707 1673 adeptas
3735 1617 3748 1654 :

2252 1689 2760 1762 Symmystenque
2789 1690 2888 1745 Dei
2921 1689 3186 1761 gaudent
3215 1690 3628 1764 sychophanta
3659 1689 3878 1746 notari.

2248 1777 2513 1834 Tandem
2545 1783 2776 1835 semoto
2807 1782 3038 1835 Patrem
3068 1783 3292 1835 trusere
3323 1779 3554 1850 locello,

2253 1866 2479 1924 Blanda
2509 1873 2928 1926 retractantem
2957 1869 3111 1940 regis
3137 1869 3438 1943 promissa
3468 1869 3730 1942 superni,

2255 1955 2407 2012 Olim
2436 1956 2540 2030 qui
2570 1957 2739 2026 dixit,
2773 1958 2878 2031 qui
2906 1975 3012 2014 vos
3039 1959 3158 2026 hic,
3195 1975 3288 2014 me
3319 1973 3562 2032 quoque
3593 1959 3839 2032 spernit.

2253 2047 2401 2100 Tum
2427 2045 2636 2116 regina
2668 2047 2866 2116 gravis
2895 2047 3148 2118 hujusce
3179 2047 3517 2104 schismatis
3544 2047 3792 2116 auctrix,

2255 2135 2640 2207 Praesumpsit
2655 2136 2878 2208 pretias
2902 2137 3240 2210 [pretiosas]
3267 2143 3473 2194 sancto
3489 2137 3762 2192 divellere
3779 2153 3918 2210 cap-

3539 2227 3656 2298 [sas
3685 2226 3855 2298 (333),

2257 2315 2385 2368 Non
2413 2313 2662 2386 impune
2694 2314 2807 2370 sibi
2839 2319 3068 2372 tantam
3099 2315 3324 2374 sociata
3353 2315 3648 2389 rapinam.

2641 2460 2787 2514 XXX.
2823 2459 3034 2516 Oratio
3069 2460 3257 2528 ipsius
3281 2460 3364 2517 ad
3387 2476 3542 2516 suos.

2327 2565 2480 2634 Ergo
2506 2562 2724 2635 apibus
2755 2564 2930 2620 sociis
2959 2567 3390 2637 pessumdatus
3428 2565 3683 2639 inclytus
3710 2567 3914 2630 heros,

2260 2651 2506 2708 Famina
2533 2651 2786 2709 miriﬁco
2816 2653 3099 2710 fratribus
3127 2654 3464 2728 depromsit
3491 2655 3572 2712 ab
3599 2671 3716 2712 ore.

2139 2769 2152 2778 -
2259 2739 2454 2796 Gloria
2479 2741 2690 2810 multa,
2717 2741 2992 2815 loquens,
3023 2743 3214 2800 multo
3243 2745 3550 2817 captanda
3575 2743 3796 2802 labore.

2259 2831 2423 2886 Cana
2453 2833 2692 2886 Patrum
2725 2831 2924 2901 series,
2955 2832 3138 2902 longo
3171 2837 3416 2906 experta
3443 2833 3696 2902 dolores,

2261 2917 2507 2974 Vincere
2535 2919 2892 2991 multiplices
2922 2922 3140 2977 meruit
3169 2921 3450 2978 divinitus
3479 2923 3694 2979 hostes.

2257 3007 2520 3064 Heroum
2547 3007 2865 3065 duodenus
2892 3025 3046 3082 apex
3075 3010 3359 3082 patiendo
3387 3011 3596 3068 beatas

2261 3095 2689 3170 Sidereumque
2712 3097 2896 3154 decus
2920 3101 2946 3154 J
2951 3115 3057 3154 esu
3085 3099 3381 3157 tribuente
3411 3117 3664 3158 coronas

2259 3185 2517 3257 Excepit,
2545 3185 2804 3243 multum
2837 3187 3078 3244 modico
3107 3187 3374 3246 lucratur
3403 3189 3482 3246 ab
3511 3189 3664 3264 ipso.

2255 3275 2468 3330 Nostra
2495 3273 2629 3330 licet
2657 3273 2874 3331 duram
2907 3275 3212 3348 patiantur
3240 3293 3496 3352 corpora
3527 3282 3768 3346 sortem,

2255 3365 2470 3420 Mentes
2503 3363 2726 3420 triticeo
2755 3364 2920 3420 caelis
2955 3365 3240 3424 indentur
3265 3383 3500 3439 acervo,

2257 3453 2387 3518 Quo
2413 3451 2614 3522 fruges
2645 3453 2863 3510 animae
2893 3455 3206 3529 capientur
3229 3473 3376 3514 mox
3403 3457 3748 3531 locupletes.

2255 3541 2508 3597 Praemia
2537 3558 2660 3598 non
2689 3548 2938 3616 quaerat,
2967 3545 3030 3602 ni
3057 3545 3162 3618 qui
3193 3546 3505 3604 tolerando
3527 3547 3874 3620 triumphat.

2253 3629 2429 3696 Dixit,
2457 3634 2515 3687 et
2543 3635 2812 3688 actutum
2837 3632 3116 3691 lictorum
3141 3640 3312 3693 torva
3333 3653 3560 3710 vorago

2255 3717 2508 3788 Obstitit,
2541 3723 2598 3777 et
2616 3723 2860 3794 raptum
2885 3722 3201 3781 tenebroso
3231 3723 3419 3782 vinxit
3445 3725 3509 3782 in
3537 3731 3730 3783 antro.

2386 3863 2556 3917 XXXI.
2585 3863 2657 3918 In
2685 3877 2927 3920 carcere
2954 3866 3309 3922 illustratur
3341 3867 3472 3924 luce
3499 3883 3784 3938 superna.

2323 3965 2573 4028 Qualem
2603 3972 2678 4036 te,
2711 3973 2936 4043 pastor,
2964 3971 3169 4029 laetum
3198 3972 3500 4032 tristemve
3529 3973 3807 4032 fatebor?

2253 4055 2556 4113 Leetabare
2585 4057 2833 4130 quidem
2873 4063 2926 4116 te
2971 4060 3187 4118 Christi
3215 4067 3354 4136 post
3381 4063 3506 4121 fore
3535 4063 3715 4120 risten
3745 4064 3916 4137 (sic);

2251 4143 2467 4202 Flebas
2491 4145 2720 4203 damna
2747 4147 2944 4218 gregis
2969 4153 3288 4222 pastorum
3312 4151 3558 4208 verbere
3585 4152 3729 4209 laesi.

487 4202 702 4313 ξξιξιιιξι,
733 4207 790 4260 et
818 4208 960 4313 9m?
985 4206 1109 4277 pati
1137 4208 1408 4313 slayde‘rfg
1440 4227 1552 4313 prq
1579 4213 1823 4313 aegrine
1853 4216 2084 4313 Christi
2167 4242 2212 4300 ο
2254 4232 2406 4288 Actu
2431 4248 2674 4290 caenoso
2703 4202 3697 4313 ἀῖιωυεέτῖηξέιῖί“ε“ιᾘιάίξιῖἑήἶείῶῖ

487 4291 618 4345 Mox
645 4290 978 4349 truculenta
1001 4299 1185 4351 ruunt
1211 4297 1482 4356 hastilia:
1515 4299 1732 4358 deinde
1765 4305 2035 4362 remissis

487 4377 753 4434 Acclines
781 4381 1042 4450 rogitant
1071 4383 1366 4441 ancilibus
1391 4392 1456 4444 ut
1483 4388 1822 4450 benedicat.

489 4465 852 4524 Crediderim
881 4471 1057 4527 rutilo
1087 4474 1344 4544 perculsi
1373 4476 1640 4534 fulminis
1664 4480 1822 4555 igne,

489 4557 662 4623 Quod
691 4557 884 4630 patuit
910 4561 1160 4626 mundo,
1193 4562 1340 4620 dum
1370 4568 1578 4624 matris
1607 4568 1778 4627 ﬂuxit
1806 4573 1884 4629 ab
1915 4574 2070 4632 alvo.

575 4665 802 4720 XXVIII.
835 4666 908 4723 In
935 4667 1224 4739 Angliam
1251 4687 1520 4730 reversus
1555 4676 1789 4734 litteras
1818 4681 2052 4740 exhibet

1140 4745 1500 4811 pontiﬁcias.

561 4821 648 4876 Nil
677 4829 947 4882 metuens
977 4843 1119 4898 ergo
1147 4833 1467 4902 pertransit
1493 4835 1770 4905 gramina
1798 4842 1947 4908 tuto,

493 4912 866 4985 Securusque
896 4932 1072 4973 cavas
1099 4918 1278 4977 intrat
1305 4922 1583 4980 velociter
1611 4924 1782 4982 alnos
1808 4929 2036 5004 [naves]

585 5073 707 5132 330)
751 5072 886 5130 Sine
912 5091 1102 5132 causa

585 5075 689 5128 330
751 5073 886 5130 Sine
912 5091 1102 5132 causa

582 5073 708 5230 I331)
740 5143 834 5230 sic
861 5145 1038 5230 etiam
1059 5151 1420 5230 inarcltionis
1447 5170 1666 5211 nomen
1683 5173 1792 5228 pro
1815 5177 1950 5230 rege
1970 5179 2141 5220 usur-

488 5217 594 5294 pat
619 5219 848 5308 auctor,
871 5217 1047 5300 intra.
1073 5235 1202 5308 cap.
1238 5227 1326 5308 1‘35,
1361 5239 1544 5296 supra
1587 5217 1728 5308 vero
1763 5217 1913 5308 capi)
1941 5217 2142 5308 IIIp-ro

489 5289 794 5358 episwpo.
829 5289 1081 5359 Insignis
1111 5289 1206 5346 hic
1245 5289 1587 5368 locusfquo
1628 5289 1916 5358 discimus
1951 5289 2142 5372 Dago-

489 5353 640 5431 ber_ti
669 5359 876 5431 mortis
925 5377 1114 5430 genus
1159 5367 1215 5417 et
1244 5379 1472 5421 annum
1503 5373 1627 5431 679,
1659 5387 1780 5431 quo
1805 5374 2013 5431 habita
2043 5394 2142 5431 sv-

490 5387 588 5408 um
603 5387 640 5409 ιι
669 5387 876 5412 murus
925 5387 1114 5430 genus
1159 5387 1215 5417 et
1244 5387 1472 5421 annum
1503 5387 1627 5438 om,
1659 5387 1780 5442 quo
1805 5387 2013 5432 nauita
2043 5394 2141 5448 sy-

490 5423 1001 5516 ἓρὲιξξβρωδηᾳ.
1021 5435 1068 5486 Α
1090 5433 1426 5516 ξίἠάςερςὶο.
1533 5441 1767 5498 rescivit
1793 5446 2141 5516 Eadmerus,

493 5493 876 5567 Fridegodus,
909 5505 973 5556 ut
999 5507 1164 5573 puto,
1197 5493 1294 5562 abv
1311 5507 1554 5564 Heddio.

2253 4323 2408 4376 Num
2437 4320 2610 4378 solito
2639 4337 2763 4379 non
2795 4323 3036 4396 quivisti
3063 4325 3294 4398 fulgore
3317 4327 3494 4402 potiri
3511 4329 3541 4386 τ

2253 4413 2552 4468 Exacuere
2577 4410 2736 4468 leves
2761 4411 2990 4471 inimici
3013 4414 3236 4476 frustra
3264 4417 3518 4489 ligones,

2252 4499 2630 4572 Nequiquam
2658 4501 2946 4574 ancipites
2975 4503 3279 4577 inspicant
3307 4507 3506 4564 acrius
3533 4523 3729 4566 enses.

2250 4589 2626 4662 Tempestiva
2649 4590 2756 4647 tibi
2784 4590 3118 4650 funduntur
3141 4593 3374 4652 lumina
3401 4597 3586 4668 caelis,

2253 4677 2449 4734 Inviso
2461 4683 2744 4750 properat
2757 4686 3044 4739 consueta
3054 4683 3378 4754 porismate
3391 4687 3639 4758 [meatu]
3651 4686 3917 4761 lampas,

2253 4765 2504 4836 Pervigil
2533 4767 2818 4824 excubias
2849 4771 2988 4826 Jesu
3015 4771 3162 4828 dum
3195 4773 3376 4830 solvis
3405 4779 3662 4832 amatas.

2253 4855 2442 4910 Testis
2476 4854 2645 4912 adest
2673 4861 2900 4926 custos,
2923 4861 3224 4932 ergastula
3253 4878 3412 4920 saeva
3439 4865 3666 4921 serenis

2253 4941 2578 5015 Inspiciens
2603 4943 2838 5002 radiare
2869 4946 3014 5004 focis
3043 4949 3104 5004 in
3135 4952 3403 5024 tempore
3429 4952 3648 5010 noetis.

2343 5103 2469 5168 332)
2509 5103 2626 5174 Rex
2659 5105 2958 5174 ngridus.

2345 5174 2470 5238 333)
2513 5173 2734 5230 Eadem
2781 5193 2922 5232 voce
2971 5193 3116 5234 usus
3160 5185 3247 5236 est
3275 5181 3640 5238 Auscharius
3685 5183 3746 5238 in
3779 5183 3920 5241 Vita

2253 5241 2655 5324 .S..'Willehadi
2681 5248 3014 5324 Bremensis
3051 5252 3318 5324 episcopi
3343 5269 3474 5324 cap.
3513 5257 3565 5308 4.
3612 5255 3914 5324 Capsaces

2249 5311 2404 5394 infra
2430 5329 2564 5394 cap.
2587 5321 2682 5394 35.
2715 5319 3005 5394 Eadmero
3053 5311 3305 5391 capsula
3336 5311 3756 5394 reliquiarum.
3785 5311 3918 5382 Wil-

2248 5381 2429 5457 lelmo
2462 5381 2904 5446 chrismarium.
2933 5381 3330 5457 Quam-etiam
3361 5381 3568 5450 vocem
3593 5395 3708 5452 hoc
3739 5396 3799 5452 in
3831 5381 3914 5452 si-

2252 5453 2536 5532 gnificatu
2575 5461 2882 5532 usurpavit
2920 5453 3244 5521 Kudoenus
3285 5466 3346 5522 in
3393 5465 3494 5522 lib.
3529 5483 3544 5520 ι
3587 5467 3664 5522 de
3689 5467 3816 5523 Vita
3853 5471 3913 5525 S.

2254 5525 2440 5596 Eligii,
2474 5543 2604 5601 cap.
2644 5534 2696 5586 8.
