4114 6146
237 117 363 174 1001

235 247 386 312 Quid
417 247 616 302 minus
647 265 681 304 a
708 248 898 318 Petro,
930 249 1025 304 cui
1050 249 1254 305 lumen
1283 248 1526 305 fulserat
1554 252 1682 305 arto
1701 247 1730 303 ‘l

239 337 419 406 Digne
449 338 694 409 quidem
726 339 895 410 parili
919 341 1168 411 posthac
1208 339 1510 396 donabere
1539 344 1714 402 serto,

238 426 425 490 Quem
454 432 591 481 voto
622 428 906 499 sequeris,
939 444 1119 500 quem
1155 429 1462 484 tormentis
1495 427 1763 483 imitaris.

239 517 304 569 Et
333 531 407 570 ne
435 516 735 588 (.lesperes,
768 534 944 589 aequo
977 518 1294 590 splendore
1325 519 1588 574 nitescis.

309 623 504 677 XXXII.
537 624 883 692 Pontiﬁcius
915 625 1144 680 litteras
1178 626 1398 681 violari
1421 641 1540 680 non
1568 627 1820 695 patitur.

313 729 537 784 Interea
569 729 770 784 multis
797 735 1044 787 vexatur
1074 731 1388 788 fraudibus
1421 732 1614 789 almos

240 819 554 872 Exsecrare
576 818 797 889 apices,
826 825 1112 893 actusque
1139 821 1397 893 probare
1435 821 1682 879 feroces.

239 905 449 960 Vertex
481 905 531 960 si
553 907 788 978 capulo,
819 908 981 973 dixit,
1019 910 1282 965 caedatur
1308 911 1546 980 acerbo,

237 995 350 1047 Aut
380 993 673 1049 terebrent
697 1002 896 1051 costas
925 997 1205 1053 instantia
1232 998 1354 1070 pila
1385 998 1630 1055 tenellas
1657 1017 1670 1066 ;

239 1083 434 1137 Unum
464 1081 583 1138 iota
613 1100 748 1139 meo
781 1101 1095 1159 nunquam
1130 1087 1550 1145 fraustrabitur
1580 1092 1734 1157 astu,

241 1172 382 1236 Quae
411 1187 661 1228 sanxere
691 1176 890 1230 Patres
924 1175 1070 1232 Petri
1092 1177 1457 1234 documenta
1487 1181 1826 1250 sequentes.

239 1260 328 1315 Sic
358 1259 497 1330 legit
526 1261 726 1317 fuscos
758 1264 1082 1336 primatum
1115 1266 1417 1322 offendere
1456 1267 1655 1323 vultus

240 1351 367 1404 Non
394 1354 450 1405 et
479 1350 837 1422 apostolicos
869 1354 1173 1410 consensit
1199 1355 1399 1412 fallere
1429 1356 1599 1412 ritus.

279 1455 496 1512 XXXIII.
540 1457 821 1514 Praesidis
855 1477 1100 1518 uxorem
1126 1479 1272 1533 pene
1301 1465 1636 1520 exanimem
1669 1469 1868 1520 sanat.

317 1563 586 1634 Carpitur
622 1564 762 1620 inde
788 1567 952 1637 gravi
979 1569 1242 1640 conjunx
1273 1569 1487 1626 dilecta
1516 1575 1763 1626 veterno

242 1652 533 1719 Praesidis,
562 1653 853 1711 infaustas
882 1656 964 1712 ha
988 1657 1068 1712 ha
1093 1658 1105 1711 I
1136 1659 1514 1729 procurantis
1541 1658 1833 1716 habenas.

243 1742 498 1812 Corpore
529 1742 802 1812 contrito,
831 1745 1228 1817 compagibus
1255 1751 1436 1819 atque
1467 1747 1698 1817 solutis,

241 1833 465 1886 Mortua
493 1831 810 1888 contractis
840 1832 1159 1891 ﬂuitabant
1184 1836 1409 1892 viscera
1440 1837 1654 1892 nervis.

244 1921 434 1976 Sensu
457 1936 610 1993 pene
655 1937 888 1994 carens,
919 1924 1066 1979 extis
1109 1925 1240 1995 jam
1289 1915 1725 1982 condolomatis
1755 1931 1904 1994 (334)

244 2009 476 2064 Grande
499 2011 625 2067 viro
678 2011 1029 2084 scrupulum
1079 2018 1481 2083 congesserat,
1513 2015 1736 2071 extima
1773 2017 1906 2072 vitae

244 2099 562 2170 Spectanti,
595 2101 741 2157 dum
763 2101 1072 2174 praeteritae
1103 2102 1433 2174 spiramina
1461 2103 1691 2160 reddat.

244 2187 536 2244 Protrahit
564 2188 665 2245 illa
694 2206 898 2246 moras
923 2207 936 2245 :
965 2190 1210 2246 tandem
1238 2190 1517 2247 velociter
1546 2196 1706 2248 artas

246 2275 339 2330 Vir
369 2276 621 2348 supplex
653 2279 868 2348 satagit
898 2284 1104 2336 sancto
1141 2295 1403 2335 reserare
1435 2284 1700 2336 catenas.

247 2363 502 2420 Fletibus
531 2366 698 2423 haud
723 2368 976 2424 modicis
1015 2369 1284 2441 deposcit
1321 2384 1501 2441 opem
1531 2369 1905 2428 medicantis.

246 2455 398 2524 Ergo
425 2457 610 2523 Pater,
644 2457 816 2514 solito
846 2458 1078 2531 pietatis
1108 2475 1357 2514 munere
1394 2459 1561 2528 ﬁsus,

246 2542 526 2598 Passibus
556 2550 920 2618 approperat
943 2546 1211 2602 conferre
1231 2547 1524 2618 juvamen
1548 2547 1798 2606 anhelis.

243 2629 464 2700 Adfuit,
498 2638 554 2688 et
579 2634 787 2689 turbas
816 2635 1111 2691 removeri
1134 2636 1311 2705 jussit
1340 2635 1605 2693 adactas.

245 2720 389 2774 Hinc
417 2721 696 2792 precibus
726 2723 892 2790 fusis,
921 2723 1183 2796 perfudit
1211 2725 1438 2781 viscera
1462 2725 1729 2798 lymphis
1774 2742 1786 2780 :

245 2810 374 2864 Mox
407 2808 577 2864 rediit
606 2811 834 2881 priscos
862 2811 1056 2867 vitalis
1087 2812 1284 2868 fervor
1312 2813 1373 2868 in
1404 2818 1590 2869 artus.

244 2895 331 2951 Nil
357 2911 613 2954 nocuere
642 2899 840 2956 virum
867 2900 1130 2956 crudelia
1159 2901 1286 2958 lora
1312 2901 1557 2959 beatum
1583 2920 1595 2955 :

244 2985 398 3050 Quin
426 2985 607 3043 alacri
635 2989 804 3044 vultu
833 2989 1037 3045 lucum
1069 2994 1359 3047 remeavit
1383 2991 1444 3046 in
1471 2991 1696 3064 ipsum,

243 3077 356 3130 Nec
384 3076 598 3147 puduit
624 3082 782 3135 teras
820 3079 1035 3136 iterum
1067 3097 1276 3136 curare
1307 3097 1613 3137 cavernas.

243 3162 524 3220 Przefecto
545 3182 884 3236 cognomen
901 3172 1026 3223 erat
1044 3185 1227 3240 quem
1263 3168 1525 3224 diximus
1564 3169 1771 3227 Osferd
1793 3170 1898 3242 (al.

245 3251 527 3324 Conjugis
556 3260 771 3328 ereptae
801 3257 1118 3313 vocitatem
1144 3258 1359 3314 dicitur
1389 3258 1590 3326 Ebbae,
1625 3255 1900 3332 [Osfred),

246 3343 385 3398 Post
411 3343 719 3400 modicum
743 3362 914 3402 sacro
945 3347 1250 3418 gaudebat
1276 3347 1518 3404 condita
1544 3347 1699 3404 velo.

302 3455 519 3511 XXXIV.
541 3453 748 3509 Artius
779 3455 1096 3526 religatur,
1129 3455 1230 3512 sed
1255 3457 1517 3528 frustra,
1548 3457 1841 3514 Solvitur.

317 3567 388 3619 At
410 3565 636 3617 Przeses
669 3561 932 3630 timidus,
967 3579 1290 3636 rerumque
1318 3568 1559 3636 stupore
1590 3569 1850 3634 coactus,

248 3641 410 3710 Malle
439 3651 563 3724 pati
589 3651 845 3724 propriae
870 3651 1017 3707 divit
1037 3652 1355 3725 dispendia
1387 3653 1514 3708 vitae

249 3741 503 3808 Inﬁmat,
530 3743 588 3794 et
616 3755 771 3794 εωνο
801 3756 990 3812 quam
1009 3741 1240 3811 justum
1270 3741 1523 3813 prodere
1555 3742 1679 3812 regi

248 3833 424 3902 Isque
454 3833 687 3884 tumens
710 3829 966 3884 nimium
987 3830 1254 3902 praecipit
1283 3830 1555 3886 acerbius
1579 3831 1748 3887 illum

251 3914 657 3989 Compedibus
682 3915 857 3986 rigidi
885 3915 1241 3972 damnatum
1267 3933 1500 3974 carcere
1532 3918 1669 3974 ferri

252 4006 568 4075 Stringere,
597 4008 826 4060 mutata
856 4005 1121 4061 custodis
1145 4011 1299 4062 sorte
1321 4007 1551 4080 prioris.

253 4099 544 4166 Urgentur
568 4093 854 4166 chalybes
883 4093 1083 4150 furcos
1108 4100 1313 4167 aptare
1339 4095 1640 4168 bicornes,

255 4187 321 4240 Et
346 4183 528 4240 sterili
558 4182 730 4238 funes
760 4198 980 4239 nexare
1011 4182 1217 4239 labore
1249 4184 1484 4256 trilices,

257 4273 400 4340 Quis
430 4277 644 4329 terrere
673 4276 898 4345 queant
933 4271 1165 4329 athletae
1193 4273 1378 4330 corda
1404 4273 1590 4344 ligati.

260 4363 373 4420 Sed
396 4378 520 4436 quo
551 4361 858 4434 suppliciis
884 4361 1088 4419 animo
1117 4363 1461 4420 mordacius
1493 4364 1738 4437 instant,

260 4451 509 4506 Prorsus
537 4465 609 4505 eo
633 4449 954 4504 minimum
985 4466 1048 4506 se
1077 4450 1402 4523 profecisse
1434 4452 1772 4525 stupebant.

262 4541 411 4593 Nam
434 4553 813 4611 quaecunque
844 4539 1027 4594 sacris
1073 4539 1393 4596 nectebant
1448 4539 1691 4597 vincula
1732 4557 1922 4598 mem-

1730 4631 1874 4704 [bris
1905 4649 1921 4702 ;

265 4719 378 4772 Aut
399 4715 619 4774 diffusa
647 4717 891 4790 cadunt,
923 4723 1027 4776 aut
1055 4719 1200 4776 forte
1229 4719 1562 4791 incongrua
1589 4720 1780 4778 ﬁunt:

265 4805 526 4862 Artubus
557 4807 830 4864 innocuis
860 4807 1101 4865 libertas
1131 4809 1310 4866 cessit
1339 4809 1560 4866 herilis.

270 4895 313 4950 Ο
344 4895 581 4951 crudele
612 4911 802 4966 genus
827 4896 838 4950 I
869 4895 1091 4952 frustra
1121 4899 1506 4954 contunditur
1533 4897 1726 4954 incus.

270 4984 314 5039 Ο
347 4983 632 5041 scelerata
663 4999 880 5040 manus
906 4984 918 5039 I
950 4984 1098 5056 quid
1124 4987 1601 5057 prodestlaedere
1633 4985 1894 5060 corpus?

273 5074 397 5128 Non
427 5074 637 5130 metuit
659 5073 965 5145 jugulum,
997 5089 1182 5146 quem
1225 5076 1538 5132 contremit
1587 5077 1791 5132 indere
1849 5075 1932 5132 Io-

1774 5181 1931 5220 rum.

274 5251 460 5323 Digne
485 5251 626 5308 satis
656 5266 897 5322 gressus
924 5251 1189 5307 tremulae
1217 5250 1423 5322 fugere
1449 5255 1694 5322 catenae,
1753 5162 1772 5238 [

1392 118 1482 173 DE
1525 116 1682 171 VITA
1721 113 1778 170 S.
1820 112 2139 169 WILFRIDI
2188 115 2485 176 EBORAC.

3523 131 3660 187 1002

1924 245 1972 298 A
2003 243 2252 301 Paciﬁce
2283 248 2388 319 qui
2409 251 2729 307 currebant
2753 269 2860 326 per
2888 258 3165 326 competa
3188 255 3339 329 (335)
3359 256 3514 315 vitae.

2003 335 2155 403 Ergo
2185 333 2409 392 alacres
2439 344 2644 411 pastor
2668 355 2886 396 curans
2925 342 3276 400 mitissimus
3305 361 3516 415 agnos,

2004 421 2231 492 Lingua
2262 426 2593 497 perdocuit,
2624 429 2906 485 manibus
2937 430 3298 505 baptismate
3328 434 3516 492 tinxit.

2004 531 2193 586 XXXV.
2229 532 2457 603 Regina
2497 543 2568 591 ob
2596 537 2899 593 sublatum
2938 541 3357 611 reliquiarium
3383 546 3661 614 punitur.

2343 645 2626 714 Wilfrido
2669 644 2919 701 liberato
2958 649 3335 706 convalescit.

2078 754 2312 828 Oppida
2342 751 2649 810 commissi
2679 768 2885 807 verum
2915 752 3062 809 dum
3092 756 3361 813 marchio
3391 758 3560 830 regni

2005 845 2291 912 Permeat,
2321 839 2630 897 illecebras
2655 839 2900 910 explens
2925 857 3218 914 pompose
3247 844 3532 918 eaducas,

2006 932 2151 986 Ecce
2183 931 2492 1003 repentino
2522 928 2838 984 turbantur
2867 929 3088 998 gaudia
3109 947 3274 988 casu.

2008 1023 2160 1075 Dum
2190 1020 2373 1093 raptis
2403 1019 2623 1075 etenim
2651 1017 2917 1089 conjunx
2945 1019 3160 1088 regalis
3191 1021 3360 1078 abuti

2006 1109 2199 1164 Audet
2226 1108 2534 1181 relliquiis,
2569 1107 2804 1180 spirans
2834 1107 3022 1179 typho
3051 1107 3373 1181 impietatis
3402 1128 3417 1179 ;

2009 1195 2237 1252 Vindex
2266 1197 2352 1254 ira
2383 1197 2560 1265 subit,
2595 1201 2766 1252 satan
2797 1212 2902 1268 pcr
2933 1197 3158 1254 viscera
3183 1199 3390 1269 gannit
3415 1217 3429 1254 :

2013 1285 2202 1349 Quem
2233 1285 2412 1342 coluit
2441 1285 2738 1358 petulans,
2772 1285 2952 1356 hujus
2975 1286 3047 1342 sit
3075 1287 3314 1360 hospita
3340 1287 3672 1348 bacchans.

2009 1373 2248 1429 Talibus
2286 1375 2549 1431 attonitis
2575 1374 2823 1430 accessit
2860 1374 3025 1444 regia
3050 1375 3249 1431 nutrix

2011 1463 2182 1519 Anne
2210 1468 2433 1536 patent,
2468 1464 2678 1536 inquit,
2709 1463 2920 1519 veteris
2959 1465 3288 1521 commissa
3314 1466 3538 1538 piacli?

2015 1553 2226 1607 Extera
2257 1551 2588 1607 Wilfridum
2617 1551 2840 1607 violant
2867 1553 3167 1623 ergastula
3191 1554 3460 1625 justum:

2012 1641 2085 1693 At
2112 1643 2214 1694 tua
2239 1639 2493 1695 terriﬁco
2531 1639 2882 1711 quatiuntur
2910 1639 3185 1696 daemone
3218 1643 3493 1700 membra
3520 1659 3534 1699 :

2019 1728 2301 1800 Sprevisti
2331 1728 2608 1784 emeritas
2639 1728 2787 1784 Petri
2812 1728 2887 1784 de
2919 1729 3178 1785 culmine
3217 1731 3456 1788 chartas
3485 1749 3498 1787 :

2016 1816 2248 1889 Excipis
2277 1831 2351 1873 en
2375 1817 2590 1888 dignas
2611 1816 2761 1873 irato
2786 1815 2988 1888 judice
3019 1833 3251 1889 pmnas.

2015 1907 2308 1977 Capsaces
2371 1905 2783 1978 [phylacteria]
2834 1905 2988 1962 collo
3046 1907 3316 1964 demsisti
3362 1910 3686 1970 immunda

3349 1996 3636 2068 [verendo
3665 2015 3682 2058 :

2017 2085 2184 2139 Nunc
2211 2082 2576 2139 moribunda
2601 2081 2744 2138 Baal
2773 2081 3015 2138 vinciris
3045 2086 3102 2139 et
3123 2082 3256 2156 ipsa
3286 2090 3491 2142 veruto
3513 2087 3682 2160 (336).

2017 2171 2272 2228 Naribus
2297 2172 2596 2229 immanes
2628 2188 2737 2228 ceu
2762 2171 3021 2228 fundens
3052 2171 3308 2228 torridus
3338 2174 3527 2244 ignes,

2017 2261 2138 2315 Rex
2165 2260 2392 2330 aderat,
2415 2276 2598 2333 quem
2625 2259 2707 2316 sic
2736 2259 2989 2329 genitrix
3019 2260 3240 2316 affatur
3269 2262 3558 2320 honesta:

2015 2349 2150 2404 Jam
2178 2365 2414 2406 memor
2442 2355 2568 2406 esto
2594 2349 2699 2415 tui,
2728 2348 3050 2420 laetargum
3090 2349 3332 2418 subrue,
3362 2352 3466 2417 ﬁli,

2018 2439 2166 2494 Ultio
2195 2439 2472 2496 dilectam
2499 2439 2778 2512 profligat
2803 2455 3044 2496 summa
3063 2441 3358 2512 jugalem.

2019 2528 2132 2584 Sed
2158 2532 2222 2584 tu
2249 2527 2674 2601 sceptrigeram
2704 2531 2752 2584 si
2781 2528 2871 2584 vis
2902 2545 3222 2600 augescere
3250 2531 3544 2601 dextram,

2015 2616 2260 2674 Vincula
2285 2617 2444 2674 solve
2472 2617 2603 2688 viri,
2636 2633 2950 2690 quoquam
2983 2618 3107 2674 sine
3137 2619 3384 2676 crimine
3416 2622 3587 2678 nexi:

2015 2709 2082 2762 Et
2110 2707 2158 2762 si
2182 2707 2299 2763 fers
2332 2707 2558 2777 animo,
2585 2707 2802 2778 jubeas
2832 2707 3136 2764 discedere
3165 2724 3372 2780 regno.

2011 2794 2235 2850 Annuit
2258 2795 2502 2862 invitus,
2545 2796 2734 2867 patuit
2761 2812 2904 2850 mox
2934 2812 3136 2852 carcer
3162 2803 3429 2869 apertus,

2013 2881 2287 2937 Reddidit
2315 2887 2372 2938 et
2401 2881 2626 2938 claram
2657 2883 2850 2938 nubes
2882 2882 3246 2939 densissima
3278 2884 3531 2941 stellam.

1933 2945 1973 3000 ο
2012 2967 2289 3026 Protinus
2320 2969 2680 3026 immeritam
2708 2971 2889 3026 sensit
2915 2970 3124 3040 regina
3149 2971 3468 3028 medelam.

2007 3080 2228 3136 XXXVI.
2275 3079 2597 3149 Wilfridus
2629 3079 2780 3136 liber
2807 3080 3021 3136 deserit
3049 3081 3336 3150 patriam,
3363 3081 3676 3138 Palabun-

2366 3185 2478 3240 dus
2507 3185 2993 3242 adversariorum
3015 3187 3304 3257 factione.

2083 3290 2388 3350 Excedens
2417 3293 2594 3362 igitur
2621 3293 2876 3366 patriam
2909 3300 3284 3368 cognataque
3314 3313 3458 3352 rura

2012 3381 2253 3450 Deserit,
2286 3381 2696 3455 australesque
2727 3383 2869 3456 petit
2898 3383 3057 3439 velut
3079 3383 3316 3440 advena
3348 3390 3554 3442 terras.

2011 3469 2233 3526 Nobilis
2261 3470 2580 3544 expulsum
2610 3487 2716 3545 per
2740 3471 2914 3528 devia
2942 3488 3200 3546 quaeque
3229 3473 3426 3529 viator

2012 3559 2233 3616 Obvius
2263 3560 2515 3633 excepit,
2542 3561 2755 3617 mundi
2780 3562 2923 3634 quia
2963 3579 3204 3618 summa
3245 3568 3508 3636 potestas

2011 3648 2323 3706 Indeﬁnito
2350 3650 2688 3722 praﬁxerat
2711 3650 2917 3708 omnia
2944 3651 3151 3720 verbo,

2017 3739 2225 3795 Defore
2256 3739 2337 3794 nil
2357 3739 2534 3809 justis
2559 3740 2866 3810 spondens
2896 3755 3006 3811 pro
3033 3756 3097 3794 se
3129 3739 3444 3797 tribulatis.

2017 3827 2200 3896 Regia
2226 3825 2542 3898 progenies
2567 3825 2973 3881 Berthwaldus
2999 3843 3248 3883 munere
3275 3827 3442 3883 dives

2019 3918 2134 3971 Nec
2162 3915 2366 3970 latuit:
2402 3914 2726 3988 statimque
2751 3914 2917 3972 furor
2943 3915 3174 3971 hostilis
3200 3916 3426 3973 inarsit.

2023 4003 2138 4061 Sed
2168 4007 2333 4060 Pater
2361 4021 2398 4060 a
2427 4003 2599 4060 solito
2626 4020 2946 4076 nunquam
2985 4005 3204 4062 sudore
3232 4005 3533 4075 fatiscens,

2021 4091 2298 4147 Instruxit
2327 4091 2610 4162 gregibus
2641 4093 2978 4149 monastica
3000 4093 3140 4163 jura
3166 4092 3405 4164 fugatis.

2019 4183 2151 4237 Jam
2182 4180 2285 4236 fati
2311 4180 2516 4237 tellure
2538 4181 2645 4237 viri
2677 4186 2816 4238 tunc
2847 4182 3050 4238 invida
3074 4183 3255 4256 pestis

1948 4296 1994 4352 ι)
2025 4269 2216 4328 Corda
2245 4269 2415 4326 ducis
2446 4268 2644 4325 zabuli
2667 4271 3025 4344 praestrinxit
3061 4271 3310 4344 hospitis
3339 4272 3480 4345 apti,

2027 4359 2241 4416 Fratris
2269 4358 2526 4415 Edilredi
2549 4374 2656 4431 per
2686 4360 2929 4416 Mercica
2956 4376 3143 4431 regna
3171 4361 3390 4423 decori,

2028 4449 2207 4520 Cujas
2235 4448 2296 4504 in
2327 4448 2622 4521 obsequio
2655 4449 2922 4521 conjunx
2957 4450 3200 4506 inimica
3228 4450 3532 4519 manebat,

2030 4537 2251 4594 Ekfridi
2283 4553 2572 4608 germana
2601 4538 2780 4593 trucis
2820 4539 3150 4611 tumidique
3181 4540 3439 4612 tyranni.

2033 4628 2102 4682 Hi
2128 4627 2368 4698 pulsare
2398 4628 2596 4682 virum
2623 4627 2812 4683 multo
2835 4631 3053 4683 terrore
3083 4644 3363 4684 serenum

2034 4716 2205 4773 Haud
2231 4721 2483 4784 cessant,
2513 4720 2855 4789 coguntque
2885 4716 3093 4772 datam
3120 4717 3426 4772 molimine
3455 4732 3644 4790 pravo

2032 4807 2402 4877 Degenerare
2433 4805 2635 4861 ﬁdem.
2671 4807 2762 4864 Sic
2792 4806 3080 4880 compulit
3103 4807 3186 4862 ire
3217 4811 3522 4864 carentem

2036 4894 2294 4967 Hospitis
2323 4894 2565 4960 auxilio,
2597 4894 2946 4951 comitatum
2972 4895 3251 4968 praeduce
3283 4896 3532 4953 Christo.

2040 4983 2308 5040 Profecto
2334 4983 2575 5040 alterius
2606 4989 2918 5057 susceptus
2947 4985 3104 5055 regis
3123 4985 3185 5041 in
3215 4985 3386 5055 aulis,

2044 5073 2350 5130 Femineas
2379 5074 2600 5144 patitur
2624 5073 2906 5130 instinctu
2930 5073 3226 5133 daemonis
3253 5075 3393 5131 iras.

2046 5162 2472 5232 Ermenburgis
2493 5163 2653 5218 enim
2683 5163 2861 5220 totius
2891 5164 3154 5220 criminis
3181 5164 3373 5230 altrix,

2047 5251 2350 5322 Cladibus,
2385 5256 2450 5308 ut
2473 5252 2684 5310 cecinit
2711 5254 3024 5327 praemisso
3053 5267 3230 5308 musa
3269 5255 3490 5318 tenore,

350 5432 496 5506 (333i)
525 5430 594 5506 Id
618 5433 710 5486 est
758 5431 1175 5506 condylomate
1213 5447 1320 5488 seu
1362 5431 1672 5506 postu‘oso
1723 5431 1939 5490 morbo
2052 5433 2421 5506 mutandum
2451 5433 2754 5506 duximus.

278 5501 610 5570 tabefactis,
641 5506 704 5556 ut
733 5501 985 5557 videtur.

351 5575 496 5645 (335)
531 5575 614 5628 Ita
646 5573 921 5644 superius
950 5588 1083 5644 cap.
1113 5578 1145 5629 8
1174 5573 1430 5644 legimus
1460 5580 1748 5645 competa.
1780 5574 1936 5631 Nihil

673 5663 917 5718 PATIOL.
959 5663 1224 5719 CXXXIII.

2122 5505 2268 5577 (336)
2301 5506 2590 5574 Paessulo,
2624 5503 2837 5560 Gallice
2862 5515 3101 5556 verrou.

3241 5667 3308 5717 32
