4166 6162
525 80 663 136 1007

521 198 878 256 Berthwaldi
909 196 984 252 de
1015 199 1170 252 sorte
1201 194 1338 266 ruit,
1371 192 1596 267 puerile
1623 191 1904 248 volumen

523 291 851 362 Opponens
884 288 1048 340 tanto
1079 283 1452 356 nequiquam
1479 285 1632 337 certe
1664 283 1944 336 Patrono.

519 375 803 431 Ausoniae
831 377 1048 430 coeunt
1077 371 1287 441 Graiis,
1319 387 1464 426 mox
1493 374 1670 442 atque
1697 369 1892 424 soritae

519 462 826 520 Vestibulo
858 460 1080 517 cursim
1111 459 1450 533 priscorum
1481 458 1626 514 scita
1657 457 1988 513 revolvunt.

516 553 794 610 Protinus
824 550 1093 608 admisso
1127 549 1331 605 micuit
1361 553 1681 621 syntagma
1709 547 1938 603 berillo.

519 645 590 699 Ut
615 641 802 698 Jubar
831 639 1073 706 introiit,
1095 637 1327 710 jubaris
1358 653 1465 693 ceu
1499 641 1701 692 nectar
1725 635 1913 708 opimi

517 731 764 789 Protulit
795 730 1052 786 eﬂ'evum
1087 729 1216 800 (sic)
1245 727 1474 800 liquido
1505 727 1730 781 ﬂavore
1753 725 2020 782 libellum

521 822 694 878 Hisce
726 818 1189 876 characteribus.
1225 816 1436 872 Christi
1469 823 1606 872 tunc
1631 815 1824 887 inquit
1848 815 2131 870 alumnus
2158 831 2170 870 :

520 909 692 968 Nulla
718 909 936 965 damus
965 906 1191 980 patriae,
1227 905 1433 976 fateor,
1457 905 1710 960 discidia
1741 909 1983 960 nostrtc.

519 1003 650 1056 Non
693 1014 886 1068 reges,
939 1011 1059 1051 non
1095 995 1352 1050 tristatas
1383 995 1551 1064 (340),
1591 1009 1878 1064 regumve
1911 993 2172 1060 clientes,

521 1087 714 1144 Matris
743 1085 820 1142 ad
842 1083 1072 1139 eximiae
1105 1082 1399 1153 gremium
1423 1096 1776 1136 concurrere
1809 1081 2010 1150 gratis.

521 1173 680 1244 Elegi
701 1173 914 1230 collata
944 1171 1109 1244 prius
1133 1171 1278 1226 mihi
1300 1171 1438 1242 jura
1467 1170 1742 1241 probare.

519 1267 646 1320 Non
674 1262 880 1332 ignota
906 1275 1078 1327 cano,
1111 1259 1284 1316 vobis
1311 1258 1682 1332 praecognita
1714 1274 1912 1326 narro,

515 1349 668 1406 Juda
697 1349 914 1404 dedere
945 1351 1144 1404 Patres
1175 1351 1512 1404 Romanum
1541 1352 1796 1402 stemma
1825 1349 2118 1415 regentes.

517 1439 698 1496 Testis
729 1438 898 1494 adest
925 1437 1108 1508 hujus
1139 1441 1360 1492 sanctae
1382 1435 1678 1508 periergia
1709 1435 1886 1490 sectis.

1625 67 2002 126 FRlDEGODl
2031 64 2342 126 MONACHI
2371 68 2807 126 BENEDICTINI

2201 181 2254 236 Α
2297 189 2580 246 Sentiscat
2603 190 2778 261 rigidi
2807 194 3072 248 retrusus
3101 191 3162 248 in
3193 192 3316 248 ima
3337 193 3625 250 barathri.

3794 75 3948 132 1008

2289 279 2590 352 Quidquid
2619 280 2933 337 neutericis
2963 281 3246 338 conﬁnxit
3277 285 3630 357 apocrypha
3661 285 3866 354 biblis,

2287 369 2565 425 Cassetur
2593 369 2804 442 priscis
2831 369 3048 438 legatio
3079 387 3294 428 censeo
3324 371 3516 428 dictis.

2287 459 2429 523 Quis
2511 458 3072 532 duo-quindecies,
3131 459 3322 517 denos
3402 462 3626 534 pariter
3706 480 3956 538 quoque

3611 551 3880 624 [quinos,

2287 634 2487 704 Elogio
2509 635 2826 692 archontes
2853 641 3035 710 queat
3061 637 3355 694 infamare
3383 638 3653 708 maligno
3675 640 3704 694 ?

2285 722 2386 778 His
2413 739 2618 780 coram
2647 724 2786 780 ﬁdei
2816 725 2907 780 vir
2935 725 3030 780 hic
3056 725 3368 782 confessus
3389 727 3706 794 honorem,

2285 813 2512 868 Extunc
2537 812 2698 868 vitali
2729 813 2938 870 merito
2991 819 3265 870 craxatus
3293 815 3656 888 [inscriptus]
3695 817 3755 873 in
3785 817 3952 886 albo,

2287 901 2469 958 Certis
2495 907 2806 974 exspectat
2831 902 3098 958 caelestia
3127 903 3288 959 dona
3327 903 3566 974 diebus,

2285 990 2360 1045 Ut
2387 1006 2450 1046 re
2475 991 2783 1064 percipiat,
2815 991 2980 1064 quod
3009 1008 3112 1064 spe
3147 991 3437 1063 patienter
3467 997 3524 1048 et
3548 997 3733 1065 optat.

2287 1079 2432 1134 Huic
2471 1079 2574 1150 qui
2598 1079 2885 1147 dissentit,
2917 1078 3117 1149 nimis,
3145 1079 3420 1152 inquam,
3449 1096 3696 1152 prorsus
3717 1081 3950 1154 ineptit.

2286 1187 2654 1258 (Sequ'eutia,
2687 1202 2820 1258 quae
2851 1187 2914 1241 in
2963 1202 3067 1241 ms.
3101 1187 3302 1244 codice
3352 1189 3692 1244 Corbeiensi
3733 1189 3954 1245 desunt

2357 1257 3070 1398 lcocticefottoniana:
3103 1259 3467 1315 bibliotheca:
3489 1261 3796 1329 supplevit
3823 1261 3952 1316 Μα-

2395 1345 2416 1384 ι
2471 1345 2660 1384 omus.

2395 1345 2660 1384 ιιιοητιιε.

2359 1438 2490 1490 Haec
2518 1435 2732 1491 eadem
2763 1435 2948 1492 sacris
2973 1435 3500 1506 jusseruntindere
3531 1435 3718 1508 libris,

518 1531 652 1584 Haec
673 1527 818 1600 quia
847 1541 970 1582 non
1013 1526 1230 1599 sprevi,
1261 1541 1408 1580 nam
1439 1542 1546 1580 nec
1591 1523 1930 1596 spernenda
1968 1521 2175 1596 putavi
2217 1557 2257 1611 Β
2287 1527 2437 1580 More
2467 1525 2632 1581 clean
2645 1531 2734 1580 teo
2765 1525 2910 1596 (342)
2941 1525 3126 1581 solitis
3161 1525 3389 1582 bullata
3420 1525 3645 1596 sigillis,

519 1617 758 1675 Collatis
788 1616 952 1671 carui
984 1615 1205 1671 crebris
1235 1614 1623 1686 populatibus
1655 1615 1832 1682 agris.

519 1709 606 1762 En
635 1705 738 1778 qui
783 1722 882 1761 me
915 1720 1098 1760 sensu
1129 1703 1386 1774 graviter
1427 1703 1782 1776 lymphante
1815 1706 2172 1775 sequuntur,

517 1797 748 1852 Norunt
770 1794 819 1849 si
847 1809 972 1866 qua
1001 1809 1137 1849 meo
1166 1791 1468 1848 vitiamine
1491 1797 1668 1864 rupta
1699 1792 1960 1848 vicissim

519 1882 830 1954 Objectare
856 1885 1101 1953 queunt,
1135 1883 1330 1934 vestro
1355 1879 1654 1935 lustrabor
1679 1879 1756 1935 ab
1787 1895 1908 1935 ore.

519 1975 648 2029 Non
668 1986 779 2040 ego
809 1969 1185 2042 pompisonis
1197 1968 1316 2024 adii
1340 1969 1600 2040 pretiosa
1627 1969 1850 2042 lupatis
1874 1967 2101 2042 [frenis]

517 2059 749 2127 Maenia,
783 2074 894 2114 nec
911 2057 1082 2128 gilvis
1096 2057 1408 2131 phalerato
1421 2063 1702 2114 stromate
1721 2057 1960 2114 mannis
1981 2057 2174 2130 (equis

1747 2147 2126 2219 [tolutaribus
2157 2164 2170 2202 :

585 2239 924 2311 Prosequor
953 2241 1014 2294 at
1035 2235 1237 2292 nudus
1259 2236 1408 2292 nudi
1435 2237 1688 2306 vestigia
1718 2237 1886 2292 Petri.

515 2327 835 2384 Posteritas
865 2327 1090 2383 sancite
1121 2326 1344 2400 quibus
1375 2326 1662 2382 subsistat
1693 2326 1890 2382 amica

516 2417 792 2488 Legibus,
821 2421 878 2473 et
903 2415 1134 2489 priscas
1165 2415 1346 2472 nolite
1371 2415 1653 2472 revellere
1685 2416 1948 2471 chartas.

587 2507 942 2579 Obstipuere
983 2505 1109 2577 (sic)
1139 2506 1341 2561 Patres
1389 2505 1516 2560 haec
1549 2504 1630 2559 sic
1655 2503 1780 2559 fore
1813 2503 1984 2576 [esse]
2016 2519 2174 2560 com-

1744 2591 2170 2663 [miniscentes.

587 2683 708 2738 Hac
735 2681 937 2738 dixere
967 2682 1158 2755 pharo
1180 2681 1394 2738 mundi
1419 2680 1584 2736 rudis
1615 2680 1760 2736 arsit
1785 2679 1972 2752 origo,

487 2771 744 2828 -Rabula
769 2787 880 2826 nec
912 2770 1099 2828 deerit
1127 2787 1250 2843 quo
1277 2785 1449 2826 mens
1483 2770 1828 2826 veneranda
1855 2769 2067 2826 nitebit

511 2860 671 2916 Talia
697 2859 956 2916 labentis
981 2861 1290 2933 patiuntur
1317 2875 1622 2933 spargana
1651 2859 1785 2915 vitae

509 2949 763 3022 Emula,
793 2965 902 3006 nec
929 2949 1124 3006 tardat
1149 2949 1322 3022 spiris
1353 2949 1579 3019 agitare
1605 2949 1882 3018 malignis

505 3039 673 3095 Actio
703 3054 1034 3112 pravorum
1065 3038 1248 3094 vitam
1281 3054 1604 3110 moresque
1635 3038 1986 3110 proborum.

508 3127 930 3201 Conquirenda
965 3133 1168 3184 tamen
1191 3128 1444 3200 hujusce
1471 3127 1728 3197 refragia
1757 3132 1952 3184 sectis.

505 3221 574 3274 Et
591 3217 874 3290 quamvis
904 3217 1058 3272 odiis
1085 3217 1455 3290 proscriptus
1485 3215 1876 3289 physiculatis
1904 3219 2167 3288 [natura-

1963 3305 2162 3379 [libus]

503 3395 780 3451 Protinus
814 3395 1081 3464 arbitrio,
1115 3393 1396 3456 Wilfride,
1422 3395 1668 3466 piabere
1689 3401 1914 3452 nostro.

503 3486 617 3538 Nec
641 3486 911 3538 Romana
941 3483 1108 3554 prius
1129 3483 1260 3538 falsi
1289 3481 1526 3554 pilotria
1551 3485 1676 3552 (sic)
1705 3487 1876 3540 testes

505 3571 820 3638 Excedent,
847 3571 1042 3640 justas
1070 3571 1262 3626 donec
1291 3585 1400 3642 pro
1429 3571 1672 3626 crimine
1698 3587 1910 3644 pcenas

500 3659 638 3714 Jure
665 3658 854 3720 luant,
886 3658 1239 3730 discantque
1265 3657 1390 3714 viro
1421 3658 1647 3715 deferre
1669 3661 1942 3731 probato.

509 3751 618 3804 Istc
649 3747 894 3820 quidem
921 3747 1112 3803 Latias
1133 3747 1276 3803 olim
1307 3746 1572 3804 lallando
1601 3749 1879 3820 papillas,

499 3837 664 3893 Pavit
695 3837 1076 3894 Christicolas
1107 3837 1296 3892 multo
1327 3837 1572 3893 dulcore
1595 3843 1885 3896 catervas.

571 3928 826 3982 Oravere
857 3929 1053 3981 Patres
1089 3943 1100 3980 :
1136 3929 1380 3981 testatur
1409 3931 1465 3981 et
1491 3926 1616 3998 ipse
1646 3929 2155 4004 Joannes(papa),

499 4015 632 4070 Haec
663 4015 870 4070 dicens
897 4032 908 4068 :
943 4014 1112 4070 Nullo
1133 4015 1422 4069 morietur
1451 4013 1740 4086 lampada
1767 4015 1972 4088 fungo.

497 4103 730 4160 Insidiae
761 4109 988 4159 veteres
1017 4103 1387 4160 dormiscant
1419 4103 1586 4159 ocius
1616 4119 1846 4161 omnes.

497 4192 804 4265 Desipiunt
837 4191 1080 4247 hebetes
1107 4191 1309 4247 tetrico
1333 4208 1585 4248 maerore
1615 4192 1898 4252 furentes.

497 4279 832 4334 Wilfridum
863 4280 1155 4334 damnare
1193 4279 1399 4334 nefas:
1441 4279 1565 4353 qui,
1595 4279 1764 4337 sicuti
1799 4285 1992 4348 torris,

499 4371 744 4441 Ereptus
769 4383 994 4438 magno
1023 4372 1229 4424 manet
1250 4368 1666 4426 incombustus
1693 4371 1770 4427 ab
1801 4373 1955 4443 igne.

571 4461 640 4514 Ut
665 4462 868 4530 petrus
903 4456 1134 4525 Christi,
1159 4457 1240 4512 sic
1271 4457 1364 4513 hic
1397 4458 1651 4527 vestigia
1677 4462 1828 4516 Petri

497 4547 762 4617 Percolit,
805 4546 1100 4618 aequoreis
1137 4562 1452 4619 nunquam
1480 4548 1813 4605 timefactus
1861 4552 1923 4608 in
1949 4555 2146 4613 undis.

497 4641 828 4706 Degeneres
863 4635 1074 4708 populi
1101 4635 1246 4708 quid
1279 4636 1522 4708 prodest
1547 4637 1696 4692 velle
1727 4637 1892 4696 beari
1917 4643 1946 4698 ‘I

494 4726 693 4782 Virtus
731 4725 780 4780 si
817 4741 942 4796 qua
969 4723 1183 4797 placet,
1215 4725 1420 4796 patriis
1439 4725 1749 4798 pepulistis
1770 4729 1848 4784 ab
1879 4731 2020 4787 oris.

497 4819 582 4872 En
611 4814 857 4870 rutilum
890 4813 1120 4886 liquido
1147 4830 1403 4870 summie
1433 4815 1666 4872 virtutis
1706 4817 1948 4886 agalma
1976 4825 2145 4894 (341).

495 4903 620 4958 Sint
647 4907 776 4958 rata
805 4919 941 4974 qute
993 4903 1204 4970 sanxit,
1239 4919 1362 4960 non
1411 4903 1538 4960 haec
1588 4905 1858 4964 obliteret
1886 4925 2148 4984 usquam

493 4995 608 5048 Aut
634 4987 851 5060 regalis
881 5005 1056 5061 apex,
1085 4995 1188 5046 aut
1213 4991 1644 5050 ecclesiasticus
1673 4994 1841 5052 ordo.

492 5081 818 5142 Nobiscum
840 5079 1054 5152 sapiat,
1085 5081 1190 5152 qui
1216 5082 1424 5140 Christi
1451 5083 1732 5154 stigmata
1759 5091 1966 5158 gestat,

489 5175 572 5232 Ne
597 5169 778 5228 ferale
809 5170 994 5226 chaos
1023 5169 1490 5244 evitandamque
1519 5173 1836 5245 mephitim

585 5317 712 5380 340)
743 5313 1026 5370 Proceres
1065 5328 1271 5382 supra.

581 5385 708 5456 341)
739 5385 1080 5456 Speculum,
1106 5385 1517 5442 simulacrum.

563 5457 705 5529 g3n’i_2)
730 5457 882 5529 More
895 5457 1261 5529 principum.

557 5525 706 5596 (343)
737 5525 923 5582 Alani
940 5525 1192 5598 Scythiae
1217 5527 1445 5601 populi,
1467 5528 1758 5590 excitante
1783 5529 2053 5587 Stilicone
2077 5531 2138 5586 in

2284 1612 2543 1682 Regibus
2573 1619 2630 1669 et
2653 1613 2809 1668 clero
2843 1613 3160 1678 mittentes,
3192 1619 3370 1687 atque
3398 1613 3660 1687 popello,

2289 1704 2356 1757 Ut
2385 1701 2670 1758 dirimant
2695 1701 2815 1757 odii
2845 1701 3110 1758 crudelia
3134 1703 3336 1772 jurgia
3365 1703 3565 1774 prisci.

2285 1793 2352 1846 Et
2375 1791 2574 1846 dixere
2607 1791 2757 1846 Patri
2789 1795 2925 1863 post
2946 1791 3157 1847 oscula
3191 1790 3400 1847 frontis
3431 1807 3679 1864 aquosae
3711 1809 3724 1846 :

2285 1879 2576 1936 Paciﬁcus
2609 1880 2850 1939 redeas:
2886 1879 3174 1950 subjectis
3205 1880 3426 1950 gaudia
3455 1880 3706 1948 reddas;

2283 1967 2469 2025 Terris
2500 1975 2680 2043 atque
2709 1969 2862 2042 polis
2889 1971 3028 2024 Jesu
3061 1969 3440 2026 cleronomus
3467 1971 3698 2042 (haeres)
3725 1973 3876 2026 esto.

2993 2059 3219 2114 XLVIII.

2356 2145 2607 2202 Devictis
2633 2145 2813 2216 igitur
2849 2144 2980 2201 falsi
3007 2146 3300 2204 latoribus
3331 2153 3514 2215 astus,

2285 2233 2528 2304 Pignere
2555 2239 2902 2290 sanctorum
2931 2235 3122 2292 multa
3168 2253 3412 2310 quoque
3441 2236 3604 2306 glore
3633 2241 3942 2299 venustus,

2287 2323 2508 2378 Deserit
2535 2323 2836 2379 Ausonias
2866 2323 3068 2394 multis
3095 2324 3519 2380 comitantibus
3551 2341 3705 2380 oras.

2282 2411 2652 2484 Alpinosque
2681 2413 2844 2486 petit,
2877 2429 3002 2485 quo
3035 2413 3251 2470 Celtica
3277 2418 3542 2486 permeet
3571 2429 3732 2469 arva.

2285 2501 2631 2556 l’rieteriens
2657 2507 2830 2558 notos
2869 2503 3232 2575 pedetentim
3267 2503 3474 2559 transit
3499 2503 3716 2558 Alanos
3742 2505 3936 2574 (353):

2283 2590 2542 2646 Tandem
2575 2597 2820 2664 pacatos
2849 2591 3092 2648 devenit
3122 2594 3200 2648 ad
3227 2609 3416 2665 usque
3447 2591 3802 2648 Sicambros.

2354 2681 2500 2736 Hinc
2527 2687 2774 2738 vexatur
2796 2682 2916 2738 acri
2945 2698 3052 2755 per
3090 2682 3329 2752 singula
3355 2682 3629 2738 membra
3659 2687 3940 2737 veterno:

2283 2771 2398 2824 Nec
2429 2771 2640 2842 quibat
2663 2776 2854 2828 metas
2877 2772 3132 2844 pedibus
3164 2777 3398 2828 tranare
3429 2771 3683 2844 cupitas.

2287 2861 2486 2915 Fertur
2506 2877 2664 2933 equo
2694 2862 2980 2933 primum;
3013 2861 3300 2934 posthaec
3317 2861 3646 2930 gestamine
3665 2860 3942 2930 fratrum,

2283 2948 2545 3005 Vocibus
2566 2953 2622 3005 et
2651 2955 2772 3006 toto
2800 2955 3112 3022 pastorum
3142 2950 3321 3006 corde
3351 2950 3690 3016 dolentum;

2280 3040 2692 3112 Muratamque
2716 3039 2940 3095 vehunt
2971 3038 3252 3095 dilectum
3281 3039 3521 3112 pondus
3551 3039 3630 3095 ad
3655 3038 3870 3094 urbem

2283 3127 2706 3184 Semianimem
2737 3128 2968 3184 insueto
2991 3133 3370 3200 componunt
3396 3127 3594 3183 debite
3629 3131 3816 3183 stratu
3851 3146 3866 3182 :

2275 3217 2652 3290 Perculsique
2681 3224 2864 3286 metu,
2896 3218 3190 3290 quidnam
3218 3217 3524 3286 contingat
3553 3217 3612 3272 in
3644 3221 3780 3272 actu

2276 3307 2634 3378 Exspectare
2665 3307 2892 3372 timent,
2935 3309 3144 3363 mortis
3176 3307 3494 3362 formidine
3517 3306 3722 3379 pressi.

2275 3395 2511 3450 Octonis
2541 3397 2758 3452 etenim
2785 3395 2877 3451 bis
2906 3396 3054 3452 forte
3076 3401 3406 3469 quaterque
3429 3395 3658 3466 vigenis

2273 3483 2560 3541 Decubuit
2585 3485 2768 3554 horis,
2801 3491 3008 3558 pastus
3039 3485 3395 3556 fraglamine
3435 3485 3652 3540 mentis

2270 3573 2546 3646 Corporis
2575 3578 2679 3630 aut
2703 3575 2872 3642 escis,
2905 3579 3010 3631 aut
3037 3575 3304 3648 qualibet
3331 3579 3456 3631 arte
3475 3573 3743 3648 liquoris.

2341 3665 2594 3720 Demum
2623 3681 2758 3720 cum
2787 3665 2976 3738 quinti
3007 3665 3303 3736 spirarent
3328 3663 3563 3720 lumina
3591 3663 3746 3732 solis,

2269 3751 2504 3808 Mittitur
2533 3771 2564 3810 e
2596 3770 2836 3810 summo
2867 3754 3054 3825 (dictu
3083 3753 3352 3810 mirabile
3379 3754 3414 3825 t)
3449 3753 3602 3810 ecelo

2267 3843 2576 3898 Archanus
2605 3843 2867 3910 Michael,
2901 3843 3090 3898 nitido
3119 3843 3462 3916 lampabilis
3501 3859 3603 3899 ore
3632 3859 3646 3910 ;

2269 3933 2458 3998 Quem
2497 3936 2667 3989 Pater
2695 3933 3033 3996 intendens,
3055 3949 3180 3988 non
3207 3937 3272 3989 ut
3291 3933 3591 3989 fantasma
3617 3930 3934 4005 repellens,

2269 4021 2388 4079 Ceu
2419 4021 2704 4079 stilbonta
2726 4021 3208 4096 [splendentem],
3241 4039 3464 4079 novum
3495 4021 3722 4090 lumen,
3755 4037 3938 4076 vene-

3357 4114 3542 4184 [ratur
3567 4109 3858 4167 amicum.

2272 4198 2506 4270 Surgito
2528 4200 2810 4272 concivis,
2843 4202 3026 4258 nostri
3053 4218 3176 4258 non
3209 4201 3400 4276 portio
3427 4200 3558 4256 vilis
3591 4217 3605 4255 :

2844 4253 3026 4258 __-_-__
3053 4253 3176 4258 ___
3209 4253 3392 4276 rm-
3443 4253 3552 4256 .-ν-ὴ
3594 4253 3603 4255 ἡ

2182 4253 2227 4306 D
2269 4289 2336 4343 Et
2353 4287 2484 4344 licei
2509 4289 2815 4346 astricolas
2845 4291 2996 4346 inter
3021 4307 3336 4347 numerere
3359 4295 3646 4352 catervas,

2265 4377 2480 4450 lnquit,
2508 4377 2588 4434 ab
2617 4379 2842 4436 orbatis
2857 4380 2987 4451 jam
3025 4397 3188 4438 nunc
3215 4379 3594 4437 revocaberis
3621 4379 3816 4448 agnis.

2261 4468 2580 4538 Postquam
2611 4467 2704 4524 bis
2725 4469 2881 4524 binis
2901 4469 3110 4526 fratres
3143 4469 3490 4526 solidaveris
3521 4469 3732 4534 annis;

2261 4555 2410 4611 Cum
2433 4556 2708 4613 mercede
2733 4557 2894 4614 bona
2919 4561 3098 4614 temet
3123 4557 3440 4624 revocabo,
3471 4555 3578 4612 sed
3605 4556 3762 4611 insta

2257 4643 2679 4702 Christotochee
2710 4646 2924 4718 dignas
2950 4647 3112 4704 aedes
3159 4648 3448 4704 fabricare
3473 4647 3668 4703 Marias
3697 4663 3712 4700 :

2259 4733 2442 4804 Cujus
2473 4749 2676 4791 amore
2709 4735 2811 4791 tibi
2837 4736 3220 4794 cumulantur
3239 4738 3452 4794 certius
3482 4733 3646 4792 anni.

2257 4821 2428 4877 Novit
2451 4821 2597 4894 quid
2617 4825 2805 4892 Petro,
2831 4825 2978 4880 Petri
2997 4825 3146 4898 quid
3179 4826 3360 4883 solvis
3392 4825 3676 4901 adelpho.

2327 4911 2620 4967 Continuo
2658 4917 2896 4970 sanctos
2925 4915 3106 4972 subiit
3133 4916 3304 4987 vigor
3331 4917 3563 4987 integer
3593 4922 3766 4976 artus
3795 4939 3810 4976 :

2255 5000 2436 5070 Auget
2450 5001 2606 5058 icum
2635 5019 2918 5076 superam
2935 5021 3160 5062 numen
3179 5007 3504 5062 recucurrit
3531 5007 3612 5063 ad
3637 5009 3924 5068 aethram.

2255 5089 2544 5160 Surgitur,
2571 5096 2629 5148 et
2657 5093 2847 5150 tristes
2873 5099 3238 5152 renovantur
3265 5095 3446 5166 digne
3477 5097 3744 5155 sodales.

2258 5179 2300 5235 Ο
2331 5179 2584 5250 defesse,
2617 5195 2804 5251 sagax
2835 5188 3002 5240 curat
3019 5200 3204 5256 quem
3235 5184 3442 5240 ccelica
3462 5186 3656 5258 pinax
3691 5205 3707 5256 ;

2255 5321 2674 5401 Galliam‘cum
2701 5325 3222 5401 Wandaliseﬂ‘usi,
3255 5343 3394 5401 pars
3417 5326 3496 5401 ad
3521 5328 3786 5401 Ligerim
3821 5349 3914 5390 re—

2253 5393 2534 5450 sederunt
2583 5410 2724 5468 pars
2745 5395 2824 5452 ad
2853 5393 3231 5468 Rhodanum,
3255 5393 3336 5455 de
3367 5393 3747 5472 quibus'hoc
3777 5404 3916 5461 loco

2253 5436 2620 5536 Fridegodus
2652 5467 2792 5535 agit.
