4166 6162
253 157 382 213 1009

252 285 317 338 Et
343 277 481 352 quia
503 271 756 347 pellacis
785 273 984 332 vitasti
1010 278 1238 348 gaudia
1267 280 1446 348 saecli,

253 371 394 424 Cum
422 378 676 422 numero
700 363 839 420 vitae
872 367 1140 423 meruisti
1173 370 1424 442 praemia
1455 388 1730 428 summm.

985 458 1173 512 XLIX.

319 540 529 602 Oceani
555 539 826 597 tumidas
848 543 1063 600 exhinc
1088 546 1378 603 remeavit
1404 548 1484 604 ad
1510 548 1731 622 undas,

253 631 495 704 Gurgitis
526 633 585 686 et
609 630 772 686 vasti
803 632 1158 691 circumﬂua
1187 640 1354 705 terga
1394 638 1696 710 repressit.

253 721 448 783 Cantia
477 719 846 793 complacito
877 728 1200 795 patuerunt
1222 725 1396 782 litora
1421 731 1631 783 rastro.

251 812 422 872 Jussit
449 809 859 882 apostolicum
890 813 1263 871 Berthwaldo
1302 815 1452 871 ferre
1477 815 1769 885 libellum,

255 899 514 973 Suscipit,
549 903 618 955 ut
637 899 840 956 decuit
865 919 877 968 ;
912 902 1101 958 Patris
1130 908 1432 977 praecepta
1459 906 1706 978 peregit.

253 992 385 1049 Hinc
413 988 534 1045 divi
563 990 664 1060 [f.,
696 989 897 1062 divus]
928 991 1112 1064 petiit,
1146 1008 1332 1066 supra
1385 1009 1569 1067 quem
1616 1011 1794 1052 musa
1820 1011 1914 1050 re-

1689 1083 1912 1156 [volvit,

251 1172 430 1226 Laetus
462 1166 730 1223 Edilredi
761 1168 998 1241 petulas
1026 1169 1306 1226 fidentius
1327 1171 1518 1228 aulas.

251 1259 349 1316 Cui
378 1257 580 1314 retulit
608 1258 827 1313 cessim
853 1275 865 1312 :
898 1257 1176 1315 laetantur
1204 1265 1261 1317 et
1290 1261 1473 1318 ambo
1502 1261 1786 1318 vicissim.

1049 1351 1110 1404 L.

319 1440 754 1510 Approperans
787 1451 951 1507 ergo,
983 1437 1160 1492 laesus
1187 1440 1566 1496 cunctamine
1593 1439 1782 1511 nullo,

247 1525 509 1582 Aldfrido
542 1525 669 1596 regi
697 1524 914 1581 direxit
941 1526 1170 1599 epistile
1197 1527 1557 1600 [epistolam]
1587 1529 1756 1585 Petri.

248 1615 514 1670 lllicitum
548 1614 774 1686 sapuit,
803 1629 928 1669 non
958 1615 1072 1670 hoc
1105 1620 1195 1670 sat
1217 1616 1376 1687 juste
1407 1617 1630 1690 recepit

243 1703 481 1760 Protulit
508 1703 827 1772 ambages,
862 1702 1016 1759 sicut
1044 1703 1235 1760 fecere
1266 1705 1528 1777 priores:

244 1793 452 1849 Nolens
478 1792 723 1848 directis
746 1807 1106 1848 veneramen
1129 1792 1278 1848 ferre
1308 1793 1589 1866 loquelis.

243 1881 537 1947 Quocirca
566 1880 849 1936 meritum
882 1881 1011 1937 tulit
1033 1881 1358 1937 immature
1387 1883 1700 1954 periclum.

243 1969 486 2026 Ultrices
520 1969 742 2024 etenim
773 1968 1008 2040 patiens
1034 1968 1096 2024 in
1126 1985 1376 2041 corpore
1407 1986 1641 2043 poenas,

242 2058 495 2112 Cernere
536 2055 826 2118 collibuit,
885 2072 1070 2128 quem
1097 2056 1333 2112 dudum
1380 2057 1663 2127 languide
1693 2058 1918 2130 sprevit

239 2145 542 2218 Multaque
576 2144 904 2214 conjiciens
934 2145 1100 2205 obiit,
1136 2145 1292 2200 male
1323 2152 1488 2216 gesta
1517 2161 1844 2202 recensens

238 2234 511 2290 Testibus
547 2233 828 2289 adhibitis
861 2249 923 2289 se
955 2233 1205 2290 reddere
1236 2235 1382 2290 velle
1413 2236 1668 2306 negatis,

238 2323 294 2380 Si
320 2323 561 2378 Domini
590 2323 880 2378 auxilium
912 2325 1048 2379 vitae
1079 2322 1249 2378 daret
1277 2325 1753 2381 accumulatum.

309 2413 586 2484 Suscepit
616 2429 840 2468 vacuas
872 2412 1110 2468 Αἰάκνηί
1131 2413 1371 2468 virosus
1403 2414 1699 2485 habenas,

234 2504 298 2556 In
325 2505 612 2556 sanctum
642 2501 829 2558 furias
861 2516 1147 2558 exercens
1175 2502 1604 2559 immoderatas
1629 2521 1642 2555 :

235 2590 420 2662 Inque
445 2591 620 2646 brevi
645 2591 838 2663 periit,
871 2591 1135 2646 violento
1165 2592 1290 2645 cive
1320 2592 1616 2664 repulsus.

1035 2681 1118 2733 LI.

306 2770 369 2824 Ut
401 2765 622 2840 patriae
653 2781 865 2822 curam
893 2770 1194 2838 susceptet
1227 2767 1334 2822 rite
1362 2766 1672 2836 tuendam,

231 2857 412 2912 Filius
443 2854 676 2912 ascitur
704 2855 1001 2910 Alhdfridi
1056 2870 1220 2928 saepe
1247 2854 1436 2911 relati.

233 2945 345 3012 Qui
373 2943 672 3016 gravitate
703 2944 921 3016 proba,
957 2942 1220 2999 Wilfridi
1247 2943 1522 3000 subditus
1553 2944 1672 3016 ala,

230 3034 446 3092 Dilexit
476 3034 737 3090 nimium
765 3034 912 3107 quia
941 3038 1194 3089 noverat
1219 3049 1350 3089 esse
1373 3033 1621 3090 beatum
1648 3053 1663 3104 ;

232 3127 285 3180 Is
307 3123 497 3196 jussit
531 3121 758 3195 proprii
786 3129 1087 3195 quantum
1121 3126 1278 3177 tenet
1305 3122 1501 3179 orbita
1528 3123 1736 3193 regni;

232 3217 301 3269 Et
352 3213 555 3270 colere
614 3212 812 3281 simul,
881 3211 1263 3269 Berthwaldo
1317 3212 1450 3282 jure
1502 3213 1736 3270 calante
1791 3213 1918 3282 [vo-

1698 3303 1918 3376 [cante]

230 3396 399 3449 Tunc
439 3392 625 3448 Patris
650 3392 918 3465 alloquio
942 3407 1049 3447 rex
1111 3390 1359 3458 censuit,
1393 3391 1592 3446 omnis
1645 3398 1703 3447 et
1744 3391 1916 3460 ordo,

233 3485 493 3538 Servent
518 3487 581 3538 ut
608 3482 829 3554 pariter
862 3479 1107 3536 Wilfridi
1137 3479 1364 3550 dogma
1392 3484 1662 3536 verenter
1687 3497 1699 3535 :

237 3571 412 3627 Pacis
445 3575 508 3626 et
532 3573 856 3643 Angigenaa
890 3570 1210 3626 firmantur
1237 3569 1458 3626 foedere
1484 3575 1711 3640 gentes.

1024 3660 1138 3715 LII.

309 3751 398 3804 Ex
425 3748 564 3804 hinc
594 3749 956 3806 convaluere
983 3747 1165 3804 nimis
1198 3747 1551 3804 diorismata
1595 3747 1920 3819 [deﬁnitio-

1576 3836 1732 3908 [nes]
1754 3835 1919 3892 fortis

232 3925 518 3997 Athletm,
550 3933 922 4002 pereuntque
951 3926 1096 3983 mali
1123 3926 1502 3998 sophismata
1531 3924 1710 3994 civis;

230 4014 538 4072 Germinis
565 4017 775 4090 hydrei
800 4017 1041 4090 penitus
1082 4019 1324 4071 tenuata
1350 4014 1591 4070 cicatrix
1617 4032 1629 4082 ;

226 4104 502 4161 Additur
524 4111 701 4180 atque
733 4107 910 4164 bonis
939 4106 1129 4162 virtus
1159 4104 1496 4177 apodictica
1525 4103 1920 4174 (demonstra-

1489 4194 1654 4264 [tiva)
1685 4191 1916 4248 victrix.

228 4283 372 4355 Ipse
404 4298 520 4355 per
547 4285 824 4360 obliquas
848 4289 1058 4360 pastor
1087 4283 1368 4355 gradiens
1398 4284 1699 4354 regiones,

231 4374 306 4428 Ut
336 4377 543 4429 mater
566 4375 787 4433 dociles
814 4375 1092 4432 doctrino
1113 4374 1265 4428 lacte
1293 4372 1543 4442 refovit;

231 4464 307 4518 Ut
325 4468 513 4535 pater
539 4464 778 4535 ignaros
809 4467 1014 4522 sobria
1041 4463 1381 4518 succensuit
1422 4461 1802 4535 [increpavit]
1833 4460 1922 4516 ira

230 4552 331 4607 Ad
357 4551 520 4607 lucis
547 4556 800 4626 patriam
832 4560 1082 4612 cunctos
1114 4552 1407 4609 metaliter
1431 4553 1702 4608 hortans.

235 4641 553 4698 l’rzescivit
573 4659 757 4718 porro
783 4644 1081 4702 Michaelis
1121 4642 1334 4698 adesse
1362 4643 1669 4714 profatum
1694 4658 1707 4697 :

232 4730 631 4804 Optabatque
663 4751 909 4804 gravem
943 4733 1282 4789 Silicernius
1308 4731 1514 4787 adfore
1540 4735 1817 4786 mortem.

232 4819 568 4886 Corruit,et
597 4823 828 4879 subitus
851 4821 1136 4895 perclusit
1154 4821 1424 4876 limmata
1449 4819 1748 4892 [consilia]
1767 4834 1923 4874 mor-

229 4909 514 4978 Agmina
541 4911 778 4982 pullatis
805 4916 1024 4967 coeunt
1053 4909 1380 4965 vernacula
1412 4910 1614 4979 birris;

229 5002 567 5056 Commeat
591 5006 647 5054 et
672 5007 792 5057 toto
820 5001 1036 5070 vulgus
1069 4997 1406 5052 miserabile
1434 4999 1603 5053 ciclo.

230 5089 326 5144 Fit
357 5087 628 5144 formido
651 5091 871 5160 gravis,
906 5103 981 5143 ne
1012 5088 1161 5144 forte
1195 5085 1434 5142 recedat
1462 5087 1540 5142 ab
1569 5087 1701 5142 illis.

1783 4909 1794 4980 Ι
1805 4909 1921 4964 bus

313 5243 483 5317 (344)
511 5246 730 5317 Novem
755 5250 954 5303 Musca.

284 5313 484 5398 '(345)
517 5316 751 5388 Septem
779 5324 935 5374 artes
958 5314 1259 5385 liberales,
1289 5313 1655 5384 totidemque
1680 5316 1922 5374 mecha-

230 5403 450 5444 nicas.

314 5458 486 5531 (346)
519 5458 787 5532 Spatium
818 5474 1144 5516 annorum.

339 5532 482 5600 347)
516 5531 697 5603 Vulgo
729 5533 968 5603 harpes.

339 5534 482 5600 347)
516 5534 697 5603 Vulgo
729 5534 968 5600 harpes.

312 5534 487 5675 I348)
520 5601 764 5660 Flumen
789 5599 1006 5658 inferni

1411 157 1502 213 DE
1539 157 1706 215 VITA
1748 161 1804 216 S.
1845 155 2181 214 WILFBJDI
2222 159 2526 219 EBORAC.

3556 159 3697 218 IOIO

1945 287 1997 340 A
2031 282 2333 340 Fratribus
2365 289 2425 344 at
2451 285 2705 359 plaudas
2725 288 2864 342 Jesu
2888 277 3306 342 recinentibus
3331 287 3499 356 odas,

2032 370 2318 446 Substitit,
2349 380 2408 432 et
2427 374 2565 432 laeta
2594 389 2801 446 sospes
2827 369 3216 446 perfunditur
3239 391 3403 432 aura.

2790 463 2923 518 LIII.

2103 549 2399 609 Hactenus
2428 553 2758 610 excolicum
2785 553 3022 625 quanto
3052 551 3268 608 sudore
3295 551 3577 609 sacellum

2028 641 2247 698 Emerit
2269 643 2520 715 exposui
2545 661 2558 711 ;
2591 657 2887 697 numnam
2915 637 3208 696 miracula
3233 641 3415 714 quibo
3441 641 3469 696 ?

2027 730 2228 786 Ennea
2251 731 2394 804 (344)
2415 731 2462 787 si
2487 731 2698 788 melico
2721 730 2936 787 chelim
2954 726 3101 783 mihi
3129 731 3387 785 carmine
3411 734 3678 801 tangant,

2030 820 2435 894 Septenasque
2460 821 2666 892 jugem
2699 817 3045 891 [geminem]
3079 816 3280 872 ciclico
3309 817 3551 874 dulcore
3583 834 3678 874 so-

3321 907 3502 976 [rores
3531 908 3678 978 (345)

2023 1000 2139 1053 Aut
2167 996 2280 1052 sim
2309 996 2682 1069 magniloqui
2710 996 2933 1052 multus
2964 998 3221 1050 sectator
3242 993 3507 1063 Homeri;

2023 1088 2154 1143 Non
2181 1085 2360 1158 plane
2381 1085 2697 1142 absolvam
2722 1104 2734 1140 :
2758 1084 2930 1140 dictis
2953 1085 3082 1155 jam
3114 1083 3262 1139 cedo
3288 1083 3675 1156 quibusdam.

2094 1177 2254 1240 Quos
2278 1174 2498 1230 etenim
2527 1173 2766 1229 daemon
2794 1173 3007 1229 rabida
3038 1171 3390 1244 possederat
3419 1171 3526 1236 ira,

2023 1263 2238 1319 Effusis
2264 1262 2545 1336 precibus
2569 1262 2710 1318 ﬁdei
2734 1261 2944 1317 virtute
2966 1260 3237 1316 resolvit:

2023 1355 2092 1408 Et
2117 1352 2289 1425 queis
2318 1351 2594 1408 debilitas
2623 1356 2789 1406 artus
2815 1350 3164 1406 devinxerat
3189 1353 3351 1418 atra;

2023 1445 2140 1497 Aut
2168 1441 2344 1498 oculo
2374 1440 2691 1510 frustraris,
2725 1444 2828 1495 aut
2873 1439 3092 1510 linguas
3145 1453 3454 1494 murmure
3503 1437 3679 1493 dam-

3464 1526 3676 1598 [nans;

1953 1635 1997 1693 Β
2025 1619 2142 1674 Aut
2167 1633 2406 1688 gressus
2436 1617 2785 1688 prohibens,
2807 1620 2910 1671 aut
2938 1620 3202 1672 reumate
3231 1619 3473 1686 pectora
3503 1614 3680 1670 strin-

2023 1709 2094 1763 Et
2111 1723 2294 1762 sensu
2319 1706 2576 1775 demtos,
2607 1709 2665 1760 et
2693 1703 2888 1760 morbi
2917 1704 3050 1759 tabe
3079 1721 3359 1776 pertaesos.
3474 1704 3678 1774 [gens;

2025 1799 2096 1854 Ut
2122 1796 2304 1852 frater
2333 1809 2609 1864 congrex,
2643 1793 2955 1862 scelerum,
2987 1793 3139 1848 sicut
3161 1796 3343 1864 patet,
3369 1792 3527 1847 ofl‘ex
3551 1791 3682 1861 (im-

3379 1878 3678 1952 [peditor),

2025 1969 2400 2027 Circumfusa
2429 1984 2641 2024 means
2670 1967 2845 2024 docet
2890 1968 3136 2038 agmina
3173 1966 3680 2034 Christicolarum,

2024 2058 2258 2114 Viviﬁci
2285 2062 2434 2114 tetra
2462 2056 2714 2129 plastica
2738 2056 2843 2112 dat
2870 2056 3239 2112 theoremata
3258 2054 3444 2122 verbi,

2025 2147 2263 2204 Noviter
2290 2146 2658 2219 increpitans
2675 2145 2914 2218 pigrum
2936 2145 3120 2201 decus
3147 2143 3543 2200 Archiliorum
3568 2141 3687 2213 [tri-

2097 2239 2231 2291 Haec
2251 2235 2334 2291 ita
2355 2235 2554 2290 solerti
2578 2234 2904 2306 perfecerat
2920 2234 3186 2306 undique
3207 2249 3370 2290 cura.
3419 2231 3682 2302 [bunos].

2029 2321 2223 2377 Sensit
2251 2317 2679 2391 Olympiadam
2716 2320 2856 2396 (346)
2892 2318 3124 2374 dudum
3149 2317 3372 2373 finirier
3418 2320 3682 2383 auctam,

2027 2411 2095 2465 Et
2119 2408 2637 2480 metamorphosin
2667 2409 2947 2480 praesagit
2975 2408 3184 2464 adesse
3215 2406 3499 2480 cupitam.

2027 2502 2142 2555 Nec
2165 2498 2365 2554 minus
2395 2497 2524 2570 ipse
2555 2502 2755 2553 tamen
2785 2497 3059 2553 refovens
3078 2496 3424 2552 normaliter
3451 2509 3681 2550 omnes.

2026 2582 2348 2638 Ethralem
2380 2581 2566 2638 vitam
2587 2584 2836 2638 testatur
2857 2582 2990 2652 jure
3023 2581 3416 2654 sequendam.

2029 2673 2183 2739 Quid
2212 2672 2388 2728 tricor
2425 2671 2643 2730 dictis?
2693 2670 2934 2728 dabitur
2963 2687 3124 2726 nunc
3153 2669 3245 2726 his
3273 2684 3518 2742 quoque
3547 2668 3685 2724 finis

2027 2761 2215 2818 Credo
2240 2759 2486 2834 quidem
2517 2760 2748 2832 scriptis
2773 2778 2786 2815 :
2818 2764 2882 2815 ut
2908 2775 3094 2830 mors,
3122 2758 3358 2814 dilectio
3389 2757 3574 2812 fortis.

2791 2858 2924 2911 LIV.

1952 2985 1996 3042 ο
2100 2954 2299 3013 Crebis
2321 2969 2465 3024 ergo
2494 2955 2700 3042 virum,
2742 2953 3008 3009 febribus
3037 2950 3372 3025 pulsatibus
3431 2949 3683 3042 almum,

2028 3046 2401 3102 Concurrunt
2427 3041 2708 3098 monachi
2733 3042 3018 3098 virtutum
3048 3056 3295 3096 munere
3321 3038 3502 3095 macti
3527 3056 3540 3094 :

2027 3132 2284 3202 Agmine
2311 3135 2615 3203 pastorem
2643 3135 2876 3186 tantum
2907 3129 3144 3186 cinxere
3177 3128 3451 3200 globosa.

2027 3221 2130 3276 His
2154 3221 2236 3277 ita
2266 3225 2630 3292 consaeptus,
2673 3223 2856 3292 caput
2897 3219 3122 3283 extulit,
3153 3222 3332 3290 atque
3389 3217 3468 3272 ita
3497 3215 3681 3271 dixit:

2028 3308 2283 3365 Pullulet
2309 3308 2371 3364 in
2402 3309 2572 3364 vobis
2603 3308 2790 3363 divini
2819 3308 3010 3378 gratia
3033 3307 3204 3363 roris.

2031 3400 2143 3453 Vos
2174 3396 2473 3468 equidem,
2506 3395 2736 3462 fratres,
2770 3396 3002 3468 pridem
3033 3395 3325 3451 revocatis
3351 3397 3611 3450 euntem.

2029 3487 2256 3542 Parcite
2262 3487 2280 3556 j
2291 3501 2644 3557 am,qureso,
2654 3501 2982 3558 supernum
2993 3487 3122 3557 jam
3135 3485 3422 3541 scandere
3432 3498 3688 3553 regnum

2029 3579 2112 3633 Me
2138 3576 2307 3647 juvat
2335 3580 2391 3629 et
2420 3574 2613 3645 fragili
2643 3575 2971 3647 praejudico
3002 3591 3179 3631 carne
3211 3573 3449 3630 resolvi.

2029 3668 2159 3720 Non
2189 3662 2358 3717 vobis
2385 3662 2536 3718 ultra
2566 3662 2762 3718 forma
2791 3665 2924 3733 conj
2938 3680 3128 3732 ungar
3157 3663 3216 3718 in
3247 3663 3379 3718 ista.

2029 3755 2228 3807 Donec
2252 3750 2594 3804 mundanas
2623 3750 2863 3805 turbent
2890 3751 3184 3806 elementa
3211 3750 3506 3805 tenebras.

2028 3839 2266 3896 Visibus
2295 3841 2350 3892 et
2373 3837 2606 3892 Domini
2636 3853 2903 3909 praesens
2932 3839 2981 3894 si
3011 3839 3294 3895 machina
3323 3837 3555 3893 mundi.

2029 3927 2389 4001 Muscipulos
2430 3927 2617 3982 nostis
2648 3943 2803 3999 quos
2829 3928 3010 3984 obicit
3039 3929 3294 3984 aemulus
3321 3928 3534 4001 hostis,

2029 4016 2288 4073 Illicibus
2316 4031 2590 4088 quaerens
2622 4015 2857 4072 animos
2886 4016 3089 4072 vitiare
3119 4018 3348 4088 figuris.

2029 4105 2245 4176 Ingerit
2271 4104 2530 4160 incestos
2557 4103 2798 4160 lascivis
2829 4105 3052 4177 spebus
3084 4121 3341 4162 amores.

2027 4199 2188 4253 Tunc
2216 4193 2423 4251 oculos
2455 4193 2676 4266 pulcris
2703 4209 2895 4251 vanos
2917 4195 3110 4252 illudit
3136 4195 3322 4263 idreis,

2028 4290 2212 4342 Aures
2242 4289 2298 4340 et
2325 4282 2564 4338 blandis
2593 4283 2898 4355 demulget
2935 4287 3154 4357 saepius
3183 4285 3348 4357 arpis
3378 4287 3549 4357 (347).

2034 4379 2101 4431 Ut
2127 4372 2400 4428 fraudem
2429 4371 2662 4434 doceat,
2694 4371 3036 4442 largissima
3068 4373 3234 4429 lucra
3265 4373 3583 4430 ministrat.

2031 4466 2160 4519 Haec
2190 4460 2397 4516 monui
2423 4475 2679 4532 semper,
2709 4461 2838 4516 haac
2863 4463 3031 4518 vobis
3059 4462 3185 4536 ipse
3217 4462 3556 4535 frequenter

2031 4550 2319 4624 Opposui,
2352 4549 2530 4607 nolite
2558 4565 2761 4607 moras
2788 4550 3006 4606 inferre
3036 4551 3334 4622 migranti.

2033 4645 2272 4711 Urgeor,
2305 4655 2341 4695 ο
2376 4638 2692 4710 defungar.
2723 4645 2800 4708 et,
2828 4655 2864 4695 o
2895 4639 3124 4709 fratres,
3147 4640 3410 4711 vigilate,

2030 4734 2144 4803 Pyr
2173 4729 2453 4798 Glegeton
2484 4729 2628 4800 (348)
2656 4729 2850 4785 calida
2877 4745 2952 4786 ne
2989 4746 3095 4786 vos
3131 4730 3453 4788 absorbeat
3493 4731 3680 4790 unda.

2103 4819 2238 4874 Haec
2267 4819 2367 4888 ait,
2409 4821 2463 4874 et
2491 4817 2656 4873 duras
2688 4819 3009 4875 constravit
3038 4819 3313 4877 membra
3334 4821 3537 4894 quieti.

2031 4909 2280 4983 Spiritus
2309 4922 2452 4976 ergo
2474 4907 2582 4962 viri
2611 4908 2850 4964 Michael
2874 4915 3116 4983 repente
3143 4910 3322 4982 beati,

2032 4996 2299 5052 Vimineo
2330 4995 2596 5052 condens
2627 5012 2844 5069 corpus
2872 4999 3111 5072 Kyriale
3135 5002 3279 5072 (359)
3310 5001 3570 5057 canistro

2035 5084 2318 5142 Exhausit
2343 5084 2491 5141 vitro
2520 5086 2759 5144 vitalem
2786 5087 2965 5159 digne
2992 5106 3263 5148 cruorem

2069 5319 2079 5329 ι
2107 5247 2252 5332 (ςξ49)
2279 5246 2466 5332 ld‘est
2485 5265 2736 5332 "corpus
2763 5251 2970 5332 Christi
2996 5252 3419 5332 _Uom‘in_i,_seu
3455 5251 3684 5332 Eucha-

2033 5320 2282 5375 ristiam.
2317 5320 2416 5375 Hic
2446 5320 2656 5378 alludit
2680 5328 2888 5379 auctor
2937 5324 3015 5380 ad
3044 5324 3192 5379 illud
3235 5323 3582 5382 Hieronvmi
3609 5324 3684 5382 de

2036 5390 2362 5463 Exsuperio
2390 5393 2656 5474 Tolosate
2709 5395 2996 5474 episcopo
3027 5395 3368 5474 innepistola
3393 5390 3471 5474 ad
3502 5397 3686 5452 Rusti-

2035 5466 2608 5544 cummonachum:
2655 5488 2680 5544 ᾳ
2743 5464 2891 5544 nihil
2919 5464 3018 5521 illo
3063 5464 3265 5544 ditius,
3322 5467 3426 5539 qui
3465 5483 3685 5544 corpus

2034 5537 2270 5664 Dormini
2316 5538 2574 5594 canistro
2615 5537 2898 5604 viminco,
2955 5537 3313 5608 sanguinem
3341 5537 3590 5613 _portat'
3622 5541 3686 5598 in

2034 5622 2092 5663 vi
2147 5623 2204 5664 o.
2237 5627 2268 5663 ›

2033 5622 2204 5666 νιῑῐο.
2237 5627 2268 5663 ›
