4116 6156
406 171 544 224 ίο15

1787 160 2073 219 JOANNlS
2109 157 2312 217 ΡΛΡΛΕ
2349 155 2438 212 XII

3687 161 3844 214 1016

401 287 582 346 brum
609 287 1020 344 tribulationes
1050 289 1156 343 aut
1179 285 1482 342 molestias
1509 285 1635 358 pati
1687 284 1903 355 injuste
1953 298 2054 338 no-
2087 282 2136 338 Α
2173 279 2312 335 dem
2335 278 2452 334 loci
2479 279 2766 349 regularis
2815 279 3054 336 abbatis
3112 279 3529 350 permissione.
3594 280 3652 336 Si
3703 279 3852 352 quis

401 376 688 444 verimus,
723 375 844 430 sive
874 374 1080 430 litteris
1111 374 1234 430 sive
1264 373 1380 429 alio
1403 373 1670 445 quolibet
1697 372 1878 428 modo
1902 387 2060 426 com-

402 467 689 540 patimur,
719 467 776 519 et
804 463 1009 519 dolore
1042 478 1386 534 gravamur,
1415 466 1471 517 et
1500 461 1721 534 quibus
1758 461 2060 534 possimus

406 569 530 610 una
549 553 872 610 vobiscum
895 551 1210 608 conatibus
1235 551 1473 606 illorum
1503 550 1734 606 insidiis
1754 555 1933 622 atque
1958 549 2065 605 ini-

405 642 738 716 quitatibus
769 641 1098 714 apostolica
1141 640 1488 696 auctoritate
1537 640 1871 695 obviamus.
1921 642 2064 695 Hor-

407 737 610 789 tamur
639 731 876 788 interim
905 729 1333 786 fraternitatem
1359 733 1612 786 vestram
1645 733 1711 784 ut
1730 733 1938 785 contra
1963 743 2065 784 eos

407 821 516 895 qui
537 825 921 877 contumaces
951 822 1007 874 et
1030 819 1234 891 inique
1262 818 1458 874 vivere
1487 817 1711 882 volunt,
1768 823 1826 874 et
1881 817 2066 874 eccle-

411 911 534 966 sias
567 907 800 966 Domini
844 907 1156 963 devastare
1215 909 1517 977 satagunt,
1571 907 1911 979 nostrisque
1956 907 2069 982 piis

410 997 726 1072 praceptis
783 1001 839 1052 et
893 995 1102 1052 vestris
1157 996 1398 1050 monitis
1456 995 1698 1052 obedire
1751 996 2068 1066 noluerint,

415 1087 583 1146 omni
611 1086 820 1142 virtute
849 1085 1120 1140 resistere
1147 1085 1458 1154 curemini,
1493 1089 1549 1141 et
1577 1085 1654 1140 ad
1686 1086 1854 1158 pacis
1893 1091 2072 1158 atque

415 1173 674 1232 veritatis
707 1177 763 1229 et
780 1173 1022 1244 justitia
1049 1173 1211 1229 viam
1242 1173 1578 1245 deducatis,
1635 1190 1710 1230 ne
1767 1179 2075 1231 crassante

417 1263 656 1320 illorum
684 1261 932 1330 malitia,
962 1277 1097 1318 reos
1131 1261 1297 1334 apud
1321 1263 1552 1332 justum
1598 1263 1867 1335 judicem
1921 1263 2078 1320 inve-

419 1352 702 1408 niamus:
738 1367 894 1423 quos
925 1366 1068 1406 vero
1095 1351 1152 1406 in
1210 1351 1386 1406 malis
1435 1351 1668 1408 actibus
1727 1369 2080 1425 permanere

421 1439 779 1512 cognoscitis
812 1445 868 1496 et
908 1441 1155 1496 minime
1199 1441 1419 1497 retlecti
1445 1441 1824 1512 jussionibus
1871 1443 2080 1499 vestris

422 1529 739 1600 voluerint,
773 1530 850 1586 ad
875 1531 1033 1586 hanc
1076 1534 1348 1585 nostram
1406 1531 1800 1602 apostolicam
1855 1532 2080 1602 sedem,

2171 385 2310 425 vero
2339 383 2449 442 pro
2477 368 2588 424 hac
2620 368 3008 440 adipiscenda
3030 368 3348 440 pecuniam
3395 367 3486 423 vel
3515 367 3852 440 quodlibet

2170 475 2393 514 munus
2425 457 2570 528 regi,
2599 463 2700 513 aut
2725 457 3232 530 cuilibetprineipi
3264 457 3512 528 dederit,
3545 458 3676 512 sive
3701 473 3852 530 pro-

2171 549 2414 618 miserit,
2449 535 2888 603 subinferenda
2931 547 3331 602 uialedictioni
3363 547 3734 617 subjacebit.
3773 548 3857 602 Sit

2173 638 2351 706 igitur
2376 637 2570 692 eidem
2605 637 2764 692 cella
2795 636 2984 693 abbas
3003 635 3339 692 secundum
3363 636 3642 706 regulam
3673 653 3852 691 sanc-

2176 727 2217 783 ti
2241 726 2536 782 Benedicti
2558 726 2930 793 constitutus,
2981 729 3039 781 et
3089 725 3372 780 monachi
3423 725 3694 793 regulari
3727 725 3858 780 dis-

2177 815 2430 871 trictioni
2465 814 2734 886 subjecti,
2767 831 2922 887 quos
2977 814 3052 869 de
3107 814 3288 868 rebus
3342 813 3620 884 ejusdem
3683 814 3856 869 cella

2179 904 2423 978 aliquod
2469 904 2852 977 dispendium
2909 904 3132 977 perpeti
3191 921 3328 959 cum
3381 905 3546 959 omni
3589 904 3858 976 imperio

2177 994 2590 1067 prohibemus.
2621 996 2732 1050 Res
2759 1009 2900 1048 vero
2949 992 3222 1064 ejusdem
3253 992 3514 1048 ecclesiae
3546 999 3692 1048 sunt
3741 994 3862 1047 Hu-

2181 1083 2464 1138 molarias
2512 1081 2673 1162 villa,
2709 1083 2769 1137 in
2799 1098 2925 1154 qua
2945 1083 3156 1139 eadem
3185 1081 3332 1138 cella
3357 1087 3710 1139 constructa
3745 1087 3860 1148 est,

2185 1189 2322 1228 cum
2378 1172 2796 1228 mansionibus
2857 1173 3087 1228 cunctis
3131 1172 3209 1228 ad
3269 1189 3333 1228 se
3359 1171 3862 1245 pertinentibus;

2183 1261 2589 1320 Merulﬁcurtis
2620 1279 2759 1319 cum
2803 1263 3130 1334 adiacentis
3179 1263 3344 1318 suis:
3409 1261 3866 1318 Eudoldicurtis

2187 1367 2326 1407 cum
2352 1351 2726 1424 appendiciis
2759 1351 2878 1406 suis
2915 1369 2928 1418 ;
2958 1350 3312 1406 Caviniacus
3340 1367 3480 1406 cum
3511 1349 3754 1405 mensis
3785 1349 3866 1404 ad

2189 1456 2254 1496 se
2283 1439 2719 1512 pertinentibus
2751 1458 2764 1506 ;
2821 1442 2882 1496 in
2909 1440 3046 1496 villa
3075 1456 3212 1512 qua
3261 1439 3476 1495 dicitur
3527 1439 3718 1495 Frisia
3773 1455 3864 1492 su-

2189 1545 2296 1602 per
2321 1529 2574 1586 ﬂuvium
2617 1531 2904 1586 Somnam
2929 1547 3010 1584 xu
3040 1529 3254 1596 mansi,
3303 1546 3457 1602 quos
3517 1545 3631 1602 pro
3691 1545 3868 1582 com-

426 1619 580 1674 sicut
599 1618 846 1691 antiqua
877 1618 1250 1675 consuetudo
1271 1619 1400 1686 fuit,
1435 1618 1686 1688 dirigite,
1716 1625 1772 1676 et
1803 1637 1941 1676 cum
2000 1621 2084 1676 eis
2119 1634 2163 1692 Β
2191 1618 2476 1674 moditate
2502 1617 2758 1690 piscium
2793 1618 2987 1674 eidem
3016 1617 3278 1673 ecclesia
3302 1617 3734 1690 perpetualiter
3753 1617 3868 1670 lia-

426 1711 657 1764 vestros
689 1707 964 1763 credulos
989 1706 1217 1772 fideles,
1251 1706 1354 1777 qui
1381 1706 1558 1762 nobis
1589 1707 1828 1764 illorum
1849 1725 2085 1776 causas,

430 1799 490 1852 et
517 1795 722 1850 omnia
749 1811 885 1865 qua
915 1793 976 1848 in
1009 1793 1328 1848 Galliarum
1351 1796 1529 1865 atque
1557 1796 1884 1851 Germania
1913 1796 2089 1868 parti-

431 1883 549 1938 bus
572 1886 831 1950 aguntur
854 1880 1105 1936 ﬁdeliter
1135 1886 1314 1953 atque
1343 1881 1748 1939 ordinabiliter
1772 1883 2040 1940 intimate
2073 1900 2086 1952 ;

434 1971 728 2047 quoniam
755 1971 870 2027 hoc
895 1971 1071 2026 nobis
1095 1971 1262 2027 cordi
1287 1977 1373 2028 est
1415 1977 1472 2028 et
1527 1989 1754 2044 magno
1812 1974 2091 2047 cupimus

435 2060 752 2127 desiderio,
781 2064 844 2116 ut
864 2060 1128 2116 ecclesiis
1157 2060 1442 2116 omnibus
1473 2065 1532 2118 et
1556 2067 1772 2119 cuncto
1815 2063 2090 2120 Christia-

435 2165 517 2208 no
542 2149 768 2223 populo
797 2165 918 2222 pax
948 2153 1007 2205 et
1036 2150 1232 2205 honor
1277 2149 1600 2223 unicuique
1643 2152 1922 2225 proprius
1967 2167 2094 2208 ma-

436 2241 597 2308 neat,
622 2243 678 2294 et
706 2237 1010 2293 malorum
1036 2238 1310 2294 omnium
1342 2238 1608 2308 vestigia,
1630 2239 1678 2296 si
1717 2256 1841 2314 qua
1892 2241 2095 2299 hacte-

437 2342 558 2385 nus
587 2327 846 2398 fuerant,
877 2325 1150 2384 funditus
1179 2331 1625 2384 removeantur.

1233 2435 1301 2492 ΙΙ.

474 2556 702 2598 JOANNIS
743 2556 898 2598 ΡΛΡΕ
935 2556 1017 2598 Ill
1055 2555 1418 2600 PRIVILEGIUI
1465 2558 1578 2600 PRO
1625 2559 1974 2601 MONASTERIO
2013 2562 2061 2600 Β.

940 2644 1134 2686 ΜΔΕ-18
1171 2645 1601 2688 ΗυΜΟΙιΛΒΙΕΝΒῙ.

1008 2809 1012 2812 .
1083 2752 1280 2824 (Anno
1309 2754 1460 2828 956.)

757 2857 993 2931 [MabilL
1020 2859 1198 2928 Acta,
1233 2861 1377 2918 Sac.
1408 2877 1470 2933 ii,
1497 2877 1560 2936 p.
1595 2864 1782 2938 £025.]

513 2989 756 3043 Joannes
786 2985 1106 3058 episcopus
1131 3002 1338 3043 servus
1385 3005 1696 3046 servorum
1749 2991 1871 3062 Dei,
1921 3008 2101 3048 vene.
2139 2984 2182 3045 C

441 3077 616 3134 rabili
645 3076 852 3133 abbati
885 3079 1138 3134 Bsnnsno
1169 3077 1363 3136 beata
1407 3080 1509 3136 Dei
1559 3081 1856 3150 genitricis
1909 3084 2102 3141 Maria

441 3167 686 3238 virginis
709 3165 1007 3234 Ecclesia,
1032 3171 1090 3223 et
1114 3182 1221 3240 per
1249 3183 1384 3225 eam
1411 3174 1640 3229 cuncta
1687 3173 2100 3244 congregatio-

442 3256 506 3314 ni
535 3256 597 3312 in
627 3260 1009 3328 perpetuum.

515 3344 572 3399 Si
592 3343 770 3414 justis
803 3341 1188 3415 petitionibus
1220 3346 1592 3418 praestabiles
1633 3348 1872 3422 piorum
1903 3366 2104 3407 assen-

444 3449 581 3489 sum
611 3431 976 3505 prabemus,
998 3433 1290 3490 voluntati
1311 3437 1546 3492 Domini
1571 3454 1682 3494 nos
1697 3439 1950 3496 militare
1976 3456 2104 3496 cre-

444 3520 666 3577 dimus.
700 3523 850 3590 Ergo
870 3525 1082 3576 notum
1109 3522 1181 3577 sit
1211 3523 1504 3578 universis
1534 3527 1841 3584 catholica
1897 3529 2105 3586 matris

446 3607 722 3664 Ecclesia
789 3606 924 3662 ﬁliis
991 3610 1114 3662 tam
1179 3611 1573 3681 praesentibus
1626 3629 1814 3685 quam
1869 3615 2102 3690 futuris,

447 3695 614 3770 quod
668 3695 828 3752 misit
855 3695 936 3752 ad
961 3711 1076 3752 nos
1107 3697 1265 3754 ﬁlius
1313 3703 1532 3768 noster,
1567 3700 1840 3772 gloriosa
1887 3705 2106 3764 indolis

447 3801 618 3860 puer,
646 3785 866 3842 scilicet
921 3786 1252 3856 Lotharius,
1290 3804 1395 3844 rex
1437 3792 1819 3866 Francorum,
1853 3796 2108 3868 paterni-

449 3879 632 3931 tatem
654 3879 925 3930 nostram
945 3875 1247 3932 humiliter
1276 3877 1620 3948 obsecrans,
1651 3885 1716 3938 ut
1772 3885 2107 3956 quamdam

450 3963 664 4020 cellam
709 3964 771 4020 in
810 3980 969 4036 pago
1018 3967 1487 4023 veromandensi
1536 3969 1734 4042 sitam,
1787 3972 1851 4028 in
1878 3974 2108 4034 honore

449 4053 640 4110 beata
673 4051 774 4108 Dei
826 4052 1122 4122 genitricis
1159 4054 1404 4125 virginis
1431 4057 1622 4113 Maria
1652 4062 1707 4115 et
1738 4065 1960 4117 sancta
1991 4063 2108 4116 Hu-

449 4141 750 4212 negundis
777 4141 1024 4212 virginis
1053 4148 1482 4215 constructam,
1537 4150 1906 4206 auctoritatis
1962 4167 2113 4224 pra-

455 4231 610 4287 sidio
642 4231 1018 4288 muniremus
1055 4249 1068 4287 :
1112 4249 1299 4305 quam
1353 4237 1810 4307 suggerentibus
1859 4239 2111 4310 genitori

2193 1705 2331 1762 bere
2361 1705 2551 1760 liceat.
2587 1708 2718 1760 Hac
2749 1706 2950 1778 itaque
2977 1711 3033 1762 et
3057 1705 3104 1760 si
3147 1722 3272 1778 qua
3326 1705 3440 1761 alia
3491 1705 3757 1761 ecclesia
3791 1704 3870 1759 ei-

2196 1795 2335 1851 dem
2365 1794 2618 1850 Domino
2665 1795 2995 1868 opitulante
3049 1795 3354 1867 acquirere
3407 1795 3518 1850 sibi
3569 1795 3867 1867 potuerit,

2199 1883 2528 1958 apostolica
2553 1884 2700 1940 fulta
2730 1884 3075 1940 auctoritate
3101 1884 3342 1940 licenter
3377 1889 3433 1939 et
3475 1885 3604 1939 sine
3655 1884 3870 1956 aliqua

2199 1973 2666 2032 contradictione
2697 1974 3047 2048 possidebit,
3081 1977 3189 2030 etc.
3227 1974 3520 2046 Scriptum
3567 1991 3680 2046 per
3739 1990 3870 2028 ma-

2201 2082 2348 2122 num
2381 2065 2612 2135 Leonis,
2645 2065 2796 2121 sacri
2823 2064 3021 2120 scrinii
3055 2068 3274 2120 sancta
3309 2065 3466 2120 sedis
3511 2063 3866 2136 apostolica

2201 2155 2260 2211 in
2293 2146 2499 2211 mense
2527 2157 2680 2220 Jan.,
2714 2169 2821 2226 per
2863 2169 3113 2208 manum
3165 2153 3394 2224 Georgii
3443 2153 3696 2208 secundi
3749 2152 3872 2225 epi-

2201 2244 2371 2317 scopi
2393 2247 2613 2299 sancta
2643 2242 2801 2297 sedis
2835 2241 3194 2314 apostolicae,
3223 2257 3384 2297 anno
3407 2241 3628 2314 primo,
3671 2241 3870 2295 Domi—

2203 2345 2284 2384 no
2311 2327 2588 2401 propitio,
2621 2327 3003 2399 pontiﬁcatus
3060 2326 3269 2382 domni
3325 2329 3571 2382 Joannis
3615 2329 3676 2382 S.
3717 2327 3782 2380 P.
3815 2331 3872 2380 et

2206 2416 2562 2474 universalis
2596 2431 2792 2490 papa.

2995 2525 3089 2580 Ill.

2244 2635 2397 2706 (352)
2425 2647 2648 2689 JOANNIS
2701 2648 2856 2688 mra
2895 2648 2967 2688 xu
3008 2647 3278 2687 EPISTOLA
3321 2647 3392 2686 AD
3429 2643 3830 2686 BERENGARIL‘!

2663 2735 2966 2778 EPISCOPUM
3007 2736 3401 2777 VIRDUNENSEM.

2849 2827 3045 2900 (Anno
3067 2828 3219 2899 956.)

2211 2937 2634 2994 MonasteﬁiS.
2665 2936 2864 2992 Vitom'
2888 2937 3208 3006 privilegia
3225 2940 3279 2991 et
3300 2935 3698 3005 possessiones
3733 2950 3872 2990 con-

2918 3027 3144 3094 ﬁrmat.

2209 3155 2408 3232 [Apud
2427 3159 2491 3214 D.
2517 3153 2763 3226 Calmet,
2777 3155 2933 3210 Hist.
2953 3153 3026 3210 de
3039 3154 3350 3220 Lorraine,
3365 3154 3697 3222 Preuvesp.
3723 3153 3878 3225 369.]

2279 3266 2520 3321 JOANNES
2550 3263 2889 3336 episcopus,
2921 3279 3130 3318 servus
3171 3277 3477 3318 servorum
3507 3261 3634 3330 Dei,
3671 3263 3876 3316 Benen-

2211 3369 2352 3410 GERO
2381 3352 2546 3408 fratri
2569 3356 2774 3408 nostro
2805 3352 3192 3407 Virdunensis
3236 3350 3506 3406 Ecclesia
3563 3351 3874 3423 episcopo,

2214 3459 2354 3499 cum
2411 3441 2696 3498 omnibus
2749 3441 2860 3498 sibi
2915 3457 2950 3496 τι
3004 3443 3122 3496 Deo
3174 3440 3534 3506 commissis,
3593 3437 3878 3496 brevium

2213 3537 2447 3590 aterna
2467 3531 2992 3588 remunerationis.

2287 3620 2576 3678 Convenit
2626 3619 2955 3692 apostolico
3011 3617 3408 3675 moderamini
3447 3617 3551 3690 pia
3588 3615 3878 3686 religione

2215 3708 2580 3784 pollentibus
2609 3707 2900 3764 benevola
2925 3708 3211 3764 charitate
3250 3707 3467 3772 favere,
3515 3711 3574 3763 et
3623 3720 3878 3779 poscen-

2215 3800 2366 3856 tium
2386 3798 2603 3856 animis
2635 3797 2818 3854 alacri
2843 3798 3159 3854 devotione
3215 3813 3532 3854 assensum
3579 3793 3876 3868 prabere.

2223 3893 2300 3946 Ex
2324 3890 2438 3945 hoc
2469 3888 2629 3945 enim
2654 3887 3035 3961 potissimum
3053 3887 3381 3960 ,pramium
3412 3885 3562 3941 lucri
3591 3901 3630 3940 a
3669 3881 3878 3940 condi-

2218 3982 2344 4034 tore
2369 3977 2642 4032 omnium
2695 3976 2947 4032 Domino
2979 3976 3106 4032 sine
3133 3975 3320 4032 dubio
3369 3973 3876 4047 promerebimur,

2219 4067 2268 4123 si
2295 4065 2660 4123 venerabilia
2681 4069 3024 4122 sanctorum
3047 4064 3180 4122 loca
3209 4068 3544 4136 opportune
3599 4062 3882 4118 ordinata

2219 4156 2298 4212 ad
2351 4155 2659 4212 meliorem
2716 4155 2933 4211 fuerint
2997 4159 3220 4210 statum
3273 4159 3478 4209 nostra
3527 4151 3880 4208 auctoritate

2217 4245 2529 4320 perducta.
2564 4245 2744 4316 Igitur
2769 4244 3058 4318 quoniam
3089 4249 3164 4314 te,
3199 4243 3379 4300 frater
3399 4241 3772 4306 charissima,
3797 4241 3882 4296 in-

456 4336 569 4376 suo
605 4320 928 4392 Ludovico,
965 4321 1236 4379 videlicet
1261 4324 1384 4395 regi
1411 4326 1624 4384 comite
1679 4328 2023 4398 Adalberto,
2057 4344 2096 4387 ei

2221 4341 2307 4394 ter
2333 4338 2547 4393 catera
2577 4339 2802 4392 sancta
2832 4334 3304 4392 conversationis
3331 4333 3610 4389 exercitia
3631 4345 3879 4402 compe-

454 4409 673 4467 idoneo
705 4411 846 4466 satis
876 4411 1004 4468 viro
1039 4413 1318 4483 Gilberto,
1350 4416 1454 4488 qui
1511 4418 1790 4475 eamdem
1841 4420 2111 4477 abbatio-

453 4499 576 4557 lam
603 4500 736 4572 jure
761 4499 1036 4558 beneﬁcii
1059 4503 1427 4575 possidebat,
1454 4506 1533 4562 ad
1569 4524 1752 4564 sacra
1808 4509 2112 4581 religionis

453 4589 858 4646 venerabilem
888 4591 1117 4650 cultum
1148 4593 1372 4665 erigere
1392 4600 1660 4666 conatur,
1701 4601 1879 4672 atque
1933 4601 2112 4670 regia

455 4679 767 4752 potestatis
795 4685 1096 4754 praecepto
1127 4684 1515 4741 corroborare
1539 4685 1762 4742 nititur.
1797 4688 1978 4760 Cujus
2008 4705 2114 4762 pe—

457 4768 647 4824 titioni
673 4770 1144 4840 congaudentes,
1171 4773 1548 4831 ecclesiastici
1599 4776 1815 4847 vigoris
1859 4795 2114 4836 manum

461 4857 779 4924 exerimus,
810 4865 867 4916 et
893 4877 968 4916 ex
996 4877 1067 4918 ea
1096 4879 1220 4936 qua
1239 4863 1521 4921 fulcimur
1547 4868 1877 4939 apostolica
1908 4873 2114 4926 aucto-

459 4944 631 5000 ritate
655 4948 1059 5019 praecipimus,
1102 4957 1168 5010 ut
1224 4955 1534 5026 praefatam
1595 4957 1900 5015 abbatiam
1933 4976 2115 5017 nemo

461 5049 736 5106 unquam
797 5037 1172 5097 saeularium
1223 5045 1546 5116 possideat,
1579 5063 1776 5122 neque
1824 5065 1896 5105 ex
1937 5049 2118 5106 rebus

463 5123 736 5197 ejusdem
764 5123 924 5181 cella
951 5127 1283 5200 quidquam
1317 5134 1428 5190 sibi
1455 5135 1672 5210 aliquis
1697 5143 1966 5212 usurpet,
1995 5155 2120 5196 non

461 5230 584 5285 rex,
619 5229 744 5270 non
773 5230 996 5282 comes,
1021 5232 1146 5274 non
1172 5219 1513 5294 episcopus,
1541 5241 1653 5281 nec
1683 5227 1934 5300 quilibet
1955 5229 2119 5302 prin-

464 5319 605 5375 ceps
661 5320 1028 5380 quacunque
1084 5311 1377 5380 potestate
1443 5312 1751 5383 praditus,
1812 5317 1926 5372 nisi
1972 5317 2121 5374 forte

463 5393 672 5449 tuendi
705 5410 775 5450 ac
795 5395 1159 5456 defendendi
1185 5414 1388 5468 causa,
1424 5403 1482 5456 et
1509 5401 1624 5457 hoc
1679 5405 1920 5463 nonnisi
1971 5407 2124 5478 ejus-

2218 4425 2407 4482 rimus
2437 4424 2600 4497 quod
2629 4424 3060 4481 monasterium
3093 4423 3154 4479 in
3211 4428 3312 4479 tuo
3365 4420 3672 4494 episcopio
3707 4420 3882 4490 juxta

2220 4514 2522 4572 civitatem
2539 4514 2801 4586 Virduni,
2833 4514 2894 4570 in
2917 4513 3169 4570 ecclesia
3197 4512 3469 4568 videlicet
3497 4509 3656 4566 beati
3709 4507 3878 4572 Petri,

2220 4620 2331 4678 pro
2357 4620 2562 4660 amore
2589 4603 2688 4660 Dei
2717 4602 3142 4672 construxisse,
3199 4601 3254 4658 in
3315 4617 3439 4672 qua
3495 4598 3886 4670 requiescunt

2221 4709 2474 4768 corpora
2501 4698 2849 4749 sanctorum
2907 4691 3340 4756 confessorum,
3397 4693 3575 4760 atque
3617 4685 3882 4758 prafata

2224 4783 2485 4840 ecclesia
2517 4785 2735 4838 sancta
2767 4782 2960 4838 Maria
3001 4781 3313 4852 quondam
3345 4778 3780 4850 episcoporum
3799 4773 3886 4828 Vi-

2223 4873 2369 4942 toni,
2401 4869 2756 4937 Pulchronii,
2787 4870 3153 4925 Possessoris
3185 4872 3362 4940 atque
3393 4865 3656 4932 Firmini,
3708 4869 3768 4920 et
3811 4861 3886 4917 de

2223 4961 2406 5018 rebus
2431 4965 2546 5015 tua
2577 4958 2838 5014 ecclesia
2870 4959 3127 5030 provida
3149 4953 3627 5013 consideratione
3683 4951 3886 5007 suble-

2226 5063 2419 5116 vasse,
2445 5051 2508 5104 ut
2538 5049 2589 5101 si
2617 5047 2864 5120 quando
2895 5045 2999 5101 ﬁlii
3027 5045 3296 5102 Ecclesia
3329 5049 3444 5100 tua
3465 5041 3674 5097 divino
3717 5056 3886 5096 com-

2227 5137 2434 5214 puucti
2473 5153 2677 5193 amore
2729 5141 2963 5192 terrena
3015 5133 3426 5207 despicientes,
3477 5131 3557 5188 ad
3613 5133 3890 5186 contem-

2229 5228 2462 5302 plativa
2492 5227 2629 5283 vita
2657 5225 3086 5299 perfectionem
3113 5222 3434 5293 confugere
3451 5220 3892 5286 desiderarent,

2229 5335 2306 5376 ne
2333 5333 2370 5373 a
2397 5321 2500 5373 tua
2529 5316 2786 5372 Ecclesia
2815 5315 3052 5388 penitus
3076 5311 3410 5370 disssociati
3425 5310 3800 5376 viderentur,
3833 5309 3892 5364 in

2232 5405 2616 5473 monasterio,
2633 5403 2798 5478 quod
2821 5401 3162 5459 membrum
3187 5405 3275 5457 est
3295 5398 3572 5470 ejusdem
3591 5397 3888 5464 Ecclesia,

538 5535 1038 5640 Sasiagaepfilla
1065 5544 1280 5611 Joanni
1308 5545 1425 5616 ΧΠῙ
1449 5561 1770 5640 perperam
1791 5564 1828 5604 ει
1849 5547 2155 5606 nonnullis
2183 5547 2459 5606 tribuitur
2487 5567 2503 5620 ς
2563 5563 2708 5608 nam
2761 5546 3154 5622 Berengarius
3194 5543 3515 5618 episcopus
3561 5540 3698 5613 jam
3729 5555 3894 5596 anno

466 5604 568 5662 963
607 5603 772 5665 obiit.
800 5611 988 5671 turn.
