4166 6162
297 149 428 202 1017

1538 136 1891 196 EPISTOLE
1934 129 2024 187 ET
2059 129 2478 196 PRIVILEGIA.

3595 145 3744 203 1018

297 265 487 326 solatii
511 261 818 334 refugium
850 265 964 322 sub
989 263 1197 320 habitu
1225 263 1526 336 religionis
1577 263 1687 319 sibi
1730 257 1963 318 inveni-
1989 258 2038 312 Α
2075 253 2326 318 dissimo
2374 267 2430 320 et
2477 264 2856 322 sanctissimo
2886 267 3239 326 LANDULPHO
3295 273 3513 327 sanctae
3563 270 3741 325 Bene-

296 364 444 426 rent,
476 359 533 411 et
562 354 820 411 Domino
850 354 1269 428 tranquillitate
1322 354 1524 426 quieta
1571 353 1716 408 inibi
1765 352 1964 407 famu-

296 451 488 506 lentur
516 463 528 501 :
563 444 800 500 noverit
829 445 1096 501 omnium
1128 443 1395 498 ﬁdelium
1418 449 1540 500 tam
1572 441 1961 516 praesentium

297 551 480 610 quam
512 533 859 589 futurorum
889 532 1200 600 industria,
1221 549 1332 589 nos
1348 533 1507 590 idem
1527 530 1961 588 monasterium

297 630 396 680 tua
424 621 807 678 ordinatione
839 625 1265 691 constructum,
1299 637 1435 677 cum
1467 620 1748 678 omnibus
1777 617 1962 673 rebus

295 709 720 782 regalibusque
752 711 1062 784 praeceptis
1094 716 1194 767 tuo
1225 711 1503 767 consultu
1555 710 1666 765 sibi
1716 706 1958 772 sanctis,

295 801 354 856 in
383 804 678 854 aeternum
709 798 859 854 velle
898 814 1250 871 permanere
1293 799 1752 865 inconvulsum;
1812 793 1962 850 scili-

296 895 383 945 cet
404 886 612 942 villam
637 903 824 959 supra
857 889 1176 956 Scantiam,
1209 905 1347 944 cum
1379 889 1501 944 suis
1555 883 1958 960 pertinentiis;

295 975 726 1048 Flaviniacum,
763 992 901 1031 cum
934 977 1056 1032 suis
1089 977 1422 1049 adjunctis;
1475 977 1784 1032 abbatiam
1823 989 1960 1029 san-

295 1067 365 1124 cti
392 1065 682 1135 Amantii,
735 1082 874 1121 cum
908 1066 1205 1139 quidquid
1240 1067 1317 1122 ad
1366 1083 1500 1122 eam
1555 1066 1824 1138 pertinet.
1870 1061 1959 1118 Ad

292 1153 656 1223 Nova-Villa,
691 1170 831 1210 cum
859 1155 980 1209 suis
1011 1154 1194 1223 locis;
1229 1155 1308 1211 ad
1350 1154 1659 1211 Mantionis
1708 1156 1957 1217 curtem,

292 1247 594 1317 quantum
625 1241 708 1299 ad
755 1259 866 1299 vos
915 1243 1249 1316 pertinent;
1284 1243 1616 1313 Parridum,
1667 1258 1804 1297 cum
1837 1239 1960 1294 suis

291 1331 647 1403 adjacentiis
675 1350 687 1400 ;
715 1331 790 1387 de
822 1332 1285 1389 Marculﬂ-Curte
1309 1332 1646 1403 ecclesiam,
1676 1347 1814 1386 cum
1837 1328 1959 1383 suis

291 1421 679 1493 adjacentiis;
729 1420 1174 1490 Arbordi-Villa,
1226 1438 1364 1477 cum
1395 1423 1517 1476 suis
1547 1419 1954 1494 pertinentiis;

291 1511 777 1569 Castouis-Curte
805 1511 1076 1579 ecclesia,
1109 1528 1247 1566 cum
1275 1511 1366 1566 his
1396 1527 1533 1583 quae
1562 1510 1636 1566 ad
1671 1526 1806 1565 eam
1831 1523 1960 1580 per-

289 1599 515 1667 tinent;
548 1599 801 1655 ecclesia
826 1597 901 1653 de
927 1599 1184 1670 Marleio,
1213 1615 1352 1654 cum
1401 1599 1524 1653 suis
1567 1596 1956 1669 adjacentiis;
1991 1616 2030 1668 Β

291 1688 545 1745 ecclesia
575 1688 650 1744 de
699 1687 1176 1758 Amonzei-Villa,
1225 1704 1364 1742 cum
1413 1688 1538 1742 suis
1585 1685 1957 1758 adjacentiis,

292 1794 427 1834 cum
460 1777 654 1845 terris,
685 1781 740 1832 et
772 1777 956 1832 vineis
984 1779 1040 1832 et
1069 1776 1450 1842 molendinis,
1496 1793 1634 1831 cum
1679 1775 1863 1831 servis
1903 1779 1960 1829 et

293 1866 563 1934 ancillis;
623 1865 870 1922 abbatia
917 1865 1085 1933 Petri,
1136 1870 1192 1920 et
1235 1865 1481 1920 ecclesia
1511 1865 1584 1920 de
1614 1867 1846 1930 Maroa;
1880 1862 1958 1918 ad

292 1957 605 2012 Limacum
630 1954 928 2028 quidquid
959 1954 1038 2010 ad
1072 1953 1236 2009 illum
1270 1953 1471 2010 locum
1499 1953 1826 2026 pertinent;
1880 1950 1960 2006 ad

291 2046 621 2104 Nova-Vila
641 2045 703 2100 in
733 2045 1008 2102 Barrensi
1046 2045 1350 2112 comitatu,
1383 2043 1678 2118 quidquid
1709 2041 1961 2116 pertinet

289 2135 366 2192 ad
394 2151 545 2192 eum
595 2134 820 2191 locum.
877 2137 1010 2190 Haec
1056 2134 1342 2206 praedicta
1389 2133 1522 2189 loca
1550 2133 1777 2200 omnia,
1819 2146 1959 2184 cum

288 2224 579 2280 omnibus
613 2223 738 2279 suis
770 2222 1122 2293 generaliter
1168 2225 1349 2295 atque
1398 2221 1728 2295 specialiter
1778 2219 1957 2291 perti-

285 2313 534 2384 nentiis,
565 2317 622 2370 et
649 2312 947 2386 quidquid
980 2315 1099 2368 Deo
1130 2311 1460 2384 opitulante
1499 2316 1640 2367 voto
1689 2308 1959 2364 ﬁdelium

285 2403 424 2459 huic
459 2401 831 2459 monasterio
858 2417 1216 2458 concessum
1246 2399 1437 2468 fuerit,
1488 2401 1548 2456 in
1588 2399 1788 2456 futuro
1818 2402 1962 2454 tem-

285 2507 430 2565 pore
472 2507 583 2564 per
631 2491 748 2546 hoc
801 2495 1077 2546 nostrum
1127 2489 1524 2561 apostolicum
1579 2486 1960 2560 privilegium

284 2581 633 2654 perenniter
657 2578 1130 2646 conﬁrmamus;
1165 2584 1286 2634 tam
1316 2579 1486 2634 vobis
1531 2593 1720 2649 quam
1752 2575 1961 2631 vestris

283 2668 768 2734 successoribus,
801 2671 859 2722 et
881 2667 1130 2738 insuper
1167 2667 1284 2721 hoc
1327 2675 1546 2722 nostrae
1597 2664 1962 2721 auctoritatis

283 2756 605 2830 privilegio
661 2770 794 2812 esse
859 2754 1338 2821 corroboratum,
1397 2760 1697 2827 quatenus
1750 2753 1962 2808 eadem

287 2845 683 2903 Virdunensis
722 2843 1009 2910 Ecclesia,
1061 2858 1198 2915 quae
1254 2847 1545 2898 hactenus
1596 2842 1673 2898 de
1703 2841 1838 2896 ﬁliis
1885 2839 1964 2895 ab

285 2935 436 3010 ipsis
460 2933 729 2994 infantiae
750 2931 1106 2988 rudimentis
1130 2931 1192 2986 in
1222 2931 1449 3000 gremio
1503 2947 1612 2987 suo
1656 2929 1961 3002 expositis,
1993 2959 2036 3016 ο

287 3026 439 3082 dum
474 3023 556 3080 ad
583 3027 830 3079 externa
859 3021 1225 3077 monasteria
1246 3021 1694 3090 confugiebant,
1727 3017 1966 3074 frauda-

285 3115 493 3181 batur,
523 3112 742 3168 adhinc
763 3116 820 3168 et
846 3110 1132 3182 deinceps
1155 3110 1218 3164 in
1235 3110 1508 3166 membro
1525 3109 1639 3164 sibi
1652 3107 1921 3178 subjecto
1947 3122 1962 3173 ;

287 3201 544 3260 consilio
587 3202 675 3256 sui
727 3199 1016 3273 episcopi,
1072 3204 1252 3270 atque
1299 3197 1679 3270 providentia
1723 3193 1966 3266 gloriosi

289 3289 532 3346 abbatis
556 3288 882 3355 Humberti,
915 3287 990 3343 de
1022 3303 1231 3342 eorum
1277 3291 1483 3342 sancta
1511 3285 1966 3342 conversatione

289 3378 624 3434 sublimata
646 3377 950 3448 glorietur.
987 3375 1044 3432 Si
1073 3391 1196 3447 qua
1222 3378 1423 3430 autem
1446 3374 1762 3430 temerario
1790 3389 1961 3438 ausu,

288 3482 522 3538 magna
576 3482 888 3540 parvaque
922 3479 1202 3538 persona,
1251 3466 1543 3536 cujusque
1584 3462 1813 3519 ordinis
1863 3467 1968 3517 aut

288 3557 628 3630 pmestatis,
665 3562 874 3612 contra
895 3556 1054 3610 hanc
1083 3558 1354 3609 nostram
1386 3553 1786 3626 apostolicam
1813 3567 1965 3622 pras-

289 3647 633 3718 ceptionem
667 3645 832 3701 adire
856 3642 1324 3716 praesumpserit,
1358 3643 1507 3698 sciat
1536 3658 1596 3697 se
1615 3640 1964 3696 auctoritate

290 3735 458 3790 beati
503 3733 652 3790 Petri
702 3732 1121 3805 apostolorum
1168 3731 1452 3802 principis
1483 3728 1967 3784 excommunica-

291 3827 643 3894 tum,atque
676 3818 1079 3876 anathematis
1127 3818 1359 3872 vinculo
1406 3834 1534 3872 esse
1584 3815 1962 3882 innodatum,

289 3918 349 3968 et
381 3928 420 3967 a
451 3928 638 3982 regno
674 3910 773 3965 Dei
815 3908 1099 3973 alienum,
1151 3923 1286 3960 cum
1337 3906 1741 3977 omnibusque
1768 3904 1966 3976 impiis

289 4006 521 4057 aeterno
568 3997 847 4054 incendio
893 4000 1075 4066 atque
1129 3994 1420 4065 supplicio
1472 3995 1962 4050 condemnatum.

289 4089 408 4156 Qui
439 4105 578 4143 vero
633 4087 982 4143 observator
1032 4083 1312 4139 exstiterit
1358 4085 1538 4154 hujus
1591 4083 1776 4138 nostri
1820 4099 1968 4154 prae-

288 4176 478 4248 cepti,
552 4176 805 4245 gratiam
881 4177 1061 4246 atque
1134 4173 1606 4230 misericordiam
1664 4175 1965 4245 vitamque

289 4269 587 4319 aeternam
617 4279 652 4318 a
682 4261 1244 4318 misericordissimo
1296 4263 1546 4333 Domino
1594 4265 1711 4318 Deo
1760 4266 1963 4318 nostro

291 4353 596 4425 consequi
621 4357 942 4418 mereatur,

371 4441 673 4514 Scriptum
695 4457 800 4514 per
816 4456 1035 4496 manus
1053 4441 1257 4495 Leonis
1283 4441 1548 4497 scrinarii
1567 4445 1789 4496 sanctae
1809 4439 1966 4494 sedis

290 4531 667 4603 apostolicae,
726 4531 786 4586 in
840 4545 1048 4586 mense
1100 4531 1381 4586 Januario
1425 4547 1532 4602 per
1580 4529 1967 4585 indictionem

291 4624 583 4694 quartam
610 4621 930 4677 decimam.
966 4623 1119 4675 Bene
1150 4619 1359 4675 valete.
1395 4623 1609 4675 Datum
1642 4638 1674 4674 v
1707 4621 1842 4675 Idus
1873 4621 1969 4674 Ja-

292 4712 499 4767 nuarii
522 4729 628 4783 per
643 4728 895 4767 manum
927 4709 1150 4766 Martini
1192 4710 1456 4784 episcopi
1479 4717 1534 4766 et
1555 4717 1776 4766 sanctae
1810 4712 1968 4768 sedis

293 4801 648 4874 apostolicae
670 4799 1126 4869 bibliothecarii,
1155 4815 1315 4856 anno
1331 4801 1717 4873 pontificatus
1739 4800 1969 4856 domini

293 4891 551 4947 Joannis
574 4889 795 4944 summi
823 4886 1124 4960 pontiﬁcis
1153 4893 1210 4943 et
1239 4890 1586 4946 universalis
1625 4889 1970 4946 duodecimi

295 4995 481 5053 papae
505 4980 564 5034 in
589 4977 995 5034 sacratissima
1017 4975 1155 5030 sede
1177 4976 1334 5032 beati
1361 4979 1504 5033 Petri
1525 4977 1776 5050 apostoli
1796 4977 1970 5048 septi-

297 5086 429 5136 mo,
461 5068 656 5140 primo
699 5069 761 5124 in
786 5081 1014 5135 mense,
1042 5069 1100 5120 et
1127 5065 1446 5120 indictione
1466 5074 1682 5138 quarta
1711 5067 1966 5122 decima.

1099 5157 1184 5210 ιν.

450 5264 680 5304 JOANNIS
718 5261 874 5303 PAPB
913 5261 990 5300 XII
1029 5259 1295 5300 EPISTOLA
1343 5260 1412 5298 AD
1462 5260 1826 5299 LANDULPHUM

739 5331 1172 5375 BENEVENTANUM
1217 5330 1519 5371 EPISCOPUM
1529 5356 1541 5368 .

959 5407 1153 5470 (Anno
1183 5405 1332 5471 956.)

522 5494 721 5567 [Apud
753 5492 1000 5564 Ughelli,
1032 5493 1216 5548 Italia
1237 5492 1451 5559 Sacra,
1487 5494 1619 5558 VIII,
1656 5492 1766 5562 57.]

379 5606 632 5666 Joannes
654 5601 974 5675 episcopus
997 5616 1206 5658 servus
1237 5615 1552 5656 servorum
1573 5597 1692 5669 Dei,
1719 5613 1964 5656 reveren
2003 5653 2018 5676 .

2072 352 2346 407 ventante
2375 353 2666 424 Ecclesiae,
2698 355 3272 431 episcopo,suisque
3293 359 3733 415 successoribus

2071 451 2132 491 1n
2162 446 2546 513 perpetuum.

2144 527 2290 584 Cum
2322 547 2575 586 summae
2605 536 2661 587 et
2685 529 3036 604 apostolicae
3066 532 3366 604 dignitatis
3389 551 3542 610 apex
3562 535 3620 590 in
3643 535 3728 591 di-

2071 615 2190 670 vini
2218 619 2518 690 profectns
2544 621 2732 677 nitore
2759 620 3156 690 dignoscatur
3184 626 3555 698 praefulgere,
3589 632 3644 681 et
3663 625 3726 682 in

2070 709 2417 764 exercendis
2471 710 2570 766 Dei
2617 710 2900 766 laudibus
2947 708 3070 764 suis
3119 712 3446 786 impensius
3493 715 3726 770 studeat

2068 793 2293 852 laboris
2349 799 2626 855 exhibere
2684 805 3009 866 certamen,
3063 799 3140 855 ob
3183 803 3296 857 hoc
3359 804 3560 860 debita
3612 819 3723 859 nos

2071 885 2341 956 ejusdem
2373 891 2713 960 apostolicae
2755 889 3072 963 pastoralis
3113 891 3400 963 compulit
3449 891 3725 948 sollicitu-

2070 973 2226 1030 dinis
2253 993 2411 1049 cura,
2446 995 2702 1052 quaeque
2734 979 2810 1035 ad
2851 978 3231 1035 stabilitatem
3283 981 3521 1051 piorum
3561 981 3722 1035 loco-

2069 1078 2203 1118 rum
2235 1066 2616 1138 promulgare
2664 1072 2721 1123 et
2775 1066 3115 1140 apostolicae
3164 1068 3542 1124 institutionis
3590 1083 3726 1123 cen-

2071 1168 2210 1208 sura
2253 1154 2634 1212 conﬁrmare.
2684 1156 2865 1225 Igitur
2909 1155 3054 1228 quia
3101 1156 3411 1227 postulasti
3461 1172 3499 1212 a
3549 1155 3727 1212 nobis

2069 1247 2386 1315 quatenus,
2435 1251 2639 1302 sancta
2682 1246 3223 1302 Beneventanensis
3275 1246 3550 1314 Ecclesia,
3605 1245 3723 1312 cui,

2070 1334 2190 1387 Deo
2223 1332 2474 1401 favente,
2498 1351 2710 1407 preces,
2731 1335 3052 1406 privilegiis
3086 1341 3303 1391 sanctae
3352 1335 3510 1391 sedis
3551 1351 3726 1407 apos-

2068 1420 2258 1477 toliczr.I
2285 1422 2685 1491 decoraretur,
2701 1429 2756 1480 et
2777 1425 3054 1497 antiquos
3079 1425 3358 1480 terminos
3371 1425 3563 1481 eidem
3588 1439 3726 1480 con-

2069 1525 2276 1565 cessos
2307 1511 2384 1566 ab
2412 1513 2889 1569 antecessoribus
2920 1514 3135 1568 nostris
3162 1513 3545 1584 pontiﬁcibus
3587 1528 3727 1568 con-

2068 1597 2470 1668 ﬁrmaremus,
2503 1601 2617 1672 piis
2650 1601 2764 1656 tuis
2815 1601 3120 1656 desideriis
3151 1602 3438 1664 faventes,
3476 1601 3589 1657 hac
3618 1616 3724 1656 no-

2070 1690 2190 1741 stra
2221 1688 2566 1742 auctoritate
2595 1688 2656 1743 id
2685 1689 2850 1760 quod
2883 1689 3220 1761 exposcitur
3272 1689 3503 1745 effectui
3554 1703 3727 1744 man-

2069 1775 2362 1847 cipamus.
2385 1777 2777 1833 Concedimus
2801 1777 2905 1832 tibi
2927 1781 3158 1849 tuaeque
3180 1783 3398 1833 sancta).
3431 1780 3724 1832 Beneven-

2069 1866 2302 1920 taneusi
2335 1865 2606 1921 Ecclesia:
2636 1881 3013 1938 quaecunque
3038 1866 3302 1937 legaliter
3331 1870 3387 1922 et
3408 1865 3730 1921 rationabi-

2067 1952 2199 2008 liter
2225 1954 2474 2025 antiquo
2499 1955 2632 2024 jure
2665 1959 2930 2026 tempore
2951 1957 3461 2027 praedecessorum
3483 1959 3727 2010 tuorum

2073 2042 2199 2098 visa
2229 2048 2284 2098 et
2307 2043 2642 2116 possidere,
2674 2043 2734 2097 id
2762 2048 2849 2099 est
2885 2043 3174 2110 Bivinum,
3226 2044 3533 2107 Asculum,
3581 2043 3729 2099 Lari-

2069 2147 2238 2199 num,
2267 2132 2580 2204 Sipontum
2603 2133 2985 2189 etecclesiam
3030 2135 3084 2190 S.
3130 2133 3423 2190 Michaelis
3470 2133 3727 2189 archan-

2070 2220 2183 2291 geli
2209 2220 2267 2276 in
2309 2225 2512 2276 monte
2545 2223 2838 2291 Gargano,
2873 2238 3014 2277 cum
3051 2221 3334 2278 omnibus
3355 2238 3562 2278 eorum
3589 2237 3727 2294 per-

2069 2309 2348 2373 tinentiis,
2398 2314 2456 2365 et
2485 2311 2692 2366 omnia
2750 2311 2976 2382 prtedia
3011 2328 3148 2368 cum
3175 2312 3455 2382 ecclesiis,
3484 2310 3726 2367 familiis

2070 2399 2379 2471 utriusque
2412 2415 2612 2467 sexus,
2637 2404 2693 2455 et
2712 2401 2951 2468 massis,
2967 2405 3301 2474 cunctaque
3321 2401 3602 2457 infratuae
3624 2416 3732 2473 pa-

2069 2489 2288 2544 rochias
2314 2487 2449 2543 loca
2477 2488 2716 2545 ditionis
2741 2489 3002 2562 antiquae
3030 2494 3148 2546 tuae
3190 2490 3460 2560 religioni
3490 2506 3729 2546 succes-

2071 2577 2426 2650 soribusque
2444 2577 2560 2632 tuis
2584 2578 2970 2636 concedimus
2986 2580 3378 2646 dominanda,
3399 2579 3732 2648 etlegaliter

2071 2670 2250 2738 atque
2272 2665 2561 2721 canonice
2584 2666 2968 2740 disponenda
2997 2684 3136 2724 cum
3157 2668 3439 2724 omnibus
3459 2668 3580 2722 suis
3600 2683 3732 2740 per-

2072 2754 2349 2820 tinentiis,
2377 2754 2500 2810 sive
2517 2755 2634 2810 sint
2657 2756 2936 2822 civitates,
2963 2772 3068 2811 seu
3089 2773 3465 2830 quaecunque
3486 2755 3732 2812 castella

2071 2856 2357 2914 possessa
2381 2840 2615 2897 dudum
2646 2842 2724 2896 ab
2764 2843 3237 2899 antecessoribus
3263 2844 3377 2899 tuis
3407 2844 3728 2916 episcopis.

2075 2933 2390 2986 Censentes
2406 2930 2703 3002 siquidem
2724 2931 2968 3004 insuper
2987 2932 3316 3004 apostolica
3331 2948 3588 2988 censura
3613 2931 3732 2987 sub

2073 3019 2259 3074 divini
2284 3019 2494 3089 judicii
2516 3019 2910 3076 obtestatione
2933 3026 2989 3077 et
3008 3021 3240 3089 validis,
3275 3025 3453 3094 atque
3475 3021 3729 3077 atrocio-

2073 3107 2238 3163 ribus
2267 3109 2666 3164 anathematis
2709 3109 3245 3180 interdictionibus,
3290 3115 3354 3166 ut
3383 3111 3585 3165 nullus
3623 3126 3733 3166 un-

2074 3212 2260 3268 quam
2293 3196 2545 3268 alicujus
2574 3197 2878 3266 dignitatis
2909 3203 3196 3271 potestate
3231 3198 3516 3272 praeditus
3542 3199 3731 3254 homo

2073 3289 2418 3357 praesumat,
2471 3287 2594 3341 sive
2647 3287 2721 3342 sit
2757 3287 2858 3342 illa
2909 3303 3151 3358 magna,
3208 3289 3330 3344 sive
3378 3303 3568 3361 parva
3601 3303 3734 3360 per-

2075 3388 2244 3438 sona,
2280 3377 2383 3428 aut
2411 3376 2668 3443 Graecus,
2700 3375 2760 3430 in
2788 3375 3071 3447 prtedicta
3114 3379 3215 3432 tua
3257 3377 3314 3431 S.
3376 3378 3735 3431 Beneventa-

2075 3461 2276 3516 nensis
2311 3462 2564 3517 Ecclesia
2594 3462 2862 3535 aliquam
2883 3463 3003 3518 vim
3032 3463 3246 3530 facere,
3273 3464 3368 3519 vel
3388 3464 3461 3520 de
3481 3463 3573 3519 his
3595 3480 3733 3537 quas

2075 3549 2128 3604 ei
2180 3551 2484 3622 pertinere.
2520 3550 2799 3606 videntur
2853 3553 3287 3624 quoquomodo
3324 3553 3578 3618 auferre,
3632 3558 3738 3610 aut

2076 3639 2354 3703 alienare,
2380 3638 2472 3693 vel
2498 3638 2549 3693 ei
2567 3638 2919 3695 imminuere
2941 3640 3243 3707 terminos,
3265 3641 3370 3696 sed
3393 3657 3502 3696 nec
3525 3657 3737 3714 quam-

2075 3729 2215 3784 libet
2245 3728 2559 3793 malitiam,
2588 3733 2691 3783 aut
2734 3730 2980 3799 jacturae
3028 3731 3365 3786 molestiam
3413 3731 3472 3785 in
3519 3731 3736 3790 eadem

2074 3818 2289 3874 inferre
2341 3833 2706 3890 quocunque
2751 3824 3038 3892 tempore,
3085 3836 3194 3876 nec
3242 3819 3482 3876 licentia
3529 3821 3621 3893 sit,
3675 3827 3740 3880 ut

2075 3907 2301 3962 dictum
2345 3912 2431 3962 est
2461 3923 2533 3962 ex
2562 3906 2666 3970 eis,
2700 3907 2796 3962 vel
2825 3908 3108 3963 omnibus
3155 3909 3351 3965 eidem
3399 3903 3740 3982 pertinenti-

2073 3995 2188 4051 bus
2216 3995 2498 4067 cuiquam
2526 4010 2762 4064 magnae
2808 4013 3130 4070 parvaeque
3160 4015 3432 4071 personae
3479 4000 3736 4070 auferre,

2076 4091 2141 4140 ut
2181 4085 2445 4156 proiecto
2469 4085 2642 4155 juxta
2667 4084 2727 4139 id
2775 4087 2938 4158 quod
2980 4103 3016 4142 a
3061 4087 3238 4143 nobis
3287 4093 3576 4145 statutum
3624 4095 3736 4162 est,

2077 4174 2289 4230 eadem
2341 4175 2743 4229 venerabilem
2799 4178 2853 4232 S.
2900 4179 3436 4234 Beneventanensis
3481 4179 3740 4236 Ecclesia

2079 4263 2416 4336 apostolicis
2447 4265 2795 4332 constitutis,
2830 4269 3008 4338 atque
3039 4267 3362 4338 privilegiis
3407 4269 3739 4325 consistens

2077 4357 2307 4420 ornata,
2339 4354 2694 4409 inconcusse
2723 4354 2930 4411 dotata
2958 4363 3326 4428 permaneat.
3363 4358 3420 4416 Si
3464 4359 3601 4431 quis
3630 4375 3738 4414 au-

2077 4447 2195 4498 tem
2229 4443 2412 4514 (quod
2441 4459 2560 4498 non
2583 4447 2886 4516 optamus)
2919 4446 3144 4502 nefario
3176 4463 3328 4502 ausu
3375 4449 3504 4503 haec
3534 4464 3669 4519 quae
3702 4463 3740 4504 a

2076 4532 2252 4588 nobis
2277 4533 2353 4588 ad
2371 4532 2611 4589 laudem
2645 4534 2740 4590 Dei
2763 4551 2872 4607 pro
2913 4536 3230 4592 stabilitate
3254 4537 3384 4606 jam
3415 4537 3585 4592 dictae
3631 4538 3737 4590 Ec-

2079 4621 2268 4675 clesim
2296 4623 2718 4677 Beneventanus
2751 4627 2968 4678 statuta
3013 4629 3152 4679 sunt
3187 4623 3508 4694 refragare,
3544 4626 3647 4678 aut
3675 4622 3737 4679 in

2077 4727 2387 4782 quoquam
2416 4711 2772 4780 transgredi,
2797 4712 2919 4767 sive
2950 4713 3185 4768 Graecus
3218 4714 3311 4778 sit,
3358 4729 3464 4768 seu
3480 4711 3736 4784 quicun-

2078 4815 2196 4870 que
2223 4798 2370 4854 alter
2398 4800 2582 4854 homo
2613 4799 2714 4871 qui
2742 4799 3214 4858 dominationem
3260 4806 3365 4857 aut
3409 4801 3737 4874 primatum

2079 4889 2298 4944 habere
2331 4888 2598 4955 voluerit,
2622 4905 2728 4961 per
2768 4907 2829 4943 sc
2852 4895 2955 4945 aut
2981 4908 3087 4963 per
3117 4891 3368 4947 alterum
3409 4890 3740 4964 quemlibet

2078 4978 2385 5032 hominem
2413 4978 2470 5032 iu
2495 4979 2755 5049 praefatis
2777 4980 3036 5036 ecclesiis
3059 4982 3182 5037 sine
3205 4982 3510 5038 voluntate
3542 4985 3597 5034 et
3611 4981 3736 5048 jus-

2079 5066 2244 5121 sione
2277 5066 2670 5122 Beneventani
2702 5068 2986 5141 episcopi,
3021 5077 3076 5127 et
3116 5072 3195 5128 illi
3220 5073 3324 5142 qui
3354 5087 3455 5125 eos
3486 5070 3736 5122 fortasse

2079 5155 2338 5226 recipere
2359 5157 2867 5228 praesumpserint,
2901 5175 3112 5216 omnes
3135 5159 3353 5230 pariter
3377 5155 3489 5209 sub
3519 5151 3735 5208 eodem

2079 5250 2283 5300 nostro
2331 5246 2657 5318 apostolico
2715 5251 2771 5302 et
2818 5247 3082 5303 districto
3134 5241 3438 5299 insolubili
3490 5241 3735 5295 anathe-

2079 5339 2238 5390 mate
2266 5341 2678 5406 permaneant,
2711 5339 2766 5390 et
2797 5337 2855 5390 in
2886 5334 3113 5388 nullam
3151 5329 3462 5384 ecclesiam
3513 5328 3734 5386 intrare

2080 5431 2466 5496 praesumant,
2509 5431 2612 5482 aut
2659 5422 2903 5494 aliquod
2947 5419 3210 5474 ofﬁcium
3267 5417 3734 5475 ecclesiasticum

2079 5513 2317 5569 faciant.
2350 5518 2421 5570 At
2467 5531 2604 5570 vero
2648 5509 2750 5583 qui
2790 5524 2898 5579 pro
2946 5507 3159 5564 intuitu
3197 5506 3548 5563 observator
3587 5509 3644 5562 et
3670 5505 3734 5561 in

2080 5604 2362 5660 omnibus
2373 5602 2654 5659 exstiterit
2669 5597 3013 5654 custodiens
3033 5597 3215 5668 hujus
3235 5597 3421 5654 nostri
3433 5594 3735 5654 constituti
