4114 6146
1765 101 2058 161 JOANNIS
2092 99 2302 158 PAPIE
2336 102 2426 157 ΧΠ
3689 99 3847 155 i020

398 113 537 170 1019

394 233 474 290 ad
503 231 730 289 cultum
761 231 861 288 Dei
890 229 1236 310 respiciens,
1264 227 1698 286 benedictionis
1729 225 1984 297 gratiam
2015 240 2053 280 a
2080 227 2128 282 Α
2161 224 2236 280 de
2259 225 2374 280 hac
2392 223 2534 280 vita.
2565 226 2726 280 Tunc
2741 221 3036 279 residente
3066 221 3281 278 eodem
3329 237 3572 278 summo
3627 221 3844 295 ponti-

393 320 953 379 misericordissimo
985 319 1236 375 Domino
1268 322 1386 375 Deo
1418 324 1624 375 nostro
1655 315 2055 389 multipliciter
2160 311 2270 368 ﬁce
2285 313 2359 368 εἰη
2400 313 2613 369 eodem
2639 310 2966 368 venerabili
2997 310 3362 367 monasterio
3412 327 3552 367 cum
3579 327 3850 367 venera-

395 415 819 483 consequatur,
851 413 908 466 et
934 408 1070 464 vitae
1099 412 1334 464 aeternae
1377 408 1677 480 particeps
1732 405 1884 461 cﬂici
1935 419 2058 459 me-

393 502 614 558 reatur.

469 588 768 662 Scriptum
795 603 904 662 per
931 603 1186 646 manum
1234 585 1444 642 Leonis
1485 583 1773 641 scriniarii
1803 584 1859 640 S.
1893 585 1958 639 R.
1993 584 2056 638 Ε.

396 677 459 734 in
479 693 690 735 mense
721 675 1031 734 Decembri
1061 675 1264 732 indict.
1297 692 1388 731 xv.
1418 675 1576 730 Bene
1605 673 1814 730 valete.

469 770 597 824 Dat.
624 783 770 824 xvui
800 765 932 822 Kal.
963 764 1226 821 Januarii
1251 779 1358 837 per
1399 779 1650 820 manum
1692 760 1895 820 Marini
1941 759 2062 833 epi-

400 856 587 930 scopi,
623 860 682 912 et
711 871 964 912 summae
1014 855 1170 910 sedis
1217 853 1555 928 apostolicae
1603 849 2056 931 bibliothecarii,

398 945 654 1002 Domino
683 944 941 1017 propitio
982 943 1366 1017 pontiﬁcatus
1395 941 1625 998 domini
1667 939 1856 997 nostri
1881 941 2060 996 Joan-

396 1033 492 1090 nis
521 1033 741 1089 summi
771 1033 1067 1106 pontiﬁcis
1097 1037 1156 1090 et
1183 1031 1539 1088 universalis
1561 1035 1650 1088 Xll
1676 1046 1853 1105 papae
1876 1031 1936 1085 in
1969 1045 2063 1086 sa-

398 1122 732 1179 cratissima
777 1123 916 1178 sede
945 1122 1106 1179 beati
1133 1123 1282 1178 Petri
1329 1121 1586 1195 apostoli
1636 1137 1717 1192 xx,
1767 1135 1974 1176 mense
2004 1122 2063 1176 et

397 1210 602 1268 indict.
636 1211 1046 1285 suprascripta
1074 1229 1151 1268 xv
1178 1213 1348 1283 (353).

1192 1317 1262 1370 νδ

431 1420 658 1462 ιοιιηαιε
693 1422 776 1462 XII
813 1421 1080 1462 EPISTULA
1120 1421 1192 1460 ΑΙ)
1233 1421 1509 1461 HENRICUM
1539 1419 2022 1462 ARCHIEPISCOPUM

1025 1493 1298 1533 TREVIREN
1305 1493 1429 1534 SEM.

745 1570 1188 1638 Fragmentum.
1231 1597 1300 1606 —
1335 1566 1532 1638 (Anno
1563 1567 1711 1634 957.)

820 1655 929 1711 Illi
940 1655 1126 1724 pallii
1151 1670 1319 1710 usum
1346 1654 1632 1710 concedit.

399 1761 594 1834 [Apud
614 1761 894 1817 Gunther.
919 1760 1065 1816 Cod.
1098 1759 1344 1828 diplom.
1367 1757 1816 1814 Πήρη-Μυκη.
1843 1761 1886 1829 l,
1915 1757 2063 1828 127.]

467 1849 711 1902 Joannes
757 1847 1095 1920 episcopus,
1127 1863 1335 1902 servus
1381 1862 1691 1903 servorum
1722 1846 1842 1915 Dei,
1896 1861 2061 1902 reve-

397 1934 739 1992 rentissimo
767 1939 826 1992 et
853 1935 1202 1992 charissimo
1225 1935 1391 1992 fratri
1408 1939 1652 1992 Eumene
1680 1937 2060 2006 sanctnTre-

396 2023 620 2080 virensi
644 2020 915 2080 Ecclesia
963 2024 1418 2098 archiepiscopo
1459 2024 1591 2080 vitae
1639 2027 1756 2080 tute
1804 2027 2062 2080 tantum-

397 2113 626 2171 modo.;
659 2116 874 2170 Datum
898 2113 1090 2188 pridie
1120 2115 1204 2170 Id.
1236 2114 1402 2171 Febr.
1435 2129 1543 2188 per
1589 2129 1842 2170 manum
1886 2115 2062 2168 Joan-

396 2204 492 2260 nis
539 2203 971 2262 bibliotheca-rii
1022 2207 1242 2262 sanctis
1295 2203 1452 2260 sedis
1503 2202 1845 2276 apostolicae
1897 2217 2060 2258 anno

398 2295 519 2350 Ded
571 2293 831 2366 prepitio
880 2293 1264 2366 pontiﬁcatus
1289 2293 1499 2350 domui
1541 2292 1787 2349 Joannis
1837 2289 2064 2348 summi

396 2381 695 2456 pontiﬁcis
719 2387 777 2439 et
808 2383 1154 2440 universalis
1183 2385 1272 2439 Xll
1311 2399 1509 2456 papae,
1541 2382 1608 2438 in
1653 2380 2060 2438 sacratissima

399 2473 540 2530 sede
567 2473 726 2530 beati
755 2472 904 2529 Petri
933 2473 1190 2546 apostoli
1221 2489 1370 2530 v.....
1411 2473 1640 2528 domno
1673 2471 2056 2544 piissimo"...

395 2566 665 2632 Augusto
739 2565 947 2620 Ottone
1003 2577 1040 2618 a
1091 2565 1210 2618 Deo
1283 2566 1588 2628 coronato,
1651 2575 1872 2630 magno
1949 2559 2060 2614 im-

397 2654 670 2722 peratore
695 2665 856 2706 anno
907 2651 1124 2724 primo,
1155 2650 1216 2706 in
1263 2665 1470 2706 mense
1519 2647 1858 2717 Februario,
1908 2645 2061 2703 indi-

399 2737 592 2796 ctione
620 2753 678 2796 v.

1179 2829 1270 2885 Vl.

885 2932 1059 2976 BRBVE
1097 2932 1556 2976 BECORDATIONIS.

397 3009 670 3077 Qualiter
717 3010 980 3066 Joannes
1027 3008 1152 3064 XII
1185 3023 1356 3078 papa
1401 3008 1814 3073 Sublacenses,
1839 3006 1944 3078 qui
1971 3019 2061 3062 re-

461 3081 756 3152 fractarii
796 3085 970 3152 erant
1019 3080 1226 3136 abbati
1263 3080 1611 3136 monasterii
1654 3078 2057 3152 Sablacensis,

465 3148 632 3224 eique
659 3152 854 3208 multa
881 3151 1033 3220 bona
1059 3157 1448 3224 occuparant,
1475 3151 1754 3220 repressit
1783 3155 1837 3206 et
1858 3148 2060 3206 omnia

465 3223 778 3280 restituere
797 3224 1007 3294 coegit,
1040 3238 1202 3280 anno
1229 3223 1353 3278 958.

602 3327 801 3402 [Apud
829 3327 1125 3399 Muratori,
1154 3329 1360 3400 Antiq.
1391 3327 1536 3384 Ital.
1580 3315 1670 3397 vi,
1701 3325 1852 3398 203.]

464 3438 638 3492 Anno
670 3437 950 3506 (fortasse
977 3435 1173 3506 tertio)
1193 3435 1404 3491 domui
1431 3433 1678 3491 Joannis
1719 3449 1895 3506 papae
1943 3436 2056 3506 XII,

393 3538 603 3580 mense
651 3523 822 3595 Maio,-
873 3523 1078 3580 indict.
1137 3523 1355 3596 prima.
1383 3523 1536 3588 Quia
1561 3539 1734 3578 mens
1782 3524 2056 3578 humana

395 3626 632 3685 semper
657 3611 722 3668 in
747 3610 1060 3668 laboribus
1087 3627 1220 3668 esse
1275 3611 1664 3682 dignoscitur,
1713 3615 1772 3666 et
1817 3611 2056 3667 animus

392 3699 668 3773 uniuscuj
678 3715 868 3773 usque
895 3715 1008 3774 pro
1033 3691 1460 3758 diversis‘curis
1503 3715 1611 3756 seu
1653 3699 2058 3756 sollicitudini-

389 3787 512 3847 bus
538 3789 658 3846 huc
687 3792 866 3862 atque
895 3788 1034 3846 illuc
1063 3789 1346 3862 vagando
1395 3787 1693 3858 discurrit,
1742 3803 1854 3846 nec
1900 3788 2058 3846 valet

392 3877 598 3936 omnia
617 3878 916 3952 explicare
938 3891 1234 3946 sermone,
1256 3893 1368 3934 nec
1390 3879 1590 3936 futura
1611 3881 1810 3936 tenere
1831 3895 2059 3935 memo—

389 3967 517 4026 ria:
547 3967 770 4026 idcirco
819 3967 922 4024 Dei
959 3973 1112 4024 nutu
1159 3966 1642 4041 prudentissimis
1698 3967 1842 4023 viris
1885 3967 2055 4038 inge-

390 4057 562 4114 nium
589 4056 918 4114 litterarum
941 4061 1245 4130 repertum
1267 4059 1377 4128 est,
1409 4060 1474 4114 ut
1501 4056 1669 4130 quod
1698 4061 1895 4113 mente
1916 4057 2053 4114 reti-

390 4160 533 4204 nere
573 4145 916 4219 nequimus,
966 4145 1172 4202 litteris
1219 4160 1556 4202 exaremus.
1595 4147 1912 4218 Propterea
1940 4162 2054 4217 ego

392 4237 508 4292 Leo
535 4233 727 4292 abbas
775 4233 965 4292 sancti
1005 4233 1305 4291 Benedicti
1351 4233 1751 4303 Sublacensis,
1799 4233 2054 4307 qualiter

391 4323 656 4381 domnus
681 4335 846 4397 papa
863 4325 927 4380 in
945 4328 1151 4380 nostro
1170 4323 1536 4381 monasterio
1556 4339 1740 4381 causa
1769 4322 2052 4380 orationis

389 4412 669 4484 venisset,
708 4413 1168 4470 reclamavimus
1195 4429 1375 4486 super
1399 4412 1684 4469 omnibus
1732 4412 1795 4470 in
1842 4429 2052 4486 supra-

390 4503 550 4561 dicto
591 4502 850 4561 Sublaco
890 4503 1158 4571 castello,
1185 4506 1242 4558 et
1269 4502 1332 4558 in
1361 4502 1580 4559 nostris
1604 4501 1734 4560 aliis
1779 4503 2052 4576 partibus

390 4592 906 4650 oommorantibus
921 4592 997 4649 de
1022 4591 1225 4648 multis
1239 4591 1754 4665 persecutionibus
1773 4607 1878 4647 seu
1907 4590 2054 4648 aﬂli-

393 4681 688 4738 ctionibus
711 4697 868 4755 quas
893 4681 956 4737 in
985 4684 1190 4737 nostro
1209 4674 1581 4736 monasterio
1611 4679 1856 4736 assidue
1891 4695 2053 4736 com-

391 4769 722 4828 mittebant.
742 4771 906 4828 Unde
918 4775 1162 4844 repente
1172 4769 1434 4826 domnus
1447 4784 1610 4843 papa
1623 4769 1838 4842 pietate
1850 4774 2052 4825 motus

393 4871 464 4914 ac
493 4857 900 4917 misericordia
925 4859 1001 4916 de
1029 4858 1245 4916 eodem
1293 4857 1622 4916 venerabili
1667 4857 1820 4926 loco,
1873 4863 1929 4914 et
1975 4856 2051 4914 de

391 4949 608 5003 cuncta
620 4950 826 5002 nostra
843 4947 1107 5004 fraterna
1125 4948 1588 5020 congregatione
1601 4947 1918 5004 condolere
1937 4963 2052 5004 cce-

388 5035 478 5110 pit
493 5033 690 5110 deque
713 5035 891 5092 tantis
909 5036 1140 5106 injuriis
1155 5053 1310 5110 quas
1332 5036 1496 5110 passi
1517 5052 1726 5092 sumus
1755 5053 1792 5092 a
1813 5037 2044 5094 diebus.

388 5125 452 5182 in
480 5125 702 5200 quibus
729 5125 906 5185 bonae
935 5125 1243 5183 memoriae
1283 5126 1544 5184 domnus
1571 5125 1879 5184 Albericus
1905 5127 2052 5184 obiit

460 5289 611 5360 (353)
640 5286 810 5361 quod
837 5287 901 5361 in
928 5287 1044 5344 hoc
1076 5286 1406 5361 diplomate
1455 5287 1547 5343 bis
1595 5288 1843 5361 repetita
1887 5287 2048 5361 inve-

389 5352 631 5428 niantur
655 5352 756 5416 illa
783 5359 986 5428 verba,
1037 5352 1162 5416 sive
1215 5359 1454 5415 Graecus
1497 5361 1592 5426 sit,
1640 5352 1711 5414 ἑο
1772 5365 1860 5415 est
1907 5359 2050 5415 refe-

389 5425 664 5504 rendum;
689 5431 834 5502 quia
862 5425 1012 5504 tunc,
1030 5431 1316 5504 temporis
1350 5425 1764 5504 Beneventana
1784 5431 2047 5504 provin-

390 5499 482 5556 cia
502 5499 762 5556 assiduis
792 5499 1176 5573 premebatur
1195 5505 1538 5558 Graecorum
1577 5499 2042 5573 incursionibus,

389 5586 650 5645 cumque
679 5585 743 5630 se
768 5571 813 5631 ei
835 5573 964 5632 solo
1003 5573 1348 5646 patriarcha
1387 5571 2045 5644 Constantinopolitano

2160 401 2382 458 bilibus
2411 401 2727 475 episcopis,
2757 400 3032 456 videlicet
3057 401 3310 458 Marinus
3360 399 3850 456 Polimartiensis

2163 491 2456 560 Ecclesiae,
2485 495 2542 548 et
2581 490 3072 548 bibliothecarius
3101 493 3322 548 sanctae
3347 490 3505 546 sedis
3543 489 3852 564 apostoli-

2165 599 2270 650 cae,
2322 580 2744 638 Constantinus
2791 579 3112 654 episcopus
3160 579 3528 648 Portuensis,
3571 581 3857 635 Joannes

2163 670 2406 727 humilis
2444 670 2767 744 episcopus
2799 673 3022 727 sanctae
3052 668 3372 725 Tiburtinae
3399 668 3704 732 Ecclesim,
3738 685 3856 724 seu

2165 763 2573 816 Romanorum
2646 758 2958 830 judicibus
3025 757 3310 828 Georgius
3375 756 3848 814 secundicerius

2166 853 2386 906 sanctae
2441 851 2727 904 Romana:
2783 846 3076 914 Ecclesiae,
3138 849 3251 902 Leo
3309 846 3852 920 protoscriniarius

2166 943 2386 996 sanctae
2417 937 2574 994 sedis
2603 937 2945 1011 apostolicae
2966 940 3023 992 et
3049 935 3148 992 alii
3184 935 3445 1010 plurimi.
3481 939 3550 993 Et
3573 936 3666 992 sic
3698 952 3851 1008 prae-

2166 1027 2320 1100 cepit
2350 1031 2414 1082 ut
2440 1042 2652 1082 omnes
2682 1025 3006 1083 adversarii
3035 1029 3172 1082 ante
3222 1041 3394 1082 suam
3448 1025 3850 1098 praesentiam

2164 1116 2451 1174 venirent.
2478 1115 2586 1180 Qui
2615 1116 2764 1172 dum
2795 1117 2930 1171 ante
2957 1117 3255 1170 domnum
3295 1129 3526 1186 papam
3560 1128 3696 1170 una
3743 1129 3854 1170 no-

2164 1207 2400 1263 biscum
2429 1205 2720 1276 venirent,
2765 1203 3001 1260 coerciti
3051 1208 3192 1260 sunt
3231 1203 3528 1272 nimium;
3589 1209 3654 1260 et
3709 1203 3854 1261 fecit

2165 1300 2230 1352 ut
2263 1295 2468 1352 omnia
2498 1295 2662 1351 bona
2685 1297 2742 1350 et
2769 1293 2993 1350 casalia
3022 1297 3080 1350 et
3105 1292 3387 1360 fundora,
3417 1308 3556 1364 quae
3584 1291 3680 1348 ibi
3730 1293 3854 1349 sin-

2167 1385 2415 1456 gulatim
2440 1389 2874 1455 memorantur,
2919 1383 3284 1440 monasterio
3307 1381 3733 1438 redderentur.
3783 1385 3852 1438 Et

2166 1475 2447 1548 praecepit
2475 1473 2680 1530 abbati
2729 1477 2795 1530 ut
2837 1473 2911 1528 de
2957 1473 3072 1528 hoc
3122 1470 3362 1542 negotio
3405 1469 3590 1526 breve
3642 1487 3850 1526 recor-

2099 1587 2140 1640 B
2167 1563 2424 1619 dationis
2456 1562 2704 1632 faciens,
2737 1578 2774 1618 a
2805 1559 3166 1635 supradictis
3196 1558 3334 1616 viris
3364 1563 3424 1614 et
3450 1557 3582 1615 aliis
3641 1557 3852 1628 dignis

2166 1651 2308 1707 viris
2339 1651 2713 1707 subscribere
2740 1649 2816 1706 ad
2862 1649 2948 1706 rei
2999 1647 3432 1721 sempiternam
3476 1647 3846 1702 memoriam

2168 1741 2405 1797 faceret.

2932 1828 3044 1882 VII.

2308 1933 2480 1972 BULLA
2511 1932 2741 1972 JOANNIS
2771 1931 2928 1970 PAPB
2953 1930 3035 1970 ΧΠ
3065 1930 3137 1970 AD
3167 1929 3382 1970 LEONEII
3406 1928 3686 1968 ΛΒΒΔΪΕΙ.

2810 2005 3008 2073 (Anno
3043 2004 3194 2076 938.)

2217 2093 2597 2150 Sublacensz‘s
2624 2093 2975 2149 monasterii
2999 2092 3152 2148 bona
3177 2096 3231 2148 et
3249 2093 3404 2162 jura
3431 2091 3786 2160 conﬁrmat.

2380 2183 2578 2256 [Apud
2605 2182 2904 2254 Muratori,
2933 2181 3142 2252 Antiq.
3183 2182 3327 2238 Ital.
3369 2182 3432 2248 V,
3463 2179 3620 2252 46η.

2235 2275 2480 2330 Joannes
2521 2272 2866 2346 episcopus,
2914 2287 3118 2326 servus
3170 2285 3481 2327 servorum
3511 2269 3638 2336 Dei,
3673 2270 3852 2325 LEGEI

2165 2361 2490 2418 venerabili
2540 2361 2895 2435 presbytero
2943 2375 3014 2416 ac
3057 2359 3360 2415 monacho
3409 2361 3589 2431 atque
3632 2357 3851 2414 abbati

2166 2449 2524 2506 venerabilis
2555 2448 2904 2504 monasterii
2933 2447 3124 2504 sancti
3172 2446 3473 2503 Benedicti
3517 2450 3576 2502 et
3617 2451 3843 2503 sanctae

2167 2538 2566 2608 Scholasticis,
2590 2537 2761 2611 quod
2787 2537 3030 2610 ponitur
3067 2537 3127 2592 in
3183 2535 3461 2604 Sublaco,
3513 2539 3838 2606 sancteque

2167 2645 2292 2684 suae
2349 2627 2822 2699 congregationi,
2883 2625 3455 2698 successoribusque
3508 2625 3716 2681 vestris
3769 2623 3836 2678 in

2165 2721 2544 2791 perpetuum.
3769 2793 3776 2798 ι

2239 2808 2386 2862 Cum
2415 2803 2532 2878 piae
2562 2801 2927 2858 desiderium
2952 2800 3276 2859 voluntatis
3306 2805 3365 2857 et
3389 2799 3718 2857 laudandae
3743 2799 3848 2856 de.

2163 2894 2422 2951 votionis
2476 2893 2724 2950 intentio
2781 2891 3123 2966 apostolicis
3171 2890 3288 2946 sint
3327 2907 3567 2964 semper
3622 2891 3702 2946 de
3749 2889 3848 2946 his

2166 2983 2550 3055 adjuvandis,
2607 2998 2868 3056 quorum
2919 2983 3012 3037 est
3065 2978 3401 3036 sollicitudo
3453 2979 3841 3052 adjuvanda,

2165 3077 2354 3141 utea,
2385 3088 2520 3145 quae
2546 3070 2813 3142 legaliter
2860 3075 3168 3141 geruntur,
3219 3069 3495 3142 aequitate
3543 3072 3602 3125 et
3655 3069 3849 3125 ﬁrmi-

2168 3167 2286 3219 tate
2315 3161 2668 3229 consistant,
2700 3165 2758 3216 et
2783 3159 2950 3216 nulla
2985 3158 3225 3216 valeant
3269 3158 3676 3228 refragatione
3705 3174 3843 3232 per-

2168 3251 2415 3324 turbari,
2467 3252 2578 3307 sed
2628 3247 3021 3320 irrefragabili
3068 3249 3202 3321 jure
3259 3253 3438 3322 atque
3479 3249 3839 3306 auctoritate

2166 3341 2428 3398 debeant
2452 3355 2838 3414 permanere;
2865 3337 2944 3395 ob
2968 3339 3084 3394 hoc
3114 3337 3462 3410 apostolicis
3483 3337 3844 3411 promulga-

2166 3429 2240 3486 tis
2271 3427 2686 3485 sanctionibus
2740 3426 2987 3500 propria
3037 3425 3383 3498 unicuique,
3433 3441 3572 3498 qua:
3621 3426 3844 3482 rationi

2167 3523 2512 3591 suppetunt,
2571 3517 2662 3574 fas
2709 3515 2890 3587 exigit
2934 3514 3304 3589 possidenda
3352 3514 3723 3571 conﬁrmari.
3770 3517 3839 3572 Et

2165 3605 2320 3675 ideo,
2352 3605 2646 3679 quoniam
2679 3607 2912 3662 constat
2965 3603 3342 3661 sanctitatem
3394 3605 3660 3660 vestram
3699 3602 3839 3676 plu-

2164 3695 2318 3752 rima
2347 3699 2694 3752 sanctorum
2715 3693 2851 3750 loca
2880 3692 3231 3766 acquisisse,
3263 3695 3320 3748 et
3351 3696 3572 3749 cuncta
3615 3691 3682 3748 in
3723 3691 3839 3749 ho-

2163 3801 2310 3842 nore
2335 3790 2393 3842 et
2419 3784 2688 3856 utilitate,
2719 3783 3023 3856 vestrique
3070 3779 3432 3840 venerabilis
3482 3781 3839 3838 monasterii

2157 3875 2292 3948 jure
2336 3879 2394 3932 et
2435 3875 2659 3931 ditione
2711 3871 3026 3947 pertinere,
3055 3875 3114 3928 et
3157 3871 3431 3929 diversos
3477 3885 3663 3942 agros
3715 3887 3840 3928 una

2163 3980 2304 4021 cum
2333 3963 2586 4021 castellis
2605 3967 2663 4019 et
2681 3961 3188 4036 possessionibus,
3214 3964 3272 4017 et
3292 3959 3666 4018 famulorum
3687 3960 3839 4018 mul-

2161 4053 2434 4122 titudine,
2464 4051 2754 4109 videmini
2779 4050 3034 4120 habere;
3062 4066 3200 4124 quae
3228 4050 3436 4108 omnia
3461 4049 3576 4106 sub
3601 4054 3722 4106 tuae
3747 4067 3838 4107 re-

2159 4143 2438 4200 verentiae
2467 4141 2712 4212 ditione,
2762 4145 3104 4214 sanctasque
3151 4144 3270 4196 tuae
3313 4139 3832 4212 congregationis,

2162 4246 2698 4304 successorumque
2744 4232 3083 4286 vestrorum
3111 4243 3425 4285 servorum
3453 4227 3718 4301 Domini,
3763 4228 3829 4284 in

2087 4293 2130 4348 Β
2160 4326 2520 4396 perpetuum
2558 4293 2772 4377 eadem
2814 4318 2948 4376 loca
2990 4317 3356 4374 venerabilia
3400 4321 3459 4375 et
3496 4293 3838 4390 agros-seu

2161 4426 2398 4468 massas
2426 4415 2484 4468 et
2512 4407 2945 4483 possessiones,
2967 4423 3108 4464 cum
3126 4406 3410 4466 omnibus
3431 4407 3829 4479 originalibus

2159 4499 2402 4556 famulis
2429 4498 2656 4555 ibidem
2684 4495 3092 4568 manentibus,
3125 4511 3266 4552 cum
3293 4494 3522 4553 colonis
3579 4498 3637 4552 et
3678 4493 3833 4552 colo-

2159 4589 2377 4658 nabus,
2409 4587 2506 4645 vel
2535 4586 2829 4644 universis
2841 4585 2989 4642 inibi
3010 4583 3830 4658 pertinentibus,apostolicae

2161 4679 2318 4736 sedis
2329 4678 2652 4752 privilegiis
2664 4676 2988 4750 poposcitis
3001 4674 3346 4732 conﬁrmari
3360 4674 3707 4732 detinenda.
3717 4674 3834 4732 Sci-

2158 4767 2294 4826 licet
2313 4767 2621 4824 castellum
2643 4767 2706 4822 in
2733 4766 3056 4838 integrum,
3079 4765 3248 4838 quod
3267 4769 3515 4821 vocatur
3540 4763 3833 4835 Sublaco,

2161 4857 2282 4914 sive
2310 4857 2532 4931 quibus
2561 4856 2692 4912 aliis
2731 4855 3042 4912 vocabulis
3071 4858 3478 4928 nuncupatur,
3531 4869 3660 4911 una
3688 4870 3832 4911 cum

2159 4947 2440 5004 omnibus
2464 4943 3430 5017 tinibus,terminis,limitibusque
3459 4943 3608 5016 suis,
3631 4944 3832 5014 terris,

2159 5035 2338 5101 casis,
2365 5034 2572 5103 vineis,
2605 5033 2856 5108 campis,
2887 5032 3097 5108 pratis,
3145 5033 3408 5106 pascuis,
3450 5031 3635 5101 silvis,
3683 5031 3834 5090 salt.L

2160 5126 2288 5198 etis,
2307 5124 2626 5182 arboribus
2637 5123 2968 5202 pomiferis,
2992 5123 3306 5180 fructiferis
3325 5121 3546 5179 diversi
3566 5124 3829 5193 generis,

2160 5287 2543 5358 anathemate
2567 5283 2724 5358 feriri
2751 5299 2928 5358 posse
2948 5284 3264 5357 jactarent,
3297 5287 3354 5340 et
3381 5283 3696 5358 Romanus
3749 5289 3834 5358 ta-

2161 5375 2300 5415 men
2351 5357 2612 5432 pontifex
2639 5353 3177 5432 obfeaquuam
3221 5369 3467 5432 semper
3502 5353 3722 5412 habuit
3769 5357 3828 5412 in

2158 5435 2282 5487 toto
2331 5429 2473 5485 orbe
2519 5429 2872 5496 Christiano,
2925 5429 3232 5484 summam
3283 5431 3641 5499 potestatem
3689 5443 3824 5483 cum

2159 5501 2259 5558 illa
2285 5500 2626 5556 extensione
2657 5501 2834 5558 etiam
2875 5499 2956 5557 ad
3001 5503 3238 5557 Graecos
3271 5512 3383 5556 sua
3429 5500 3823 5555 anathemata

2159 5571 2607 5646 promulgabat.
