4114 6146
288 198 416 251 192i
464 183 475 189 ‘

1534 191 1887 249 EPISTOLE
1924 188 2010 247 HF
2040 188 2455 247 PRIVILEGIA.

3566 198 3712 258 1θῆ

282 319 498 392 puteis,
531 318 817 389 fontibus,
844 318 985 374 rivis
1035 328 1190 391 aque
1236 318 1518 391 perennis
1556 316 1791 374 aediﬁcii
1828 330 1938 388 pa—
1980 314 2031 370 Αε
2055 311 2396 380 Bulturella,
2431 318 2488 372 et
2515 321 2671 373 recte
2710 334 2818 391 per
2845 322 3054 377 sancta
3082 321 3263 377 Maria
3309 319 3711 382 descendente

282 408 528 471 rietinis.
553 408 812 479 attiguis,
846 407 1166 479 adjunctis,
1206 408 1748 481 adjacentibusque
1796 405 1940 475 suis,

188 560 204 567 ο
284 498 509 555 cultum
538 502 592 554 et
622 498 934 562 incultum,
970 514 1230 554 vacuum
1256 502 1313 555 et
1340 498 1609 570 plenum,
1650 513 1774 554 una
1804 510 1942 552 cum

284 587 510 644 colonis
538 592 596 644 et
623 588 953 644 colonabus
982 588 1296 660 utriusque
1326 604 1503 645 sexus
1538 587 1621 644 illi
1642 586 1941 660 pertinen-

283 676 465 747 tibus,
524 676 822 750 simulque
872 693 1012 733 cum
1053 677 1427 747 glandaticis,
1475 675 1816 745 berbaticis,
1846 672 1943 730 vel

282 765 548 839 qualibet
576 766 694 822 alia
722 765 984 834 datione,
1012 782 1149 839 quas
1179 766 1258 822 ad
1286 766 1512 823 castelli
1545 767 1645 837 jus
1668 765 1938 839 pertinet,

282 859 339 910 et
363 858 580 910 uestrae
609 859 829 911 sancta
865 858 1150 911 Romanae
1177 854 1448 911 Ecclesiae
1474 854 1630 911 soliti
1655 858 1792 910 sunt
1810 869 1941 926 per-

282 942 528 999 solvere.
586 944 732 999 lllud
789 943 962 1000 vobis
1017 944 1269 1018 pleniter
1311 960 1450 1001 cum
1498 944 1783 1000 omnibus
1815 942 1938 998 suis

280 1032 505 1106 ubique
535 1034 902 1106 pertinentiis
943 1039 1000 1091 et
1023 1034 1371 1106 adjacentiis
1413 1034 1832 1107 perpetualiter
1861 1032 1941 1088 ad

283 1136 466 1178 usum
496 1126 553 1179 et
584 1121 893 1179 utilitatem
932 1123 1125 1180 sancti
1157 1123 1454 1180 Benedicti
1497 1122 1758 1180 caanobii
1804 1138 1943 1178 con-

278 1209 619 1281 ﬁrmamus,
644 1216 703 1267 et
732 1211 1150 1268 roborabiliter
1174 1212 1506 1269 stabilimus
1548 1210 1939 1268 detinendum

280 1295 409 1351 sine
440 1295 643 1368 aliqua
672 1294 934 1363 datiOne,
960 1312 1084 1353 una
1097 1313 1237 1353 cum
1264 1296 1535 1368 ﬂumine,
1563 1297 1713 1353 sicut
1735 1295 1943 1367 incipit

280 1399 317 1440 a
368 1387 536 1440 Petra
584 1385 963 1457 imperatoris
1010 1389 1167 1442 recte
1213 1385 1275 1441 in
1303 1390 1485 1459 ponte
1510 1389 1803 1442 Terraneo
1832 1399 1939 1457 per

275 1490 459 1530 venas
489 1474 824 1531 incedendo
856 1491 1047 1548 usque
1075 1476 1137 1532 in
1165 1475 1386 1545 lacum,
1414 1477 1519 1549 qui
1550 1481 1639 1532 est
1663 1476 1776 1531 sub
1804 1476 1937 1547 ipso

274 1563 643 1619 monasterio
664 1574 803 1619 cnim
834 1565 1155 1636 aquimolis
1186 1565 1330 1634 suis,
1363 1569 1419 1620 et
1443 1565 1660 1621 deinde
1687 1569 1845 1620 recte
1872 1564 1937 1619 in

2050 402 2113 457 in
2161 403 2434 462 Piscano.
2498 409 2563 461 Et
2610 424 2749 463 cum
2798 409 3081 465 omnibus
3126 408 3205 465 ad
3236 411 3715 485 suprascriptam

2050 508 2322 548 massam
2351 493 2411 549 in
2437 494 2737 566 integrum
2764 498 3218 569 pertinentibus.
3282 498 3468 556 Simili
3523 502 3709 559 modo

2052 580 2307 638 fundum
2335 583 2641 641 Caliscano
2670 585 2732 641 in
2748 585 3046 658 integrum
3079 603 3215 644 cum
3247 588 3497 646 ecclesia
3520 590 3711 647 sancti

2050 673 2123 726 Pe
2132 670 2195 725 tri
2206 710 2219 723 .

2120 763 2360 817 Necnon
2389 763 2822 820 monasterium
2849 768 3066 821 sanctae
3096 766 3369 824 Barbarae
3416 771 3472 824 et
3521 768 3713 826 sancti

2047 850 2342 907 Anastasii
2372 868 2511 908 cum
2542 853 2852 909 corticellis
2882 853 3149 925 duabus,
3185 870 3307 911 una
3336 860 3473 912 ante
3520 873 3602 925 se,
3653 862 3711 916 et

2049 938 2166 995 alia
2194 944 2330 1011 post
2361 956 2445 1009 se,
2479 957 2619 997 cum
2648 942 2802 998 casis
2841 947 2897 998 et
2924 942 3126 998 fundis
3179 948 3357 1016 atque
3407 946 3709 1002 casalibus

2049 1028 2190 1095 suis,
2225 1045 2364 1085 cum
2394 1030 2678 1086 omnibus
2698 1031 2777 1087 ad
2806 1048 2908 1087 eas
2937 1031 3000 1087 in
3024 1032 3324 1101 integrum
3364 1034 3707 1106 pertinenti-

2046 1116 2186 1185 bus,
2220 1118 2483 1191 positum
2512 1119 2668 1177 intra
2698 1120 2932 1177 civitate
2976 1120 3318 1190 Tiburtina;
3371 1127 3549 1195 atque
3586 1139 3710 1178 me-

2047 1206 2330 1263 dietatem
2382 1208 2458 1264 de
2512 1209 2761 1266 ecclesia
2804 1213 3025 1266 sanctae
3068 1210 3261 1267 Mariae
3294 1209 3388 1265 ibi
3437 1211 3499 1266 in
3551 1210 3709 1284 ipso,

2048 1311 2187 1351 cum
2221 1298 2396 1368 casis,
2424 1298 2613 1354 vineis
2644 1303 2700 1354 et
2729 1299 2894 1354 terris
2915 1303 2972 1355 et
3004 1298 3289 1355 omnibus
3339 1299 3708 1372 pertinentiis

2048 1385 2170 1440 suis
2203 1390 2364 1441 trans
2395 1386 2649 1443 Tiberim
2675 1388 2848 1459 juxta
2877 1392 3124 1461 pontem
3167 1391 3585 1455 Marmoreum,
3618 1393 3705 1445 at-

2047 1488 2164 1545 que
2192 1473 2496 1532 clusuram
2529 1493 2709 1548 super
2730 1492 2792 1531 se
2813 1477 2874 1533 in
2898 1478 3198 1549 integrum
3227 1477 3423 1544 vinea,
3444 1493 3582 1548 quaa
3604 1493 3709 1549 ap-

2045 1563 2305 1634 pellatur
2336 1565 2491 1620 Valle
2517 1571 2753 1633 Arcese,
2784 1571 2840 1622 et
2870 1566 3173 1623 clusuram
3206 1584 3385 1640 super
3410 1583 3471 1622 se
3513 1566 3576 1622 in
3613 1567 3705 1622 in-

278 1651 527 1707 Silicella
555 1657 611 1708 et
634 1652 904 1722 Saliceto,
936 1657 995 1708 et
1017 1669 1125 1726 per
1150 1653 1375 1718 locum,
1406 1654 1509 1709 ubi
1541 1654 1783 1710 Mandra
1832 1668 1931 1707 vo-
1974 1670 2019 1723 Β
2048 1657 2282 1721 tegrum
2332 1654 2657 1725 vineatam,
2705 1673 2845 1712 cum
2889 1657 3208 1717 arboribus
3266 1656 3578 1713 olivarum.
3640 1660 3708 1713 Et

273 1745 461 1808 catur,
485 1744 623 1797 cum
655 1741 973 1813 aquitnolis
988 1742 1216 1797 ibidem
1237 1742 1620 1815 habentibus,
1638 1747 1694 1798 et
1718 1741 1935 1797 deinde

271 1846 381 1903 per
409 1835 657 1903 pontem
686 1830 1117 1888 descendentes
1143 1832 1204 1887 in
1235 1837 1444 1888 sancto
1495 1832 1744 1903 Angelo,
1793 1833 1935 1888 item

273 1918 337 1976 in
361 1923 568 1976 sancto
597 1922 786 1988 Petro,
817 1925 876 1976 et
899 1921 1116 1977 deinde
1144 1922 1207 1977 in
1235 1925 1411 1995 prata
1461 1921 1538 1977 de
1587 1922 1800 1992 Ajano.
1848 1922 1933 1977 Si-

272 2007 493 2064 militer
516 2011 574 2064 et
601 2008 783 2065 aliam
809 2022 1055 2082 aquam,
1078 2025 1214 2083 quae
1246 2014 1408 2068 Cona
1437 2014 1705 2077 vocatur,
1734 2011 1844 2067 sita
1873 2010 1934 2065 in

270 2096 407 2170 ipso
430 2096 701 2167 ﬂumine;
746 2101 803 2154 et
856 2097 1071 2155 deinde
1101 2099 1163 2154 in
1194 2115 1375 2173 aqua,
1408 2114 1544 2173 quae
1596 2099 1933 2157 Flumicello

271 2188 543 2255 vocatur,
601 2201 723 2243 una
771 2202 911 2243 cum
963 2191 1252 2258 Augusta,
1298 2194 1354 2245 et
1386 2189 1607 2246 Bullica
1636 2195 1814 2262 atque
1842 2189 1933 2245 Ti-

273 2273 462 2345 mida,
489 2290 702 2331 omnes
732 2274 1115 2332 decurrentes
1146 2276 1207 2331 in
1238 2277 1582 2351 supradicto
1630 2277 1836 2345 ﬂuvio,
1878 2279 1936 2332 et

271 2376 469 2433 usque
512 2362 575 2417 in
627 2362 918 2419 territorio
968 2364 1157 2420 sancti
1201 2367 1474 2432 Cosmee;
1530 2380 1669 2420 cum
1708 2364 1852 2436 ripis
1877 2367 1935 2420 et

269 2451 465 2523 plagis
489 2452 775 2508 omnibus
799 2454 1253 2525 prmnominatis
1283 2453 1361 2510 ab
1389 2458 1642 2526 utraque
1672 2457 1841 2525 parte
1872 2453 1932 2508 in

268 2539 568 2609 integrum
598 2541 1069 2613 pertinentibus;
1098 2556 1236 2599 cum
1269 2541 1552 2599 omnibus
1591 2542 1707 2598 loci
1744 2543 1932 2615 ipsius

270 2628 467 2700 aquis,
499 2629 604 2685 ubi
634 2630 924 2703 aquimoli
951 2630 1090 2687 facti
1139 2636 1297 2702 sunt,
1349 2636 1406 2687 et
1457 2632 1652 2687 facere
1700 2631 1929 2702 poterit,

158 2750 169 2757 -
274 2717 399 2772 sive
454 2717 800 2790 ubicunque
845 2718 1036 2792 pisces
1090 2732 1303 2792 capere
1359 2720 1615 2792 potuerit
1666 2720 1729 2775 in
1794 2720 1930 2775 totis

274 2806 450 2878 aquis
509 2806 885 2879 supradictis.
942 2811 1183 2865 Necnon
1239 2813 1297 2865 et
1352 2810 1669 2866 ecclesiam
1709 2813 1929 2865 sanctae

270 2893 582 2951 Felicitatis
641 2896 767 2951 sine
815 2896 1019 2970 aliqua
1066 2897 1307 2955 datione
1366 2897 1536 2954 vobis
1599 2898 1930 2971 vestrisque

271 2982 723 3039 successoribus
750 2985 1172 3058 perpetualiter
1217 2985 1606 3042 concedimus
1659 2984 1928 3042 detinen-

269 3069 414 3127 dam
445 3071 505 3126 in
535 3086 714 3128 usum
744 3077 801 3129 et
830 3073 1114 3130 salarium
1146 3074 1555 3148 suprascripto
1596 3079 1792 3131 vestro
1831 3090 1929 3131 ve-

269 3159 522 3217 nerabili
557 3162 945 3218 monasterio.
993 3164 1124 3219 Pari
1168 3164 1353 3220 modo
1382 3168 1439 3220 et
1467 3180 1759 3235 massam,
1791 3180 1928 3236 quas

267 3252 514 3306 vocatur
566 3250 943 3324 Lubenzana,
983 3256 1040 3308 et
1081 3256 1488 3309 lntermarana
1528 3253 1592 3308 in
1629 3252 1928 3323 integrum

268 3352 409 3394 cum
457 3334 660 3395 fundis
715 3344 771 3396 et
816 3340 1153 3409 canalibus,
1207 3345 1263 3397 et
1303 3341 1588 3397 omnibus
1628 3341 1928 3397 casalibus

268 3426 410 3495 suis,
438 3427 784 3502 ubicunque
810 3430 888 3485 ad
915 3429 1115 3503 ipsam
1145 3445 1417 3486 massam
1443 3430 1877 3502 pertinentibus
1912 3446 1923 3484 :

264 3516 534 3573 videlicet
562 3516 821 3575 fundum
848 3522 1201 3586 Canterano,
1245 3523 1302 3576 et
1343 3522 1607 3590 Marano,
1655 3520 1924 3576 Semina-

264 3620 422 3674 rum,
456 3610 636 3679 atque
668 3607 920 3676 Oricula,
952 3610 1009 3663 et
1032 3607 1266 3676 Arsula,
1300 3606 1731 3674 Bulsinianum,
1782 3610 1924 3663 Toc-

266 3694 584 3767 canellum,
635 3696 1053 3765 Marcatellum,
1099 3695 1357 3752 fundum
1407 3698 1748 3764 Paternum,
1788 3694 1925 3751 fun-

266 3781 415 3838 dum
434 3784 720 3855 Aprunio,
748 3785 1006 3841 fundum
1026 3785 1353 3856 Arpellum,
1377 3783 1635 3840 fundum
1658 3786 1921 3852 Lenanu,

264 3869 523 3926 fundum
576 3871 833 3941 Tessine,
887 3876 1124 3929 montes
1173 3873 1279 3947 qui
1334 3877 1629 3929 vocantur
1671 3872 1923 3943 Gemini,

264 3958 695 4016 descendentes
717 3960 780 4016 in
799 3960 1087 4025 Trellano,
1103 3965 1305 4019 monte
1331 3961 1650 4029 Gordiano,
1665 3960 1923 4017 fundum

267 4050 452 4106 Sassa
493 4054 550 4106 et
587 4049 736 4105 colle
775 4049 849 4106 de
901 4051 1144 4121 Ferrari,
1184 4053 1241 4108 et
1296 4051 1810 4123 monasterellum,
1866 4055 1925 4107 et

264 4137 450 4195 alium
475 4138 983 4209 monasterellum,
1012 4140 1278 4209 Piscano,
1322 4145 1379 4198 et
1414 4141 1722 4199 Coloniam
1749 4141 1922 4212 juxta

263 4230 539 4283 sanctum
569 4226 867 4283 Valerium
896 4244 969 4284 ex
997 4229 1237 4285 duobus
1258 4230 1569 4298 lateribus,
1607 4234 1665 4286 et
1694 4230 1919 4286 medie-

264 4318 446 4371 tatem
470 4315 544 4371 de
565 4315 716 4371 ibice
746 4334 759 4385 ;
817 4315 1075 4373 fundum
1124 4317 1400 4389 Miniano,
1443 4318 1701 4375 fundum
1726 4321 1921 4375 Casta-

260 4403 445 4475 niola,
468 4408 526 4461 et
541 4404 876 4476 Lorilliano,
901 4410 1110 4463 sancta
1139 4407 1370 4475 Cecilia,
1394 4407 1651 4465 fundum
1670 4408 1921 4465 Bobera-

258 4510 430 4562 num,
486 4493 746 4551 fundum
786 4496 955 4569 quod
995 4500 1245 4552 vocatur
1292 4495 1471 4565 Valle,
1505 4513 1645 4553 cum
1671 4488 1920 4554 ecclesia

258 4583 448 4640 sancti
478 4583 813 4655 Eleutherii,
838 4584 1099 4641 fundum
1125 4584 1293 4658 quod
1316 4592 1567 4642 vocatur
1594 4589 1917 4658 Capramo-

256 4670 413 4728 lente
442 4688 580 4729 cum
612 4674 863 4730 ecclesia
893 4674 1082 4731 sancti
1111 4674 1407 4731 Anastasii
1433 4692 1446 4743 ;
1471 4691 1755 4743 massam,
1782 4692 1919 4748 quae

257 4766 507 4817 vocatur
534 4762 893 4834 Ampolloni,
927 4779 1067 4819 cum
1113 4763 1363 4820 ecclesia
1400 4764 1590 4819 sancti
1641 4764 1868 4820 Martini
1903 4782 1916 4833 ;

256 4847 516 4905 fundum
546 4852 885 4920 Paternum,
907 4851 1075 4923 quod
1104 4850 1440 4926 appellatur
1469 4853 1758 4921 Pentima,
1788 4852 1919 4908 fun-

257 4939 406 4997 dum
436 4943 726 5007 Bruvano,
759 4938 1017 4995 fundum
1067 4941 1262 4998 Sancti
1292 4942 1607 5017 Pamphili,
1658 4942 1917 4999 fundum

256 5028 503 5101 Danieli,
531 5026 787 5084 fundum
815 5024 1138 5099 Merulana,
1162 5029 1420 5087 fundum
1460 5036 1748 5100 Paccano,
1779 5032 1914 5089 fun-

2044 1741 2358 1798 ecclesiam
2416 1745 2604 1800 sancti
2649 1745 2999 1816 Sebastiani,
3050 1752 3107 1802 et
3134 1747 3437 1802 modicam
3467 1747 3705 1803 vineam

2043 1836 2181 1887 ante
2215 1847 2278 1887 se
2305 1844 2445 1887 cum
2473 1833 2909 1906 oliveto,atque
2930 1833 3235 1890 clusuram
3266 1836 3340 1890 de
3356 1835 3705 1908 vinea,qute

2042 1919 2286 1991 ponitur
2311 1920 2523 1976 subtus
2553 1923 2861 1994 posterula
2888 1923 3195 1980 Tiburtina
3210 1924 3385 1994 juxta
3405 1924 3585 1992 silice,
3600 1925 3705 1997 qui

2041 2012 2295 2063 vocatur
2327 2010 2620 2075 Quarrati.
2662 2010 2793 2067 Pari
2822 2011 3005 2066 modo
3053 2011 3396 2068 clausuram
3448 2013 3510 2067 in
3554 2013 3704 2069 inte-

2043 2110 2220 2165 grum
2246 2113 2427 2169 super
2457 2113 2522 2152 se
2544 2097 2620 2153 de
2648 2098 2845 2165 vinea,
2877 2114 3013 2171 quae
3044 2103 3291 2155 vocatur
3308 2101 3449 2156 Ortu
3469 2102 3700 2169 Magno.

2042 2184 2321 2240 Fundum
2376 2188 2719 2259 Casaperta,
2780 2187 3164 2244 clusurellam
3213 2187 3287 2243 de
3330 2187 3524 2256 vinea,
3566 2204 3705 2261 quas

2043 2277 2291 2329 vocatur
2314 2274 2564 2342 Asorbo,
2599 2274 2934 2347 portionem
2963 2276 3024 2331 in
3053 2278 3224 2333 Prato
3273 2276 3524 2347 majore,
3578 2291 3704 2348 quo

2042 2362 2151 2418 fuit
2175 2362 2250 2418 de
2282 2363 2460 2420 Calvo
2487 2365 2770 2438 episcopo
2797 2384 2810 2435 ;
2842 2366 3100 2422 fundum
3132 2366 3482 2423 Staﬁlanum
3517 2366 3577 2422 in
3611 2367 3702 2422 in-

2042 2455 2296 2522 tegrum,
2329 2452 2586 2508 fundum
2618 2453 2990 2509 Romaniano
3016 2455 3078 2509 in
3096 2454 3420 2526 integrum,
3446 2454 3703 2511 fundum

2043 2541 2287 2596 Patelini
2316 2541 2378 2597 in
2400 2542 2724 2612 integrum,
2758 2544 3014 2599 fundum
3046 2546 3242 2600 Ozano
3287 2544 3350 2600 in
3378 2544 3701 2614 integrum,

2041 2628 2299 2686 fundum
2330 2630 2610 2703 Criptule,
2642 2631 2901 2687 fundum
2942 2632 3134 2700 Panzi,
3190 2632 3447 2688 fundum
3496 2633 3699 2701 Diruti;

2043 2716 2301 2774 fundum
2327 2720 2677 2789 Agnaniole,
2707 2720 2965 2776 fundum
2994 2720 3394 2789 Macroniano,
3444 2721 3703 2777 fundum

2043 2806 2405 2876 Semissano,
2433 2807 2689 2864 fundum
2722 2812 3061 2865 Paternum.
3087 2809 3429 2879 Vallelonga
3443 2809 3705 2866 fundum

2043 2900 2266 2951 sanctae
2297 2896 2487 2953 Mariae
2535 2897 2597 2952 in
2640 2896 2848 2965 Pesile,
2896 2896 3156 2953 fundum
3208 2897 3536 2961 Donabelli,
3564 2898 3700 2953 tun-

1971 3024 2014 3080 ο
2039 2982 2187 3040 dum
2220 2986 2482 3080 Factoro,
2511 2985 2771 3080 fundum
2800 2986 3288 3080 Lucu,ufundui_n
3333 2987 3701 3080 Catacumba

2041 3088 2180 3127 cum
2210 3072 2460 3130 ecclesia
2491 3074 2681 3130 sancti
2731 3076 3048 3144 Laurentii,
3104 3074 3363 3130 fundum
3408 3075 3701 3131 Africum

2037 3162 2491 3234 praenominatis
2522 3163 2725 3219 fundis
2754 3164 2817 3219 in
2846 3164 3147 3233 integrum
3176 3163 3459 3219 omnibus
3488 3163 3700 3235 positis

2038 3250 2328 3307 territorio
2355 3252 2694 3308 Prenestino
2725 3256 2782 3309 et
2804 3252 3153 3309 Tuburtino.
3212 3253 3354 3308 Item
3394 3252 3699 3308 clusuram

2037 3337 2114 3393 de
2141 3338 2335 3407 vinea,
2355 3354 2490 3411 quae
2522 3344 2769 3396 vocatur
2790 3346 3128 3410 Ancarano,
3146 3340 3207 3396 in
3228 3340 3528 3410 integrum
3558 3356 3699 3395 cum

2038 3427 2357 3484 arboribus
2391 3429 2853 3503 suprascriptis;
2905 3434 3124 3487 terram
3174 3434 3230 3485 el.
3265 3429 3505 3485 vineam
3560 3445 3697 3502 quas

2036 3517 2372 3589 appellatur
2401 3521 2709 3585 Pentuma,
2738 3536 2873 3591 quae
2902 3519 3012 3575 fuit
3040 3518 3115 3575 de
3139 3518 3422 3574 Tetualdo
3450 3518 3699 3591 presby-

2036 3609 2161 3661 tero
2185 3623 2199 3674 ;
2231 3605 2420 3678 petias
2450 3607 2604 3663 duas
2630 3607 2705 3663 de
2731 3609 2903 3665 vinea
2918 3598 2998 3665 ad
3014 3612 3291 3664 sanctum
3313 3608 3696 3664 Laurentium

2032 3694 2097 3753 in
2126 3695 2367 3752 duobus
2394 3696 2541 3752 locis
2574 3714 2586 3752 :
2615 3696 2877 3770 itemque
2906 3698 3165 3754 fundum
3188 3697 3602 3754 Porclanicum
3632 3697 3696 3753 in

2032 3783 2333 3853 integrum
2363 3800 2503 3840 cum
2530 3786 2814 3841 omnibus
2841 3786 2963 3841 suis
2993 3786 3364 3858 pertinentiis
3389 3804 3404 3854 ;
3435 3785 3694 3842 fundum

2035 3873 2315 3939 Otorano,
2374 3870 2633 3927 fundum
2684 3876 3004 3940 Arcerano,
3058 3872 3319 3928 fundum
3375 3871 3690 3945 Palasano,

2032 3959 2291 4016 fundum
2322 3960 2612 4033 Cesuline,
2644 3962 2901 4018 fundum
2934 3961 3219 4029 Olebano,
3240 3961 3498 4017 fundum
3525 3962 3693 4018 Cam-

2032 4050 2290 4123 pelione,
2304 4049 2562 4106 fundum
2593 4051 2783 4122 Ojano
2810 4056 2865 4107 et
2889 4051 3122 4114 Priano,
3141 4051 3399 4107 fundum
3421 4054 3693 4108 Camme:

2032 4152 2203 4205 rano,
2237 4138 2495 4195 fundum
2527 4139 3007 4208 Collemundum,
3042 4139 3331 4211 Catilano,
3363 4138 3685 4208 Cocubalo,

2030 4229 2339 4284 Pacurano
2367 4246 2379 4284 :
2412 4228 2727 4286 ecclesiam
2755 4228 2943 4285 sancti
2967 4228 3175 4299 Angeli
3215 4244 3356 4284 cum
3404 4227 3688 4284 omnibus

2034 4315 2156 4372 suis
2187 4317 2572 4390 pertinentiis,
2597 4318 2857 4391 positam
2883 4317 2946 4373 in
2976 4316 3267 4373 territorio
3300 4315 3688 4372 Ferentinello

2031 4404 2297 4475 minore;
2329 4406 2534 4463 omnia
2562 4406 2851 4463 territorio
2873 4405 3491 4478 Campanino.Verum
3507 4405 3688 4462 etiam

2030 4492 2290 4550 fundum
2346 4495 2700 4551 Falconiano
2749 4511 2889 4550 cum
2938 4494 3187 4551 ecclesia
3226 4494 3417 4550 sancti
3442 4492 3684 4563 Nicolai,

2030 4582 2289 4640 fundum
2338 4584 2687 4641 Fontiniano
2734 4587 2793 4640 et
2838 4583 2996 4641 Colle
3045 4584 3120 4639 de
3158 4583 3396 4655 Morelli,
3426 4582 3685 4639 fundum

2029 4672 2465 4741 Toccanellum,
2499 4672 2755 4729 fundum
2781 4671 2986 4745 Capla,
3018 4671 3275 4727 fundum
3325 4673 3511 4727 Oraro
3556 4670 3687 4726 fun-

2028 4761 2176 4817 dum
2204 4762 2564 4834 Gratuliano,
2587 4761 2845 4817 fundum
2876 4762 3184 4829 Cerviano,
3219 4759 3476 4816 fundum
3504 4759 3681 4815 Labe-

2026 4864 2197 4920 zano,
2258 4849 2518 4906 fundum
2570 4849 2877 4917 Casanico,
2928 4849 3186 4905 fundum
3243 4850 3502 4904 Domum
3544 4862 3683 4902 cum

2026 4940 2276 4996 ecclesia
2328 4940 2515 4997 sancti
2575 4940 2753 5009 Petri;
2812 4928 3069 4996 fundum
3129 4938 3364 5008 Ponzia,
3423 4935 3682 4993 fundum

2025 5030 2432 5085 Pozzorosano
2461 5042 2601 5084 cum
2648 5028 2823 5084 vinea
2870 5028 3150 5085 clausura
3202 5040 3384 5100 super
3432 5040 3512 5093 se,
3548 5032 3681 5096 quae

256 5114 405 5173 dum
462 5114 818 5190 Tospoliano
866 5124 1005 5172 cuin
1063 5116 1313 5173 ecclesia
1360 5124 1577 5175 Sanctae
1626 5120 1817 5177 mariue
1860 5121 1917 5175 et
2024 5117 2268 5189 ponitur
2293 5117 2466 5187 juxta
2495 5115 2802 5183 Caranico,
2836 5121 2891 5173 et
2920 5116 3143 5173 Vallem
3170 5113 3512 5170 modiorum
3537 5118 3683 5181 qua-

256 5206 443 5263 sancti
503 5205 797 5272 Lucentii;
845 5202 1105 5263 fundum
1158 5207 1346 5263 sancti
1396 5207 1602 5276 Cirici;
1656 5204 1913 5264 fundittii
2023 5208 2159 5260 tuor
2183 5216 2322 5261 cum
2355 5205 2692 5263 Castanieto
2732 5208 2840 5262 suo
2887 5207 3059 5278 juxta
3102 5206 3375 5259 sanctum
3421 5198 3678 5268 PetrUm,

257 5296 463 5369 Cispa;
492 5296 745 5353 fundum
780 5294 1031 5353 Romani
1063 5310 1202 5351 cum
1223 5295 1479 5352 ecclesia
1497 5296 1685 5352 sancti
1705 5298 1913 5366 Angeli
2022 5310 2161 5350 cum
2190 5295 2379 5364 terris,
2410 5295 2600 5352 vineis
2633 5299 2689 5352 et
2716 5296 2874 5352 casis
2903 5300 3082 5365 atque
3112 5290 3273 5345 silvis
3302 5303 3411 5360 per
3439 5287 3680 5342 diversa

254 5388 313 5440 et
343 5386 531 5440 sancti
561 5385 783 5455 Felicis,
814 5384 967 5441 inter
1015 5382 1226 5440 aﬂines
1273 5380 1352 5441 ab
1404 5399 1526 5441 uno
1577 5382 1758 5439 latere
1802 5384 1911 5440 ﬂu-
2019 5382 2153 5439 loca
2183 5384 2472 5441 territorio
2494 5386 2786 5459 Aquilano
2803 5382 3080 5455 positam.
3101 5381 3364 5449 Itemque
3386 5375 3678 5432 territorio

253 5472 421 5529 vium
450 5473 757 5541 Tivertino,
798 5479 856 5529 et
881 5489 917 5529 a
949 5473 1215 5529 secundo
1243 5472 1427 5530 latere
1458 5472 1619 5546 Papi,
1651 5478 1708 5530 et
1735 5490 1771 5530 a
1799 5477 1908 5530 ter-
2019 5472 2356 5530 Albanense
2386 5475 2642 5531 fundum
2675 5477 2900 5529 Sorano
2935 5466 3072 5523 cu‘m
3104 5466 3291 5522 vineis
3313 5482 3417 5521 seu
3434 5464 3600 5521 terris
3623 5471 3679 5522 et

252 5560 334 5618 tio
362 5559 544 5617 latere
573 5562 725 5617 Areo
751 5561 1074 5633 Fulgurati,
1101 5565 1159 5621 et
1178 5561 1577 5620 descendente
1603 5563 1664 5620 in
1682 5568 1907 5629 monte,
2018 5562 2241 5636 criptis,
2298 5568 2356 5619 et
2404 5562 2650 5620 ecclesia
2700 5562 3052 5615 Sanctorum
3079 5561 3341 5630 quatuor
3370 5572 3383 5612 :
3416 5555 3676 5611 fundum

254 5649 358 5708 ubi
388 5653 528 5707 sunt
556 5650 842 5725 cypressi,
872 5651 1146 5710 veniente
1171 5651 1235 5707 in
1257 5657 1483 5726 monte,
1521 5654 1626 5729 qui
1660 5657 1908 5711 vocatur
2026 5654 2181 5712 Silva
2206 5656 2423 5726 legere
2446 5651 2814 5729 :portionem
2844 5664 2982 5724 quas
3005 5648 3117 5707 fuit
3139 5648 3216 5706 de
3246 5647 3416 5706 Floro
3440 5646 3674 5720 cpiam»
