4114 6146
365 149 500 203 1023

1740 129 2029 188 JOANNIS
2066 131 2264 186 ΡΑΡΔΕ
2301 132 2391 186 XII

3657 131 3812 185 1024

361 286 444 343 po
479 286 492 324 :
523 265 746 341 patiam
779 263 854 320 de
883 262 1060 319 vinea
1084 261 1145 318 in
1183 260 1423 329 Zizinni,
1467 275 1574 315 seu
1620 261 1677 314 et
1717 255 2021 312 clusuram
2051 255 2100 308 Α
2132 252 2390 310 fundum
2448 253 2879 310 Barbilianum.
2937 256 3155 309 Verum
3203 251 3380 308 etiam
3425 251 3690 343 fundum
3745 252 3814 308 in

363 359 438 416 de
465 357 643 413 vinea
669 355 730 410 in
761 354 1080 424 integrum,
1113 369 1248 424 quae
1279 351 1525 424 ponitur
1547 349 1609 404 in
1639 347 1827 403 fundo
1853 346 2024 400 Cera-

365 461 535 503 sano.
567 448 810 501 Necnon
839 442 1080 499 casinas
1109 441 1262 496 duas
1295 439 1372 496 ad
1403 441 1648 511 pontem
1701 434 1972 492 Salarum
2007 449 2021 498 ;

363 534 706 609 portionem
733 531 808 587 de
833 529 1018 587 Palmi
1048 545 1184 585 cum
1211 527 1380 584 terris
1409 531 1463 582 et
1485 524 1690 581 hortis.
1709 525 1882 578 Prata
1903 521 2024 575 duo

362 625 534 696 juxta
561 625 798 678 Portam
829 620 1108 690 Majorem
1137 636 1150 686 ;
1200 617 1498 673 casalinas
1537 614 1715 680 duas,
1747 627 1934 667 unam
1965 609 2026 665 in

367 712 606 783 Pedica,
635 727 771 784 quae
801 714 1050 766 vocatur
1075 705 1465 776 Burdunaria,
1497 709 1554 761 et
1579 705 1758 761 aliam
1777 703 1838 758 in
1861 705 2028 756 Cam-

367 817 447 874 po
479 800 716 872 Majore.
745 798 874 853 Pari
905 795 1090 852 modo
1119 796 1402 851 domoras
1428 795 1489 849 in
1535 794 1836 861 integrum
1887 806 2027 846 cum

370 889 546 946 cortis
578 892 636 944 et
663 886 871 950 hortis,
905 888 961 941 et
981 885 1230 941 ecclesia
1251 883 1439 940 sancti
1464 881 1776 951 Theodori,
1806 879 2032 953 positas

367 979 521 1035 intra
573 976 876 1032 civitatem
923 979 1126 1030 Romae
1177 975 1351 1046 juxta
1389 975 1567 1030 Porta
1597 973 1842 1043 Majore,
1877 970 2033 1024 sicut

370 1067 612 1122 fuerunt
639 1065 714 1122 de
750 1065 922 1120 Floro
948 1064 1257 1138 episcopo.
1281 1063 1560 1120 Similiter
1575 1063 1882 1126 domoras,
1899 1075 2036 1132 quae

369 1156 611 1212 fuerunt
667 1153 742 1210 de
788 1156 1016 1210 Joanne
1063 1157 1120 1210 et
1169 1152 1470 1225 Stephano
1519 1151 1594 1207 de
1633 1150 1854 1222 Griphi,
1899 1165 2036 1203 cum

371 1247 530 1300 corte
557 1247 613 1298 et
642 1242 888 1315 pergule
927 1245 984 1298 et
1029 1240 1266 1297 hortulo
1315 1241 1486 1311 juxta
1535 1243 1808 1296 Formam
1857 1237 2032 1294 Clau-

372 1332 556 1388 diam.
591 1334 658 1386 Et
685 1331 926 1386 vineam
955 1328 1320 1386 clusuratam
1346 1328 1407 1383 in
1437 1328 1738 1397 integrum
1768 1341 1908 1380 cum
1937 1339 2032 1379 ar-

370 1419 620 1478 boribus
649 1419 977 1492 pomiferis,
1011 1435 1146 1474 cum
1195 1418 1399 1490 criptis
1447 1417 1620 1487 juxta
1665 1415 1850 1484 viam,
1901 1430 2036 1486 quae

368 1509 533 1565 ducit
560 1508 638 1564 ad
665 1508 1012 1565 Jerusalem.
1047 1507 1230 1564 Simili
1279 1507 1462 1562 modo
1503 1505 1756 1561 domum
1797 1505 1854 1559 in
1887 1504 2030 1558 inte-

374 1613 480 1668 gro
509 1613 649 1652 cum
674 1601 833 1652 corte
863 1599 922 1652 et
939 1595 1179 1652 hortulo
1206 1599 1263 1650 et
1281 1595 1472 1658 vinea,
1501 1599 1560 1662 _et
1581 1609 1720 1647 cum
1747 1590 2031 1647 omnibus

374 1687 452 1742 ad
505 1702 642 1742 eam
695 1683 1151 1757 pertinentibus,
1211 1681 1468 1753 positam
1519 1684 1721 1736 Romae
1778 1679 2034 1749 Regione

377 1773 660 1844 Septima,
692 1771 752 1826 in
774 1786 896 1844 qua
926 1769 1111 1825 domo
1137 1773 1230 1825 est
1256 1769 1508 1826 ecclesia
1535 1769 1724 1824 sancti
1757 1768 1882 1823 Viti.
1901 1771 2038 1822 Nec-

373 1875 496 1916 non
529 1865 586 1915 et
610 1859 850 1914 vineam
884 1874 988 1913 seu
1021 1863 1239 1914 terram
1263 1859 1436 1930 juxta
1481 1857 1832 1914 Jerusalem.
1893 1861 2034 1911 Item

375 1948 677 2005 clusuram
707 1947 781 2003 de
809 1947 982 2004 vinea
1011 1947 1072 2002 in
1097 1947 1396 2017 integrum
1415 1947 1476 2002 in
1504 1947 1737 2012 Albano
1755 1945 1815 2001 in
1844 1944 2033 2000 fundo

375 2037 610 2104 Zizinni,
673 2037 861 2109 petias
919 2053 1061 2104 sex;
1119 2041 1300 2109 atque
1344 2037 1594 2092 domum
1643 2035 1706 2090 in
1735 2034 2034 2104 integrum

373 2142 516 2182 cum
546 2125 806 2192 hortulo,
849 2125 1114 2196 positum
1143 2125 1316 2194 juxta
1369 2127 1645 2179 sanctum
1697 2122 2032 2179 Martinum.

379 2214 652 2272 Similiter
677 2213 928 2269 domum
948 2230 1086 2269 cum
1110 2219 1268 2269 corte
1285 2228 1420 2285 qua:
1451 2213 1690 2284 ponitur
1713 2211 1771 2266 in
1801 2211 2034 2267 Sibura.

445 2303 575 2359 Pari
605 2303 788 2359 modo
819 2307 874 2358 et
899 2297 1333 2358 monasterium
1384 2301 1570 2356 sancti
1621 2299 1852 2356 Erasmi
1898 2315 2036 2354 cum

378 2391 662 2448 omnibus
691 2391 814 2446 suis
839 2390 1190 2458 adjacentiis
1223 2391 1316 2445 vel
1345 2389 1732 2462 pertinentiis,
1785 2389 1936 2444 sicut
1978 2388 2040 2442 in

376 2483 571 2536 vestro
626 2479 962 2534 continetur
1027 2481 1326 2550 praecepto
1383 2495 1394 2532 :
1451 2477 1792 2548 pariterque
1851 2475 2040 2548 petias

378 2569 533 2624 duas
561 2568 634 2622 de
660 2568 837 2622 vinea
869 2567 1066 2636 lnosti,
1095 2583 1217 2622 una
1247 2566 1494 2637 quidem
1521 2565 1580 2620 in
1613 2565 1802 2620 fundo
1835 2564 2037 2632 Mauri,

379 2656 436 2708 et
466 2652 585 2707 alia
607 2653 669 2707 in
703 2653 1092 2708 Calabriceto.
1137 2653 1412 2709 Similiter
1441 2657 1683 2725 pratum
1730 2651 1956 2707 cultum
1986 2656 2044 2707 et

378 2739 715 2796 assolutum
745 2739 937 2795 fundo
965 2745 1272 2810 Aguzanu.
1308 2743 1449 2806 Quae
1473 2739 1880 2812 suprascripta
1902 2756 2040 2795 cum

379 2827 669 2884 omnibus
695 2827 917 2894 fundis,
952 2844 1058 2884 seu
1088 2829 1414 2900 casalibus,
1465 2830 1700 2898 massis,
1753 2829 2038 2899 ecclesiis,

2130 343 2432 414 integrum
2461 345 2635 400 Sexto
2667 359 2806 399 cum
2837 347 3010 416 prato
3041 359 3151 398 suo
3177 343 3349 413 juxta
3395 341 3594 397 rivum
3649 341 3818 398 inter

2131 431 2363 500 afﬁnes,
2394 432 2472 488 ab
2504 448 2628 488 uno
2655 432 2836 488 latere
2857 433 2952 488 via
2983 447 3116 504 quae
3171 430 3364 503 pergit
3419 430 3497 486 ad
3543 435 3814 504 pontem

2131 520 2440 592 Adenona,
2501 523 2558 575 et
2601 519 2678 576 ab
2727 519 2842 575 alio
2885 517 3068 574 latere
3105 518 3206 573 via
3235 517 3498 590 publica,
3525 522 3584 573 et
3615 517 3668 574 si
3697 519 3818 590 qui

2132 605 2232 661 alii
2262 605 2472 660 afﬁnes
2505 609 2662 660 sunt.
2696 604 2908 661 Omnia
2937 602 3146 658 vestris
3175 601 3289 674 piis
3311 601 3478 672 locis,
3501 606 3816 658 etsanctae

2134 699 2350 751 nostra:
2397 697 2702 764 Romanae,
2757 691 2873 762 cui,
2921 691 3170 748 Domino
3227 695 3493 762 auctore,
3534 691 3814 748 deservi—

2135 801 2291 853 mus,
2325 782 2617 848 Ecclesiae,
2645 781 2912 838 inclinati
2937 781 3214 853 precibus
3261 780 3497 847 vestris,
3549 795 3660 852 per
3697 781 3818 836 hu-

2133 875 2231 946 jus
2264 872 2522 946 apostoli
2549 871 2836 944 privilegii
2866 871 3079 926 seriem
3127 871 3538 943 suprascripta
3593 870 3814 926 omnia

2135 961 2474 1018 immobilia
2501 961 2636 1017 loca
2661 977 2802 1016 cum
2824 959 3107 1016 omnibus
3149 975 3360 1015 eorum
3407 959 3812 1031 pertinentiis,

2139 1055 2204 1107 ut
2241 1067 2426 1124 supra
2451 1051 2683 1120 legitur,
2714 1065 2751 1105 a
2779 1049 3055 1122 praesenti
3085 1048 3282 1121 prima
3303 1048 3632 1104 indictione
3663 1053 3724 1105 et
3749 1049 3818 1104 in

2139 1145 2496 1216 perpetuum
2527 1139 2701 1196 vobis
2736 1138 3066 1212 vestrisque
3113 1137 3564 1194 successoribus
3595 1154 3822 1196 conce-

2141 1233 2342 1288 dimus
2397 1235 2452 1286 et
2499 1230 2934 1286 conﬁrmamus
2991 1228 3382 1285 detinendum
3423 1228 3486 1284 in
3535 1245 3726 1284 usum
3759 1233 3824 1285 et

2145 1321 2454 1377 utilitatem
2485 1320 2672 1393 ipsius
2691 1317 3049 1374 venerabilis
3077 1318 3442 1374 monasterii.
3465 1318 3554 1374 Ita
3579 1322 3820 1386 tamen,

2143 1414 2209 1466 ut
2237 1409 2604 1482 quotidianis
2621 1407 2835 1463 diebus
2865 1407 3208 1463 sacerdotes
3239 1411 3296 1463 et
3315 1407 3598 1462 monachi
3619 1407 3824 1480 ipsius

2145 1497 2493 1554 monasterii
2531 1513 2641 1569 pro
2692 1495 2960 1552 remedio
3015 1495 3234 1551 animae
3279 1499 3520 1562 nostrae,
3575 1499 3818 1551 nostro-

2077 1606 2116 1658 Β
2144 1601 2400 1658 rumque
2459 1599 2874 1640 successorum
2920 1583 3180 1639 clament
3221 1583 3284 1639 in
3313 1583 3528 1640 eadem
3555 1583 3818 1640 ecclesia

2144 1677 2386 1729 centum
2414 1674 2607 1743 Kyrie
2635 1674 2854 1729 eleison
2875 1677 2934 1728 et
2953 1677 3194 1728 centum
3221 1672 3459 1728 Christe
3475 1673 3714 1736 eleison,
3751 1676 3815 1726 et

2146 1761 2484 1817 sacerdotes
2518 1777 2718 1817 sacras
2746 1761 3082 1817 oblationes
3117 1760 3182 1816 in
3222 1760 3542 1816 missarum
3583 1759 3816 1816 solem-

2144 1851 2258 1906 niis
2287 1850 2477 1905 tribus
2502 1850 2734 1906 vicibus
2759 1866 2868 1922 per
2913 1849 3182 1920 singulas
3233 1849 3654 1906 hebdomadas
3697 1865 3814 1922 pro

2144 1937 2520 1996 absolutione
2549 1943 2768 1994 nostra:
2805 1938 3046 2005 animae,
3077 1943 3542 2010 nostrorumque
3567 1951 3814 1994 succes-

2145 2044 2350 2083 sorum
2383 2027 2738 2100 pontiﬁcum
2768 2026 3165 2100 omnipotenti
3197 2029 3314 2082 Deo
3353 2025 3628 2082 oﬁ‘erant.
3691 2028 3818 2082 Sta-

2143 2121 2376 2172 tuentes
2400 2115 2730 2188 apostolica
2759 2131 3032 2183 censura,
3065 2115 3180 2171 sub
3200 2114 3383 2171 divini
3405 2115 3616 2186 judicii
3649 2115 3820 2170 obte-

2146 2207 2464 2262 stationem
2514 2209 2572 2261 et
2625 2205 3024 2263 anathematis
3069 2204 3470 2270 interdictum,
3511 2209 3580 2260 ut
3605 2204 3818 2260 nullus

2147 2311 2419 2368 unquam
2457 2299 2803 2352 nostrorum
2855 2310 3271 2351 successorum
3307 2293 3688 2366 pontiﬁcum,
3721 2293 3820 2350 vel

2148 2383 2267 2439 alia
2321 2382 2601 2454 quaelibet
2637 2399 2863 2453 magna
2915 2399 3226 2456 parvaque
3277 2397 3540 2456 persona
3590 2385 3820 2438 audeat

2147 2472 2239 2529 vel
2277 2477 2602 2544 praesumat
2622 2472 2696 2528 de
2727 2472 3012 2530 omnibus
3041 2471 3462 2545 suprascriptis
3489 2471 3816 2526 immobili-

2147 2561 2263 2617 bus
2293 2559 2439 2616 locis
2461 2577 2600 2616 cum
2631 2561 2916 2617 omnibus
2943 2559 3182 2617 illorum
3211 2559 3582 2633 pertinentiis
3619 2565 3676 2616 et
3703 2559 3810 2614 ad-

2145 2649 2444 2721 jacentiis,
2500 2653 2564 2706 ut
2613 2666 2798 2722 supra
2842 2649 3079 2721 legitur,
3127 2653 3335 2706 contra
3383 2648 3498 2704 hoc
3537 2655 3818 2705 nostrum

2149 2737 2495 2811 pontiﬁcale
2525 2737 2905 2811 privilegium
2933 2753 3111 2809 agere
3149 2737 3246 2793 vel
3274 2737 3536 2793 alienare
3575 2743 3686 2795 aut
3713 2754 3822 2794 au-

2151 2826 2302 2883 ferre
2333 2831 2694 2899 praesumat;
2725 2825 2834 2884 sed
2863 2828 3061 2901 potius
3091 2827 3336 2884 ﬁrmum
3382 2830 3563 2899 atque
3603 2827 3822 2884 stabile

379 2917 787 2980 monasteriis,
843 2917 1150 2986 domibus,
1203 2919 1411 2989 hortis,
1471 2919 1680 2984 vineis,
1735 2919 1942 2986 servis,
1987 2922 2044 2974 et
2085 2959 2127 3016 ο
2153 2915 2457 2988 perpetuis
2489 2931 2558 2972 ac
2589 2916 2870 2989 perennis
2901 2915 3296 2989 temporibus,
3341 2915 3422 2972 ita
3463 2919 3596 2972 uta
3639 2915 3824 2972 nobis

381 3005 633 3073 ancillis,
665 3005 893 3062 colonis
925 3012 982 3062 et
1010 3007 1366 3076 colonabus,
1400 3007 1753 3066 ﬂuminibus
1783 3011 1839 3063 et
1870 3007 2042 3079 aqui-

379 3095 576 3163 molis,
609 3095 897 3168 piscariis,
933 3095 1081 3151 sicut
1111 3112 1294 3169 supra
1327 3095 1560 3166 legitur,
1613 3096 1702 3151 vel
1751 3096 1932 3152 etiam
1985 3095 2048 3151 in

381 3183 512 3240 aliis
543 3185 813 3257 partibus
859 3184 951 3240 vel
985 3185 1339 3257 civitatibus,
1389 3185 1734 3257 ubicunque
1782 3190 2048 3240 vestrum

379 3272 718 3328 venerabile
747 3274 1185 3330 monasterium
1215 3279 1414 3329 tenere
1445 3279 1502 3329 et
1521 3274 1841 3346 possidere
1881 3273 2048 3328 vide-

381 3365 476 3416 tur
526 3377 634 3434 per
688 3361 1097 3435 quodcunque
1154 3362 1622 3418 instrumentum
1678 3363 2047 3422 chartarum,

393 3454 516 3504 tam
547 3466 656 3522 per
681 3451 960 3522 praecepti
982 3451 1288 3522 paginam,
1307 3467 1410 3506 seu
1431 3451 1722 3522 privilegii
1741 3453 1898 3522 jura,
1919 3460 2053 3506 nec“

380 3551 506 3592 non
537 3551 646 3607 per
674 3539 1178 3593 commutationes
1210 3555 1315 3593 seu
1345 3539 1702 3594 donationes
1741 3543 1798 3593 et
1843 3537 2050 3592 omnia

383 3639 520 3696 quas
549 3623 758 3680 ﬁdeles
784 3625 1100 3682 Christiani
1120 3631 1332 3682 vestrae
1355 3631 1578 3683 sanctae
1600 3611 2052 3697 congregationi

382 3727 494 3785 pro
522 3728 770 3769 suorum
799 3714 976 3770 venia
999 3715 1353 3771 delictorum
1384 3716 1783 3783 donaverunt,
1817 3715 1908 3770 vel
1937 3731 2047 3770 un-

385 3800 704 3874 decunque
731 3802 1012 3858 chartulis
1051 3807 1173 3860 tam
1220 3805 1470 3860 vetustis
1517 3821 1826 3877 quamque
1866 3804 2048 3860 etiam

380 3889 550 3946 novis
575 3890 635 3946 in
661 3896 855 3948 vestro
885 3893 1250 3949 monasterio
1279 3894 1502 3950 habere
1529 3893 1840 3960 videmini,
1869 3893 2050 3948 robo-

381 3977 646 4035 rabiliter
685 3979 856 4034 vobis
911 3981 1240 4054 vestrisque
1295 3982 1744 4038 successoribus
1789 3998 1896 4054 per
1933 3983 2049 4037 hoc

383 4071 654 4122 nostrum
711 4068 1107 4140 apostolicum
1167 4077 1536 4143 praeceptum
1615 4072 2048 4127 conﬁrmamus

383 4154 774 4211 detinendum
793 4157 1212 4229 perpetualiter
1235 4164 1415 4232 atque
1439 4159 2049 4231 perenniter.Verum-

385 4247 588 4300 tamen
627 4245 1059 4302 conﬁrmamus
1095 4247 1268 4303 vobis
1311 4248 1508 4305 casalc
1549 4266 1740 4304 unum
1795 4249 1856 4304 in
1901 4250 2048 4304 inte-

385 4347 582 4402 grum,
610 4333 776 4405 quod
801 4340 1113 4392 vocatur...
1142 4337 1313 4408 juxta
1361 4339 1646 4404 Quartum
1694 4356 1833 4394 cum
1871 4343 2044 4411 prato

387 4437 499 4477 suo
527 4421 680 4477 inter
709 4421 942 4491 afﬁnes,
976 4441 1011 4480 a
1040 4425 1236 4498 primo
1265 4427 1448 4483 latere
1479 4427 1700 4498 casale,
1747 4429 1913 4500 quod
1943 4444 2044 4483 vo-

383 4514 552 4567 catur
581 4511 1008 4580 Barbilianum,
1038 4519 1096 4570 ct
1125 4515 1203 4571 ab
1235 4515 1352 4572 alio
1376 4517 1556 4572 latere
1587 4517 1844 4572 fundum
1871 4517 2049 4574 Muni-

383 4599 528 4670 tula,
564 4601 809 4658 saliente
841 4603 918 4658 ab
947 4603 1080 4676 ipso
1109 4609 1280 4676 prato
1305 4622 1412 4679 per
1439 4605 1656 4662 limites
1687 4623 1828 4661 suos
1857 4621 2051 4678 usque

388 4687 466 4742 ad
491 4689 746 4760 parietes
777 4690 1064 4760 desertas,
1088 4709 1222 4764 quae
1256 4699 1396 4749 sunt
1433 4693 1589 4750 ultra
1639 4697 1934 4761 Formam,
1994 4698 2053 4750 et

387 4780 639 4832 exeunte
670 4778 728 4833 in
759 4779 857 4836 via
895 4780 1159 4852 Publica,
1188 4787 1244 4837 et
1275 4799 1310 4838 a
1339 4783 1509 4838 tertio
1563 4783 1744 4844 latere
1791 4784 1927 4856 ipsa
1955 4783 2052 4838 via

387 4857 662 4927 Publica;
719 4877 755 4917 a
806 4869 1026 4935 quarto
1072 4865 1253 4923 latere
1299 4867 1576 4936 fundum,
1606 4868 1772 4940 quod
1807 4871 2052 4924 vocatur

385 4941 679 5008 Decorita,
740 4961 901 5016 aqua
949 4948 1350 5006 descendente
1405 4968 1510 5024 per
1553 4952 1767 5008 limites
1815 4968 1956 5008 suos
1989 4952 2052 5006 in

386 5027 648 5084 formam
677 5029 870 5098 Jovia,
904 5037 961 5088 et
985 5041 1228 5090 exeunte
1279 5053 1386 5109 per
1421 5037 1702 5108 formam,
1754 5043 1812 5094 et
1857 5053 2050 5094 rever-

385 5117 544 5168 tente
569 5128 678 5185 per
701 5114 947 5172 limitem
963 5117 1134 5188 juxta
1153 5135 1376 5190 aquam
1399 5138 1586 5194 usque
1604 5122 1682 5178 ad
1699 5123 2052 5195 praedictum

459 5219 639 5303 (354L
670 5221 870 5303 Scribe
921 5225 1282 5303 universalis
1343 5227 1470 5284 XII
1521 5229 1720 5303 Papa;
1772 5246 1795 5287 .·
1853 5245 2051 5303 neque

386 5292 547 5366 enim
577 5292 1030 5366 Qhronologicae
1057 5300 1218 5354 Notae
1264 5315 1404 5354 cum
1447 5292 1819 5366 temporibus
1871 5292 2050 5356 Joan-

386 5359 754 5448 nis‘anapae
785 5339 1016 5448 alligari
1043 5375 1318 5448 possunt.
1345 5339 1686 5448 _Ugheliius
1733 5339 1882 5448 tom.
1909 5374 2051 5448 __VllI

387 5429 712 5520 ltehSacr.
741 5435 802 5520 in
832 5429 1298 5520 archiepiscopis
1345 5429 1795 5520 Beneventanis
1821 5443 2053 5498 bullam

387 5500 566 5558 refert
592 5501 864 5582 ejusdem
889 5500 1187 5582 pontiﬁcis
1207 5500 1490 5569 ‘Joannis
1515 5511 1650 5576 XII,
1699 5513 1905 5568 datam
1943 5528 2056 5582 per

386 5587 602 5632 manus
624 5573 858 5636 Marini
883 5573 1145 5651 episcopi
1179 5582 1263 5654 (id
1311 5587 1401 5642 est
1445 5573 1960 5654 Potiniartiensis)‘
1999 5589 2056 5642 et

2156 3009 2376 3061 statuta
2406 3008 2563 3072 sunt,
2593 3005 2971 3062 decernimus
3015 3005 3518 3078 permanendum.
3567 3005 3630 3062 Si
3681 3005 3824 3079 quis

2155 3098 2356 3150 autem
2387 3093 2580 3166 (quod
2603 3111 2728 3150 non
2765 3095 3070 3168 optamus)
3124 3099 3333 3150 contra
3377 3095 3490 3150 hoc
3539 3099 3824 3152 nostrum

2157 3182 2556 3254 apostolicum
2587 3183 2968 3255 privilegium
3001 3186 3322 3255 temptator
3351 3183 3656 3249 exstiterit,
3675 3187 3735 3239 et
3761 3185 3824 3240 in

2156 3286 2468 3343 quoquam
2498 3271 2812 3338 contraire,
2841 3276 2898 3328 et
2921 3276 3330 3341 transgressor
3365 3287 3492 3326 esse
3541 3271 3826 3338 voluerit,

2159 3359 2306 3414 sciat
2333 3375 2394 3414 se
2417 3359 2764 3416 auctoritate
2781 3359 2882 3416 Dei
2911 3359 3358 3432 omnipotentis,
3374 3363 3430 3416 et
3445 3361 3688 3416 Domini
3719 3377 3826 3416 no-

2161 3448 2282 3514 stri,
2317 3448 2726 3526 apostolorum
2753 3448 3057 3521 principis,
3089 3449 3259 3517 Petri,
3307 3449 3480 3519 cujus
3527 3448 3664 3506 licet
3707 3451 3822 3505 im-

2161 3535 2371 3604 meriti,
2405 3537 2638 3592 Domini
2669 3541 2871 3592 tamen
2899 3537 3266 3608 dignatione,
3317 3537 3584 3607 gerimus
3633 3539 3820 3608 vices,

2161 3626 2560 3684 anathematis
2611 3626 2851 3682 vinculo
2895 3627 3272 3695 innodatum,
3319 3631 3378 3682 et
3423 3643 3462 3684 a
3503 3643 3686 3698 regno
3715 3629 3818 3682 Dei

2159 3715 2444 3772 alienum.
2481 3715 2590 3781 Qui
2621 3733 2760 3771 vero
2787 3715 2888 3788 pio
2917 3716 3133 3772 intuitu
3164 3732 3341 3772 verus
3373 3721 3574 3772 custos
3623 3721 3684 3772 et
3713 3715 3824 3772 ob-

2161 3808 2429 3860 servator
2455 3803 2736 3860 exstiterit
2764 3804 2946 3876 hujus
2967 3804 3153 3860 nostri
3175 3803 3484 3878 apostolici
3505 3805 3828 3876 privilegii,

2161 3893 2387 3948 meritis
2445 3899 2626 3965 atque
2683 3893 2960 3966 precibus
3002 3893 3162 3950 beati
3209 3894 3358 3950 Petri
3407 3893 3830 3966 apostolorum

2159 3982 2465 4055 principis,
2513 3987 2570 4038 et
2620 3983 2811 4039 sancti
2861 3983 3156 4039 Benedicti
3202 3983 3264 4038 in
3289 3983 3557 4039 eethereis
3587 3985 3832 4040 arcibus

2158 4067 2410 4146 praemia
2435 4089 2506 4128 ac
2535 4071 2971 4128 benedictionis
3001 4073 3256 4144 gratiam
3284 4077 3464 4146 atque
3495 4073 3832 4130 misericor-

2161 4161 2326 4218 diam
2359 4177 2394 4217 a
2417 4162 2581 4232 justo
2607 4161 2810 4232 judice
2843 4161 3094 4218 Domino
3121 4165 3242 4218 Deo
3261 4165 3488 4231 nostro,
3515 4161 3830 4234 vitamque

2163 4255 2453 4307 aeternam
2485 4251 2773 4324 consequi
2801 4255 3121 4308 mereatur.

2238 4358 2534 4431 Scriptum
2561 4375 2670 4431 per
2699 4374 2952 4415 manum
2981 4359 3210 4427 Leonis,
3241 4359 3528 4415 scriniarii
3557 4363 3616 4415 et
3652 4364 3826 4414 nota-

2161 4446 2231 4504 rii
2263 4451 2486 4502 sanctae
2518 4463 2771 4502 summae
2803 4447 2960 4503 sedis
2979 4447 3398 4520 apostolicwin
3425 4463 3634 4502 mense
3653 4447 3822 4514 Maio,

2160 4535 2485 4592 indictione
2517 4551 2701 4609 supra
2724 4537 2854 4608 jam
2883 4535 3044 4593 dicta
3071 4536 3288 4610 prima.

2245 4653 2308 4711 ἧς
2353 4642 2510 4697 Bene
2537 4641 2747 4698 valete.
2799 4653 2861 4710 ﬁs

2235 4767 2450 4822 Datum
2471 4781 2551 4834 v1,
2573 4765 2708 4820 idus
2739 4765 2866 4821 Maii
2910 4780 3017 4838 per
3055 4781 3310 4822 manum
3351 4765 3575 4835 Marini,
3605 4771 3836 4821 sanctae

2159 4851 2620 4910 Polimartiensis
2651 4852 2918 4908 Ecclesiae
2957 4853 3223 4927 episcopi
3278 4857 3334 4910 et
3377 4853 3822 4910 bibliothecarii

2163 4956 2420 4996 summai
2443 4940 2598 4994 sedis
2624 4941 3154 5014 apostolicae,anno
3171 4945 3288 4998 Deo
3305 4941 3562 5014 propitio
3583 4941 3834 5014 pontifi-

2163 5035 2332 5086 catus
2363 5029 2598 5085 Domini
2625 5031 2813 5086 nostri
2853 5031 3098 5087 Joannis
3141 5031 3362 5087 summi
3414 5031 3718 5104 pontiﬁcis
3773 5037 3832 5087 et

2162 5118 2516 5175 universalis
2537 5123 2577 5176 Χ
2601 5120 2741 5192 (354)
2765 5123 2936 5193 Papae
2966 5121 3026 5176 in
3059 5121 3470 5177 sacratissima
3504 5121 3649 5176 sede
3673 5121 3840 5187 beati

2161 5243 2406 5285 summa?
2429 5228 2581 5285 sedis
2612 5229 2957 5298 apostolica
2997 5229 3462 5299 bibliothecarii,
3515 5245 3683 5286 anno
3729 5231 3842 5286 Do-

2163 5301 2315 5356 mini
2357 5301 2623 5368 propitio
2681 5299 2896 5372 (scribe
2933 5301 3056 5356 Deo
3108 5302 3392 5372 propitio)
3439 5301 3840 5370 pontiﬁcatus

2165 5371 2370 5426 damni
2397 5372 2589 5426 nostri
2614 5371 2886 5434 Joannis,
2922 5375 3054 5426 etc..
3089 5371 3400 5428 undecimo
3431 5385 3454 5442 ;
3495 5387 3702 5428 mense
3733 5375 3838 5428 De-

2166 5443 2405 5506 cembri,
2433 5443 2758 5498 indictione
2797 5447 2877 5513 t5.
2915 5442 3312 5499 Scribendum
3343 5459 3504 5499 anno
3535 5445 3764 5513 primo,
3793 5443 3838 5498 si

2166 5529 2230 5642 ae
2251 5513 2586 5642 Sepée’mbri
2631 5512 2875 5569 indictio
2919 5529 3082 5570 nova
3127 5514 3480 5582 deducatur,
3539 5512 3650 5572 aut
3677 5531 3838 5572 anno

2167 5600 2192 5641 ε
2231 5600 2350 5642 cun
2399 5607 2452 5641 ι.

2167 5600 2192 5641 8
2199 5599 2393 5643 ecuna
2399 5599 2432 5642 ο
2440 5626 2452 5641 .
