4166 6162
314 79 452 132 1025

1564 78 1920 135 ΕΡΙΒΤΟΙΛΕ
1971 78 2059 134 ΕΤ
2115 78 2511 142 PRIVILEGIA

3611 94 3747 148 1026

309 201 463 257 Petri
489 201 748 274 apostoli
779 202 966 272 tertio,
996 200 1057 257 in
1089 218 1296 258 mense
1332 205 1388 258 et
1414 201 1738 259 indictione
1766 217 1976 274 supra-
2008 204 2058 257 A
2091 220 2268 278 copo,
2296 208 2426 265 vita
2455 215 2758 284 perpetua
2796 215 3270 285 permanendam
3307 218 3370 274 in
3399 215 3634 273 Christo
3660 231 3752 272 sa-

314 291 538 362 scripta
570 291 792 362 prima.

383 378 646 434 Accedat
693 379 871 436 etiam
930 377 1008 434 ad
1045 378 1244 448 majus
1301 377 1684 435 Sublacensis
1721 377 1981 435 canobii

313 473 744 526 ornamentum
798 468 1040 524 nomine
1096 466 1387 540 diploma,
1453 468 1620 541 quod
1672 468 1878 524 itidem
1918 467 1980 523 in

314 559 365 629 rj
375 575 443 613 us
465 557 769 614 tabulario
800 559 1155 614 asservatur.

1089 665 1223 721 VIII.

309 768 656 809 RESCRIPTUM
687 757 914 809 JOANNIS
958 769 1115 808 PAPIE
1163 771 1235 809 XII
1270 771 1374 810 I’IIO
1422 757 1981 812 EXCOMMUNICATIONE

389 859 631 898 ARTALDI
703 859 1034 911 RHISMENSIS,
1097 860 1382 900 AMBLARDI
1444 862 1816 902 LUGDUNENSIS
1887 861 1984 900 AB-

392 948 904 1000 CIIIEPISCOPORUM,
945 937 1082 1003 etc.,
1124 949 1191 989 OB
1244 951 1290 988 S.
1340 949 1719 990 SYMPHORIANI
1758 950 1985 992 POSSES-

384 1035 588 1076 SlONUM
628 1036 992 1076 INVASIONESI.

961 1111 1156 1180 (Anno
1187 1111 1339 1183 958.)

605 1217 1005 1273 Transmissio
1041 1219 1694 1274 excommunicationis.

455 1321 662 1393 [Apud
689 1321 874 1378 Mansi
908 1322 1138 1378 Concil.
1167 1327 1309 1379 tom.
1334 1326 1513 1391 XVIII,
1535 1323 1648 1380 col.
1689 1323 1837 1394 450].

382 1432 557 1483 Anno
588 1428 1024 1484 incarnationis
1054 1429 1378 1486 Dominica
1407 1429 1870 1499 959,indictione
1901 1444 1983 1496 ιιι,

2087 292 2298 350 lutem.

2163 383 2217 440 Si
2251 389 2519 456 pastores
2547 387 2753 443 ovium
2776 389 2963 447 solem
2989 393 3245 467 geluque
3286 411 3397 467 pro
3429 392 3630 465 gregis
3658 392 3751 449 sui

2091 473 2360 529 custodia
2394 475 2488 530 die
2515 492 2584 532 ac
2612 481 2788 532 nocte
2816 477 2966 535 ferre
3002 484 3261 539 contenti
3292 487 3452 553 sunt,
3503 487 3563 537 et
3604 497 3748 537 ocu-

2089 559 2162 616 lis
2214 568 2604 635 conspectant
2632 564 3020 635 vigilantibus
3049 585 3124 624 ne
3171 571 3374 644 aliqua
3404 587 3479 627 ex
3531 569 3750 625 ovibus

2091 655 2194 704 aut
2223 652 2480 707 errando
2532 659 2756 725 pereat,
2791 659 2894 709 aut
2916 654 3182 712 labianta
3213 658 3518 714 morsibus
3549 656 3749 728 rapia-

2089 742 2206 808 tur,
2239 745 2469 811 quauta
2500 758 2643 798 cura
2671 746 3022 814 quantoque
3052 744 3269 800 sudore
3294 747 3591 802 debemus
3620 759 3749 801 esse

2089 828 2405 900 pervigiles
2425 831 2504 886 ob
2531 831 2780 886 salutem
2811 831 3173 899 animarum,
3202 834 3306 904 qui
3332 834 3592 888 dicimur
3615 848 3751 906 pas-

2090 921 2246 972 tores
2276 934 2403 973 esse
2436 936 2642 975 carum
2661 920 2688 974 ?
2717 920 3108 975 Attendamus
3136 921 3314 990 igitur
3340 937 3453 977 nos
3481 920 3750 977 ofﬁcium

2090 1005 2370 1061 exhibere
2393 1022 2536 1077 erga
2565 1006 2902 1064 custodiam
2932 1010 3137 1064 ovium
3169 1009 3642 1074 Dominicarum,
3673 1020 3748 1060 ne

2091 1095 2417 1169 quasilupo
2439 1098 2712 1152 veniente
2738 1097 2915 1152 territi
2932 1097 3257 1167 fugiamus,
3276 1113 3351 1153 ne
3371 1098 3433 1152 in
3450 1097 3549 1152 die
3569 1091 3752 1151 divini

2091 1184 2383 1240 examinis
2400 1201 2508 1257 pro
2524 1185 2819 1241 desideria
2831 1190 3038 1242 nostra
3058 1191 3194 1242 ante
3216 1202 3523 1241 summum
3547 1185 3750 1256 pasto-

2093 1288 2220 1327 rem
2250 1279 2306 1328 et
2324 1274 2686 1344 negligentia
2710 1279 2907 1330 vestra
2932 1275 3362 1341 excruciemur,
3386 1274 3548 1329 unde
3565 1267 3751 1327 modo

2092 1361 2337 1416 honoris
2363 1363 2691 1418 reverentia
2715 1362 2776 1416 in
2808 1362 3152 1418 sublimiore
3182 1378 3318 1418 arce
3342 1361 3569 1418 cateris
3601 1356 3756 1426 diju-

2095 1449 2387 1506 dicamur.
2422 1453 2751 1508 Primatum
2795 1452 2996 1524 itaque
3044 1456 3233 1516 tuum,
3266 1451 3328 1507 in
3368 1467 3493 1524 quo
3526 1447 3633 1504 tibi
3682 1459 3756 1498 ex

311 1517 663 1614 ίξΠΡθΓίΠηθ⁸
698 1517 978 1614 Μία-11³⁸1⁸
1034 1518 1416 1614 “Pelii-lori
1442 1517 1982 1614 ΟοΠδῖδΠῖίξιφβίῖῙίι
2016 1559 2059 1611 Β
2096 1555 2263 1595 more
2296 1545 2742 1597 antecessorum
2767 1517 3009 1597 tuor-um
3041 1542 3196 1597 vices
3220 1517 3569 1614 apostolicae
3598 1531 3760 1590 sedis

313 1605 542 1660 domno
565 1609 771 1660 autem
787 1607 1015 1660 Joanne
1033 1606 1365 1677 apostolico
1381 1609 1582 1660 Roma
1603 1605 1980 1676 prasidente,

313 1698 602 1763 regnante
650 1708 795 1747 vero
844 1693 1118 1748 Lothario
1175 1697 1541 1749 Francorum
1589 1709 1748 1763 rege,
1798 1697 1988 1748 trans-

317 1783 504 1838 missa
568 1785 658 1837 est
721 1781 851 1836 hac
895 1782 1446 1839 excommunicatio
1515 1781 1984 1854 archiepiscopis

319 1870 574 1928 Francia
604 1875 662 1925 et
690 1871 1083 1940 Burgundia:
1134 1872 1381 1928 Artaldo
1419 1871 1768 1928 Rhemensis
1795 1870 1989 1927 Eccle-

319 1959 418 2015 sia
447 1958 896 2031 archiepiscopo
935 1963 990 2014 et
1020 1960 1317 2029 subjectis
1354 1959 1465 2015 sibi
1495 1959 1814 2032 episcopis,
1847 1961 1987 2013 Am-

315 2048 528 2105 blardo
556 2047 968 2117 Lugdunensis
998 2049 1291 2105 Ecclesia
1323 2047 1793 2120 archiepiscopo,
1825 2046 1987 2102 Rod-

318 2137 548 2194 mundo
606 2136 937 2192 Edunensis
993 2137 1280 2194 Ecclesia
1337 2137 1642 2210 episcopo,
1710 2135 1987 2192 Achardo

321 2226 711 2298 Lingonensis
755 2226 912 2282 sedis
945 2227 1269 2300 episcopo,
1303 2227 1608 2296 Frotgario
1639 2224 1991 2282 Cabilonen-

321 2317 400 2373 sis
422 2316 692 2372 Ecclesia
715 2315 1015 2389 episcopo,
1035 2321 1309 2372 Natrano
1324 2313 1665 2371 Nivernensi
1681 2313 1986 2386 episcopo,

323 2406 617 2462 Richardo
666 2405 1174 2462 Antissiodorensi
1230 2404 1537 2476 episcopo,
1593 2402 1668 2458 de
1727 2407 1881 2458 terra
1933 2404 1992 2456 et

323 2495 504 2552 alodo
538 2497 592 2552 S.
621 2495 844 2564 Fausti,
862 2500 920 2552 et
948 2501 1171 2552 sancta
1194 2498 1499 2563 Augusta,
1523 2496 1580 2548 et
1606 2494 1662 2549 8.
1699 2491 1992 2564 Sympho-

323 2585 496 2651 riani,
520 2601 656 2656 qua
679 2590 766 2640 est
793 2585 854 2639 in
881 2584 1124 2654 regione
1158 2581 1506 2648 Provincia,
1540 2581 1598 2635 in
1620 2580 1845 2635 finibus
1874 2579 1990 2635 loci

323 2673 433 2745 qui
460 2676 710 2727 vocatur
737 2675 988 2742 Magna;
1033 2687 1224 2744 quam
1281 2675 1437 2725 tenet
1490 2684 1596 2742 per
1636 2671 1990 2740 potestatem

327 2759 611 2816 lsuardus
633 2763 689 2815 et
711 2761 854 2816 socii
881 2760 1032 2831 ejus.

875 2867 1457 2925 Excommunicatio.

402 2974 763 3031 Auctoritate
792 2974 1005 3044 Patris,
1039 2978 1095 3030 et
1126 2971 1269 3041 Filii,
1327 2976 1384 3028 et
1420 2971 1667 3044 Spiritus
1694 2970 1902 3040 sancti,
1937 2974 1993 3025 et

329 3065 541 3121 ordine
593 3064 866 3119 omnium
910 3067 1282 3129 sanctorum,
1344 3065 1401 3116 et
1449 3065 1653 3116 nostra
1683 3057 1992 3114 communi

330 3153 954 3210 exco'nmunicatione
984 3151 1304 3222 alligamus
1333 3155 1390 3206 et
1415 3148 1992 3205 anathematizamus

332 3242 649 3298 lsuardum
681 3247 738 3298 et
767 3259 980 3298 omnes
1005 3241 1202 3297 socios
1223 3240 1274 3311 ej
1287 3256 1375 3307 us,
1408 3238 1512 3311 qui
1534 3241 1734 3293 tenent
1770 3241 1992 3292 terram

334 3333 392 3387 S.
426 3331 868 3404 Symphoriani.
904 3333 972 3386 Ut
1018 3328 1223 3384 nullus
1251 3344 1482 3396 eorum,
1511 3330 1836 3398 postquam
1877 3324 1993 3379 hoc

332 3420 604 3488 audierit,
629 3421 944 3476 ecclesiam
969 3435 1094 3475 non
1123 3419 1318 3485 intret,
1335 3417 1582 3472 missam
1612 3430 1735 3471 non
1767 3413 1989 3481 audiat,

330 3525 543 3582 pacem
571 3526 712 3565 cum
737 3509 1071 3567 Christiano
1101 3524 1224 3563 non
1255 3505 1460 3562 faciat:
1510 3519 1705 3576 neque
1729 3501 1991 3558 mandu-

333 3603 441 3666 cet,
476 3615 670 3672 neque
697 3599 887 3669 bibat,
922 3614 1118 3670 neque
1151 3595 1446 3659 dormiat;
1477 3598 1534 3649 et
1561 3593 1612 3648 si
1650 3591 1993 3647 inﬁrmave-

329 3689 422 3758 rit,
453 3704 576 3743 non
606 3689 908 3755 visitetur;
938 3693 995 3742 et
1030 3687 1079 3742 si
1109 3689 1382 3742 mortuus
1421 3682 1614 3746 fuerit,
1655 3696 1779 3736 non
1821 3695 1990 3751 sepe-

329 3776 528 3838 liatur,
561 3791 758 3847 neque
776 3791 888 3846 pro
909 3790 979 3830 eo
1007 3778 1228 3844 oretur,
1255 3771 1372 3826 nisi
1401 3769 1480 3825 ad
1509 3768 1990 3825 emendationem

331 3869 387 3921 et
417 3864 883 3920 satisfactionem
909 3861 1155 3918 venerit.

403 3955 481 4009 De
507 3953 600 4008 his
631 3952 799 4008 terris
833 3953 888 4008 S.
925 3948 1350 4022 Symphoriani
1393 3963 1528 4020 qua
1575 3948 1700 4004 sita
1745 3951 1883 4002 sunt
1929 3946 1991 4002 in

331 4042 715 4098 comitatibus
773 4039 1189 4096 Avenionense
1259 4042 1316 4094 et
1373 4037 1684 4105 Cavellico,
1747 4035 1992 4092 tandem

331 4131 612 4187 satisfecit
651 4128 937 4185 Isuardus
991 4127 1235 4184 Girardo
1277 4125 1812 4197 Augustodunensi
1841 4125 1994 4198 epis-

332 4235 484 4292 copo
507 4221 676 4290 (352).
712 4218 874 4273 Feria
902 4233 983 4285 ιιι,
1011 4234 1128 4272 xvn
1159 4215 1456 4272 Kalendas
1505 4214 1777 4286 Augusti,
1828 4229 1990 4270 anno
2022 4258 2065 4312 Β

336 4307 568 4362 nomini
604 4310 728 4377 972,
760 4306 1084 4362 indictione
1110 4322 1209 4374 xv,
1241 4308 1532 4375 regnante
1577 4303 1825 4376 quidem
1853 4317 1991 4372 rege

334 4396 674 4452 Gondrado.
717 4400 933 4452 Rerum
965 4399 1166 4451 autem
1205 4394 1267 4450 in
1326 4393 1717 4450 Cavellicensi
1767 4393 1995 4466 episco-

329 4490 476 4559 patu
524 4485 775 4540 sitarum
833 4484 1288 4555 restitutionem,
1330 4483 1567 4552 Hugoni
1613 4481 1876 4538 ecclesia
1932 4483 1988 4538 S.

334 4574 756 4649 Symphoriani
795 4573 1206 4632 Cavellicensis
1237 4573 1469 4629 decano
1500 4577 1557 4629 et
1605 4571 1831 4627 clericis
1861 4571 1992 4642 ejus

329 4663 570 4733 factam,
603 4663 986 4720 conﬁrmavit
1022 4663 1362 4719 Desiderius
1394 4661 1712 4735 episcopus
1745 4659 1990 4718 Cavelli-

330 4753 544 4809 censis.

1116 4846 1200 4898 IX.

381 4947 654 4988 EPISTOLA
691 4935 918 4988 JOANNIS
956 4946 1044 4985 rp.
1085 4947 1162 4986 xu
1200 4946 1274 4985 AD
1314 4946 1564 4987 sanorum
1604 4944 1930 4987 unusunus:

741 5034 1196 5077 CANTUARIENSEM
1235 5034 1565 5075 EPISCOPUM.

955 5126 1155 5198 (Anno
1204 5126 1351 5198 960).

804 5236 895 5292 De
923 5235 1292 5292 concessione
1309 5232 1510 5304 pallii.

754 5343 954 5417 [Apud
983 5343 1170 5401 Mansi
1201 5342 1301 5399 ubi
1320 5341 1554 5412 supra].

401 5451 647 5506 Jommas
684 5451 1023 5523 episcopus,
1077 5467 1284 5507 servus
1335 5463 1647 5505 servorum
1680 5447 1798 5517 Dei,
1837 5462 1982 5505 con-

329 5538 496 5597 fratri
519 5541 816 5596 Dussr/mo
845 5539 1311 5597 Dorobernensis
1343 5537 1616 5595 Ecclesia
1664 5537 1984 5610 archiepis-

2097 1643 2369 1684 exercere
2387 1629 2684 1696 convenit,
2699 1630 2779 1684 ita
2801 1629 2901 1684 tibi
2926 1629 3005 1684 ad
3029 1629 3271 1702 plenum
3296 1629 3760 1687 conﬁrmamus,

2100 1715 2252 1772 sicut
2306 1717 2552 1772 beatum
2605 1715 3004 1786 Augustinum
3065 1718 3316 1789 ejusque
3379 1728 3767 1771 successores

2097 1804 2362 1876 praefata
2392 1805 2662 1860 Ecclesia
2683 1804 2994 1877 pontiﬁces
3027 1805 3313 1860 habuisse
3363 1803 3768 1874 dignoscitur.

2171 1893 2423 1948 Pallium
2459 1909 2592 1948 vero
2623 1893 2972 1950 fraternitati
2997 1898 3109 1949 tua
3135 1910 3207 1949 ex
3236 1910 3406 1949 more
3437 1890 3517 1948 ad
3549 1892 3772 1952 missa-

2100 1998 2236 2037 rum
2265 1981 2557 2038 solemnia
2587 1981 2946 2038 celebranda
2968 1982 3772 2050 commendamus;quotibi

2100 2088 2224 2128 non
2255 2071 2422 2127 aliter
2453 2070 2534 2126 uti
2566 2071 2971 2141 concedimus,
2988 2087 3175 2143 quam
3199 2087 3272 2127 eo
3300 2087 3420 2126 usu
3447 2083 3575 2143 quo
3605 2078 3770 2130 ante-

2101 2177 2368 2216 cessores
2393 2160 2579 2216 nostri
2611 2160 3024 2232 prodiderunt,
3058 2159 3323 2215 ecclesia
3353 2163 3472 2215 tua
3520 2160 3766 2231 privile-

2101 2249 2212 2321 giis
2238 2249 2299 2304 in
2332 2265 2442 2304 suo
2475 2253 2630 2305 statu
2687 2248 3090 2304 manentibus.
3134 2252 3336 2320 Neque
3370 2253 3475 2304 tua
3501 2249 3767 2320 pruden-

2101 2338 2182 2394 tia
2210 2337 2712 2407 bocincognitum
2738 2337 2940 2404 habet,
2958 2337 3052 2393 vel
3068 2338 3440 2411 quicunque,
3462 2343 3764 2410 quantum

2101 2427 2440 2482 indumenti
2476 2427 2671 2482 honor
2699 2426 3108 2482 moderatione
3134 2431 3384 2483 actuum
3416 2429 3764 2486 tremendus

2101 2515 2230 2570 erit.
2282 2513 2589 2569 Honestati
2628 2530 2870 2570 morum
2932 2518 3172 2570 tuorum
3226 2515 3358 2570 hac
3409 2522 3766 2575 ornamenta

2102 2601 2484 2670 conveniunt,
2518 2606 2838 2674 quatenus,
2875 2604 2994 2656 Deo
3041 2607 3305 2666 auctore,
3361 2617 3576 2674 posses
3630 2620 3764 2662 esse

2102 2690 2488 2762 conspicuus,
2519 2690 2602 2746 ita
2630 2695 2694 2745 ut
2718 2690 2840 2745 vita
2871 2689 3005 2745 filiis
3054 2690 3168 2746 tuis
3223 2690 3298 2745 sit
3323 2690 3569 2760 regula;
3617 2697 3674 2748 et
3701 2693 3762 2750 in

2100 2779 2222 2848 illa,
2251 2778 2299 2833 si
2319 2795 2442 2852 qua
2463 2779 2749 2835 fortitudo
2772 2777 2885 2833 illis
2932 2778 3104 2848 inest,
3128 2778 3486 2849 dirigantur,
3530 2780 3679 2838 dum
3698 2782 3763 2840 in

2102 2884 2174 2924 ea
2203 2884 2337 2940 qua
2362 2867 2669 2924 imitentur
2701 2867 3013 2941 aspiciant.

2172 2958 2249 3012 Et
2281 2959 2342 3012 in
2369 2959 2490 3026 ﬁne
2519 2959 2816 3028 epistola:
2869 2959 3082 3014 Sancta
3123 2957 3377 3015 Trinitas
3425 2957 3759 3018 fraternita-

2101 3051 2224 3102 tem
2253 3051 2516 3102 vestram
2547 3046 2752 3116 gratia
2774 3062 2895 3101 sua
2918 3048 3283 3118 protectione
3309 3047 3654 3119 circumdet,
3677 3054 3762 3107 at-

2101 3149 2218 3206 que
2249 3133 2330 3188 ita
2358 3134 2419 3188 in
2450 3133 2681 3190 timoris
2711 3134 2804 3189 sui
2858 3133 3019 3189 viam
3071 3139 3124 3190 te
3155 3135 3394 3207 dirigat,
3426 3142 3493 3194 ut
3517 3142 3654 3211 post
3679 3138 3762 3195 vi-

2102 3227 2174 3278 ta
2194 3223 2376 3294 hujus
2407 3222 2873 3279 amaritudinem
2916 3223 2990 3278 ad
3024 3227 3310 3281 aternam
3339 3227 3645 3299 pervenire
3685 3227 3758 3285 si-

2101 3311 2230 3366 mul
2259 3327 2602 3368 mereamur
2633 3311 3036 3367 dulcedinem.
3078 3315 3145 3368 Et
3185 3313 3299 3370 hoc
3341 3316 3629 3389 scriptum
3671 3320 3760 3374 est

2100 3417 2208 3474 per
2236 3416 2490 3456 manum
2523 3400 2756 3470 Leonis,
2790 3400 3077 3456 scriniarii
3108 3402 3265 3458 sedis
3304 3405 3664 3478 apostolicae,
3695 3406 3759 3462 in

2100 3504 2306 3544 mense
2335 3489 2625 3552 Octobris,
2661 3488 2982 3545 indictione
3017 3495 3250 3562 quarta,
3283 3491 3379 3548 die
3403 3493 3601 3566 primo
3644 3495 3759 3550 Ka-

2097 3577 2257 3632 lend.
2289 3577 2495 3633 Octob.
2528 3593 2690 3634 anno
2720 3577 3080 3635 duodecimo
3111 3579 3324 3653 [sexto]
3353 3583 3577 3639 summi
3604 3599 3756 3656 pon-

2099 3665 2271 3721 tificis
2294 3667 2562 3722 Joannis.

2893 3758 2954 3810 Χ.

2099 3861 2462 3903 PRIVILEGIUM
2487 3861 2714 3903 JOANNIS
2735 3860 2892 3901 ΡΔΡΒ
2922 3861 3001 3900 XII
3032 3862 3137 3902 PRO
3165 3862 3512 3906 MONASTERIO
3551 3865 3602 3908 Β.
3631 3867 3758 3908 SAL-

2651 3951 2892 3991 VATORIS
2922 3952 3185 3994 FULDENSI
3195 3979 3208 3993 .

2742 4023 2937 4095 (Anno
2968 4025 3114 4097 961).

2209 4111 2408 4184 [Apud
2439 4112 2698 4182 Dronke,
2725 4111 2869 4168 Cod.
2895 4112 3142 4182 diplom.
3167 4114 3373 4185 Fuld.,
3405 4131 3465 4188 p.
3498 4118 3646 4190 328].

2169 4203 2413 4257 JOANNes
2441 4200 2777 4273 episcopus,
2811 4216 3017 4256 servus
3054 4218 3365 4259 servorum
3393 4203 3515 4276 Dei,
3541 4205 3756 4262 dilecto

2101 4289 2224 4346 ﬁlio
2256 4292 2503 4346 HATTONI
2525 4289 2870 4346 venerando
2899 4289 3102 4346 abbati
3134 4292 3489 4348 venerabilis
3509 4310 3755 4351 monas-

2102 4380 2226 4436 terii
2251 4379 2438 4435 sancti
2469 4379 2788 4435 Salvatoris
2819 4379 3055 4436 Domini
3084 4383 3271 4438 nostri
3298 4384 3439 4437 Jesu
3460 4383 3671 4440 Christi
3699 4387 3756 4442 et

2103 4467 2291 4523 sancti
2339 4466 2621 4524 Bonifacii
2652 4467 2931 4539 martyris
2964 4467 3197 4536 Christi,
3229 4469 3396 4541 quod
3436 4469 3618 4526 situm
3665 4475 3757 4528 est

2099 4557 2160 4613 in
2189 4557 2322 4613 loco
2353 4556 2631 4613 Boconia
2655 4571 2836 4628 super
2866 4555 3064 4627 ripam
3091 4557 3359 4613 ﬂuminis
3399 4557 3618 4628 Fulda,
3647 4559 3755 4616 tibi

2099 4645 2669 4718 successoribusque
2691 4644 2806 4700 tuis
2836 4643 3161 4700 abbatibus
3192 4645 3256 4701 in
3280 4650 3658 4719 perpetuum.

2169 4736 2460 4803 Quoniam
2494 4749 2732 4806 semper
2782 4736 2924 4788 sunt
2969 4734 3360 4791 concedenda
3403 4751 3540 4808 qua
3579 4740 3758 4795 ratio-

2094 4825 2333 4882 nalibus
2381 4826 2722 4892 congruunt
2765 4820 3096 4890 desideriis,
3145 4827 3379 4896 oportet
3443 4829 3510 4882 ut
3568 4827 3756 4884 devo—

2096 4913 2240 4970 tioni
2265 4911 2588 4968 conditoris
2635 4911 2751 4983 pia
2809 4910 3268 4968 constructionis
3319 4915 3645 4973 auctoritas
3685 4915 3754 4971 in

2093 5001 2416 5073 privilegiis
2472 4998 2826 5072 prastandis
2874 4997 3126 5056 minime
3183 5001 3529 5072 denegetur.
3576 5002 3760 5070 Igitur

2092 5089 2236 5161 quia
2264 5087 2578 5162 postulasti
2607 5103 2643 5144 a
2684 5086 2862 5144 nobis
2906 5093 3209 5160 quatenus
3256 5087 3576 5159 praefatum
3619 5103 3751 5141 mo-

2091 5179 2421 5234 nasterium
2447 5177 2636 5234 sancti
2669 5176 2991 5235 Salvatoris
3019 5174 3310 5250 privilegii
3365 5173 3524 5230 sedis
3572 5189 3751 5246 apos-

2091 5266 2280 5324 tolica
2346 5265 2547 5321 infulis
2623 5266 2937 5324 decoretur
3005 5268 3070 5318 ut
3146 5261 3259 5316 sub
3335 5260 3752 5332 jurisdictione

2092 5360 2315 5414 nostra
2372 5355 2468 5411 cui
2532 5357 2653 5413 Deo
2719 5357 2959 5412 auctore
3029 5349 3401 5405 deservimus
3479 5351 3753 5408 Ecclesia

2091 5447 2478 5504 constitutum
2516 5445 2738 5501 nullius
2787 5437 3028 5496 alterius
3073 5437 3351 5495 Ecclesia
3389 5439 3758 5512 jurisdictio-

2090 5537 2270 5594 nibus
2304 5533 2726 5598 submittatur;
2757 5525 2981 5584 idcirco
3036 5526 3152 5600 piis
3201 5527 3512 5587 desideriis
3557 5530 3760 5586 favent
