4166 6162
472 102 610 157 401³7

1841 84 2132 143 «ΙΘΑΝΝΙΒ
2180 83 2385 142 PAPB
2437 88 2531 143 XII

3750 94 3894 147 1028

438 226 558 279 ~tes
578 221 697 275 hac
721 220 929 274 nostra
953 214 1308 271 auctoritate
1325 215 1388 271 id
1418 212 1585 287 quod
1605 209 1947 286 exposcitur
1959 207 2130 264 effec-
2158 211 2207 264 Α
2234 211 2485 284 populo,
2528 211 2593 267 in
2650 211 2855 282 Gallia,
2909 210 3247 282 Germania,
3310 210 3566 268 Bavaria
3616 214 3900 271 constitu-

472 308 556 366 tui
578 306 1019 377 mancipamus.
1046 305 1112 358 Et
1137 302 1276 360 ideo
1316 319 1557 359 omnem
1584 299 1901 373 cujuslibet
1931 296 2127 353 Eccle-

468 396 568 453 sia
598 393 974 452 sacerdotem
1018 391 1083 451 in
1125 391 1376 465 prafato
1418 389 1783 448 monasterio
1838 386 2127 445 ditionem

466 481 805 556 quamlibet
832 478 1055 536 habere
1077 484 1184 535 aut
1214 480 1626 535 auctoritatem
1655 481 1872 550 prater
1923 473 2128 530 sedem

465 570 865 644 apostolicam
895 568 1309 643 prohibemus,
1343 569 1425 625 ita
1479 572 1546 623 ut
1600 566 1719 623 nisi
1772 565 1850 625 ab
1907 563 2127 619 abbate

466 660 819 718 monasterii
843 659 1017 715 fuerit
1042 657 1346 726 invitatus,
1371 674 1482 714 nec
1532 656 1864 713 missarum
1902 653 2126 708 ibidem

468 749 912 807 solemnitatem
956 747 1265 820 quispiam
1323 749 1653 820 praesumat
1702 743 1950 800 omnino
1981 740 2127 797 cele-

464 839 665 908 brare,
697 844 764 895 ut
791 837 1059 910 profecto
1084 837 1256 908 juxta
1276 837 1333 892 id
1379 836 1544 909 quod
1577 834 1918 906 subjectum
1957 847 2129 903 apos-

464 928 661 985 tolica
689 927 815 983 sedi
848 926 1129 984 ﬁrmitate
1159 924 1451 998 privilegii
1481 923 1749 981 consistit
1774 922 2129 978 inconcusse

467 1017 741 1075 dotatum
771 1018 1123 1088 permaneat
1165 1014 1312 1070 locis
1366 1018 1423 1070 et
1448 1013 1650 1081 rebus,
1685 1016 1809 1068 tam
1840 1010 1924 1066 eis
1975 1025 2128 1082 quas

452 1107 763 1184 .moderno
793 1108 1067 1176 tempore
1096 1108 1255 1161 tenet
1283 1104 1376 1159 vel
1424 1102 1714 1176 possidet,
1742 1116 1930 1174 quam
1974 1115 2129 1171 quas

467 1195 680 1251 futuris
707 1193 1082 1266 temporibus
1111 1193 1173 1248 in
1201 1194 1343 1264 jura
1392 1192 1583 1265 ipsius
1621 1188 1976 1250 venerabilis
2003 1204 2129 1243 mo-

465 1283 711 1341 nasterii
740 1282 947 1339 divina
990 1282 1180 1354 pietas
1224 1298 1443 1352 augere
1480 1281 1730 1337 voluerit
1757 1296 1831 1336 ex
1860 1278 2035 1335 donis
2073 1281 2131 1333 et

465 1373 873 1430 oblationibus
921 1372 1291 1444 decimisque
1347 1371 1617 1427 ﬁdelium
1662 1370 1893 1443 absque
1952 1362 2128 1423 ullius

465 1478 740 1537 persona
788 1461 1259 1518 contradictione
1310 1460 1591 1517 ﬁrmitate
1643 1462 1934 1533 perpetua
1993 1472 2128 1529 per—

2238 298 2327 354 tis.

2309 389 2546 455 Quoties
2576 390 2655 446 ad
2682 390 3014 462 profectum
3040 405 3215 446 nova
3252 389 3732 461 Christianitatis,
3755 407 3902 449 con-

2236 478 2523 535 cessionis
2553 478 2967 551 ﬁrmitatisque
2983 479 3363 552 privilegium
3394 495 3430 535 a
3454 484 3662 537 sancta
3690 483 3903 539 Roma-

2233 581 2315 621 na
2346 566 2624 632 Ecclesia,
2657 567 2754 622 cui
2782 570 2899 622 Deo
2927 571 3168 624 auctore
3197 567 3593 636 deservimus,
3629 571 3901 642 exposci-

2236 657 2349 723 tur,
2376 655 2545 711 toties
2576 655 2744 710 omni
2770 654 3075 724 diligentia
3108 657 3399 729 omnique
3435 673 3643 713 amore
3682 658 3900 731 imper-

2236 742 2328 805 tiri
2355 759 2552 816 operae
2580 744 2836 816 pretium
2867 743 3143 807 duximus
3168 761 3278 813 ;ne
3316 745 3481 818 quod
3513 762 3658 817 erga
3680 747 3781 819 pia
3801 748 3900 805 de-

2235 831 2454 897 sideria
2479 834 2839 906 propensius
2864 833 3135 906 impendi
3162 835 3462 905 convenit,
3481 835 3682 897 callidi
3712 837 3899 893 hostis

2234 921 2458 983 invidia
2484 923 2563 979 od
2611 922 2909 979 desidiam
2942 922 3353 985 indeficienter
3397 924 3713 998 subripiat.
3743 928 3898 982 Totis

2237 1028 2380 1083 ergo
2404 1013 2651 1083 viribus,
2683 1012 3020 1070 charissimi
3062 1013 3294 1081 fratres,
3319 1013 3676 1073 certandum
3706 1020 3813 1083 est,
3836 1020 3901 1072 ut

2239 1101 2760 1171 Christianitatem,
2789 1118 2977 1176 quam
3010 1105 3165 1159 Deus
3198 1103 3583 1175 omnipotens
3631 1120 3741 1178 per
3783 1121 3901 1162 scr-

2235 1206 2342 1245 vos
2388 1207 2529 1255 suos
2561 1191 2782 1247 caelesti
2812 1195 3038 1264 tropaeo
3067 1189 3333 1266 quotidie
3375 1191 3639 1247 extendit
3680 1195 3738 1248 et
3765 1209 3902 1266 pro-

2236 1280 2418 1349 vehit,
2442 1286 2648 1336 nostro
2679 1296 2923 1354 quoque
2949 1296 3055 1354 per
3081 1296 3223 1336 eum
3254 1279 3574 1355 adjutorio,
3604 1281 3670 1336 in
3690 1281 3901 1338 eodem

2240 1368 2526 1425 solidetur
2555 1374 2612 1426 et
2653 1374 2914 1426 maneat.
2945 1373 3109 1426 Nunc
3158 1386 3302 1426 vero
3334 1369 3433 1426 Dei
3466 1375 3754 1443 operante
3789 1371 3899 1428 cle-

2238 1458 2462 1515 mentia
2491 1459 2880 1516 charissimus
2909 1464 2965 1515 et
2996 1458 3536 1516 Christianissimus
3566 1459 3726 1516 ﬁlius
3755 1476 3900 1516 nos-

464 1552 716 1610 fruatur.
767 1552 1195 1609 Constituimus
1247 1568 1492 1624 quoque
1538 1567 1646 1624 per
1690 1550 1872 1620 hujus
1910 1547 2130 1603 decreti
2156 1567 2199 1621 Β
2237 1552 2325 1603 ter
2356 1550 2506 1615 Otto,
2540 1547 2789 1604 devictis
2817 1547 3092 1604 barbaris
3124 1548 3421 1619 gentibus,
3460 1549 3757 1605 Avaribus
3790 1550 3896 1605 sci-

465 1642 657 1699 nostri
686 1641 977 1715 paginam
1017 1645 1083 1696 ut
1130 1640 1476 1712 quicunque
1507 1638 1825 1710 cujuslibet
1852 1635 2128 1692 Ecclesia

467 1732 694 1805 prasul
750 1731 844 1788 vel
896 1747 1262 1803 quacunque
1313 1730 1601 1799 dignitate
1654 1743 1917 1802 persona
1971 1727 2128 1782 hanc

464 1821 656 1877 nostri
684 1820 975 1894 privilegii
1001 1820 1271 1875 chartam
1298 1835 1487 1891 quam
1516 1818 1866 1875 auctoritate
1914 1816 2129 1889 princi-

467 1910 563 1982 pis
613 1908 1029 1981 apostolorum
1083 1907 1399 1963 ﬁrmamus
1448 1911 1740 1963 temerare
1790 1905 2123 1973 tentaverit,

469 1998 796 2053 anathema
826 1997 918 2067 sit,
946 2001 1001 2051 et
1026 1996 1179 2051 iram
1234 1996 1333 2052 Dei
1361 1996 1673 2052 incurrens
1726 2011 1762 2051 a
1809 1998 1967 2050 catu
1996 2006 2125 2049 om-

467 2085 637 2141 nium
663 2089 1012 2142 sanctorum
1060 2084 1312 2140 extorris
1344 2085 1575 2153 existat,
1624 2088 1679 2140 et
1736 2081 2127 2139 nihilominus
2164 2094 2165 2097 ‘

468 2174 701 2248 praefati
730 2174 1080 2231 monasterii
1105 2173 1364 2243 dignitas
1388 2191 1424 2231 a
1452 2174 1628 2230 nobis
1658 2172 1890 2229 indulta
1918 2187 2128 2245 perpe-

466 2262 710 2321 tualiler
759 2264 1047 2321 inviolata
1093 2268 1455 2338 permaneat
1494 2263 1824 2337 apostolica
1879 2261 2130 2318 auctori-

352 2343 357 2349 ’
466 2357 588 2411 tate
620 2354 897 2411 subnixa.

542 2443 840 2514 Scriptum
872 2457 979 2516 per
1008 2457 1258 2498 manum
1292 2441 1522 2512 Leonis,
1548 2439 1936 2497 secundicerii
1972 2439 2130 2495 sedis

468 2531 835 2604 apostolica,
855 2531 917 2586 in
940 2547 1144 2587 mense
1164 2530 1533 2600 Decembrio,
1550 2529 1873 2585 indictione
1895 2528 2126 2601 quinta.

538 2622 758 2675 Datum
790 2622 858 2674 iV
899 2619 1036 2675 ldus
1063 2619 1405 2675 Decembris
1433 2634 1541 2690 per
1582 2633 1837 2673 manum
1880 2615 2131 2672 Joannis

469 2706 736 2780 episcopi
767 2710 823 2763 et
850 2706 1281 2763 bibliothecarii
1325 2710 1546 2762 sancta
1576 2706 1734 2761 sedis
1764 2704 2128 2778 apostolicae,

468 2812 629 2854 anno
690 2800 809 2853 Deo
863 2796 1121 2869 propitio
1190 2796 1572 2869 pontiﬁcatus
1620 2796 1831 2851 domni
1885 2793 2131 2850 Joannis

2230 1635 2371 1692 licet
2422 1636 2673 1709 aliisque
2716 1637 3203 1710 quamplurimis,
3249 1642 3312 1694 ut
3357 1637 3436 1694 ad
3484 1630 3895 1694 defensionem

2239 1729 2459 1781 sancta
2498 1725 2600 1781 Dei
2632 1726 2904 1783 Ecclesiae
2946 1725 3395 1800 triumphalem,
3421 1727 3683 1784 victoria
3712 1728 3899 1801 impe-

2235 1814 2306 1869 rii
2345 1814 2605 1883 culmen,
2651 1832 2758 1888 per
2787 1831 2900 1871 nos
2954 1831 2991 1872 a
3029 1815 3207 1871 beato
3260 1817 3433 1871 Petro
3481 1816 3895 1889 apostolorum

2235 1902 2505 1976 principe
2533 1903 2865 1977 susciperet
2889 1920 3200 1976 coronam,
3228 1920 3531 1961 summam
3570 1909 3627 1961 et
3663 1904 3898 1961 univer-

2228 1982 2445 2067 J'salem,
2479 1992 2575 2048 cui
2616 1996 2733 2049 Deo
2754 1993 3146 2066 prasidemus
3167 1997 3430 2054 auctore.
3467 1993 3632 2049 adiiit
3662 1992 3896 2050 sedem:

2237 2098 2420 2165 quem
2464 2086 2717 2155 paterno
2750 2082 2970 2139 affectu
3027 2082 3442 2157 suscipientes,
3474 2082 3552 2139 ob
3603 2083 3900 2139 defensio-

2237 2187 2379 2227 nem
2430 2176 2653 2228 sancta
2687 2174 2787 2228 Dei
2838 2172 3108 2229 Ecclesiae
3161 2173 3225 2228 in
3277 2174 3701 2247 imperatorem
3759 2189 3897 2229 cum

2238 2261 2398 2320 beati
2424 2263 2570 2319 Petri
2603 2262 3017 2319 benedictione
3046 2262 3359 2319 unximus.
3408 2266 3678 2336 Cumque
3715 2263 3775 2318 in
3801 2279 3897 2318 ec-

2245 2352 2422 2408 clesia
2450 2352 2609 2409 beati
2661 2353 2807 2409 Petri
2834 2353 3093 2428 apostoli
3124 2354 3200 2409 de
3232 2357 3387 2409 statu
3414 2358 3471 2409 et
3497 2353 3786 2424 regimine
3814 2357 3895 2409 to-

2245 2442 2359 2497 tius
2391 2441 2840 2498 Christianitatis
2864 2442 3204 2505 tractantes,
3232 2458 3371 2514 qua
3400 2442 3573 2497 utilia
3600 2446 3757 2511 sunt,
3791 2442 3895 2496 uti-

2241 2531 2371 2587 liter
2393 2531 2729 2587 secundum
2762 2534 2950 2587 Deum
2995 2535 3411 2602 tractarentur,
3443 2531 3725 2605 prafatus
3753 2530 3893 2603 piis-

2244 2622 2434 2677 simus
2465 2621 2791 2694 imperator
2821 2624 2972 2689 Otto,
3000 2620 3255 2694 qualiter
3287 2621 3551 2689 Sclavos,
3583 2636 3730 2694 quos
3767 2621 3894 2695 ipse

2241 2710 2477 2778 devicit,
2510 2710 2571 2765 in
2594 2710 2885 2766 catholica
2915 2710 3033 2766 ﬁde
3070 2710 3304 2766 noviter
3352 2709 3725 2780 fundaverat,
3755 2725 3896 2766 nos-

2240 2804 2345 2857 tra
2370 2800 2627 2856 innotuit
2648 2800 3007 2873 paternitati,
3036 2800 3374 2872 deprecans
3418 2805 3475 2856 et
3519 2799 3741 2855 obnixe
3769 2816 3903 2872 pos-

469 2885 690 2942 summi
721 2886 1011 2959 portiﬁcis
1043 2890 1098 2942 et
1119 2885 1471 2941 universalis
1498 2900 1677 2958 papa
1700 2901 1806 2955 xu,
1835 2884 1896 2940 in
1928 2898 2131 2940 sacra-
2162 2924 2203 2980 C
2242 2890 2459 2960 tulanS,
2492 2906 2568 2945 ne
2606 2906 2768 2957 oves,
2829 2906 2984 2963 quas
3033 2889 3161 2962 ipse
3218 2890 3282 2945 in
3332 2890 3558 2948 Christo
3611 2890 3905 2962 acquisie-

464 2973 697 3031 tissima
736 2975 876 3031 sede
902 2975 1066 3031 beati
1096 2976 1245 3031 Petri
1268 2974 1566 3048 apostoli,
1612 2974 1675 3029 in
1707 2989 1916 3030 mense
1966 2975 2133 3029 sexto
2170 2973 2196 2999 τ

466 3063 793 3122 indictione
824 3065 1057 3138 quinta.

1248 3173 1336 3229 XI.

479 3277 705 3319 JOANNIS
732 3277 889 3318 ΡΔΡΕ
919 3278 998 3316 XII
1022 3276 1381 3339 ‘PRIVILEGIUM
1426 3275 1535 3317 PRO
1566 3274 1822 3316 ECCLESIA
1859 3275 2133 3316 SALZBUR-

1214 3365 1314 3405 GEN
1322 3366 1370 3404 SI
1379 3392 1392 3405 .

1115 3459 1310 3527 (Anno
1340 3455 1486 3528 962).

469 3563 755 3627 Ecclesia?
803 3565 1262 3633 Salzbyrgensis
1292 3563 1617 3632 privilegia
1669 3567 1725 3617 et
1742 3563 2135 3631 possessiones

542 3654 877 3721 conﬁrmat.
902 3652 1217 3708 Friderico
1247 3650 1698 3721 archiepiscopo
1716 3650 2007 3724 pallium,
2029 3665 2134 3720 pe-

542 3747 698 3799 tente
724 3742 935 3798 Ottone
953 3742 1319 3811 imperatore
1327 3738 1645 3810 ,concedit.
1678 3740 2015 3795 Heraldum
2030 3754 2137 3795 ca-

535 3838 738 3901 catum
749 3832 1156 3902 dejectpmque
1167 3829 1681 3899 arcaiepiscopum
1691 3829 2133 3899 ,nisiprocura-

539 3937 605 3978 re
615 3936 791 3978 sacra
807 3919 1669 3991 desistat,,anathematizatum
1690 3918 1769 3973 iri
1796 3918 2133 3974 denuntiat.

468 4010 716 4083 [Apogr.
749 4026 885 4066 sac.
912 4026 985 4065 xu
1014 4009 1076 4064 in
1094 4007 1388 4075 tabuiario
1410 4004 2137 4079 Vindobonensi.—Apud

573 4098 1000 4171 Kleinmayern
1028 4098 1223 4157 Nacti.
1271 4114 1329 4152 v.
1358 4098 1489 4155 Iuv.
1521 4096 1836 4170 Archang.
1870 4095 2020 4167 208].

538 4188 607 4249 Si
638 4188 1038 4253 sacerdotum,
1071 4191 1181 4243 etc.

542 4280 691 4341 Data
713 4294 794 4337 vu
823 4276 963 4335 Idus
996 4275 1297 4339 Februarii
1327 4291 1435 4349 per
1467 4290 1721 4337 manum
1745 4273 2018 4347 Andreas,
2038 4291 2133 4332 ar-
2163 4277 2209 4353 1)

637 4365 859 4424 sanctis
878 4365 1036 4425 sedis
1067 4363 1441 4438 apostolica,
1464 4368 1575 4420 etc.

1235 4473 1357 4530 XII.

464 4582 736 4626 EPISTULA
780 4580 1007 4621 δοΑΝΝιε
1062 4579 1217 4621 ΡΔΡΒ
1245 4580 1323 4620 XII
1367 4580 1438 4620 ΔΙ)
1490 4577 1982 4631 Αιιοωεριεοοροε,
2016 4578 2135 4619 EPI-

540 4670 769 4724 SCOPOS,
800 4670 1069 4722 ABBA'I'ES,
1100 4669 1315 4710 CLEBUI
1346 4669 1414 4708 IT
1445 4667 1698 4708 POPULUM
1731 4668 1964 4720 GALLI/3,
1998 4668 2131 4709 (ΞΕΙί-
2212 4668 2215 4671 ⁷

544 4740 730 4803 πωπω
757 4760 824 4802 ar
852 4759 1130 4802 ΒΑνΑιιω.

1113 4836 1308 4900 (Anno
1348 4832 1498 4903 962).

476 4938 561 4996 Ob
593 4939 804 4995 Ottone
830 4940 867 4994 Ι
892 4941 1252 5009 imperatore
1292 4945 1539 5011 rogatus
1582 4938 1849 4995 decernit
1895 4943 1962 4994 ut
2005 4954 2131 4995 mo-

540 5028 871 5085 nasterium
895 5027 1407 5101 Magdeburgense
1448 5030 1511 5084 in
1536 5028 2128 5098 archiepiscopatum

543 5124 599 5177 et
622 5119 1109 5190 Merseburgense
1124 5119 1188 5173 in
1216 5121 1620 5190 episcopatum
1648 5118 2131 5191 Magdeburgen-

542 5211 621 5266 sis
648 5210 921 5267 Ecclesiae
942 5208 1397 5281 su/f'raganeum
1427 5215 1840 5266 commutetur.

633 5297 830 5371 [Apud
871 5297 1085 5355 Mabill.
1117 5297 1272 5354 Acta
1298 5297 1433 5369 SS.,
1464 5299 1607 5354 Sac.
1636 5300 1700 5368 V,
1726 5314 1788 5370 p.
1822 5290 1966 5370 573'}.

543 5388 786 5444 Jomsss
828 5386 1169 5461 episcopus,
1222 5403 1429 5445 servus
1479 5402 1789 5443 servorum
1818 5386 1939 5455 Dei,
1971 5401 2132 5443 reve-

474 5473 822 5533 rentissimis
854 5476 1275 5546 confratribus,
1295 5476 1778 5552 archiepiscopis,
1811 5474 2126 5550 episcopis,

476 5563 824 5634 abbatibus,
873 5566 1208 5636 monachis,
1258 5566 1640 5640 primatibus,
1690 5565 1858 5625 omni
1886 5564 2044 5621 clero
2074 5568 2132 5622 et

2239 2984 2352 3046 rat,
2420 2978 2499 3034 ob
2566 2978 2824 3050 pastoris
2879 2977 3278 3035 defectionem
3332 2979 3569 3051 antiqui
3617 2979 3907 3052 serpentis

2240 3067 2505 3124 versutia
2534 3067 2966 3124 dominaretur.
3000 3068 3090 3123 Ad
3113 3068 3275 3124 hanc
3316 3068 3521 3141 itaque
3550 3068 3900 3140 petitionem

2240 3172 2589 3226 ascensum,
2623 3155 2836 3212 fratres
2863 3156 3215 3226 charissimi,
3257 3156 3472 3213 merito
3499 3156 3895 3229 prabuimus.

2241 3246 2398 3303 Totis
2433 3261 2581 3317 ergo
2615 3246 2894 3303 medullis
2925 3246 3146 3317 cordis,
3194 3252 3377 3320 prout
3417 3246 3675 3317 dignum
3704 3251 3814 3314 est,
3842 3250 3908 3303 ut

2240 3335 2480 3392 novella
2530 3336 2659 3392 hac
2705 3336 2996 3409 plantatio
3029 3352 3210 3410 super
3239 3336 3523 3393 verticem
3566 3337 3791 3394 montis
3846 3336 3907 3392 in

2241 3428 2430 3498 petra,
2462 3441 2598 3498 qua
2658 3425 2924 3482 Christus
2954 3430 3061 3497 est,
3115 3426 3421 3494 fundatur,
3475 3427 3902 3483 intendamus:

2241 3514 2411 3571 dabit
2452 3514 2605 3571 vires
2636 3515 2740 3587 qui
2796 3515 3104 3571 neminem
3147 3516 3275 3572 vult
3321 3516 3533 3590 perire.
3584 3516 3768 3587 Cujus
3797 3532 3909 3574 an-

2241 3608 2461 3659 nuente
2491 3603 2807 3660 clementia
2834 3605 3140 3674 volumus,
3176 3609 3234 3661 et
3277 3621 3386 3678 per
3416 3606 3567 3662 hanc
3594 3603 3905 3676 privilegii

2243 3693 2531 3765 paginam
2560 3692 2867 3764 jubemus,
2918 3699 2984 3750 ut
3038 3693 3548 3766 Magdaburgense
3591 3697 3908 3749 monaste-

2241 3782 2399 3838 rium
2430 3781 2491 3838 in
2520 3798 2708 3852 regno
2724 3786 3038 3841 Saxonum
3061 3784 3235 3854 juxta
3250 3783 3448 3841 Albim
3469 3787 3905 3851 constructum,

2243 3871 2410 3944 quod
2456 3871 2799 3943 pralibatus
2848 3872 3266 3929 sanctissimus
3308 3873 3632 3946 imperator
3678 3870 3763 3928 ob
3806 3887 3910 3928 no~

2243 3977 2386 4017 vam
2432 3960 2928 4018 Christianitatem
2978 3962 3328 4034 construxit,
3378 3963 3522 4035 quia
3547 3960 3807 4017 vicinius
3848 3960 3907 4016 id

2244 4051 2515 4107 locorum
2547 4050 2827 4121 gentibus
2858 4055 2966 4123 est,
2988 4051 3051 4108 in
3093 4050 3671 4126 archiepiscopalem
3714 4055 3909 4107 trans-

2245 4139 2469 4196 feratur
2498 4138 2726 4207 sedem,
2753 4155 2891 4212 qua
2924 4156 3033 4214 per
3061 4140 3336 4197 subditos
3367 4139 3789 4211 suﬂ'raganeos
3819 4144 3908 4195 ω-

2245 4232 2374 4285 tum
2398 4228 2503 4285 Dei
2527 4243 2771 4298 gregem
2792 4244 3001 4299 regere
3034 4233 3091 4285 et
3117 4230 3456 4300 gubernare
3484 4228 3708 4286 valeat.
3735 4227 3913 4285 Volu-

2244 4335 2383 4374 mus
2408 4322 2466 4374 et
2513 4334 2621 4391 per
2648 4317 2808 4374 hanc
2836 4318 3128 4391 privilegii
3167 4319 3459 4392 paginam
3498 4318 3814 4390 jubemus,
3845 4321 3907 4374 ut

2242 4408 2697 4479 Mersburgense
2721 4408 3177 4474 monasterium,
3207 4408 3375 4482 quod
3416 4408 3546 4481 ipse
3593 4407 3903 4480 piissimus

2242 4498 2587 4575 imperator,
2632 4497 2776 4570 quia
2822 4500 3050 4569 Ungros
3084 4498 3424 4571 prostravit,
3465 4497 3737 4554 futurum
3775 4497 3903 4551 Deo

2240 4588 2503 4659 devovit,
2532 4587 2595 4643 in
2619 4587 3026 4661 episcopalem
3046 4588 3335 4645 evehatur
3355 4586 3584 4655 sedem,
3613 4602 3749 4660 qua
3776 4585 3908 4642 Ma-

2242 4677 2686 4748 gedaburgensi
2714 4678 2787 4734 sit
2808 4677 3044 4734 subdita
3080 4678 3247 4747 sedi;
3277 4677 3421 4751 quia
3449 4681 3537 4733 tot
3559 4681 3767 4746 gentes
3792 4674 3907 4731 sub

2243 4782 2365 4822 uno
2389 4769 2627 4839 pastore
2648 4765 2774 4835 regi
2794 4765 3042 4822 minime
3072 4770 3347 4837 possunt.
3372 4764 3661 4821 Volumus
3698 4767 3758 4820 et
3802 4776 3912 4837 per

2241 4860 2461 4912 nostra
2490 4854 2854 4911 auctoritatis
2885 4854 3267 4928 privilegium
3293 4870 3628 4917 censemus,
3670 4858 3737 4909 ut
3764 4868 3912 4909 cen-

2242 4960 2399 5013 sum,
2438 4945 2500 4998 et
2553 4941 3018 5000 decimationem
3073 4944 3351 5000 omnium
3402 4942 3701 5013 gentium,
3748 4956 3914 5014 quas

2239 5030 2401 5087 idem
2432 5030 2739 5104 piissimus
2768 5032 3097 5105 imperator
3126 5032 3470 5107 baptizavit,
3503 5030 3600 5088 vel
3624 5045 3735 5105 per
3766 5045 3916 5086 eum

2242 5136 2541 5194 suumque
2578 5120 2772 5178 ﬁlium
2820 5122 3204 5197 .aquivocum
3242 5138 3448 5193 regem
3486 5125 3915 5177 successores-

2240 5228 2358 5286 que
2397 5228 2607 5269 eorum
2636 5214 2756 5273 Deo
2806 5218 3108 5272 annuente
3160 5211 3541 5286 baptizanda
3572 5214 3732 5279 sunt,
3793 5209 3918 5284 ipsi

2240 5316 2739 5374 successoresque
2769 5317 2980 5360 eorum
3004 5306 3366 5379 potestatem
3395 5301 3667 5358 habeant
3699 5298 3916 5356 distri-

2238 5389 2487 5459 buendi,
2530 5389 2830 5448 subdendi
2858 5391 3406 5463 Magedeburgensi,
3440 5388 3909 5460 Mersburgensi,

2238 5479 2333 5537 vel
2353 5480 2568 5553 cuique
2598 5480 2782 5539 velint
2812 5482 3024 5538 futura
3056 5481 3202 5538 sedi.
3228 5481 3515 5539 Volumus
3544 5478 3916 5547 etiam,cha-

2237 5566 2458 5624 rissimi
2487 5567 2718 5644 fratres,
2745 5575 2803 5629 et
2834 5587 2909 5628 ex
2945 5570 3109 5628 beati
3136 5572 3286 5629 Petri
3337 5569 3599 5646 apostoli
3623 5568 3918 5642 iussione
