4116 6156
246 206 385 259 1029

1489 195 1842 252 EPISTOLIE
1881 194 1966 250 ET
2001 193 2420 249 PRIVILEGIA.

3522 195 3667 254 1030

243 322 629 396 praecipimus
676 322 733 376 et
785 318 1227 389 Moguntiensis,
1280 317 1679 384 Treverensis,
1736 315 1905 372 Colo-
1937 317 1986 371 A
2015 330 2244 370 mucro
2286 313 2615 370 venerabili
2665 319 3032 373 monaster...
3065 321 3123 374 et
3171 317 3436 390 Dionysii
3485 321 3666 392 atque

245 411 488 479 niensis,
542 409 1045 479 Salzeburgensis,
1096 406 1677 477 Hammaburgensis
1714 406 1907 462 archi-

248 500 561 574 praesules,
593 497 1160 570 Magedaburgensis
1213 496 1558 553 monasterii
1590 496 1652 551 in
1680 494 1909 551 archie-

246 588 634 664 piscopalem,
651 592 708 645 et
723 587 1185 658 Mersburgensis
1209 586 1659 643 translationem
1678 585 1738 639 in
1759 583 1911 656 epis-

249 678 522 753 copalem
567 678 772 734 sedem
821 677 998 733 totius
1030 676 1228 733 cordis
1268 676 1655 749 corporisque
1683 673 1911 730 viribus

249 768 638 826 consentanei
683 768 944 824 fautores
990 766 1331 840 persistant.
1380 767 1539 821 Cum.
1570 781 1709 821 vero
1758 767 1910 819 Deus

248 858 627 933 omnipotens
672 872 779 929 per
804 859 1203 929 praetaxatum
1249 871 1488 910 servum
1520 870 1698 909 suum
1726 851 1911 908 invic-

249 946 547 1002 tissimum
590 944 1035 1018 imperatorem,
1088 960 1387 1016 suumque
1438 942 1627 998 tilium
1682 956 1907 1011 regem,

250 1049 744 1106 successoresque
772 1049 1004 1104 eorum,
1038 1032 1292 1089 vicinam
1329 1032 1640 1089 Slavorum
1672 1034 1910 1100 gentem

251 1125 331 1182 ad
365 1125 592 1181 cultum
634 1123 982 1181 Christianae
1026 1122 1167 1179 ﬁdei
1193 1122 1554 1196 perduxerit,
1583 1137 1690 1194 per
1718 1135 1820 1176 eos
1850 1118 1912 1173 in

250 1212 744 1270 convenientibus
773 1212 919 1269 locis
942 1212 1277 1267 secundum
1298 1211 1763 1285 oportunitatem
1786 1208 1911 1280 epi-

252 1307 534 1376 scopatus
565 1301 862 1369 constitui,
898 1305 955 1357 et
985 1301 1180 1357 eidem
1224 1318 1331 1374 per
1370 1304 1723 1357 conscntum
1769 1314 1913 1371 prae.

252 1392 569 1459 dictorum,
603 1396 661 1448 et
700 1390 1195 1464 archipraasulum
1239 1405 1781 1462 successorumque
1810 1404 1911 1443 eo-

252 1496 411 1545 rum,
440 1480 519 1535 ab
552 1479 1001 1553 archiepiscopo
1054 1478 1552 1549 Magdaburgensi
1594 1478 1911 1550 episcopos

254 1569 592 1624 consecrari
645 1568 928 1625 volumus
987 1568 1427 1639 suﬂ‘raganeos.
1462 1566 1577 1624 Sed
1626 1571 1827 1622 tamen
1866 1564 1914 1619 si

2013 401 2312 476 pontificis
2341 402 2627 475 Sylvestri
2652 403 2755 475 qui
2779 405 3114 478 appellatur
3140 408 3284 464 Cata
3299 406 3461 464 Pauli
3479 423 3672 480 quon-

2014 493 2158 549 dam
2188 509 2363 565 papae
2396 493 2961 568 successoribusque
2978 497 3093 553 tuis
3112 497 3437 557 abbatibus
3455 498 3519 554 in
3542 512 3673 571 per-

2014 585 2285 654 petuum.

2089 669 2374 727 Convenit
2430 670 2757 743 apostolico
2799 672 3198 731 moderamini
3239 675 3341 748 pia
3382 674 3670 746 religione

2017 759 2381 834 pollentibus
2425 759 2719 817 benevola
2766 763 3186 834 compassione
3231 780 3577 821 succurrere
3614 767 3672 820 et

2015 847 2286 922 poscenti
2324 847 2510 903 animi
2556 847 2736 904 alacri
2776 849 3091 906 devotione
3128 851 3416 925 impertiri
3464 868 3671 909 assen-

2019 954 2177 994 sum.
2210 939 2295 992 Ex
2324 938 2440 993 hoc
2468 938 2850 1010 potissimum
2881 940 3195 1012 praemium
3218 940 3387 1013 apud
3402 942 3670 998 condito-

2016 1044 2146 1084 rem
2189 1026 2463 1082 omnium
2524 1028 2776 1086 Domino
2821 1029 3062 1086 veniam
3110 1045 3523 1102 promeremur
3550 1031 3674 1087 sive

2017 1116 2383 1174 venerabilia
2412 1117 2545 1173 loca
2575 1123 2922 1175 sanctorum
2953 1119 3233 1177 ordinata
3255 1121 3335 1176 ad
3363 1120 3673 1179 meliorem

2018 1205 2233 1262 fuerint
2266 1205 2394 1260 sine
2424 1205 2609 1261 dubio
2638 1210 2861 1263 statum
2882 1207 3189 1280 perducta.
3211 1208 3391 1279 Igitur
3411 1209 3554 1281 quia
3573 1212 3676 1265 tua

2017 1294 2371 1364 religiositas
2420 1295 2779 1366 apostolatui
2824 1296 3125 1353 humiliter
3377 1302 3677 1370 quatenus

2016 1382 2485 1438 concederemus
2504 1386 2561 1438 et
2585 1382 3080 1440 conﬁrmarcmus
3092 1384 3261 1441 vobis
3284 1384 3679 1458 praenomina-

2018 1475 2146 1526 tum
2178 1471 2610 1527 monasterium
2635 1489 2775 1528 cum
2802 1473 3073 1529 Ecclesiis
3096 1473 3379 1529 omnibus
3401 1473 3523 1529 suis
3540 1473 3678 1529 aedi-

2020 1559 2170 1615 ﬁciis
2201 1564 2256 1615 et
2283 1560 2651 1632 pertinentiis
2681 1578 2820 1616 cum
2858 1561 3011 1617 infra
3051 1578 3134 1631 se,
3158 1578 3469 1636 quamque
3497 1562 3679 1619 etiam

252 1657 483 1730 praefati
513 1658 614 1713 ﬁlii
645 1658 831 1713 nostri
857 1657 1109 1729 piissimi
1141 1657 1536 1729 imperatoris,
1568 1654 1778 1726 suique
1808 1652 1915 1708 ﬁlii
1942 1671 1984 1722 Β
2021 1650 2178 1705 circa
2208 1666 2290 1716 se,
2325 1650 2622 1722 simulque
2654 1656 2918 1707 montem
2948 1653 3009 1707 in
3039 1653 3269 1723 integro
3293 1653 3398 1726 qui
3419 1652 3681 1727 appella-

254 1744 543 1816 aequivoci
567 1745 723 1814 regis
754 1760 1132 1799 successores
1158 1760 1367 1799 eorum
1395 1746 1614 1799 statuta
1639 1742 1913 1811 frangere

252 1832 624 1901 tentaverint,
656 1837 759 1889 aut
789 1832 1213 1905 praedictarum
1255 1831 1645 1888 ecclesiarum
1675 1835 1913 1887 caetera—

254 1936 507 1994 rumque
541 1922 827 1994 praesules
874 1937 1366 1994 successoresque
1405 1936 1614 1976 eorum
1646 1920 1916 1990 Magede-

255 2008 545 2079 burgensi
576 2008 1029 2081 archiepiscopo
1051 2010 1295 2081 suisque
1326 2008 1797 2076 successoribus,
1817 2008 1921 2063 ad-

252 2098 483 2169 jutores
526 2097 1035 2170 consentaneique
1087 2113 1210 2153 non
1248 2097 1484 2165 fuerint,
1518 2096 1918 2153 anathematis

258 2202 546 2242 mucrone
578 2186 884 2255 feriantur,
918 2202 954 2242 a
984 2202 1346 2259 summoque
1372 2186 1722 2241 retributore
1744 2185 1917 2241 dam-

258 2275 566 2331 nationem
616 2275 741 2330 sine
780 2275 899 2330 ﬁne
943 2275 1248 2347 recipiant.
1284 2275 1675 2348 Omnipotens
1717 2276 1919 2346 itaque

262 2369 415 2421 Deus
452 2365 835 2421 serenissimo
880 2365 1228 2437 imperatori
1268 2364 1483 2433 Ottoni,
1518 2380 1748 2437 suoque
1778 2369 1919 2419 nato

262 2455 571 2525 aequivoco
600 2453 725 2523 regi
756 2453 1163 2525 spiritualibus
1192 2452 1327 2507 ﬁliis
1344 2452 1561 2508 nostris
1584 2452 1921 2523 longaevam

261 2542 481 2597 tribuat
505 2542 689 2597 vitam
722 2560 734 2609 ;
787 2546 1084 2614 quatenus
1115 2541 1175 2597 in
1204 2542 1319 2597 hoc
1357 2541 1576 2596 saeculo
1607 2540 1921 2613 tranquille

261 2631 550 2696 viventes,
581 2631 644 2687 in
697 2631 898 2685 futuro
942 2630 1451 2686 immarcessibilis
1499 2630 1699 2700 gloriae
1738 2630 1923 2702 perci-

259 2720 430 2792 piant
458 2720 748 2791 palmam.
782 2718 1080 2790 Scriptum
1126 2735 1234 2791 per
1263 2734 1516 2775 manum
1548 2719 1755 2774 Leonis
1787 2718 1923 2773 scri-

262 2808 437 2863 niarii
468 2813 687 2863 sanctae
719 2807 877 2862 sedis
906 2807 1250 2879 apostolicae
1280 2808 1340 2862 in
1359 2823 1563 2863 mense
1588 2807 1922 2876 Februario,

263 2897 466 2952 indict.
502 2902 553 2952 5.
588 2899 733 2953 Data
757 2897 908 2952 uid.
946 2896 1247 2953 Februarii
1278 2913 1385 2970 per
1414 2913 1667 2953 manum
1693 2896 1927 2967 Georgii

2021 1742 2119 1794 tur
2163 1740 2436 1808 Augusto
2468 1756 2606 1795 cum
2637 1741 2889 1797 ecclesia
2940 1744 3127 1799 sancti
3156 1744 3366 1815 Angeli
3406 1744 3469 1800 in
3503 1759 3681 1801 cacu-

2022 1828 2182 1883 mine
2213 1828 2402 1900 ipsius
2433 1829 2653 1885 montis
2682 1845 2805 1886 una
2836 1846 2974 1886 cum
3005 1831 3193 1888 vineis
3243 1838 3300 1889 et
3328 1832 3495 1888 terris
3524 1832 3684 1889 circa

2023 1917 2307 1972 eumdem
2336 1923 2627 1990 montem,
2647 1919 2967 1976 etecclesia
2997 1922 3185 1977 sancti
3216 1921 3438 1978 Nicolai
3451 1922 3685 1992 integra

2024 2022 2163 2061 cum
2194 2006 2476 2061 omnibus
2507 2008 2629 2062 suis
2654 2008 3040 2079 pertinentiis,
3070 2010 3239 2065 sicuti
3278 2011 3521 2066 inferius
3552 2009 3683 2067 δ.ῧί-

2025 2111 2133 2151 nes
2163 2095 2455 2167 signatur,
2485 2096 2563 2152 ab
2586 2113 2707 2153 uno
2737 2096 2917 2153 latere
2946 2098 3043 2153 via
3074 2098 3315 2170 publica
3343 2116 3480 2172 quae
3510 2100 3683 2156 ducis

2029 2184 2143 2241 sub
2215 2200 2425 2241 arcora
2481 2190 2537 2241 et
2599 2185 2795 2242 forma
2859 2187 2960 2260 qui
3026 2187 3360 2260 appellatur
3411 2189 3682 2260 virginis,

2029 2276 2088 2329 et
2119 2288 2154 2327 a
2193 2272 2458 2329 secundo
2500 2273 2681 2330 latere
2728 2274 2860 2347 ipsa
2911 2274 3105 2331 forma
3146 2276 3361 2346 virgini
3399 2280 3457 2333 et
3483 2280 3686 2333 monte

2030 2362 2134 2434 qui
2192 2362 2406 2417 dicitur
2460 2362 2638 2425 Pinei,
2693 2368 2751 2418 et
2803 2380 2838 2419 a
2896 2364 3064 2420 tertio
3118 2364 3298 2421 latere
3349 2381 3555 2421 muros
3612 2365 3689 2422 ci-

2029 2452 2227 2508 vitatis
2303 2456 2504 2508 Romae
2574 2457 2629 2508 et
2693 2458 2867 2525 porta
2943 2455 3131 2510 sancti
3180 2456 3490 2526 Valentini,
3545 2459 3602 2512 et
3651 2473 3689 2513 a

2030 2546 2246 2615 quarto
2322 2542 2503 2598 latere
2573 2543 2730 2599 dicto
2808 2561 2982 2600 muro
3047 2544 3217 2601 istius
3289 2546 3541 2602 civitatis
3600 2562 3688 2602 re-

2030 2636 2269 2687 meante
2318 2648 2511 2704 usque
2565 2632 2626 2687 in
2682 2634 2982 2690 Posterula
3041 2634 3291 2707 antiqua
3348 2651 3483 2707 quas
3544 2634 3689 2691 olim

2030 2720 2574 2789 cognominabatur
2653 2725 2875 2777 sanctae
2955 2724 3243 2792 Agathae;
3317 2727 3374 2779 et
3444 2724 3544 2781 via
3609 2723 3690 2781 ab

2032 2812 2168 2883 ipsa
2195 2810 2497 2865 Posterula
2526 2827 2660 2881 quae
2706 2812 2897 2883 pergit
2920 2812 3091 2882 juxta
3134 2830 3317 2885 supra
3359 2814 3579 2885 scripta
3602 2830 3694 2871 ec-

2036 2899 2216 2954 clesia
2264 2903 2322 2954 et
2357 2899 2456 2954 via
2494 2899 2737 2971 publica
2784 2916 2921 2973 quae
2974 2900 3138 2957 ducit
3183 2902 3297 2957 sub
3343 2918 3553 2959 arcora
3583 2903 3694 2960 sita

266 2985 657 3084 secundicerii
706 2990 928 3043 sanctae
977 2986 1537 3084 sedisapostolicre,
1589 3002 1750 3043 anno
1806 2988 1926 3084 Deo
1958 3025 1998 3082 Ο
2035 3004 2301 3061 namque
2332 2991 2520 3044 Roma
2551 2988 2729 3058 Regio
2749 2989 2977 3061 quinta.
3008 2990 3272 3063 Itemque
3293 2995 3349 3047 et
3364 2995 3527 3047 trans
3545 3006 3696 3064 pra:-

264 3074 523 3147 propitio
550 3075 933 3147 pontificatus
962 3074 1172 3130 domni
1201 3075 1449 3131 Joannis
1480 3076 1702 3131 summi
1732 3074 1926 3148 ponti-

268 3164 392 3221 ﬁcis
418 3169 473 3221 et
502 3164 855 3221 universalis
884 3180 1058 3238 papae
1088 3181 1194 3235 vn,
1226 3165 1461 3238 imperii
1492 3165 1701 3221 domni
1740 3164 1930 3238 piissi-

267 3255 351 3310 mi
378 3254 631 3326 Augusti
658 3253 885 3311 Ottonis
918 3270 953 3310 a
983 3258 1103 3311 Deo
1133 3255 1401 3311 coronati
1430 3256 1636 3327 magni
1666 3255 1928 3328 impera-

267 3344 410 3400 toris
440 3360 602 3401 anno
637 3350 686 3415 t,
712 3343 774 3399 in
797 3359 1005 3401 mense
1035 3349 1091 3403 et
1121 3344 1442 3401 indictione
1472 3344 1791 3419 praedictis.

1026 3526 1175 3581 XIII.

268 3658 533 3701 .EPlSTOLA
560 3658 785 3699 JOANNIS
826 3659 981 3698 PAP/E
1010 3658 1090 3697 XII
1122 3659 1193 3696 ΑΙ)
1226 3657 1505 3697 BENRlCl'M
1546 3655 1928 3696 TREVIRENSEM

853 3748 1347 3789 ARCHIEPISCOPUM.

628 3838 1074 3905 Fragmentum.
1098 3866 1166 3875 —
1197 3838 1394 3901 (Anno
1425 3834 1575 3905 962.)

559 3940 666 3998 Illi
694 3958 865 3999 usum
904 3943 1088 4011 pallii
1113 3943 1331 3998 iterum
1355 3942 1645 3998 concedit.

270 4049 475 4123 [Apud
499 4049 803 4117 Gunther.,
825 4048 1933 4119 Cod.diplom.Rhen.——Moseil.l,t27.]

346 4162 589 4215 Joames
622 4174 833 4213 servus
864 4173 1173 4213 servorum
1215 4157 1335 4227 Dei,
1369 4156 1820 4213 charissimo‘ac
1850 4172 1938 4212 re-

276 4246 692 4305 verentissimo
722 4247 969 4303 HENRICO
1018 4251 1236 4303 sanctae
1286 4245 1613 4302 Trevirensi
1660 4245 1935 4302 Ecclesiae

280 4337 753 4412 archiepiscopo,
799 4336 1012 4393 diebus
1055 4336 1188 4393 vitae
1237 4341 1350 4393 tum
1397 4336 1933 4392 tantummodo.....

280 4430 495 4482 Datum
524 4443 581 4481 v1
612 4427 751 4482 Idus
782 4429 912 4483 Jan.
940 4442 1047 4499 per
1080 4443 1331 4484 manum
1362 4426 1569 4484 Leonis
1609 4442 1941 4481 nomencu-

277 4514 483 4571 latoris
527 4519 746 4573 sanctae
779 4516 939 4573 sedis
969 4517 1335 4590 apostolicae,
1367 4532 1549 4587 anno,
1584 4518 1703 4572 Deo
1741 4515 1942 4590 propi-

280 4604 384 4671 tio,
412 4605 800 4678 pontiﬁcatus
847 4606 1059 4662 domni
1096 4607 1341 4663 Joannis
1391 4606 1614 4663 summi
1641 4605 1940 4680 pontiﬁcis

281 4698 337 4749 et
366 4693 715 4751 universalis
742 4712 815 4751 xu
844 4712 1019 4770 papae
1066 4696 1128 4753 in
1178 4696 1570 4753 sacritissima
1613 4696 1752 4752 sede
1782 4694 1941 4751 beati

280 4783 430 4840 Petri
459 4784 714 4858 apostoli
758 4787 1044 4855 secundo,
1076 4786 1139 4842 in
1181 4802 1388 4843 mense
1434 4786 1738 4853 Januario,
1771 4789 1826 4841 et
1854 4784 1942 4840 in-

282 4873 540 4931 dictione
566 4892 661 4946 xv,
690 4890 852 4931 anno
881 4876 1308 4933 incarnationis
1340 4874 1577 4932 Domini
1607 4879 1731 4931 957.

1047 5057 1177 5112 XIV.

321 5187 549 5233 JQANNIS
600 5188 757 5228 PAPIE
818 5188 897 5229 ΧΠ
954 5187 1306 5229 Ριιινιιεαιυιί
1384 5188 1494 5229 PRO
1552 5189 1905 5230 MONASTERIO

360 5278 443 5319 SS.
482 5277 751 5319 STEPHANI
786 5278 852 5317 ΕΤ
891 5277 1130 5317 DIONYSII
1170 5278 1235 5319 ΕΤ
1276 5278 1579 5319 SYLVESTRI
1616 5278 1869 5320 ROMANO.

929 5370 1121 5441 (Anno
1149 5369 1300 5441 962.)

539 5475 793 5547 [Μαι-ιιιὶ,
823 5478 1041 5547 Papiri
1068 5475 1491 5546 diplomatichi
1522 5478 1562 5543 I,
1594 5475 1707 5546 45.]

362 5583 607 5639 Jouaes
636 5583 975 5658 episcopus,
999 5600 1206 5639 servus
1243 5598 1554 5640 servorum
1585 5583 1706 5650 Dei,
1733 5581 1948 5639 dilecto

291 5672 354 5728 in
384 5671 637 5729 Domino
680 5672 803 5730 ﬁlio
833 5677 890 5730 et
914 5689 952 5730 a
976 5671 1154 5729 nobis
1194 5670 1515 5728 constituto
1544 5670 1749 5731 abbati
1771 5674 1947 5728 Tasc-

1968 4382 2014 4437 D

2038 3077 2198 3133 dicta
2226 3077 2421 3133 forma
2468 3081 2526 3133 et
2574 3081 2740 3133 terrae
2789 3094 2928 3133 cum
2970 3078 3236 3134 aediﬁciis
3282 3095 3493 3136 earum
3523 3079 3695 3136 sicuti

2036 3167 2249 3223 eadem
2277 3167 2711 3223 monasterium
2751 3166 3012 3224 detinere
3056 3168 3331 3225 videntur
3371 3186 3510 3226 cum
3539 3174 3697 3227 terra

2034 3258 2190 3314 infra
2219 3273 2281 3313 se
2321 3256 2650 3313 Archiones
2683 3256 2895 3313 subtus
2939 3258 3113 3314 vinea
3151 3258 3225 3315 de
3254 3259 3502 3316 Joannis
3550 3260 3697 3316 olim

2038 3346 2360 3416 magni.....
2418 3345 2798 3419 episcopi.....
2851 3350 3189 3420 Rerumque
3239 3346 3533 3406 Columna
3573 3364 3699 3405 ma-

2032 3437 2163 3508 jore
2211 3451 2553 3492 marmorea
2602 3435 2663 3491 in
2716 3436 2947 3508 integra
2985 3453 3121 3509 quae
3151 3436 3365 3494 dicitur
3395 3439 3696 3495 Antonino

2039 3525 2274 3599 sculpta
2312 3532 2377 3582 ut
2422 3526 2656 3583 videtur
2694 3542 2824 3583 esse
2874 3542 2982 3599 per
3029 3526 3235 3583 omnia
3278 3543 3418 3583 cum
3448 3527 3701 3585 ecclesia

2041 3615 2233 3670 sancti
2289 3614 2542 3670 Andreae
2607 3614 2686 3669 ad
2732 3614 2939 3686 pedes,
3007 3619 3064 3670 et
3112 3620 3268 3672 terra
3338 3616 3398 3671 in
3453 3615 3701 3673 circuitu

2043 3720 2155 3759 suo
2188 3703 2358 3759 sicuti
2383 3702 2651 3776 undique
2684 3718 2719 3759 a
2750 3702 2993 3759 Publica
3038 3703 3133 3759 via
3173 3704 3545 3761 circumdata
3571 3720 3701 3761 esse

2042 3792 2319 3848 videntur
2356 3792 2513 3848 infra
2548 3791 2707 3847 hanc
2734 3791 3030 3847 civitatem
3055 3794 3313 3848 Romam
3340 3798 3700 3850 constructa.

2044 3886 2310 3954 Itemque
2340 3885 2397 3937 et
2424 3880 2559 3937 dua;
2590 3880 2852 3936 ecclesia:
2880 3896 3003 3936 una
3032 3881 3262 3953 majore
3288 3885 3346 3937 et
3372 3882 3489 3938 alia
3513 3881 3706 3939 mino-

2043 3988 2105 4027 re
2152 3987 2288 4045 quae
2335 3969 2550 4026 dicitur
2587 3974 2795 4027 sancta
2840 3969 3039 4040 Maria,
3085 3986 3351 4044 namque
3400 3970 3523 4027 sitae
3565 3975 3703 4029 ante

2043 4066 2282 4135 portam
2310 4077 2496 4135 supra
2525 4060 2727 4132 scripti
2756 4059 3133 4129 monasterii;
3158 4064 3214 4117 et
3240 4060 3490 4118 ecclesia
3515 4061 3706 4118 sancti

2048 4148 2307 4223 Hypoliti
2333 4166 2472 4205 cum
2504 4164 2614 4204 sua
2636 4148 2992 4221 pertinentia
3034 4165 3171 4222 qua:
3209 4152 3301 4205 est
3346 4149 3489 4206 foris
3523 4166 3708 4224 supra

2049 4239 2268 4312 scripta
2315 4239 2510 4295 forma
2551 4254 2690 4293 cum
2728 4238 2977 4295 ecclesia
3017 4238 3206 4294 sancti
3236 4239 3535 4296 Anastasii
3564 4256 3706 4296 cum

2048 4331 2231 4399 puteo
2274 4331 2412 4400 post
2456 4342 2520 4382 se
2570 4343 2710 4381 cum
2755 4343 2867 4383 sua
2909 4327 3300 4399 pertinentia;
3358 4331 3415 4383 et
3459 4327 3709 4384 ecclesia

2053 4416 2243 4473 sancti
2289 4415 2573 4489 Stephani
2602 4416 2707 4489 qui
2736 4415 2950 4472 dicitur
2980 4432 3015 4471 a
3064 4419 3291 4488 Campo
3318 4433 3331 4484 ;
3379 4419 3435 4472 et
3460 4416 3708 4473 ecclesia

2053 4510 2274 4563 sanctae
2297 4506 2487 4564 Mariae
2508 4522 2643 4579 quae
2669 4505 2773 4561 ubi
2797 4506 3014 4562 dicitur
3037 4506 3347 4573 Arciones;
3375 4509 3433 4561 et
3461 4505 3709 4561 ecclesia

2050 4597 2239 4653 sancti
2265 4595 2508 4653 Joannis
2534 4610 2669 4668 quae
2698 4595 2943 4668 ponitur
2965 4594 3028 4650 in
3059 4597 3236 4650 Pinea
3264 4610 3404 4649 cum
3430 4609 3541 4649 sua
3568 4609 3707 4666 per-

2051 4685 2317 4742 tinentia.
2351 4690 2593 4742 Necnon
2624 4683 3055 4740 conﬁrmamus
3081 4682 3251 4739 vobis
3276 4681 3709 4739 monasterium

2051 4775 2113 4830 in
2155 4776 2454 4845 integrum
2502 4773 2691 4830 sancti
2726 4771 3021 4828 Valentini
3064 4788 3203 4827 cum
3257 4770 3540 4827 omnibus
3585 4771 3710 4828 suis

2052 4864 2317 4920 aediﬁciis
2346 4868 2403 4919 et
2431 4861 2779 4934 adjacentiis
2827 4861 2952 4917 suis
3000 4860 3225 4935 ubique
3256 4860 3517 4933 rejacere
3545 4860 3709 4919 vide-

2049 4958 2146 5010 tur
2178 4955 2308 5025 ejus
2336 4951 2703 5026 pertinentiis
2752 4951 2865 5007 sita
2912 4949 3051 5006 foris
3080 4954 3254 5023 porta
3280 4951 3425 5008 item
3453 4969 3588 5027 quae
3619 4953 3712 5009 di-

2051 5044 2201 5099 citur
2227 5043 2417 5099 sancti
2460 5039 2749 5097 Valentini
2780 5040 2932 5111 juris
2981 5056 3165 5114 supra
3214 5041 3418 5116 scripti
3463 5057 3710 5097 venera-

2050 5131 2186 5187 bilis
2212 5129 2573 5187 monasterii.
2610 5130 2833 5185 Verum
2862 5129 3038 5186 etiam
3072 5134 3129 5187 et
3158 5131 3589 5186 conﬁrmamus
3606 5142 3714 5183 vo-

2051 5220 2145 5277 bis
2187 5225 2435 5295 pontem
2483 5219 2742 5277 Milvium
2783 5219 2846 5275 in
2882 5219 3181 5291 integrum
3240 5232 3379 5271 cum
3427 5215 3711 5272 omnibus

2055 5312 2185 5382 ejus
2209 5311 2484 5381 ingressu
2531 5314 2589 5367 et
2626 5326 2890 5381 egressu,
2922 5308 3226 5364 dationem
3260 5303 3354 5360 vel
3396 5303 3706 5361 tributum.

2054 5400 2186 5456 Pari
2226 5400 2410 5456 modo
2455 5404 2512 5457 et
2557 5405 2776 5457 terram
2824 5392 3303 5453 sementariciam
3350 5392 3526 5449 sitam
3562 5392 3711 5450 foris

2057 5496 2295 5565 portam
2319 5493 2506 5547 sancti
2527 5486 2822 5547 Valentini
2838 5485 3010 5555 juxta
3030 5497 3236 5538 muros
3256 5482 3438 5555 hujus
3460 5483 3712 5540 civitatis

2057 5582 2263 5639 Romae
2277 5581 2624 5639 manulaeva
2638 5579 2787 5633 inter
2807 5572 3017 5630 attines
3040 5588 3077 5629 a
3096 5571 3293 5647 primo
3304 5572 3486 5630 latere
3511 5576 3715 5630 Fossa-

2058 5676 2189 5729 tum
2216 5672 2384 5744 quod
2411 5675 2503 5727 est
2541 5663 2896 5725 carbonaria
2940 5662 3091 5721 inter
3126 5661 3330 5736 ipsum
3358 5678 3626 5731 murum,
3656 5665 3716 5720 et
