4166 6162
531 74 663 131 1031

1897 59 2184 118 JOANNIS
2220 47 2421 112 PAPzE
2459 59 2568 114 xu.

3794 61 3944 117 1032

525 196 739 253 eadem
769 199 922 251 terra
951 190 1290 248 extenderet
1309 205 1498 263 usque
1528 188 1590 244 in
1610 187 1864 244 ﬂuvium
1889 183 2173 250 Tiberim;
2205 188 2254 242 A
2294 181 2572 252 tibusque
2605 181 2728 236 suis
2757 179 3086 248 montibus,
3111 178 3405 252 planitiis,
3427 171 3642 250 puteis,
3679 179 3950 238 fontibus

525 289 581 341 et
610 301 646 340 a
671 282 937 340 secundo
965 281 1146 337 latere
1177 279 1376 352 ipsum
1407 277 1658 334 ﬂuvium
1679 281 1734 333 et
1754 293 1787 333 a
1804 274 1974 332 tertio
1999 274 2178 328 latere

522 372 620 429 via
650 371 896 445 publica
923 385 1059 443 qua
1108 367 1272 424 ducit
1310 371 1366 423 et
1392 365 1622 422 reducit
1647 365 1725 421 ad
1769 367 2044 420 sanctum
2075 363 2180 416 Va-

521 461 841 526 lentinum,
871 463 928 515 et
979 475 1016 514 a
1061 461 1277 531 quarto
1305 455 1600 512 latere.....
1625 452 1776 525 juris
1812 452 2034 507 sancta
2064 450 2178 503 Ro-

521 567 720 608 mana
743 549 1034 606 Ecclesia.
1061 553 1122 604 ln
1145 551 1348 602 monte
1374 549 1430 601 et
1449 545 1564 600 alia
1585 547 1738 598 terra
1763 537 2180 597 sementaricia

525 657 664 696 cum
696 638 984 696 ortalibus
1030 636 1153 692 suis
1183 635 1246 690 in
1291 635 1563 703 ingressu
1607 647 1744 686 cum
1782 629 2066 686 omnibus
2098 625 2172 681 ad

523 744 664 784 eum
713 727 1108 800 pertinentem
1165 723 1338 795 posit.
1387 721 1468 776 lbi
1517 720 1647 792 ipso
1699 733 1889 774 manu
1934 717 2179 772 dextera

523 821 732 872 euntes
771 815 850 870 ad
876 817 1150 870 sanctum
1181 809 1558 866 Valentinum
1587 824 1728 863 cum
1772 822 1912 863 arco
1949 805 2178 876 majore

523 904 680 960 infra
711 903 922 959 eadem
954 907 1107 957 terra
1135 915 1269 971 qua
1309 897 1644 970 appellatur
1693 899 2098 952 Passaranum
2123 897 2178 948 et

524 997 724 1048 ortum
752 991 1010 1064 piscium
1052 990 1114 1044 in
1156 988 1458 1058 integrum
1497 987 1648 1042 inter
1677 984 1887 1042 atﬁnes
1917 1000 1952 1040 a
1982 983 2177 1055 primo

523 1081 705 1136 latere
747 1081 874 1150 jam
927 1078 1084 1134 dicta
1113 1077 1210 1132 via
1259 1075 1519 1140 Publica,
1553 1081 1608 1130 et
1636 1091 1672 1130 a
1703 1072 1970 1128 secundo
1995 1071 2178 1127 latere

525 1169 774 1224 fontana
802 1183 974 1240 aqua
1001 1167 1151 1222 vivae
1183 1164 1583 1222 communalis
1609 1164 1758 1218 inter
1784 1178 1966 1234 supra
1991 1160 2178 1232 scrip-

524 1260 652 1312 tum
681 1255 1114 1310 monasterium
1145 1259 1201 1308 et
1232 1253 1577 1323 Gregorium
1609 1249 1982 1308 Mansonario
2013 1249 2180 1304 scho-

521 1345 594 1400 la
626 1344 1018 1400 confessionis
1047 1344 1204 1400 beati
1235 1343 1383 1398 Petri
1405 1341 1678 1414 apostoli,
1707 1345 1763 1394 et
1783 1338 1998 1394 exinde
2022 1341 2179 1393 recte

523 1433 778 1490 ducente
831 1449 1023 1506 usque
1067 1433 1127 1488 in
1159 1435 1340 1504 caput
1379 1431 1452 1486 de
1499 1430 1724 1503 pariete
1763 1429 2028 1500 antiqua,
2057 1431 2114 1482 et
2143 1443 2178 1482 a

523 1524 693 1580 tertio
729 1523 913 1579 latere
946 1511 1101 1578 terra
1141 1522 1215 1578 de
1242 1520 1568 1577 venerabili
1595 1517 1958 1575 monasterio
1991 1516 2180 1572 sancti

525 1612 732 1668 Ciriaci
762 1612 864 1684 qui
895 1611 1138 1684 ponitur
1167 1611 1261 1666 via
1287 1611 1430 1665 Lata
1460 1613 1517 1664 et
1541 1612 1695 1663 recte
1726 1624 1833 1679 per
1857 1605 2040 1662 limite
2064 1605 2175 1660 du-

523 1705 694 1756 cente
724 1701 854 1772 \sic)
882 1715 1122 1754 sursum
1151 1715 1257 1776 per
1285 1698 1539 1753 Planum
1571 1696 1778 1753 Montis
1831 1695 1936 1768 qui
1965 1693 2179 1750 dicitur

525 1789 829 1844 Bossetulo
859 1793 916 1843 et
945 1788 1064 1844 exit
1109 1787 1170 1842 in
1213 1786 1309 1842 via
1339 1785 1658 1842 Flaminea.
1697 1788 1920 1856 Nempe
1951 1787 2006 1839 et
2033 1799 2176 1838 con-

525 1877 840 1932 ﬁrmamus
887 1876 1059 1932 vobis
1108 1875 1335 1932 cassale
1375 1875 1437 1930 in
1477 1875 1776 1944 integrum
1804 1873 1931 1945 qui,
1963 1873 2178 1928 dicitur

525 1965 724 2022 Girulo
748 1981 886 2020 cum
912 1964 1164 2020 diversis
1193 1963 1509 2020 arboribus
1539 1962 1682 2032 suis,
1714 1979 1852 2017 cum
1892 1961 2176 2017 omnibus

523 2052 604 2108 ad
634 2069 774 2108 eum
821 2052 1275 2126 pertinentibus,
1310 2052 1460 2107 sicut
1487 2051 1660 2107 vobis
1708 2067 1816 2123 per
1859 2049 2176 2122 scriptura-

523 2159 660 2198 rum
689 2143 900 2199 seriem
917 2142 1208 2214 pertinere
1229 2141 1462 2197 videtur
1491 2140 1752 2213 positum
1769 2139 1912 2194 foris
1938 2143 2176 2212 portam

526 2232 712 2288 sancti
733 2231 1020 2287 Valentini
1042 2230 1317 2286 milliario
1343 2229 1420 2284 ab
1443 2229 1590 2284 urbe
1611 2233 1798 2284 Roma
1815 2227 1950 2300 plus
1975 2229 2176 2283 minus

523 2319 702 2376 unius
726 2321 878 2376 inter
921 2319 1132 2376 afﬁnes
1161 2318 1240 2375 ab
1283 2334 1405 2374 uno
1433 2317 1616 2374 latere
1647 2317 1738 2373 via
1767 2317 2011 2389 publica
2039 2332 2176 2389 qua

524 2415 612 2466 est
636 2409 794 2466 silice
819 2409 1065 2482 antiqua
1093 2408 1198 2482 qui
1245 2407 1553 2466 descendit
1594 2422 1784 2479 usque
1827 2405 1889 2461 in
1932 2405 2178 2476 Sangui-

523 2499 713 2567 naria,
745 2503 803 2553 et
843 2515 879 2554 a
924 2497 1189 2554 secundo
1237 2497 1418 2553 latere
1471 2495 1758 2552 li‘ormello
1813 2511 1986 2568 aqua
2029 2495 2177 2549 viva

524 2587 629 2657 qui
658 2585 776 2641 exit
805 2586 918 2641 sub
959 2590 1162 2642 monte
1199 2585 1370 2640 istius
1402 2584 1598 2639 Girulo
1630 2599 1734 2638 seu
1759 2589 1933 2656 prato
1963 2582 2036 2638 de
2077 2599 2176 2637 su-

522 2689 634 2746 pra
663 2673 882 2746 scripto
909 2678 1115 2730 sancto
1147 2672 1463 2735 Ciriaco,et
1485 2688 1520 2727 a
1541 2672 1709 2728 tertio
1737 2671 2172 2744 mou....prad.

521 2763 941 2820 Monasterium
970 2762 1161 2818 sancti
1181 2761 1486 2823 Valentini,
1517 2777 1623 2816 seu
1653 2766 1808 2817 terra
1839 2759 2180 2816 sementari-

523 2850 615 2906 cia
637 2851 790 2922 juris
819 2851 1004 2908 vestri
1029 2849 1374 2907 monasterii
1403 2866 1588 2922 quam
1616 2849 1882 2906 detinent
1909 2849 2177 2905 haredes

521 2939 778 2995 Romani
811 2955 847 2995 a
879 2955 1096 3012 campo
1125 2939 1325 2996 Martio
1376 2954 1412 2994 a
1438 2943 1654 3010 quarto
1679 2938 1880 2994 latere.
1913 2941 2176 3010 Itemque

522 3029 952 3084 confirmamus
981 3027 1150 3084 vobis
1179 3027 1380 3083 casale
1427 3043 1616 3082 unum
1647 3027 1708 3082 in
1747 3027 2044 3097 integrum
2071 3025 2176 3098 qui

522 3117 857 3188 appellatur
887 3115 1141 3188 Pelajolo
1190 3132 1328 3171 cum
1375 3116 1544 3171 terris
1587 3117 1711 3170 suis
1758 3115 2172 3185 sationalibus,

521 3205 772 3278 campis,
803 3207 1008 3278 pratis,
1035 3205 1298 3278 pascuis,
1329 3209 1517 3260 mont.
1550 3204 1612 3260 in
1659 3221 1778 3276 quo
1809 3208 1898 3260 est
1925 3203 2176 3260 ecclesia

520 3295 708 3350 sancti
741 3294 1020 3367 Sylvestri
1047 3293 1108 3350 in
1150 3294 1397 3350 desertis
1444 3294 1659 3367 posita,
1693 3298 1748 3349 et
1795 3310 1936 3350 cum
1978 3293 2172 3350 omni-

520 3383 634 3438 bus
657 3383 1004 3452 generaliter
1033 3383 1109 3439 ad
1137 3399 1276 3438 eum
1309 3383 1442 3438 etin
1463 3383 1694 3454 integro
1715 3382 2170 3456 pertinentibus,

521 3471 690 3526 sicuti
718 3471 858 3526 olim
887 3472 950 3526 in
980 3487 1164 3542 supra
1203 3472 1421 3544 scripto
1447 3471 1772 3527 venerabili
1811 3472 2172 3528 monasterio

518 3560 582 3614 in
612 3560 1146 3616 commutationem
1169 3559 1332 3616 dedit
1357 3575 1466 3632 per
1492 3559 1976 3616 commutationis
2005 3561 2174 3617 char—

521 3647 706 3705 tulam
731 3648 1039 3704 Albericus
1067 3648 1381 3721 quondam
1403 3651 1812 3705 Romanorum
1841 3653 2082 3709 senator
2109 3649 2173 3705 in

517 3755 640 3813 qua
669 3743 726 3795 et
749 3738 845 3794 ille
873 3755 1010 3794 cum
1041 3737 1163 3794 suis
1183 3737 1852 3795 fratribus....manibus
1876 3739 2175 3812 subscrip-

518 3833 740 3898 serunt,
784 3828 1058 3884 videlicet
1099 3827 1478 3885 Constantius
1521 3828 1740 3884 nobilis
1785 3828 1896 3899 vir,
1938 3829 2174 3898 Sergius

519 3923 740 3975 sancta
793 3919 1098 3990 Nepesina
1149 3917 1420 3973 Ecclesia
1447 3917 1787 3990 episcOpus,
1820 3934 1960 3973 cum
2005 3921 2174 3974 Berta

516 4011 573 4063 et
601 4007 716 4064 alia
763 4009 934 4063 Berta
979 4009 1225 4080 propter
1271 4006 1487 4063 vallem
1537 4007 1728 4063 sancti
1755 4007 1862 4063 Viti
1900 4025 2082 4080 quem
2111 4008 2174 4063 in

513 4097 839 4154 venerabili
869 4096 1240 4154 monasterio
1287 4096 1396 4153 fuit
1418 4095 1593 4170 posit.
1628 4096 1769 4153 foris
1799 4105 2036 4169 portam
2068 4100 2170 4153 Sa-

513 4186 728 4243 lariam
764 4186 1106 4243 milliario...
1135 4186 1302 4242 tertio
1329 4187 1500 4258 juxta
1549 4187 1800 4242 ﬂuvium
1831 4187 2052 4243 Tiberis
2079 4187 2170 4242 in-

517 4281 600 4334 ter
629 4274 840 4331 afﬁnes
870 4275 947 4331 ab
975 4291 1097 4332 uno
1122 4274 1302 4331 latere
1341 4275 1599 4331 fundum
1639 4276 1900 4347 Gorgini,
1933 4281 1990 4332 et
2019 4292 2055 4332 a
2085 4293 2174 4333 se-

514 4365 714 4421 cundo
741 4363 925 4420 latere
954 4365 1154 4436 ipsum
1183 4362 1436 4420 ﬂuvium
1462 4363 1682 4420 Tiberis
1714 4381 1820 4421 seu
1867 4369 2022 4421 terra
2065 4366 2171 4422 ubi

512 4471 674 4511 nunc
706 4457 848 4510 sunt
875 4454 1065 4509 vinea
1094 4469 1233 4509 cum
1261 4459 1434 4526 prato
1465 4470 1574 4510 suo
1604 4453 1679 4510 de
1699 4455 2021 4510 venerabili
2045 4473 2171 4510 mo-

510 4541 772 4600 nasterio
796 4541 985 4598 sancti
1015 4541 1210 4597 Bazilii
1240 4541 1330 4597 sit.
1353 4541 1414 4598 in
1439 4541 1607 4598 Scala
1632 4546 2008 4599 mortuorum
2030 4561 2168 4600 cum

509 4633 627 4688 alia
652 4636 828 4688 terra.
861 4633 1004 4686 item
1029 4647 1168 4686 cum
1219 4635 1391 4702 prato
1441 4647 1550 4686 suo
1581 4630 1655 4687 de
1684 4632 2006 4688 venerabili
2044 4650 2170 4690 mo-

511 4721 770 4776 nasterio
811 4725 1124 4776 sancta...
1153 4726 1372 4776 terram
1421 4736 1560 4775 cum
1589 4723 1762 4792 prato
1789 4736 1898 4776 suo
1928 4720 2002 4775 de
2036 4723 2169 4776 Gre-

511 4809 678 4879 gorio
721 4824 758 4864 a
807 4812 967 4882 Capo
1011 4812 1228 4878 Marzo;
1290 4826 1326 4866 a
1373 4809 1542 4866 tertio
1591 4809 1772 4866 latere
1803 4810 2062 4866 fundum
2089 4809 2168 4866 ad

508 4898 778 4971 quinque
823 4898 1155 4968 columnas,
1201 4903 1258 4956 et
1309 4900 1414 4973 qui
1465 4899 1679 4956 dicitur
1731 4899 1989 4969 Molario,
2030 4905 2088 4956 et
2132 4917 2170 4956 a

507 4989 726 5060 quarto
753 4985 938 5040 latere
986 4985 1166 5042 etiam
1206 4988 1638 5045 conﬁrmamus
1685 4988 1882 5045 casale
1909 4990 1971 5044 in
2018 4989 2167 5044 inte-

508 5092 684 5148 grum
716 5075 820 5149 qui
848 5074 1065 5132 dicitur
1100 5075 1404 5132 Gallorum
1434 5083 1492 5134 et
1519 5077 1848 5134 Balleolum
1880 5083 1935 5134 et
1965 5079 2168 5136 Pacia-

503 5182 652 5222 num
672 5165 794 5222 sive
818 5165 1040 5238 quibus
1071 5163 1202 5221 aliis
1232 5165 1542 5221 vocabulis
1573 5165 1944 5222 vocabantur
1965 5171 2068 5224 aut
2090 5167 2169 5224 ab

504 5255 732 5324 origine
757 5253 1142 5311 fuerintsicut
1169 5253 1526 5326 olim....per
1557 5255 1898 5312 donationis
1929 5258 2169 5313 chartu-

502 5360 627 5414 lam
647 5344 708 5399 in
732 5360 916 5417 supra
943 5343 1163 5417 scripto
1197 5347 1392 5400 vestro
1423 5343 1614 5400 obtuli
1641 5345 2009 5401 monasterio
2033 5361 2172 5402 cum

503 5431 673 5486 terris
691 5431 1188 5500 stationabilibus,
1209 5433 1432 5505 cryptis
1453 5433 1760 5502 arenariis,
1783 5434 2174 5506 campis,pas-

503 5521 652 5588 cuis,
683 5521 890 5594 pratis,
918 5522 1186 5579 adiﬁciis
1209 5522 1518 5595 parietinis
1545 5523 1858 5590 adventus,
1893 5521 2175 5592 adjacen-

2205 1547 2248 1600 Β

2289 270 2516 326 cultum
2544 275 2600 325 et
2627 269 2935 338 incultum,
2953 269 3359 341 omnibusque
3388 267 3465 323 ad
3490 283 3630 324 eum
3651 271 3954 341 pertinen-

2289 359 2448 416 tibus
2503 359 2682 414 situm
2738 358 2970 414 foris....
3021 358 3100 416 ab
3148 357 3283 431 ipso
3329 361 3508 430 ponte
3556 357 3692 430 plus
3739 361 3950 416 minus

2287 447 2485 504 unius.
2521 451 2674 504 Inter
2703 447 2914 504 afﬁnes
2943 447 3020 504 ab
3047 463 3172 504 uno
3195 445 3377 503 latere
3409 447 3604 502 casale
3631 449 3798 521 quod
3837 449 3954 506 fuit

2287 536 2600 609 quondam
2636 539 2786 592 Rose
2823 537 3261 609 superinstante
3299 539 3356 591 et
3389 551 3426 591 a
3457 535 3725 592 secundo
3763 536 3952 594 latere

2287 625 2510 698 pariete
2540 625 2806 698 antiqua,
2841 630 2898 681 et
2925 629 3081 681 terra
3109 641 3248 698 qua
3301 623 3446 680 olim
3498 623 3608 679 fuit
3634 625 3954 697 quondam

2289 715 2530 770 Azzonis
2556 714 2775 770 sacella
2802 713 2908 770 ﬁlii
2953 713 3058 786 qui
3100 729 3263 768 nunc
3289 712 3510 768 detinet
3533 712 3732 786 Elpizo
3761 714 3954 770 nobili

2287 804 2433 870 viro,
2463 808 2518 858 et
2545 819 2582 859 a
2607 803 2773 858 tertio
2793 801 2976 858 latere
3001 806 3154 857 terra
3177 800 3462 872 Stephani
3487 800 3561 856 de
3583 801 3949 859 Teodoro....

2286 891 2469 947 latere
2499 897 2709 964 crypta
2756 907 2892 963 qua
2941 890 3155 946 dicitur
3205 890 3618 962 Serpentarico
3660 907 3798 946 cum
3830 891 3954 947 alia

2288 984 2444 1036 terra
2470 985 2721 1036 vacante
2743 980 2916 1050 juxta
2947 995 3010 1034 se
3046 978 3198 1050 juris
3223 979 3572 1034 monasterii
3598 980 3787 1035 sancti
3817 979 3952 1035 Viti.

2287 1073 2558 1142 Namque
2588 1075 2644 1125 et
2671 1069 2791 1124 alia
2823 1074 2976 1124 terra
3003 1067 3322 1124 sationales
3351 1068 3542 1141 petias
3584 1068 3737 1124 duas
3765 1069 3828 1124 in
3857 1069 3952 1124 in-

2289 1161 2484 1227 tegras
2514 1157 2597 1213 ibi
2640 1157 2772 1230 ipso
2802 1156 3030 1230 positas
3073 1157 3250 1228 juxta
3299 1156 3500 1230 ipsum
3541 1156 3734 1212 casale
3762 1173 3954 1230 supra

2291 1247 2508 1314 scripta
2557 1251 2766 1319 crypta
2818 1247 2894 1302 de
2944 1247 3056 1302 ista
3103 1249 3276 1320 parte
3321 1246 3509 1320 ipsius
3548 1251 3772 1320 crypta
3797 1247 3955 1318 juris

2289 1335 2636 1391 monasterii
2669 1335 2857 1390 sancti
2890 1334 3013 1390 Viti.
3049 1334 3178 1390 Pari
3223 1335 3406 1390 modo
3453 1339 3510 1390 et
3555 1334 3797 1391 foris...
3833 1339 3954 1390 Nu-

2290 1428 2544 1490 ment....
2575 1424 2770 1479 casale
2803 1424 2863 1478 in
2893 1423 3194 1494 integrum
3223 1423 3388 1496 quod
3425 1423 3760 1496 appellatur
3785 1427 3958 1480 Lam-

2290 1512 2414 1585 pati
2437 1529 2578 1568 cum
2609 1513 2892 1568 omnibus
2914 1513 2992 1569 ad
3018 1528 3160 1567 eum
3185 1511 3635 1584 pertinentibus.
3654 1513 3786 1569 Pari
3819 1529 3954 1568 mo-

2289 1601 2368 1656 do
2400 1601 2831 1657 conﬁrmamus
2863 1601 3034 1657 vobis
3061 1600 3261 1656 casale
3291 1617 3412 1657 uno
3437 1601 3496 1656 in
3519 1601 3751 1672 integro
3777 1601 3958 1674 quod

2288 1690 2504 1746 dicitur
2531 1691 2839 1762 Aguziano
2867 1691 2971 1762 qui
2999 1690 3246 1762 ponitur
3283 1689 3421 1745 foris
3461 1697 3706 1763 pontem
3737 1693 3954 1758 Matra,

2285 1785 2574 1852 praterea
2626 1785 2683 1834 et
2735 1778 3170 1834 conﬁrmamus
3217 1777 3385 1834 vobis
3431 1778 3690 1835 fundora
3737 1784 3860 1834 tres
3893 1780 3956 1835 in

2285 1870 2516 1939 integro
2549 1885 2740 1924 unum
2772 1869 2880 1942 qui
2908 1867 3125 1924 dicitur
3149 1871 3330 1940 ponte
3374 1867 3450 1922 de
3477 1871 3641 1923 Nono
3673 1867 3748 1924 ab
3785 1869 3955 1926 intra

2285 1957 2417 2030 ipso
2461 1963 2642 2029 ponte
2685 1973 2826 2013 cum
2857 1957 3108 2012 diversis
3157 1955 3324 2012 terris
3362 1955 3752 2012 sationalibus
3777 1955 3956 2011 arbo-

2285 2046 2452 2102 ribus
2477 2047 2602 2102 suis
2635 2047 2756 2102 sive
2788 2051 3014 2120 crypta
3039 2044 3324 2102 arenariis
3355 2061 3494 2101 cum
3519 2045 3826 2118 parietinis
3853 2045 3955 2101 de-

2287 2135 2454 2192 sertis
2487 2135 2690 2192 Sinino
2724 2151 2905 2208 opere
2930 2139 3247 2208 cooperta,
3281 2135 3510 2191 cultum
3538 2140 3595 2190 et
3631 2134 3950 2203 incultum,

2287 2229 2344 2282 et
2393 2241 2535 2282 cum
2591 2225 2872 2282 omnibus
2933 2224 3013 2282 ad
3078 2241 3218 2281 eum
3283 2223 3718 2297 pertinentibus
3768 2225 3945 2297 posit.

2285 2320 2468 2387 ponte
2539 2331 2723 2388 supra
2785 2315 2984 2387 script.
3062 2314 3332 2384 Joannis,
3387 2313 3493 2387 qui
3566 2313 3783 2369 dicitur
3851 2315 3951 2370 via

2287 2405 2493 2460 Latina
2563 2407 2950 2476 nuncupatur
3021 2403 3298 2460 milliario
3375 2403 3456 2458 ab
3529 2402 3674 2459 urbe
3747 2406 3946 2458 Romae

2287 2493 2422 2566 plus
2469 2493 2670 2548 minus
2726 2509 2910 2550 nono.
2961 2497 3116 2549 Inter
3161 2493 3372 2549 afﬁnes
3429 2509 3468 2548 a
3523 2492 3721 2566 primo
3765 2492 3946 2548 latere

2289 2598 2472 2654 supra
2515 2582 2735 2654 scripta
2809 2581 3004 2638 forma
3076 2581 3555 2655 aquaductionis
3615 2597 3752 2654 qua
3807 2581 3946 2637 dici-

2286 2676 2382 2728 tur
2438 2671 2684 2728 Claudia
2736 2675 2794 2727 et
2837 2671 3021 2743 prad.
3068 2675 3250 2743 ponte
3303 2671 3410 2743 qui
3470 2670 3686 2727 dicitur
3739 2674 3940 2739 Nono;

2287 2765 2344 2817 et
2382 2777 2418 2817 a
2458 2761 2723 2816 secundo
2758 2761 2942 2816 latere
2989 2761 3118 2833 jam
3161 2760 3406 2833 praefata
3447 2760 3644 2816 forma
3672 2760 3778 2833 qui
3809 2760 3944 2816 dici-

2288 2853 2382 2905 tur
2411 2848 2921 2916 Ebeberatorium,
2953 2853 3010 2905 et
3039 2865 3076 2904 a
3103 2849 3272 2905 tertio
3301 2848 3483 2905 latere
3531 2853 3692 2904 corte
3732 2849 3806 2904 de
3834 2851 3943 2904 Mo-

2285 2953 2447 3005 rene,
2480 2942 2537 2994 et
2581 2953 2617 2994 a
2657 2941 2872 3010 quarto
2921 2937 3104 2994 latere
3145 2937 3332 2994 limite
3375 2937 3476 3010 qui
3525 2936 3744 2993 dicitur
3782 2938 3942 3008 justa

2287 3031 2517 3099 crypta,
2547 3027 2654 3099 qui
2681 3026 2895 3082 dicitur
2914 3026 3194 3083 Ardenda
3219 3026 3372 3098 juris
3403 3017 3628 3082 sancta
3659 3029 3939 3083 Romana

2285 3115 2576 3171 Ecclesia.
2621 3119 2886 3188 Itemque
2942 3120 2999 3171 et
3040 3115 3228 3172 alium
3277 3115 3532 3171 fundum
3573 3114 3682 3187 qui
3729 3115 3941 3170 dicitur

2283 3205 2674 3262 Dominicalia
2701 3206 2762 3260 in
2787 3221 2910 3278 quo
2938 3210 3027 3262 est
3051 3206 3301 3262 ecclesia
3329 3205 3569 3262 deserta
3586 3221 3731 3261 cum
3755 3206 3940 3261 hortis

2283 3298 2341 3350 et
2367 3295 2670 3367 parietinis
2722 3295 2866 3365 suis,
2899 3295 3126 3352 cultum
3179 3300 3236 3353 et
3271 3295 3588 3367 incultum,
3633 3294 3940 3352 omnibus-

2281 3399 2400 3456 que
2430 3383 2508 3438 ad
2533 3399 2673 3439 eum
2696 3383 3132 3456 pertinentibus
3174 3385 3356 3440 situm
3383 3399 3568 3456 supra
3599 3385 3816 3458 scripta
3839 3382 3938 3438 via

2283 3472 2487 3527 Latina
2524 3473 2696 3544 juxta
2733 3471 2934 3544 ipsum
2977 3473 3486 3545 pranominatum
3537 3472 3788 3529 fundum
3827 3469 3934 3543 qui

2281 3559 2496 3614 dicitur
2524 3565 2706 3632 ponte
2735 3560 2810 3616 de
2840 3564 3028 3616 Nono.
3063 3562 3216 3616 lnter
3243 3561 3460 3618 afﬁnes
3491 3561 3564 3616 ab
3595 3576 3712 3615 uno
3741 3559 3926 3614 latere

2279 3646 2483 3719 ipsum
2539 3647 2798 3704 fundum
2856 3653 2913 3705 et
2963 3665 3000 3704 a
3048 3649 3316 3706 secundo
3365 3649 3540 3706 latere
3599 3647 3726 3702 rivo
3783 3661 3932 3701 cum

2279 3751 2441 3808 aqua
2494 3736 2754 3792 decurrit
2794 3735 2900 3809 qui
2947 3737 3285 3810 appellatur
3329 3737 3552 3812 Papati,
3592 3739 3650 3792 et
3684 3751 3721 3791 a
3765 3733 3937 3790 tertio

2277 3824 2461 3881 latere
2491 3825 2588 3882 via
2617 3825 2860 3898 publica
2911 3841 3050 3882 cum
3095 3827 3258 3883 silice
3299 3827 3549 3900 antiqua
3575 3831 3632 3882 et
3657 3841 3694 3882 a
3721 3829 3942 3897 quarto

2277 3914 2458 3971 latere
2479 3915 2675 3972 forma
2699 3915 2928 3987 majore
2953 3921 3011 3972 et
3040 3915 3298 3972 fundum
3319 3917 3424 3990 qui
3454 3915 3790 3989 appellatur
3811 3928 3948 3986 sep-

2277 4007 2398 4060 tem
2425 4004 2591 4059 Vassi
2617 4021 2756 4060 cum
2781 4005 3057 4075 ejusdem
3085 4007 3463 4078 pertinentia,
3497 4005 3678 4061 etiam
3705 4009 3762 4059 et
3805 4003 3946 4059 fun-

2278 4093 2426 4148 dum
2457 4093 2643 4148 alium
2685 4093 2746 4148 in
2798 4093 3098 4165 integrum
3146 4095 3252 4167 qui
3281 4098 3619 4151 vocatur....
3653 4109 3768 4150 nos
3799 4108 3948 4148 cum

2279 4183 2531 4239 diversis
2561 4182 2707 4238 locis
2750 4187 2807 4239 et
2844 4185 3175 4254 vocabulis,
3206 4185 3479 4242 videlicet
3505 4183 3661 4240 valle
3695 4183 3950 4240 Mancia-

2279 4274 2388 4343 ria,
2417 4289 2558 4330 casa
2595 4273 2878 4346 pretiosa,
2917 4279 3120 4331 monte
3168 4276 3276 4347 qui
3324 4273 3540 4330 dicitur
3590 4271 3862 4345 Paupelli
3889 4274 3950 4326 et

2279 4378 2498 4434 campo
2523 4363 2627 4436 qui
2665 4363 2879 4420 dicitur
2916 4363 3293 4436 Albanensis,
3323 4363 3418 4420 vel
3447 4363 3494 4419 si
3539 4363 3676 4436 quis
3705 4377 3945 4417 nuncu-

2277 4457 2498 4525 pantur
2527 4468 2666 4508 cum
2696 4451 2864 4508 terris
2913 4456 2971 4509 et
3017 4453 3350 4509 sationibus
3396 4452 3541 4507 suis.
3575 4449 3740 4508 Silvis
3765 4453 3822 4504 et
3851 4448 3948 4503 di-

2243 4533 2245 4536 i
2278 4541 2464 4597 versis
2497 4541 2814 4597 arboribus
2845 4541 2987 4612 suis,
3020 4542 3344 4616 aquimolis
3383 4539 3774 4608 molentibus,
3806 4537 3938 4594 sive

2277 4629 2590 4686 ecclesiam
2623 4630 2924 4686 desertam
2964 4647 3100 4703 qua
3142 4631 3357 4688 dicitur
3387 4629 3575 4686 sancti
3605 4629 3758 4684 Petri
3787 4627 3948 4700 posi-

2277 4721 2399 4774 tam
2419 4719 2549 4790 jam
2579 4718 2653 4773 de
2679 4719 2777 4773 via
2799 4719 3004 4776 Latino
3029 4719 3302 4776 milliario
3325 4719 3404 4776 ab
3427 4719 3572 4775 urbe
3595 4721 3785 4774 Roma
3807 4716 3948 4790 plus

2277 4807 2478 4863 minus
2525 4808 2755 4874 decem,
2801 4809 2880 4864 ab
2931 4825 3054 4866 uno
3101 4809 3284 4866 latere
3328 4814 3484 4866 terra
3527 4807 3952 4864 sementaricia

2277 4897 2381 4952 ubi
2425 4896 2564 4952 olim
2612 4895 2851 4954 fuerunt
2879 4905 3052 4971 prata
3099 4900 3205 4971 qui
3248 4903 3538 4956 vocantur
3573 4897 3761 4968 Pauli,
3793 4913 3834 4953 a
3863 4913 3952 4953 se-

2279 4987 2478 5042 cundo
2513 4985 2694 5043 latere
2741 4987 2998 5045 fundum
3042 4989 3324 5060 Civitella,
3357 5005 3395 5047 a
3423 4989 3592 5046 tertio
3634 4987 3822 5044 latere
3847 4988 3954 5044 via

2279 5077 2525 5133 Publica
2589 5077 2696 5150 qui
2751 5078 3057 5136 descendit
3107 5079 3212 5136 ubi
3265 5079 3479 5137 dicitur
3540 5077 3690 5134 cella
3748 5077 3954 5134 sancti

2279 5165 2448 5236 Petri,
2479 5169 2537 5222 et
2581 5182 2618 5222 a
2661 5171 2878 5238 quarto
2929 5167 3112 5225 latere
3155 5169 3477 5226 ecclesiam
3523 5167 3762 5224 deserta
3807 5183 3952 5240 qua

2281 5256 2616 5330 appellatur
2643 5262 2862 5314 sancta
2883 5259 3073 5316 Maria
3103 5259 3165 5316 in
3191 5260 3470 5318 diaconia
3498 5263 3555 5315 et
3578 5257 3796 5314 exinde
3817 5257 3958 5314 des-

2281 5344 2479 5400 cendit
2519 5361 2626 5418 per
2657 5349 2965 5404 Fossatum
2995 5365 3188 5421 usque
3217 5349 3278 5405 in
3309 5346 3718 5423 suprascripta
3746 5345 3954 5403 forma

2281 5435 2535 5506 majore,
2567 5434 2663 5490 vel
2701 5436 2750 5490 si
2801 5436 2936 5509 quis
2977 5437 3107 5494 aliis
3151 5439 3467 5495 vocabulis
3511 5439 3953 5510 nuncupantur

2279 5524 2429 5594 juris
2440 5523 2796 5582 venerabilis
2809 5528 3154 5585 monasterii
3167 5533 3514 5588 sanctorum
3525 5525 3954 5601 apostolorum

4055 3589 4059 3638 1
