4166 6162
191 139 211 191 i
223 139 327 192 033

1432 134 1813 191 EPISTOLE
1863 133 1954 187 ET
1992 132 2421 190 PRIVIIJ‘IGIA.

179 256 435 313 Andreae
449 258 506 309 et
536 248 963 307 Bartholomaei
979 249 1080 321 qui
1101 250 1439 323 appellatur
1456 252 1893 309 Honorii.Imo
1936 254 1984 307 A
2014 252 2313 308 vocabulo
2364 263 2764 330 nuncupatur,
2800 260 2949 316 inter
2976 262 3156 319 binos
3189 276 3384 319 annos
3417 281 3454 321 a
3508 269 3690 328 nobis

180 352 238 402 et
261 343 515 401 ecclesia
550 357 680 398 una
712 341 774 395 in
807 339 1039 405 integra
1070 340 1170 410 qui
1196 339 1409 394 dicitur
1440 341 1639 395 sancti
1670 341 1896 409 Augeli

178 450 321 488 cum
350 431 543 488 vineis
574 434 633 485 et
662 427 833 485 terris
867 425 1029 481 circa
1056 427 1318 500 seposita
1357 427 1665 483 territorio
1700 427 1898 484 Alba-

176 522 355 578 nensi
426 519 709 575 milliario
762 516 842 573 ab
892 513 1045 569 urbe
1088 518 1275 573 Roma
1316 516 1451 589 plus
1504 516 1803 571 minus...
1840 516 1903 572 in

177 615 389 667 monte
422 609 527 682 qui
554 608 774 664 dicitur
803 606 1202 677 Crescentuli,
1237 606 1533 678 simulque
1597 601 1815 658 vineae
1842 605 1903 661 in

178 701 416 769 integro
447 715 586 754 cum
618 694 869 753 introitu
904 706 1019 745 suo
1052 696 1233 766 atque
1264 694 1535 750 redimire
1563 687 1657 746 ad
1685 690 1897 749 calca-

179 790 335 848 torio
367 805 477 845 suo
509 787 686 861 posit,
722 779 1030 841 territorio
1092 783 1430 851 Albanensi,
1478 783 1538 838 in
1598 777 1746 833 loco
1795 785 1902 856 qui

182 884 438 936 vocatur
468 881 650 935 Cassa
681 891 862 932 nova.
904 874 1056 927 Item
1091 874 1279 929 vineae
1307 875 1477 947 petite
1518 871 1808 945 quatuor
1836 874 1898 930 in

183 968 412 1039 integre
442 983 578 1022 cum
607 963 903 1021 redimine
936 965 993 1015 et
1025 963 1354 1019 calcatorio
1387 980 1494 1019 suo
1523 961 1587 1017 in
1641 956 1895 1019 introitu

182 1074 299 1114 suo
352 1055 625 1128 ejusdem
659 1050 952 1110 territorio
985 1049 1053 1105 in
1106 1051 1241 1107 loco
1293 1053 1400 1126 qui
1449 1051 1704 1108 vocatur
1740 1053 1888 1119 Jusi,

183 1153 370 1219 atque
400 1146 576 1202 vinea
610 1160 751 1200 cum
778 1139 1084 1198 redimine
1112 1156 1185 1196 ac
1217 1141 1543 1199 calcatorio
1591 1155 1701 1196 suo
1745 1157 1888 1198 cum

185 1237 435 1293 introitu
457 1251 567 1291 suo
588 1251 624 1290 a
645 1228 942 1290 territorio
967 1230 1305 1299 Ariciense,
1332 1233 1511 1304 posit.
1537 1232 1599 1288 in
1621 1230 1758 1286 loco
1781 1233 1887 1305 qui

189 1330 441 1383 vocatur
488 1322 747 1379 Cucurti.
779 1319 976 1375 Etiam
1012 1319 1417 1377 concedimus
1463 1321 1635 1377 vobis
1684 1322 1883 1377 casale

187 1416 298 1489 qui
331 1414 671 1488 appellatur
700 1408 985 1468 Zinziomi
1018 1426 1157 1465 cum
1189 1408 1455 1467 ecclesia
1488 1414 1712 1466 sancta:
1772 1414 1883 1469 Ma-

188 1505 319 1576 riae,
351 1504 565 1566 vineis,
597 1501 789 1571 terris,
832 1514 937 1553 seu
984 1497 1399 1570 aquimolum,
1434 1506 1490 1554 et
1540 1500 1774 1572 scriptis
1803 1500 1879 1555 si-

2012 338 2142 409 jam
2174 341 2233 397 d.
2272 346 2634 401 monasterio
2679 348 3021 404 subtractus
3054 366 3183 405 esse
3227 354 3352 424 (sic)
3387 362 3690 425 cognovi-

2018 443 2176 484 mus.
2210 433 2356 486 Nam
2388 432 2489 503 qui
2523 450 2584 489 se
2627 435 3105 492 misericordia...
3136 438 3467 517 inopiaque
3499 451 3693 521 ipsius

2022 531 2156 573 ven.
2210 522 2553 577 monasterii
2605 524 3051 595 perc0gitantes
3106 532 3540 604 omnipotentis
3592 543 3696 611 Dei

2022 620 2226 663 amore
2274 608 2610 683 animaeque
2655 609 2959 674 mercede,
2989 628 3104 668 nec
3157 634 3281 677 non
3336 641 3446 697 pro
3482 608 3694 688 mona:

2018 695 2267 753 chorum
2300 698 2515 756 fretum
2550 701 2819 757 subsidia
2845 699 2982 770 (sic)
3009 695 3539 791 reddimus—atque
3560 738 3701 779 con-

2012 782 2324 841 ﬁrmamus
2372 788 2565 860 vobis,
2604 790 2813 847 vestris
2864 799 3329 857 successoribus
3374 782 3458 863 in-
3488 827 3701 886 perpe-

2012 878 2179 930 tuum
2212 876 2394 947 praad.
2423 895 2689 936 massam
2736 881 2794 934 in
2854 876 3199 947 integrum,
3236 907 3356 949 una
3403 876 3540 955 eum
3578 876 3702 958 suis

2008 964 2326 1033 casalibns,
2364 967 2585 1024 scilicet
2632 970 2915 1037 Mojana;
2961 967 3219 1048 TOjaua,
3272 985 3510 1054 Ociana,
3545 993 3703 1047 Anti-

2002 1052 2252 1124 quina...
2291 1056 2574 1119 Suranco,
2607 1062 2943 1117 BetruanO,
2979 1066 3186 1121 casale
3244 1052 3546 1144 Pingiano,
3600 1083 3699 1133 Te-

2002 1156 2284 1207 reuzauo,
2321 1144 2568 1200 Centum
2600 1146 2783 1215 cellae,
2826 1142 3267 1226 COPilianoml.
3291 1142 3577 1219 Catiliano
3600 1167 3695 1220 vel

1998 1231 2392 1302 Camilliano),
2441 1235 2770 1295 l’Ozanelle,
2813 1231 3193 1313 Cenbriano,
3237 1247 3549 1315 Collieello,
3581 1254 3684 1306 Ju-

1993 1317 2253 1390 lianello,
2290 1322 2633 1393 Sepuliano,
2668 1327 2954 1395 puteum,
2993 1326 3070 1382 de
3096 1333 3294 1388 casale
3327 1337 3678 1393 Fuﬁcanum

1993 1423 2132 1463 cum
2161 1409 2301 1464 rivis
2328 1416 2384 1466 et
2403 1412 2597 1483 aquis,
2626 1416 2679 1467 et
2711 1428 2855 1466 cum
2892 1414 3074 1484 casis,
3108 1419 3291 1475 vineis
3338 1428 3392 1477 et
3424 1425 3588 1479 terris
3616 1431 3678 1482 et

1994 1495 2174 1561 silvis,
2210 1500 2506 1571 campis...
2541 1502 2808 1573 pascuis,
2836 1500 3096 1573 salectis,
3124 1508 3440 1564 arboribus
3473 1513 3669 1582 pomi-

190 1593 315 1649 cuti
342 1592 632 1648 manibus
656 1588 865 1645 vestris
882 1585 1387 1657 detinetisjamd.
1409 1587 1881 1644 territorioAlba-
1924 1604 1963 1656 Β
1993 1583 2132 1640 feris
2188 1592 2245 1643 et
2296 1588 2693 1655 infructiferis,
2723 1589 2945 1663 puteis,
2981 1592 3266 1665 fontibus,
3299 1599 3438 1653 rivis
3485 1616 3665 1671 aquae

190 1697 395 1748 nens.,
421 1681 690 1755 positum
714 1676 994 1733 milliario
1017 1675 1095 1731 ab
1131 1675 1276 1729 urbe
1306 1678 1496 1731 Roma
1514 1675 1651 1748 plus
1677 1677 1879 1732 minus

197 1771 372 1828 tertio
399 1770 705 1826 decimo...
731 1766 912 1823 etiam
944 1763 1083 1819 duae
1108 1763 1282 1837 petiae
1315 1764 1634 1821 vinearum
1665 1767 1726 1821 in
1747 1766 1882 1821 loco

200 1859 314 1931 qui
338 1862 586 1914 vocatur
616 1854 877 1917 Honorii,
912 1852 1205 1909 territorio
1252 1854 1523 1908 Arciens.
1558 1857 1784 1926 Nempe
1826 1858 1884 1909 et

200 1947 268 2002 in
298 1945 704 2018 suprascripto
732 1942 1027 2000 territorio
1058 1942 1337 1997 Arciense
1367 1942 1427 1996 in
1454 1941 1587 1998 loco
1618 1943 1725 2014 qui
1773 1959 1880 1998 vo-

204 2039 402 2091 catur.
437 2078 449 2090 .
484 2051 588 2090 um
618 2033 681 2089 in
705 2033 860 2107 pede
893 2031 1057 2087 silice
1087 2030 1307 2101 majori
1358 2031 1477 2101 (sic)
1518 2031 1673 2102 juris
1700 2048 1880 2087 vene—

200 2122 412 2178 rabilis
435 2122 729 2178 diaconite
756 2125 981 2177 sancta:
1012 2119 1206 2177 Mariae
1227 2134 1363 2190 quae
1386 2118 1724 2190 appellatur
1744 2122 1881 2176 Cos-

203 2211 393 2267 medi.
449 2210 580 2268 Pari
625 2209 812 2267 modo
867 2207 1281 2274 concedimus,
1314 2223 1383 2263 ac
1443 2208 1880 2263 conﬁrmamus

202 2300 382 2356 vobis
409 2299 789 2356 medietatem
824 2298 886 2354 iu
913 2298 1216 2367 integrum
1247 2295 1322 2351 de
1356 2311 1476 2351 uno
1517 2296 1620 2352 ﬁlo
1673 2296 1879 2353 saliuae

200 2390 267 2445 in
299 2389 434 2445 loco
458 2388 563 2462 qui
593 2392 891 2444 vocantur
907 2390 1221 2443 Fossatum
1242 2385 1493 2456 majore,
1514 2385 1687 2441 sicuti
1707 2385 1878 2441 vobis

206 2494 321 2551 per
352 2478 786 2549 scripturarum
821 2475 1039 2532 seriem
1070 2474 1267 2529 evenit
1310 2473 1388 2529 ab
1436 2473 1660 2530 haared.
1690 2490 1881 2547 quon-

202 2568 354 2624 dam
385 2567 635 2623 domino
663 2566 769 2639 qui
794 2566 1011 2622 dicitur
1062 2563 1480 2621 Cacoinbucte.
1516 2564 1794 2621 Similiter
1823 2570 1879 2620 et

214 2657 407 2713 alium
419 2671 612 2710 unum
629 2654 799 2709 ﬁlum
813 2653 1188 2722 iuintegrum
1209 2651 1313 2722 qui
1331 2650 1670 2723 appellatur
1686 2652 1878 2708 sancti

201 2742 495 2815 Sylvestri
516 2741 577 2797 in
600 2741 736 2796 loco
759 2743 990 2812 Campo
1015 2738 1247 2809 majore
1266 2738 1416 2808 juris
1437 2738 1711 2809 ejusdem
1733 2756 1879 2812 prae-

202 2831 314 2888 fati
352 2830 533 2887 vestri
581 2828 952 2886 monasterii.
983 2828 1174 2884 Etiam
1223 2827 1657 2884 conﬁrmamus
1704 2830 1876 2885 vobis

200 2918 585 2993 aquimolum
616 2918 742 2974 duo
772 2917 1063 2974 molentes
1091 2915 1154 2970 in
1201 2914 1463 2985 integros
1513 2916 1574 2971 in
1622 2916 1873 2974 ﬂuvium
1916 2949 1956 3006 ρ

202 3008 454 3067 Tiberis.
497 3007 672 3078 juxta
717 3005 923 3063 schola
953 3005 1253 3062 ﬁisorum
1280 3003 1482 3076 posit,
1509 3004 1683 3061 sicuti
1708 3007 1876 3062 vobis

199 3095 478 3168 ejusdem
512 3095 894 3169 aquimolo...
927 3094 1243 3167 quondam
1275 3092 1405 3148 Alto
1434 3097 1677 3161 Amaro,
1697 3100 1876 3168 atque

200 3185 395 3243 alium
438 3184 817 3258 aquimolum
864 3183 1188 3240 molentem
1237 3198 1427 3238 unum
1471 3183 1534 3238 in
1574 3183 1875 3254 integrum

202 3291 346 3331 cum
372 3273 794 3344 ligamentorio
821 3278 879 3329 et
904 3272 1147 3328 introitu
1170 3288 1281 3327 suo
1309 3276 1367 3327 et
1391 3289 1529 3327 cum
1548 3274 1713 3329 omni
1736 3290 1875 3331 con-

201 3368 409 3421 zatura
440 3380 550 3420 sua
597 3368 655 3420 et
698 3361 986 3419 omnibus
1017 3360 1097 3417 ad
1128 3377 1269 3417 eum
1324 3361 1677 3433 pertinente,
1707 3363 1875 3421 sicuti

201 3453 492 3511 manibus
523 3453 735 3510 vestris
784 3451 1079 3519 detinetis,
1116 3450 1205 3505 vel
1255 3450 1441 3506 secuti
1485 3467 1520 3506 a
1568 3453 1876 3524 predeces-

205 3560 344 3599 sore
373 3547 578 3599 nostro
608 3558 773 3617 papa
795 3540 1029 3614 Agapiti
1055 3539 1483 3597 sanctissimi...
1504 3557 1612 3614 per
1641 3542 1731 3597 sui
1754 3544 1872 3615 pri-
1889 3615 1903 3627 .

201 3633 406 3703 vilegii
433 3634 657 3705 pagina
699 3631 871 3688 vobis
908 3630 1203 3687 concessit
1251 3633 1431 3701 atque
1472 3630 1870 3704 conﬁrmavit,

203 3720 273 3776 in
303 3720 713 3790 suprascripto
761 3719 946 3774 ﬂuvio
976 3718 1201 3774 Tiberis
1248 3721 1387 3772 ante
1434 3717 1699 3783 clavaca,
1734 3733 1872 3773 cum

208 3821 377 3877 aqua
407 3809 547 3877 post
574 3821 637 3861 se
669 3805 749 3861 ad
780 3805 966 3860 alium
996 3804 1374 3876 aquimolum
1400 3804 1763 3873 faciendum,
1788 3805 1875 3861 iu-

210 3898 301 3950 ter
330 3892 543 3949 afﬁnes
565 3892 644 3949 ab
672 3908 795 3949 uno
815 3892 995 3949 latere
1027 3892 1404 3965 aquimolum
1434 3899 1652 3950 sancta:
1680 3894 1871 3951 Mariae

206 3983 274 4040 in
302 3982 607 4056 Capitoleo
638 3986 696 4039 et
723 3981 1099 4055 aquimolum
1130 3982 1341 4038 Leonis
1364 3983 1869 4054 protoseminarii,

207 4078 270 4129 et
299 4089 337 4129 a
362 4072 628 4129 secundo
671 4071 855 4128 latere
901 4071 1187 4128 medietas
1220 4071 1407 4145 ipsius
1435 4072 1723 4142 ﬂuminis,
1755 4079 1811 4129 et
1836 4091 1874 4131 a

207 4162 382 4219 tertio
411 4160 594 4218 latere
646 4160 1024 4234 aquimolum
1076 4160 1417 4217 Theoﬁlacti
1464 4162 1570 4234 qui
1623 4167 1874 4219 vocatur

208 4250 692 4320 Numeuculario,
715 4254 774 4307 et
792 4249 1167 4322 aquimolum
1189 4249 1265 4305 de
1292 4251 1657 4307 monasterio
1682 4252 1872 4308 sancti

212 4339 424 4398 Ciriaci
454 4339 560 4413 qui
589 4344 678 4396 est
705 4340 768 4396 iu
814 4338 914 4395 via
945 4341 1105 4408 Lata,
1132 4344 1188 4395 et
1231 4354 1267 4395 a
1296 4342 1513 4412 quarto
1567 4340 1748 4397 latere
1775 4342 1873 4399 via

212 4429 462 4486 Publica
487 4429 638 4501 juris
664 4429 761 4487 cui
792 4428 1074 4499 existens,
1106 4444 1325 4502 nempe
1352 4433 1409 4484 et
1438 4432 1873 4488 monasterium

211 4518 278 4575 in
318 4518 616 4588 integrum
667 4518 772 4591 qui
820 4520 1069 4573 vocatur
1121 4514 1311 4573 sancti
1358 4517 1688 4574 Terentiani
1735 4533 1874 4573 cum

215 4607 501 4663 omnibus
528 4606 880 4681 subscriptis
911 4605 1068 4662 cellis
1097 4608 1242 4673 suis,
1260 4604 1531 4662 videlicet
1551 4605 1739 4663 sancti
1758 4608 1878 4663 Ste-

215 4695 404 4769 phani
424 4700 604 4769 atque
635 4702 855 4753 sanctae
882 4695 1095 4763 Mariae,
1120 4695 1242 4751 sive
1274 4693 1424 4750 cella
1474 4695 1666 4752 sancti
1698 4698 1874 4751 Bene-

216 4783 378 4857 dicti,
408 4789 465 4841 et
494 4786 684 4841 sancti
733 4784 1038 4855 Sylvestri,
1078 4788 1134 4840 et
1184 4783 1372 4857 sancti
1414 4783 1565 4843 Val..
1602 4783 1692 4840 vel
1736 4801 1875 4840 cum

217 4874 503 4931 omnibus
532 4890 744 4943 eorum
784 4872 1152 4946 pertinentiis
1195 4874 1379 4930 situm
1412 4873 1703 4930 territorio
1731 4874 1877 4930 Poli-

216 4964 573 5035 marciense,
618 4963 770 5035 juris
823 4975 960 5017 ven.
1018 4962 1370 5017 monasterii
1418 4962 1608 5019 sancti
1664 4962 1879 5019 Christi

217 5053 499 5126 martyris
525 5050 843 5119 Laurentii,
871 5049 1196 5105 Praesertim
1222 5048 1370 5104 dum
1394 5056 1738 5109 sanctorum
1760 5052 1878 5108 suf-

218 5142 412 5214 fragia
439 5142 629 5199 Cristo
661 5141 853 5198 noctis
882 5155 1059 5212 opere
1086 5137 1449 5195 convalescit
1490 5139 1655 5195 nisus
1706 5141 1880 5198 fuerit

219 5232 371 5305 (sic).
396 5232 577 5303 Igitur
604 5231 751 5305 quia
773 5229 938 5304 petiit
958 5245 995 5285 a
1020 5227 1195 5286 nobis
1218 5230 1323 5284 tua
1346 5227 1702 5299 religiositas
1727 5246 1878 5302 qua-

220 5324 398 5378 tenus
451 5321 947 5378 couﬁrmaremus
992 5317 1162 5375 vobis
1216 5316 1280 5373 in
1326 5317 1622 5375 honorem
1672 5318 1775 5374 Dei
1818 5334 1880 5375 se

222 5409 545 5467 Salvatoris
561 5408 799 5467 Domini
818 5407 1005 5465 nostri
1022 5410 1160 5465 Jesu
1181 5406 1393 5464 Christi
1414 5408 1723 5466 σκνῖιίαηί
1740 5425 1879 5466 cum

224 5497 509 5555 omnibus
526 5499 652 5555 suis
666 5497 1034 5572 pertinentiis
1046 5539 1059 5564 ,
1072 5500 1129 5554 et
1139 5495 1450 5553 reddimus
1471 5497 1881 5571 suprascripto

224 5587 590 5646 monasterio
605 5603 810 5645 massa
828 5586 933 5660 qui
952 5590 1200 5644 vocatur
1227 5586 1601 5660 0rtana,sive
1620 5600 1745 5658 quo
1763 5585 1881 5644 alio

513 5698 755 5754 ΡΑτιιοι..
797 5695 1038 5752 CXXXIII

1990 1676 2294 1746 perennis,
2310 1676 2576 1732 aediﬁciis
2602 1679 2907 1750 parietinis
2932 1682 3194 1753 antiquis
3215 1685 3660 1753 adjacentibus-

1993 1777 2109 1834 que
2136 1765 2278 1830 suis,
2304 1764 2532 1821 cultum
2563 1766 2656 1821 vel
2684 1766 2977 1822 incultum
3001 1784 3140 1823 cum
3164 1771 3485 1841 aquimolis
3509 1774 3655 1839 suis,

1991 1866 2102 1905 nec
2142 1868 2265 1907 non
2296 1857 2353 1907 et
2379 1869 2517 1908 cum
2549 1854 2795 1910 colonos
2826 1860 2882 1911 et
2912 1856 3155 1912 colonas
3184 1859 3327 1927 (sic),
3362 1861 3653 1915 masculis

1991 1938 2286 1994 etfeminis
2312 1941 2715 2013 omnibusque
2737 1942 2816 1997 ad
2834 1944 3112 1999 eamdem
3139 1962 3407 2001 massam
3432 1948 3534 2018 qui
3558 1964 3659 2003 vo-

1992 2032 2160 2083 catur
2181 2030 2421 2090 Ortana,
2442 2030 2564 2085 sive
2586 2047 2708 2102 quo
2731 2031 2847 2086 alio
2874 2033 3165 2088 vocabulo
3197 2040 3648 2106 nuncupantur,

1991 2119 2345 2189 generaliter
2370 2123 2428 2174 et
2454 2120 2514 2174 in
2540 2119 2770 2189 integro
2801 2121 3231 2193 pertinentibus
3259 2141 3271 2191 ;
3304 2123 3651 2196 pariterque

1990 2207 2387 2263 concedimus
2418 2213 2599 2280 atque
2647 2208 3078 2265 conﬁrmamus
3123 2211 3291 2266 vobis
3334 2211 3651 2267 ecclesiam

1989 2312 2176 2352 uuam
2207 2297 2266 2351 in
2298 2296 2593 2365 integram
2646 2304 3049 2367 cognomento
3099 2300 3287 2356 sancti
3318 2300 3648 2369 Juvenalis,

1989 2400 2130 2439 cum
2164 2385 2350 2453 terris,
2380 2384 2565 2451 silvis,
2599 2391 2779 2458 atque
2806 2387 3057 2459 olivetis,
3092 2390 3385 2444 universis
3411 2389 3645 2445 arbori-

1986 2471 2124 2541 bus,
2160 2472 2387 2528 cultum
2417 2472 2509 2528 vel
2537 2473 2849 2544 incultum,
2873 2475 3076 2532 omnia
3107 2478 3218 2532 sita
3239 2476 3648 2549 suprascripto

1989 2560 2281 2616 territorio
2299 2562 2520 2617 Ortano
2536 2561 2810 2618 milliario
2827 2563 2905 2619 ab
2927 2564 3071 2619 urbe
3091 2567 3278 2620 Roma
3292 2564 3427 2636 plus
3443 2565 3650 2621 minus

1987 2648 2516 2722 quinquagesimo.
2571 2654 2786 2707 lterqu
2868 2652 3202 2708 stabilimus
3265 2653 3437 2708 vobis
3492 2653 3652 2712 infra

1988 2738 2272 2811 scriptam
2289 2738 2583 2795 civitatem
2602 2742 2883 2797 Ortanam
2904 2743 3055 2798 casis
3072 2743 3148 2798 ad
3172 2743 3649 2815 suprascriptam

1988 2825 2301 2882 ecclesiam
2347 2827 2538 2883 sancti
2583 2829 2883 2884 iuvenalis
2930 2830 3345 2903 pertinentem,
3373 2835 3428 2886 et
3457 2826 3653 2888 omni-

1986 2915 2102 2971 bus
2128 2914 2541 2971 immobilibus
2568 2915 2713 2972 locis
2743 2933 2877 2990 quae
2896 2918 3047 2989 juris
3088 2918 3477 2992 suprascripti
3506 2936 3642 2978 ven.

1986 3004 2333 3061 monasterii
2382 3006 2681 3078 pertinuit,
2742 3012 2865 3063 tam
2919 3007 3075 3064 infra
3132 3009 3354 3065 Ortana
3409 3009 3646 3067 civitate

1985 3110 2294 3167 quamque
2321 3094 2502 3150 etiam
2534 3094 2757 3168 ubique
2788 3096 2847 3151 in
2876 3096 3006 3168 ejus
3059 3096 3349 3153 territorio
3393 3097 3468 3152 de
3499 3098 3644 3154 foris

1987 3188 2127 3239 sunt
2142 3183 2374 3255 positas.
2398 3184 2664 3257 Itemque
2686 3184 3117 3241 conﬁrmamus
3135 3186 3309 3242 vobis
3325 3189 3645 3244 Paternum

1984 3274 2047 3329 in
2077 3273 2375 3344 integrum
2400 3290 2541 3330 cum
2571 3275 2737 3330 omni
2766 3292 2875 3332 sua
2905 3276 3443 3348 pertinentia,cum
3465 3277 3642 3347 casis,

1982 3362 2172 3418 vineis
2202 3367 2259 3417 et
2283 3364 2452 3418 terris
2506 3363 2689 3434 silvis,
2717 3364 2924 3436 pratis,
2957 3364 3211 3434 salectis,
3246 3370 3302 3421 et
3330 3382 3470 3422 cum
3509 3383 3642 3424 om-

1983 3451 2162 3507 nibus
2189 3450 2267 3507 ad
2297 3468 2436 3507 eum
2470 3452 2820 3523 generaliter
2846 3459 2902 3509 et
2926 3453 3152 3523 integre
3204 3454 3642 3528 pertinentibus

1984 3547 2109 3598 tam
2149 3540 2304 3596 infra
2358 3558 2420 3597 se
2468 3558 2653 3615 quam
2685 3542 2866 3598 etiam
2894 3544 2968 3599 de
3015 3543 3178 3611 foris,
3221 3545 3397 3616 posit,
3429 3545 3642 3603 infras-

1985 3630 2204 3703 scripto
2224 3629 2513 3687 territorio
2536 3633 2788 3700 Ortano;
2810 3632 3021 3689 afﬁnes
3044 3632 3173 3703 ejus
3197 3633 3274 3690 ab
3302 3650 3423 3690 uno
3448 3634 3643 3693 laetere

1983 3718 2218 3784 caselle,
2247 3722 2304 3772 et
2356 3733 2393 3772 a
2445 3718 2711 3773 secundo
2754 3719 2936 3774 latere
2989 3719 3245 3775 ﬂuvium
3294 3721 3643 3779 decurreute

1985 3805 2137 3876 (sic),
2168 3809 2225 3860 et
2248 3821 2284 3860 a
2312 3805 2480 3861 tertio
2509 3805 2691 3860 latere
2719 3807 3051 3868 Coreliauo,
3071 3812 3127 3862 et
3156 3824 3192 3863 a
3217 3814 3431 3880 quarto
3461 3809 3642 3866 latere

1982 3894 2175 3951 casele
2213 3894 2366 3965 juris
2412 3896 2754 3952 Piuatorum
2807 3900 2865 3952 et
2908 3895 3271 3967 Septiniano.
3302 3897 3641 3972 Iterumque

1982 3981 2162 4038 etiam
2192 3982 2529 4039 stabilimus
2556 3984 2724 4039 vobis
2749 3985 3033 4040 omnibus
3052 3973 3642 4045 immobilibus'locis
3714 4036 3717 4037 ν

1982 4085 2120 4142 quae
2143 4071 2244 4142 jus
2296 4072 2692 4144 suprascripti
2727 4072 2912 4128 vestri
2942 4074 3287 4130 monasterii
3314 4076 3525 4148 pertin.
3553 4076 3642 4133 iu-

1983 4157 2075 4215 fra
2105 4159 2400 4216 civitatem
2425 4160 2758 4227 Gallesana,
2780 4166 2837 4217 et
2858 4162 2918 4217 in
2950 4162 3079 4232 ejus
3098 4162 3321 4236 ubique
3355 4165 3641 4221 territorio

1985 4247 2109 4303 sive
2134 4247 2195 4303 in
2220 4248 2315 4304 his
2346 4249 2525 4306 trium
2564 4249 2889 4306 fundorum
2916 4251 3019 4323 qui
3051 4252 3431 4325 appellantur
3460 4255 3640 4311 Caza-

1983 4353 2155 4409 num,
2182 4339 2484 4395 Pusiniam
2535 4344 2593 4395 et
2648 4342 2793 4397 Cesa
2840 4340 3182 4397 Narniense.
3214 4344 3427 4399 Verum
3462 4345 3641 4400 etiam

1984 4432 2040 4483 et
2077 4444 2284 4484 massa
2312 4445 2448 4502 quae
2476 4434 2727 4485 vocatur
2756 4428 3079 4486 Preeiliano
3135 4432 3307 4486 vobis
3361 4434 3637 4489 concedi-

1982 4532 2120 4571 mus
2159 4533 2298 4572 cum
2351 4518 2635 4573 omnibus
2665 4517 2744 4573 ad
2773 4534 2909 4574 eam
2966 4519 3318 4589 generaliter
3343 4521 3639 4592 pertinen-

1985 4604 2164 4677 tibus,
2208 4606 2320 4663 sita
2364 4606 2652 4662 territorio
2708 4607 3039 4674 Savinensi,
3062 4607 3214 4679 juris
3264 4612 3483 4664 sanctas
3528 4612 3640 4665 Ro-

1983 4711 2181 4750 manas
2212 4695 2513 4774 Ecclesia»,
2539 4696 2690 4751 inter
2714 4695 2924 4751 afﬁnes
2950 4696 3029 4752 ab
3056 4712 3178 4752 uno
3211 4697 3393 4754 latere
3440 4715 3643 4757 massa

1983 4800 2119 4856 quas
2146 4788 2396 4840 vocatur
2440 4787 2652 4851 Paura,
2682 4788 2739 4840 et
2785 4800 2822 4840 a
2871 4784 3137 4841 secundo
3186 4785 3367 4843 latere
3409 4787 3540 4845 rivo
3568 4788 3643 4844 de

1986 4872 2247 4928 Utriculo
2303 4874 2408 4946 qui
2460 4878 2710 4929 vocatur
2762 4874 2995 4945 Butino,
3029 4890 3064 4930 a
3123 4875 3292 4931 tertio
3343 4875 3524 4935 latere
3549 4895 3644 4935 res

1986 4962 2332 5018 monasterii
2371 4967 2592 5018 sanctae
2636 4963 2848 5032 Mariae,
2889 4968 2946 5021 et
2983 4981 3018 5021 a
3047 4969 3264 5037 quarto
3316 4965 3497 5024 latere
3552 4984 3645 5023 res

1985 5052 2331 5106 monasterii
2361 5052 2548 5106 sancti
2581 5051 2925 5109 Salvatoris.
2954 5056 3172 5110 Verum
3206 5056 3385 5111 etiam
3416 5062 3473 5111 et
3501 5070 3642 5111 con-

1987 5155 2228 5196 mamus
2256 5140 2430 5196 vobis
2469 5155 2565 5196 res
2619 5157 2756 5214 quae
2793 5142 3267 5214 jurisdictionem
3318 5148 3374 5198 et
3420 5144 3578 5212 juste
3609 5157 3644 5198 a

1985 5232 2183 5285 vestro
2234 5228 2601 5285 monasterio
2667 5231 2999 5304 pertinente
3067 5229 3190 5301 (sic)
3238 5228 3300 5282 in
3354 5229 3646 5285 territorio

1988 5315 2316 5389 Nepetimo,
2348 5320 2407 5373 et
2434 5318 2586 5375 Casa
2615 5320 2798 5388 mala,
2832 5336 2965 5392 quae
2995 5320 3083 5372 est
3134 5314 3306 5371 fundi
3335 5317 3442 5388 qui
3465 5332 3647 5373 voca-

1986 5409 2081 5462 tur
2111 5407 2261 5463 Casa
2306 5421 2465 5463 nova
2495 5412 2553 5464 et
2605 5407 2897 5464 Bobarica
2938 5409 3117 5476 atque
3165 5403 3495 5476 Boltejano,
3527 5421 3650 5462 una

1989 5512 2129 5553 cum
2156 5495 2341 5552 servis
2363 5503 2418 5553 et
2443 5496 2695 5562 ancillis,
2719 5493 2946 5549 ibidem
2966 5492 3371 5550 residentibus
3396 5495 3477 5552 ad
3491 5511 3651 5551 eam-

1986 5586 2128 5645 dem
2152 5587 2283 5660 jam
2312 5586 2394 5645 di.
2426 5589 2620 5644 vestro
2646 5582 3013 5642 monasterio
3047 5583 3505 5657 pertinentibus.
3533 5586 3653 5641 Nec

3218 5697 3284 5749 33

3554 152 3692 207 4034
3780 126 3789 131 ⁷
