4114 6146
480 68 616 124 1035

1853 59 2149 118 JOANNIS
2185 61 2384 118 ΡΑΡΕ
2416 63 2510 118 Xll

3765 69 3794 122 1
3805 69 3920 123 O36

473 201 597 242 non
626 189 684 242 et
725 183 1158 242 conﬁrmamus
1187 183 1358 242 vobis
1381 199 1456 241 ea
1505 200 1641 258 quae
1673 199 1782 257 per
1805 182 2125 256 scriptura-
2151 184 2202 238 Α
2240 181 2620 251 innodatum,
2644 187 2824 258 atque
2855 201 2892 242 a
2917 201 3105 256 regno
3129 185 3230 241 Dei
3247 184 3512 242 alienum
3541 191 3762 244 etcum
3786 189 3919 246 dia-

471 292 606 332 rum
639 275 850 332 seriem
879 275 1150 346 ejusdem
1197 273 1540 332 monasterii
1563 274 1694 346 jam
1742 273 1801 328 d.
1835 271 2127 330 territorio

470 364 560 420 Ab
585 364 714 422 Alte
744 363 1058 438 quondam
1087 368 1308 422 Amaro
1334 363 1504 421 vobis
1537 363 1838 437 pertinuit.
1863 367 2126 434 Itemque

471 453 905 511 conﬁrmamus
933 453 1129 512 casale
1157 453 1456 524 integrum
1488 453 1594 526 qui
1621 458 1868 514 vocatur
1897 450 2127 508 Paccia-

471 558 640 610 num,
674 559 809 598 cum
851 542 1134 598 omnibus
1165 541 1244 597 ad
1271 557 1404 597 eam
1461 540 1913 613 pertinentibus,
1945 539 2121 613 posit.

470 631 762 688 territorio
792 633 1042 699 Sutrino
1085 646 1190 686 seu
1217 629 1364 684 cella
1390 629 1574 684 sancti
1607 629 1838 698 Georgii
1881 644 2020 684 cum
2046 627 2125 682 ad

471 737 533 776 se
563 720 998 794 pertinentibus
1019 719 1076 775 in
1111 719 1518 791 suprascripto
1541 717 1832 776 territorio
1864 717 2123 774 Sutrino.

472 809 779 881 Simulque
807 813 864 865 et
890 824 1102 864 omnes
1131 823 1227 863 res
1250 807 1680 864 conﬁrmamus
1701 807 1872 864 vobis
1901 806 2006 880 qui
2021 807 2122 878 jus

469 905 526 956 et
552 899 846 956 rationem
877 897 1264 970 suprascripti
1293 898 1471 954 vestri
1499 897 1846 954 monasterii
1873 897 2127 970 pertinet

467 983 529 1040 in
555 989 674 1040 toto
705 985 990 1041 territorio
1023 985 1376 1052 Collinense,
1411 991 1468 1042 et
1497 985 1558 1042 in
1587 985 1720 1042 loco
1749 985 1855 1058 qui
1876 987 2125 1042 vocatur

469 1073 645 1130 Vallis
715 1079 773 1130 et
838 1075 1160 1141 Tintorissi,
1210 1075 1274 1132 in
1329 1080 1530 1131 monte
1585 1075 1693 1149 qui
1744 1079 1994 1132 vocatur
2047 1073 2124 1130 de

466 1168 638 1233 Area,
671 1162 792 1219 sive
814 1162 874 1220 in
907 1169 1112 1220 sancto
1139 1167 1404 1221 Cassano
1436 1169 1494 1220 et
1520 1165 1578 1220 in
1609 1167 1803 1232 Curte,
1853 1169 2032 1237 atque
2061 1163 2122 1220 in

470 1252 822 1318 Baccaricio,
857 1269 997 1310 cum
1026 1253 1215 1309 vineis
1245 1257 1301 1310 et
1331 1253 1496 1310 terris
1527 1253 1936 1322 sationalibus,
1960 1253 2122 1309 silvis

466 1357 603 1398 cum
638 1345 906 1413 pantano
938 1359 1048 1398 suo
1077 1343 1329 1413 majore,
1366 1328 1504 1398 cum
1531 1343 1685 1398 casis
1727 1347 1786 1399 et
1811 1342 2042 1399 colonis
2067 1345 2123 1398 et

465 1431 800 1488 colonabus
832 1431 957 1487 suis
1000 1431 1224 1504 ubique
1256 1433 1772 1489 commorantibus
1799 1432 1878 1488 ad
1921 1432 2121 1504 ipsum

2237 270 2378 328 bolo
2409 277 2466 330 et
2487 274 2618 344 ejus
2669 274 3054 330 atrocissimis
3093 275 3356 348 pompis,
3396 275 3520 332 sive
3559 292 3700 334 cum
3753 279 3919 336 Juda

2241 362 2521 420 traditore
2563 365 2702 420 Jesu
2733 364 2941 420 Christi
2988 365 3049 420 in
3081 370 3372 420 internum
3399 364 3536 436 igne
3565 382 3918 425 concrema-

2235 454 2386 518 tum,
2421 451 2725 525 simulque
2753 458 2810 510 et
2837 453 3124 521 voragine
3167 457 3542 527 tartareoque
3571 456 3759 513 chaos
3811 459 3912 516 de-

2233 557 2470 596 mersus
2495 559 2635 598 cum
2663 542 2864 615 impiis
2889 543 3188 599 deficiant.
3219 543 3331 608 Qui
3373 559 3515 600 vero
3557 545 3658 618 pio
3687 547 3910 605 intuitu

2233 628 2511 684 custodes
2558 633 2618 685 et
2645 629 3016 697 obcdientes,
3049 635 3228 703 atque
3276 631 3696 690 observatores
3723 635 3906 707 hujus

2235 717 2523 775 salutiferi
2561 719 2844 792 praecepti
2897 720 3372 776 confirmationis
3402 727 3624 778 nostrae
3663 727 3902 792 steterit,

2231 805 2714 864 benedictionem
2771 813 2830 866 et
2883 810 3138 880 gratiam
3181 810 3435 868 ccnlestis
3474 813 3901 896 retributionis,

2231 899 2572 968 (aeternaque
2623 897 2848 968 gaudia
2873 897 2988 952 sub
3029 899 3193 970 justo
3233 899 3440 970 judice
3482 901 3738 959 Domino
3781 907 3900 960 Deo

2231 989 2436 1042 nostro
2467 987 2754 1059 consequi
2777 991 3096 1044 mereatur.

2306 1076 2602 1148 Scriptum
2651 1092 2757 1143 per
2806 1093 3056 1132 manum
3100 1077 3310 1133 Leonis
3349 1079 3640 1136 scriniarii
3681 1087 3901 1139 sancte

2231 1165 2517 1220 Romanae
2535 1165 2808 1222 Ecclesiae
2831 1166 2894 1223 in
2918 1181 3123 1222 mense
3149 1167 3354 1236 Martii,
3375 1173 3434 1224 et
3453 1168 3657 1226 indict.
3691 1187 3900 1244 supra-

2231 1251 2450 1324 scripta
2501 1253 2729 1326 quinta.
2772 1257 2925 1310 Bene
2967 1254 3178 1311 valete.
3210 1257 3254 1327 -ι-
3296 1258 3511 1312 Datum
3541 1263 3760 1320 octavo
3808 1262 3902 1318 die

2230 1339 2414 1396 Martii
2435 1356 2542 1414 per
2562 1357 2783 1398 manus
2809 1342 3058 1400 Joannis
3087 1335 3358 1418 episcopi
3385 1349 3442 1401 et
3467 1345 3904 1408 bibliothecarii

2232 1433 2453 1486 sanctae
2481 1430 2638 1486 sedis
2668 1432 3031 1504 apostolicae,
3066 1448 3229 1490 anno
3260 1435 3381 1492 Deo
3411 1436 3670 1509 propitio
3712 1441 3902 1510 ponti-

466 1520 652 1592 praed.
684 1525 951 1578 vestrum
981 1522 1413 1578 monasterium
1470 1523 1867 1594 pertinentem
1917 1521 2122 1577 omnia
2156 1535 2192 1589 Β
2229 1518 2445 1575 ﬁcatus
2493 1519 2703 1578 domui
2745 1521 2934 1578 nostri
2976 1523 3229 1579 Joannis
3255 1525 3482 1580 summi
3511 1527 3806 1598 pontiﬁcis
3845 1535 3902 1586 et

465 1611 854 1682 suprascript.
910 1610 1316 1668 immobilium
1371 1610 1642 1666 locorum
1699 1611 1851 1681 juris
1901 1614 2120 1666 sanctae

463 1703 683 1756 nostrae
715 1703 1000 1756 Romamn
1031 1699 1303 1756 Ecclesiae
1325 1703 1383 1754 et
1411 1699 1795 1772 suprascript.
1825 1704 2122 1756 monaste-

463 1786 624 1842 rium
658 1786 748 1842 vel
777 1787 1031 1842 aliorum
1090 1787 1330 1858 piorum
1379 1786 1651 1844 locorum
1705 1789 2120 1861 cujuscunque

463 1875 742 1932 existunt.
763 1875 1030 1932 lnclinati
1067 1875 1343 1948 precibus
1365 1875 1640 1932 vestris...
1661 1895 1868 1934 succ...
1892 1877 2120 1934 anima-

461 1963 580 2020 bus
607 1964 1032 2022 intercessione
1061 1981 1172 2037 pro
1214 1965 1544 2022 inviolabili
1569 1966 2022 2024 conﬁrmatione
2063 1969 2122 2023 et

461 2052 779 2112 stabilitate
796 2053 1140 2111 monasterii
1163 2055 1570 2127 suprascripti,
1586 2071 1692 2128 per
1711 2056 1894 2127 hujus
1909 2055 1969 2111 in
1991 2071 2120 2128 per-

459 2145 712 2214 petuum
733 2158 846 2214 pra
861 2147 1102 2214 ceptum
1127 2143 1340 2199 seriem
1363 2144 1780 2217 suprascripta:
1812 2161 2026 2200 massm
2056 2145 2118 2200 in

461 2230 687 2300 integre
725 2231 828 2304 qui
861 2237 1106 2288 vocatur
1131 2233 1374 2303 Ortana,
1407 2249 1545 2290 cum
1571 2233 1761 2288 vineis
1789 2249 1897 2289 seu
1926 2235 2114 2303 terris,

462 2321 744 2380 casalinis
773 2326 951 2394 atque
983 2323 1329 2395 aquimolis,
1357 2328 1414 2378 et
1439 2323 1730 2379 universis
1761 2323 1988 2380 colonis
2013 2339 2114 2380 co-

457 2410 743 2482 lonabus,
763 2411 924 2478 ﬁliis,
951 2411 1189 2467 ﬁliabus
1210 2427 1418 2467 eorum
1440 2411 1664 2467 ibidem
1695 2412 2112 2480 residentibus,

459 2515 600 2556 cum
630 2499 879 2555 ecclesia
904 2499 1135 2570 integra
1157 2499 1348 2558 sancti
1373 2499 1676 2555 Juvenalis
1701 2500 1873 2570 juxta
1901 2500 2114 2556 eadem

459 2585 659 2656 posit.,
693 2601 954 2643 nec-non
983 2590 1041 2643 et
1066 2587 1504 2657 praenominato
1527 2589 1776 2643 Paterno
1801 2587 1864 2643 in
1883 2587 2114 2658 integro

457 2676 680 2730 etcum
709 2673 993 2730 omnibus
1024 2673 1104 2730 ad
1154 2689 1296 2731 eum
1348 2673 1716 2748 pertinentiis
1744 2679 1810 2732 ut
1840 2675 2114 2748 superius

453 2759 738 2831 leguntur
759 2778 796 2818 a
810 2763 1086 2834 praesenti
1111 2763 1322 2836 quinta
1340 2763 1469 2820 ind.
1485 2763 1544 2820 in
1565 2768 1945 2838 perpetuum.
1965 2767 2116 2823 Cou-

2231 1608 2582 1666 universalis
2623 1610 2966 1667 duodecimi
3007 1627 3181 1686 papas
3205 1613 3270 1670 in
3307 1615 3708 1673 sacratissima
3751 1617 3894 1675 sede

2227 1697 2388 1754 beati
2419 1697 2566 1755 Petri
2603 1701 2866 1772 apostoli
2895 1701 3182 1772 septimo.

2301 1790 2422 1858 Ego
2466 1787 2696 1844 Cirinus
2749 1794 2971 1846 sach
3013 1793 3301 1848 Romanae
3347 1793 3626 1852 Ecclesiae
3652 1796 3887 1855 scrinia-

2227 1875 2370 1944 rius,
2401 1876 2554 1934 sicut
2578 1877 2778 1935 inveni
2820 1878 2880 1936 in
2927 1879 3252 1938 carticiueo
3297 1882 3607 1955 privilegio
3651 1887 3902 1943 Joannis

2227 1965 2494 2039 episcopi
2518 1967 2664 2022 nihil
2693 1967 2886 2024 minui
2908 1968 3004 2024 vel
3025 1969 3257 2042 addidi,
3281 1969 3366 2028 ita
3389 1971 3599 2045 scripsi
3626 1977 3683 2030 et
3706 1974 3905 2032 ﬁdeli-

2229 2059 2316 2111 ter
2339 2056 2716 2130 exemplavi:
2753 2061 2873 2114 Deo
2901 2059 3146 2129 gratias.

2298 2148 2422 2215 Ego
2467 2148 2733 2202 Joannes
2774 2149 3068 2206 Laurentii
3112 2151 3324 2221 Angeli
3351 2150 3430 2208 de
3465 2153 3618 2210 Urbe
3641 2156 3908 2212 auctori-

2227 2239 2344 2293 tate
2375 2241 2594 2292 sanctae
2627 2240 2911 2294 Romanae
2937 2239 3306 2312 praefecturae
3332 2243 3622 2312 notarius,
3649 2250 3910 2316 rogabas

2225 2339 2264 2382 δ
2311 2325 2588 2394 religiosa
2611 2331 2666 2382 et
2711 2327 2966 2384 honesta
3015 2329 3266 2386 muliere
3295 2329 3524 2388 domna
3563 2333 3798 2390 Jacoba
3825 2335 3909 2392 de

2225 2415 2468 2483 Comite,
2515 2415 2823 2474 abbatissa
2874 2419 3220 2476 monasterii
3269 2422 3458 2478 sancti
3511 2422 3786 2480 Silvestri
3825 2426 3906 2482 de

2225 2505 2446 2576 Capite,
2475 2511 2656 2578 prout
2681 2505 2885 2564 inveni
2912 2507 2975 2566 in
3002 2509 3192 2582 praed.
3217 2515 3452 2582 sumpto
3469 2527 3578 2568 seu
3607 2515 3906 2588 exemplo

2225 2593 2446 2666 scripto
2473 2609 2579 2667 per
2609 2595 2873 2653 Cirinum
2903 2597 3220 2670 quondam
3241 2605 3461 2657 sancte
3485 2603 3790 2660 Romamn
3805 2607 3909 2662 Ec-

2223 2680 2420 2738 clesiae
2447 2682 2842 2752 scriniarium,
2857 2685 3129 2758 praedict.
3145 2687 3222 2744 de
3243 2687 3564 2746 carticineo
3575 2691 3906 2764 privilegio

2221 2769 2474 2828 ﬁdeliter
2511 2777 2754 2846 sumpto
2783 2778 2847 2830 ut
2885 2781 3136 2848 apparet
3162 2775 3240 2836 de
3269 2791 3345 2834 eo
3369 2779 3537 2851 quod
3584 2783 3906 2855 percipere

457 2850 728 2944 cedimus
753 2857 932 2925 atque
955 2852 1388 2944 confirmamus
1420 2853 1614 2944 vobis,
1641 2860 1836 2944 vestro
1865 2871 2111 2928 supras-
2139 2883 2184 2944 ο
2221 2861 2415 2933 potui,
2439 2861 2693 2919 ﬁdeliter
2713 2864 3070 2938 e‘xemplavi,
3099 2870 3160 2922 et
3181 2865 3247 2922 in
3277 2850 3596 2940 publicani
3629 2850 3904 2928 formam

457 2943 648 3014 cripto
697 2941 1066 3000 monasterio
1093 2941 1448 2998 inconvulse
1491 2942 1883 3000 detinendum
1931 2961 2112 3002 omne

454 3030 624 3102 quod
651 3048 776 3104 qua
801 3031 1030 3102 indiget
1057 3031 1466 3088 melioratione
1499 3047 1606 3087 seu
1648 3031 1998 3090 defensione
2024 3033 2113 3090 in-

453 3119 794 3178 ditferenter
817 3138 928 3178 vos
951 3121 1076 3178 sine
1097 3121 1284 3178 dubio
1313 3127 1704 3194 procurantes
1725 3122 2016 3180 efﬁciatur
2038 3140 2110 3180 ea

451 3226 700 3282 prorsus
732 3211 962 3269 ratione
993 3216 1056 3268 ut
1106 3225 1217 3268 nec
1261 3209 1502 3268 licentia
1550 3210 1624 3266 sit
1665 3211 1880 3284 cuique
1907 3211 2108 3268 comiti

449 3303 556 3356 aut
584 3299 871 3370 castaldo,
903 3299 998 3356 vel
1049 3299 1178 3356 alite
1222 3299 1464 3356 cuilibet
1501 3316 1736 3371 magnae
1781 3317 2107 3374 parvasque

447 3403 724 3460 personae
750 3389 826 3446 de
864 3389 1286 3462 suprascripta
1309 3405 1531 3446 massae
1553 3394 1658 3445 aut
1687 3389 1954 3447 Ecclesiae
1970 3405 2105 3463 per-

448 3475 694 3547 tinente,
723 3477 816 3533 vel
844 3477 919 3533 de
968 3477 1210 3532 familiis
1263 3477 1488 3534 ibidem
1538 3478 1973 3550 pertinentibus
2009 3479 2105 3537 vel

444 3563 844 3620 residentibus
873 3563 934 3620 in
963 3580 1276 3637 quoquam
1308 3565 1648 3622 diminuare
1698 3566 1794 3622 vel
1840 3566 2102 3624 alienare

443 3653 538 3710 vel
583 3653 786 3726 aliqua
835 3653 1106 3712 chartula
1135 3659 1343 3712 contra
1367 3655 1583 3712 eodem
1630 3671 1764 3712 ven.
1797 3661 2100 3714 monaste-

441 3743 600 3800 rium
614 3742 974 3813 litigandum
989 3743 1427 3814 demonstrare,
1441 3745 1708 3818 alioquin
1729 3745 1779 3802 si
1798 3745 2100 3820 quispiam

440 3834 647 3888 nostro
689 3829 990 3901 subgessit
1043 3831 1404 3906 apostolatui
1451 3836 1510 3890 et
1554 3833 1630 3890 de
1658 3833 1843 3906 praed.
1878 3850 2096 3892 massae

439 3920 756 3992 pertinent.
787 3925 890 3978 aut
913 3921 990 3977 de
1015 3921 1406 3994 suprascript.
1435 3921 1698 3978 eccle$iae
1728 3927 2096 3995 prrsceptum

439 4025 476 4064 a
498 4009 676 4066 nobis
704 4010 926 4066 factum
951 4014 1157 4068 contra
1175 4009 1339 4067 idem
1369 4011 1801 4068 monasterium
1833 4028 1939 4084 per
1954 4028 2095 4070 eum

436 4097 666 4169 litigare
690 4099 966 4167 voluerit,
997 4099 1241 4158 inanem
1271 4104 1331 4158 et
1357 4115 1622 4158 vacuum
1677 4099 1932 4158 facimus
1963 4118 2094 4176 per-

436 4203 682 4244 manere
707 4203 900 4260 coque
928 4187 1146 4258 injuste
1177 4191 1236 4245 et
1263 4192 1472 4246 contra
1495 4187 1691 4259 legem
1717 4192 2089 4246 contractum

435 4279 542 4332 est.
569 4277 904 4334 Statuentes
935 4275 1266 4350 apostolica
1285 4292 1542 4335 censura
1571 4277 1685 4334 sub
1704 4277 1912 4334 divino
1933 4278 2090 4350 judi-

433 4363 526 4422 cio
555 4364 686 4435 (sic)
715 4358 1480 4424 obtestatione'auctoritate
1506 4365 1668 4422 beati
1696 4366 1846 4424 Petri
1872 4366 2090 4440 princi-

431 4451 525 4526 pis
550 4453 949 4512 anathematis
971 4453 1356 4512 interdictum
1381 4458 1448 4512 ut
1465 4454 1614 4512 nulli
1647 4471 1920 4528 unquam
1948 4472 2090 4514 nos-

429 4545 659 4600 trorum
687 4559 1065 4600 successores
1095 4542 1216 4616 (sic)
1242 4543 1618 4617 pontiﬁcum,
1645 4543 1737 4600 vel
1764 4543 1895 4602 aliae
1926 4544 2087 4602 cuili-

427 4630 529 4689 bet
553 4637 620 4689 ut
649 4649 826 4706 posse
849 4632 1106 4690 relatum
1149 4635 1261 4699 est,
1289 4648 1650 4706 magnaeque
1697 4647 1975 4704 personae
2021 4633 2084 4692 in

427 4719 572 4792 ipsae
593 4722 1049 4795 prmnominatie
1077 4739 1295 4780 massae
1317 4739 1422 4780 seu
1451 4721 1716 4780 ecclesiae
1737 4725 1842 4780 aut
1873 4722 2083 4792 vineis,

427 4810 620 4880 terris,
645 4811 741 4868 vel
770 4812 976 4870 omnia
1006 4813 1135 4883 ejus
1164 4812 1520 4886 pertinentia
1557 4811 1764 4885 aliqua
1793 4812 1918 4884 (sic)
1959 4812 2078 4869 vim

425 4895 622 4954 facere
651 4899 889 4967 audeat,
909 4917 971 4957 se
995 4901 1194 4974 potius
1221 4906 1326 4958 aut
1351 4901 1598 4976 propria
1627 4899 1870 4958 utilitate
1891 4903 1950 4958 et
1967 4917 2079 4958 usu

421 4987 486 5044 in
505 4987 823 5062 praefatum
853 4991 1285 5048 monasterium
1304 5008 1416 5064 pro
1443 4990 1869 5048 sustentatione
1889 4995 1948 5048 et
1969 4991 2076 5048 ali-

421 5077 641 5136 moniis
672 5077 926 5136 fratrum
952 5079 1394 5138 monachorum
1413 5080 1640 5138 ibidem
1650 5080 2076 5138 commoranti-

417 5166 536 5225 bus
549 5169 674 5242 (sic)
688 5167 989 5243 perpetuis
1002 5172 1244 5226 maneat
1255 5169 1645 5244 temporibus.
1658 5169 1718 5227 Si
1727 5169 1862 5243 quis
1875 5174 2075 5230 autem

420 5259 734 5315 temerario
759 5275 914 5316 ausu
939 5262 1148 5316 contra
1169 5261 1442 5316 nostrum
1463 5259 1814 5331 hujusmodi
1837 5263 2075 5333 aposto-

418 5344 606 5402 licum
619 5347 1090 5405 conﬁrmationis
1101 5350 1467 5422 praeceptum
1485 5363 1524 5404 a
1535 5347 1712 5404 nobis
1732 5347 2076 5420 promulga-

415 5435 545 5490 tum
559 5439 938 5492 contemnere
949 5437 1420 5510 praesumpserit,
1433 5436 1580 5500 sciat
1591 5453 1654 5492 se
1663 5435 1877 5492 domui
1885 5436 2073 5492 nostri

415 5523 830 5595 apostolorum
857 5525 1148 5598 principis
1187 5526 1338 5586 Petri
1381 5523 1782 5586 anathematis
1827 5522 2067 5580 vinculo

2216 2949 2421 3020 redegi
2461 2967 2538 3008 ex
2581 2951 2716 3024 ipso
2757 2954 3035 3026 exemplo
3079 2955 3247 3028 quod
3287 2962 3538 3029 apparet
3563 2957 3628 3014 in
3667 2959 3905 3018 Lietera

2218 3039 2572 3100 Limentana
2614 3044 2706 3110 (li.
2748 3043 2960 3100 Littero
3007 3047 3468 3114 Beneventum),
3501 3063 3712 3106 coram
3747 3050 3902 3108 viris

2216 3126 2502 3196 litteratis,
2560 3133 2620 3186 et
2687 3131 3019 3203 specialiter
3087 3133 3410 3192 venerabili
3475 3136 3600 3192 viro
3659 3137 3902 3199 domm

2213 3219 2442 3274 Joanne
2465 3218 2754 3293 episcopo
2803 3221 3100 3293 Nepesino
3129 3222 3341 3280 domui
3369 3241 3475 3297 pp.
3505 3223 3567 3281 in
3613 3227 3773 3284 Urbe
3803 3229 3896 3285 vi-

2213 3307 2376 3364 cario
2401 3309 2684 3379 generali,
2717 3314 2774 3368 et
2803 3327 3010 3368 coram
3033 3314 3263 3373 Joanne
3287 3314 3678 3384 Omissancti,
3704 3320 3896 3378 Joan—

2215 3413 2292 3454 ne
2347 3399 2661 3466 Laurentii,
2719 3403 2890 3457 Petro
2943 3403 3258 3472 Laurentii,
3315 3403 3542 3462 Jacobo
3593 3407 3892 3479 Nicholai,

2215 3488 2640 3557 Omniasancti,
2674 3493 2732 3546 et
2757 3489 3070 3548 Francisco
3100 3493 3399 3549 Laurentii
3427 3495 3680 3554 Mancini
3707 3503 3891 3555 nota-

2209 3576 2312 3633 riis
2361 3578 2609 3634 testibus
2653 3580 2878 3652 rogatis
2922 3580 3400 3640 auscultantibus
3442 3583 3722 3652 videlicet,
3749 3587 3884 3643 nisi

2208 3663 2357 3722 forte
2383 3665 2574 3724 littera
2601 3667 2698 3724 vel
2733 3667 2969 3740 syllaba
2997 3684 3102 3740 per
3131 3685 3400 3728 errorem
3425 3687 3654 3729 non.....
3695 3673 3878 3746 quod

2206 3755 2512 3814 veritatem
2539 3756 2678 3814 dicti
2699 3757 3080 3816 instrumenti
3107 3763 3348 3820 mutare
3370 3766 3593 3834 posset,
3621 3766 3685 3820 et
3722 3763 3882 3822 ﬁde-

2203 3842 2334 3900 liter
2357 3843 2420 3900 in
2451 3844 2758 3918 publicam
2779 3845 3039 3904 formam
3055 3847 3278 3920 redegi,
3303 3853 3556 3920 rogatus
3573 3851 3694 3908 sub
3713 3868 3884 3912 anno

2207 3933 2443 3992 Domini
2493 3934 2816 3992 millesimo
2880 3936 3300 3994 trecentesimo
3349 3943 3565 3997 octavo
3611 3940 3883 4014 decimo,

2205 4021 2584 4094 pontiﬁcatus
2605 4024 2816 4082 domui
2833 4025 3080 4082 Joannis
3103 4026 3372 4084 vicesimi
3393 4029 3650 4088 secundi
3669 4048 3881 4106 papa,

2200 4109 2326 4168 ind.
2355 4111 2574 4185 prima,
2603 4113 2829 4170 mensis.
2845 4113 3060 4187 Aprilis
3087 4113 3184 4172 die
3208 4119 3298 4174 26.

2985 4222 3094 4276 XV.

2267 4339 2494 4382 JOANNIS
2549 4341 2705 4382 ΡΑΡΒ
2745 4341 2834 4382 ΧΠ
2880 4341 3256 4390 Ριιινῐιιεωωῐ,
3285 4343 3391 4385 ι’ηο
3441 4344 3802 4390 ποπάεπιιῐο

2753 4413 2804 4454 8.
2829 4413 2986 4453 PETRI
3011 4414 3300 4456 Βινθιιικθι

2847 4505 3038 4575 (Anno
3063 4505 3217 4578 963.)

2619 4611 2874 4684 [Ονὶῃίη.
2919 4613 3118 4684 Guelf.
3148 4611 3246 4684 IV,
3279 4615 3432 4688 556.]

2188 4719 2620 4776 Monasterium
2649 4719 2754 4776 SS.
2785 4720 2980 4788 Petri,
3007 4721 3294 4795 Joannes,
3307 4722 3446 4791 Viti,
3475 4723 3782 4794 Stephani
3811 4733 3874 4785 et

2257 4809 2510 4880 Agatltce
2537 4808 2880 4875 Bz’vorense,
2913 4823 2952 4866 α
2977 4810 3250 4882 Bittingo
3293 4813 3503 4869 comite
3525 4813 3877 4889 conditum,

2259 4899 2436 4954 unius
2465 4895 2618 4954 sedis
2649 4897 2993 4966 apostolicae
3014 4899 3436 4970 jurisdictiom‘
3461 4901 3730 4973 subjicit,
3764 4904 3878 4962 bo-

2256 5001 2451 5058 naque
2464 4988 2594 5058 ejus
2611 4987 2925 5056 conﬁrmat
2937 5029 2951 5053 ,
2968 5003 3036 5045 ea
3055 4989 3182 5061 tege
3199 5011 3226 5038 «
3252 4996 3317 5046 ut
3333 4991 3450 5047 sibi
3458 4992 3703 5064 suisque
3719 5009 3878 5052 suc-

2255 5075 2578 5132 cessoribus
2597 5077 2853 5148 singulis
2879 5076 3207 5150 quibusque
3231 5079 3657 5137 uidictionibus
3677 5087 3881 5152 pensi

2251 5167 2490 5224 nomine
2531 5166 2974 5224 rationabiliter
3020 5182 3146 5224 una
3189 5168 3347 5226 libra
3389 5172 3631 5240 argenti
3668 5187 3877 5243 super

2254 5255 2452 5314 altare
2471 5257 2538 5313 S.
2567 5256 2740 5313 Petri
2767 5257 3140 5326 conferatur.
3169 5279 3198 5308 ››

2255 5348 2404 5403 Cum
2427 5361 2641 5402 omnes
2671 5345 3034 5419 apostolicae,
3067 5351 3180 5403 etc.
