4116 6156
274 170 411 226 1037

1032 295 1159 349 XVI.

334 416 557 458 JOANNIS
588 417 740 459 PAPM
766 418 848 458 ΧΠ
874 417 1213 458 RESCRIPTUM
1244 417 1314 457 AD
1342 423 1631 463 EPISCOPOS
1666 424 1863 463 SYNODI

963 508 1220 548 ROMANB.

879 598 896 669 (
914 599 1089 652 Anno
1145 599 1247 655 963
1275 600 1319 671 ).

520 726 724 795 [Pertz.
758 718 1024 779 Monum.
1064 724 1260 780 Germ.
1292 727 1425 794 ch.
1458 729 1523 791 ll,
1555 728 1665 797 30].

342 834 457 886 Nos
488 830 833 886 audivimus
860 831 1056 887 dicere
1086 832 1231 905 quia
1260 849 1367 888 vos
1396 833 1566 888 vultis
1599 833 1780 891 alium
1819 852 1924 909 pa-

272 934 415 992 pam
445 918 678 987 facere;
713 918 763 974 si
792 921 908 976 hoc
934 919 1143 986 facitis,
1197 921 1654 977 excommunico
1701 938 1811 977 vos
1849 923 1924 981 de

273 1009 392 1062 Deo
421 1007 833 1080 omnipotenti,
853 1012 919 1063 ut
933 1023 1053 1063 non
1069 1008 1340 1065 habeatis
1368 1008 1665 1066 licentiam
1694 1008 1928 1065 nullum

271 1096 548 1153 ordinare
578 1099 634 1153 et
665 1097 911 1153 missam
937 1097 1256 1156 celebrare.

892 1331 1253 1391 .DUBIA

1025 1456 1177 1511 XVII.

270 1574 494 1616 JOANNIS
525 1577 679 1617 PAPB
704 1579 776 1617 XII
805 1578 1071 1618 EPISTOLA
1114 1580 1185 1617 AD
1229 1579 1474 1618 JOANNEM
1518 1578 1929 1617 ARCHIPRESBY-

1510 174 1860 232 EPISTOLE
1900 172 1986 230 ET
2023 174 2438 231 PRIVILEGIA.

3550 171 3685 231 £038

1949 299 1999 353 A
2028 297 2215 367 regni.
2246 298 2417 364 Quod
2447 299 2498 354 si
2528 300 2902 371 conspexerit
2927 314 3040 355 nos
3070 297 3320 355 devotos
3345 312 3488 368 erga
3506 312 3687 353 suum

2029 388 2352 456 servitium,
2368 404 2475 461 per
2499 388 2655 443 illius
2690 389 3184 445 interventioncm
3210 386 3688 460 promerebimus

2029 477 2279 533 evadere
2332 476 2660 548 gehennale
2715 477 3095 549 supplicium.
3139 480 3267 533 Non
3309 476 3469 532 enim
3515 475 3689 549 parvi

2029 566 2200 639 pretii
2230 581 2384 638 opus
2435 565 2551 621 sibi
2594 568 2864 621 reservat
2913 566 3214 639 praecipue
3263 580 3404 621 cum
3448 564 3688 638 azylum

2029 653 2211 723 illius,
2233 653 2399 726 quod
2428 668 2619 726 usque
2649 653 2939 709 hactenus
2982 654 3199 710 exstitit
3226 654 3429 722 breve,
3473 669 3510 709 a
3551 652 3689 709 fun-

2032 741 2317 798 damento
2365 747 2452 799 est
2492 742 2782 815 praeclaro
2827 757 3007 814 opere
3055 746 3484 814 constructum,
3533 745 3591 798 et
3626 741 3689 797 in

2033 830 2405 887 altitudinem
2434 831 2729 887 elevatum
2760 835 2938 903 atque
2967 832 3028 886 in
3067 830 3444 887 latitudinem
3485 835 3689 887 exten-

2034 937 2187 975 sum.
2225 922 2291 975 Et
2315 920 2481 992 quod
2509 925 2686 977 antea
2712 919 3029 976 videbatur
3053 918 3344 988 strictum,
3393 922 3450 975 et
3485 918 3691 975 obsce-

2034 1024 2205 1078 num,
2236 1023 2397 1063 nunc
2428 1007 2629 1064 divina
2658 1012 2960 1080 prmeunte
2990 1006 3306 1063 clementia
3330 1006 3693 1079 conspicitur

2034 1098 2262 1153 clarum
2289 1102 2345 1153 et
2374 1097 2714 1169 pulchrum.
2747 1097 2909 1154 Sicut
2935 1096 3095 1152 enim
3127 1095 3410 1151 eumdem
3452 1094 3693 1168 asylum

2037 1186 2117 1239 ad
2137 1185 2655 1242 honoriﬁcentiam
2686 1185 3113 1258 omnipotentis
3130 1184 3230 1239 Dei
3259 1188 3317 1239 et
3339 1182 3696 1257 pretiosissi-

2037 1273 2120 1328 mi
2151 1273 2490 1348 Tryphonis
2519 1275 2799 1346 martyris
2829 1279 2917 1331 est
2953 1278 3286 1347 peractum,
3344 1274 3427 1329 ita
3466 1273 3696 1345 optima

2038 1361 2337 1420 domicilia
2367 1368 2425 1419 et
2449 1364 2601 1419 bene
2628 1363 2908 1419 decorata
2927 1363 3232 1419 invenient
3259 1377 3473 1419 omnes
3498 1361 3561 1417 in
3582 1376 3696 1417 cm-

2036 1450 2170 1506 lesti
2200 1452 2411 1523 patria,
2458 1453 2562 1525 qui
2593 1452 2653 1507 in
2700 1452 2856 1507 illius
2895 1452 3189 1507 erectione
3236 1450 3525 1524 prodesse
3578 1453 3697 1505 stu.

2037 1539 2313 1594 duerunt.
2340 1539 2566 1596 Gaudet
2595 1540 2756 1595 enim
2780 1539 2907 1613 ipse
2934 1539 3441 1596 eminentissimus
3468 1542 3697 1610 martyr

342 1665 521 1704 TERUM
552 1693 565 1716 ,
636 1667 883 1705 JOANNEM
942 1668 1225 1707 ssccxnuu
1273 1668 1339 1705 er
1389 1668 1637 1705 .IOANNEM
1687 1667 1926 1705 TERTIUM
1959 1648 1999 1700 Β
2038 1642 2177 1716 εαξη
2205 1626 2456 1716 Christ?)
2480 1627 2845 1716 gaudebunt
2870 1633 2926 1683 et
2954 1643 3169 1716 omnes
3198 1626 3354 1716 illius
3383 1626 3696 1681 servitores

343 1751 748 1793 PRESBYTEROS.

913 1844 1109 1914 (Anno
1139 1846 1286 1913 957).

618 1948 864 2018 [Marini,
892 1950 1152 2018 Diplom.
1185 1950 1439 2018 Ponti/2,
1468 1949 1580 2018 65].

343 2055 587 2110 JOANNES
613 2054 953 2127 episcopus,
986 2071 1195 2110 servus
1225 2070 1536 2111 servorum
1558 2054 1679 2121 Dei,
1702 2054 1932 2110 dilectis

271 2143 333 2199 in
364 2143 591 2200 Christo
612 2144 745 2199 ﬁliis
773 2146 971 2200 losum
1004 2144 1283 2213 religioso
1314 2142 1856 2216 archipresbytero,
1875 2147 1934 2200 et

271 2235 465 2288 JOANNI
497 2233 784 2297 secundo,
818 2237 997 2306 atque
1026 2235 1231 2289 Jomm
1261 2232 1430 2288 tertio
1472 2232 1764 2303 religiosis
1796 2247 1932 2303 pre-

273 2320 529 2393 sbyteris
552 2326 733 2394 atque
762 2323 890 2393 ejus
921 2321 1320 2378 confratribus
1344 2322 1677 2393 vestrisque
1699 2335 1935 2377 succes-

273 2410 509 2466 soribus
534 2410 595 2466 in
626 2415 1006 2483 perpetuum.

343 2517 629 2572 Convenit
683 2516 1010 2588 apostolico
1058 2515 1459 2573 moderamini
1507 2517 1607 2588 pia
1645 2514 1931 2584 religione

269 2604 632 2677 pollentibus
677 2605 972 2662 benevola
1017 2606 1444 2681 compassione
1493 2618 1837 2661 succurrere
1874 2605 1932 2660 et

270 2695 601 2766 petentium
636 2695 853 2750 animis
880 2695 1341 2751 desiderabilem
1387 2694 1695 2768 impertiri-
1723 2710 1931 2751 assen-

272 2797 430 2837 sum.
463 2784 623 2838 Tunc
654 2783 813 2837 enim
842 2783 1227 2855 potissimum
1257 2783 1575 2856 prmmium
1609 2782 1775 2857 apud
1803 2800 1931 2841 om-

268 2871 439 2926 nium
469 2875 775 2928 auctorem
801 2872 1112 2945 reponitur
1137 2876 1323 2929 Deum
1351 2873 1599 2946 quando
1619 2872 1929 2930 venerabi-

265 2959 348 3014 lia
376 2959 508 3016 loca
538 2965 879 3032 opportune
922 2960 1199 3050 ordinata
1248 2961 1327 3017 ad
1370 2960 1681 3017 meliorem
1708 2960 1929 3050 fuerint
1956 2994 1997 3050 ο

268 3046 395 3103 sine
423 3047 610 3104 dubio
641 3052 861 3104 statum
883 3049 1194 3121 perducta.
1214 3050 1395 3119 Igitur
1414 3051 1559 3123 quia
1581 3049 1927 3123 postulastis

268 3152 304 3191 a
328 3135 503 3191 nobis
524 3141 823 3208 quatenus
848 3137 1315 3193 concederemus
1346 3142 1402 3193 et
1427 3138 1926 3195 conﬁrmaremus

264 3224 435 3280 vobis
487 3225 786 3298 vestrique
859 3226 1305 3282 successoribus
1372 3226 1686 3282 ecclesiam
1735 3223 1927 3281 sancti

267 3313 476 3369 Christi
507 3313 787 3385 martyris
813 3314 1126 3388 Triphonis
1153 3330 1282 3369 esse
1331 3319 1519 3370 tutam
1575 3317 1633 3370 et
1672 3313 1925 3369 liberam

266 3401 345 3457 ab
369 3402 537 3457 omni
564 3403 940 3460 condictione
971 3396 1109 3459 cum
1148 3403 1431 3459 omnibus
1477 3419 1613 3476 qum
1667 3402 1745 3459 ad
1788 3416 1922 3459 eam

263 3491 597 3563 pertinent;
648 3508 785 3565 qum
834 3509 943 3566 per
1001 3493 1405 3551 Crescentium
1473 3492 1924 3548 nobilissimum

266 3581 548 3635 Romanae
574 3580 740 3636 urbis
766 3582 1137 3655 prmfectum,
1172 3597 1276 3637 seu
1324 3598 1432 3654 per
1473 3585 1717 3638 cmteros
1763 3580 1923 3651 ejus-

263 3668 401 3724 dem
430 3669 693 3725 ecclesim
724 3670 945 3727 vicinos
971 3688 1007 3727 a
1036 3671 1268 3727 noviter
1295 3676 1384 3727 est
1421 3673 1781 3727 constructa.
1836 3667 1922 3725 Si-

263 3757 510 3828 quidem
538 3773 647 3829 per
673 3760 1171 3814 interventionem
1222 3760 1616 3832 suprascripti
1664 3758 1769 3813 ﬁlii
1817 3773 1922 3813 no-

266 3844 368 3901 stri
418 3847 737 3902 Crescentii
790 3847 1203 3916 gloriosissimi
1259 3848 1491 3920 prmfati
1530 3849 1658 3919 jam
1698 3847 1922 3903 dictam

264 3933 575 3990 ecclesiam
605 3937 1036 3992 conﬁrmamus
1066 3936 1237 3993 vobis
1266 3938 1600 4010 vestrisque
1617 3951 1922 3993 successo-

262 4022 429 4078 ribus
460 4039 567 4095 per
593 4024 708 4079 hoc
732 4029 948 4081 nostrm
980 4026 1345 4082 auctoritatis
1389 4026 1791 4100 privilegium,
1837 4025 1920 4081 ita

264 4116 330 4168 ut
352 4112 772 4184 perpetualiter
800 4114 861 4169 in
891 4128 962 4170 ea
988 4115 1410 4187 permaneatis,
1442 4120 1621 4188 atque
1647 4114 1924 4188 perenni-

263 4205 350 4256 ter
377 4200 589 4256 laudes
609 4207 831 4258 mterno
862 4206 982 4259 Deo
1007 4203 1291 4271 referatis,
1325 4219 1362 4260 a
1404 4203 1681 4276 prmsenti
1709 4203 1923 4277 quinta

263 4288 584 4345 indictione
612 4289 783 4346 vobis
811 4293 1136 4365 vestrisque
1168 4293 1618 4349 successoribus
1646 4291 1921 4349 concedi-

264 4392 401 4432 mus
426 4377 830 4435 detinendam.
866 4383 927 4435 In
956 4380 1052 4437 die
1082 4382 1243 4437 enim
1291 4397 1477 4438 sacrm
1523 4380 1918 4457 dedicationis

263 4466 537 4537 ejusdem
567 4468 845 4537 ecclesiae,
878 4485 1017 4525 cum
1043 4471 1489 4526 sanctissimum
1518 4486 1738 4543 corpus
1761 4470 1922 4527 beati

264 4556 601 4628 Tryphonis
633 4559 914 4631 martyris
943 4560 1202 4632 propriis
1233 4560 1453 4616 nostris
1482 4559 1765 4616 manibus
1807 4559 1921 4616 ibi-

264 4643 404 4699 dem
426 4646 911 4716 reconderemus,
936 4649 1390 4720 promulgatum
1441 4653 1528 4705 est
1566 4665 1603 4705 a
1650 4649 1828 4705 nobis
1856 4653 1923 4706 ut

265 4736 784 4806 quemadmodum
808 4738 1051 4811 reliqum
1093 4739 1400 4795 catholicm
1452 4738 1721 4795 Ecclesim
1766 4738 1922 4795 infra

265 4825 599 4880 Romanam
650 4825 862 4881 urbem
917 4828 1301 4884 honorabiles
1335 4827 1614 4894 existunt,
1654 4826 1922 4884 similiter

265 4915 321 4968 et
349 4912 481 4985 ipsa
510 4913 813 4969 consistat.
850 4915 1105 4984 ilignum
1146 4932 1413 4991 namque
1463 4922 1555 4974 est
1601 4921 1665 4974 ut
1711 4920 1919 4974 sancto

264 5001 516 5074 martyri
544 5001 846 5075 Tryphoni
876 5019 1016 5058 cum
1043 5019 1284 5060 summa
1325 5005 1641 5063 devotione
1669 5005 1919 5064 famule-

263 5105 419 5158 mur,
452 5095 509 5146 et
532 5090 780 5147 ecclesia
808 5107 941 5165 qum
969 5092 1082 5147 sub
1113 5092 1243 5163 ejus
1260 5093 1505 5149 nomine
1519 5094 1919 5168 omnipotenti

265 5182 386 5235 Deo
406 5183 465 5235 et
493 5179 785 5237 attitulata
812 5197 850 5236 a
874 5181 1049 5237 nobis
1078 5186 1136 5237 et
1164 5198 1201 5239 a
1229 5181 1447 5238 nostris
1475 5185 1920 5241 successoribus

263 5268 534 5326 debitum
578 5269 872 5326 honorem
927 5270 1193 5344 recipiat,
1253 5274 1432 5343 atque
1474 5271 1536 5327 in
1582 5271 1807 5328 indicta
1834 5273 1920 5329 ibi

266 5358 647 5429 processione
669 5360 765 5416 vel
794 5359 1238 5433 sationenostri
1280 5361 1435 5416 sacri
1478 5360 1683 5433 palatii
1712 5362 1920 5419 schola

267 5450 581 5504 cantorum
611 5449 944 5505 conveniat.
977 5450 1111 5521 Ipse
1141 5449 1301 5505 enim
1330 5448 1916 5521 prmcellentissimus

265 5541 496 5611 martyr
522 5539 735 5595 obtulit
763 5554 981 5611 corpus
1013 5555 1193 5595 suum
1221 5543 1465 5612 propter
1494 5543 1681 5595 Deum
1721 5540 1799 5597 ad
1834 5540 1922 5597 di-

264 5642 442 5684 versa
469 5626 783 5700 supplicia,
808 5627 944 5684 ideo
973 5628 1305 5701 promeruit
1340 5643 1629 5686 coronam
1666 5629 1919 5688 caelestis

2035 1713 2141 1784 qui
2172 1717 2341 1781 grata
2370 1712 2451 1767 illi
2475 1713 2834 1784 impendunt
2866 1715 3120 1771 servitia.
3158 1715 3317 1772 Sicut
3348 1716 3508 1770 enim
3551 1729 3698 1787 quo-

2039 1800 2177 1856 tidie
2203 1801 2264 1855 in
2292 1801 2466 1856 nobis
2499 1807 2847 1859 accrescunt
2874 1803 3060 1859 nostri
3083 1804 3498 1875 Redemptoris
3524 1804 3697 1857 bene-

2037 1889 2193 1955 ﬁcia,
2246 1888 2328 1944 ita
2375 1904 2517 1957 erga
2567 1889 2759 1961 ipsius
2799 1890 3111 1946 ecclesiam
3151 1906 3188 1947 a
3232 1890 3408 1947 nobis
3436 1889 3699 1963 plurima
3792 1886 3795 1891 λ

2039 1976 2271 2031 debent
2308 1976 2435 2031 ﬂeri
2487 1978 2803 2049 obsequia.
2858 1978 3224 2035 Gloriﬁcetur
3251 1994 3497 2052 quoque
3541 1983 3697 2035 Deus

2038 2079 2145 2137 per
2173 2079 2285 2120 nos
2310 2064 2572 2121 famulos
2600 2065 2660 2120 in
2688 2080 2759 2121 ea
2789 2071 2855 2121 ut
2874 2070 3116 2121 sanctus
3155 2071 3406 2139 martyr,
3437 2082 3548 2138 pro
3592 2082 3699 2122 cu-

2033 2153 2136 2223 jus
2167 2168 2371 2208 amore
2401 2158 2493 2209 est
2521 2157 2883 2222 constructa,
2930 2154 3043 2210 sibi
3093 2155 3398 2226 subjectos
3439 2154 3698 2211 famulos

2040 2244 2229 2297 Deum
2254 2242 2635 2299 laudantium
2663 2243 2742 2299 ad
2768 2248 3054 2300 mternam
3081 2244 3373 2317 perducat
3421 2244 3694 2315 gloriam.

2039 2330 2259 2387 Pariter
2307 2332 2738 2388 conﬁrmamus
2793 2333 2966 2389 vobis
3025 2336 3081 2389 et
3121 2337 3332 2390 vestrm
3365 2334 3495 2405 jam
3525 2333 3698 2390 dictm

2041 2419 2311 2475 Ecclesim
2344 2420 2531 2476 sancti
2559 2422 2893 2493 Tryphonis
2937 2422 3264 2478 oratorium
3304 2423 3469 2495 quod
3510 2422 3697 2478 mdiﬁ-

2040 2512 2241 2563 catum
2268 2512 2355 2564 est
2377 2508 2434 2564 in
2450 2510 2678 2565 honore
2696 2511 2883 2566 sancti
2913 2512 3194 2585 Stephani
3215 2513 3694 2585 protomartyris,

2038 2611 2176 2650 cum
2202 2596 2368 2652 libris
2393 2600 2449 2652 et
2468 2598 2836 2654 ornamentis
2866 2598 3052 2670 ipsius
3078 2600 3319 2656 oratorii
3340 2604 3397 2656 et
3413 2600 3697 2673 porticale

2031 2684 2206 2755 juxta
2240 2700 2301 2740 se
2333 2689 2389 2741 et
2414 2689 2567 2741 terra
2596 2691 2847 2742 vacante
2892 2688 2970 2742 ad
3006 2688 3435 2745 tumulandum
3478 2688 3540 2745 in
3590 2689 3697 2744 cir-

2037 2775 2199 2830 cuitu
2232 2791 2360 2831 suo.
2391 2777 2537 2831 Item
2570 2776 3000 2833 conﬁrmamus
3026 2779 3198 2835 vobis
3222 2783 3405 2836 totam
3428 2784 3698 2852 pusteru-

2034 2862 2159 2919 lam
2189 2880 2325 2937 qum
2353 2868 2602 2921 vocatur
2631 2881 2667 2921 a
2710 2865 2850 2934 Pila,
2914 2882 3054 2923 cum
3098 2867 3230 2941 ipsa
3259 2868 3383 2942 pila
3420 2884 3555 2942 qum
3586 2869 3696 2926 sita

2036 2956 2128 3008 est
2173 2952 2328 3010 infra
2376 2953 2603 3010 ﬂumen
2645 2955 2867 3011 Tiberis
2918 2956 2978 3012 in
3027 2956 3160 3031 ipsa
3193 2957 3520 3031 pusterula,
3554 2973 3695 3014 cum

2036 3057 2198 3114 aqua
2229 3042 2307 3097 ad
2338 3042 2713 3115 aquimolum
2757 3045 3227 3101 construendum
3271 3050 3328 3102 et
3375 3062 3514 3102 cum
3562 3045 3696 3118 ripa

2034 3131 2222 3203 ipsius
2251 3132 2576 3204 pusterulm
2605 3139 2784 3206 atque
2814 3134 3153 3207 percipiatis
3198 3135 3337 3192 inde
3375 3135 3693 3208 ripaticum

2035 3235 2071 3275 a
2100 3220 2409 3293 pusterula
2457 3225 2678 3277 sanctm
2727 3222 2917 3278 Lucim
2963 3239 3157 3296 usque
3208 3224 3286 3280 ad
3322 3222 3692 3296 pusterulam

2034 3309 2223 3365 sancti
2253 3310 2499 3380 Martini,
2532 3314 2590 3367 et
2618 3326 2758 3367 cum
2802 3313 3085 3369 omnibus
3132 3313 3208 3370 ad
3260 3314 3460 3386 ipsum
3499 3316 3693 3370 orato-

2032 3399 2191 3455 rium
2218 3400 2672 3472 pertinentibus.
2695 3402 3140 3459 Possessionem
3164 3403 3223 3459 in
3250 3404 3494 3474 regione
3525 3406 3694 3462 Cam-

2032 3488 2322 3560 pomartis
2347 3490 2521 3561 juxta
2550 3490 2829 3546 eamdem
2860 3482 3231 3564 pusterulam
3277 3509 3413 3566 qum
3460 3509 3497 3550 a
3541 3492 3683 3567 pila,

2031 3581 2089 3633 et
2111 3578 2262 3634 inter
2288 3578 2499 3635 afﬁnes
2520 3593 2557 3635 a
2584 3580 2781 3652 primo
2805 3580 2987 3640 latere
3024 3586 3080 3639 et
3108 3582 3243 3655 ipsa
3284 3582 3611 3656 pusterula,
3654 3599 3691 3640 a

2031 3667 2296 3724 secundo
2325 3667 2507 3725 latere
2539 3673 2628 3725 est
2658 3669 2859 3726 alveus
2878 3670 3169 3741 ﬂuminis,
3216 3688 3254 3728 a
3300 3671 3470 3728 tertio
3507 3672 3689 3729 latere

2030 3770 2240 3810 murus
2269 3755 2517 3811 civitatis
2554 3760 2609 3811 et
2634 3757 2856 3812 domus
2900 3758 3144 3814 Joannis
3197 3760 3607 3830 mansionarii,
3652 3777 3690 3818 a

2029 3847 2247 3915 quarto
2276 3844 2456 3900 latere
2482 3848 2571 3900 est
2598 3844 2693 3900 via
2720 3845 2985 3917 publica,
3019 3846 3173 3903 sicut
3210 3864 3394 3921 supra
3433 3849 3687 3921 scriptus

2031 3932 2399 3989 Crescentius
2436 3932 2844 3989 nobilissimus
2888 3934 3053 3991 urbis
3098 3936 3414 4009 prmfectus
3459 3937 3687 3994 dictum

2028 4020 2358 4077 oratorium
2408 4021 2599 4077 sancti
2649 4025 3107 4097 protomartyris
3157 4027 3440 4099 Stephani
3484 4042 3520 4084 a
3562 4026 3686 4099 pila

2027 4124 2136 4183 per
2185 4109 2525 4167 donationis
2577 4110 2869 4168 cartulam
2921 4114 3095 4170 vobis
3134 4118 3189 4171 et
3228 4107 3411 4188 supra
3450 4116 3684 4189 scripta:

2031 4197 2292 4255 ecclesim
2323 4200 2567 4257 donavit
2596 4206 2776 4275 atque
2807 4204 3116 4273 concessit,
3168 4205 3253 4260 sic
3306 4221 3446 4261 eum
3489 4208 3685 4261 tutum

2031 4292 2087 4344 et
2112 4288 2368 4345 liberum
2395 4289 2473 4346 ab
2502 4290 2669 4346 omni
2717 4292 3055 4349 conditione
3111 4293 3363 4350 aliarum
3411 4293 3685 4351 ecclesia-

2030 4392 2167 4433 rum
2196 4381 2322 4433 tam
2349 4377 2787 4451 temporalibus
2826 4396 3013 4454 quam
3055 4381 3235 4438 etiam
3274 4381 3684 4455 spiritualibus

2028 4464 2210 4521 rebus
2236 4480 2375 4522 cum
2406 4470 2527 4523 tota
2545 4468 2835 4539 parorhia
2865 4485 2977 4525 sua
3004 4472 3062 4525 et
3088 4469 3371 4525 omnibus
3398 4470 3519 4526 suis
3542 4470 3682 4526 teni-
3716 4492 3725 4501 ο

2030 4554 2244 4610 mentis
2271 4559 2329 4611 et
2350 4555 2741 4629 pertinentiis,
2756 4557 2906 4613 sicut
2931 4573 3115 4630 supra
3139 4557 3364 4615 dictum
3380 4563 3486 4627 est,
3509 4558 3681 4615 vobis

2028 4649 2087 4701 et
2107 4649 2324 4701 vestrm
2349 4646 2610 4701 ecclesiae
2641 4646 3031 4704 concedimus
3075 4652 3132 4704 et
3159 4648 3592 4705 conﬁrmamus
3618 4649 3683 4705 in

2027 4737 2406 4807 perpetuum.
2440 4738 2718 4790 Nostrum
2769 4735 2949 4792 etiam
2998 4752 3411 4794 successorum
3440 4738 3682 4811 pontiﬁ-

2029 4839 2169 4880 cum
2197 4823 2541 4896 quicunque
2568 4824 2697 4882 vice
2726 4824 2888 4882 beati
2916 4827 3064 4883 Petri
3094 4827 3507 4901 apostolorum
3523 4830 3685 4903 prin-

2029 4912 2175 4986 cipis
2204 4912 2373 4983 fungi
2403 4916 2685 4971 meruerit
2709 4915 2991 4972 volumus
3020 4921 3200 4991 atque
3246 4934 3354 4992 per
3403 4921 3685 4995 apostoli-

2027 5018 2163 5058 cam
2192 5004 2603 5060 auctoritatem
2624 5004 2931 5076 jubemus,
2957 5009 3025 5077 ut
3052 5006 3219 5066 nulla
3248 5011 3563 5067 occasione
3587 5011 3683 5066 vel

2028 5090 2167 5147 dolo
2197 5092 2313 5148 hoc
2338 5092 2718 5166 privilegium
2765 5099 2984 5153 nostrm
3032 5099 3435 5156 concessionis
3461 5103 3515 5152 et
3545 5112 3682 5152 con-

2025 5179 2383 5238 ﬁrmationis
2411 5182 2779 5255 immutetur,
2810 5190 2913 5245 aut
2943 5187 3144 5261 aliquo
3185 5187 3369 5241 modo
3408 5184 3675 5241 violetur.

2031 5269 2089 5325 Si
2115 5271 2252 5343 quis
2285 5276 2509 5340 autem,
2567 5275 2734 5346 quod
2784 5292 2909 5333 non
2964 5274 3282 5339 credimus,
3327 5272 3678 5328 temerarius

2028 5359 2310 5417 exstiterit
2332 5366 2541 5420 contra
2568 5364 2685 5421 hoc
2713 5370 2985 5421 nostrum
3017 5361 3413 5434 apostolicum
3444 5361 3679 5434 privile-

2029 5449 2194 5519 gium
2238 5451 2441 5508 venire
2480 5457 2585 5509 aut
2629 5455 2692 5509 in
2741 5466 3055 5524 quoquam
3106 5449 3481 5525 disrumpere
3524 5468 3678 5526 prm-

2029 5541 2367 5614 sumpserit,
2422 5546 2479 5597 et
2529 5541 2802 5613 superius
2854 5557 2891 5596 a
2921 5539 3097 5597 nobis
3144 5544 3431 5598 statutum
3478 5548 3566 5597 est
3598 5541 3680 5598 ita

2026 5648 2381 5707 permanere
2408 5647 2533 5688 non
2561 5629 2870 5705 dimiserit,
2899 5629 3047 5689 sciat
3071 5648 3156 5703 se,
3200 5631 3316 5689 nisi
3346 5630 3675 5706 resipiscat,
