4116 6156
423 139 562 198 1039

1815 125 2104 184 JOANNlS
2141 124 2338 179 PAPAE
2375 124 2464 178 XII

3708 113 3866 167 1040

396 261 767 333 ,auctoritate
792 258 893 314 Dei
923 256 1346 329 omnipotentis
1373 259 1429 311 et
1457 255 1772 310 beatorum
1822 249 1968 306 Petri
2019 251 2083 303 et
2113 249 2159 301 A
2190 246 2428 315 damus,
2485 250 2551 302 ut
2601 245 2716 302 sub
2761 228 3170 333 jurisdioa'one
3214 241 3458 333 sanctae‘
3479 238 3722 333 nostris,
3755 235 3864 291 cui

421 352 582 409 Pauli
613 366 682 406 ac
709 353 916 404 nostra
950 347 1122 417 cujus
1153 345 1460 413 fungimur
1505 341 1887 399 vioarialione
1936 354 2080 393 ana-

422 439 698 497 thematis
728 437 962 493 vinculo
991 451 1119 491 esse
1151 434 1529 499 innodatum,
1562 438 1619 488 et
1669 448 1705 487 a
1747 445 1930 498 regno
1984 426 2084 482 Dei

422 530 706 594 alienum,
741 544 877 583 cum
909 524 1153 582 diabolo
1179 529 1236 580 et
1264 525 1395 593 ejus
1429 519 1812 578 atrocissimis
1844 517 2083 591 pompis

422 624 602 692 atque
653 617 808 672 Juda
859 615 1138 671 traditore
1198 611 1426 668 Domini
1473 610 1656 666 nostri
1696 613 1832 664 Jesu
1876 605 2083 661 Christi

422 706 647 764 aeternii
703 703 977 778 supplicii
1037 701 1314 758 incendio
1369 698 1900 756 concremandum.
1973 695 2084 760 Qui

423 813 566 854 vero
598 795 698 868 pio
729 793 941 850 intuitu
971 796 1170 847 custos
1202 796 1259 846 et
1290 790 1642 845 observator
1671 786 1954 844 exstiterit
1977 785 2084 840 hu-

417 887 520 958 jus
550 890 767 940 nostrae
799 881 1142 955 apostolicae
1175 877 1614 935 constitutionis
1645 875 1955 950 privilegii,
1987 873 2086 930 be-

421 973 777 1032 nedictionis
801 970 1052 1040 gratiam
1079 986 1114 1026 a
1131 969 1294 1040 justo
1321 968 1516 1039 judice
1561 965 1813 1022 Domino
1865 966 1982 1020 Deo
2031 968 2086 1019 et

425 1063 725 1120 Salvatore
753 1065 960 1116 nostro
994 1061 1134 1114 Jesu
1169 1058 1418 1128 Christo,
1439 1063 1492 1112 et
1518 1074 1554 1113 a
1577 1061 1782 1112 sancta
1808 1054 2084 1122 genitrice

425 1153 557 1224 ejus
581 1150 808 1219 virgine
840 1148 1038 1218 Maria,
1079 1147 1387 1219 vitamque
1420 1151 1703 1203 aeternam
1733 1161 1870 1200 eum
1899 1143 2084 1200 omni-

425 1238 542 1294 bus
595 1235 817 1292 sanctis
861 1239 918 1290 et
969 1233 1166 1288 electis
1215 1232 1314 1288 Dei
1363 1231 1654 1304 consequi
1698 1225 2082 1286 mereaturin

427 1325 647 1384 saecula
677 1325 1054 1382 saeculorum.
1083 1329 1292 1380 Amen.

1155 1433 1338 1488 XVIII.

425 1557 603 1598 BULLA
659 1555 890 1597 JOANNIS
947 1555 1102 1597 PAPB
1150 1555 1232 1594 XII
1280 1554 1385 1594 PRO
1443 1550 1799 1593 MONASTERIO
1844 1549 2086 1589 VULTUB-

959 1644 1124 1684 NENSI
1163 1644 1211 1683 S.
1251 1643 1548 1684 VINCENTII.

1073 1735 1142 1806 (A
1153 1749 1268 1789 uno
1297 1733 1442 1804 962).

534 1842 732 1916 [Apud
762 1839 1055 1898 Muratori.
1088 1842 1226 1898 Iter.
1259 1841 1400 1896 Ital.
1426 1839 1646 1908 Script.
1678 1841 1716 1904 1,
1742 1853 1804 1905 ιι,
1831 1837 1978 1908 44η.

497 1951 748 2005 Joannes
770 1947 1115 2020 episcopus,
1148 1962 1357 2001 servus
1383 1961 1693 2001 servorum
1740 1943 1859 2008 Dei,
1902 1947 2088 1999 PAULO

380 2051 385 2056 ‘
426 2035 752 2094 venerabili
793 2035 1020 2105 abbati,
1077 2039 1136 2091 et
1184 2033 1547 2090 monasterio
1579 2033 1769 2090 sancti
1801 2030 2089 2089 Vincentii

428 2123 711 2196 martyris
743 2123 956 2180 Christi
984 2122 1162 2178 situm
1193 2139 1372 2195 super
1403 2121 1628 2178 fontem
1671 2120 1940 2177 Vulturni
1985 2120 2091 2175 ﬂu—

429 2213 632 2280 minis,
662 2212 937 2285 partibus
969 2211 1246 2276 Samnite,
1277 2211 1566 2268 territorio
1585 2213 2092 2280 Beneventano,et

427 2317 535 2376 per
583 2306 638 2358 te
668 2301 730 2358 in
768 2300 984 2357 eodem
1029 2300 1352 2356 venerabili
1378 2299 1745 2356 monasterio
1793 2301 1909 2356 tuis
1956 2315 2089 2354 suc-

428 2389 774 2446 cessoribus
803 2389 1147 2459 regulariter
1175 2388 1602 2460 promovendis
1629 2387 1688 2444 in
1712 2390 2088 2460 perpetuum.

499 2479 647 2534 Cum
673 2492 897 2549 magna
926 2475 1102 2533 nobis
1133 2476 1528 2532 sollicitudine
1560 2492 1704 2532 cura
1742 2475 1954 2532 insistit
1979 2490 2090 2548 pro

431 2567 725 2624 universis
757 2566 858 2622 Dei
879 2564 1145 2621 ecclesiis
1172 2582 1240 2622 ac
1262 2565 1374 2638 piis
1403 2565 1548 2621 locis
1576 2565 1972 2636 vigilandum,
2015 2580 2091 2620 ne

428 2653 696 2726 aliquam
725 2652 1092 2708 necessitatis
1112 2653 1410 2722 jacturam
1457 2652 1804 2720 sustineant,
1835 2649 1941 2706 sed
1969 2664 2092 2705 ma-

431 2741 522 2812 gis
552 2741 798 2814 propria
827 2739 1075 2796 utilitate
1105 2740 1402 2813 stipendia
1449 2744 1916 2813 consequantur,
1955 2737 2092 2795 ideo

428 2828 706 2886 convenit
734 2843 847 2884 nos
879 2828 1166 2900 pastorali
1198 2831 1319 2883 tota
1361 2827 1578 2884 mentis
1623 2827 1958 2898 integritate
1997 2842 2091 2882 eo-

430 2916 710 2974 rumdem
740 2915 1173 2972 venerabilium
1202 2914 1470 2971 locorum
1504 2914 1766 2972 maxime
1807 2913 2090 2971 stabilita-
2119 2948 2161 3004 ο

430 3005 504 3062 tis
535 3005 932 3076 integritatem
958 3020 1301 3078 procurare,
1336 3009 1392 3060 et
1430 3003 1634 3062 sedule
1677 3020 1886 3060 eorum
1935 3003 2088 3060 utili-

428 3095 533 3160 tati
559 3093 830 3150 subsidia
855 3093 1145 3159 conferre,
1187 3099 1252 3150 ut
1279 3097 1396 3150 Deo
1445 3098 1650 3150 nostro
1697 3093 2090 3167 omnipotenti

426 3181 488 3239 id
512 3182 680 3256 quod
709 3199 820 3256 pro
851 3183 982 3254 ejus
1017 3183 1204 3239 sancti
1235 3181 1496 3238 nominis
1524 3183 1772 3253 honore,
1801 3183 1980 3239 etiam
2011 3183 2090 3240 ad

426 3271 673 3328 laudem
704 3276 883 3344 atque
922 3270 1176 3343 gloriam
1207 3273 1338 3344 ejus
1370 3273 1585 3328 divinae
1618 3273 1948 3344 majestatis
1996 3288 2088 3328 ve-

425 3361 796 3418 nerabilibus
823 3361 1106 3418 collatum
1136 3367 1226 3418 est
1251 3362 1418 3433 locis,
1453 3362 1527 3418 sit
1571 3363 1938 3435 acceptabile
1983 3378 2088 3419 no-

423 3451 541 3521 bis,
573 3449 741 3523 quod
769 3449 850 3507 ad
878 3451 1010 3522 ejus
1039 3450 1241 3508 locum
1283 3451 1635 3525 plenissima
1681 3451 2090 3509 misericordia

426 3537 681 3607 dignum
707 3539 1060 3610 hujusmodi
1085 3539 1170 3612 pii
1199 3541 1397 3612 operis
1429 3540 1492 3595 in
1521 3540 1766 3596 sidereis
1817 3541 2086 3598 conferao

425 3631 492 3683 tu
551 3625 785 3682 actibus
815 3626 1236 3682 remuneratio.
1268 3628 1468 3698 Igitur,
1498 3628 1642 3700 quia
1670 3628 1898 3700 petistis
1921 3645 1958 3685 a
1987 3643 2092 3684 no-

421 3713 518 3770 bis
552 3717 852 3787 quatenus
901 3713 1334 3772 monasterium
1381 3715 1540 3772 beati
1587 3715 1880 3773 Vineentii
1928 3733 2088 3774 mar-

424 3802 572 3876 tyris
629 3802 809 3859 situm
851 3819 1039 3877 supra
1087 3803 1342 3860 ﬂuvium
1385 3804 1761 3874 Vulturnum,
1801 3806 2088 3863 territorio

423 3890 864 3960 Beneventano,
893 3891 1164 3964 partibus
1197 3892 1452 3949 Samnizn
1477 3909 1598 3950 una
1626 3909 1766 3949 cum
1795 3895 2088 3966 pertineno

423 3979 517 4034 tiis
575 3977 696 4034 suis
751 3984 808 4034 ct
861 3980 1261 4048 monasteriis,
1322 3981 1596 4037 videlicet
1659 3982 2087 4039 monasterium

424 4065 584 4122 beati
612 4067 760 4122 Petri
813 4068 1068 4140 apostoli
1102 4069 1281 4124 situm
1303 4069 1476 4140 juxta
1520 4069 1772 4126 ﬂuvium
1821 4071 2083 4140 Sabbati,

423 4154 715 4209 territorio
737 4155 866 4226 jam
896 4156 1055 4212 dicto
1091 4160 1504 4212 Beneventano
1529 4175 1542 4223 ;
1571 4157 1676 4214 sed
1703 4163 1762 4214 et
1789 4164 2086 4216 monaste-

420 4241 578 4298 rium
606 4248 826 4299 sancta?
863 4245 960 4300 Dei
989 4245 1288 4315 genitricis
1336 4246 1526 4304 Mariae
1579 4247 1640 4303 in
1692 4247 1825 4304 loco
1885 4250 2078 4317 Sano;

421 4329 564 4386 item
597 4333 1030 4389 monasterium
1065 4334 1376 4391 Salvaloris
1423 4337 1656 4394 Domini
1709 4339 1895 4394 nostri
1941 4339 2082 4395 Jesu

421 4419 654 4489 Christi,
681 4423 848 4493 quod
881 4424 1148 4494 positum
1173 4429 1266 4480 est
1297 4425 1356 4480 in
1388 4425 1532 4481 Alite
1559 4445 1570 4494 ;
1600 4443 1833 4483 necnon
1863 4433 1920 4484 et
1959 4445 2082 4485 mo-

417 4509 750 4564 nasterium
777 4510 836 4565 in
863 4511 1091 4568 honore
1125 4518 1345 4570 sanctae
1386 4515 1574 4571 Mariae
1604 4515 1968 4573 aedificatum
1999 4519 2083 4574 vi-

417 4597 631 4654 delicet
687 4599 750 4655 in
810 4601 1101 4659 territorio
1149 4603 1495 4675 Marsicauo,
1544 4603 1678 4662 loco
1722 4605 2076 4680 Apinianici.

416 4688 597 4744 Porro
628 4689 1065 4747 monasterium
1096 4693 1284 4748 sancti
1334 4693 1516 4750 Mauri
1546 4693 1699 4751 infra
1727 4695 2080 4753 comitatum

418 4775 762 4834 Atinensem
791 4795 978 4851 quam
1003 4786 1060 4838 et
1085 4781 1249 4837 aliud
1276 4783 1706 4840 monasterium
1731 4790 1950 4842 sanctae
1982 4787 2082 4842 Dei

417 4863 718 4932 genitricis
744 4868 936 4924 Mariae
965 4869 1144 4926 situm
1166 4871 1228 4927 in
1261 4872 1550 4928 territorio
1573 4874 1885 4930 Pennense
1905 4874 1965 4930 in
1997 4875 2080 4932 lo-

415 4965 510 5020 co,
560 4951 665 5025 qui
693 4953 908 5010 dicitur
940 4961 1213 5030 Marano;
1263 4977 1500 5018 necnon
1546 4969 1604 5020 et
1645 4965 2081 5022 monasterium

415 5039 579 5098 aliud
610 5049 1028 5105 consecratum
1057 5048 1119 5104 in
1155 5049 1384 5109 honore
1416 5057 1638 5110 sanetae
1689 5054 1789 5110 Dei
1840 5055 2079 5125 genitri-

414 5130 499 5186 cis
524 5132 735 5201 Marize,
768 5132 900 5190 loco
927 5135 1032 5208 qui
1060 5137 1276 5194 dicitur
1323 5143 1479 5198 Duas
1515 5142 1846 5210 Basilicas;
1891 5161 2079 5218 quam

413 5233 538 5277 una
565 5238 703 5278 cum
731 5224 860 5280 aliis
891 5227 1270 5284 monasteriis
1301 5234 1358 5286 et
1385 5231 1566 5299 cellis,
1595 5234 1834 5298 massis,
1878 5228 1938 5291 et
1984 5251 2080 5292 ca-

412 5308 516 5374 sis,
573 5313 874 5382 casilibus,
928 5333 1067 5374 cum
1113 5318 1318 5386 servis,
1382 5325 1438 5376 et
1488 5311 1718 5380 ancillis
1767 5324 2078 5398 utriusque

313 5461 324 5473 O
409 5412 590 5454 sexus
615 5400 840 5460 ibidem
866 5407 1286 5476 residentibus,
1320 5427 1460 5468 cum
1485 5413 1689 5470 omnia
1711 5419 1768 5470 et
1794 5415 1857 5470 in
1888 5413 2080 5471 omni-

407 5484 524 5574 bus
558 5491 682 5543 suis
705 5493 1096 5561 pertinentiis,
1146 5497 1268 5562 tibi,
1327 5500 1581 5574 aliisque
1627 5501 2078 5564 successoribus

408 5573 756 5651 abbatibus,
789 5580 892 5656 qui
922 5580 1146 5644 ibidem
1174 5585 1238 5647 in
1268 5573 1534 5662 tempore
1575 5591 1816 5667 fuerint,
1869 5605 2078 5659 conse-

2197 340 2312 392 Deo
2345 340 2585 392 auctore
2617 333 3003 396 deservimus,
3032 327 3318 397 ecclesiae,
3363 325 3534 382 vobis
3582 324 3864 381 detinen-

2193 425 2361 491 dum,
2412 425 2634 481 nullius
2683 418 2918 478 alterius
3000 417 3266 474 ecclesiae
3331 413 3860 488 jurisdictionibus

2194 515 2598 570 submittatur.
2646 513 2757 564 Pro
2804 525 2926 580 qua
2981 523 3040 563 re
3083 505 3198 580 piis
3223 504 3531 562 desideriis
3554 503 3856 571 faventes,

2193 604 2306 659 hac
2336 608 2539 659 nostra
2561 596 2929 666 auctoritate,
2961 595 3125 668 quod
3170 593 3490 668 exposcitis
3539 592 3859 666 mancipa-

2194 709 2329 748 mus
2381 695 2447 747 Et
2473 687 2606 744 ideo
2652 685 3041 742 concedimus
3089 683 3286 754 vobis,
3331 682 3662 756 vestrisque
3712 698 3856 738 suc-

2152 779 2532 836 'cessoribus
2577 774 2900 832 abbatibus
2951 773 3250 830 licentiam
3301 771 3644 846 apostolicae
3687 772 3853 828 sedis

2193 874 2429 935 uestrae,
2462 869 2528 921 ut
2551 863 2884 938 quamlibet
2915 861 3410 918 Christianitatem
3441 860 3851 932 indigentibus

2194 959 2250 1012 in
2284 949 2532 1026 prtefafo
2559 951 2883 1009 venerabili
2909 949 3291 1021 monasterio,
3310 949 3506 1023 qualis
3529 949 3852 1024 episcopus

2190 1042 2362 1100 vobis
2389 1043 2462 1099 ad
2498 1042 2870 1099 invitandum
2908 1041 2990 1097 ire
3017 1039 3334 1108 volueritis,
3377 1039 3640 1096 habendi
3685 1043 3852 1112 pote-

2193 1137 2406 1190 statem
2435 1132 2788 1190 omnimodo
2819 1131 3228 1198 concedimus,
3261 1129 3339 1186 ad
3390 1129 3670 1186 ecclesias
3714 1146 3852 1186 con-

2191 1222 2535 1286 secrandas,
2568 1226 2624 1277 et
2650 1221 2914 1277 similiter
2942 1220 3374 1276 ordinationem
3414 1219 3488 1276 de
3537 1219 3854 1276 subdiaco-

2191 1311 2371 1368 nibus
2402 1315 2458 1368 et
2487 1310 2841 1368 diaconibus
2872 1325 2978 1384 j-er
3007 1314 3281 1382 tempora
3309 1307 3672 1378 faciendam,
3696 1313 3753 1364 et
3777 1308 3852 1364 de

2191 1399 2359 1458 omni
2390 1399 2583 1470 gradu
2612 1399 3010 1455 ecclesiastico
3059 1397 3284 1454 ibidem
3336 1397 3394 1452 in
3441 1401 3717 1470 tempora
3745 1397 3852 1453 im-

2193 1489 2505 1563 plendum.
2534 1492 2935 1545 Protestamur
2963 1488 3166 1556 etiam,
3193 1491 3260 1543 ut
3287 1486 3488 1544 nullus
3531 1486 3852 1560 episcopus

2115 1599 2157 1653 Β
2194 1577 2409 1634 exinde
2446 1577 2664 1634 debeat
2701 1577 3136 1634 subdiaconem
3187 1576 3266 1632 ad
3323 1591 3498 1631 suam
3547 1575 3846 1648 synodum

2191 1683 2542 1741 provocare,
2570 1667 2684 1723 nisi
2711 1683 2821 1724 sua
2849 1666 3024 1722 fuerit
3051 1665 3293 1739 propria
3322 1662 3600 1720 voluntas
3628 1663 3842 1720 autab-

2193 1756 2418 1824 batem,
2450 1755 2544 1812 vel
2574 1757 2943 1812 monachum
2995 1754 3155 1811 nullo
3199 1754 3381 1812 modo
3418 1753 3702 1826 judicare,
3743 1754 3835 1809 vel

2197 1845 2736 1902 excommunicare.
2791 1844 3078 1900 Volumus
3119 1841 3296 1900 etiam
3347 1848 3403 1900 et
3458 1841 3848 1916 apostolicam

2194 1933 2569 2004 injungimus
2595 1933 3003 1990 auctoritatem
3031 1932 3203 1989 vobis
3233 1932 3564 2006 vestrisque
3617 1946 3854 1986 succes-

2198 2021 2439 2078 soribus
2471 2021 2935 2095 abbatibus,qui
2965 2021 3187 2078 ibidem
3217 2021 3279 2078 in
3307 2026 3572 2095 tempore
3594 2019 3858 2076 ordinati

2195 2109 2432 2182 fuerint,
2485 2114 2547 2167 ut
2595 2111 2643 2167 si
2691 2112 2997 2181 sacerdos,
3049 2110 3142 2167 vel
3170 2110 3366 2166 clerici
3394 2109 3468 2166 de
3487 2123 3858 2182 quacunque

2197 2199 2449 2256 ecclesia
2477 2199 2748 2256 venerint
2773 2200 2851 2256 ad
2878 2199 3277 2256 habitandum
3324 2197 3857 2269 congregationem

2197 2287 2471 2358 fratrum,
2532 2289 2654 2346 sive
2703 2287 3124 2345 monachicum
3173 2287 3534 2361 suscipiendi
3577 2286 3855 2342 habitum

2199 2393 2264 2434 se
2308 2379 2683 2450 contulerint,
2735 2379 2934 2434 statim
2977 2377 3358 2450 recipiantur.
3390 2377 3660 2434 Chrisma
3689 2392 3855 2442 vero,

2197 2473 2256 2525 et
2282 2468 2582 2524 ﬁrmatam
2613 2484 2650 2524 a
2674 2467 2840 2542 quali
2865 2468 3150 2542 episcopo
3177 2467 3344 2523 vobis
3374 2465 3656 2523 voluntas
3683 2466 3861 2522 fuerit

2197 2556 2578 2630 impetrandi,
2609 2556 2780 2614 liceat
2805 2573 3060 2630 semper,
3091 2560 3149 2614 et
3178 2556 3537 2622 secundum,
3568 2559 3634 2611 ut
3652 2554 3860 2611 nullus

2198 2645 2468 2714 diximus
2488 2645 2602 2702 sub
2631 2645 3021 2719 apostolicam
3049 2650 3314 2703 nostram
3361 2648 3746 2719 potestatem.
3797 2647 3862 2700 Et

2201 2750 2446 2792 omnem
2476 2734 2795 2806 cujuslibet
2823 2735 3087 2792 ecclesiae
3114 2735 3483 2792 sacerdotem
3525 2733 3586 2790 in
3605 2733 3863 2808 praefato

2197 2822 2523 2881 venerabili
2551 2817 2896 2880 monasterii
2923 2815 3211 2881 ditionem
3239 2823 3573 2897 quamlibet
3602 2823 3855 2890 habere,

2197 2929 2269 2971 ac
2300 2913 2733 2985 auctoritatem,
2765 2918 2979 2988 praeter
3026 2913 3232 2971 sedem
3277 2913 3694 2988 apostolicam,
3725 2929 3864 2987 pro-

2196 3003 2498 3076 hibemus,
2553 3003 2634 3060 ita
2677 3007 2739 3060 ut
2780 3002 2901 3060 nisi
2941 3003 3018 3060 ab
3057 3003 3277 3061 abbate
3305 3003 3657 3060 monasterii
3685 3003 3865 3059 fuerit

2195 3090 2500 3160 invitatus,
2531 3108 2642 3148 nec
2672 3091 2998 3149 missarum
3019 3091 3100 3148 ibi
3122 3091 3526 3148 solemnitates
3547 3091 3864 3166 quispiam

2197 3181 2496 3238 celebrare
2525 3187 2869 3255 praesumat.
2903 3183 3234 3239 Statuentes
3254 3182 3498 3255 insuper
3525 3182 3864 3255 apostolica

2197 3285 2452 3327 censura
2479 3269 2591 3328 sub
2618 3269 2804 3327 divini
2826 3271 3036 3343 judicii
3061 3271 3472 3341 obtestatione,
3497 3271 3604 3326 sed
3634 3276 3693 3327 et
3715 3270 3860 3326 vali-

2197 3359 2291 3416 dis
2322 3365 2502 3433 atque
2543 3360 2843 3417 atrocibus
2893 3360 3292 3418 anathematis
3319 3359 3859 3431 interdictionibus,

2197 3453 2262 3506 ut
2289 3465 2559 3523 unquam
2591 3455 2916 3523 praesumat
2938 3449 3240 3525 quispiam
3261 3449 3413 3507 alius
3437 3450 3858 3522 cujuscunque

2197 3538 2500 3610 dignitatis
2527 3540 2816 3613 praeditus
2846 3545 3160 3614 potestate,
3192 3540 3286 3596 vel
3313 3539 3493 3597 etiam
3533 3540 3592 3596 in
3635 3539 3855 3596 eodem

2196 3627 2560 3683 monasterio
2594 3628 2932 3689 venerabili.
2971 3629 3061 3686 vel
3089 3629 3218 3701 ejus
3248 3629 3453 3685 causis
3478 3626 3835 3696 incumbere,

2197 3721 2301 3774 aut
2327 3716 2402 3772 de
2431 3715 2614 3774 rebus
2641 3722 2698 3773 et
2719 3717 3226 3790 possessionibus,
3273 3717 3370 3774 vel
3418 3714 3672 3774 ecclesiis
3708 3715 3850 3772 sub-

2190 3805 2363 3877 jectis
2393 3805 2482 3861 vel
2508 3806 2806 3881 quidquid
2836 3807 2910 3863 de
2954 3807 3044 3864 his
3093 3806 3309 3863 exinde
3360 3807 3552 3863 inesse
3597 3804 3859 3868 videtur,

2195 3911 2444 3968 quoquo
2464 3896 2649 3953 modo
2674 3895 2925 3964 auferre,
2945 3901 3049 3953 aut
3068 3896 3348 3968 alienare,
3372 3897 3473 3952 sed
3504 3912 3612 3953 nec
3644 3911 3866 3969 quam-

2194 3983 2338 4042 libet
2389 3985 2700 4054 malitiam,
2751 3990 2856 4042 aut
2909 3987 3160 4057 jacturae
3211 3985 3544 4042 molestiam
3607 3984 3864 4054 ibidem,

2197 4073 2319 4129 sive
2349 4074 2514 4148 pacis
2540 4074 2664 4132 sive
2687 4074 3089 4132 barbarorum
3109 4080 3395 4150 tempore,
3417 4074 3865 4149 quoquomodo

2195 4161 2593 4233 inferendum,
2619 4180 2757 4220 cum
2786 4165 3102 4238 praefatum
3133 4164 3487 4238 perenniter,
3533 4168 3596 4219 ut
3623 4163 3858 4220 dictum

2195 4255 2302 4318 est,
2334 4255 2455 4308 tam
2479 4252 2664 4324 pacis,
2715 4269 2902 4325 quam
2946 4253 3347 4309 barbarorum
3377 4257 3646 4325 tempore
3681 4251 3862 4307 ﬁrma

2195 4339 2512 4398 stabilitate
2542 4341 2983 4398 decreverimus
3027 4342 3142 4398 sub
3169 4341 3582 4414 jurisdictione
3631 4345 3863 4397 sanctae

2193 4428 2454 4485 ecclesiae
2532 4434 2752 4485 nostrae
2832 4429 3335 4502 permanendum.
3403 4427 3861 4498 Promulgantes

2191 4531 2452 4590 quoque,
2485 4523 2544 4575 et
2573 4517 2690 4574 hac
2719 4517 3066 4575 auctoritate
3094 4517 3410 4574 beatorum
3440 4516 3852 4590 apostolorum

2189 4605 2494 4679 principis,
2549 4622 2756 4662 coram
2813 4609 2956 4677 Deo,
3011 4611 3067 4662 et
3121 4605 3360 4662 terribili
3403 4605 3534 4676 ejus
3574 4603 3858 4660 examine

2190 4694 2410 4767 futuro,
2441 4711 2548 4768 per
2573 4696 2754 4767 hujus
2781 4695 2964 4752 nostri
2991 4695 3302 4768 apostolici
3327 4693 3638 4768 privilegii,
3669 4697 3857 4766 atque

2190 4784 2493 4842 constituti
2544 4785 2832 4859 paginam
2909 4785 3215 4841 sancimus
3248 4828 3262 4854 ,
3341 4789 3520 4857 atque
3590 4782 3864 4838 decerni-

2189 4890 2347 4945 mus,
2391 4873 2544 4943 loea,
2604 4890 2738 4946 quae
2809 4873 3133 4929 abbatibus
3190 4872 3626 4944 cujuslibetque
3677 4870 3864 4927 vobis

2189 4963 2251 5020 in
2279 4963 2491 5020 eodem
2537 4962 2860 5019 venerabili
2907 4962 3274 5020 monasterio
3320 4961 3510 5018 sancti
3566 4960 3862 5016 Vincentii

2188 5052 2468 5126 martyris
2495 5053 2706 5109 Christi
2735 5057 3105 5109 commutata
3152 5051 3247 5107 vel
3275 5055 3331 5107 et
3370 5065 3658 5107 concessa
3689 5055 3858 5119 sunt,

2189 5157 2425 5200 necnon
2455 5146 2510 5197 et
2533 5140 2680 5198 alias
2705 5141 2976 5198 locorum
3004 5141 3440 5214 possessiones,
3470 5155 3607 5212 quae
3633 5155 3672 5194 a
3703 5138 3866 5208 regi-

2189 5232 2324 5296 bus,
2348 5229 2442 5286 vel
2465 5230 2743 5300 ducibus,
2777 5230 2868 5286 vel
2909 5229 3252 5299 castaldeis,
3291 5235 3349 5286 et
3373 5226 3660 5284 universis
3693 5226 3866 5282 Chri~

2191 5320 2396 5376 slianis
2446 5319 2677 5390 largita,
2737 5324 2915 5392 atque
2972 5319 3172 5376 oblata
3221 5322 3381 5386 sunt,
3436 5321 3541 5372 aut
3582 5315 3644 5371 in
3691 5321 3864 5388 post-

2190 5409 2442 5466 modum
2473 5409 2588 5466 illic
2615 5425 2897 5467 concessa
2930 5409 3168 5478 fuerint,
3196 5408 3373 5464 ﬁrma
3394 5405 3713 5462 stabilitate
3728 5403 3862 5476 juri

2189 5499 2376 5572 ipsius
2402 5499 2632 5572 praefati
2653 5497 3000 5555 monasterii
3031 5497 3360 5568 existenda,
3395 5500 3574 5570 atque
3617 5493 3682 5549 in
3719 5509 3859 5566 per-

2189 5593 2435 5672 petuum
2467 5587 2882 5667 permanenda
2913 5587 3232 5672 statuimus
3249 5601 3276 5659 ,'
3320 5601 3432 5644 nec
3473 5583 3714 5642 licentia
3754 5583 3854 5652 sit,
