4114 6146
261 183 386 236 1041

1483 177 1839 235 EPISTOLE
1879 172 1971 230 ET
2008 175 2422 232 PRIVILEGIA.

3543 188 3678 242 1042

251 308 318 360 ut
346 303 572 359 dictum
607 305 717 370 est,
770 319 842 358 ex
896 302 1050 374 ejus,
1103 301 1192 358 vel
1227 301 1511 358 omnibus
1563 298 1909 358 monasterii
1941 301 1988 354 A
2018 298 2428 366 constituatur,
2453 301 2514 356 in
2547 303 2678 360 loco
2704 305 2919 362 eodem
2950 310 3332 363 consecretur
3379 309 3459 379 [et
3490 309 3678 382 gregi]

249 392 638 467 pertinentiis,
690 393 973 465 cuiquam
1018 391 1324 448 molestias
1379 391 1614 458 inferre,
1668 389 1762 446 vel
1796 388 1910 444 sibi

250 482 476 537 donata
506 481 738 537 auferre
769 498 806 538 a
833 480 1103 554 praefato,
1160 481 1327 546 iuxta
1374 480 1434 535 id
1465 481 1630 553 quod
1679 479 1912 549 subjec-

250 575 377 626 tum
409 569 633 626 eisdem
653 569 1095 626 venerabilibus
1121 569 1266 624 locis
1289 568 1634 642 apostolicis
1677 567 1908 622 institu-

249 658 344 730 tis,
378 663 557 731 atque
584 658 882 731 privilegis
907 659 1272 715 inconcussa
1301 661 1713 732 permaneant.
1750 658 1815 710 Et
1839 655 1906 710 li-

247 752 380 804 ceat
407 747 651 803 eosdem
689 747 1024 803 monachos
1053 747 1127 803 de
1155 764 1267 803 sua
1308 745 1775 817 congregatione
1805 744 1908 800 ab-

249 837 454 893 batem
507 852 744 908 semper
795 835 1031 906 eligere.
1102 840 1171 892 Et
1220 835 1391 892 liceat
1461 837 1660 908 ipsum
1723 834 1909 890 abba-

253 931 367 980 tem
420 941 564 981 suos
626 925 733 998 qui
791 925 1010 980 fuerint
1047 925 1319 996 judicare
1374 925 1728 995 manachos,
1785 939 1908 979 non

250 1014 446 1068 solum
472 1013 638 1070 virile
670 1014 1123 1082 monasterium,
1144 1014 1248 1070 sed
1277 1013 1454 1070 etiam
1481 1013 1770 1069 muliebre
1797 1011 1909 1067 sibi

248 1102 610 1173 subjectum.
638 1103 694 1160 Si
721 1103 856 1176 quis
887 1107 1108 1172 autem,
1141 1102 1306 1175 quod
1332 1119 1455 1158 non
1485 1107 1789 1175 optamus,
1811 1116 1910 1156 ne-

249 1189 400 1245 fario
431 1206 584 1246 ausu
637 1192 1268 1264 praesumpseritheec,
1326 1209 1462 1264 quas
1515 1207 1551 1247 a
1597 1191 1774 1246 nobis
1829 1189 1907 1245 ad

249 1278 493 1334 laudem
527 1280 624 1335 Dei
670 1297 779 1352 pro
837 1280 1154 1336 stabilitate
1200 1281 1328 1351 jam
1369 1280 1509 1335 dicti
1549 1278 1908 1334 venerabilis

247 1369 594 1424 monasterii
617 1373 835 1425 statuta
853 1373 1010 1436 sunt,
1034 1370 1352 1440 refragare,
1380 1374 1483 1424 aut
1511 1369 1571 1424 in
1593 1384 1906 1441 quoquam

248 1457 542 1513 transilire
576 1457 890 1528 voluerint,
938 1457 1335 1514 anathematis
1390 1457 1628 1512 vinculo
1658 1456 1908 1511 innoda-

248 1550 359 1610 tus,
391 1551 447 1601 et
475 1562 612 1600 cum
649 1545 892 1602 diabolo
923 1551 978 1601 et
1007 1547 1136 1617 ejus
1167 1546 1575 1612 atrocissimis,
1608 1550 1786 1618 atque
1811 1548 1906 1600 Ju-

2018 387 2326 444 Dominico
2347 389 2726 460 praeﬁciatur.
2743 393 2946 450 Nullus
2968 394 3051 450 ibi
3067 395 3390 468 praesulum
3411 396 3680 470 aliquam

2018 476 2129 531 sibi
2158 477 2571 535 auctoritatem
2602 487 2868 554 usurpet,
2895 484 2999 539 sed
3028 500 3138 540 nec
3167 484 3273 556 ibi,
3317 486 3434 542 nisi
3464 486 3543 542 ab
3573 487 3680 544 ab-

2015 564 2153 620 bate
2181 565 2485 634 invitatus,
2531 567 2771 624 illorum
2816 571 3064 627 missam
3117 573 3420 631 celebrare
3446 590 3676 647 praesu-

2017 658 2178 721 mat;
2209 670 2316 726 per
2362 656 2568 712 omnia
2613 656 2766 712 sicut
2789 659 3262 730 praedecessores
3293 663 3480 719 nostri
3523 663 3678 735 juris

2017 743 2327 815 apostolici
2362 746 2601 818 Deoque
2640 746 2807 817 digni
2854 746 2917 802 in
2947 748 3069 802 suis
3113 751 3431 823 privilegiis
3480 752 3676 809 eidem

2017 831 2393 888 contulerunt
2423 833 2719 890 Ecclesiae.
2753 835 2981 900 Quibus
3021 851 3096 890 ne
3143 839 3468 911 quisquam
3499 845 3678 896 teme-

2016 921 2166 976 ratio
2198 938 2350 977 ausu
2376 923 2663 994 refragari
2693 925 2933 994 audeat,
2966 925 3146 981 etiam
3177 932 3390 982 nostrae
3413 931 3674 1002 parvita-

2016 1009 2090 1065 tis
2128 1009 2345 1081 scripta
2392 1027 2464 1065 ex
2518 1013 2866 1068 auctoritate
2913 1013 3243 1085 apostolica
3273 1017 3678 1087 superaddere

2017 1097 2375 1154 curavimus.
2411 1101 2652 1156 Constat
2682 1100 2858 1170 igitur
2886 1101 3202 1174 praefatum
3243 1104 3677 1161 monasterium

2015 1187 2280 1260 primum
2311 1202 2438 1242 esse
2470 1188 2637 1244 omni
2667 1188 2744 1244 ab
2772 1189 2939 1245 initio
2987 1195 3197 1244 vestrae
3244 1191 3547 1246 nascentis
3576 1193 3678 1246 Ec-

2016 1275 2210 1331 clesiae
2245 1280 2590 1332 sanctorum
2641 1279 3081 1334 monachorum
3113 1279 3397 1350 religione
3427 1279 3675 1337 decora-

2017 1369 2178 1429 tum;
2223 1365 2390 1437 quod
2420 1365 2834 1431 Ethelbertus,
2889 1384 2991 1423 rex
3022 1367 3585 1440 Christianissimus,
3639 1385 3678 1427 a

2015 1453 2192 1508 beato
2217 1455 2569 1526 Augustino,
2604 1455 2796 1511 beatae
2851 1456 3157 1512 memoriae
3212 1457 3473 1527 Gregorii
3502 1457 3677 1514 disci-

2015 1541 2181 1613 pulo,
2210 1541 2288 1596 ad
2317 1542 2525 1597 Christi
2558 1541 2738 1598 ﬁdem
2771 1543 3116 1615 perductus,
3143 1544 3382 1600 hortatu
3403 1544 3677 1615 ejusdem

246 1634 324 1689 da
356 1635 637 1690 traditore
682 1635 915 1690 Domini
947 1636 1133 1690 nostri
1161 1638 1298 1691 Jesu
1331 1635 1543 1691 Christi
1571 1640 1791 1690 aeterno
1819 1634 1906 1689 in-
1937 1653 1976 1707 Β
2018 1630 2220 1694 Patris,
2254 1631 2508 1703 apostoli
2563 1632 2737 1687 vestri
2786 1632 3121 1700 Augustini,
3173 1649 3210 1689 a
3267 1633 3676 1689 fundamentis

245 1722 460 1777 cendio
490 1723 970 1778 concremandus
1011 1723 1346 1795 deputetur.
1376 1729 1448 1778 At
1477 1739 1638 1790 vero,
1671 1723 1772 1795 qui
1804 1722 1904 1794 pio

243 1810 457 1864 intuitu
514 1810 864 1866 observator
911 1811 973 1865 in
1027 1811 1312 1866 omnibus
1353 1811 1657 1871 exstiterit,
1705 1815 1902 1864 custo-

243 1898 413 1951 diens
444 1898 630 1952 nostri
657 1897 969 1969 apostolici
1005 1899 1392 1953 constitutum
1424 1898 1502 1952 ad
1543 1898 1770 1953 cultum
1803 1897 1903 1951 Dei

242 1985 679 2056 respicientem,
712 1985 1148 2040 benedictionis
1181 1987 1435 2054 gratiam
1481 2002 1516 2040 a
1567 1985 1902 2040 misericor-

243 2073 490 2128 dissimo
531 2073 784 2128 Domino
837 2075 955 2128 Deo
1003 2077 1210 2128 nostro
1260 2072 1663 2145 multipliciter
1692 2088 1900 2128 conse-

243 2167 486 2233 quatur,
517 2166 574 2216 et
605 2161 737 2217 vitae
767 2166 1002 2218 aeternae
1049 2161 1350 2234 particeps
1388 2161 1539 2217 efﬁci
1580 2166 1897 2217 mereatur.

244 2251 394 2304 Bene
426 2249 631 2306 valete.

314 2337 608 2410 Scriptum
641 2353 749 2410 per
777 2353 996 2394 manus
1023 2338 1336 2406 Benedicti,
1366 2338 1652 2394 scriniarii
1679 2342 1899 2394 sancta:

241 2428 527 2481 Romanas
561 2425 834 2482 Ecclesia:
861 2427 924 2481 in
952 2442 1160 2482 mense
1189 2426 1360 2494 Julio,
1399 2427 1721 2482 indictione
1750 2432 1803 2498 5,
1837 2426 1899 2480 in

239 2515 644 2571 sacratissima
673 2514 812 2570 sede
836 2515 992 2572 beati
1017 2516 1165 2571 Petri
1192 2515 1470 2588 apostoli,
1499 2520 1530 2570 8
1553 2532 1714 2572 anno
1743 2532 1897 2588 pon-

243 2601 498 2658 tiﬁcatus
528 2602 760 2660 domini
787 2603 1051 2660 Joannis.

1018 2713 1146 2765 XIX.

336 2811 562 2852 JOANNIS
598 2813 759 2852 ΡΛΡᾸΒ
797 2813 1070 2854 EPISTOLA
1103 2815 1173 2853 AD
1203 2814 1468 2854 EDREDUM
1500 2815 1798 2856 ANGLORUM

964 2901 1168 2942 REGI-2M.

827 2993 1023 3064 (Anno
1053 2996 1295 3065 955-63).

375 3098 570 3172 [Apud
599 3099 801 3166 Mansi,
837 3099 1015 3155 Cone.
1042 3103 1186 3155 tom.
1215 3100 1400 3171 XVIII,
1433 3100 1545 3157 col.
1596 3102 1748 3172 455].

230 3208 428 3262 Monet
461 3213 526 3262 ut
559 3208 861 3264 veterrimi
899 3209 1141 3278 Anglia:
1188 3211 1541 3265 monasterii
1567 3211 1677 3266 SS.
1719 3211 1893 3266 Petri

373 3303 427 3352 et
457 3299 645 3354 Pauli
668 3298 1099 3354 Cantuarensis
1125 3299 1451 3368 privilegia
1482 3304 1742 3356 tueatur.

299 3406 544 3459 Joannes
577 3402 914 3476 episcopus,
935 3419 1142 3458 servus
1169 3419 1480 3459 servorum
1512 3406 1889 3475 Dei,zEnnsoo

229 3495 354 3562 regi
383 3491 892 3561 excellentissimo,
921 3498 1100 3566 atque
1129 3492 1414 3549 omnibus
1435 3495 1751 3566 episcopis,
1776 3495 1888 3550 du-

230 3582 418 3650 cibus,
444 3581 790 3648 comitibus,
821 3582 1166 3652 abbatibus,
1210 3586 1269 3639 et
1316 3588 1533 3639 cuncto
1574 3584 1732 3640 ﬁdeli
1785 3601 1891 3657 po-

226 3671 368 3742 pulo
413 3670 673 3740 Anglicas
743 3671 955 3742 gentis,
1009 3671 1426 3728 charissimam
1500 3671 1777 3740 salutem,
1829 3675 1886 3728 et

225 3759 619 3830 apostolicam
644 3759 1146 3814 benedictionem.

298 3845 503 3902 Studio
533 3845 720 3900 divini
754 3843 948 3900 cultus
974 3858 1406 3916 promovemus
1436 3859 1548 3915 pro
1577 3845 1888 3899 venerabi-

221 3935 367 3991 lium
398 3934 672 3990 locorum
699 3949 936 4004 semper
964 3931 1335 4005 percogitare
1362 3931 1700 4001 stabilitate,
1733 3949 1884 4005 qua-

223 4030 395 4080 tenus
427 4023 814 4096 proveniente
843 4021 945 4094 pio
993 4020 1200 4076 labore
1251 4020 1468 4076 animae
1513 4021 1746 4076 Christo
1793 4022 1883 4077 di-

223 4119 390 4179 catae,
423 4129 557 4184 quae
583 4128 643 4166 se
673 4110 789 4165 illic
819 4109 1032 4165 diebus
1053 4110 1183 4164 vitre
1202 4125 1410 4165 eorum
1440 4110 1659 4165 servire
1689 4111 1885 4170 decre-

223 4205 435 4269 verint,
469 4201 583 4257 sub
615 4200 873 4270 regulari
924 4200 1289 4256 institutione
1334 4207 1719 4272 perseverent
1769 4201 1884 4257 im-

225 4290 624 4364 perturbatae;
658 4305 768 4344 nec
797 4305 919 4344 non
973 4287 1074 4343 illa
1106 4293 1392 4344 maneant
1442 4288 1740 4345 tidetenus
1789 4291 1880 4346 i11-

222 4379 529 4446 convulsa,
562 4395 698 4451 quae
738 4379 818 4435 ob
844 4378 1148 4448 religionis
1179 4378 1402 4433 cultum
1459 4379 1521 4434 in
1572 4381 1672 4435 Dei
1700 4379 1880 4436 laude

219 4474 566 4527 constructa
611 4473 769 4523 sunt.
821 4470 1194 4540 Quapropter
1229 4467 1455 4522 mando
1488 4467 1611 4536 tibi,
1645 4485 1748 4524 rex
1797 4471 1882 4525 in-

221 4559 373 4632 clyte
401 4575 470 4613 ac
500 4557 585 4612 fili
628 4557 998 4622 charissime,
1043 4561 1101 4611 et
1149 4555 1375 4612 cmteris
1406 4556 1688 4611 omnibus
1726 4573 1879 4628 prae-

220 4648 394 4703 dictae
428 4653 620 4716 gents
654 4646 788 4701 ﬁliis
819 4647 1038 4702 nostris
1063 4645 1490 4718 spiritualibus,
1539 4649 1603 4700 ut
1635 4661 1879 4701 monas-

221 4737 428 4792 terium
461 4751 645 4808 penes
663 4751 773 4789 vos
807 4735 868 4790 in
890 4735 1117 4791 honore
1142 4734 1457 4791 beatorum
1470 4734 1880 4806 apostolorum

219 4825 506 4898 principis
543 4823 708 4896 Petri,
743 4829 800 4879 et
827 4823 1089 4880 doctoris
1122 4823 1389 4894 gentium
1421 4823 1584 4879 Pauli
1624 4823 1878 4878 instruc-

219 4919 367 4983 tum,
403 4912 514 4967 sub
542 4927 686 4966 cura
732 4916 935 4966 nostra
981 4911 1206 4966 habere
1237 4912 1589 4982 dignemini,
1644 4928 1718 4966 ne
1771 4911 1876 4967 ali-

217 5003 387 5072 cujus
414 5016 650 5072 magnze
690 5015 1014 5072 parvaeque
1041 5015 1312 5071 persona:
1339 5001 1759 5072 perturbentur
1781 5001 1872 5055 in-

216 5090 583 5163 quietudine,
614 5089 718 5144 sed
749 5088 941 5144 abbas
968 5092 1026 5144 et
1072 5088 1354 5143 monachi
1405 5089 1551 5144 inibi
1598 5093 1714 5146 Deo
1762 5106 1878 5145 ser-

216 5179 438 5234 vientes
473 5182 668 5234 vestro
701 5176 784 5232 uti
825 5175 1132 5232 communi
1179 5174 1467 5241 subsidio,
1525 5182 1580 5230 et
1617 5194 1876 5250 quaeque

211 5269 328 5340 juri
355 5284 563 5323 eorum
591 5266 883 5338 pertinere
923 5264 1218 5334 videntur,
1265 5263 1447 5319 libere
1479 5265 1872 5336 possidentes,

215 5356 537 5421 efficacius,
561 5355 624 5410 in
676 5359 883 5411 sancta
927 5353 1377 5409 conversatione
1427 5369 1601 5408 suam
1651 5357 1878 5424 queant

213 5447 433 5501 ducere
477 5445 680 5500 vitam.
710 5448 856 5500 Cum
887 5458 1028 5498 vero
1075 5441 1357 5498 abbatem
1407 5442 1604 5514 ipsum
1655 5442 1874 5498 obiisse

215 5533 546 5602 contigerit,
600 5549 722 5588 non
754 5532 998 5587 aliunde
1029 5547 1217 5603 quam
1249 5549 1322 5586 ex
1352 5530 1566 5586 eadem
1621 5546 1870 5598 congre-

216 5623 476 5695 gatione,
534 5638 714 5694 quem
747 5623 859 5694 ipsi
907 5621 1211 5678 communi
1263 5621 1510 5676 consilio
1563 5621 1866 5692 elegerint,

2013 1719 2361 1788 construxit,
2377 1717 2576 1791 ibique
2597 1723 2829 1775 Petrum
2858 1721 3247 1784 monachum,
3266 1721 3344 1777 ab
3366 1722 3480 1777 hac
3502 1737 3678 1794 apos-

2012 1806 2189 1861 tolica
2213 1808 2352 1862 sede
2383 1808 2696 1875 directum,
2732 1809 3053 1865 monachis
3092 1810 3412 1865 Dominum
3466 1810 3676 1866 timen-

2012 1894 2172 1948 tibus
2204 1894 2490 1949 abbatem
2520 1897 2849 1966 praeposuit
2877 1915 2890 1962 ;
2924 1897 3027 1951 ubi
3057 1898 3238 1954 etiam
3269 1914 3342 1953 ex
3372 1903 3673 1970 praecepto

2010 1982 2283 2052 ejusdem
2313 1983 2572 2050 Gregorii
2597 1983 2918 2054 praedictus
2956 1986 3129 2040 Pater
3157 1987 3526 2054 Augustinus
3558 1986 3674 2058 ipsi

2010 2072 2134 2138 regi
2189 2068 2421 2141 sibique
2473 2075 2529 2124 et
2567 2070 3015 2126 successoribus
3045 2072 3168 2126 suis
3197 2071 3460 2140 regibus,
3492 2077 3672 2144 atque

2010 2157 2477 2230 archiepiscopis
2509 2157 2610 2213 ubi
2635 2158 2976 2231 corporales
3006 2175 3216 2214 eorum
3248 2159 3476 2215 exuvias
3505 2159 3669 2216 diem

2008 2247 2456 2303 resurrectionis
2486 2252 2898 2320 exspectarent
2947 2247 3149 2304 locum
3199 2248 3394 2319 elegit.
3447 2249 3505 2306 Si
3534 2249 3670 2322 quis

2006 2352 2145 2392 vero
2173 2337 2288 2392 hoc
2343 2341 2563 2392 sanctae
2594 2337 2897 2407 religionis
2949 2337 3328 2410 propositum
3375 2337 3669 2394 contami-

2005 2441 2150 2482 nare
2176 2425 2268 2481 vel
2294 2425 2489 2481 delere
2521 2425 2840 2493 conaverit,
2864 2426 3014 2482 sciat
3031 2442 3094 2482 se
3117 2427 3467 2483 auctoritate
3493 2442 3671 2498 apos-

2006 2515 2180 2570 tolica
2205 2513 2601 2570 anathematis
2632 2513 2868 2570 vinculo
2891 2514 3268 2582 innodatum,
3301 2520 3358 2571 et
3388 2531 3524 2571 cum
3571 2517 3670 2570 Ju-

2003 2602 2084 2660 da
2115 2603 2394 2659 traditore
2422 2603 2657 2658 Domini
2679 2604 2883 2659 aeterni
2909 2603 3167 2660 incendii
3198 2604 3493 2678 supplicio
3520 2618 3669 2660 con-

2004 2693 2418 2748 cremandum.
2452 2693 2614 2748 Unde
2646 2692 2949 2749 canonicis
2970 2693 3044 2748 de
3068 2694 3432 2750 monasterio
3465 2695 3521 2750 S.
3541 2693 3666 2750 Sal-

2002 2782 2220 2839 vatoris
2275 2782 2351 2838 illi
2410 2782 2544 2837 loco
2591 2782 3008 2850 insidentibus,
3050 2784 3434 2856 praecipimus
3475 2783 3669 2840 omni-

2001 2871 2200 2928 modis
2238 2886 2313 2926 ne
2354 2875 2580 2926 sanctae
2602 2871 2785 2941 hujus
2806 2870 3142 2926 devotionis
3183 2871 3410 2927 cultum
3439 2871 3668 2944 inquie-

2003 2965 2125 3016 tare
2152 2964 2541 3032 praesumant.
2577 2959 2750 3024 Quod
2775 2959 2823 3013 si
2862 2957 3126 3025 fecerint,
3169 2958 3384 3014 eodem
3423 2959 3662 3016 anathe-

2001 3052 2159 3104 mate
2192 3047 2540 3121 puniantur.
2571 3048 2636 3102 In
2660 3047 2892 3104 Christo
2919 3063 3058 3103 cum
3080 3045 3364 3102 omnibus
3395 3045 3530 3117 tuis,
3561 3045 3666 3103 do-

2000 3137 2162 3193 mine
2189 3136 2292 3204 ﬁli,
2322 3136 2543 3192 valeas.

2072 3230 2218 3282 Data
2238 3226 2475 3282 decimo
2497 3225 2592 3282 die
2619 3226 2868 3282 Kalend.
2885 3226 3036 3297 Maii,
3060 3226 3396 3300 imperante
3413 3225 3664 3283 domino

1999 3315 2270 3388 piissimo
2300 3320 2566 3384 Augusto
2616 3316 2847 3384 Ottone,
2907 3330 3068 3371 anno
3120 3315 3441 3372 undecimo
3491 3314 3662 3384 regni

2000 3406 2150 3476 ejus,
2182 3403 2508 3460 indictione
2541 3403 2883 3460 undecima.

2778 3514 2883 3567 XX.

2356 3616 2426 3653 AD
2450 3615 2672 3654 EUMDEM
2703 3615 2771 3654 ET
2816 3615 3031 3655 CLERUM
3063 3615 3300 3656 Δηαιιλς.

2590 3705 2766 3774 (Ann.
2819 3709 3066 3773 955-63).

2604 3809 2832 3878 [Mansi,
2856 3811 3048 3880 ibid.].

1993 3914 2328 3984 Privitegia
2359 3913 2620 3983 ejusdem
2646 3917 2997 3970 monasterii
3033 3916 3144 3972 SS.
3174 3918 3346 3973 Petri
3369 3924 3425 3974 et
3473 3919 3662 3976 Pauli

2658 4004 2994 4071 conﬁrmat.

2063 4112 2312 4166 Joannes
2345 4109 2686 4182 episcopus,
2721 4126 2929 4166 servus
2959 4126 3270 4168 servorum
3294 4113 3416 4184 Dei,
3447 4114 3656 4170 Enae-

1994 4216 2084 4267 no,
2104 4199 2227 4269 regi
2250 4199 2578 4268 Anglorum
2605 4199 3126 4270 excellentissimo,
3148 4200 3656 4276 dilectissimoque

1993 4288 2117 4344 ﬁlio
2147 4293 2352 4344 nostro
2382 4292 2557 4345 000m
2614 4289 3076 4344 Dorovernensis
3126 4289 3400 4346 Ecclesiae
3462 4292 3653 4350 archi-

1993 4378 2234 4451 praesuli
2264 4396 2404 4434 cum
2435 4377 2716 4434 omnibus
2761 4377 3076 4450 episcopis,
3110 4378 3386 4447 ducibus,
3423 4383 3654 4439 comiti-

1992 4465 2130 4535 bus,
2161 4465 2483 4522 abbatibus
2533 4471 2588 4521 et
2637 4472 2853 4522 cuncto
2907 4465 3067 4521 ﬁdeli
3107 4467 3336 4540 populo
3391 4470 3654 4537 Anglicas

1991 4555 2207 4625 gentis,
2242 4555 2492 4611 salutem
2517 4561 2573 4612 et
2601 4555 2997 4629 apostolicam
3024 4555 3524 4613 benedictionem.

2063 4645 2216 4700 Inter
2255 4645 2576 4718 praeclaras
2607 4662 2792 4701 sacras
2841 4644 2981 4700 iidei
3021 4649 3200 4701 vestae
3230 4645 3493 4718 virtutes,
3523 4647 3654 4721 qui-

1988 4735 2104 4790 blls
2126 4740 2184 4790 et
2206 4752 2335 4802 vos,
2361 4733 2904 4807 princellentissime
2934 4734 3036 4801 ﬁli,
3069 4739 3128 4790 et
3149 4734 3451 4805 subjectos
3477 4736 3652 4792 vobis

1987 4841 2158 4895 reges
2185 4841 2324 4880 cum
2363 4823 2752 4896 optimatibus
2783 4823 3015 4887 vestris,
3062 4828 3119 4880 et
3163 4825 3405 4897 populis
3453 4825 3650 4882 Chris-

1987 4916 2162 4971 tianas
2192 4915 2462 4985 religioni
2488 4913 2842 4984 subjecistis,
2886 4913 3044 4969 hanc
3092 4914 3394 4972 charitatis
3435 4922 3648 4972 vestrae

1986 5005 2368 5073 ﬂagrantiam
2394 5003 2740 5058 familiarius
2770 5003 3207 5074 amplectimur,
3248 5005 3414 5076 quod
3447 5005 3646 5078 primi-

1985 5093 2170 5147 tivum
2191 5092 2359 5161 regui
2381 5091 2555 5146 vestri
2581 5091 3014 5147 monasterium
3045 5092 3106 5147 in
3133 5091 3422 5150 suburbio
3466 5095 3646 5146 Doro-

1989 5178 2206 5232 herniae
2249 5179 2428 5232 situm
2455 5178 2537 5247 (in
2567 5179 2793 5233 honore
2839 5179 3181 5251 principum
3226 5175 3641 5247 apostolorum

1985 5268 2134 5322 Petri
2183 5273 2238 5322 et
2289 5267 2455 5322 Pauli
2503 5273 2918 5323 consecratum
2966 5284 3002 5321 a
3052 5267 3249 5336 primo
3298 5264 3541 5320 doctore
3587 5270 3644 5321 et

1985 5355 2256 5427 apostolo
2287 5362 2592 5425 Angorum
2651 5355 3001 5424 Augustino,
3042 5356 3096 5406 et
3135 5367 3172 5406 a
3200 5352 3396 5424 primo
3426 5368 3638 5422 regum

1980 5445 2310 5514 Anglorum
2356 5446 2706 5510 Christiano,
2758 5443 2875 5495 Deo
2917 5439 3163 5496 amabili
3217 5454 3357 5508 rege
3413 5441 3641 5498 Ethel-

1979 5533 2149 5589 berto
2180 5533 2530 5600 fundatum;
2567 5537 2628 5586 ut
2657 5529 2876 5584 scilicet
2915 5529 2975 5582 in
3005 5532 3362 5600 perpetuum
3393 5534 3639 5601 aposto-

1977 5622 2093 5679 lica
2117 5624 2462 5680 auctoritate
2494 5618 2858 5690 sepeliantur
2886 5632 3138 5690 corpora
3188 5632 3396 5688 regum
3447 5622 3504 5674 et
3550 5635 3639 5678 ar-
