4114 6146
457 177 594 233 1043

1919 170 2109 227 0RDO
2167 173 2408 230 RERUM

3741 175 3896 232 1044

451 298 974 373 chiepiscopornm
1001 295 1315 365 Cantariaa)
1344 297 1544 352 vestra
1572 293 1791 364 regalis
1841 309 2112 350 emmen-
2147 299 2193 351 Α
2223 311 2331 369 per
2359 295 2586 367 omnia,
2619 295 2772 352 sicut
2823 295 3014 352 sancti
3041 299 3100 351 et
3143 295 3266 350 Deo
3309 291 3506 351 dilecti
3549 293 3679 364 ﬁlii,
3725 299 3898 354 sedis

449 389 530 446 tia
569 387 837 461 postulat
863 386 1044 442 etiam
1097 401 1204 457 per
1231 401 1344 441 nos
1375 385 1626 457 antiqua
1674 399 1786 439 sua
1827 383 2114 452 dignitate

453 475 815 540 conﬁrmari,
841 491 912 532 ac
936 475 1228 542 libertate,
1253 473 1690 532 siculvidelicet
1710 475 2114 528 antecessores

455 566 633 624 vestri
659 579 851 636 reges,
869 567 926 620 et
941 564 1408 637 praedecessores
1435 562 1621 619 nostri
1643 561 1954 634 pontiﬁces
1983 561 2116 616 des-

430 655 655 729 .criptis
684 653 1027 728 apostolicis
1059 652 1386 726 privilegiis
1419 665 1696 708 sanxere.
1731 653 1884 720 Ergo
1917 654 1973 706 et
2001 666 2113 706 nos

455 743 720 816 gratiﬁce
746 747 1080 800 annuentes
1111 741 1447 810 statuimus,
1465 743 1763 812 quatenus
1783 740 1915 812 ipsa
1945 755 2118 812 apos-

455 835 634 892 tolica
663 833 945 900 Ecclesia,
977 833 1128 888 sicut
1169 832 1228 887 in
1263 831 1453 901 gratia
1481 829 1826 903 principum
1873 833 2115 903 aposto-

456 925 654 981 lorum
686 925 1006 979 censentur
1035 920 1200 992 apud
1237 935 1345 976 vos
1375 919 1796 992 primogenita,
1831 919 1904 974 sit
1943 923 2114 975 caete-

455 1027 664 1069 rorum
694 1008 1198 1066 monasteriorum
1231 1007 1406 1064 vestri
1445 1008 1612 1078 regni
1643 1023 1778 1080 quae
1823 1009 1962 1079 post
1991 1021 2115 1062 sur-

457 1115 662 1158 rexere
685 1098 780 1154 vel
797 1097 1075 1169 deinceps
1095 1096 1414 1167 injomnem
1436 1097 1844 1169 posteritatem
1865 1111 2119 1151 nascen-

455 1193 572 1256 tur,
605 1191 794 1243 mater
821 1187 1126 1260 primaria,
1161 1187 1235 1242 sit
1247 1185 1727 1259 (inquam)regia
1757 1189 1814 1241 et
1838 1185 2119 1258 apostoli-

457 1293 528 1334 ca
556 1275 1008 1333 conﬁrmatione
1037 1275 1253 1348 regalis
1293 1279 1350 1332 et
1379 1275 1708 1348 apostolica
1741 1273 1818 1331 sit
1847 1275 1924 1332 ab
1952 1273 2118 1330 omni

460 1365 734 1423 saaeulari
745 1366 1024 1422 servitute
1047 1364 1254 1432 libera,
1279 1366 1360 1421 ita
1381 1369 1446 1420 ut
1457 1364 1656 1420 nullus
1671 1365 2116 1438 episcoporum,

455 1457 659 1514 nullus
687 1471 1102 1512 successorum
1145 1457 1482 1511 vestrorum
1527 1470 1742 1524 regum
1797 1453 1860 1509 in
1913 1453 2118 1526 aliquo

459 1561 593 1602 eam
621 1543 838 1600 laedere
865 1547 970 1601 aut
997 1543 1330 1616 inquietare
1363 1545 1709 1616 praesumat,
1759 1559 1870 1598 nec
1914 1543 2120 1614 aliqua

457 1647 731 1707 unquam
763 1633 1060 1689 servitutis
1091 1632 1328 1689 occasio
1376 1632 1450 1687 de
1486 1633 1666 1688 rebus
1697 1631 1775 1687 ad
1805 1631 2002 1706 ipsam
2033 1648 2123 1686 ec-
2151 1656 2192 1709 Β

461 1721 710 1779 clesiam
741 1721 1198 1794 pertinentibus,
1231 1721 1326 1775 vel
1355 1719 1414 1774 in
1454 1719 1705 1774 minimo
1749 1721 1826 1776 ab
1855 1719 1976 1775 ullo
2007 1721 2124 1774 exi-

463 1815 660 1881 gatur,
691 1815 991 1884 quatenus
1026 1809 1139 1863 sub
1165 1823 1304 1876 rege
1337 1823 1469 1872 suo,
1517 1807 1853 1877 defensore,
1887 1821 2010 1863 non
2039 1813 2124 1879 ty-

460 1915 676 1964 ranno,
709 1897 893 1953 libere
925 1897 1159 1953 Christo
1191 1896 1303 1952 soli
1334 1895 1651 1953 deserviat.
1696 1897 1916 1953 Dilecto
1944 1898 2124 1954 etiam

463 1987 586 2044 ﬁlio
611 1985 819 2043 nostro
853 1989 910 2042 et
951 1985 1364 2042 consacerdoti
1415 1989 1879 2043 Dorovernensis
1937 1987 2126 2044 Eccle-

465 2077 568 2133 siae
599 2077 813 2148 Odoni,
844 2076 972 2133 vice
1015 2075 1332 2134 beatorum
1383 2077 1795 2150 apostolorum
1839 2077 2127 2150 principis

465 2165 638 2232 Petri,
672 2167 735 2221 in
764 2165 1048 2221 omnibus
1076 2165 1462 2236 mandamus,
1517 2169 1582 2220 ut
1609 2181 1732 2220 non
1766 2163 1952 2238 typho
1979 2181 2128 2238 prae-

463 2253 724 2323 lationis,
759 2255 864 2311 sed
893 2253 1089 2311 ofﬁcio
1117 2253 1420 2311 charitatis
1471 2255 1576 2310 ubi
1607 2255 1891 2327 poscitur,
1924 2271 1984 2311 se
2015 2255 2128 2311 im-

465 2345 726 2419 pendat;
757 2343 1163 2418 abbatemque
1195 2343 1386 2418 ipsius
1419 2361 1488 2400 ac
1515 2344 1576 2400 in
1603 2345 1942 2402 Romanum
1975 2345 2132 2415 lega-

467 2442 596 2492 tum
628 2438 685 2491 et
714 2433 1195 2491 comministrum
1249 2433 1548 2504 Evangelii
1605 2435 1770 2507 pacis
1825 2435 2048 2491 habeat
2077 2437 2134 2490 et

467 2511 799 2579 fraternum
838 2523 949 2578 sibi
990 2523 1220 2580 socium
1273 2523 1541 2590 aestimet,
1597 2539 1719 2578 non
1773 2523 2132 2594 subjectum,

2224 385 2566 458 apostolicae
2591 385 2979 458 archiprmsul
3005 383 3354 441 Theodorus
3376 387 3432 440 et
3453 383 3646 442 abbas
3677 387 3900 444 Adria-

2223 491 2338 530 nus
2368 492 2428 530 se
2452 475 2738 532 habuere.
2773 473 3006 531 Nullum
3037 489 3181 530 vero
3213 477 3585 546 potentatum
3631 475 3696 532 in
3723 477 3898 534 hanc

2225 565 2550 622 Ecclesiam
2601 563 2923 637 praeripiat,
2983 579 3093 619 nec
3151 563 3386 636 (praeter
3442 563 3894 624 ordinationem

2224 655 2476 726 abbatis)
2537 653 2850 727 quodlibet
2902 651 3167 709 ofﬁcium
3224 653 3350 708 sine
3379 653 3570 725 ipsius
3597 653 3802 712 favore
3833 663 3898 714 et

2224 745 2474 800 fratrum
2505 743 2616 800 sibi
2647 745 2923 814 arroget;
2957 743 3064 798 sed
3110 757 3306 814 neque
3339 741 3418 798 ab
3463 742 3612 815 ipsis
3661 743 3894 802 intimis

2225 837 2281 888 et
2308 831 2712 906 peculiaribus
2763 831 2930 900 locis,
2965 835 3068 886 aut
3113 829 3436 903 parochiis,
3483 831 3578 887 vel
3609 833 3672 888 in
3721 835 3890 890 omni

2225 922 2534 996 privilegio
2571 921 2760 994 ipsius
2800 921 2952 992 juris
3001 919 3338 993 quidquam
3369 925 3586 992 praeter
3613 923 3890 993 ejusdem

2227 1012 2464 1068 abbatis
2503 1025 2821 1066 assensum
2848 1009 3102 1081 accipiat
3131 1007 3224 1086 vel
3247 1005 3447 1078 faciat,
3481 1025 3554 1064 ne
3581 1026 3708 1082 qua
3739 1011 3894 1066 scili-

2228 1105 2318 1157 cet
2349 1099 2638 1157 abusione
2687 1113 2900 1171 pacem
2953 1097 3259 1170 perturbet
3309 1098 3506 1167 gregis
3559 1097 3889 1170 Dominici;

2226 1191 2436 1264 quales
2471 1188 2873 1245 scandalizare
2901 1191 2990 1243 est
3018 1203 3156 1242 eum
3189 1185 3350 1242 mola
3373 1187 3634 1244 asinaria
3663 1189 3728 1244 in
3755 1205 3894 1262 pro-

2229 1279 2484 1334 fundum
2543 1277 2834 1346 demergi.
2895 1275 3100 1331 Abbas
3151 1289 3399 1347 quoque
3455 1277 3585 1347 ejus
3637 1277 3888 1350 reliquis

2229 1369 2390 1442 prior
2431 1367 2746 1433 habeatur,
2807 1366 2888 1421 ita
2941 1365 3251 1434 duntaxat,
3285 1367 3350 1419 ut
3396 1364 3472 1420 ad
3515 1381 3700 1420 sacrae
3731 1367 3895 1436 ﬁdei,

2230 1455 2531 1514 charitatis
2580 1459 2637 1511 et
2706 1453 3040 1511 concordiae
3105 1451 3697 1524 compaginationem
3755 1455 3892 1511 Ioco

2230 1545 2631 1620 primogeniti,
2684 1549 2738 1600 et
2795 1543 2918 1599 vice
2987 1545 3260 1597 Romana
3319 1541 3642 1598 affectuose
3699 1545 3896 1616 magis

2232 1651 2416 1708 quam
2440 1631 2760 1706 imperiose
2807 1629 3131 1705 praeluceat
3175 1631 3591 1686 confratribus.
3626 1635 3758 1688 Haec
3785 1633 3894 1704 igi-

2233 1731 2327 1781 tur
2353 1729 2409 1780 et
2433 1729 2644 1779 caetera
2675 1735 3058 1795 quaecunque
3087 1723 3210 1776 tam
3247 1725 3386 1776 sunt
3427 1737 3460 1776 a
3503 1721 3660 1777 vobis
3689 1739 3878 1794 quam

2233 1813 2310 1870 ab
2339 1811 2820 1868 antecessoribus
2843 1809 3074 1880 vestris,
3105 1811 3209 1865 aut
3233 1825 3270 1865 a
3317 1809 3508 1876 vobis,
3547 1815 3642 1865 aut
3677 1825 3714 1864 a
3745 1827 3880 1864 suc-

2235 1901 2571 1958 cessoribus
2625 1899 2853 1968 vestris,
2925 1897 3020 1955 vel
3095 1915 3131 1954 a
3195 1897 3564 1970 quibuslibet
3616 1899 3892 1970 personis

2235 2005 2427 2060 usque
2489 1989 2550 2044 in
2605 1989 2788 2045 ﬁnem
2835 1989 2974 2060 jura
3025 1987 3354 2056 tradentur,
3409 1988 3578 2058 juxta
3631 1991 3897 2042 vestram

2237 2077 2722 2150 postulationem,
2755 2077 2836 2134 ita
2865 2077 3246 2134 observanda
3305 2076 3382 2132 ab
3418 2075 3704 2131 omnibus
3749 2074 3898 2145 regi-

2237 2165 2352 2220 bus
2383 2169 2439 2221 et
2467 2165 2838 2239 principibus
2869 2183 2940 2222 ac
2969 2165 3248 2239 plebibus
3297 2164 3612 2220 Britanniae
3661 2169 3900 2219 contes-

2241 2259 2474 2322 tamur;
2505 2272 2580 2310 ne
2605 2255 2742 2328 quis
2773 2255 3190 2328 praevaricator
3220 2254 3407 2327 (quod
3455 2251 3632 2324 absit)
3666 2269 3902 2308 excom-

2242 2343 2661 2400 municationis
2697 2347 2750 2400 S.
2785 2345 2932 2400 Petri
2963 2343 3250 2416 principis
3308 2343 3736 2415 apostolorum
3781 2341 3900 2412 gla-

2243 2431 2342 2489 dio
2374 2435 2606 2490 excisus
2627 2435 2896 2505 intereat,
2921 2434 3026 2489 sed
3046 2431 3237 2504 magis
3269 2431 3476 2488 favens
3511 2432 3792 2488 Ecclesiae
3819 2431 3900 2504 ip-

2246 2524 2368 2578 sius
2395 2524 2558 2580 clave
2584 2523 2888 2580 admissus
2917 2539 3104 2593 regno
3134 2523 3409 2595 gaudeat.

479 2633 3872 2665 ψ

1221 2887 1476 2982 ΟΗίΕ
1539 2889 1656 2968 ΙΝ
1711 2887 1928 2968 HOC
1993 2885 2289 2969 TOMO
2361 2890 3153 2971 CONTINENTUR.

543 3088 907 3148 SANCTUS
939 3089 1092 3146 0D0
1126 3087 1398 3144 ABBAS
1436 3087 2040 3144 CLUNIACE'NSIS.

545 3177 993 3219 PROLEGOMENA.
2098 3157 2134 3210 9

445 3233 456 3250 ⁸
542 3235 598 3288 S.
613 3233 830 3287 Odonis
848 3231 1101 3302 elogium
1123 3231 1464 3286 historicum
1480 3235 1710 3285 auctore
1723 3229 2082 3285 Mabillonio.
2098 3231 2133 3286 9

545 3305 681 3360 Vita
717 3305 930 3359 Odonis
955 3306 1171 3375 scripta
1200 3321 1234 3357 a
1262 3305 1478 3358 Joanne
1509 3303 1814 3370 Monacho,
1844 3306 1970 3373 ejus
2009 3303 2132 3354 dis-

473 3377 686 3446 cipulo.
1684 3444 1694 3446 _
2065 3375 2132 3428 43

545 3449 600 3502 S.
649 3447 863 3501 Odonis
911 3448 1046 3501 Vita
1076 3447 1280 3511 altera,
1331 3451 1562 3500 auctore
1593 3444 1852 3514 Nalgodo
1901 3446 2133 3498 Clunia-

476 3518 633 3572 censi
659 3518 938 3571 monacho
973 3518 1168 3572 saeculi
1189 3533 1295 3572 χιι.
2064 3517 2133 3569 85

548 3588 942 3641 MORAIJUM
971 3589 1046 3641 IN
1073 3589 1200 3640 JOB
1227 3587 1419 3642 LIBRI
1447 3587 1690 3640 XXXV.
2035 3587 2134 3640 105

547 3659 799 3712 Lectori.
2031 3657 2133 3711 105

548 3730 839 3783 Praefatio.
2031 3728 2132 3782 107

549 3801 824 3856 Praefatio
853 3799 1111 3856 metrica.
2035 3799 2133 3852 109

553 3872 733 3926 LIBER
763 3873 802 3928 l.
2035 3869 2134 3922 109

549 3941 729 3997 LIBER
756 3941 824 3999 II.
2035 3937 2136 3994 115

550 4015 732 4068 LIBER
757 4015 852 4067 III.
2035 4011 2134 4064 1'25

557 4085 742 4140 LIBER
771 4083 869 4140 IV.
2035 4082 2135 4138 133

551 4155 734 4211 LIBER
746 4155 818 4212 V.
2035 4153 2137 4208 I45

551 4227 730 4280 LIBER
754 4225 852 4280 V1.
2036 4223 2136 4279 155

553 4297 736 4352 LIBER
771 4295 890 4352 VII.
2037 4295 2136 4350 165

553 4368 725 4424 LIBER
763 4367 906 4424 VIII.
2037 4366 2138 4422 175

555 4439 740 4496 LIBER
766 4440 866 4494 IX.
2037 4436 2130 4492 191

555 4511 733 4566 LIBER
773 4510 847 4564 X.
2031 4509 2137 4566 210

554 4582 737 4636 LIBER
765 4579 868 4634 XI.
2031 4579 2139 4635 219

555 4651 740 4708 LIBER
765 4649 893 4706 XII.
2033 4651 2139 4706 233

553 4723 735 4779 LIBER
760 4721 910 4778 XIII.
2033 4723 2139 4776 247

557 4795 739 4850 LIBER
769 4795 916 4850 XIV.
2033 4793 2140 4848 258

557 4865 734 4920 LIBER
763 4867 884 4920 XV.
2034 4865 2134 4920 271

559 4934 727 4988 LIBER
754 4933 904 4989 XVI.
2035 4935 2139 4990 287

559 5003 733 5059 LIBER
765 5001 947 5060 XVII.
2037 5007 2143 5062 307

559 5075 733 5132 LIBER
763 5073 972 5130 XVIII.
1487 5097 1490 5102 ι
2037 5077 2142 5131 317

558 5147 736 5206 LIBER
767 5147 926 5202 XIX.
2037 5148 2137 5204 331

559 5220 736 5278 LIBER
765 5220 900 5274 XX.
2038 5220 2146 5275 342

561 5289 732 5346 LIBER
763 5289 922 5344 XXI.
2039 5291 2143 5346 358

561 5361 736 5416 LIBER
769 5357 954 5414 XXII.
2041 5363 2147 5419 363

469 5447 488 5466 ·
563 5432 738 5486 LIBER
766 5429 979 5484 XXIII.
2042 5433 2148 5487 373

563 5502 734 5556 LIBER
764 5500 978 5556 XXIV.
2045 5504 2148 5560 384

561 5573 736 5628 LIBER
765 5571 952 5626 XXV.
2043 5575 2146 5629 393

562 5639 748 5700 LIBER
759 5639 974 5698 XXVI.

2043 5643 2151 5701 400
2257 5644 2514 5701 Martini.

2313 3090 2483 3144 LIBER
2512 3087 2748 3142 XXVII.
3797 3083 3901 3138 413

2313 3161 2483 3216 LIBER
2515 3158 2779 3214 XXVIII.
3803 3156 3904 3210 429

2313 3231 2490 3286 LIBER
2503 3229 2720 3284 XXIX.
3800 3229 3906 3282 435

2313 3304 2484 3356 LIBER
2517 3301 2706 3354 XXX.
3803 3298 3904 3351 450

2313 3375 2486 3428 LIBER
2503 3372 2719 3428 XXXI.
3801 3369 3904 3424 462

2313 3447 2490 3498 LIBER
2521 3443 2764 3498 XXXII.
3803 3440 3902 3494 479

2313 3517 2493 3570 LIBER
2523 3513 2789 3570 XXXIII.
3801 3511 3902 3566 486

2315 3588 2484 3640 LIBER
2517 3585 2784 3639 XXXIV.
3797 3580 3898 3635 497

2313 3659 2490 3710 LIBER
2512 3655 2757 3708 XXXV.
3783 3651 3890 3704 603

2311 3729 2402 3781 DE
2435 3728 2497 3778 B.
2530 3725 2866 3778 MARTINO
2897 3723 3345 3777 ANTIPHONE
3379 3723 3508 3778 XII.
3783 3722 3890 3776 514

2311 3799 2367 3852 S.
2401 3797 2654 3850 ODONIS
2685 3795 2921 3850 HYMNI
2947 3793 3316 3856 QUATI'OR.
3793 3793 3898 3848 513

2311 3867 2512 3923 I.-—De
2526 3875 2883 3922 sacramento
2896 3866 3160 3934 corporis
3176 3871 3228 3919 et
3247 3867 3548 3934 sanguinis
3567 3865 3858 3919 Domini5l
3871 3865 3902 3920 3

2313 3939 2379 3992 II.
2410 3969 2481 3978 —
2511 3939 2588 3990 De
2621 3941 2682 3992 B.
2717 3938 2900 3992 Maria
2926 3935 3291 4004 Magdalena.
3804 3936 3904 3990 514

2315 4011 2408 4064 111.
2423 4039 2496 4050 --
2511 4010 2588 4062 De
2606 4011 2660 4064 S.
2679 4011 2927 4064 Martino
2952 4007 3316 4064 Turonorum
3335 4007 3906 4079 archiepiscopo.5l5

2317 4081 2411 4134 IV.
2440 4081 2780 4153 —Hymnus
2826 4083 2884 4134 in
2923 4079 3200 4153 honorem
3249 4081 3432 4136 sancti
3483 4081 3724 4134 Martini
3769 4081 3903 4153 aus.

2245 4154 2440 4208 Odone
2469 4153 2530 4206 in
2559 4151 2827 4206 extremis
2856 4151 3230 4208 compositus.
3801 4151 3904 4204 516

2316 4223 2834 4277 COLLATIONUM
2860 4219 3051 4275 LIBRI
3079 4221 3282 4278 TRES.
3800 4219 3904 4276 517

2316 4295 2582 4366 Epistola
2610 4293 3044 4366 nuncupatoria.
3804 4291 3910 4366 517

2320 4362 2494 4421 LIBER
2524 4366 2566 4419 Ι.
2803 4362 2818 4366 ’
3803 4362 3910 4418 520

2317 4439 2488 4492 LIBER
2515 4438 2583 4489 II.
3805 4435 3908 4489 547

2318 4509 2488 4562 LIBER
2521 4508 2614 4562 ΙΙΙ.
3801 4503 3908 4560 580

2321 4579 2411 4632 DE
2428 4578 2604 4632 VITA
2625 4577 2680 4630 S.
2697 4575 3012 4630 GERALDI
3029 4575 3576 4630 AURILIACENSIS
3613 4575 3908 4630 COMITIS

2249 4649 2434 4704 LIBRI
2465 4649 2833 4710 QUATUOR.
3803 4648 3914 4704 639

2321 4721 2590 4775 Auctoris
2621 4721 2870 4792 epistola
2899 4719 3338 4792 nuncupatoria.
3807 4719 3912 4792 639

2321 4792 2612 4848 Praefatio.
2656 4789 2675 4792 ”
3055 4789 3062 4794 ’
3803 4790 3912 4845 639

2321 4865 2490 4918 LIBER
2517 4863 2558 4916 l.
3805 4861 3904 4916 641

2323 4935 2594 4989 Praefatio
2626 4933 2684 4984 in
2714 4931 2928 4984 librum
2959 4933 3293 4987 secundum.
3805 4931 3912 4986 667

2324 5007 2490 5058 LIBER
2523 5005 2590 5055 II.
3807 5002 3918 5056 670

2323 5077 2491 5130 LIBER
2521 5073 2614 5128 III.
3809 5073 3918 5128 680

2325 5148 2494 5202 LIBER
2511 5145 2606 5200 IV.
3811 5145 3920 5200 698

2323 5213 2620 5274 SERMON
2623 5217 2704 5270 ES
2748 5215 3087 5278 QUINQUE.
3811 5215 3920 5270 709

2327 5291 2526 5343 δεξιΜο
2557 5287 2596 5344 I.
2633 5319 2699 5328 ——
2731 5288 2790 5340 1n
2823 5289 3094 5342 cathedra
3117 5285 3304 5342 sancti
3334 5285 3514 5340 Petri.
3811 5285 3920 5342 709

2328 5361 2521 5414 SERMO
2551 5359 2702 5417 lI.—
2723 5361 2784 5412 In
2823 5360 3184 5414 veneratione
3210 5363 3421 5412 sancta
3451 5356 3650 5411 Mariae
3679 5357 3918 5427 Magda-

2258 5431 2420 5486 lcnas.
3809 5431 3916 5484 713

2333 5505 2533 5558 SERMO
2561 5502 2729 5560 III.-
2757 5503 2836 5556 De
2867 5509 3066 5558 sancto
3117 5501 3420 5556 Benedicto
3451 5501 3680 5556 abbate.
3817 5499 3908 5554 721

2329 5575 2524 5630 SERMo
2553 5573 2645 5630 IV.
2703 5605 2772 5615 --
2829 5575 2906 5626 De
2972 5573 3366 5630 combustione
3429 5571 3686 5628 basilicae
3769 5573 3914 5626 benti

3813 5641 3916 5696 729
