1929 3076
131 118 161 150 11
767 116 923 146 ARSENH

988 116 1116 146 WlClIl
1710 117 1743 149 13

129 174 240 209 quidem
269 172 354 200 sacris
386 171 480 200 oﬁiciis
503 171 601 199 addicti
629 171 695 203 sint,
721 171 912 205 deponuntur:

991 171 1018 196 ὲν
1033 171 1175 206 ἱερωμίνω
1192 170 1255 203 εἶσὶ,
1272 164 1468 206 καθαιροῦνται
1481 179 1486 186 ·
1506 171 1529 198 εἰ
1542 171 1568 199 δὲ
1581 172 1680 206 λαῐκοὶ,
1691 174 1757 208 ἀφο-

130 219 190 244 laici
209 225 273 244 vero
287 217 568 244 excommunicantur.

166 262 266 297 Synodi
281 261 422 295 Ephesium
436 268 520 288 canon
535 261 562 287 7.

163 307 501 343 SynodiCalehcdoncnsis
513 313 599 333 canon
617 306 644 333 1.

165 353 267 388 Synodi
285 352 458 379 Sardicensis
473 359 559 378 canon
576 351 622 379 20.

165 399 267 435 Synodi
286 398 416 434 Carthag.
434 405 520 425 canon
537 398 564 431 l,
581 397 623 430 l8,
638 397 758 430 5ι,155,
776 396 914 431 156,15¹1.

163 490 264 527 Synodi
281 489 316 516 νι
330 496 416 516 canon
429 489 457 516 2.

169 537 270 574 Synodi
291 535 336 564 Vll
353 542 438 562 canon
460 534 486 567 Ι,
498 533 526 566 2,
540 533 583 560 ll.

165 581 266 618 Synodi
281 580 417 614 intemplo
436 579 598 607 Sanctorum
627 577 818 613 Apostolorum
847 578 918 605 cele-

130 629 214 656 brata:
228 635 313 655 canon
331 627 374 654 10.

164 674 257 701 Sancti
275 673 366 700 Basilii
378 678 464 699 canon
482 670 526 698 88.

164 719 371 748 Constitutionis
382 721 462 753 caput
474 717 500 745 1.
517 716 546 749 2,
562 716 608 743 Ἠ.

167 765 195 793 ἀ.
211 764 407 800 Suscipiendas
423 770 483 790 esse
504 770 536 790 ac
551 761 676 797 legendas
689 767 783 789 omnes
796 765 918 796 receptas

132 813 236 840 divinas
251 811 407 846 Scripturas
422 809 526 838 Veteris
537 814 563 837 ct
577 809 643 837 Novi
659 809 836 841 Testamenti,
851 816 917 836 nec-

971 217 1101 251 ρίζονται.

1006 262 1120 288 Συνόδου
1137 262 1253 297 Ἐφέσου
1268 261 1358 289 κανὼν
1371 261 1403 294 ζ’.
1461 260 1470 280 ¹

1006 307 1120 334 Συνόδου
1137 308 1309 342 Καλχηδόνος
1324 307 1414 334 κανὼν
1431 307 1466 335 α’.

1005 353 1121 380 Συνόδου
1140 354 1264 388 Σάρδεων
1281 353 1372 380 κανὼν
1388 354 1422 380 κ’.

1002 398 1117 425 Συνόδου
1129 399 1309 435 Καρθαγένης
1323 399 1413 426 κανὼν
1429 398 1464 431 α’,
1481 398 1526 434 ιη’,
1538 399 1587 432 λδν,
1605 399 1667 434 ρλε¹,
1684 399 1757 434 ρλς’,

987 444 1037 477 λζ’.

1004 491 1119 518 Συνόδου
1137 491 1164 524 ς’
1182 491 1273 518 κανὼν
1291 490 1323 527 β’.

1006 539 1120 566 Συνόδου
1137 539 1158 571 ζ’
1171 539 1261 566 κανὼν
1278 543 1313 571 α’,
1330 539 1363 575 β’,
1380 539 1425 567 ια’.

1005 588 1060 623 Τῆς
1076 589 1104 614 ἐν
1117 587 1155 622 τῷ
1174 588 1230 622 ναῷ
1245 587 1301 613 τῶν
1320 587 1419 621 ’Λγίων
1440 587 1612 615 ’Λποστόλων
1627 588 1716 615 κανὼν
1731 591 1756 616 ι’.

1007 677 1060 705 Τοῦ
1076 677 1156 711 ἁγίου
1169 676 1312 703 Βασιλείου
1328 676 1419 703 κανὼν
1434 676 1493 712 πη’.

1005 723 1128 759 Νομικὺν
1144 723 1294 757 κεφάλαιον
1309 726 1344 755 α’,
1360 721 1392 758 β’,
1412 723 1466 758 κβ’.

1006 769 1037 796 δ’.
1053 769 1115 796 ’Ότι
1127 769 1169 796 δεῖ
1182 768 1308 804 δέχεσθαι
1329 770 1376 795 καὶ
1392 769 1596 803 ἀναγινώσκειν,
1607 770 1696 803 πάσας
1708 771 1758 803 τὰς

971 815 1135 850 δεδεγμένας
1152 815 1227 847 θείας
1240 815 1363 851 Γραφὰς,
1380 815 1431 850 τῆς
1448 824 1479 842 τε
1493 816 1615 848 Παλαιᾶς
1631 817 1677 843 καὶ
1693 817 1762 843 Και-

131 866 184 886 non
200 862 227 885 et
238 862 393 884 ευηριοτιιιιι
409 855 519 883 Patrum
534 861 688 883 nostrorum
720 861 747 883 Cl
775 855 916 882 doctorum

988 863 1019 897 ἧς
1034 862 1183 897 Διαθήκης,
1201 861 1310 893 καὶτὰς
1326 862 1487 897 συγγραφὰς
1502 862 1556 888 τῶν
1572 862 1658 896 ἁγίων
1674 862 1762 889 [Ιατέ-

130 904 250 939 scripta;
266 908 348 938 atque
359 910 391 930 ex
414 903 447 929 iis
458 903 601 936 episcopos
623 901 738 936 singulis
769 901 917 928 Dominicis

130 950 231 985 aliquid
249 949 377 985 populum
393 949 517 976 edocere.
531 948 581 980 Qui
601 955 665 974 vero
682 951 861 981 corrumpunt
872 951 919 972 aut

130 996 275 1024 concidunt
289 995 389 1030 aliquid
402 1002 435 1023 ex
451 995 492 1022 his
503 994 588 1022 sacris
605 993 705 1027 Libris,
731 993 919 1020 excommuni-

131 1045 241 1069 cantur.

167 1087 330 1115 Sanctorum
344 1084 527 1121 apostolorum
544 1092 631 1111 canon
645 1083 692 1112 85.

169 1133 270 1170 Synodi
289 1132 446 1160 Laodiceam
461 1139 547 1158 canon
562 1131 607 1159 60.

171 1178 272 1214 Synodi
288 1177 521 1212 Carthaginiensis
537 1184 623 1204 canon
636 1175 682 1203 24.

169 1224 269 1260 Synodi
289 1223 325 1251 Vl
336 1231 421 1251 canon
436 1222 468 1250 19
485 1227 512 1250 et
526 1221 571 1249 68.

169 1270 270 1297 Versus
279 1268 497 1304 sanctiGregorii
511 1268 654 1304 Theologi,
667 1273 694 1295 et
711 1268 814 1297 Versus
830 1269 919 1296 sancti

135 1315 327 1351 Amphilochii.

169 1363 197 1390 5.
211 1362 269 1390 Non
286 1368 347 1389 esse
358 1360 485 1396 legendos
514 1360 541 1388 in
567 1361 681 1388 ecclesia
707 1361 851 1396 impiorum
888 1360 921 1387 li-

135 1411 209 1441 bros,
226 1413 273 1435 aut
290 1415 322 1435 ea
344 1414 404 1442 quae
433 1408 558 1434 dicuntur
584 1407 748 1442 apocrypha,
777 1413 824 1434 aut
853 1406 920 1433 falsa

136 1455 338 1491 martyrologia,
353 1459 444 1488 utpote
471 1461 530 1489 quae
553 1454 580 1481 in
606 1453 791 1481 inﬁdelitatem
817 1454 923 1481 audito-

136 1510 178 1530 res
193 1501 347 1536 cunjiciant.
361 1500 454 1535 Neque
470 1506 532 1527 vero
547 1499 616 1527 liber
630 1499 700 1526 ullus
727 1506 780 1527 non
810 1500 921 1527 canoni-

137 1555 185 1575 cus
196 1547 308 1574 omnino
324 1546 492 1581 recipiendus
509 1551 561 1578 est,
572 1553 666 1573 verum
683 1545 736 1580 igni
771 1546 827 1572 hmo
857 1553 923 1572 cou-

139 1593 269 1621 sumenda
282 1597 354 1619 sunt.
370 1592 421 1625 Qui
433 1595 523 1618 autem
540 1591 581 1618 his
597 1596 724 1626 tanquam
743 1591 814 1618 veris
831 1595 921 1618 alten~

138 1641 215 1672 dunt,
242 1639 375 1673 siquidem
401 1638 488 1665 sacris
513 1637 612 1664 initiati
641 1639 706 1670 sint,
734 1638 923 1672 deponuntur:

139 1686 199 1713 laici
227 1692 294 1713 vero
320 1684 486 1711 anathemati
515 1683 707 1718 subjiciuntur.
731 1682 924 1711 Verumtamen

139 1737 243 1766 recepta
257 1731 283 1758 in
300 1730 420 1758 Ecclesia
440 1734 595 1757 sanctorum
621 1730 789 1763 testimonia,
819 1730 846 1757 in
876 1737 924 1758 eo-

142 1783 201 1802 rum
219 1774 527 1802 commemorationibus
539 1773 653 1808 legenda
672 1779 747 1802 sunt.

176 1822 342 1849 Sanctorum
357 1820 541 1855 apostolorum
559 1826 647 1846 canon
665 1818 711 1846 60.

175 1868 275 1903 Synodi
291 1866 451 1894 Laodicenaa
463 1873 549 1893 canon
566 1865 600 1892 59
611 1870 639 1892 et
649 1865 695 1893 60.

177 1912 277 1949 Synodi
292 1911 386 1939 (ιιι-ιιι.
401 1918 486 1938 canon
499 1910 534 1937 24
548 1910 630 1938 οι4ϐ.

175 1958 275 1994 Synodi
291 1956 324 1984 Vl
341 1964 429 1984 canon
440 1956 486 1989 65,
504 1961 530 1983 et
559 1955 645 1984 sancti
671 1956 813 1984 Athanasii
841 1965 924 1985 cano-

140 2013 189 2034 nes
207 2005 236 2032 2.

177 2061 204 2089 6.
217 2060 278 2088 Non
297 2066 359 2088 esse
370 2059 557 2087 aediﬁcandum
574 2058 694 2086 divinum
711 2059 850 2094 templum.
874 2060 927 2088 nisi

141 2109 302 2136 instructum
315 2105 352 2133 sit
362 2105 395 2132 iis
412 2112 473 2140 qua:
485 2105 519 2132 ad
538 2105 610 2132 illius
638 2105 863 2139 complementum
885 2105 929 2132 fa-

142 2155 234 2188 ciunt;
266 2159 354 2188 neque
382 2159 447 2180 vero
480 2151 546 2179 illud
578 2152 794 2179 consecrandum
824 2152 927 2188 absque

139 2204 298 2228 sanctarum
311 2198 484 2233 reliquiarum
500 2197 679 2232 depositione.
691 2197 742 2230 Qui
766 2197 837 2225 enim
863 2199 923 2226 abs-

143 2254 196 2283 que
210 2246 252 2273 his
266 2250 417 2275 consecrat.
435 2242 589 2277 deponitur.
612 2241 678 2270 Item
709 2243 852 2271 haereticos
877 2244 927 2271 do-

145 2299 217 2319 mum
229 2290 276 2318 Dei
293 2297 347 2317 non
359 2288 474 2324 ingredi,
493 2295 580 2323 neque
591 2288 769 2323 praesentibus
780 2288 833 2317 illis
860 2290 928 2317 mis-

144 2345 203 2367 sam
219 2335 363 2364 celebrari.

180 2382 280 2419 Synodi
292 2381 449 2409 Laodicenaa
465 2380 554 2408 canon
568 2381 596 2408 6.

178 2428 280 2465 Synodi
293 2427 338 2456 VII
349 2435 437 2455 canon
450 2428 477 2461 7,
493 2427 538 2461 Π,
552 2433 579 2455 et
602 2426 689 2455 sancti
720 2426 857 2455 Timothei
881 2435 927 2455 ca-

145 2484 198 2504 non
210 2476 235 2503 7.

181 2526 208 2554 7.
225 2523 357 2558 Oportere
378 2523 427 2550 Dei
453 2521 582 2558 templum
610 2523 746 2557 ingressos
776 2521 929 2550 divinorum

146 2569 318 2598 oraculorum
341 2568 531 2597 auscultationi
558 2568 696 2600 insistere,
726 2568 850 2603 quamvis
877 2575 930 2596 non

147 2615 290 2643 t‘aciantea
303 2621 363 2649 quae
390 2614 523 2642 audiunt:
541 2621 646 2641 necnon
661 2613 744 2640 etiam
775 2614 800 2640 in
827 2615 930 2641 oratio-

148 2670 182 2689 ue
196 2667 382 2696 perseverare,
404 2667 436 2688 ac
457 2666 550 2688 sancta
576 2660 780 2691 communione,
812 2666 894 2694 atque
916 2668 931 2687 2

144 2707 246 2743 jejunis
257 2706 389 2734 sacriﬁcia
400 2706 502 2734 oﬂ'erri.
519 2706 570 2740 Qui
585 2707 656 2734 enim
677 2714 732 2734 non
756 2706 792 2734 ita
817 2706 929 2739 faciunt,

149 2752 430 2781 excommunicantur.

185 2797 347 2825 Sanctorum
360 2797 542 2832 apostolorum
557 2805 643 2825 cannon
659 2798 692 2825 50
712 2804 738 2826 ct
749 2799 775 2826 9.

183 2844 286 2880 Synodi
305 2844 480 2872 Antiocheam
495 2851 579 2871 canon
596 2845 622 2870 2.

973 917 1026 945 ρων
1054 908 1132 944 ἡμῶν
1148 908 1196 935 καὶ
1213 907 1383 935 διδασκάλων
1396 915 1403 923 ·
1421 908 1557 935 διδάσκειν
1570 916 1600 934 τε
1621 907 1685 939 τοὺς
1699 907 1761 934 ἐπι-

972 956 1091 986 σκόπους
1107 957 1139 981 ἐκ
1152 954 1256 981 τούτων
1271 954 1333 981 καθ’
1344 954 1464 990 ἑκάστην
1473 954 1617 990 Κυριακὴν
1630 953 1674 980 τὸν
1687 953 1760 980 λαόν.

971 1002 1003 1028 Ut
1017 1002 1045 1028 δὲ
1061 1001 1267 1036 διαφθείροντες
1280 1001 1296 1036 ἢ
1309 1002 1528 1036 κατατέμνοντες
1542 1002 1575 1027 ἐκ
1587 999 1691 1027 τούτων
1705 999 1762 1027 τῶν

972 1048 1054 1084 ἱερῶν
1070 1047 1198 1081 Βιϐλίων,
1219 1047 1408 1083 ἀφορίζονται.

1007 1094 1069 1120 Τῶν
1087 1094 1173 1128 ἁγίων
1186 1093 1345 1121 ἀποστόλων
1356 1092 1447 1120 κανὼν
1463 1092 1518 1120 πε’.

1009 1139 1125 1166 Συνόδου
1140 1139 1303 1171 Λαοδικείας
1316 1138 1408 1166 κανὼν
1419 1139 1452 1172 ξ’.

1007 1186 1122 1214 Συνόδου
1140 1186 1325 1222 Καρθαγένης
1340 1185 1432 1212 κανὼν
1444 1184 1492 1211 κδ’.

1009 1232 1124 1260 Συνόδου
1141 1235 1168 1264 ς’
1185 1232 1277 1258 κανὼν
1294 1230 1326 1258 ιϐ’
1344 1231 1392 1258 καὶ
1410 1231 1462 1266 En’.

1009 1278 1099 1313 Στίχοι
1117 1278 1165 1304 τοῦ
1198 1278 1277 1312 ἁγίου
1298 1277 1455 1312 Γρηγορίου
1478 1276 1525 1303 τοῦ
1541 1275 1693 1311 Θεολόγου¹
1713 1277 1764 1304 καὶ

974 1324 1064 1359 στίχος
1080 1323 1128 1350 τοῦ
1144 1323 1221 1357 ἁγίου
1235 1322 1424 1359 Ἀμφιλοχίου.

1010 1372 1042 1396 ε’.
1062 1369 1124 1395 Ὀτι
1139 1369 1169 1395 οὐ
1187 1369 1228 1395 δεῖ
1252 1367 1490 1402 ἀναγινώσκεσθαι
1510 1368 1539 1394 ὲν
1564 1367 1698 1404 ἐκκλησίαι⁴
1719 1368 1764 1404 βι-

974 1414 1036 1441 6λία
1050 1413 1167 1448 ἀσεϐῶν,
1182 1414 1243 1449 ἢτὰ
1257 1414 1394 1449 λεγόμενα
1414 1413 1613 1450 ἀπόκρυφοι,ιῆ
1629 1413 1663 1440 τὰ
1674 1414 1764 1449 ψευδῆ

974 1460 1140 1488 συντεθέντα
1155 1459 1372 1494 μαρτυρολόγια,
1396 1459 1434 1491 ὡς
1452 1460 1492 1491 είς
1509 1460 1641 1486 ἀπιστίαν
1658 1459 1766 1495 ὲμὸάλ-

975 1507 1055 1534 λοντα
1075 1508 1139 1538 τοὺς
1157 1506 1324 1537 ἀκούοντας·
1345 1505 1409 1532 οὔτε
1425 1505 1453 1532 δὲ
1477 1506 1654 1533 ἀκανόνιστόν
1674 1515 1701 1533 τι
1721 1507 1768 1541 βι-

978 1553 1052 1579 ϐλίον
1071 1552 1197 1587 δέχεσθαι
1222 1552 1309 1583 ὅλως·
1332 1551 1400 1578 ἀλλά
1421 1553 1490 1587 πυρὶ
1505 1551 1593 1578 ταῦτα
1614 1553 1769 1579 καταναλί-

981 1607 1074 1625 σκειν·
1092 1599 1116 1625 οἱ
1127 1598 1155 1624 δὲ
1175 1598 1212 1630 ὡς
1229 1598 1340 1634 ἀληθέσι
1355 1598 1534 1634 προσέχοντες
1542 1598 1659 1632 τούτοις,
1675 1599 1699 1625 εἰ
1714 1600 1769 1634 μὲν

979 1644 1122 1680 ἱερωμένοι
1142 1644 1207 1677 εἰσὶ,
1222 1644 1439 1680 καθαιροῦνται·
1459 1644 1526 1670 εἰδὲ
1541 1644 1643 1677 λαῖκοὶ,
1664 1645 1770 1671 ἀναθε-

979 1690 1150 1726 ματίζονται.
1182 1689 1223 1716 Τὰ
1253 1690 1344 1725 μέντοι
1375 1689 1524 1725 δεδεγμένα
1551 1692 1584 1726 τῇ
1614 1691 1770 1726 Ἐκκλησίᾳ

979 1736 1120 1772 μαρτύρια
1141 1736 1195 1762 τῶν
1219 1736 1307 1770 ἁγίων
1325 1737 1563 1771 ἀναγινώσκεσθαι
1585 1737 1625 1764 δεῖ
1649 1738 1678 1764 ἐν
1704 1739 1770 1769 ταῖς

978 1783 1100 1816 μνήμαις
1119 1781 1221 1808 αὑ·.ὦν.

1014 1826 1074 1852 Τῶν
1089 1826 1175 1859 ἁγίων
1191 1826 1349 1853 ἀποστόλων
1366 1827 1458 1854 κανὼν
1474 1827 1507 1861 ξ’.

1012 1872 1127 1899 Συνόδου
1143 1873 1304 1904 Λαοδικείας
1319 1873 1409 1900 κανὼν
1425 1873 1465 1900 νϐ’
1481 1874 1528 1900 καὶ
1546 1873 1580 1907 ξ’.

1016 1919 1129 1945 Συνόδου
1150 1918 1330 1954 Καρθαγένης
1346 1920 1437 1947 κανὼν
1453 1920 1489 1948 κδ’
1504 1922 1551 1948 καὶ
1565 1921 1624 1956 pg’.

1013 1964 1127 1991 Συνόδου
1144 1967 1171 1997 ς’
1186 1964 1276 1991 κανὼν
1297 1963 1347 1999 ξγ’,
1368 1966 1415 1992 καὶ
1436 1965 1483 1992 τοῦ
1499 1967 1578 2001 ἁγίου
1602 1967 1768 1995 ’Δθανασίοι

978 2011 1090 2043 κανόνες
1109 2010 1142 2046 β’.

1015 2061 1053 2089 ς’.
1070 2059 1132 2086 Ὀτι
1154 2059 1185 2085 σὺ
1211 2059 1253 2086 δεῖ
1279 2068 1341 2086 τινα
1366 2060 1518 2095 οἰκοδομεῖν
1540 2061 1611 2087 θεῖον
1635 2061 1699 2088 ναδν
1727 2062 1766 2098 μὴ

979 2105 1075 2141 ἔχοντα
1086 2105 1121 2132 τὰ
1134 2105 1202 2141 πρὸς
1215 2107 1390 2142 ἀπαρτισμόν
1404 2115 1410 2121 ·
1427 2106 1489 2133 οὔτε
1501 2108 1529 2134 δὲ
1543 2108 1688 2143 καθιεροῦν
1700 2108 1766 2134 τοῦ-

978 2161 1024 2179 τον
1048 2153 1133 2187 χωρὶς
1162 2152 1337 2184 καταθέσεως
1370 2153 1457 2186 ἁγίων
1483 2153 1636 2187 λειψάνων·
1665 2155 1680 2180 ό
1710 2154 1766 2188 γὰρ

942 2211 966 2240 D
979 2195 1057 2227 ἐκτὸς
1072 2196 1175 2222 τούτων
1191 2195 1330 2231 καθιερῶν
1347 2196 1534 2232 καθαιρεῐται.
1558 2197 1612 2223 Καὶ
1629 2197 1670 2224 ὅτι
1692 2198 1768 2232 αἱρε-

979 2242 1052 2269 τικοὶ
1074 2243 1114 2274 είς
1134 2240 1208 2269 οἶκον
1222 2242 1289 2268 Θεοῦ
1306 2243 1355 2268 οὐκ
1370 2242 1557 2278 είσέρχονται’
1574 2243 1637 2270 οὕτε
1651 2244 1679 2270 δὲ
1696 2253 1767 2280 παρ-

979 2289 1064 2316 όντων
1076 2289 1166 2316 αὑτῶν
1186 2289 1292 2323 γίνεται
1308 2287 1428 2321 σύναξις.

1015 2376 1131 2403 Συνόδου
1146 2376 1309 2408 Λαοδικείας
1323 2376 1414 2403 κανὼν
1431 2375 1468 2409 ς’.

1017 2423 1130 2449 Συνόδου
1148 2422 1170 2455 ζ’
1186 2423 1276 2450 κανὼν
1289 2422 1322 2456 ζ’,
1342 2421 1386 2456 ιζ’,
1403 2422 1450 2449 καὶ
1464 2423 1512 2449 τοῦ
1536 2423 1614 2458 ἁγίου
1633 2423 1766 2458 Τιμοθέου

982 2469 1071 2496 κανὼν
1083 2468 1115 2501 ζ’.

1016 2514 1049 2547 ζ’.
1064 2515 1126 2541 Ὅτι
1148 2514 1190 2542 δεῖ
1216 2516 1279 2547 τοὺς
1300 2515 1435 2545 εἰσιόντας
1455 2515 1496 2545 εἰς
1512 2514 1575 2541 ναὸν
1590 2514 1656 2540 Θεοῦ
1678 2523 1768 2549 παρα-

983 2561 1074 2596 μένειν
1089 2562 1121 2596 τῇ
1138 2561 1268 2596 ἀκροάσει
1281 2561 1335 2588 τῶν
1347 2560 1427 2587 θείων
1439 2560 1548 2594 λογίων,
1563 2560 1616 2587 κᾶν
1631 2560 1668 2596 μὴ
1683 2560 1768 2586 ποιῶ-

984 2616 1025 2633 σιν
1042 2607 1060 2633 ἂ
1082 2607 1228 2633 ἀκούουσι·
1254 2607 1300 2633 καὶ
1318 2608 1350 2641 τῇ
1374 2607 1513 2641 προσευχῇ
1538 2607 1767 2642 προσκαρτερεῖν,

984 2654 1030 2680 καὶ
1044 2655 1077 2689 τῇ
1094 2653 1159 2688 ἁγίᾳ
1175 2652 1347 2687 μεταλήψει·
1364 2653 1411 2678 καὶ
1431 2653 1485 2679 ἀπὸ
1505 2652 1641 2687 νηστικῶν
1657 2653 1704 2683 τὰς
1719 2652 1766 2678 ου-

985 2701 1045 2732 σίας
1062 2698 1268 2735 προσάγεσῢαι·
1289 2699 1312 2725 οἱ
1332 2699 1386 2734 γὰρ
1404 2700 1440 2734 μὴ
1453 2698 1525 2725 οὕτω
1541 2698 1683 2730 ποιοῦντες
1696 2698 1767 2733 ἀφο-

985 2747 1113 2782 ρίζονται.

1020 2794 1081 2819 Τὡν
1095 2793 1180 2826 ἁγίων
1194 2793 1306 2818 inusta"
1313 2801 1349 2818 ων
1363 2791 1453 2818 κανὼν
1469 2790 1490 2817 ν’
1504 2793 1549 2818 καὶ
1563 2791 1595 2819 0’.

1022 2841 1133 2866 Eua/flow
1151 2840 1317 2874 ’Λντιοχείας
1333 2838 1423 2865 κανὼν
1442 2839 1476 2869 β’.
