1929 3076
190 120 202 133 Δ
209 105 226 134 3
814 103 981 133 EPITOME

1060 102 1198 133 i0NUM.
1782 93 1820 127 14

229 159 345 186 ευνόδου
362 159 542 193 Καροαγένης
557 158 646 185 κανὼν
661 157 716 193 μα’.

229 205 347 231 Συνόδου
373 203 400 236 ς’
421 204 513 230 κανὼν
533 204 583 237 κθ’,
608 205 655 229 καὶ
672 203 720 230 τοῦ
745 204 823 237 ἁγίου
851 203 986 238 Τιμοθέου

193 249 288 276 κανὼν
303 248 348 280 ις’.

233 295 290 321 Καὶ
310 294 426 328 νομικὸν
439 295 588 329 κεφάλαιον
603 293 634 321 θ’.

229 338 267 375 η’.
282 339 345 366 ὐτι
361 339 402 366 δεῖ
414 341 444 366 ἐν
456 341 517 371 ταῖς
528 340 671 372 συνάξεσιν
686 340 841 373 Εὶιαγγέλια
855 341 923 374 μετὰ
943 341 989 367 καὶ

195 387 303 422 ἑτέρων
324 386 442 421 Γραιρῶν
467 386 720 421 ἀναγινώσκεσθαι,
748 388 796 413 καὶ
819 388 944 422 ψαλμοὺς
962 388 990 414 δὲ

194 431 282 467 ᾄδειν,
300 433 347 459 καὶ
363 432 407 458 διὰ
423 433 509 467 μέσου
523 433 649 466 γίνεσθαι
667 432 857 465 ἀναγνώσεις·
875 433 923 459 καὶ
942 433 991 469 τὴν

195 476 284 512 αὐτὴν
302 478 330 504 δὲ
343 477 519 513 λειτουργίαν
534 478 651 504 πάντοτε
668 480 766 505 ποιεῖν.

233 523 349 550 Συνόδου
365 524 531 556 Λαοδικείας
546 523 638 550 κανὼν
651 523 688 556 ς’,
707 524 751 556 ιζ’,
768 524 814 560 ιη’,
832 525 877 552 ιϐ’.

239 571 358 597 Συνόδου
379 570 563 606 Καρθαγένης
573 569 664 596 κανὼν
683 569 735 605 ργ’.

237 617 377 645 θ’.”οτιοῦ
389 616 429 642 δεῖ
444 616 473 642 ὲν
487 616 700 652 ’τεσσαρακοστῇ
718 616 800 651 ἄρτον
814 618 992 653 προσφέρειν,

197 664 261 690 οὗτε
273 663 301 690 δὲ
316 662 466 698 μαρτύρων
486 662 598 697 μνήμας
617 662 765 694 ἐπιτελεῖν,
783 662 808 688 εί
828 662 866 698 μὴ
881 664 910 689 ὲν
923 663 994 689 Σαϐ-

197 712 275 746 ϐάτῳ
298 711 347 736 καὶ
374 709 502 744 Κυριακῇ
529 709 629 742 μόνον·
661 707 709 734 καὶ
737 708 788 744 τὴν
816 709 916 744 ἑορτὴν
945 709 994 735 τοῦ

198 754 421 790 Εὖαγγελισμοῦ.
444 754 508 780 Ἐπὶ
532 753 561 780 δὲ
580 754 642 784 ταῖς
663 753 774 786 λοιπαῖς
796 754 917 789 ἡμέραις
945 755 995 790 τῆς

201 803 281 837 ἁγίας
296 801 540 837 Τεσσαρακοστῆς,
563 799 680 835 γινέσθω
700 801 717 836 ἡ
742 800 802 827 θεία
829 800 884 827 τῶν
907 808 994 837 προη-

197 846 362 880 γιασμένων
379 845 505 880 λειτουργ
512 846 549 872 ια.

236 891 350 918 Συνόδου
367 891 529 922 Λαοδικείας
550 890 643 918 κανὼν
658 894 704 926 μα’
717 892 767 919 καὶ
782 895 834 926 να’,
849 892 897 920 καὶ
915 892 993 919 συνό-

200 936 248 963 δου
264 935 290 969 ς’
306 937 396 963 κανὼν
415 935 448 971 β’.

240 981 266 1008 ι’.
283 981 345 1008 Ὀτι
362 982 392 1008 οὐ
408 982 449 1008 δεῖ
471 990 533 1008 τινα
547 981 603 1009 τῶν
623 982 729 1009 πιστῶν
753 982 994 1019 ἀπολιμπάνεσθαι

203 1028 258 1053 τῶν
270 1027 352 1055 θείων
364 1028 501 1060 συνάξῖων
514 1037 520 1044 ·
537 1029 562 1055 εἰ
579 1028 633 1064 γὰρ
653 1029 806 1065 ἀπολειφθῇ
823 1031 850 1056 ὲν
864 1031 995 1066 ἑϐδομάσι

203 1076 305 1109 τρισὶν,
333 1075 358 1101 εἰ
374 1075 423 1109 μὲν
447 1075 596 1110 ίερωμὲνος
610 1076 679 1108 ἐστὶ,
697 1075 887 1112 καθαιρείσθω
899 1085 906 1092 ·
927 1079 952 1104 εἰ
967 1077 996 1104 δὲ

204 1121 311 1153 λαῖκὺς,
326 1121 510 1156 ἀφοριςέσθω.

242 1168 354 1194 Συνόδου
371 1167 397 1200 ς’
412 1168 500 1195 κανὼν
521 1167 558 1195 π’.

244 1213 290 1242 ια’.
311 1214 375 1241 Ὀτι
390 1215 419 1241 οὐ
433 1214 474 1241 δεῖ
489 1214 621 1250 κληρικὸν
633 1215 661 1242 ὲν
677 1215 725 1242 δύο
738 1215 843 1242 πόλεων
858 1217 996 1242 κατατάτ-

206 1261 302 1286 τεσθαι
328 1260 498 1295 ἐκκλησίαις,
516 1261 585 1287 ἀλλὰ
608 1260 754 1296 ἀρκεῖσθαι
775 1261 846 1287 κατὰ
867 1262 914 1287 τὸν
943 1262 997 1287 τῶν

208 1307 329 1334 κανόνων
352 1308 415 1342 ὅρον
437 1308 470 1342 τῇ
498 1308 569 1343 μιᾷ·
597 1308 646 1340 τῆς
673 1307 702 1333 δὲ
716 1307 814 1342 ἑτέρας
830 1307 999 1341 ἀφίστασθαι

209 1354 330 1385 πάντως,
353 1354 416 1379 ἐπεὶ
432 1353 626 1388 καθαιρεῖται·
642 1353 671 1379 ὲν
688 1353 716 1378 δὲ
736 1353 793 1383 τοῖς
821 1352 874 1384 ἔξω
894 1352 998 1384 πόλεως

208 1398 330 1431 χωρίοις,
351 1397 395 1423 διὰ
415 1397 464 1432 τὴν
484 1397 605 1431 ἔλλειψιν
622 1396 676 1423 τῶν
694 1396 846 1431 ἀνθρώπων
864 1404 997 1432 παραχω-

209 1444 291 1478 ρείτω
308 1444 362 1479 {Ian
381 1441 615 1480 παραχωρείσθω]
628 1442 717 1469 τοῦτο.

247 1491 361 1517 Συνὸδου
386 1490 558 1526 Καλχηδόνος
576 1483 668 1516 κανὼν
686 1488 701 1516 ι’
713 1490 760 1516 καὶ
775 1489 810 1521 κ’,
824 1491 872 1516 καὶ
887 1489 996 1517 συνόδου

210 1537 232 1568 ζ’
250 1536 342 1563 κανὼν
364 1539 403 1563 ιε’.

247 1582 292 1618 ιβ’.
309 1583 370 1609 ’Ὁτι
383 1583 414 1609 οὐ
436 1582 476 1609 δεῖ
492 1583 519 1610 ὲν
537 1582 576 1617 τῷ
598 1582 738 1618 Τρισαγίῳ
758 1583 835 1618 ὕμνῳ
852 1583 1000 1618 προστιθὲ-

210 1637 255 1654 var.
276 1628 316 1660 τὺ,
334 1627 366 1654 ’0
388 1628 570 1662 σταυρωθεὶς
593 1627 631 1654 δι’
656 1627 750 1662 ἡμᾶς’
777 1628 924 1663 αἱρετικῶν
945 1628 1000 1663 γάρ

211 1675 286 1701 ἐστιν
311 1676 328 1710 ὴ
358 1674 471 1709 τοιαύτη
501 1675 590 1710 φωνή.
609 1673 687 1700 Ἐπεὶ
720 1673 744 1700 εἰ
771 1673 820 1709 μὲν
853 1674 1001 1709 ἱερωμένος

210 1721 285 1747 ἔστὶν
311 1722 326 1747 ὸ
343 1720 424 1747 τοῦτο
445 1721 545 1754 λέγων,
570 1719 778 1755 καθαιρείσθω’
796 1720 820 1746 εἰ
837 1719 866 1746 δὲ
894 1719 998 1753 λαῖκδς,

210 1767 396 1802 ἀφοριζέσθω.

247 1816 360 1842 Συνόδου
374 1814 401 1847 ς’
415 1814 506 1842 κανὼν
518 1817 575 1841 πα’.
597 1815 599 1817 ’

247 1861 292 1895 ιγ’.
310 1862 373 1887 Ὀτι
400 1861 440 1887 δεῖ
463 1861 562 1895 μόνους
580 1860 644 1892 τοὺς
671 1859 753 1894 ἱερεῖς
780 1858 896 1886 εἰσιέναι
912 1859 952 1889 εις
967 1859 999 1885 τὸ

209 1907 289 1941 ἅγιον
314 1907 521 1942 θυσιαστήριον,
542 1907 588 1932 καὶ
615 1904 856 1941 μεταλαμϐάνειν·
883 1904 930 1930 καὶ
957 1904 999 1930 ὅτι

208 1955 266 1985 τοῖς
283 1954 392 1988 σώμασι
420 1954 475 1980 τῶν
497 1953 718 1988 τελευτησάντων
739 1950 868 1977 κοινωνία
883 1950 913 1977 οὐ
931 1950 999 1976 δίδο-

209 2008 265 2027 ται.

247 2047 363 2072 Συνόδου
375 2045 537 2076 Λαοδικείας
549 2043 640 2071 κανὼν
655 2043 698 2070 ιϐ’.

247 2093 432 2128 Καρθαγένης
448 2090 494 2126 ιη’,
516 2091 563 2117 καὶ
581 2090 690 2117 συνόδου
709 2087 736 2121 ς’
753 2088 844 2116 κανὼν
861 2091 918 2122 πγ’.

1000 158 1024 187 Α
1074 156 1175 192 Synodi
1188 155 1403 190 Carthaginiens.
1418 160 1504 181 canon
1521 153 1564 180 Η.

1075 204 1174 239 Synodi
1194 203 1225 229 Vl
1246 201 1432 234 cartor129,et
1455 202 1540 228 sancti
1569 199 1704 227 Timothei
1736 207 1823 226 canor.

1042 251 1084 277 Π.

1077 297 1110 323 Ει
1123 296 1189 331 legis
1203 301 1282 330 caput
1298 296 1325 323 9.

1077 346 1102 370 ὃ.
1117 343 1144 370 ln
1157 344 1302 378 synaxilms
1315 351 1376 369 cum
1397 342 1456 369 aliis
1470 340 1618 375 Scrtpturis
1636 339 1748 374 legenda
1766 343 1825 364 esse

1041 389 1196 423 Evangelia,
1213 394 1241 416 et
1261 388 1379 424 psalmos
1401 388 1549 419 canendos,
1579 384 1825 425 lcetionesque_in-

1042 434 1225 469 terjicicudas,
1239 439 1319 469 atque
1335 433 1404 461 idem
1420 433 1537 460 olﬁcium
1555 438 1663 466 semper
1683 429 1826 458 celebran-

1041 479 1117 508 dum.

1080 525 1180 560 Synodi
1201 526 1361 554 Laodicenre
1375 533 1462 553 canon
1478 524 1504 557 ϐ,
1518 524 1560 556 Π,
1576 523 1620 557 l8,
1634 523 1679 551 19.

1080 571 1182 608 Synodi
1198 572 1432 607 Carthaginiensis
1445 579 1505 598 can.
1520 570 1581 597 105.

1079 619 1105 647 9.
1123 619 1180 646 Non
1194 622 1319 653 oportere
1333 618 1359 645 iu
1375 616 1586 652 Quadragesiuta
1609 622 1705 648 panem
1716 612 1827 645 oil'erre.

1045 673 1132 700 neque
1146 669 1295 700 martyrum
1313 663 1586 691 commemorationes
1611 668 1753 697 peragere,
1778 659 1830 687 nisi

1048 713 1074 738 in
1093 712 1213 739 Sabbato
1228 716 1255 738 et
1275 711 1412 738 llominica
1428 715 1534 737 tantum
1556 718 1563 736 :
1598 716 1631 736 ac
1655 708 1752 735 festum
1775 707 1832 733 An-

1047 758 1233 784 nttnlialionis.
1250 756 1278 783 lu
1295 756 1399 783 caeteris
1418 763 1482 783 vero
1503 755 1599 783 diebus
1626 758 1728 782 sancta:
1759 752 1833 786 Qua-

1046 804 1216 837 tltagcsintm,
1231 804 1350 830 divinum
1373 803 1474 838 pridem
1502 801 1734 831 sanctiﬁcatorth
1763 799 1833 828 cele-

1010 835 1031 862 Β
1047 835 1140 875 ΙιΓ‹·ῐυι·
1156 835 1284 875 ofﬁcium.

1080 893 1181 929 Synodi
1197 893 1357 921 Laodiccnae
1374 900 1460 920 canon
1477 892 1507 920 41
1524 897 1552 920 et
1568 893 1615 924 5|,
1634 897 1662 919 et
1673 891 1768 927 synodi
1796 890 1832 919 νι

1046 946 1133 966 canon
1150 939 1177 966 2.

1085 986 1128 1013 10.
1150 985 1208 1012 Non
1225 990 1350 1019 oportere
1364 991 1524 1019 quemquam
1546 983 1664 1010 ﬁdelium
1688 990 1703 1010 a
1733 981 1832 1009 divinis

1046 1032 1193 1067 synnxibus
1213 1033 1308 1058 abesse
1328 1039 1334 1057 :
1351 1031 1374 1057 si
1395 1030 1467 1057 enim
1492 1036 1540 1064 per
1566 1034 1620 1056 tres
1648 1027 1833 1056 hebdomadas

1046 1086 1099 1105 non
1117 1078 1234 1110 intersit,
1246 1077 1377 1110 siquidem
1390 1075 1476 1103 sacris
1486 1076 1593 1102 deditus
1604 1075 1649 1108 sit,
1662 1075 1807 1108 deponatur
1824 1081 1832 1106 ;

1048 1124 1133 1151 laicus
1150 1131 1224 1153 vero.
1242 1122 1506 1150 excommunieetur.

1084 1170 1183 1206 Synodi
1200 1169 1230 1196 γι
1246 1177 1332 1196 canon
1344 1169 1389 1196 80.

1083 1217 1127 1244 11.
1158 1215 1215 1242 Non
1234 1221 1359 1250 oportere
1378 1213 1509 1242 clericum
1533 1213 1559 1240 in
1584 1213 1699 1239 duarum
1726 1211 1833 1239 urbium

1048 1261 1168 1289 ecclesiis
1186 1261 1316 1292 ordinari,
1331 1260 1377 1288 sed
1404 1266 1456 1286 una
1488 1263 1645 1286 contentum
1676 1264 1736 1284 esse
1757 1256 1834 1291 juxta

1048 1315 1180 1335 canenum
1197 1307 1391 1339 deﬁnitionem,
1405 1306 1440 1333 ab
1455 1305 1538 1332 altera
1567 1311 1630 1332 vero
1657 1303 1764 1338 penitus
1792 1309 1834 1330 re.

1049 1353 1163 1381 cedere:
1176 1353 1216 1380 sin
1231 1360 1305 1382 vero.
1321 1351 1476 1386 deponitur.
1487 1351 1517 1378 lu
1532 1350 1598 1377 vicis
1614 1357 1677 1376 vero
1695 1349 1742 1384 qui
1771 1352 1836 1376 sunt

1048 1406 1123 1429 extra
1141 1402 1245 1433 urbem.
1258 1404 1368 1435 propter
1380 1401 1518 1427 hominum
1538 1399 1684 1432 defectum,
1701 1399 1750 1426 hoc
1767 1405 1835 1425 con-

1049 1448 1173 1475 cedatur.

1011 1508 1033 1537 c
1086 1492 1186 1527 Synodi
1198 1491 1428 1519 Calehedonensis
1444 1498 1529 1519 canon
1551 1490 1585 1518 10
1599 1495 1627 1519 et
1643 1491 1690 1524 ‘20,
1709 1494 1736 1518 et
1751 1498 1836 1527 syno-

1051 1539 1076 1566 di
1093 1538 1137 1566 V'll
1155 1546 1239 1565 canon
1253 1538 1298 1566 15.

1087 1584 1131 1611 12.
1150 1583 1274 1618 Trisagio
1287 1584 1386 1619 hymno
1397 1589 1450 1610 non
1467 1589 1528 1610 esse
1544 1582 1725 1618 adjiciendum
1744 1592 1750 1610 :
1767 1582 1836 1610 Cru-

1050 1630 1146 1663 ciﬁmus
1158 1634 1264 1664 propter
1280 1637 1326 1656 nos
1336 1637 1346 1661 ;
1356 1628 1546 1656 hazreticorum
1560 1629 1632 1656 enim
1648 1633 1690 1657 est
1701 1628 1836 1663 ejusmodi

1052 1683 1113 1703 vox.
1129 1675 1267 1710 Siquidem
1281 1674 1353 1701 enim
1369 1674 1456 1702 sacris
1471 1675 1594 1701 addictus
1605 1675 1641 1701 sit
1652 1674 1698 1708 qui
1715 1674 1766 1702 hoc
1794 1674 1836 1701 tli-

1052 1722 1099 1755 cit,
1113 1723 1279 1755 deponatur;
1296 1720 1380 1748 laictts
1399 1727 1475 1753 vero,
1488 1719 1749 1747 excommunicetur.

1086 1816 1187 1851 Synodi
1202 1815 1235 1843 Vl
1251 1823 1336 1843 canon
1351 1816 1395 1843 8i.

1087 1862 1132 1889 l5.
1149 1861 1281 1896 Oportere
1296 1861 1369 1889 solos
1384 1860 1541 1888 sacerdotes
1556 1861 1588 1888 ad
1600 1865 1723 1889 sanctqu
1748 1862 1834 1890 altar.

1050 1907 1179 1934 accedere
1193 1910 1220 1934 et
1232 1907 1436 1934 communicare
1452 1914 1458 1932 :
1474 1913 1506 1932 ac
1520 1905 1709 1933 defunctorum
1740 1915 1835 1943 corpo-

1051 1952 1125 1980 ribus
1146 1959 1198 1979 uon
1209 1959 1270 1980 esse
1280 1952 1395 1979 dandam
1411 1951 1642 1980 communionem.

1086 2039 1184 2075 Synodi
1204 2039 1362 2066 [mouit-ense
1374 2046 1460 2066 canon
1474 2039 1517 2066 19.

1088 2059 1184 2075 -,.......
1206 2059 1362 2066 .....,...,υ....,
1374 2059 1460 2066 .........
1476 2059 1517 2066 ..η
1733 2059 1744 2068 .

1088 2086 1189 2121 Synodi
1207 2085 1441 2120 Carthaginiensis
1455 2085 1499 2120 18,
1518 2091 1544 2113 et
1565 2087 1661 2121 synodi
1685 2087 1718 2115 Vl
1747 2096 1834 2116 canon

1051 2132 1095 2159 85.

249 2183 290 2210 ιδ’.
307 2183 367 2209 Ὀτι
380 2182 411 2208 οὐ
426 2181 466 2208 δεῖ
479 2189 540 2208 τινα
551 2179 606 2206 τῶν
625 2178 729 2205 λαῖκῶν
745 2178 834 2213 ἑαυτῷ
851 2177 905 2204 τῶν
920 2176 996 2204 θείων

1089 2178 1132 2205 Μ.
1149 2176 1207 2204 Non
1222 2182 1349 2211 oportere
1361 2184 1524 2212 quemquam
1540 2177 1669 2206 laicorum
1682 2179 1731 2207 sibi
1744 2180 1833 2208 divina

214 2225 374 2265 μυστηρίων
410 2227 583 2263 μεταδιδόναι
614 2226 750 2261 παρόντος
787 2223 949 2256 ἐπισκόπου,
981 2222 998 2258 ἢ

213 2275 413 2312 πρεσϐυτέρου,
435 2274 452 2308 ἢ
466 2273 610 2300 διακόνου·
626 2273 674 2299 καὶ
693 2273 735 2298 ὅτι
756 2272 780 2297 οἱ
799 2269 999 2306 μεταλαϐόντες

211 2323 367 2359 ὀφείλουσιν
392 2322 432 2352 εἰς
452 2320 569 2355 σταυροῦ
597 2319 682 2346 τύπον
702 2316 920 2353 σχηματίζεσθαι
951 2315 1000 2346 τὰς

212 2369 317 2398 ἑαυτῶν
336 2370 441 2404 χεῖρας,
459 2368 505 2394 καὶ
525 2366 597 2394 οὕτω
614 2364 818 2401 προσέρχεσθαι
834 2364 889 2394 τοῖς
918 2362 1000 2393 θείοις

214 2416 389 2451 μυστηρίοις.

249 2462 362 2489 Συνόδου
374 2461 400 2493 ς’
415 2459 506 2488 κανὼν
517 2462 557 2494 νην
570 2458 618 2486 καὶ
635 2456 687 2493 ρα¹.

252 2509 293 2537 ιε’.
308 2509 370 2535 Ὀτι
389 2508 420 2534 οὐ
444 2507 486 2534 δεῖ
503 2504 709 2540 διαπέμπεσθαι
726 2503 759 2530 τὰ
774 2503 840 2537 am
860 2503 902 2534 εἰς
921 2501 1002 2535 λόγον

214 2556 344 2591 εὑλογιῶν
360 2555 415 2582 ἀπὺ
431 2553 574 2589 παροίκων
594 2552 635 2584 εἰς
659 2551 809 2587 παροίκους
821 2557 827 2564 ·
846 2548 908 2575 οὔτε
927 2548 955 2574 δὲ
972 2548 1002 2573 ὲν

214 2602 299 2633 οἴκοις
324 2601 450 2635 γίνεσθαι
472 2598 633 2634 προσφορὰν
655 2595 739 2631 χωρὶς
756 2593 907 2628 ἐκκλησίας
927 2591 1003 2627 παρὰ

216 2647 367 2675 ἐπισκόπου
381 2646 398 2682 ἦ
412 2645 547 2680 πρεσόυτέ
553 2653 611 2679 ρου.

254 2694 369 2721 Συνόδου
385 2692 546 2722 Λαοδικείας
562 2689 652 2717 κανὼν
666 2687 696 2714 ιδ’
713 2687 761 2714 καὶ
774 2685 825 2722 νη’.

255 2743 302 2772 ις’.
317 2740 379 2766 ’Ὁτι
392 2738 422 2764 οὐ
436 2737 477 2763 δεῖ
491 2736 618 2762 ἀπαιτεῖν
631 2734 661 2760 τὸ
676 2732 780 2759 οίονοῦν
792 2729 862 2762 εἶδος
879 2729 933 2757 ἀπὸ
948 2729 1004 2756 τῶν

220 2783 487 2820 μεταλαμϐανόντων
504 2781 551 2809 τοῦ
571 2780 698 2815 σώματος
715 2778 763 2805 τοῦ
785 2776 920 2813 Χριστοῦ·
943 2775 1004 2802 ἐπεὶ

219 2832 424 2869 καθαιροῦνται.

1053 2227 1220 2250 sacramenta
1253 2222 1402 2257 impertire.
1439 2227 1573 2257 prmsente
1612 2224 1747 2260 episcopo,
1788 2231 1836 2254 aut

1054 2267 1221 2302 presbytero,
1234 2272 1280 2294 aut
1294 2267 1419 2294 diacono.
1432 2266 1498 2294 Item
1526 2270 1760 2296 communicantes
1786 2271 1834 2297 de-

1051 2313 1117 2340 bere
1144 2313 1171 2339 in
1201 2312 1290 2339 crucis
1310 2312 1421 2346 ﬁgurant
1450 2319 1546 2340 manus
1569 2321 1634 2340 suas
1659 2321 1833 2349 componere,

1053 2358 1145 2394 sicque
1157 2357 1190 2384 ad
1202 2357 1291 2384 divina
1307 2361 1477 2385 sacramenta
1490 2358 1632 2387 accedere.

1090 2448 1194 2484 Synodi
1209 2446 1245 2474 Vl
1261 2454 1348 2474 canon
1363 2447 1397 2474 58
1413 2452 1439 2474 et
1454 2446 1516 2474 101.

1091 2495 1137 2522 15.
1150 2494 1208 2522 Non
1225 2499 1350 2528 oportere
1368 2498 1463 2521 sancta
1486 2492 1653 2528 eulogiarum
1689 2495 1796 2523 nomine
1819 2505 1832 2522 a

1055 2542 1171 2577 parmcis
1186 2542 1218 2568 ad
1231 2548 1354 2575 parmcos
1370 2540 1528 2572 transmitti,
1559 2546 1648 2574 neque
1674 2540 1700 2567 in
1721 2542 1834 2575 privatis

1054 2588 1157 2615 aedibus
1176 2587 1234 2613 fieri
1257 2586 1406 2613 oblationes
1431 2585 1531 2619 absque
1557 2584 1684 2613 Ecclesia:
1709 2586 1835 2621 episcopo

1055 2639 1101 2661 aut
1115 2633 1283 2668 presbytero.

1091 2679 1191 2714 Synodi
1209 2677 1367 2704 Laodicenm
1380 2683 1465 2703 canon
1477 2675 1511 2703 M
1522 2681 1548 2704 et
1560 2676 1605 2704 58.

1091 2725 1135 2752 16.
1151 2724 1209 2751 Non
1221 2727 1345 2757 oportere
1361 2722 1583 2758 qualemcumque
1597 2723 1714 2757 speciem
1731 2723 1834 2750 nuutmi

1055 2773 1163 2806 exigere
1175 2770 1207 2795 ab
1224 2770 1264 2795 his
1282 2769 1329 2803 qui
1349 2776 1449 2804 corpus
1473 2768 1572 2796 Christi
1601 2773 1713 2797 sumunt
1732 2778 1740 2797 :
1770 2769 1837 2796 alio-

1055 2819 1119 2855 quin
1131 2818 1312 2852 deponuntur.
