1929 3076
100 114 133 146 15
374 142 375 145 η
729 110 885 141 ARSENII
910 109 1084 141 MONACHI
1687 109 1720 142 15

134 172 232 207 Synodi
252 171 283 200 Vl
298 178 383 198 canon
397 170 442 199 25.

135 219 178 246 l7.
195 218 253 245 Non
269 223 396 253 oportere
413 218 554 252 plusquam
586 218 732 244 canonicos
754 222 880 244 Cantores

99 266 125 292 in
144 265 232 292 medio
245 265 369 292 ecclesiae
391 268 512 296 cantare,
542 269 588 290 aut
614 263 753 290 ministros
779 263 884 289 exon-i-

99 319 172 344 ure,
188 315 235 338 aut
252 318 327 338 sacra
344 318 409 337 vasa
423 316 542 345 tangere,
559 315 605 336 aut
638 317 733 345 partem
766 309 883 339 tradere,

100 363 148 385 aut
180 357 291 385 calicem
319 357 612 384 benedicerezteruut
640 356 720 382 etiam
747 362 883 389 nunquam

99 404 194 439 januas
207 403 377 438 relinquere;
393 408 521 430 canentes
536 409 600 429 vero
637 408 807 435 nequaquam
839 401 883 426 in-

100 449 217 477 conditis
234 449 399 476 clamnribus
413 449 463 475 hoc
476 455 565 481 agere.

135 495 237 530 Syttodi
255 494 413 522 Laodiceuac
427 502 513 521 canon
534 493 576 525 15,
589 492 636 525 21,
664 492 711 525 22,
725 492 771 523 25,
790 491 837 525 95,
851 491 885 517 ‘25

100 540 192 568 c145.

137 585 240 622 Synodi
269 585 303 612 Vl
335 593 421 613 canon
445 585 490 618 55,
523 584 567 616 75,
597 589 623 612 et
645 584 740 620 synodi
773 583 817 610 Vll
843 591 887 610 ca-

102 640 154 659 non
173 631 216 659 Μ.

140 678 182 705 l8.
197 677 299 706 Omnes
325 677 526 704 ecclesiasticas
551 676 709 704 traditiones
734 683 786 703 non
817 675 886 702 scri-

102 730 172 760 ptas,
187 733 221 752 ex
236 723 432 751 consuetudine
444 723 470 750 itt
482 722 602 751 Ecclesia
619 728 748 758 receptas,
764 723 887 756 scriptis-

103 778 156 805 que
171 769 412 798 constitutionibus
425 769 535 797 minintc
551 771 713 802 contrarias,
740 776 799 796 esse
828 776 886 795 ser-

105 817 219 844 vandas.

140 862 232 889 Sancti
244 861 333 889 Basilii
353 868 439 889 canon
452 860 487 888 90
502 866 529 887 et
544 860 588 888 9L

141 907 183 935 l9.
197 906 255 935 Non
272 912 397 941 oportere
411 912 506 934 contra
528 906 633 933 Domini
655 907 812 933 mandatum
837 905 887 932 alia

104 954 236 989 quaepiam
254 954 281 983 in
294 953 458 980 sacriﬁcium
473 953 506 979 ad
521 957 644 979 sanctum
668 952 755 978 altare
779 951 886 984 ttll‘erre,

105 1006 202 1035 praeter
217 999 304 1027 solum
320 1006 415 1033 panem
431 1003 458 1024 et
471 999 563 1024 vinum
588 1005 658 1031 aqua
682 998 792 1025 ntistum
807 1007 823 1027 μ
844 997 889 1031 qui

105 1048 176 1075 enim
198 1051 295 1081 praeter
307 1046 364 1073 haec
379 1045 455 1077 facit,
468 1046 627 1080 deponatur.

142 1092 305 1120 Sanctorum
324 1091 507 1126 apostolorum
521 1099 609 1118 canon
628 1091 656 1118 5.

142 1138 243 1173 Synodi
256 1136 488 1171 Carthaginiensis
503 1144 589 1164 canon
603 1136 648 1163 57.

143 1183 243 1218 Synodi
264 1182 297 1209 νι
314 1190 402 1209 canon
418 1182 465 1214 28,
482 1182 515 1208 57
533 1187 560 1210 et
576 1181 621 1208 57.

142 1227 188 1254 20.
214 1225 329 1254 Fructus
355 1231 383 1254 et
407 1227 542 1261 primitias
562 1234 621 1262 qua:
644 1225 804 1260 oﬁeruntur,
840 1234 892 1253 nou

108 1281 168 1301 esse
181 1278 276 1300 sancto
287 1273 366 1300 altari
383 1273 553 1307 inferendas,
568 1274 615 1300 sed
640 1275 748 1300 domum
782 1274 892 1300 mitten-

109 1320 168 1352 das,
185 1323 213 1345 ut
230 1326 275 1346 eas
295 1318 438 1353 episcopus
461 1322 488 1346 et
514 1319 606 1346 caeteri
638 1318 730 1346 clerici
758 1319 891 1344 dividant.

109 1365 160 1397 Qui
176 1369 265 1392 autent
279 1365 336 1391 hac
348 1363 473 1390 furantur
501 1369 549 1390 aut
569 1363 696 1391 auferunt
715 1367 814 1398 pra-ter
847 1371 894 1390 vn-

95 1410 241 1437 ,luntatent
254 1409 384 1444 episcopi,
398 1410 571 1436 anathemate
583 1408 728 1439 feriuntur,
755 1415 787 1436 ac
815 1409 895 1443 quiu-

110 1455 182 1490 tuplo
196 1455 373 1482 muletantur.

146 1551 310 1578 Sanctorum
325 1549 506 1586 apostolorum
522 1557 608 1577 canon
626 1550 681 1577 tot
698 1549 742 1576 72.

146 1597 247 1632 Synodi
267 1595 431 1630 Gangrensis
446 1602 532 1622 canon
548 1593 576 1621 2.

146 1643 248 1679 Synodi
261 1641 497 1676 Carthaginiensis
510 1648 596 1669 canon
612 1641 656 1670 37.

146 1688 247 1724 Syuodi
265 1687 299 1715 Vl
318 1694 405 1714 canon
417 1686 462 1720 98,
477 1686 512 1714 57
527 1692 553 1714 et
566 1687 612 1715 99.

146 1735 286 1770 Theophili
302 1733 477 1765 Alexandrini
492 1741 578 1761 canon
593 1733 618 1767 8¹

146 1782 179 1809 Ει
194 1782 260 1817 legis
276 1785 356 1816 caput
369 1781 411 1808 19.

145 1829 189 1856 2!.
203 1828 261 1855 Non
276 1832 401 1862 oportere
417 1826 530 1854 linteum
546 1829 593 1853 aut
608 1833 654 1853 vas
669 1825 810 1860 quodlibet
827 1833 890 1852 san-

110 1876 257 1903 ctillcatunt
271 1874 316 1901 alii
327 1873 445 1908 cuipiam
472 1871 534 1899 usui
555 1871 714 1898 attribuere.
744 1871 794 1904 Qui
821 1871 895 1898 enim

112 1922 164 1949 hoc
177 1921 251 1952 facit,
265 1919 287 1946 si
305 1919 415 1953 quidem
431 1918 518 1945 sacris
539 1917 685 1950 deserviat,
701 1921 829 1952 tanquam
857 1925 897 1944 sa-

113 1967 230 2002 crilegus
241 1964 399 2000 deponitur;
410 1963 496 1991 laicus
510 1969 574 1990 vero
585 1963 848 1991 cxcontmunicatur.

147 2057 309 2084 Sanctorum
328 2053 512 2089 aposmlorutn
529 2060 616 2081 canon
632 2053 676 2081 75.

148 2100 248 2136 Synodi
270 2108 294 2126 ltt
311 2099 410 2134 templo
432 2099 594 2127 Sanctorum
609 2097 800 2134 Apostolorum
827 2105 898 2126 ceu:-

112 2147 198 2175 bratx
212 2154 299 2173 canon
314 2144 357 2172 10.

148 2194 181 2219 Ει
192 2192 277 2220 sancti
294 2191 417 2226 Gregorii
430 2190 545 2227 Nysseni
562 2197 648 2218 can0n
668 2190 694 2218 8.

145 2238 192 2266 22.
210 2237 268 2265 Non
285 2242 409 2272 oportere
420 2237 561 2264 Dominica
574 2240 620 2263 aut
638 2236 796 2264 Pentecoste
812 2243 898 2272 genu-

112 2287 229 2318 ﬂectere,
243 2285 290 2312 sed
305 2289 409 2311 stantes
424 2282 538 2310 Domino
556 2289 650 2317 preces
665 2281 774 2310 uﬂ'crre.

149 2374 250 2410 Synodi
266 2372 382 2400 Nicmna:
400 2379 488 2399 canon
504 2371 551 2406 20,

147 2420 248 2455 Synodi
266 2419 295 2446 νι
308 2426 394 2446 canon
410 2418 455 2445 90.

147 2467 240 2494 Sancti
252 2465 324 2493 l‘etri
339 2464 516 2492 Alexandrini
532 2471 619 2492 canon
640 2463 683 2492 15.

147 2511 241 2539 Sancti
255 2510 345 2538 Basilii
361 2517 448 2538 canon
465 2509 512 2540 90.

145 2557 369 2585 ‘25.Cessandttm
386 2564 447 2584 esse
458 2557 492 2584 ab
519 2558 645 2591 operibus
670 2557 715 2585 die
744 2557 895 2591 Domiuica,

112 2604 327 2632 oisiuecessitas
341 2609 452 2638 urgeat;
483 2603 600 2631 Sabbato
628 2611 692 2630 vero
718 2605 895 2638 operandum.

112 2650 161 2684 Qui
177 2650 248 2677 euint
262 2648 326 2676 illud
342 2649 421 2676 otiosi
450 2649 562 2684 degunt,
592 2649 766 2677 anathemate
793 2651 896 2684 percel-

113 2697 217 2724 luntur.

147 2741 251 2778 Synodi
269 2741 427 2769 Laodicenat
444 2749 529 2769 canon
545 2743 591 2770 ἓξ).

147 2787 193 2814 ει.
211 2786 325 2814 Sanctas
335 2786 468 2821 imagines
482 2788 626 2822 erigendas
639 2795 698 2814 eSse
726 2793 807 2822 atque
833 2789 898 2814 atto-

110 2834 221 2870 randas,
239 2841 300 2862 cunt
318 2833 405 2862 honor
420 2834 453 2862 ad
469 2833 606 2870 exemplar
631 2840 760 2862 transeat.
777 2834 803 2861 Si
834 2835 895 2870 quis

897 175 920 202 Α
970 168 1081 195 Συνόδου
1096 166 1123 200 ς’
1137 168 1225 195 κανὼν
1241 167 1294 202 κγ’.

972 214 1013 247 ιζ’.
1033 216 1093 241 Ὀτι
1115 216 1144 241 οὐ
1158 215 1199 241 δεῖ
1214 215 1296 241 πλέον
1315 214 1369 241 τῶν
1393 215 1544 243 κανονικῶν
1559 214 1671 250 ψαλιῶν
1687 216 1717 242 ὲν

937 262 1011 296 μέσῳ
1031 262 1080 297 τῆς
1100 261 1249 296 ἐκκλησίας
1266 261 1389 296 ψάλλειν,
1414 262 1429 297 ἢ
1447 261 1603 297 ἐφορκίζειν
1619 263 1722 298 ὑπηρέ-

934 315 983 337 τας
996 314 1003 320 ·
1020 306 1036 341 ἢ
1052 306 1187 333 ἅπτεσθαι
1202 306 1283 341 ἱερῶν
1300 306 1417 338 σκευῶν,
1434 307 1449 342 ἢ
1474 307 1558 343 ἄρτον
1572 308 1685 341 διδόναι,
1703 308 1720 343 ἢ

935 351 1066 386 ποτήριον
1080 351 1202 385 εὐλογεῖν
1215 359 1222 367 ⁸
1240 351 1308 378 ἀλλὰ
1326 352 1462 386 μηδέποτε
1477 353 1524 384 τὰς
1540 353 1624 388 θύρας
1641 354 1722 388 ἐγκα-

935 397 1129 432 ταλιμπάνειν·
1147 398 1194 424 καὶ
1212 399 1276 429 τοὺς
1292 398 1445 432 ψάλλοντας
1461 397 1489 425 δὲ
1510 399 1547 434 μὴ
1561 399 1638 434 βοαῖς
1652 400 1721 427 ἀτά-

936 452 1010 475 κτοις
1030 444 1187 479 χρωμένους
1203 444 1282 470 τοῦτο
1294 446 1392 471 ποιεῖν.

972 490 1085 516 Συνὸδου
1101 489 1264 522 Λαοδικείας
1283 490 1372 517 κανὼν
1391 494 1432 523 ιε’,
1447 490 1501 524 κα’,
1524 490 1577 526 κβ’,
1594 491 1648 526 κγ’,
1669 491 1720 527 κε’,

937 536 983 568 κς¹
996 537 1043 563 καὶ
1056 536 1112 572 μγ¹.

973 583 1086 610 Συνόδου
1110 582 1136 615 ς’
1151 583 1240 610 κανὼν
1268 584 1308 618 λγ’
1339 584 1384 611 καὶ
1413 587 1460 617 σε’,
1496 585 1543 611 καὶ
1564 585 1673 612 συνόδου
1701 585 1724 618 ζ’

937 629 1028 656 κανὼν
1044 629 1085 656 ιδ’.

973 674 1019 710 ιη’.
1038 675 1099 701 Ὅτι
1114 675 1156 701 δεῖ
1169 676 1264 711 τηρεῖν
1281 676 1328 702 καὶ
1349 676 1399 707 τὰς
1418 677 1561 712 ἀγράφους
1576 676 1666 708 πάσας
1680 677 1726 704 ὲκ-

937 719 1136 754 κλησιαστικὰς
1156 721 1334 756 παραδόσεις,
1352 721 1402 753 τὰς
1426 722 1458 749 ἐκ
1485 722 1630 757 συνηθείας
1651 722 1725 749 δεδε-

938 767 1046 800 γμένας
1058 767 1091 802 τῇ
1107 766 1267 802 Ἐκκλησία,
1285 768 1330 794 καὶ
1347 767 1384 803 μὴ
1397 768 1607 804 ἐναντιουμένοις
1623 769 1726 804 ἐγγρά-

941 821 1001 847 φοις
1015 813 1121 845 τύποις.

975 859 1027 886 Τοῦ
1045 860 1123 894 ἁγίου
1144 860 1284 887 Βασιλείου
1299 860 1389 888 κανὼν
1401 859 1425 894 L,’
1437 860 1484 887 καὶ
1496 862 1550 895 L_a'.

978 905 1020 933 t0’.
1035 907 1096 933 Ὅτι
1119 907 1149 933 οὺ
1174 907 1214 933 δεῖ
1231 906 1307 942 παρὰ
1323 907 1372 941 τὴν
1392 907 1440 934 τοῦ
1466 907 1572 942 Κυρίου
1601 906 1727 940 διάταξιν

941 951 1024 987 ἕτερά
1036 961 1097 979 τινα
1110 953 1150 984 εἰς
1163 952 1258 979 θυσίαν
1276 953 1426 988 προσάγειν
1445 952 1483 988 τῷ
1502 953 1570 988 ἁγίῳ
1585 953 1729 989 θυσιαστη-

942 997 1004 1032 ρίῳ,
1020 997 1036 1033 η
1057 997 1138 1032 μόνον
1158 998 1241 1033 ἄρτον
1259 999 1306 1024 καὶ
1319 997 1391 1025 οἶνον
1409 998 1488 1025 ὕδατι
1505 1000 1693 1036 μεμιγμένον·
1714 1001 1728 1026 ὁ

941 1043 996 1079 γὰρ
1011 1043 1087 1078 παρὰ
1105 1043 1193 1070 ταῦτα
1209 1044 1294 1071 ποιῶν
1322 1044 1518 1080 καθαιρείσθω.

977 1089 1038 1116 Τῶν
1054 1089 1140 1124 ἁγίων
1154 1089 1314 1116 ἀποστόλων
1331 1090 1424 1117 κανὼν
1435 1090 1471 1125 γ’.

978 1135 1094 1161 Συνόδου
1110 1135 1293 1171 Καρθαγένης
1303 1136 1394 1164 κανὼν
1413 1137 1465 1169 λζ’.

976 1182 1090 1209 Συνόδου
1108 1181 1134 1215 ς’
1151 1182 1242 1210 κανὼν
1261 1183 1315 1218 κη’,
1336 1181 1387 1216 λζ’,
1399 1184 1447 1211 καὶ
1459 1184 1510 1216 νζ’.

978 1231 1013 1255 κ’.
1029 1228 1092 1255 Ὀτι
1109 1229 1140 1255 οὐ
1161 1229 1202 1255 δεῖ
1221 1228 1381 1262 εῑσάγεσθαι
1401 1230 1430 1256 ὲν
1449 1230 1520 1265 ἁγίῳ
1544 1230 1730 1266 θυσιαστηρίῳ

943 1274 992 1305 τὰς
1006 1274 1232 1310 προσφερομένας
1244 1276 1434 1311 καρποφορίας
1455 1276 1503 1302 καὶ
1521 1276 1658 1313 ἀπαρχὰς,
1673 1278 1731 1304 ἀλλ’

945 1320 985 1351 εἰς
1016 1318 1092 1346 οἷκον
1123 1319 1360 1354 ἀποστέλλεσθαι,
1385 1322 1423 1353 ὡς
1453 1321 1487 1348 ἂν
1515 1322 1731 1358 ὲπιμερίσωνται

944 1365 1031 1392 ταῦτα
1049 1365 1063 1392 ὅ
1075 1374 1105 1392 τε
1123 1366 1284 1398 ἐπίσκοπος,
1301 1367 1349 1393 καὶ
1359 1367 1485 1402 οί,λοιποὶ⁴
1503 1368 1640 1404 κληρικοί.
1657 1371 1688 1396 Ol
1703 1370 1731 1396 δὲ

944 1411 1031 1437 ’ταῦτα
1045 1411 1219 1444 κλέπτοντες,
1255 1413 1271 1448 ἢ
1297 1413 1493 1448 ἀφαιρούμενοι
1516 1415 1592 1450 παρὰ
1619 1416 1731 1451 γνώμην

945 1457 991 1483 τοῦ
1016 1458 1180 1492 ἐπισκόπου,
1203 1458 1470 1494 ἀναθεματίζονται,
1496 1460 1544 1486 καὶ
1568 1461 1730 1497 ζημιοῦνται

911 1517 931 1545 c
949 1504 1180 1532 πενταπλασίονα.

983 1550 1043 1577 Τῶν
1055 1551 1142 1585 ἁγίων
1156 1551 1315 1579 ἀποστόλων
1329 1551 1418 1579 κανὼν
1431 1552 1452 1579 δ’
1465 1553 1512 1581 καὶ
1525 1553 1573 1589 οβ’,

982 1597 1093 1624 Συνόδου
1111 1597 1245 1633 Γαγγρῶν
1257 1597 1348 1625 κανὼν
1365 1597 1399 1633 β’.

983 1642 1094 1669 Συνόδου
1110 1643 1291 1679 Καρθαγένης
1308 1644 1397 1671 κανὼν
1412 1643 1462 1676 λζ’.

983 1689 1038 1716 Καὶ
1051 1689 1160 1716 συνόδου
1177 1689 1204 1722 ς’
1221 1690 1312 1717 κανὼν
1328 1689 1382 1726 κη’,
1399 1691 1437 1723 νζ¹
1453 1691 1501 1718 καὶ
1517 1691 1570 1726 ι,0’.

983 1736 1112 1771 Θεοφίλου
1127 1736 1333 1772 Ἀλεξανδρείας
1350 1737 1441 1764 κανὼν
1453 1736 1488 1774 η’.

984 1783 1038 1809 Καὶ
1055 1783 1165 1817 νομικὸν
1182 1783 1333 1818 κεφάλαιον
1351 1783 1396 1811 ιθ’.

983 1827 1036 1856 κα’.
1053 1829 1113 1855 Ὀτι
1125 1829 1155 1855 ού
1175 1830 1217 1855 δεῖ
1231 1829 1326 1865 ὀθόνην
1342 1830 1357 1865 ἢ
1379 1829 1475 1862 σκεῦος
1487 1830 1517 1858 τὸ
1540 1831 1643 1859 oio-Jon
1658 1833 1734 1867 ἁγια-

949 1874 1011 1900 σθὲν
1028 1874 1067 1906 εἰς
1084 1874 1180 1909 ἑτέραν
1201 1874 1301 1910 χρῆσίν
1316 1883 1377 1902 τινα
1399 1877 1627 1912 σφετερίζεσθαι·
1647 1879 1661 1904 ὸ
1679 1880 1733 1914 γὰρ

948 1921 1026 1946 τοῦτο
1042 1920 1136 1953 ποιῶν,
1151 1921 1175 1946 εί
1198 1921 1247 1956 μὲν
1265 1922 1414 1956 ίερωμένος
1429 1923 1514 1958 ἐστὶν,
1529 1924 1567 1957 ὡς
1593 1926 1733 1961 ἱερόσυλος

948 1964 1121 2000 καθαιρείται
1135 1973 1142 1980 ·
1163 1966 1188 1992 εί
1210 1966 1237 1992 δὲ
1258 1966 1361 1998 λαῐκὸς,
1384 1967 1544 2002 ἀφορίζεται
1581 1963 1754 2007 ἁκοινωνήᾟ

948 2020 1012 2041 τως.

985 2057 1046 2084 Τῶν
1064 2058 1149 2092 ἁγίων
1169 2058 1327 2086 ἀποστόλων
1342 2061 1432 2088 κανὼν
1449 2065 1501 2096 (ιγ’.

984 2103 1097 2130 Συνόδου
1120 2105 1169 2140 τῆς
1187 2105 1216 2131 ἐν
1238 2105 1279 2141 τῷ
1303 2106 1359 2142 ναῷ
1374 2107 1428 2134 τῶν
1447 2106 1544 2141 Ἀγίων
1565 2108 1734 2135 ’Δποστόλων

950 2148 1040 2176 κανὼν
1055 2149 1081 2178 ι’.

911 2189 937 2219 1)
985 2194 1038 2221 Καὶ
1052 2195 1099 2222 τοῦ
1112 2195 1189 2230 ἁγίου
1204 2196 1356 2232 Γρηγορίου
1371 2196 1482 2232 Νύσσης
1500 2198 1590 2225 κανὼν
1601 2197 1636 2235 η’.

987 2241 1039 2277 κβ¹.
1056 2242 1117 2269 Ὀτι
1131 2243 1160 2269 οὐ
1175 2243 1215 2269 δεῖ
1229 2243 1330 2269 κλίνειν
1349 2243 1411 2277 γόνυ
1427 2244 1454 2269 ὲν
1469 2233 1644 2282 Κυριακῇίῆ
1661 2247 1690 2273 ὲν
1701 2233 1740 2284 τῇ.

951 2288 1145 2323 Πεντηκοστῇ·
1165 2287 1223 2314 ἀλλ’
1243 2288 1365 2320 ἑστῶτας
1383 2290 1551 2324 προσφέρειν
1581 2292 1620 2326 τῷ
1640 2293 1734 2327 Κυρίῳ

950 2333 1000 2364 τὰς
1013 2333 1105 2367 εὐχάς.

988 2378 1099 2404 Συνόδου
1112 2377 1229 2409 Νικαίας
1241 2377 1331 2406 κανὼν
1343 2378 1377 2406 κ’.

987 2423 1099 2450 Συνόδου
1112 2422 1138 2456 ς’
1155 2423 1245 2451 κανὼν
1262 2427 1297 2458 ιιι.

986 2469 1039 2496 Τοῦ
1051 2470 1129 2503 ἁγίου
1147 2471 1250 2505 Πέτρου
1266 2471 1470 2506 Ἀλεξανδρείας
1491 2472 1581 2499 κανὼν
1597 2473 1637 2499 ιε’.

986 2514 1041 2540 Καὶ
1053 2514 1099 2540 τοῦ
1115 2514 1193 2548 ἁγίου
1207 2515 1348 2542 Baetici!“
1362 2515 1451 2542 κανὼν
1469 2514 1503 2548 ι,’.

986 2564 1039 2594 κγ’.
1054 2561 1114 2588 Ὅτι
1126 2561 1166 2587 δεῖ
1181 2561 1321 2596 σχολάζειν
1338 2562 1391 2588 τῶν
1403 2562 1491 2597 ἔργων
1510 2563 1538 2588 ἐν
1554 2563 1693 2600 Κυριακῇ,
1709 2565 1734 2591 εἰ

954 2607 990 2642 μὴ
1006 2607 1114 2642 ἀνάγκη
1135 2608 1312 2642 κατεπείγει·
1331 2610 1360 2634 ἐν
1384 2608 1412 2634 δὲ
1435 2608 1474 2643 τῷ
1504 2609 1636 2645 Σαϐϐάτῳ
1653 2612 1735 2646 ἐργά-

951 2653 1055 2686 ζεσθαι.
1079 2655 1109 2680 υἱ
1129 2656 1183 2688 γὰρ
1207 2654 1356 2689 ἀργοῦντες
1375 2656 1451 2688 αὐτὸ,
1473 2656 1733 2691 ἀναθεματζονται.

986 2744 1099 2771 Συνόδου
1113 2744 1272 2777 Λαοδικείας
1287 2745 1377 2772 κανὼν
1393 2746 1446 2772 κο¹.

986 2788 1034 2816 κδ’.
1054 2790 1114 2816 ’Ότι
1140 2790 1180 2816 δεῖ
1201 2791 1419 2826 ἀναστηλοῦσθαι
1439 2791 1519 2826 ἁγίας
1542 2793 1658 2827 εἰκόνας,
1687 2794 1736 2820 καὶ

951 2835 1163 2871 προσκυνεῖσθαι
1183 2836 1279 2871 αὑτὰς,
1291 2838 1328 2869 ὡς
1345 2838 1394 2873 τῆς
1414 2838 1497 2874 τιμῆς
1515 2839 1560 2865 ἐπὶ
1575 2838 1604 2865 τὸ
1627 2840 1735 2874 πρωτό-
