1930 3073
160 189 194 221 17
784 182 951 213 EI’lTOME
969 180 1166 212 CANONUM.
1751 178 1782 210 18

158 251 244 270 τυπον
266 241 470 276 διαϐαινούσης.
487 241 519 267 Εἰ
539 239 568 267 δέ
580 248 623 271 τις
638 238 755 272 κρύπτει
777 237 843 272 παρ’
858 236 948 272 ἑαυτῷ

1024 239 1093 264 uten’t
1106 235 1176 269 apud
1196 241 1225 262 se
1239 234 1373 262 occultum
1393 233 1473 261 habet
1490 234 1586 261 librum
1617 241 1709 261 eorum
1737 235 1785 269 qui

160 289 263 324 βιϐλίον
276 288 331 315 τῶν
345 287 543 322 είκονομάχων,
559 286 582 312 εί
594 285 643 321 μὲν
657 283 806 319 ἱερωμένος
819 282 889 316 ἐστὶ,
899 291 947 309 κα-

162 335 312 371 Θαιρείσθω
322 343 328 350 ·
348 335 373 362 εί
383 334 411 361 δὲ
425 333 530 366 λαῖκὺς,
545 331 729 368 ἀφοριζέσϐω.

196 381 312 408 Συνόδου
327 384 354 413 ς’
372 379 461 407 κανὼν
475 379 532 414 πβ’.

197 427 312 453 Συνόδου
329 425 349 459 ξ’
366 425 459 453 κανὼν
477 424 510 457 ζ’,
523 425 556 451 0’.

199 475 250 502 κε’.
265 473 329 500 Ὀτι
343 472 375 499 οὐ
390 472 431 499 δεῖ
448 471 495 498 ἐπὶ
512 469 559 498 τοῦ
584 469 700 504 ἐδάφους
718 467 838 503 σταυροῦ
862 466 949 494 τύπον

163 518 397 551 κατασκευάζειν·
417 517 475 545 ἀλλ’
495 517 519 543 εί
532 517 579 543 καὶ
599 514 738 552 εὑρεθείη,
758 513 839 541 παντὶ
857 513 950 549 τρόπῳ

163 563 343 598 ἀφανίζεσθαι
355 563 452 590 τοῦτον
462 583 470 596 ,
486 561 664 598 ἀφορίζονται
679 561 734 596 γὰρ
756 561 781 586 οῖ
800 558 880 586 τοῦτο
898 566 949 585 κα-

165 609 349 644 ταδεχόμενοι.

202 654 300 683 Κανὼν
314 658 353 690 of
366 654 474 683 συνόδου
490 653 527 686 ς’.

202 700 259 733 κς’.
274 700 336 727 Ὀτι
358 700 389 727 οὐ
405 699 445 726 δεῖ
467 699 532 730 τοὺς
558 697 671 728 πιστοὺς
695 697 749 733 πρὸ
765 697 815 731 τῆς
840 695 952 731 ἐαρινῆς

169 748 316 783 ἰσημερίας
329 748 359 773 τὸ
372 746 468 781 Πάσχα
484 745 627 772 ἐπιτελεῖν.
638 745 669 771 Οἱ
679 744 733 778 γὰρ
749 742 827 769 τοῦτο
842 741 952 769 ποιοῦν-

166 803 222 826 τες,
246 794 272 820 εί
291 793 340 828 μὲν
356 793 500 829 ίερωμένοι
519 793 583 824 εἰσὶ,
613 789 820 826 καθαιροῦνται,
835 787 881 815 καὶ
895 787 953 813 ἀτι-

169 839 320 875 μάζονται·
338 840 362 866 εί
374 839 402 865 δὲ
427 839 517 865 λαῖκοὶ
533 837 724 873 ἀφορίζονται,
747 835 795 863 καὶ
818 834 869 870 τῆς
889 834 953 860 Ἐκ-

169 886 285 920 κλησίας
301 885 491 913 ἐκϐάλλονται.

203 932 265 959 Τῶν
280 931 366 964 ἀγίων
379 930 536 958 ἀποστόλων
552 929 642 956 κανὼν
660 928 692 960 ζ’.

205 978 320 1004 Συνόδου
344 976 512 1011 ’Λντιοχείας
526 975 617 1003 κανὼν
635 974 670 1002 α’.

205 1023 321 1049 Συνόδου
342 1022 523 1058 Καροαγένης
536 1021 628 1048 κανὼν
641 1019 690 1053 λδ¹,
710 1019 750 1046 να¹
762 1017 811 1046 καὶ
822 1021 872 1052 ογ’.

207 1068 259 1101 κζ’.
276 1070 335 1096 ’Ὁτι
349 1069 379 1095 οὺ
395 1069 435 1095 δεῖ
446 1077 505 1095 τινα
518 1068 572 1094 τῶν
591 1066 694 1094 πιστῶν
707 1067 740 1101 τῇ
757 1064 888 1099 ἐπαύριον
908 1062 958 1098 τῆς

174 1115 293 1151 Χριστοῦ
307 1115 462 1151 Γεννήσεως
483 1114 625 1149 Ἐπιλόχια
639 1114 672 1148 τῇ
692 1111 813 1146 παναγίᾳ.
835 1109 959 1143 Θεοτόκῳ

174 1162 309 1189 ἐπιτελεῖν
319 1169 328 1177 ⁸
340 1161 484 1196 ἀλόχευτον
500 1161 554 1195 γὰρ
563 1160 608 1186 τὸν
622 1160 652 1186 ἐκ
668 1160 717 1194 τῆς
733 1157 873 1192 Παρθένου
887 1155 960 1182 θεῖον

173 1208 254 1234 τόκον
263 1206 459 1243 ὁμολογοῦμεν.
475 1205 503 1232 '0
517 1206 546 1232 δὲ
560 1204 639 1232 τοῦτο
652 1204 749 1236 ποιῶν,
766 1203 789 1229 εί
811 1201 861 1237 μὲν
879 1202 960 1235 ἱερω-

177 1254 259 1289 μένος
284 1252 364 1286 ἐστὶ,
391 1252 582 1288 καθαιρεῖται·
609 1251 632 1276 εί
658 1250 686 1276 δὲ
712 1248 805 1280 λαῖκδς
834 1246 962 1282 ἀφορίζει

174 1308 231 1327 ται.

211 1345 326 1372 Συνόδου
344 1347 371 1377 ς’
385 1343 475 1371 κανὼν
488 1343 537 1370 00'.

211 1395 267 1427 κη’.
285 1391 349 1418 Ὀτι
377 1391 418 1418 δεῖ
447 1389 668 1425 ἐγκρατεύεσθαι
690 1386 887 1424 πρεσὸύτερον,
913 1384 962 1412 καὶ

175 1438 313 1470 διάκονον,
326 1438 375 1464 καὶ
390 1437 569 1464 ὑποδιάκονον
585 1435 640 1463 ἀπὸ
654 1434 709 1462 τῶν
729 1433 805 1461 ἰδίων
824 1430 962 1467 γυναικῶν

177 1485 208 1510 ἔν
221 1485 283 1515 ταῖς
295 1484 416 1519 ἡμέραις
427 1483 481 1509 τῶν
498 1480 677 1516 λειτουργιῶν
693 1479 784 1507 αὐτῶν
794 1487 800 1494 ·
816 1478 842 1504 οί
857 1477 911 1513 γὰρ
925 1476 963 1513 μὴ

177 1530 251 1557 οὕτω
275 1529 429 1563 ποιοῦντες,
456 1528 664 1564 καθαιροῦνται.
707 1526 778 1557 Τοὺς
804 1525 833 1551 δὲ
851 1523 964 1555 λοιποὺς

180 1576 330 1612 κληρικοὺς
347 1577 377 1603 ού
396 1576 450 1612 χρὴ
464 1574 671 1609 ἀναγκάζεσθαι
681 1573 724 1605 είς
737 1572 830 1599 τοῦτο.

215 1625 330 1652 Συνόδου
346 1624 527 1659 Καρῦαγένης
540 1622 630 1650 κανὼν
645 1621 682 1656 γ’,
693 1621 726 1655 δ’,
743 1623 782 1648 κε’
797 1619 845 1646 καὶ
859 1618 891 1652 ξ’.

218 1671 334 1698 Συνόδου
348 1674 375 1703 ς’
388 1670 479 1697 κανὼν
496 1668 540 1704 ιγ’.

218 1716 271 1744 κο’.
290 1717 352 1743 Ὀτι
367 1717 396 1743 οὺ
416 1715 457 1742 δεῖ
478 1716 507 1742 ὲν
531 1712 657 1750 κυριακῷ
681 1713 787 1744 πόλεως
800 1709 965 1746 ἐπιχωρίους

180 1762 388 1798 πρεσϐυτέρους
401 1761 580 1796 προσφέρειν.

217 1809 333 1835 Συνόόου
347 1807 565 1842 Νεοκαισαρείας
582 1807 675 1833 κανὼν
691 1804 736 1839 ιγ’.

217 1855 252 1882 λ’.
269 1854 373 1881 Ὅτιοῦ
390 1854 431 1881 δεῖ
447 1853 630 1888 καταφρονεῖν
643 1850 699 1878 τῶν
720 1851 751 1877 ὲκ
766 1849 885 1880 πίστεως
897 1847 966 1882 ἀγά-

182 1909 238 1933 πας
252 1900 413 1932 ποιούντων,
434 1899 481 1926 καὶ
507 1894 718 1932 συγκαλούντων
732 1896 796 1927 τοὺς
812 1894 946 1929 ἀδελφούς
959 1901 966 1909 ·

186 1948 226 1983 μὴ
244 1949 333 1974 ποιεῖν
348 1948 376 1974 δὲ
386 1946 489 1978 ταύτας
505 1946 534 1972 ὲν
548 1943 690 1979 ἐκκλησίᾳ,
707 1943 768 1970 ἐπεὶ
780 1942 967 1976 ἀφορίζονται·

186 1995 257 2029 μήτε
274 1994 302 2020 δὲ
320 1993 409 2028 αῖρειν
428 1992 500 2027 μέρη
516 1992 545 2018 ὲν
559 1991 655 2022 αὑταῖς
670 1997 676 2005 ·
691 1988 739 2016 καὶ
753 1989 794 2015 δτι
814 1987 840 2014 οί
860 1987 970 2021 ἐξευτε-

183 2039 306 2072 λίζοντες
322 2039 435 2070 ταύτας,
447 2037 493 2064 καὶ
508 2037 545 2072 μὴ
560 2034 752 2066 κοινωνοῦντες
765 2034 825 2066 ταῖς
843 2033 970 2068 κλήσεσιν

186 2085 353 2122 [κλάσεσιν],
370 2083 628 2119 ἀναθεματίζονται.

225 2174 340 2201 Συνόδου
357 2173 491 2208 Γαγγρῶν
506 2170 598 2198 κανὼν
609 2169 655 2198 ια’.

224 2220 336 2246 Συνόδου
351 2218 511 2248 Λαοδικείας
527 2215 619 2243 κανὼν
634 2213 687 2248 κζ’,
700 2212 722 2241 ν’
735 2214 781 2241 καὶ
795 2212 848 2240 xn’.

229 2266 343 2293 Συνόδου
360 2264 543 2300 Καροαγένης
562 2262 619 2298 με’.

223 2312 338 2339 Συνόεου
355 2315 381 2343 ς’
397 2310 487 2336 κανὼν
501 2308 548 2336 οδ’.

223 2358 275 2384 λα’.
296 2358 358 2383 Ὀτι
384 2357 424 2382 δεῖ
445 2356 509 2386 τοὺς
535 2355 568 2389 τῇ
592 2352 727 2388 ἐκκλησίᾳ
747 2350 974 2387 προσφεύγοντας

189 2405 351 2440 ἐλευθέρους
361 2404 507 2438 τυγχάνειν
521 2410 528 2417 ·
541 2400 711 2436 αἰτουμένων
723 2396 787 2434 περὶ
803 2398 908 2426 τούτων
920 2397 975 2423 τῶν

189 2453 240 2487 τῆς
255 2451 403 2485 ἐκκλησίας
415 2448 584 2484 προσφύγων
598 2447 645 2473 καὶ
656 2445 833 2482 προεστῶτας
843 2445 974 2479 Χριστια-

190 2496 357 2527 νικωτάτους
373 2495 502 2529 βασιλεῖς.

228 2541 342 2568 Συνόδου
360 2541 542 2576 Καρθαγένης
557 2539 648 2566 κανὼν
662 2537 708 2571 ξδ’,
728 2538 780 2564 κδ’.

226 2587 278 2614 λϐ.
295 2587 359 2613 Ὅτι
372 2586 402 2613 οὐ
419 2587 461 2613 δεῖ
482 2586 620 2613 διδάσκειν
639 2584 735 2612 λαῖκδν
751 2583 871 2619 δημοσία
883 2603 890 2615 ,
914 2581 976 2609 ἐπεὶ

192 2632 355 2668 ἀφορίζεται
380 2632 489 2668 ἡμέρας
510 2631 696 2666 τεσιράκοντα
717 2637 724 2644 '
743 2628 805 2656 οὔτε
831 2628 860 2655 δὲ
886 2627 977 2655 λαλεῖν

192 2680 312 2712 γυναῖκα
328 2680 357 2706 ὲν
372 2678 508 2713 ἐκκλησίᾳ
524 2685 531 2692 “
545 2677 606 2704 οὐδὲ
624 2676 837 2711 προσκαθῆσθαι
853 2675 882 2702 ὲν
895 2675 976 2709 αὐτῇ·

193 2724 261 2751 οὔτε
284 2726 321 2757 είς
347 2726 427 2759 ἅγιον
453 2724 649 2760 θυσιαστήριον
667 2722 811 2754 εἰσελθεῖν,
836 2721 914 2752 ἐκτὸς
930 2720 976 2748 τοῦ

196 2768 329 2804 βασιλέως
353 2769 496 2804 μέλλοντος
520 2767 657 2802 προτάξαι
679 2766 754 2802 δῶρα
772 2764 851 2801 Θεῷ·
866 2764 927 2792 οὔτε
949 2765 977 2792 δὲ

194 2817 270 2848 λιτὰς
285 2817 378 2850 ἔξεστι
396 2817 483 2841 ποιεῖν
499 2815 616 2846 λαῖκοῖς.

231 2862 345 2888 Συνόδου
361 2861 523 2892 Λαοδικείας
542 2859 634 2887 κανὼν
653 2858 698 2892 ια’,
714 2858 765 2894 μδ’.

233 2906 349 2934 Συνὸδου
365 2909 392 2939 ς’
410 2906 503 2934 κανὼν
517 2906 564 2940 ξδ’,
583 2905 619 2938 60'
634 2907 680 2933 καὶ
693 2903 725 2932 0'.

1003 283 1136 317 imagines
1158 285 1322 316 oppugnant,
1347 281 1370 309 si
1398 281 1504 316 quidem
1535 281 1620 308 sacris
1648 285 1785 315 operetur,

1003 330 1154 362 deponatur
1169 338 1176 355 :
1194 328 1216 355 si
1230 335 1294 356 vero
1308 328 1391 355 laicus
1404 329 1449 361 sit,
1466 332 1633 363 segregetur.

1040 374 1141 410 Synodl
1153 373 1186 401 Vl
1203 382 1287 401 canon
1302 374 1346 401 8‘2.

1039 421 1140 456 Synodi
1152 420 1198 448 Vll
1211 428 1296 448 canon
1313 421 1341 453 7,
1356 421 1382 448 9.

1037 468 1082 495 25.
1099 467 1193 495 Crucis
1208 467 1319 502 ﬁguram
1341 474 1422 500 super
1441 465 1527 493 solum
1555 472 1606 492 non
1631 470 1691 491 esse
1711 462 1788 492 enim

1004 514 1129 550 gendam,
1147 521 1240 541 verum
1258 519 1285 541 et
1307 514 1329 541 si
1350 513 1509 547 reperiatur.
1522 512 1595 540 omni
1608 510 1687 539 modo
1702 511 1787 545 ipsam

1004 566 1064 586 esse
1079 557 1240 586 abolendam
1259 566 1266 585 :
1283 559 1329 593 qui
1344 558 1415 585 cnim
1428 557 1480 584 hoc
1507 556 1652 591 recipiunt.
1680 562 1789 583 excern-

1007 605 1186 632 mnnicantur.

1042 651 1142 687 Synodi
1156 650 1189 678 Vl
1206 659 1291 678 canon
1303 651 1349 678 73.

1043 697 1088 724 ‘26.
1104 697 1162 724 Non
1177 702 1303 731 oportere
1333 697 1424 724 ﬁdeles
1444 701 1506 724 ante
1529 703 1640 724 vernum
1669 694 1789 730 πριιιιίηο-

1007 744 1088 771 ctium
1104 744 1206 771 Pascha
1222 743 1359 771 celebrare
1386 750 1393 769 :
1410 743 1455 778 qui
1472 743 1542 770 enim
1564 743 1615 769 hoc
1631 741 1742 772 faciunt,
1768 741 1790 766 si

1008 789 1114 823 quidem
1131 790 1217 818 sacris
1227 790 1325 817 addicti
1342 790 1404 822 sint,
1422 790 1604 824 deponuntur,
1638 795 1669 815 ac
1699 786 1791 821 digni-

1010 840 1064 863 tate
1078 836 1219 870 privantur
1234 845 1241 863 :
1259 835 1281 862 si
1304 843 1370 864 vero
1394 835 1464 867 laici,
1497 838 1683 870 segregantur,
1711 837 1791 866 atque

1009 880 1122 908 ecclesia
1133 880 1288 915 eliciuntur.

972 920 995 948 Β
1045 925 1206 953 Sanctorum
1222 925 1405 960 apostolorum
1419 932 1506 952 canon
1526 925 1554 952 7.

1043 971 1145 1007 Synodi
1159 971 1334 999 Antiochense
1350 978 1436 998 canon
1451 971 1477 998 i.

1043 1017 1144 1053 Synodi
1160 1016 1391 1052 Carthaginiensis
1405 1023 1492 1043 canon
1508 1015 1554 1047 54,
1569 1014 1601 1042 5i
1619 1018 1646 1041 et
1662 1013 1706 1041 73.

1041 1062 1087 1090 27.
1100 1061 1156 1089 Non
1173 1066 1298 1096 oportere
1324 1068 1489 1095 quamquam
1521 1059 1638 1087 ﬁdelium
1664 1058 1793 1093 postridie

1008 1108 1112 1137 Christi
1131 1107 1286 1136 Nativitatis
1296 1106 1516 1134 Purillcationem
1534 1105 1716 1134 sanctissimae
1732 1104 1794 1131 Dei-

1009 1161 1080 1190 parm
1108 1154 1256 1182 celebrare.
1288 1153 1411 1180 Divinum
1439 1152 1513 1179 enim
1540 1151 1661 1186 Virginis
1687 1155 1793 1185 partum

1010 1203 1249 1235 purgamentorum
1266 1203 1404 1233 expertem
1429 1197 1600 1224 conﬁtemur.
1630 1196 1680 1229 Qui
1705 1200 1794 1222 autem

1010 1245 1060 1272 hoc
1075 1244 1150 1275 facit.
1162 1244 1294 1279 siquidem
1309 1250 1388 1270 sacro
1406 1249 1518 1270 munere
1540 1241 1680 1276 fungatur.
1710 1241 1796 1275 depo-

1012 1291 1103 1324 nitur;
1122 1289 1207 1317 laicus
1222 1296 1286 1317 vero
1301 1293 1471 1324 segregatum

1052 1334 1154 1370 Synodi
1168 1333 1203 1362 VI
1215 1340 1302 1361 canon
1318 1332 1362 1360 79.

1046 1381 1092 1409 28.
1108 1381 1238 1415 Oportere
1266 1379 1462 1415 presbyterum.
1504 1378 1647 1406 diaconum
1676 1380 1705 1404 et
1732 1376 1796 1403 sub-

1014 1428 1157 1456 diaconum
1171 1427 1204 1454 iis
1221 1425 1317 1453 diebus
1329 1425 1428 1460 quibus
1448 1423 1543 1452 oﬂiciis
1560 1423 1618 1452 suis
1637 1422 1796 1457 funguntur.

1013 1473 1047 1502 ab
1062 1473 1193 1501 uxoribus
1216 1473 1273 1500 suis
1295 1479 1326 1500 se
1340 1471 1481 1499 continere
1498 1479 1505 1497 :
1521 1469 1568 1506 qui
1585 1469 1657 1497 enim
1683 1475 1735 1496 non
1759 1468 1795 1494 ita

1015 1519 1129 1552 faciunt,
1146 1518 1322 1554 dejiciuntur.
1345 1516 1443 1545 Caneri
1458 1523 1523 1544 vero
1546 1514 1639 1543 clerici
1661 1521 1715 1541 non
1736 1516 1799 1541 sunt

976 1577 999 1608 ο
1017 1565 1050 1594 ad
1063 1566 1114 1593 hoc
1128 1564 1250 1599 cogendi.

1053 1611 1154 1647 Synodi
1173 1610 1407 1646 Carthaginiensis
1422 1616 1508 1637 canon
1518 1609 1545 1641 ὅ,
1561 1608 1588 1641 4,
1601 1607 1638 1635 τε
1652 1610 1678 1635 et
1691 1605 1736 1634 60.

1051 1658 1154 1694 Synodi
1171 1657 1205 1685 Vl
1221 1665 1307 1685 canon
1318 1657 1362 1684 l3.

1051 1705 1096 1732 29.
1112 1704 1170 1732 Non
1191 1708 1317 1738 oportere
1345 1702 1415 1730 ruris
1439 1701 1612 1736 presbyteros
1635 1701 1661 1727 in
1684 1700 1799 1728 ecclesia

1018 1751 1135 1779 civitatis
1149 1750 1256 1778 otl'erre.

1055 1796 1155 1831 Synodi
1171 1793 1396 1822 Neocaesariensis
1407 1799 1493 1820 canon
1506 1791 1552 1818 15.

1053 1841 1098 1869 50.
1115 1841 1174 1869 Non
1189 1848 1249 1868 esse
1267 1839 1483 1867 contemnendos
1495 1844 1542 1866 eos
1557 1837 1602 1872 qui
1617 1844 1650 1864 ex
1667 1836 1718 1863 nde
1740 1843 1802 1869 aga-

1019 1895 1067 1924 pas
1099 1887 1202 1917 faciunt
1231 1890 1259 1913 et
1288 1885 1386 1914 fratres
1417 1887 1576 1914 convocant.
1606 1890 1652 1910 eas
1680 1889 1744 1909 vero
1775 1881 1802 1907 in

1020 1933 1133 1961 ecclesia
1149 1940 1202 1960 non
1232 1938 1292 1959 csse
1315 1929 1470 1963 faciendas;
1495 1936 1557 1955 nam
1580 1927 1625 1961 qui
1654 1933 1732 1954 scens
1765 1925 1802 1951 [σε

1021 1979 1106 2011 ciunt,
1116 1977 1387 2006 excommunicantur
1397 1985 1404 2009 ;
1415 1982 1501 2010 neque
1511 1980 1577 2002 vero
1587 1977 1678 2007 partes
1695 1973 1723 2001 in
1739 1971 1804 2006 ipsis

1020 2033 1080 2054 esse
1091 2024 1233 2052 tollendas.
1249 2022 1299 2056 Qui
1317 2027 1407 2051 autem
1429 2022 1499 2057 ipsas
1512 2020 1703 2056 parvit'aciunt,
1721 2026 1805 2053 neque

1022 2069 1208 2098 vomitionibus
1236 2069 1277 2104 (F.
1300 2068 1484 2102 tractionibns)
1504 2067 1716 2096 communicant.
1742 2073 1808 2091 aua—

1023 2116 1141 2143 thcntatc
1157 2115 1355 2149 percutiuntur.

1060 2161 1161 2197 Synodi
1172 2160 1339 2195 Gangrensis
1351 2167 1436 2187 canon
1453 2159 1495 2186 ll.

1060 2207 1160 2242 Synodi
1176 2207 1337 2234 LruodiCenae
1352 2213 1438 2233 canon
1456 2205 1503 2237 27,
1521 2204 1555 2232 50
1568 2209 1595 2232 et
1608 2205 1652 2232 28.

989 2248 1010 2276 Ι)
1061 2252 1160 2287 Synmli
1175 2252 1380 2287 Carthagincns.
1403 2258 1489 2279 canon
1512 2250 1556 2277 42,

1062 2298 1160 2333 Synndi
1179 2297 1210 2324 Ἠ
1222 2305 1307 2324 canon
1321 2297 1365 2324 74.

1062 2351 1106 2378 51.
1123 2351 1256 2385 Oportere
1285 2357 1331 2376 eos
1357 2350 1402 2383 qui
1420 2349 1452 2376 ad
1480 2349 1624 2376 ecclesiam
1651 2347 1808 2380 confugiunt

1025 2397 1125 2425 liberos
1153 2404 1213 2424 esse
1235 2403 1318 2422 :cnm
1342 2396 1460 2429 ipsorum
1490 2395 1612 2423 ecclesia
1635 2393 1807 2428 perfugarum

1027 2442 1077 2477 ipsi
1092 2442 1172 2469 etiam
1190 2441 1413 2468 ChristianiSSimi
1442 2441 1620 2475 imperatores
1649 2438 1704 2465 sint
1719 2442 1809 2472 prote-

1027 2493 1126 2515 ClOl‘OS.

1061 2532 1158 2568 Synmli
1173 2532 1349 2567 Carthngcua:
1366 2539 1451 2558 canon
1466 2530 1500 2556 64
1510 2534 1537 2557 et.
1553 2529 1598 2556 8L

1064 2578 1108 2606 52.
1128 2577 1185 2605 Non
1202 2583 1328 2613 oportere
1351 2577 1446 2604 laicnm
1464 2584 1467 2588 λ
1483 2575 1587 2609 publice
1611 2575 1720 2606 docere,
1742 2573 1810 2600 alio-

1029 2624 1073 2658 qui
1099 2623 1349 2651 excommunicatur
1372 2621 1466 2648 diebus
1497 2619 1695 2654 quadraginta;
1723 2626 1810 2653 neque

1029 2677 1095 2697 vero
1109 2669 1249 2696 mulierem
1270 2668 1295 2694 in
1313 2666 1426 2694 ecclesia
1448 2665 1533 2699 loqui,
1560 2672 1647 2700 neque
1665 2664 1810 2700 praesidere

1029 2715 1057 2743 in
1073 2722 1122 2748 ea;
1140 2722 1229 2749 neque
1247 2714 1279 2740 ad
1300 2717 1421 2739 sanctum
1448 2712 1535 2739 altare
1554 2712 1694 2744 accedere.
1715 2716 1811 2746 praeter

1030 2762 1222 2796 imperatorem
1241 2766 1352 2786 munera
1371 2758 1425 2785 Deo
1435 2758 1602 2786 oblaturum.
1620 2758 1711 2794 Neque
1727 2758 1808 2785 etiam

1029 2807 1107 2835 laicis
1117 2806 1180 2834 licet
1194 2812 1287 2840 preces
1301 2804 1400 2831 facere.

1066 2853 1166 2889 Synodi
1182 2852 1339 2879 Laodicemc
1354 2859 1441 2878 canon
1460 2851 1502 2883 11,
1519 2851 1564 2878 Η.

1066 2899 1167 2934 Synodi
1180 2897 1214 2926 Vl
1228 2906 1313 2927 canon
1330 2897 1374 2933 65,
1387 2897 1421 2925 (i9
1436 2902 1462 2924 et
1476 2897 1522 2925 70.
