1929 3076
116 87 151 118 23
758 89 916 119 ARSENII
937 89 1109 119 MONACHI
1706 93 1739 124 24

116 151 168 170 non
199 148 330 176 receptos,
364 143 431 170 citra
461 150 536 169 suam
567 133 685 178 culpam,
704 143 835 177 dignitate
853 151 900 170 sua

973 145 1000 170 αἶ
1016 144 1054 180 μὴ
1069 144 1214 179 δεχοὲντας
1230 145 1282 172 ὑπὸ
1296 146 1345 180 τῆς
1365 146 1433 179 ἰδίας
1452 148 1609 182 παροικίας,
1620 148 1650 173 οὗ
1663 149 1739 183 παρᾶ

116 190 242 221 gmnlrre,
271 197 303 216 ac
328 197 427 216 munus
452 196 528 216 suum
549 189 643 221 ohire,
670 189 757 216 donec
782 189 902 223 perfecta

117 235 237 270 synodus
253 237 285 262 de
301 235 366 269 ipsis
384 234 527 267 statuerit;
546 234 648 261 elerum
675 240 741 261 vero
762 233 820 268 ejus
843 241 903 268 quae

117 289 170 308 non
185 281 315 316 receperit
330 281 455 315 parmciae
472 279 716 307 exeummnnicari.

154 371 314 399 Sam-torum
335 371 517 404 apostolorum
533 377 620 397 canon
636 369 680 397 36.

154 417 254 453 Synodi
271 417 446 444 Antiovhenm
461 424 547 444 canon
563 416 606 444 18.

154 464 198 491 44.
216 463 346 498 Oportere
370 463 450 489 etiam
477 470 509 489 ex
527 461 668 494 feunuchis
687 462 714 489 in
735 461 808 488 omni
828 468 906 488 sacro

118 511 203 546 gradu
230 511 368 541 ordinari,
393 511 414 537 si
449 510 548 545 alioqui
576 510 649 544 digni
686 509 760 540 sint,
798 514 845 536 aut
872 516 905 536 ex

121 559 259 585 hominum
274 558 371 591 injuria
388 557 427 584 vel
448 557 543 584 morbo
571 557 660 583 virilia
685 555 836 587 amiserint,
863 554 906 582 vel

121 606 143 632 si
163 606 233 632 forte
252 606 290 631 sic
306 604 359 630 uati
376 604 438 631 sint.
454 602 482 630 Si
495 603 554 637 quis
578 606 667 629 autem
684 602 792 636 propria
810 601 907 628 volun-

122 657 177 679 tate
202 655 326 678 exsertus
339 650 428 681 fuerit,
447 650 471 676 in
490 650 592 676 elerum
615 656 727 683 prorsus
743 655 795 675 non
814 648 908 674 admit»

122 698 198 729 titur,
231 702 259 724 ut
281 697 325 730 qui
354 696 402 723 sibi
425 697 483 730 ipse
503 703 599 723 manus
617 695 751 722 violentas
774 694 906 721 attulerit.

122 744 191 778 Qum
209 744 289 770 etiam
309 743 352 778 qui
380 749 462 770 sanos
488 747 621 774 castraut,
656 741 797 768 homicida:
824 743 905 767 sunt:

122 794 203 822 atque
219 789 328 819 idcirco,
353 787 374 815 si
394 787 502 822 quidem
517 787 602 814 sacris
621 785 717 813 initiati
735 785 799 818 sint,
826 785 908 820 depo-

123 841 240 869 nuntur;
254 835 275 862 sl
294 842 358 862 vero
370 834 441 867 laici,
458 837 632 869 segregantur
643 840 690 867 per
707 838 760 859 tres
775 839 871 860 annos.

160 925 320 952 Sanctorum
334 924 516 958 apostolorum
530 931 617 950 canon
630 921 675 955 2!,
688 921 724 948 9.2
737 926 764 949 et
775 922 824 949 23.

160 970 262 1005 Synodi
282 969 397 996 Nicmnte
412 976 498 996 canon
512 969 536 995 Ι.

161 1015 262 1052 Synodi
279 1017 304 1044 in
321 1015 421 1050 templo
442 1016 606 1042 Sanctorum
623 1014 813 1048 Apostolorum
841 1022 911 1042 etne.

124 1063 210 1090 breue
225 1062 254 1089 8.

161 1109 205 1136 45.
221 1109 291 1136 Eum
317 1109 361 1144 qui
390 1109 486 1143 dignus
518 1109 554 1137 sit
581 1109 612 1135 ad
641 1107 824 1141 episcopatum
851 1112 911 1133 esse

129 1155 352 1189 promovendum,
371 1155 433 1182 licet
449 1155 535 1182 altero
556 1154 635 1182 oculo
652 1153 687 1180 sit
716 1153 847 1187 privatus,
868 1151 909 1177 vel

127 1208 208 1228 crure
219 1201 329 1234 debilis;
348 1202 370 1229 si
383 1209 447 1229 vero
467 1201 564 1229 surdus
577 1201 613 1228 sit
627 1205 673 1227 aut
685 1207 773 1227 caecus
785 1199 908 1231 omnino,

129 1254 181 1274 non
194 1252 235 1274 est
251 1247 460 1282 promovendus.

164 1293 325 1322 Sanctorum
341 1295 520 1329 apostolorum
535 1301 622 1322 canon
633 1293 666 1320 27
683 1297 710 1320 et
722 1293 767 1320 78.

165 1337 210 1365 ιδ.
226 1338 283 1366 Non
307 1343 431 1373 oportere
448 1345 541 1366 Servos
566 1339 599 1365 ad
620 1337 720 1364 clerum
745 1335 910 1371 promoveri,

131 1389 178 1412 aut
204 1385 352 1413 monachos
370 1385 439 1417 ﬁeri,
468 1385 521 1412 nisi
551 1384 675 1411 libertate
701 1381 792 1409 donati
818 1381 873 1407 sint
897 1387 911 1405 a

130 1431 247 1459 dominis
261 1431 317 1459 suis
333 1439 422 1459 coram
440 1430 525 1458 tribus
552 1429 676 1462 testibus,
705 1431 751 1454 aut
766 1426 912 1453 triennium

954 190 1005 224 τὴν
1030 190 1136 216 ἑαυτῶν
1163 191 1272 223 αίτίαν,
1297 193 1421 226 μετέχειν
1437 193 1485 227 τῆς
1505 193 1597 228 τιμῆς,
1625 193 1741 227 καὶτῆς

955 235 1139 271 λειτουργίας,
1166 236 1219 268 ἕως
1245 238 1278 264 ἂν
1302 238 1317 272 ἡ
1339 238 1430 264 τελεία
1453 239 1560 270 σύνοδος
1577 239 1656 274 ὁρίσῃ
1675 239 1740 274 περὶ

956 282 1056 309 αὐτῶν·
1074 283 1119 310 τὸν
1135 283 1164 310 δὲ
1180 284 1280 320 κλῆρον
1298 285 1348 320 τῆς
1365 285 1402 321 μὴ
1418 284 1569 320 δεξαμένης
1590 286 1739 321 παροικίας

956 329 1147 364 ἀφορισθῆναι.

992 376 1052 402 Τῶν
1067 377 1153 410 ἁγίων
1169 377 1327 406 ἀποστόλων
1345 376 1435 404 κανὼν
1455 376 1511 409 λς’.

992 421 1108 450 Συνόδου
1130 423 1299 458 ’Δντιοχείας
1312 422 1404 450 κανὼν
1421 426 1466 458 ιη’.

994 468 1047 502 μδ’.
1067 468 1129 495 Ὀτι
1153 469 1193 495 δεῖ
1213 469 1261 495 καὶ
1282 469 1312 501 ὲξ
1335 469 1469 503 εὐνούχων
1485 467 1694 504 χειροτονεισθαι
1713 468 1742 494 ἐν

958 515 1041 541 παντὶ
1055 514 1185 550 ίερατικῷ
1201 515 1306 550 βαομῷ,
1320 515 1367 542 ἐὰν
1383 515 1469 546 ἄλλως
1486 514 1555 548 ἄξιοί
1570 515 1656 545 είσιν,
1667 513 1683 548 ἢ
1696 513 1743 540 καὶ

958 559 987 592 ὲξ
1005 560 1140 595 ἐπηρείας
1155 560 1319 595 ἀνθρώπων,
1334 561 1350 596 ἥ
1368 561 1572 596 προσπεσόντος
1589 561 1743 596 νοσήματος

959 606 1137 643 ἀφῃρέθησαν
1151 607 1184 632 τὰ
1203 607 1309 641 ἀνδρῶν
1322 615 1327 622 ·
1341 607 1357 642 ἢ
1383 608 1430 633 ἐὰν
1451 607 1537 639 οὕτως
1554 607 1619 638 ἴσως
1636 607 1743 640 ἐγεννή-

960 653 1057 688 θησαν.
1096 652 1128 679 El
1156 653 1185 679 δὲ
1204 653 1292 687 οἰκείᾳ
1316 653 1414 688 γνώμῃ
1439 652 1602 687 εὐνουχισοῇ
1633 661 1684 684 τις,
1705 652 1745 682 είς

959 699 1061 734 κλῆρον
1077 698 1145 730 ὅλως
1165 699 1214 724 οὐκ
1234 698 1356 734 ἔρχεται,
1382 698 1419 729 (Lg
1443 697 1642 731 αὑτοφονευτὴς
1667 704 1746 730 γεγο-

960 745 1025 776 νώς.
1043 744 1125 772 Ἀλλὰ
1153 744 1200 771 καὶ
1224 745 1247 770 οἰ
1268 743 1472 778 εὐνουχίζοντες
1504 743 1677 776 ὑγιαίνοντας
1701 751 1747 776 φε-

961 791 1055 818 νευταί
1071 792 1125 817 εἱσι
1140 799 1146 806 '
1163 791 1210 818 καὶ
1224 790 1268 817 διὰ
1283 790 1373 822 τοῦτο,
1390 791 1414 815 εἱ
1438 789 1488 824 μὲν
1517 788 1660 822 ίερωμὲνοι
1682 787 1744 818 εἰσὶ,

963 837 1161 873 καθαιροῦνται
1180 845 1186 851 ·
1208 837 1232 863 εί
1257 837 1285 863 δὲ
1313 836 1420 869 λαῖκοὶ,
1447 835 1624 870 ἀφορίζονται
1651 834 1696 860 ἐπὶ
1722 837 1747 868 γ’

963 884 1021 919 ἐτη.

1000 929 1061 956 Τῶν
1076 930 1163 963 ἁγίων
1177 928 1337 956 ἀποστόλων
1353 927 1443 954 κανὼν
1459 927 1510 960 καί,
1526 926 1571 962 κβ¹
1584 927 1631 954 καὶ
1647 929 1699 960 κγ’.

1000 975 1115 1002 Συνόδου
1133 974 1252 1005 Νικαίας
1269 973 1360 1001 κανὼν
1377 977 1411 1000 α’.

1000 1021 1113 1048 Συνόδου
1131 1022 1160 1047 ὲν
1173 1020 1212 1055 τῷ
1225 1020 1281 1055 ναῷ
1295 1019 1348 1046 τῶν
1367 1019 1467 1055 Ἀγίων
1488 1018 1658 1046 Ἀποστόλων
1674 1021 1710 1054 η’.

1004 1115 1054 1147 με’.
1073 1111 1135 1138 ’Ότι
1149 1111 1190 1138 δεῖ
1199 1110 1243 1137 τὸν
1258 1109 1332 1143 ἄξιον
1347 1107 1569 1144 προάγεσθαίείς
1582 1107 1746 1139 ἐπίσκοπον,

966 1159 1019 1195 κᾶν
1032 1157 1173 1192 ἀνάπηρος
1219 1157 1263 1182 τὸν
1280 1155 1433 1190 ὀφθαλμόν,
1451 1155 1466 1189 ἢ
1483 1154 1512 1180 τὸ
1531 1154 1624 1185 σκέλος
1645 1152 1749 1186 πεπλη-

966 1205 1065 1239 γμένος
1077 1212 1083 1219 ·
1100 1203 1123 1229 εί
1138 1203 1167 1229 δὲ
1178 1201 1270 1236 κωφὸς
1301 1202 1343 1237 είή
1360 1201 1376 1237 ἢ
1406 1200 1506 1234 τυφλὸς
1526 1199 1626 1234 πάντη,
1653 1198 1690 1234 μὴ
1707 1197 1758 1232 γί-.

966 1250 1068 1277 νεσΟαι.

1003 1296 1064 1323 Τῶν
1080 1294 1165 1328 ἁγίων
1180 1293 1337 1321 ἀποστόλων
1355 1291 1445 1319 κανὼν
1457 1290 1506 1324 κζ’
1520 1291 1567 1317 καὶ
1582 1288 1632 1324 οη’.

1004 1341 1062 1378 pg’.
1080 1341 1144 1367 ’Ότι
1161 1340 1190 1366 οὗ
1203 1340 1244 1365 δεῖ
1257 1339 1367 1370 οἰκέτας
1382 1339 1423 1369 είς
1445 1337 1544 1371 κλῆρον
1570 1334 1749 1370 προάγεσθαι,

966 1388 983 1424 ἢ
1003 1387 1137 1423 μοναχοὺς
1155 1386 1288 1420 γίνεσθαι,
1307 1386 1331 1412 εί
1366 1384 1403 1420 μὴ
1444 1382 1645 1417 ὲλευθερωθῶσι
1674 1381 1750 1415 παρᾶ

967 1434 1021 1460 τῶν
1039 1434 1113 1460 ἰδίων
1132 1432 1272 1459 δεσποτῶν
1288 1432 1335 1457 ἐπὶ
1350 1430 1426 1466 τρισὶ
1442 1430 1575 1464 μάρτυσιν
1588 1434 1595 1442 ·
1632 1426 1648 1462 ἢ
1682 1426 1750 1460 πλη-

130 1477 308 1512 expleverint,
328 1477 364 1504 ita
379 1482 408 1504 ut
431 1476 519 1504 nullus
535 1476 620 1511 possit
639 1482 686 1502 eos
703 1474 729 1500 in
754 1473 910 1500 servitutem

970 1479 1088 1516 ρώσουσι
1103 1478 1224 1514 τριετίαν
1244 1477 1358 1512 μηδενδς
1373 1476 1485 1506 τούτους
1498 1474 1574 1510 Hora.
1587 1470 1748 1507 δυναμένου]

130 1524 299 1560 pertrahere.
317 1523 366 1558 Qui
387 1527 476 1552 autem
498 1528 593 1552 contra
621 1522 678 1550 hmo
703 1520 775 1553 facit,
807 1525 915 1547 excom-

132 1571 309 1599 municationi
328 1571 480 1607 subjicitur.
496 1571 545 1604 Qui
561 1577 624 1597 vero
642 1569 737 1596 docent
761 1574 807 1595 eos
827 1565 917 1593 domi-

132 1626 181 1646 nos
202 1625 266 1646 suos
295 1624 479 1650 contemnere.
505 1623 586 1652 atque
614 1616 648 1643 ab
672 1622 765 1643 eorum
789 1613 916 1640 servitute

131 1665 273 1696 recedere.
292 1665 462 1693 anathemate
479 1664 622 1692 feriuntur.

168 1711 328 1739 Sanctorum
342 1710 525 1746 apostolorum
548 1716 634 1736 canon
649 1707 694 1734 82.

169 1756 270 1794 Synodi
285 1757 451 1792 Gangrensis
467 1763 552 1783 canon
569 1755 596 1782 5.

168 1804 269 1839 Synodi
289 1803 517 1832 Calchedonensis
532 1808 619 1828 canon
637 1801 663 1827 4.

169 1851 269 1886 Synodi
291 1850 325 1877 Vl
340 1857 425 1876 canon
441 1847 485 1876 85.

167 1897 202 1924 Et
213 1896 280 1931 legis
296 1900 375 1929 caput
389 1894 416 1927 8,
428 1894 462 1921 50
473 1897 499 1920 et
514 1893 559 1920 5|.

167 1943 212 1971 47.
229 1942 287 1969 Non
312 1945 437 1976 oportere
462 1940 616 1974 episcopum
636 1936 699 1962 nulli
723 1934 851 1962 Ecclesiae
868 1932 916 1960 ad-

133 1990 247 2022 dictum,
260 1992 400 2015 vacantem
427 1984 577 2013 Ecclesium
601 1983 738 2012 invadere,
769 1980 836 2007 citra
853 1979 915 2006 eo'n-

133 2042 241 2063 sensum
253 2032 400 2069 provincim
411 2030 607 2065 metropolitani
619 2033 699 2063 atque
710 2027 896 2061 episcoporum
908 2033 915 2051 :

134 2082 175 2109 sin
190 2089 264 2113 vero,
286 2081 318 2108 ab
330 2079 448 2107 Ecclesia
461 2077 579 2113 ejicitur.

170 2126 271 2162 Synodi
292 2125 465 2153 Antiochense
479 2129 563 2150 canon
580 2120 623 2148 16.

968 1527 1007 1558 εἰς
1020 1524 1142 1553 δουλείαν
1172 1524 1310 1551 ἕλκεσθαι.
1330 1523 1360 1550 ‘0
1388 1522 1415 1548 δὲ
1439 1521 1512 1556 παρὰ
1535 1519 1621 1548 ταῦτα
1653 1518 1750 1551 ποιῶν,

968 1573 1154 1609 ἁκοινωνησίᾳ
1167 1571 1417 1599 καθυποϐάλλεται.
1433 1569 1488 1596 Καὶ
1505 1568 1530 1594 οἱ
1543 1567 1713 1596 διδάσκοντες
1722 1565 1751 1591 δὲ

966 1619 1080 1649 τούτους
1107 1617 1163 1644 τῶν
1177 1617 1251 1643 ἰδίων
1267 1615 1369 1651 κυρίων
1394 1614 1588 1649 καταφρονεῖν,
1610 1611 1657 1638 καὶ
1687 1610 1750 1645 ἀφί-

968 1665 1083 1692 στασθαι
1100 1663 1150 1698 τῆς
1165 1662 1287 1693 δουλείας
1301 1661 1401 1692 αὐτῶν,
1419 1657 1672 1693 ἁναῦεματίζονται.

1003 1711 1065 1738 Τῶν
1078 1710 1165 1744 ἁγίων
1180 1708 1338 1737 ἀποστόλων
1354 1706 1445 1733 κανὼν
1460 1705 1515 1740 πβ’.

1004 1757 1119 1784 Συνόδου
1138 1755 1273 1789 Γαγγρῶν
1300 1752 1389 1780 κανὼν
1403 1755 1436 1786 γ’.

1007 1803 1123 1830 Συνόδου
1140 1802 1313 1837 Καλχηδόνος
1330 1798 1420 1826 κανὼν
1435 1798 1467 1825 δ’.

1004 1850 1117 1877 Συνόδου
1133 1848 1160 1882 ς’
1176 1847 1265 1875 κανὼν
1278 1845 1330 1873 πε’.

1003 1896 1060 1922 Καὶ
1075 1895 1187 1928 νομικὸν
1201 1893 1347 1926 κεφάλαιον
1364 1890 1399 1924 η’,
1427 1888 1447 1917 ν’
1464 1891 1511 1917 καὶ¹
1525 1892 1576 1916 vat'.

1007 1942 1062 1977 μζ’.
1079 1942 1142 1969 ’Ότι
1158 1941 1188 1967 οὑ
1203 1940 1243 1966 δεῖ
1261 1938 1426 1974 σχολάζοντα
1441 1937 1590 1964 ἐπίσκοπον
1604 1933 1751 1969 σχολάζου-

971 1997 1021 2015 σαν
1047 1985 1214 2021 Ἐκκλησίαν
1227 1984 1362 2020 ἁρπάζειν
1374 1983 1436 2018 δίχα
1457 1981 1573 2016 γνώμης
1601 1980 1648 2007 τοῦ
1681 1979 1751 2006 κατὰ

970 2033 1063 2069 χώραν
1079 2032 1294 2068 μητροπολίτου,
1309 2030 1356 2058 καὶ
1376 2029 1430 2056 τῶν
1460 2027 1618 2054 ἐπισκόπων
1631 2035 1638 2042 ·
1669 2027 1693 2052 εἰ
1724 2024 1752 2051 δὲ

971 2079 1021 2114 μὴ,
1040 2077 1195 2112 ἀπόΰλητος
1210 2077 1315 2110 γίνεται
1332 2076 1381 2110 τῆς
1400 2073 1576 2109 Ἑκκλησίας.

1010 2123 1123 2150 Συνόδου
1142 2123 1307 2157 Ἀντιοχείας
1317 2121 1407 2149 κανὼν
1425 2120 1471 2153 ις’.

170 2161 214 2200 ιε.
229 2172 291 2199 Non
332 2176 460 2205 oportere
503 2167 673 2195 saecularium
710 2164 910 2199 magistratuum

1010 2170 1067 2206 μη’.
1089 2171 1191 2197 ’Ὀτιού
1208 2170 1248 2196 δεῖ
1262 2169 1306 2195 διὰ
1336 2166 1506 2203 προστασίας
1537 2162 1678 2197 κοσμικῶν
1703 2161 1753 2195 ἀρ-

134 2218 299 2246 auctoritate
322 2223 485 2251 quemquam
513 2215 546 2241 ad
566 2211 746 2241 sacerdotium
766 2208 917 2244 pervenire.

135 2269 183 2293 aut
200 2263 328 2293 Ecclesia;
343 2262 463 2298 regimen
483 2260 630 2295 suscipere.
646 2257 830 2286 Deturbantur
846 2254 918 2282 enim

136 2319 169 2338 ac
185 2314 360 2346 segregantur
376 2308 426 2343 ipsi
452 2315 504 2335 una
522 2314 583 2334 cum
606 2305 640 2334 iis
653 2303 778 2335 omnibus
794 2301 839 2337 qui
859 2307 918 2328 cum

136 2358 202 2392 ipsis
217 2356 427 2384 communicant.

173 2412 337 2439 Sanctorum
361 2409 541 2444 apostolorum
557 2414 643 2435 canon
659 2405 703 2433 50.

171 2455 272 2492 Synodi
285 2453 514 2482 Calchedonensis
527 2452 614 2480 ca‘non
636 2450 679 2477 12.

170 2501 271 2537 Synodi
286 2499 332 2528 VII
345 2508 432 2528 canon
448 2500 475 2528 '5.

170 2548 215 2577 49.
234 2547 291 2576 Non
320 2552 447 2582 oportere
479 2543 593 2580 pecunia
628 2541 786 2578 dignitatem
815 2540 920 2574 episco-

137 2593 223 2628 palem
258 2597 304 2619 aut
344 2590 537 2619 sacerdotalem
571 2585 700 2621 consequi
726 2593 734 2610 :
762 2584 820 2619 ipse
847 2582 919 2610 enim

137 2639 278 2666 ordinatus
293 2642 320 2664 ut
338 2637 383 2671 qui
401 2635 536 2663 ordinavit
551 2640 612 2660 eum
636 2631 719 2667 gradu
745 2629 918 2664 dejiciuntur,

138 2689 218 2718 atque
241 2681 360 2710 Ecclesia
380 2681 587 2712 exn-induntur,
605 2678 676 2705 velut
690 2677 782 2703 Simon
816 2675 918 2710 Magos.

137 2730 196 2759 Non
212 2729 297 2756 solum
319 2733 406 2754 autem
423 2726 461 2759 hi,
479 2726 525 2754 sed
545 2730 572 2752 et
592 2725 614 2752 si
630 2723 676 2758 qui
693 2721 823 2757 ejusmodi
840 2721 921 2748 rebus

137 2774 317 2804 intervenisse
336 2773 436 2807 reperti
451 2771 563 2799 fuerint.

176 2822 339 2849 Sanctorum
358 2818 541 2856 apostolorum
556 2824 642 2844 canon
657 2815 702 2844 29.

970 2217 1072 2253 χόντων
1087 2217 1148 2243 τινὰ
1163 2217 1203 2247 εἰς
1219 2213 1369 2249 ἱερωσύνην
1386 2212 1482 2243 ὲλῦεῖν,
1497 2210 1513 2245 ἣ
1542 2209 1662 2243 ὲγκρατῆ
1691 2207 1753 2253 lEx-

971 2251 1088 2298 κλησίας
1100 2261 1228 2296 γενέσθαι
1239 2268 1245 2275 ’
1268 2257 1465 2292 καθαιροῦνται
1477 2256 1531 2290 γὰρ
1547 2255 1593 2282 καὶ
1609 2251 1753 2288 ἀφορίζον-

970 2317 1016 2336 ται
1032 2308 1079 2335 καὶ
1096 2307 1122 2333 οἱ
1137 2304 1329 2335 κοινωνοῦντες
1344 2303 1434 2333 αὐτοῖς
1450 2301 1560 2332 πάντες.

1007 2398 1067 2425 Τῶν
1083 2396 1168 2430 ἁγίων
1180 2394 1336 2422 ἀποστόλων
1353 2391 1443 2419 κανὼν
1458 2390 1492 2418 λ’.

1007 2443 1119 2469 Συνόόου
1138 2440 1309 2475 Καλχηδόνος
1323 2436 1413 2465 κανὼν
1429 2434 1472 2471 ιβ’.

1006 2489 1120 2516 Συνόόου
1134 2489 1156 2520 ζ’
1175 2485 1264 2513 κανὼν
1281 2488 1313 2519 γ’.

1008 2534 1062 2569 μέλ’.
1073 2536 1133 2562 Ὅτι
1149 2534 1179 2560 οὐ
1192 2532 1231 2559 δεῖ
1246 2532 1289 2558 διὰ
1301 2530 1450 2567 χρημάτων
1464 2527 1542 2562 ἀξίας
1566 2524 1724 2560 ἐπισκοπῆς
1736 2524 1752 2559 ἢ

974 2580 1117 2617 ἱερατικῆς
1138 2578 1286 2614 μετασχεῖν
1298 2585 1305 2592 ·
1322 2575 1498 2609 καθαιρεῖται
1521 2573 1576 2607 γὰρ
1589 2572 1636 2598 καὶ
1660 2570 1754 2601 αὐτὸς,

972 2627 1020 2654 καὶ
1032 2629 1045 2653 ὁ
1057 2625 1249 2662 χειροτονήσας
1265 2622 1360 2649 αὐτόν·
1379 2621 1494 2654 καὶτῆς
1513 2617 1698 2662 Ἐκκλησίαςᾼ
1707 2617 1754 2642 ὲκ-

972 2659 1130 2702 κόπτονται,
1152 2672 1189 2702 ὡς
1206 2670 1298 2704 Σίμων
1313 2669 1326 2695 ό
1340 2667 1444 2700 Μάγος.
1461 2665 1498 2692 Οὐ
1527 2665 1606 2700 μόνον
1622 2663 1650 2689 δὲ
1670 2659 1755 2692 οὗτοι,

972 2717 1039 2745 ἀλλὰ
1083 2717 1129 2743 καὶ
1162 2717 1188 2742 εί
1200 2723 1272 2746 τινες
1313 2712 1448 2748 εὑρεθῶσι
1478 2710 1666 2747 μεσιτεύοντες
1699 2708 1756 2739 τοῖς

971 2764 1111 2793 τοιούτοις.

1010 2809 1070 2838 Τῶν
1083 2809 1166 2843 ἁγίων
1184 2807 1342 2835 ἀποστόλων
1356 2805 1446 2833 κανὼν
1462 2804 1514 2832 κο’.
