1930 3073
134 129 168 160 27
772 130 929 159 AIlSENll
950 129 1122 160 MON.\Clll
1729 127 1764 158 E23

134 191 200 218 item
231 197 283 217 non
314 194 442 224 oportere
467 189 647 218 fmnerantctn
680 189 825 224 agr‘coim.
854 189 925 216 illius

990 188 1104 215 ιάκωσιν
1118 196 1123 202 ·
1138 188 1185 215 καὶ
1195 189 1236 215 ὅτι
1257 189 1294 224 μὴ
1316 189 1358 216 δεῖ
1390 189 1435 216 τὶν
1459 188 1618 220 δανεὲζοντα
1651 186 1765 222 γεωργῴ

137 244 232 272 agrum
254 236 385 263 detinere.

171 280 273 316 Synodi
288 281 524 316 Carthaginiensis
537 288 624 309 canon
641 281 678 309 75
698 286 725 308 et
737 280 781 308 97.

171 325 204 352 Et
220 326 287 361 legis
311 330 391 360 caput
405 326 452 353 2L

173 371 217 399 58.
239 371 298 398 Non
316 375 442 406 oportere
457 371 544 399 sacris
557 369 680 397 addictos
693 369 788 397 sericis
803 368 925 395 vesiibns

136 419 223 449 indui,
245 423 292 445 aut
318 421 458 453 unguento
476 417 556 451 ungi;
581 422 760 452 segregantur
786 416 858 442 enim
878 414 925 450 qui

139 464 190 491 hoc
206 463 320 491 faciunt.

173 508 277 544 Synodi
296 507 330 535 Vl
347 515 433 535 canon
451 508 498 535 27.

173 554 275 589 Synodi
294 553 336 581 Vll
353 561 441 581 canon
465 553 508 581 16.

170 599 216 628 69.
229 601 363 635 Oportere
377 601 519 636 episcopos
537 605 564 627 et
579 600 752 636 presbyteros
768 607 821 627 non
839 598 925 633 negli-

139 654 204 682 gere
223 648 350 682 populum
375 647 426 675 sibi
445 647 595 680 subditum,
613 654 646 674 ac
664 646 733 674 ultra
749 654 799 674 sex
811 647 925 680 :menses

140 701 155 720 a
171 701 220 721 sua
237 693 362 721 Ecclesia
382 694 489 721 abesse.
506 692 559 726 Qui
582 693 654 720 enim
678 693 717 720 sic
736 692 839 720 faciunt
855 691 924 726 deji-

138 738 260 766 ciuntnr.

172 784 334 812 Sanctorum
352 785 542 820 Apostolorum
561 792 648 811 canon
668 783 712 813 58.

173 829 275 865 Synodi
289 830 519 866 Carthaginiensis
537 838 624 861 canon
647 830 691 862 7t,
709 829 756 856 121
775 833 802 857 et
819 829 881 856 1‘25.

978 235 1091 268 κρατεῖν
1106 235 1155 269 τὴν
1170 235 1277 261 ἐκείνου
1295 235 1358 268 γῆν,

1012 280 1128 306 Συνόδου
1139 280 1303 315 Καρθαγένη
1313 291 1320 294 ί
1334 279 1424 307 κανὼν
1440 279 1476 306 οε¹
1489 281 1536 307 καὶ
1552 279 1606 312 ιζ’.

1012 325 1066 351 Καὶ
1079 325 1189 359 νομικὸν
1206 325 1355 359 κεφάλαιον
1372 328 1426 352 uel.

1011 370 1061 404 νη’.
1078 369 1140 396 Ὂτι
1161 371 1192 396 οὑ
1205 370 1246 397 δεῖ
1257 370 1359 404 ἐσθῆτα
1379 371 1411 396 ἐκ
1447 370 1571 405 σηρικῶν
1596 369 1766 404 ὑφασμάτων

976 415 1143 450 ἱερωμένους
1159 416 1372 450 ἀμφιέννυσθαι,
1391 417 1407 451 ἢ
1427 416 1506 452 μύρῳ
1533 416 1660 451 χρίεσθαι
1675 425 1681 431 ·
1697 417 1765 449 ἀψο-

977 461 1102 497 ρίζονται
1116 462 1171 496 γὰρ
1184 463 1208 489 ol
1222 462 1303 489 τοῦτο
1322 462 1474 494 ποιοῦντες.

1011 507 1127 534 Συνόδου
1147 510 1173 539 ς’
1187 508 1278 534 κανὼν
1295 509 1348 540 κζ’.

1013 552 1130 579 Συνόδου
1145 552 1167 584 ζ’
1184 552 1275 580 κανὼν
1293 552 1342 586 ις’.

1011 599 1061 626 νθ’.
1077 599 1139 626 ’Ὁτι
1157 599 1197 625 δεῖ
1211 599 1274 630 τοὺς
1301 599 1470 631 ἐπισκόπους
1497 600 1542 626 καὶ
1560 599 1765 634 πρεσϐυτέρους

978 644 1017 680 μὴ
1033 644 1145 679 ἀμελεῖν
1158 643 1207 670 τοῦ
1223 644 1404 678 ὑποκειμένου
1419 645 1511 676 αὐτοῖς
1531 645 1607 676 λαοῦ,
1621 644 1668 670 καὶ
1693 644 1764 678 ὑπὲρ

976 690 1006 717 τδ
1017 691 1152 725 ἑξάμηνον
1174 691 1222 725 τῆς
1237 690 1340 721 οἰκείας
1357 690 1521 724 ἀφίστασθαι
1542 690 1703 725 Ἐκκλησίας
1716 697 1724 705 ·
1740 691 1765 716 οι

975 736 1030 773 γὰρ
1049 736 1121 763 οὕτω
1136 736 1278 767 ποιοῦντες
1294 735 1500 772 καθαιροῦνται.

1013 782 1075 809 Τῶν
1091 783 1176 817 ἁγίων
1192 782 1351 809 ἀποστόλων
1364 781 1455 809 κανὼν
1468 781 1518 816 νη’.

1013 829 1127 856 Συνόδου
1141 829 1324 864 Καρθαγένης
1343 827 1435 855 κανὼν
1449 831 1499 861 οα’,
1520 832 1604 865 pata“,
1622 828 1694 864 ρκγ’.

177 864 280 912 synodi
299 877 325 904 in
343 864 443 912 templo
459 877 622 905 Sanctorum
645 875 836 911 Apostolorum
854 875 925 903 cele-

1012 873 1127 900 Συνόδου
1140 874 1168 899 ὲν
1180 873 1219 908 τῷ
1233 873 1289 909 ναῷ
1300 874 1355 900 τῶν
1395 873 1495 908 Ἀγίων
1524 874 1695 901 Ἀποστόλων
1719 883 1767 901 κα-

139 921 223 949 brataa
238 930 301 950 can.
317 922 362 950 16.

173 968 218 996 60.
239 968 372 1004 Oportere
391 969 537 1004 episcopos
552 973 580 995 et
595 969 769 1004 presbyteros
783 967 926 1003 egentibus

140 1014 191 1043 sibi
207 1014 325 1042 subditis
344 1015 500 1042 necessaria
518 1015 551 1042 ad
566 1015 648 1042 vitant
666 1013 840 1049 suppeditare
854 1022 860 1041 :
877 1013 926 1048 qui

138 1061 212 1089 enim
232 1069 286 1089 non
311 1061 349 1089 ita
364 1061 469 1090 faciunt
488 1061 673 1097 depoauntur.

175 1149 338 1178 Sanctorum
351 1151 535 1186 apostolorum
551 1159 637 1180 canon
651 1153 696 1180 59.

175 1195 221 1223 61.
241 1195 300 1223 Non
314 1201 440 1231 oportere
453 1197 661 1234 chorepiscopos
673 1199 801 1227 ordinare
813 1198 926 1234 presby-

141 1245 230 1269 terum
246 1247 273 1270 et
289 1242 446 1276 diaconum,
471 1244 519 1271 sed
539 1248 642 1271 tantum
666 1245 858 1278 subdiaconos,
886 1245 927 1272 le-

139 1291 231 1315 ctores
247 1293 275 1315 et
297 1289 447 1317 exorcistas
461 1298 469 1316 :
487 1289 550 1316 item
565 1289 728 1318 circnitorcs
743 1291 831 1325 potius
844 1297 926 1325 quam

141 1333 353 1370 chorepiscopos
369 1343 430 1363 esse
446 1335 663 1364 constituendos.

175 1379 277 1415 Synodi
291 1381 446 1415 Ancyrante
463 1389 550 1409 canon
564 1382 608 1409 15.

176 1425 279 1461 Synodi
296 1425 527 1455 Neocaesariensis
548 1436 633 1456 canon
652 1430 695 1457 15.

176 1471 277 1507 Synodi
293 1471 472 1501 Antiochense
489 1482 577 1502 canon
599 1474 643 1503 10.

177 1517 278 1553 Synodi
295 1518 456 1547 Laodiceae:
477 1528 564 1548 canon
583 1521 628 1549 57.

178 1563 272 1593 Sancti
287 1565 378 1593 Basilii
402 1574 489 1594 canon
508 1567 553 1595 82.

178 1611 224 1638 62.
246 1611 381 1647 Oportere
393 1620 440 1641 eos
450 1613 496 1648 qui
512 1618 623 1649 propter
639 1614 817 1640 Barbarorunt
832 1613 927 1640 incur-

141 1657 257 1689 sionem,
271 1662 319 1685 aut
334 1658 415 1686 aliam
429 1660 619 1687 necessitatem
633 1664 662 1686 et
675 1660 729 1686 vim
747 1667 799 1686 non
817 1664 929 1694 possunt

139 1703 226 1736 abire,
234 1708 282 1731 aut
289 1711 348 1732 esse
356 1705 382 1732 in
389 1705 445 1733 suis
452 1705 588 1738 Ecclesiis.
599 1708 658 1735 sine
666 1706 820 1742 prajttdicio
828 1705 928 1732 versari

140 1753 224 1784 atque
238 1751 343 1786 operari
359 1751 387 1778 in
404 1752 464 1779 aliis
480 1752 653 1785 dioecesibus,
670 1753 756 1781 donec
770 1760 836 1788 pace
855 1753 930 1779 frua-

141 1799 186 1823 tttr
210 1803 305 1823 eorum
335 1797 468 1831 Ecclesia,
494 1799 527 1826 ad
557 1806 640 1834 quam
668 1804 732 1826 tunc
762 1799 822 1826 licet
853 1797 930 1825 inviti

142 1846 325 1869 revertentur.
343 1842 399 1870 Nisi
418 1844 490 1870 enim
516 1844 705 1876 discesserint,
732 1838 929 1878 segregantur:

142 1887 268 1915 similiter
283 1889 366 1916 etiam
380 1889 500 1924 episcopi
520 1889 566 1923 qui
585 1889 657 1924 ipsos
675 1889 808 1916 detinent.

178 1978 279 2014 Synodi
295 1979 525 2008 Calchedoncnsis
542 1987 629 2007 canon
645 1980 693 2008 20.

180 2024 281 2060 Synodi
298 2025 330 2065 \[l
347 2033 435 2053 canon
453 2026 486 2053 18
507 2032 533 2053 et
551 2027 595 2054 57.

182 2070 227 2097 65.
247 2071 381 2105 Oportere
396 2079 443 2099 eos
458 2071 504 2106 qui
518 2071 551 2099 ad
567 2077 681 2098 mortem
693 2075 834 2106 a’grotant,
848 2075 932 2105 atque

144 2116 419 2144 excommunicationi
436 2117 588 2151 subiacent,
600 2117 747 2152 protestari
763 2125 792 2144 se
808 2117 931 2151 corporis

145 2160 251 2188 Domini
275 2162 424 2196 participes
442 2163 500 2190 ﬁeri
520 2170 621 2196 cupere
637 2171 644 2190 :
660 2163 682 2190 si
699 2170 764 2189 vero
789 2163 839 2190 hoc
861 2163 932 2189 facto

977 919 1031 947 νὼν
1050 923 1099 952 ις’.

1013 966 1045 999 ε’.
1062 968 1123 994 ’Ὁτι
1137 967 1177 994 δεῖ
1191 968 1256 999 τοὺς
1285 968 1466 1002 ἐπισκόπους,
1490 969 1538 996 καὶ
1563 969 1768 1004 πρεσϐυτέρους

977 1014 1157 1049 ἐπιχορηγεῖν
1169 1015 1225 1046 τοῖς
1241 1014 1345 1041 ὲνδεέσι
1381 1014 1435 1042 τῶν
1456 1016 1648 1050 ὑποκειμένων
1675 1017 1769 1047 αὐτοῖς

978 1061 1013 1088 τὰ
1030 1061 1126 1087 δέοντα
1143 1061 1198 1088 τῶν
1215 1061 1355 1096 χρειωδῶν
1366 1070 1372 1077 '
1390 1062 1415 1088 oi
1429 1061 1484 1097 γὰρ
1501 1062 1538 1098 μὴ
1559 1062 1632 1089 οὕτω
1663 1063 1771 1090 ποιοῦν-

977 1114 1023 1137 τες
1034 1105 1241 1140 καθαιροῦνται.

1013 1151 1074 1177 Τῶν
1088 1151 1175 1184 ἁγίων
1188 1151 1348 1179 ἀποστόλων
1362 1153 1454 1179 κανὼν
1468 1153 1519 1181 νϐ’.

1014 1195 1064 1229 Ea’.
1087 1196 1149 1223 Ὀτι
1163 1197 1193 1224 οὐ
1209 1198 1250 1224 δεῖ
1264 1200 1494 1234 χωρεπισκόπους
1509 1202 1674 1236 χειροτονεῖν
1686 1209 1770 1236 πρεσ-

981 1241 1097 1277 ϐύτερον
1124 1243 1171 1269 καὶ
1196 1243 1333 1278 διάκονον,
1351 1244 1408 1271 ἀλλ’
1425 1245 1441 1280 ἢ
1459 1247 1540 1280 μόνον
1564 1247 1768 1279 ὑποδιακόνους,

979 1287 1167 1320 ἀναγνώστας,
1190 1289 1238 1315 καὶ
1257 1289 1433 1324 ἐξορκιστάς·
1452 1291 1500 1318 καὶ
1524 1292 1566 1318 ὅτι
1595 1291 1770 1326 περιοδευτὰς

980 1333 1081 1368 μᾶλλον
1101 1334 1118 1369 ἢ
1134 1336 1364 1369 χωρεπισκόπους
1384 1336 1425 1363 δεῖ
1440 1338 1538 1365 ποιεῖν.

1015 1379 1129 1406 Συνόδου
1151 1380 1291 1415 Ἀγκύρας
1307 1381 1399 1408 κανὼν
1416 1381 1463 1416 ιγ’.

1014 1425 1131 1452 Συνόδου
1144 1426 1365 1462 Νεοκαισαρείας
1376 1427 1467 1455 κανὼν
1476 1427 1521 1463 ιγ’.

1013 1471 1129 1497 Συνόδου
1150 1471 1317 1506 ’Δντιοχείας
1333 1472 1424 1500 κανὼν
1440 1473 1466 1502 ι’.

1015 1517 1129 1543 Συνόδου
1148 1517 1313 1550 Λαοδικείας
1328 1519 1419 1546 κανὼν
1433 1518 1482 1552 νζ’.

1015 1563 1073 1590 Καὶ
1086 1562 1134 1589 τοῦ
1152 1563 1232 1597 ἁγίου
1248 1564 1391 1592 Βασιλείαν
1404 1566 1494 1594 κανὼν
1511 1567 1567 1603 πβ¹.

1015 1612 1064 1647 ξβ¹.
1083 1612 1145 1639 Ὀτι
1160 1613 1190 1639 οὺ
1206 1613 1247 1640 δεῖ
1258 1613 1323 1645 τοὺς
1336 1613 1371 1640 δι’
1390 1613 1485 1648 ἔφοδον
1501 1614 1682 1651 βαρϐαρικὴν,
1706 1617 1722 1652 ἢ
1737 1617 1771 1644 δι’

979 1660 1077 1694 ἑτέραν
1088 1660 1212 1694 ἀνάγκην
1226 1660 1274 1687 καὶ
1299 1660 1359 1695 βίαν
1379 1661 1416 1696 μὴ
1437 1661 1602 1696 δυναμένους
1628 1663 1768 1697 ἀπελθεῖν,

980 1704 1078 1741 ἢεῖναι
1088 1706 1117 1732 ὲν
1132 1707 1193 1738 ταῖς
1208 1705 1325 1738 οἰκείαις
1359 1707 1548 1742 Ἐκκλησίαις,
1581 1709 1770 1745 ἅποκριματί-

981 1759 1052 1783 στως
1063 1749 1134 1778 εἷναί
1149 1760 1179 1778 τε
1200 1752 1248 1778 καὶ
1275 1752 1397 1788 ἐνεργεῖν
1432 1753 1462 1779 ἐν
1506 1754 1614 1790 ἑτέραις
1640 1755 1769 1790 ὲνορίαις,

980 1795 1060 1830 ἄχρις
1072 1796 1106 1823 ἂν
1118 1796 1147 1823 ὲν
1163 1797 1262 1832 εἰρήνῃ
1282 1797 1398 1833 γένηται
1415 1799 1431 1834 ἡ
1450 1799 1540 1826 αὐτῶν
1563 1800 1725 1835 Ἐκκλησία,
1742 1802 1771 1828 ὲν

981 1838 999 1877 ᾗ
1012 1841 1281 1877 παλινδρομήσουσιν
1289 1843 1314 1869 ol
1324 1843 1443 1870 τοιοῦτοι
1455 1845 1515 1871 τότε
1526 1844 1577 1871 κᾶν
1595 1845 1633 1879 μὴ
1644 1846 1769 1872 θέλωσιν·

981 1887 1005 1913 εί
1021 1887 1074 1922 γὰρ
1091 1888 1128 1923 μὴ
1140 1887 1307 1921 ἀπέλθωσιν,
1326 1889 1522 1925 άφορίζονται”
1552 1889 1652 1925 ὁμοίως
1675 1890 1723 1917 καὶ
1745 1891 1771 1916 οἱ

982 1933 1146 1968 κατέχοντες
1161 1934 1261 1966 αὐτοὺς
1276 1935 1434 1964 ἐπίσκοποι.

1016 1979 1130 2006 Συνόδου
1147 1980 1321 2016 Καλχηδόνος
1336 1981 1427 2009 κανὼν
1442 1985 1477 2010 κ’.

1017 2028 1131 2054 Συνόδου
1148 2026 1174 2059 ς’
1184 2027 1274 2054 κανὼν
1295 2031 1332 2063 ιη’
1344 2029 1389 2055 καὶ
1405 2028 1453 2061 λζ’.

1017 2071 1068 2107 ξγ’.
1087 2072 1150 2100 Ὀτι
1170 2072 1211 2100 δεῖ
1223 2073 1287 2105 τοὺς
1296 2074 1367 2108 πρὸς
1380 2074 1495 2102 θάνατον
1509 2076 1663 2107 νοσοῦντας,
1683 2077 1730 2102 καὶ
1739 2077 1769 2103 ἐν

982 2117 1130 2154 ἀφορισμῷ
1146 2118 1241 2153 ὄντας,
1267 2120 1504 2155 διαμαρτύρασθαι
1533 2120 1698 2154 μεταλαϐεῖν
1721 2123 1769 2148 τοῦ

984 2163 1110 2200 σώματος
1127 2165 1175 2192 τοῦ
1193 2166 1296 2200 Κυρίου
1309 2173 1316 2180 ·
1328 2167 1352 2191 ει
1370 2166 1398 2192 δὲ
1427 2165 1523 2191 τούτου
1558 2166 1704 2200 γενομένου
1722 2169 1769 2196 τοῦ

145 2213 160 2232 a
176 2210 264 2233 morte
278 2208 397 2234 revocati
410 2206 523 2240 fuerint,
537 2215 633 2234 rursus
648 2206 929 2235 exconununicantur.

990 2209 1099 2237 θανάτου
1117 2211 1307 2244 ὰνακληθῶσιν
1317 2230 1323 2242 ,
1343 2208 1421 2241 αὖθις
1434 2210 1620 2246 ἀφορίζονται.

180 2251 281 2287 Syaodi
301 2253 418 2281 Nicaeam
436 2261 522 2281 canon
539 2254 583 2281 15.

179 2298 273 2326 Sancti
292 2298 418 2333 Gregorii
434 2299 547 2334 Nysseni
564 2307 651 2328 canon
668 2300 697 2328 5.

181 2344 225 2372 δι.
248 2347 380 2380 Oportere
392 2346 543 2380 pubertatis
558 2350 678 2381 tempore
695 2347 810 2375 lectores
823 2355 930 2384 rogare,

144 2390 266 2418 velintne
297 2391 426 2426 coniuges
446 2392 563 2424 ducere,
581 2400 614 2419 an
630 2394 829 2421 continentiam
847 2395 931 2429 proti-

146 2436 209 2463 teri.
229 2435 296 2463 Nam
323 2441 383 2471 post
397 2437 503 2464 diaconi
520 2438 719 2466 ordinationem
736 2440 846 2474 nuptias
863 2440 932 2468 inire

146 2488 201 2509 non
217 2482 288 2510 licet.
304 2481 332 2510 Si
349 2490 413 2510 vero
431 2483 482 2510 hoc
496 2484 650 2518 permiserit
674 2485 829 2519 episcopus,
846 2486 889 2513 hic
905 2490 932 2513 et

148 2527 194 2554 ille
210 2529 398 2562 deponuntur;
415 2529 543 2557 similiter
567 2531 648 2558 etiam
674 2531 807 2560 diaconus
829 2537 856 2559 et
872 2539 933 2566 pre-

147 2574 250 2609 shyter.

184 2619 284 2654 Synodi
301 2620 538 2656 Carthaginiensis
549 2630 636 2650 canon
658 2623 702 2650 16.

183 2665 285 2701 Synodi
303 2665 337 2693 Vl
363 2674 448 2695 canon
468 2668 495 2695 6.

182 2712 263 2748 Legis
277 2718 359 2748 caput
372 2714 406 2742 45
420 2721 445 2742 et
461 2715 504 2742 16.

182 2759 228 2787 65.
250 2759 381 2794 Oportere
393 2761 480 2789 sacris
496 2761 631 2796 initiatos,
647 2763 808 2790 confitentes
823 2770 852 2790 se
869 2767 932 2790 ante

148 2804 350 2833 ordinationem
366 2814 506 2841 peccasse,
518 2807 551 2834 ab
565 2807 653 2835 otiicio
670 2808 761 2843 dejici,
780 2808 806 2835 in
823 2808 933 2842 reliquis

151 2857 334 2887 remanentes,
352 2853 485 2889 siquidem
501 2854 577 2889 probi
593 2854 647 2882 sint
663 2863 670 2882 :
685 2855 718 2882 ita
737 2859 766 2882 ut
782 2854 815 2882 iis
826 2855 870 2890 qui
886 2850 938 2882 eos

1019 2255 1133 2282 Συνόδου
1149 2254 1265 2285 Νικαίας
1283 2252 1372 2280 κανὼν
1388 2253 1431 2287 ιγ’.

1020 2301 1076 2328 Καὶ
1089 2301 1136 2328 τοῦ
1153 2301 1231 2333 ἁγίου
1249 2300 1404 2335 Γρηγορίου
1420 2299 1531 2334 Νύσσης
1547 2301 1638 2328 κανὼν
1654 2302 1684 2330 ε’.

1019 2347 1065 2380 ξδ’.
1083 2346 1144 2374 ’Ὁτι
1158 2347 1199 2372 δεῖ
1211 2346 1239 2372 ὲν
1252 2345 1291 2379 τῷ
1300 2346 1390 2380 καιρῷ
1402 2347 1452 2381 τῆς
1471 2346 1541 2381 ἥϐης
1561 2347 1688 2374 ἀπαιτεῖν
1704 2349 1772 2376 ἀνα-

983 2393 1107 2428 γνώστας
1132 2391 1266 2426 συμὸίους
1293 2391 1450 2427 ἆγεσθαι,ἢ
1481 2392 1646 2426 ἐγκράτειαν
1676 2394 1773 2429 ὁμολο-

983 2440 1053 2472 γεῖν.
1074 2437 1152 2465 Μετὰ
1161 2437 1215 2472 γὰρ
1231 2437 1281 2472 τὴν
1293 2437 1341 2464 τοῦ
1369 2437 1496 2464 διακόνου
1531 2439 1700 2473 χειροτονίαν
1721 2440 1770 2466 οὐκ

983 2483 1088 2515 ἔξεστιν
1101 2483 1141 2515 είς
1154 2482 1246 2516 γάμον
1260 2482 1360 2509 ἐλθεῖν.
1388 2482 1419 2508 El
1436 2481 1465 2508 δὲ
1481 2482 1632 2517 προτρέψει
1661 2482 1741 2509 τοῦτο
1757 2483 1771 2509 ὁ

983 2529 1145 2561 ἐπίσκοπος,
1162 2528 1338 2563 καθαιρεῖται
1347 2528 1395 2555 καὶ
1404 2524 1482 2559 οὗτος
1492 2528 1621 2559 κάκεῖνος
1632 2536 1640 2544 ·
1668 2528 1771 2564 ὁμοίως

983 2575 1012 2603 δὲ
1027 2576 1074 2602 καὶ
1084 2574 1222 2606 διάκονος,
1237 2574 1286 2601 καὶ
1300 2573 1502 2611 πρεσϐύτερος.

1019 2621 1133 2648 Συνόδου
1154 2621 1339 2656 Καρθαγένης
1351 2621 1442 2648 κανὼν
1461 2624 1512 2653 ις’.

1020 2668 1134 2694 Συνόδου
1147 2669 1174 2699 ς’
1187 2666 1278 2694 κανὼν
1292 2666 1330 2700 ς’.

1021 2715 1077 2742 Καὶ
1087 2716 1199 2750 νομικδν
1217 2716 1365 2751 κεφάλαιον
1382 2719 1425 2751 με’
1440 2716 1486 2742 καὶ
1500 2714 1559 2750 μς·’.

1021 2760 1068 2794 ξε¹,
1088 2761 1150 2788 Ὅτι
1167 2762 1208 2788 δεῖ
1229 2763 1293 2794 τοὺς
1315 2762 1517 2797 ὁμολογοῦντας
1543 2761 1598 2788 τῶν
1615 2761 1774 2795 ἱερωμένων

986 2807 1040 2842 πρὸ
1061 2807 1111 2843 τῆς
1132 2809 1301 2844 χειροτονίας
1342 2809 1545 2843 ἡμαρτηκέναι,
1579 2806 1773 2841 καθαιρεῖσθαι

993 2855 1042 2891 τῆς
1055 2854 1239 2891 λειτουργίας,
1261 2856 1289 2882 ὲν
1322 2856 1378 2887 τοῖς
1403 2854 1509 2886 λοιποῖς
1538 2853 1681 2889 μένοντας,
1696 2853 1721 2880 εἴ
1739 2861 1772 2888 γι
