1930 3073
134 165 173 198 29
761 159 930 191 EPlTOME
950 160 1144 192 CANONUM.
1732 155 1766 188 30

135 222 280 250 σπουδαῖοι
290 219 460 255 τυγχάνουσι
473 227 480 234 ·
496 217 582 254 μηδὲν
603 217 659 244 τῶν
684 217 934 253 χειροτονησάντων

999 218 1151 245 ιτάἱιιθτιιιιῑ
1189 217 1290 244 nullum
1323 215 1507 251 pra‘judicium
1543 213 1689 246 all'cratur.
1714 213 1768 241 nisi

136 263 488 304 προκριματιζομένων,εί
516 263 555 299 μὴ
578 261 783 297 συνεγνώκασι.

175 358 291 386 Συνόδου
311 355 432 387 Νικαίας
447 354 539 382 κανὼν
554 352 576 380 θ’
596 354 644 380 καὶ
659 351 686 380 ι’.

176 404 308 438 Θεοφίλου
327 399 535 436 Ἀλεξανδρείας
550 398 642 426 κανὼν
650 397 688 434 γ’,
704 397 736 426 ε’.

177 447 357 482 ξς¹.’οτιδεῖ
386 444 618 480 συναφορίζεσθαι
638 444 702 476 τοὺς
730 442 933 478 συνεγνωκότας

137 495 180 530 τῷ
194 494 399 529 ἁμαρτήσαντι,
412 491 460 519 καὶ
480 491 518 526 μὴ
549 490 774 525 ὁμολογήσαντας
786 497 793 505 ·
820 488 867 516 καὶ
892 488 934 515 ὃτι

140 541 168 568 οι
189 539 362 576 προεστῶτες
391 535 617 572 ὲφησυχάζοντες
645 536 704 567 τοῖς
723 534 868 566 τοιούτοις,
894 533 934 568 τῷ

141 585 220 621 αύτῷ
232 585 352 620 κρίματι
368 584 543 610 ὑπόκεινται.

179 632 295 658 Συνὸδου
314 629 454 665 Ἀγκύρας
462 628 553 656 κανὼν
569 627 621 655 κε’.

178 681 236 707 Καὶ
257 679 306 706 τοῦ
324 678 403 713 ἁγίου
419 675 574 712 Γρηγορίου
587 674 635 702 τοῦ
653 672 872 709 Θαυματουργοῦ
885 681 935 700 κα-

142 725 198 752 νὼν
216 723 249 759 β’.

179 771 236 797 Kal.
248 769 296 797 τοῦ
311 769 391 803 ἁγίου
409 767 553 795 Βασιλείου
564 765 655 793 κανὼν
668 765 718 793 οα’.

175 817 224 850 εἶ’.
243 816 308 843 Ὀτι
322 815 353 842 οὺ
366 815 408 842 δεῖ
426 822 489 841 τινα
503 812 558 840 τῶν
574 811 734 848 ἱερωμένων
750 811 766 847 ἢ
795 809 934 846 μοναχῶν,

143 861 284 898 κοσμικὰς
295 861 383 896 ἀρχὰς
407 859 424 895 ἢ
440 859 597 894 φροντίδας,
613 858 630 893 ἦ
660 855 806 892 στρατείας
840 854 936 881 ἀναδέ-

143 908 255 943 χεσθαι·
276 907 373 941 ἐπειδὴ
387 905 558 940 καθαιρεῖται
578 904 625 931 καί
640 901 879 938 ἁναθεματίζεται.

178 998 239 1024 Τῶν
251 996 338 1031 ἁγίων
351 995 509 1023 ἀποστόλων
521 994 611 1022 κανὼν
627 996 665 1026 ς’,
677 992 724 1020 πα¹
739 992 787 1019 καὶ
798 993 856 1025 πγ’.

182 1043 294 1070 Συνόδου
310 1041 481 1076 Καλχηδόνος
496 1039 585 1067 κανὼν
598 1038 638 1073 γ’,
655 1038 681 1066 δ’
693 1038 740 1065 καὶ
754 1036 791 1070 ζ’.

183 1087 295 1115 Σννόδου
308 1086 489 1122 Καρθαγένης
505 1084 594 1112 κανὼν
609 1087 662 1117 ις’.

183 1134 296 1161 Συνόδου
311 1132 333 1165 ζ’
345 1133 437 1159 κανὼν
453 1136 484 1159 ι’.

183 1179 294 1206 Συνόδου
319 1179 349 1204 ὲν
373 1177 412 1214 τῷ
425 1176 482 1212 ναῷ
504 1175 559 1205 τῶν
586 1176 684 1210 Ἀγίων
703 1173 873 1201 Ἀποστόλων
888 1181 938 1198 κα-

146 1225 202 1252 νὼν
219 1227 263 1252 ια’.

184 1272 239 1298 Καὶ
254 1270 366 1305 νομικὸν
379 1269 525 1304 κεφάλαιον
539 1269 600 1302 λγ’,
614 1268 674 1300 λό’,
688 1268 743 1294 λε’.

184 1315 243 1351 ξη’.
254 1316 315 1343 Ὀτι
328 1315 359 1342 οὐ
371 1315 412 1341 δεῖ
425 1313 611 1350 πρεσϐύτερον
623 1313 664 1344 είς
676 1313 782 1347 γάμους
794 1310 938 1346 διγαμούν-

147 1371 204 1389 των
217 1362 234 1397 ἢ
250 1361 482 1397 παρανομούντων
497 1359 652 1386 ἑστιᾶσθαι.

186 1451 299 1479 Συνόδου
313 1449 532 1485 Νεοκαισαρείας
546 1448 636 1476 κανὼν
650 1447 686 1480 ζ’.

187 1498 242 1525 Καὶ
254 1498 307 1524 τῶν
320 1497 407 1531 ἁγίων
420 1495 577 1523 ἀποστόλων
590 1494 682 1521 κανὼν
696 1496 750 1521 ια’.

984 265 1086 291 conscii
1111 263 1219 291 fuerint.

1020 342 1120 391 Synodi
1146 355 1253 382 Nicenze
1270 361 1355 381 canon
1371 353 1387 381 9
1403 358 1430 380 ct
1446 353 1485 380 l0.

1020 401 1160 435 Theophili
1185 400 1362 428 Alexandrini
1380 407 1467 426 canon
1484 399 1510 431 3,
1528 398 1554 426 5.

1021 446 1066 474 66.
1088 446 1220 482 Oportere
1238 446 1362 473 conscios
1383 453 1435 472 una
1449 453 1511 472 cum
1529 452 1561 472 eo
1576 444 1620 478 qui
1646 443 1769 477 deliquil.

984 491 1047 519 licet
1065 499 1117 519 non
1134 493 1308 524 conﬁtcntes,
1324 490 1568 518 excommunicari.
1586 489 1650 516 ltem
1674 488 1771 524 prmo:-

985 542 1046 566 ctos
1062 537 1162 565 talibus
1177 538 1385 573 arquiescentes
1397 537 1484 564 cidem
1496 535 1601 571 judicio
1618 534 1770 569 suhjaccrc.

1023 628 1124 665 Synodi
1143 628 1292 664 Ancyraua:
1308 634 1394 654 canon
1416 626 1452 653 25

1022 676 1115 703 Sancti
1130 674 1254 710 Gregorii
1270 673 1467 707 Thaumaturgi
1487 679 1573 699 canon
1589 670 1617 697 ‘2.

1022 771 1112 798 Sancti
1127 769 1219 798 Basilii
1235 776 1323 797 canon
1337 769 1382 795 7i.

1022 817 1066 844 67.
1088 816 1146 843 Non
1165 821 1290 850 oportere
1309 820 1472 850 quemquam
1496 812 1623 839 clericum
1642 815 1687 837 aut
1716 817 1772 836 mo-

988 863 1104 890 nachum
1125 861 1270 889 smculares
1286 859 1472 895 magistratus,
1490 862 1536 885 aut
1554 865 1636 884 curas
1651 862 1697 883 aut
1719 855 1772 882 mi-

990 909 1076 936 litaria
1092 908 1177 936 oﬂicia
1193 908 1332 941 suscipere
1358 915 1365 933 :
1392 905 1523 939 alioquin,
1540 904 1624 939 gradu
1652 907 1775 929 mutetur

989 959 1068 989 atque
1088 954 1261 981 anathemate
1283 952 1449 986 percellitur.

1026 999 1188 1026 Sanctorum
1206 998 1390 1031 apostolorum
1405 1004 1492 1023 canon
1509 995 1536 1027 6,
1549 994 1579 1021 8l
1596 1000 1623 1020 et
1638 993 1682 1020 83.

1025 1044 1125 1080 Synodi
1142 1043 1374 1071 Calchedonensis
1387 1049 1473 1069 canon
1491 1041 1517 1073 3,
1535 1040 1550 1066 4
1564 1045 1589 1066 et
1605 1039 1630 1066 7.

1024 1091 1126 1125 Synodi
1141 1088 1371 1123 Carthaginiensis
1385 1095 1472 1115 canon
1487 1087 1530 1114 l6.

1027 1135 1131 1172 Synodi
1149 1136 1193 1162 Vll
1213 1142 1299 1162 canon
1320 1134 1363 1163 l0.
1403 1143 1406 1146 ·

1026 1182 1128 1218 Synodi
1146 1182 1173 1208 in
1188 1180 1287 1217 templo
1298 1185 1456 1208 sanctorum
1474 1178 1658 1214 apostolorum
1676 1177 1774 1204 habita:

991 1237 1079 1258 canon
1097 1229 1141 1256 ll.

1026 1270 1106 1311 Legis
1118 1283 1178 1310 cap.
1194 1274 1239 1308 5‘5,
1256 1273 1291 1301 3L
1304 1277 1332 1302 et
1347 1272 1392 1300 35.

1028 1321 1072 1350 68.
1089 1321 1147 1348 Non
1165 1325 1291 1356 oportere
1305 1320 1505 1355 presbyterum.
1516 1325 1608 1345 eorum
1622 1315 1667 1351 qui
1681 1322 1778 1342 secun-

992 1368 1055 1396 dum
1085 1367 1286 1394 matrimonium
1316 1365 1482 1393 contrahunt
1511 1369 1538 1391 et
1565 1363 1637 1397 leges
1665 1361 1777 1392 violant,

994 1413 1160 1447 nuptialibus
1176 1412 1308 1439 conviviis
1323 1411 1468 1439 interesse.

1029 1458 1128 1494 Synodi
1147 1457 1377 1486 Neocmsariensis
1395 1464 1481 1484 canon
1499 1456 1526 1482 7.

1031 1506 1194 1533 Sanctorum
1211 1505 1397 1540 apostolorum
1412 1511 1498 1531 canon
1515 1502 1558 1529 ll.

189 1543 236 1576 ἔθ’.
258 1544 319 1570 Ὀτι
335 1544 376 1570 δεῖ
392 1541 498 1577 φανερὰ
515 1539 586 1568 εἶναι
601 1540 636 1568 τὰ
652 1541 700 1567 τοῦ
719 1539 869 1567 ἐπισκόπου
887 1538 937 1565 ίδια

201 1591 207 1598 ι
346 1588 357 1598 ν
483 1588 535 1598 .,,__
549 1596 555 1598 .
572 1587 587 1598 ι
605 1587 647 1598 η...
665 1585 800 1598 -,π,,,,μ,,,
814 1585 927 1598 ,,,,,η,,

1028 1552 1072 1580 69.
1092 1551 1146 1579 Res
1159 1538 1279 1586 episcopi
1294 1551 1429 1586 proprias,
1447 1549 1580 1584 siquidem
1597 1547 1705 1579 habeat,
1719 1553 1778 1571 Ina-

152 1591 314 1626 πράγματα,
330 1588 357 1616 εί
371 1597 403 1623 γε
420 1589 468 1615 καὶ
481 1588 538 1623 ἔχει
548 1596 555 1602 ·
572 1587 590 1614 ἃ.
604 1587 650 1614 καὶ
664 1585 800 1613 τελευτῶν
814 1585 941 1613 καταλεί-

150 1637 200 1672 ψοι
213 1634 254 1668 οἶς
266 1636 299 1664 ἂν
311 1635 398 1662 suam
409 1642 416 1649 '
431 1635 462 1662 οὐ
474 1634 530 1668 γὰρ
543 1633 632 1667 ἔξεστι
644 1634 700 1665 τοῖς
713 1633 853 1668 κληρικοῖς
866 1632 941 1668 διαρ-

151 1685 250 1717 πάζειν
265 1683 351 1711 αὐτά·
366 1682 426 1710 ἐπεὶ
443 1682 610 1709 ἐκπίπτουσι
623 1681 677 1707 τῶν
692 1679 800 1706 οἰκείων
816 1679 939 1714 βαθμῶν.

149 1730 259 1765 Φανερὰ
276 1729 304 1756 δὲ
321 1728 474 1764 ὀφείλουσιν
490 1724 560 1754 εἶναι
579 1726 627 1753 καὶ
641 1726 676 1752 τὰ
691 1725 740 1760 τῆς
759 1723 940 1758 Ἐκκλησίας,

150 1777 170 1805 ἃ
185 1776 233 1804 καὶ
246 1775 371 1811 ἁμείωτα
386 1776 419 1810 τῇ
436 1772 586 1808 Ἐκκλησία
598 1771 638 1798 δεῖ
654 1769 863 1806 συντηρεῖσθαι,
881 1770 941 1796 ὲπι-

152 1823 345 1858 γινωσκόμενα
363 1822 439 1857 παρὰ
453 1821 509 1849 τῶν
524 1819 718 1855 πρεσϐυτέρων
733 1817 780 1844 καὶ
798 1816 940 1844 διακόνων.

152 1870 209 1897 Καὶ
224 1869 256 1896 οὐ
274 1870 314 1896 δεῖ
331 1867 506 1895 ἀπαιτεῖσθαι
530 1866 585 1894 ἀπὸ
602 1865 656 1892 τῶν
682 1863 851 1898 Ἐκκλησιῶν
868 1862 940 1896 πρά-

151 1925 249 1953 γματα
268 1915 321 1943 ἁπε
326 1924 342 1950 ρ
351 1915 399 1942 καὶ
410 1915 462 1942 ἀπὺ
476 1914 530 1941 τῶν
545 1912 645 1940 λοιπῶν
661 1911 814 1946 ἀνθρώπων
827 1909 881 1935 τῶν
895 1906 942 1934 τοῦ

151 1961 260 1989 κοινοῦ·
275 1962 291 1998 ἢ
309 1961 397 1997 μόνων
410 1960 538 1995 γεφυρῶν
551 1958 703 1992 οἰκοδομαὶ,
717 1956 763 1983 καὶ
778 1953 944 1985 ἀνανεώσεις

151 2008 186 2034 ὲκ
203 2006 306 2033 τούτων
324 2006 493 2041 γενήσονται.
513 2005 568 2032 Καὶ
588 2004 655 2039 μηδὲ
672 2001 802 2029 δύνασθαι
818 2000 865 2027 τὸν
881 1999 943 2026 ἐπί-

153 2060 256 2081 σκοπον
269 2051 438 2086 ἀπεμπολείν
451 2059 478 2078 τι
490 2050 544 2078 τῶν
557 2050 605 2085 τῆς
621 2047 786 2082 Ἑκκλησίας
800 2046 884 2082 χωρὶς
899 2053 945 2080 με-

152 2097 241 2132 γάλης
254 2097 394 2131 ἀνάγκης·
408 2096 455 2122 καὶ
468 2095 530 2122 τότε
547 2095 570 2120 εί
585 2094 675 2129 δεήσει
691 2092 749 2128 [ἴα.
764 2090 883 2126 είδήσει]
897 2089 944 2116 τοῦ

152 2142 342 2178 πρωτεύοντος
353 2141 403 2177 τῆς
415 2141 561 2176 ἐπαρχίας,
573 2140 633 2175 ἢτοι
647 2140 768 2174 μείζονος
781 2137 944 2173 ἀρχιερέως.

158 2189 277 2223 ὐμοίως
299 2188 347 2214 καὶ
367 2187 415 2218 τὰ;
438 2187 620 2222 ὲμφυτεύσεις
642 2185 744 2220 είδήσει
765 2182 847 2211 αὑτοῦ
871 2183 946 2217 γίνεο

994 1597 1107 1625 nifestas
1124 1604 1184 1625 esse
1202 1602 1340 1631 oportere,
1359 1603 1427 1630 quas
1450 1595 1570 1622 moriens
1595 1593 1691 1627 quibus
1715 1591 1780 1618 velit

993 1643 1148 1678 relinquat;
1168 1649 1256 1676 neque
1271 1643 1342 1668 enim
1358 1641 1420 1668 licet
1435 1640 1542 1668 clericis
1564 1639 1636 1674 ipsas
1649 1638 1778 1672 diripere.

992 1689 1112 1722 alioquin
1130 1688 1259 1723 gradibus
1281 1689 1337 1715 suis
1355 1688 1494 1714 excidunt.
1515 1685 1569 1712 Res
1585 1685 1666 1712 ctiam
1685 1683 1779 1710 Eccle-

992 1736 1039 1763 sia:
1056 1735 1143 1770 palam
1158 1741 1219 1761 esse
1244 1735 1354 1765 debent,
1379 1741 1439 1768 qua:
1455 1732 1565 1766 quidem
1581 1731 1693 1765 integrae
1713 1735 1780 1755 con-

993 1781 1134 1809 servanda:
1158 1784 1221 1807 sunt
1246 1779 1388 1810 Ecclesiae,
1415 1777 1582 1812 presbyteris
1608 1781 1634 1802 et
1660 1775 1780 1801 diaconis

994 1832 1075 1855 notat.
1091 1826 1184 1860 Neque
1206 1833 1270 1853 vero
1298 1833 1328 1853 ea
1357 1829 1420 1852 sunt
1448 1823 1482 1850 ab
1500 1822 1618 1849 Ecclesia
1636 1821 1778 1862 exigenda!

994 1881 1053 1909 qua:
1079 1881 1093 1900 a
1111 1871 1226 1907 reliquis
1251 1871 1444 1899 connnnnibus
1469 1868 1647 1897 hominibus:
1665 1871 1780 1902 praeter-

995 1928 1076 1956 quam
1095 1919 1167 1954 quod
1193 1922 1299 1946 tantum
1320 1917 1442 1952 pontium
1473 1915 1674 1943 exstructioues
1701 1917 1781 1947 atque

995 1966 1208 1995 instaurationes
1225 1964 1259 1992 ab
1277 1964 1310 1991 iis
1325 1963 1401 1990 ﬂent.
1417 1962 1455 1990 Ac
1479 1968 1565 1996 neque
1580 1967 1659 1995 posse
1674 1958 1781 1994 episco-

995 2021 1057 2049 pum
1073 2012 1221 2048 quidquam
1239 2010 1386 2038 divendere
1399 2017 1493 2037 eorum
1506 2015 1566 2043 qua;
1579 2007 1612 2034 ad
1630 2005 1779 2034 Ecclesium

996 2058 1134 2094 pertinent
1159 2058 1228 2085 citra
1259 2063 1383 2090 magnam
1411 2054 1610 2086 necessitatem,
1638 2052 1717 2085 idque
1743 2058 1777 2077 ex

996 2103 1109 2132 scientia
1136 2103 1282 2138 provinciae
1305 2100 1440 2136 primatis,
1459 2108 1506 2126 seu
1531 2098 1640 2132 majoris
1658 2096 1781 2131 prtelati:

997 2149 1122 2177 similiter
1135 2149 1216 2176 etiam
1233 2149 1426 2183 emphyteuses
1443 2148 1500 2181 ipso
1518 2146 1620 2173 sciente
1634 2144 1701 2170 lieri.
1717 2143 1782 2169 Item

997 2204 1058 2224 eum
1076 2196 1122 2230 qui
1147 2203 1199 2222 non
1225 2194 1305 2221 solvit
1322 2200 1452 2220 canonem
1477 2190 1706 2226 emphytcnticum
1723 2192 1784 2223 post

154 2234 236 2262 σθαι·
256 2234 304 2260 καὶ
326 2234 367 2260 ὅτι
387 2233 402 2260 ὁ
425 2233 463 2268 μὴ
483 2232 662 2260 καταϐάλλων
680 2231 726 2258 τὸν
747 2228 937 2265 ὲμφυτευτικδι

999 2242 1151 2273 biennium,
1168 2241 1277 2275 penitus
1296 2239 1424 2267 excidere
1435 2239 1666 2273 emphyteumute.

153 2280 255 2308 κανόνα
274 2279 321 2306 ἐπὶ
339 2279 426 2315 διετίᾳ
445 2279 573 2306 ἐκπίπτει
590 2277 725 2310 παντοίως
742 2276 789 2303 τοῦ
806 2274 944 2310 ἐμφυτεύ-

155 2335 250 2363 ματος.

190 2371 251 2397 Τῶν
266 2371 351 2405 ἁγίων
365 2370 521 2397 ἀποστόλων
536 2369 626 2396 κανὼν
643 2368 687 2404 μ’.

192 2416 304 2443 Συνόδου
320 2417 484 2452 Ἀντιοχείας
499 2415 590 2443 κανὼν
604 2415 663 2443 κδ’.

192 2463 305 2490 Συνόδου
321 2462 492 2498 Καλχηδόνος
509 2462 600 2489 κανὼν
614 2461 672 2497 κβ’.

191 2509 305 2536 Συνόδου
320 2507 502 2544 Καρθαγὲνης
518 2506 608 2536 κανὼν
622 2506 669 2534 κε’
683 2506 730 2534 καὶ
745 2507 806 2541 λγ’.

192 2555 304 2582 Συνόδου
319 2553 342 2587 ζ’
352 2553 442 2581 κανὼν
456 2555 509 2581 ιθ’.

193 2600 246 2626 To?)
260 2601 338 2635 ἁγίου
355 2601 492 2636 Κυρίλλου
508 2599 599 2627 κανὼν
614 2599 654 2635 β’.

192 2646 249 2674 Καὶ
264 2647 375 2682 νομικὸν
390 2646 538 2681 κεφάλαιον
554 2649 610 2680 ιγ’,
626 2646 675 2678 ιδ’,
693 2649 743 2678 ιε’,
762 2649 813 2681 κγ’
827 2647 875 2674 καὶ
888 2646 944 2675 λε’.

191 2691 223 2723 θ’.
234 2692 295 2719 Ὅτι
308 2693 349 2719 δεῖ
365 2692 449 2728 μηδὲν
461 2692 594 2728 πράττειν
605 2692 667 2724 τοὺς
679 2692 883 2728 πρεσϐυτέρους
897 2694 945 2721 καὶ

155 2738 293 2771 διακόνους
308 2739 393 2774 χωρὶς
407 2738 522 2775 γνώμης
534 2738 581 2764 τοῦ
597 2738 761 2766 ἐπισκόπου.

191 2784 251 2811 Τῶν
264 2785 349 2820 ἁγίων
362 2785 520 2812 ἀποστόλων
534 2783 626 2812 κανὼν
638 2784 697 2812 λθ’.

193 2831 305 2858 Συνόδου
322 2831 460 2867 Ἀγκύρας
479 2831 570 2858 κανὼν
588 2833 632 2857 ιε’.

205 2878 260 2907 Καὶ
275 2879 383 2906 συνόδου
398 2879 578 2915 Καρθαγένης
594 2878 684 2906 κανὼν
698 2878 760 2914 λγ’.

1037 2373 1198 2401 Sanctorum
1211 2372 1394 2408 apostolorum
1417 2379 1503 2399 canon
1521 2371 1556 2398 40

1036 2419 1137 2455 Synodi
1153 2419 1328 2447 Antiochenae
1343 2426 1432 2446 canon
1454 2417 1500 2444 24.

1035 2463 1134 2499 Synodi
1150 2463 1378 2491 Calchedoneusis
1394 2470 1480 2490 canon
1500 2461 1546 2488 22.

1035 2509 1134 2544 Synodi
1155 2508 1386 2544 Carthaginiensis
1402 2515 1488 2535 canon
1503 2506 1539 2534 25
1553 2510 1580 2534 et
1594 2504 1638 2531 55.

1035 2553 1139 2588 Synodi
1151 2552 1197 2580 νιι
1213 2561 1301 2581 canon
1320 2553 1365 2580 l9.

1035 2599 1127 2626 Sancti
1143 2599 1236 2634 Cyrilli
1253 2606 1340 2626 canon
1355 2598 1383 2625 2.

1034 2644 1114 2678 Legis
1132 2649 1211 2679 caput
1229 2645 1272 2677 l3,
1291 2644 1335 2677 Ην,
1356 2643 1399 2676 l5,
1415 2643 1450 2670 25
1466 2646 1491 2669 ct
1506 2640 1553 2668 35.

1036 2696 1082 2724 70.
1103 2696 1161 2724 Non
1177 2702 1302 2731 oportere
1322 2695 1495 2730 presbyteros
1517 2697 1544 2721 et
1561 2692 1690 2720 diaconos
1705 2690 1786 2727 quill-

1002 2749 1083 2778 quam
1104 2742 1196 2770 facere
1212 2743 1315 2775 absque
1334 2740 1453 2775 episcopi
1474 2746 1621 2767 conSensu.

1038 2787 1199 2816 Sanctorum
1214 2786 1398 2821 apostolorum
1413 2794 1500 2814 canon
1517 2785 1563 2813 '59.

1039 2833 1139 2868 Synodi
1156 2833 1306 2867 Ancyranae
1329 2840 1416 2860 canon
1440 2832 1485 2860 l5.

1041 2879 1141 2914 Synodi
1169 2878 1400 2914 Carthaginiensis
1425 2885 1511 2906 canon
1527 2877 1571 2903 33.
