1929 3076
141 132 175 167 31
780 134 938 166 ARSENII
959 133 1132 165 MONACHI
1733 135 1768 166 32

179 194 222 223 7|.
243 195 376 231 Oporterc
390 196 547 230 episcopum
563 195 589 222 in
612 194 734 222 subditas
755 194 806 221 sibi
821 194 926 221 animas

1012 196 1062 222 oa'.
1081 194 1143 221 Ὅτι
1170 193 1211 220 δεῖ
1232 193 1277 221 τὸν
1298 193 1447 221 ἐπίσκοπον
1471 194 1596 227 ἐξουσίαν
1619 194 1691 229 ἔχειν
1713 195 1768 221 τῶν

143 246 301 275 ροιοειιιιοηι
330 242 444 274 habere,
461 249 605 276 rerumque
621 241 748 268 Eccicsim
772 248 866 269 curam
879 248 927 276 ge-

143 293 203 313 rere
218 295 278 313 cum
296 286 341 312 Dei
363 287 473 318 timore,
497 294 528 314 ac
552 295 604 313 non
631 294 677 314 eas
694 287 744 314 sibi
762 286 926 318 vendicare,

143 337 189 358 aut
205 333 335 365 sanguine
350 333 401 359 sibi
417 333 569 367 conjunctis
584 333 688 368 largiri,
702 333 748 360 sed
763 332 928 367 pauperibus

143 377 371 410 subministrare,
398 383 525 412 tauquam
567 379 661 405 lturutn
701 379 833 405 rationem
872 376 928 405 Deo

143 421 310 448 redditurus.
335 421 526 450 Verumtamen
553 431 600 457 per
624 424 796 459 presbyteros
819 428 846 450 et
870 424 928 451 dia-

144 475 228 495 conos
258 469 329 502 ipsas
346 469 512 496 distribuere
539 470 617 497 debet
637 477 686 504 pro
713 477 761 496 sua
785 474 927 503 potestate,

143 521 198 541 uno
221 522 252 540 ex
272 514 338 548 ipsis
357 515 545 550 dispensatore
569 515 730 548 constituto,
754 523 786 542 ac
806 523 859 543 non
882 523 930 550 per

143 567 274 594 personas
288 561 338 587 sibi
355 562 487 596 sanguine
501 561 669 595 conjunctas.
683 561 709 588 Si
724 569 787 588 vero
805 561 859 595 ipse
874 561 930 587 for-

145 606 309 633 tasse-nolit
337 607 436 634 habere
462 608 688 641 dispensatorem,
708 607 771 634 licet
788 607 931 641 provineim

144 651 252 685 primali
277 660 449 679 meonomum
474 654 624 687 designare.
654 653 745 687 Ipsum
761 659 850 680 autem
872 654 931 687 epi-

145 705 256 731 scopum
270 705 302 725 cx
322 699 364 725 his
385 700 466 725 rebus
480 707 510 726 ea
525 707 584 733 qua:
597 700 648 726 sibi
665 705 691 727 et
706 700 837 727 fratribus
861 700 930 734 apud

144 742 234 776 ipsum
252 744 362 778 hospitii
379 746 490 772 nomine
506 746 741 773 common-antibus
758 751 820 774 sunt
838 754 932 772 ncces-

144 791 216 817 saria
238 798 347 819 sumere
369 797 486 827 oportet.
507 792 556 825 Qui
580 800 644 820 vero
669 793 726 819 luce
754 800 805 818 nou
831 796 930 822 servat,

144 836 278 864 obnoxius
300 838 352 864 erit
376 839 498 873 synodo,
525 846 612 872 pmnm
639 838 799 872 subjectus:
823 837 930 864 licentia

145 881 258 908 cuilibet
275 883 374 910 anenti
391 884 465 915 data,
484 884 504 910 si
522 885 586 918 quid
601 885 695 910 horum
711 883 808 909 violari
821 883 929 915 viderit,

145 926 171 953 id
191 927 346 961 imperatori
365 929 452 955 iudica
460 930 503 955 ndi
510 950 516 956 .

180 971 342 999 Sanctorum
364 974 548 1007 apostolorum
568 981 654 1000 canon
679 973 713 1000 58
731 979 757 1000 et
779 974 824 1001 41.

180 1018 281 1052 Synodi
299 1019 475 1046 Atttiocltenze
497 1027 582 1046 canon
600 1020 646 1046 25.

180 1064 280 1098 Synodi
297 1065 529 1093 Calcltedonensis
554 1074 640 1093 canon
654 1066 699 1094 26.

181 1110 285 1145 Synodi
303 1110 349 1138 Vll
370 1119 457 1138 canon
479 1112 522 1138 il.

180 1155 323 1192 Theophili
339 1157 515 1185 Alexandrini
531 1166 617 1186 canon
635 1159 667 1186 l0
686 1164 712 1186 et
726 1159 769 1186 ll.

184 1201 275 1229 Sancti
290 1202 383 1238 Cyrilli
401 1211 486 1230 canon
501 1204 529 1230 2.

180 1247 260 1282 Legis
277 1254 358 1284 caput
373 1249 419 1281 20,
435 1249 469 1276 60
483 1255 509 1276 et
526 1250 569 1277 (il.

182 1293 227 1321 72.
258 1294 390 1328 Oportere
420 1296 545 1323 civitates
573 1303 620 1330 per
646 1296 752 1323 litteras
779 1295 933 1331 imperiales

147 1340 306 1374 metropolis
324 1341 433 1367 nomine
449 1347 564 1369 ornatas
581 1342 640 1377 ipso
659 1342 762 1369 honore
778 1342 830 1368 frui
844 1350 851 1370 ι
864 1342 934 1369 anti-

147 1393 216 1420 quas
230 1393 294 1413 vero
311 1388 473 1422 metropoles
490 1389 516 1415 in
550 1389 644 1416 iisdem
675 1389 743 1416 locis
769 1389 934 1416 exsistentes

147 1431 251 1459 nttllum
265 1435 437 1468 propriorum
452 1434 555 1469 juriunt
570 1435 633 1464 inde
651 1435 844 1462 detrimentum
868 1435 933 1470 pati.

183 1519 284 1555 Synodi
301 1520 530 1549 Calchedonensis
546 1530 634 1551 canon
652 1524 686 1551 12
700 1529 727 1552 et
747 1525 792 1553 l7.

185 1564 285 1600 Synodi
307 1566 338 1592 Vl
359 1574 446 1595 canon
465 1568 508 1596 55.

185 1612 228 1640 73.
250 1613 382 1649 Oportere
397 1616 540 1651 episcopos
556 1617 656 1652 injuste
669 1618 808 1653 expulsos,
826 1619 853 1646 in
869 1619 936 1648 alias

151 1660 308 1694 pravincias
321 1662 436 1696 suscipi,
451 1667 532 1696 atque
551 1664 616 1698 ipsis
633 1665 788 1692 omnimode
810 1667 934 1695 succurri

148 1713 313 1741 manumque
327 1708 428 1743 porrigi
446 1716 454 1735 :
472 1709 559 1737 donec
577 1709 677 1741 iniuria
696 1710 763 1738 ipsis
783 1710 857 1738 illata
876 1711 936 1738 vitt-

148 1751 236 1779 dicata
251 1752 342 1780 fuerit.

186 1798 286 1834 Synodi
303 1799 473 1828 Sardicensis
488 1809 573 1829 canon
591 1802 636 1829 l7.

185 1844 229 1871 74.
250 1843 381 1879 Oportere
404 1847 574 1880 patriarchas
591 1847 704 1882 paciﬂce
721 1849 793 1878 inter
810 1857 840 1878 se
856 1858 937 1886 agere

149 1895 231 1926 atque
247 1892 375 1919 honorari
402 1901 450 1926 pro
465 1901 497 1920 eo
522 1901 600 1928 quem
627 1895 750 1922 obtinent
763 1897 861 1930 gradu,
886 1905 937 1925 nec

148 1945 202 1964 non
229 1942 256 1964 et
282 1939 510 1973 metropolitanos
543 1945 626 1975 atque
660 1942 819 1977 episcopos;
848 1952 936 1980 neque

149 1985 297 2018 quidquam
313 1985 403 2012 Facere
418 1993 465 2014 eos
481 1987 527 2021 qui
546 1987 667 2021 ipsorutn
685 1988 852 2018 ditecesibus
872 1992 934 2018 sub-

149 2030 199 2058 diti
215 2035 288 2062 Sunt,
314 2032 414 2066 absque
441 2032 561 2066 ipsorum
578 2042 713 2062 consensu
729 2043 736 2061 :
761 2043 847 2070 neque
865 2036 937 2071 ipsos

151 2077 232 2104 etiam
253 2078 400 2112 quidquam
429 2087 510 2113 agere
535 2081 603 2107 citra
621 2082 742 2109 omnium
760 2083 936 2111 sententiam.

187 2124 348 2153 Sanctorum
367 2128 551 2161 apostolorum
572 2136 658 2156 canon
676 2130 722 2158 54.

186 2171 300 2199 Nicaeum
317 2173 412 2207 synodi
430 2181 516 2201 canon
535 2174 552 2201 6
569 2179 596 2202 et
612 2175 638 2203 7.

185 2218 287 2254 Synodi
303 2219 481 2247 Antiochcnm
497 2228 584 2247 canon
601 2221 629 2250 9.

184 2264 285 2300 Syn'odi
301 2265 613 2301 Constantinopolitano:
629 2275 716 2295 canon
731 2268 748 2294 2
761 2273 788 2295 οι
800 2268 827 2295 3.

185 2310 287 2346 Synodi
306 2310 448 2344 Ephesium
466 2319 554 2339 canon
576 2312 617 2340 10.

184 2356 286 2391 Synodi
300 2357 532 2385 Calchedoneusis
549 2366 635 2386 canon
652 2359 669 2386 8
683 2364 709 2387 et
726 2359 772 2386 28.

186 2401 287 2436 Synodi
305 2401 537 2436 Carthaginiensis
553 2411 640 2431 canon
659 2403 702 2435 17,
725 2403 771 2436 59,
789 2403 842 2436 55,
861 2403 894 2430 86
910 2407 937 2431 et

151 2448 214 2476 101.

187 2493 287 2529 Synodi
305 2493 338 2521 VI
355 2502 441 2522 canon
460 2495 494 2522 56
512 2500 538 2522 et
557 2495 603 2523 39.

188 2540 332 2578 Synodi_in
349 2541 449 2576 templo
469 2541 576 2568 Sancta:
601 2540 710 2575 Sophia:
728 2540 870 2568 celebrata:
891 2547 938 2568 ca-

153 2594 205 2618 non
223 2587 249 2614 l.

187 2633 269 2668 Legis
285 2638 365 2669 caput
380 2634 427 2662 22.

189 2680 234 2709 75.
252 2680 385 2709 Clericum
401 2682 428 2709 in
446 2681 565 2709 alienam
578 2679 724 2715 parceciam
735 2679 796 2706 sine
807 2685 941 2705 consensu

153 2728 242 2762 ipsius
268 2727 389 2763 episcopi
418 2735 471 2755 non
487 2735 549 2755 esse
575 2725 760 2761 recipiendum
789 2734 796 2752 :
823 2724 941 2758 alioquin

156 2775 409 2802 excommunicatur
431 2781 486 2802 tttm
503 2775 548 2809 qui
567 2773 666 2808 recipit
685 2778 739 2799 tum
756 2772 802 2806 qui
819 2774 944 2805 receptus

156 2826 209 2849 est.
223 2822 251 2849 Si
265 2827 356 2850 autem
373 2826 532 2857 perseveret
548 2821 635 2854 ipsum
655 2820 786 2850 detinere,
808 2818 864 2851 ipse
881 2824 943 2851 gra-

157 2868 192 2896 du
209 2868 352 2904 dejiciatur
369 2877 375 2894 :
392 2875 479 2902 nequc
506 2875 569 2895 vero
592 2867 616 2893 ei
634 2865 678 2900 qui
705 2865 738 2893 ab
763 2864 816 2891 alio
832 2871 943 2891 excom-

980 240 1166 273 ὑποκειμένων
1185 241 1258 275 αὑτῷ
1275 240 1380 275 ψυχῶν,
1401 241 1449 267 καὶ¹
1468 241 1623 275 φροντίζειν
1643 239 1697 266 τῶν
1717 239 1767 274 τῆς

985 288 1146 322 Ἐκκλησίας
1165 288 1336 323 πραγμάτων
1358 287 1427 323 μετὰ
1451 287 1532 321 φόϐου
1553 287 1637 318 Θεοῦ.
1662 287 1708 313 καὶ
1730 286 1766 321 μὴ

981 334 1184 368 σφετερίζεσθαι
1198 333 1299 366 ταῦτα,
1316 333 1331 368 ἢ
1350 333 1492 367 συγγενέσι
1509 332 1684 368 χαρίζεσθαι.
1699 332 1768 359 ἀλλὰ

980 379 1093 410 πένησιν
1107 378 1342 414 ἐπιχορηγεῐσοαι,
1357 378 1394 410 ὡς
1410 378 1514 413 μέλλων
1528 379 1606 412 λόγον
1620 378 1768 404 ἀποδοῦναι

980 425 1045 460 περὶ
1064 425 1153 452 αὐτῶν
1167 426 1204 459 τῷ
1225 425 1283 460 Θεῴ
1295 433 1301 440 ·
1320 425 1389 460 πλὴν
1404 425 1472 454 ἀλλὰ
1491 424 1534 450 διὰ
1550 424 1602 451 τῶν
1619 423 1770 459 πρεσϐυτέ-

982 479 1036 506 ρων
1055 470 1101 496 καὶ
1122 470 1252 498 διακόνων
1269 469 1354 498 ταῦτα
1372 469 1511 503 διανέμειν
1530 469 1601 495 κατὰ
1619 469 1668 503 τὴν
1687 467 1768 494 αὑτοῦ

980 516 1117 548 ἐξουσίαν,
1134 516 1182 542 ἕνα.
1200 515 1228 548 ἐξ
1245 516 1335 543 αὐτῶν
1352 515 1459 549 ἔχοντος
1475 514 1627 548 οἰκονόμον,
1645 514 1693 540 καὶ
1708 513 1769 548 οὐχὶ

980 563 1025 590 διὰ
1040 563 1178 595 συγγενῶν
1193 561 1274 588 αὑτοῦ
1291 560 1458 596 προσώπων.
1476 560 1506 586 Εί
1521 560 1543 586 δ’
1555 560 1635 591 αὐτὸς
1651 560 1715 591 ἴσως
1731 559 1769 595 μὴ

982 608 1053 635 θέλοι
1070 607 1143 642 ἔχειν
1159 608 1310 641 οἰκονόμον,
1326 606 1413 638 ἔξεστι
1427 606 1466 640 τῷ
1479 606 1527 640 τῆς
1544 605 1678 641 ἐπαρχίας
1693 614 1769 640 πρω-

981 655 1089 681 τεύοντι
1108 653 1308 688 προϐάλλεσθαι
1327 653 1356 684 ἐξ
1375 653 1493 684 ἅπαντος
1511 652 1662 686 οίκονόμον.
1683 651 1771 678 Αὐτὸν

982 702 1010 728 δὲ
1025 702 1070 728 τον
1084 701 1232 727 ἐπίσκοπον
1247 698 1407 726 διοικεῖσθαι
1421 699 1450 731 ἐξ
1465 699 1552 724 αὐτῶν
1567 699 1607 729 εἰς
1620 698 1669 728 τὰς
1683 699 1767 732 ἀναγι

982 748 1063 778 καὶας
1081 748 1175 782 χρείας
1196 746 1242 772 καὶ
1263 746 1360 780 μόνον,
1379 745 1494 771 καὶτῶν
1509 746 1574 780 παρ’
1586 744 1661 779 αὐτῷ
1680 745 1772 778 ἐπιξε-

983 793 1119 829 νουμένων
1143 791 1275 827 ἀδελφῶν.
1295 791 1324 818 Ὃ
1347 792 1375 818 δὲ
1401 791 1439 826 μὴ
1459 791 1546 818 ταῦτα
1569 791 1661 825 τηρῶν
1681 791 1772 825 ἔνοχος

983 840 1058 866 ἔσται
1073 840 1105 874 τῇ
1123 838 1238 872 συνόδῳ,
1255 837 1435 872 ὑποκείμενος
1450 836 1580 871 ἐπιτιμίῳ
1592 845 1598 851 ·
1613 836 1707 868 ἀδείας
1720 835 1769 863 οὓς

985 896 1032 922 σης
1047 886 1128 912 παντὶ
1141 885 1179 919 τῷ
1195 884 1362 919 βουλομένῳ,
1375 883 1402 909 εἴ
1415 892 1441 909 τι
1454 883 1556 909 τούτων
1571 883 1773 918 παραϐαινὸμεσ

983 942 1027 959 νον
1043 933 1103 962 ἴδοι,
1122 931 1235 966 μηνύειν
1250 930 1289 965 τῷ
1307 929 1421 964 βασιλεῖ.

1017 979 1078 1005 Τῶν
1094 978 1178 1011 ἁγίων
1191 976 1348 1004 ἀποστόλων
1362 975 1451 1002 κανὼν
1465 975 1505 1010 λη’
1519 975 1566 1002 καὶ
1583 974 1638 1010 μα’.

1018 1024 1073 1051 Καὶ
1088 1023 1196 1049 συνόδου
1214 1021 1378 1056 Ἀντιοχείας
1394 1021 1483 1048 κανὼν
1498 1021 1547 1050 κε’.

1017 1070 1129 1096 Συνόδου
1146 1069 1314 1104 Καλχηδόνος
1330 1068 1420 1095 κανὼν
1435 1067 1491 1101 κς’.

1018 1116 1131 1143 Συνόδου
1149 1116 1170 1148 ζ’
1184 1114 1274 1142 κανὼν
1291 1114 1335 1142 ια’.

1019 1162 1147 1196 Θεοφίλου
1163 1160 1367 1195 Ἀλεξανδρείας
1382 1159 1471 1187 κανὼν
1488 1162 1503 1186 ι’
1517 1159 1563 1186 καὶ
1582 1162 1626 1186 ια’.

1019 1207 1072 1233 Τοῦ
1089 1207 1167 1241 ἁγίου
1183 1207 1318 1240 Κυρίλλου
1334 1205 1424 1232 κανὼν
1440 1205 1477 1240 β’.

1019 1253 1140 1288 Νομικὸν
1155 1253 1302 1287 κεφάλαιον
1316 1252 1349 1283 κ’,
1366 1252 1385 1285 ξ’
1398 1253 1445 1279 καὶ
1461 1252 1511 1284 ξαῆ

1019 1299 1070 1335 οβ’.
1084 1300 1145 1326 ’Ότι
1159 1300 1200 1326 δεῖ
1213 1300 1261 1330 τὰς
1276 1299 1318 1325 διὰ
1335 1299 1507 1334 γραμμάτων
1534 1298 1682 1334 βασιλικῶν
1694 1307 1777 1334 τιμη-

986 1345 1079 1377 θείσας
1094 1345 1184 1376 πόλεις
1198 1345 1241 1371 ἐπ’
1253 1344 1365 1378 ὀνόματι
1381 1344 1574 1379 μητροπόλεως
1588 1343 1660 1378 ἔχειν
1672 1345 1722 1379 τὴν
1735 1353 1776 1370 τι-

987 1392 1040 1427 μήν
1050 1399 1056 1406 ·
1071 1391 1118 1422 τὰς
1134 1391 1161 1417 δὲ
1176 1390 1291 1426 ἀρχαίας
1309 1391 1490 1425 μητροπόλεις
1502 1391 1553 1422 τὰς
1566 1390 1594 1416 ἐν
1608 1391 1666 1422 ταῖς
1681 1391 1776 1421 αὐταῖς

986 1437 1158 1467 τοποθεσίαις
1171 1436 1264 1469 θύσας,
1280 1437 1317 1471 μὴ
1332 1436 1570 1464 καταθάπτεσθαι
1586 1436 1631 1463 ὑπ’
1644 1437 1733 1463 αὐτῶν
1747 1438 1776 1464 ἐν

986 1484 1041 1514 τοῖς
1059 1482 1134 1513 ἰδίοις
1148 1482 1274 1513 δικαίοις.

949 1537 970 1566 c
1023 1528 1135 1555 Συνόδου
1151 1527 1321 1562 Καλχηδόνος
1336 1526 1427 1553 κανὼν
1444 1525 1477 1562 ιβ’
1490 1526 1538 1553 καὶ
1556 1526 1597 1558 ιζ’.

1021 1573 1076 1600 Καὶ
1092 1573 1203 1600 συνόδου
1220 1571 1245 1604 ς’
1259 1571 1348 1598 κανὼν
1361 1569 1408 1598 λε’.

1019 1617 1069 1652 ογ’.
1098 1618 1160 1644 ’Ὁτι
1181 1617 1222 1644 δεῖ
1243 1617 1305 1647 τοὺς
1327 1616 1427 1647 ἀδίκως
1448 1616 1645 1652 ἐλαυνομένους
1667 1616 1778 1643 ἐπισκό-

986 1671 1053 1694 πους
1067 1661 1193 1697 δέχεσθαι
1210 1662 1238 1687 ἐν
1254 1661 1361 1696 ἑτέραις
1376 1661 1503 1696 ὲνορίαις,
1519 1661 1565 1688 καὶ
1580 1661 1777 1697 ἀντιλαμϐάνε-

986 1709 1048 1736 σθαι
1067 1709 1203 1740 παντοίως
1219 1709 1267 1735 καὶ
1285 1709 1530 1743 χειραγωγεῖσθαι,
1550 1709 1631 1744 ἄχρις
1647 1709 1680 1736 ἄν
1696 1710 1712 1745 ἡ
1731 1710 1778 1736 ἐπὶ

985 1756 1078 1787 αὐτοῖς
1093 1756 1207 1790 γένηται
1222 1755 1372 1790 ἐκδίκησις.

1020 1802 1132 1828 Συνόδου
1149 1801 1284 1836 Σαρδικῆς
1300 1801 1390 1828 κανὼν
1406 1801 1449 1833 ιζ’.

1020 1847 1065 1876 06‘.
1082 1848 1142 1874 Ὅτι
1165 1847 1206 1874 δεῖ
1227 1847 1379 1883 εἰρηνεύειν
1406 1848 1465 1882 μετ’
1489 1847 1612 1883 ἀλλήλοιν
1635 1848 1700 1880 τοὺς
1724 1857 1777 1875 παι

985 1894 1130 1929 τριάρχας,
1149 1892 1196 1919 καὶ
1213 1893 1347 1927 τιμᾶσθαι
1368 1893 1466 1925 αὐτοὺς
1488 1893 1557 1919 κατὰ
1572 1893 1621 1928 τὴν
1638 1894 1780 1929 ἀπονεμη-

987 1941 1080 1967 θεῖσαν
1097 1940 1184 1972 τάξιν.
1205 1940 1261 1966 Καὶ
1283 1939 1336 1975 μὴν
1355 1940 1403 1966 καὶ
1423 1940 1486 1971 τοὺς
1509 1939 1711 1974 μητροπολίτας
1733 1940 1780 1967 καὶ

987 1987 1153 2018 ἐπισκόπους
1168 1985 1250 2021 μηδέν
1263 1995 1289 2012 τι
1306 1986 1392 2012 ποιεῖν
1404 1986 1468 2018 τοὺς
1483 1986 1535 2012 ὑπὸ
1548 1986 1597 2017 τὰς
1610 1986 1718 2021 ἐνορίας
1732 1986 1781 2012 αὑ-

988 2033 1050 2065 τῶν,
1065 2032 1148 2067 χωρὶς
1160 2031 1273 2067 γνώμης
1282 2032 1336 2059 τῶν
1347 2031 1437 2059 αὐτῶν
1449 2040 1455 2046 ·
1470 2032 1531 2067 μήτ’
1543 2031 1641 2064 αὐτούς
1652 2040 1680 2058 τι
1692 2033 1780 2059 ποιεῖν

988 2081 1073 2116 χωρὶς
1086 2081 1136 2114 τῆς
1152 2080 1262 2107 πάντων
1275 2080 1400 2116 γνώμης.

1023 2126 1084 2152 Τῶν
1099 2125 1185 2159 ἁγίων
1200 2126 1358 2153 ἀποστόλων
1374 2126 1463 2153 κανὼν
1476 2126 1524 2152 λδ¹.

1024 2171 1137 2198 Συνόδου
1152 2172 1268 2202 Νικαίας
1284 2171 1373 2198 κεινὼν
1389 2169 1416 2203 ς’
1429 2172 1475 2198 καὶ
1491 2171 1524 2202 ζ’.

1024 2218 1140 2244 Συνδδου
1155 2217 1320 2252 Ἀντιοχείας
1336 2215 1427 2243 κανὼν
1443 2217 1481 2243 θ’.

1024 2264 1139 2291 Συνόδου
1155 2262 1467 2294 Κωνσταντινουπὸλεως
1483 2262 1574 2289 κανὼν
1587 2262 1612 2298 β’
1625 2262 1674 2290 καὶ
1687 2261 1730 2298 γ’.

1025 2310 1137 2336 Συνόδου
1159 2308 1272 2341 Ἐφέσου
1291 2307 1381 2334 κανὼν
1396 2310 1422 2335 ι’.

1026 2355 1141 2381 Συνόδου
1155 2354 1327 2388 Καλχηδόνος
1342 2353 1431 2381 κανὼν
1448 2357 1473 2390 η’
1487 2354 1603 2390 καὶ·κη’.

1026 2400 1139 2427 Συνόδου
1160 2400 1341 2435 Καρῠαγένης
1359 2400 1450 2427 κανὼν
1469 2400 1513 2434 ιζ’,
1533 2399 1583 2435 λθ’,
1601 2399 1648 2434 νε¹,
1666 2400 1717 2434 σις’
1731 2401 1781 2430 καὶ

994 2450 1044 2482 ρα’.

1028 2494 1142 2521 Συνόδου
1159 2499 1186 2526 ς’
1200 2494 1290 2520 κανὼν
1306 2494 1351 2525 λς’
1370 2494 1417 2519 καὶ
1431 2491 1481 2520 λθ’.

1029 2540 1142 2568 Συνόδου
1157 2540 1186 2567 ὲν
1200 2539 1239 2575 τῷ
1252 2539 1307 2574 ναῷ
1320 2538 1370 2573 τῆς
1391 2538 1484 2572 ’Λγίας
1500 2537 1601 2571 topia;
1614 2538 1703 2565 κανὼν
1716 2538 1751 2566 α’.

1030 2633 1085 2661 Καὶ
1096 2631 1205 2666 νομικὸν
1219 2630 1364 2666 κεφάλαιον
1374 2629 1426 2665 χβ¹.

1031 2678 1077 2706 oa'.
1095 2678 1156 2704 Ὅτι
1169 2677 1199 2704 οὺ
1215 2677 1255 2703 δεῖ
1270 2676 1333 2703 ἄνευ
1345 2676 1460 2710 γνώμης
1470 2675 1516 2701 τοῦ
1535 2674 1686 2701 ἐπισκόπου
1698 2672 1782 2699 αὐτοῦ

996 2724 1122 2759 δεχθῆναι
1140 2721 1270 2757 κληρικδν
1287 2721 1316 2747 ὲν
1332 2721 1415 2756 ἑτέρᾳ.
1436 2720 1568 2754 παροικίᾳ
1580 2727 1587 2735 ·
1603 2718 1664 2744 ἐπεὶ
1682 2718 1784 2752 ἀφορί-

997 2771 1074 2801 ζεται
1090 2769 1136 2795 καὶ
1149 2769 1164 2794 ὁ
1177 2767 1333 2803 δεξάμενος,
1350 2767 1396 2793 καὶ
1410 2767 1424 2792 ὁ
1437 2766 1552 2801 δεχθείς.
1568 2765 1599 2791 Ei
1615 2765 1642 2790 δὲ
1658 2763 1784 2797 ὲπιμένοι

999 2815 1122 2849 κατέχων
1148 2813 1244 2844 αὑτὸν,
1272 2811 1457 2847 καθαιρείσθω
1479 2811 1527 2838 καὶ
1550 2810 1631 2840 αὑτός
1649 2818 1656 2825 ·
1677 2808 1739 2835 οὔτε
1755 2808 1784 2834 δὲ

1001 2861 1174 2896 συγχωρήσει
1194 2859 1288 2894 ἕτερος
1309 2858 1348 2893 τῷ
1373 2857 1418 2892 ὑφ’
1435 2857 1530 2893 ἐτέρου
1551 2855 1738 2891 ἀφορισθέντι,
1759 2854 1784 2880 εἰ
