1930 3073
119 157 156 186 33
745 156 912 186 EPITOME
934 156 1127 188 (IANONUM.
1711 155 1747 189 31

123 216 163 250 μὴ
177 213 210 240 ἂν
223 212 295 239 κατὰ
308 211 460 247 συγκυρίαν
474 211 626 247 τελευτήσῃ
640 213 654 238 δ
670 211 804 247 ἀφορίσας
820 212 908 239 αὐτόν.

975 212 1116 239 nunicatus
1138 212 1220 240 luerit
1245 213 1313 240 alios
1328 212 1432 240 veniam
1460 211 1544 245 dabit,
1563 213 1614 241 nisi
1637 213 1708 242 forte
1722 214 1747 242 is

157 303 217 330 Τῶν
230 301 319 336 ἁγίων
335 300 498 328 ἀποστόλων
518 299 562 336 ιβ’,
579 303 623 335 ιγ’,
640 299 680 334 ιε’,
694 300 743 333 ις’,
757 299 804 336 ιη’,
822 299 865 328 ιθ’.

157 389 270 415 Συνόδου
285 388 467 423 Καρθαγένης
481 386 572 414 κανὼν
583 387 619 414 νδ¹
635 388 682 414 καὶ
695 389 730 422 μ’.

157 434 272 461 Συνόδου
294 436 320 465 ς’
334 432 425 460 κανὼν
439 433 481 460 ιθ’.

157 480 269 507 Συνόδου
283 478 304 511 ζ’
322 478 413 505 κανὼν
428 481 456 505 ι’.

155 526 270 553 Συνόδου
286 526 315 553 ὲν
334 525 372 560 τῷ
393 525 450 560 ναῷ
464 525 514 560 τῆς
536 524 631 559 Ἀγίας
649 525 748 560 Σοφιας
763 525 854 552 κανὼν
872 523 907 551 α’.

154 613 208 646 ος·’.
226 613 288 640 Ὅτι
302 613 332 640 οὺ
344 613 384 640 δεῖ
403 612 553 639 ἐπίσκοπον
574 613 711 648 Enim-‘6qu
730 614 762 648 τῇ
784 613 820 649 μὴ
843 612 908 639 ὑποσ

117 660 234 695 κειμένῃ
250 659 324 694 αὐτῷ
340 658 482 694 παροικίᾳ,
496 658 513 694 ἦ
528 657 705 694 παντελῶς,ἢ
719 659 789 685 κατὰ
801 659 906 693 καιρὸν,

117 707 172 732 κᾶν
187 705 240 732 ὑπὸ
254 704 384 730 πλειόνων
398 704 585 739 ἀναγκάζηται
598 712 605 719 ’
619 705 644 730 εἰ
658 705 695 740 μή
709 713 773 730 ποτε
786 704 819 731 δι’
831 704 908 731 εΰλο-

118 758 167 784 γον
180 749 270 776 αἰτίαν
285 756 292 764 ·
308 750 355 776 καὶ
368 749 454 781 οὕτως
471 750 522 776 οὐκ
541 749 588 785 ἀφ’
602 750 714 783 ἑαυτοῦ,
735 750 803 777 ἀλλὰ
818 751 906 786 κρίσει

119 794 226 821 πολλῶν
240 795 410 826 ἐπισκόπων,
427 795 474 821 καὶ
489 793 535 820 τοῦ
547 794 618 820 κατὰ
631 793 723 830 χώραν
739 795 889 830 ἀρχιερέως
899 804 906 812 ·

117 840 182 867 οὔτε
194 841 222 867 δὲ
236 841 404 876 χειροτονίαν
416 840 530 876 ποιῆσαι
540 841 568 867 ὲν
582 841 677 876 ἐτέρου
690 841 822 876 παροικίᾳ
832 841 908 876 παρὰ

119 886 235 922 γνώμην
248 887 352 913 αὐτοῦ’
373 886 468 922 ἐπειδὴ
488 886 662 922 καθαιρεῖται
680 887 728 914 καὶ
749 887 841 921 αὐτὸς,
861 888 908 915 καὶ

119 931 168 964 οὓς
184 932 339 968 ὲχειροτόνη
344 941 383 959 σε.

155 981 216 1008 Τῶν
230 981 316 1016 ἁγίων
332 981 491 1008 ἀποστόλων
507 980 596 1008 κανὼν
612 980 656 1015 ια’,
669 981 704 1007 λδ¹
720 981 768 1008 καὶ
781 980 827 1008 λε’.

153 1027 270 1054 Συνόδου
282 1027 597 1059 Κωνσταντινουπὸλεως
613 1026 703 1054 κανὼν
722 1026 758 1061 γ’.

153 1072 270 1099 Συνόδου
289 1073 401 1107 Ἐφέσου
416 1071 508 1100 κανὼν
521 1076 547 1100 ι’.

157 1117 275 1144 Συνόδου
290 1118 462 1153 Καλχηδόνος
483 1117 573 1145 κανὼν
588 1117 619 1146 ε’.

154 1164 270 1191 Συνόδου
288 1165 422 1200 Σαρδικῆς
433 1165 523 1191 κανὼν
538 1164 573 1197 α’,
585 1164 608 1200 β’
624 1165 670 1192 καὶ
685 1168 720 1200 γ’.

154 1212 269 1239 Συνόδου
283 1211 462 1247 Καρϐαγένης
478 1211 568 1238 κανὼν
588 1213 644 1247 μη⁸.

156 1258 205 1290 οξ.
222 1259 285 1285 Ὀτι
297 1259 327 1284 οὐ
343 1258 384 1284 δεῖ
399 1257 549 1284 ἐπίσκοπον
561 1257 696 1284 διδάσκειν
713 1258 741 1284 ὲν
755 1257 848 1293 ἐτέρου
861 1257 910 1284 πύ-

119 1305 163 1331 λει
178 1312 184 1319 ·
206 1305 231 1330 εί
253 1304 281 1330 δὲ
306 1304 386 1330 τοῦτο
410 1303 551 1338 φωραθείη
570 1303 665 1336 ποιῶν,
682 1303 832 1338 κατάγεται
855 1303 910 1330 ἀπὸ

119 1350 169 1377 τοῦ
182 1350 286 1385 βαθμοῦ
302 1350 352 1385 τῆς
371 1351 522 1386 ἐπισκοπῆς
537 1352 577 1382 εἰς
594 1350 640 1376 τὸν
658 1351 705 1377 τοῦ
723 1350 909 1386 πρεσϐυτέρου

122 1395 239 1431 βαομόν.

157 1442 272 1469 Συνόδου
291 1443 424 1478 Σαρδικῆς
437 1441 528 1469 κανὼν
542 1441 576 1468 ια’
587 1442 634 1468 καὶ
647 1440 690 1477 ιβ’.

162 1489 277 1517 Συνόδου
295 1488 322 1521 ς’
334 1489 424 1516 κανὼν
441 1488 476 1515 κ’.

961 258 1004 291 qui
1019 257 1276 291 excommunicavit,
1294 258 1402 285 obierit.

997 301 1159 328 Sanctorum
1185 304 1369 337 apostolorum
1387 310 1473 331 canon
1497 303 1542 337 12,
1570 304 1613 338 15,
1634 303 1680 338 15,
1698 303 1744 339 16,

961 347 995 376 18
1012 352 1038 375 οι
1055 347 1097 375 tt).

997 393 1095 429 Synodi
1115 393 1350 429 Carthaginiensis
1366 402 1453 422 canon
1468 395 1502 423 51
1517 399 1543 423 et
1557 395 1602 423 90.

999 440 1098 475 Synodl
1117 439 1150 466 Vl
1171 448 1256 468 canon
1276 440 1320 467 19.

997 485 1097 520 Synodi
1112 484 1156 512 VII
1171 493 1258 512 canon
1280 485 1324 512 l0.

995 531 1096 567 Synodi
1115 532 1141 559 in
1162 532 1262 567 templo
1293 532 1401 560 Sancta;
1434 532 1543 568 Sophia:
1569 533 1669 561 habitae
1699 540 1745 562 ca-

960 585 1012 604 non
1032 578 1058 605 1.

995 624 1039 652 76.
1059 623 1118 652 Non
1134 629 1262 660 oportere
1275 625 1430 660 episcopum
1447 626 1595 660 paroreiam
1613 625 1665 654 sibi
1689 633 1743 654 non

959 670 1094 698 subditam
1118 675 1164 697 aut
1189 671 1300 698 omnino
1318 675 1363 698 aut
1391 679 1440 706 pro
1467 679 1587 707 tempore
1607 672 1746 706 invadere,

960 716 1084 751 quamvis
1101 724 1115 742 a
1133 717 1256 750 pluribus
1271 721 1393 751 cogatur,
1407 717 1459 745 nisi
1475 717 1546 745 forte
1558 722 1668 753 propter
1685 726 1747 746 cau-

959 768 1017 789 sam
1036 762 1134 789 rationi
1152 767 1364 790 couseutaneam
1389 772 1395 790 :
1414 764 1497 799 idque
1522 771 1576 791 non
1593 770 1643 791 suo
1659 764 1746 799 ipsius

960 814 1047 841 motu,
1059 809 1107 836 sed
1126 809 1271 836 multorum
1286 810 1475 844 episcoporum
1487 815 1568 845 atque
1582 810 1667 844 ipsius
1683 818 1747 845 pru-

960 854 1056 881 vincirc
1080 854 1277 889 archiepiscopi
1303 854 1428 888 judicio:
1444 862 1531 890 neque
1547 861 1612 882 vero
1636 855 1746 882 ordines

959 899 1084 928 conferre
1098 901 1124 926 in
1141 900 1192 926 alia
1210 901 1328 934 paroecia
1345 905 1442 934 praeter
1459 901 1544 935 ipsius
1559 907 1741 929 consensum:

958 946 1075 980 alioquin
1089 947 1232 982 deponitur
1245 952 1300 974 tum
1319 949 1385 981 ipse,
1403 953 1460 975 tum
1475 948 1492 974 ii
1510 955 1578 982 quos
1593 948 1739 976 ordinavit.

995 992 1157 1020 Sanctorum
1173 993 1355 1028 apostolorum
1371 1001 1458 1021 canon
1474 994 1517 1026 11,
1532 994 1566 1020 51
1582 999 1610 1022 et
1625 993 1671 1021 55.

996 1038 1096 1074 Synodi
1111 1039 1415 1074 Constantinopolitanae
1430 1047 1517 1068 canon
1536 1040 1565 1068 5.

996 1084 1096 1119 Synodi
1112 1084 1256 1119 Ephesiae:
1272 1093 1358 1113 canon
1380 1087 1424 1112 10.

997 1128 1098 1165 Synodi
1115 1130 1345 1158 Calchedonensis
1363 1139 1450 1158 canon
1468 1132 1496 1159 5.

997 1175 1100 1210 Synodi
1118 1175 1289 1203 Sardiccnsis
1305 1185 1393 1204 canon
1411 1178 1439 1211 1,
1451 1177 1469 1204 2
1483 1182 1510 1205 et
1522 1178 1550 1205 5.

996 1222 1098 1251 Svnodi
1114 1221 1346 1257 Carthaginiensis
1369 1231 1454 1251 canon
1468 1224 1515 1252 48.

995 1270 1041 1298 77.
1059 1269 1116 1296 Νοιι
1137 1275 1262 1304 oportere
1276 1270 1431 1304 episcopum
1447 1271 1546 1298 tloeere
1563 1271 1588 1298 in
1602 1271 1688 1300 aliena
1701 1279 1746 1300 ur~

961 1317 994 1343 be
1009 1323 1016 1342 :
1034 1316 1055 1343 si
1070 1323 1135 1343 vero
1150 1315 1200 1342 hoc
1224 1315 1314 1343 facere
1332 1317 1518 1351 deprehensus
1537 1317 1631 1351 fuerit,
1657 1319 1746 1354 depri-

962 1361 1046 1388 mitur
1063 1361 1096 1388 ab
1112 1362 1284 1396 episcopatus
1303 1362 1388 1396 gradu
1405 1363 1438 1389 ad
1455 1363 1606 1398 presbyteri
1622 1363 1745 1395 gradum.

997 1452 1097 1489 Synodi
1114 1454 1285 1482 Sardiccnsis
1301 1462 1386 1483 canon
1404 1456 1433 1483 11
1453 1460 1480 1484 et
1503 1457 1547 1485 12.

998 1499 1098 1534 Synoili
1115 1500 1148 1527 Vl
1164 1508 1251 1528 canon
1269 1501 1314 1528 20.

158 1537 209 1573 οη’.
222 1537 284 1563 Ὀτι
307 1536 336 1562 οὐ
352 1536 394 1562 δεῖ
408 1535 558 1561 ἐπίσκοπον
575 1535 762 1569 ὰποκαρῆναι,
777 1535 825 1561 καὶ
838 1532 908 1562 εἶναι

997 1547 1041 1574 78.
1063 1546 1120 1574 Non
1138 1553 1264 1582 oportere
1280 1549 1437 1583 episcopum
1454 1550 1602 1584 altondcri,
1619 1557 1649 1577 ac
1665 1551 1744 1579 deiu-

123 1584 202 1615 αὖθις
225 1586 251 1609 ἐν
266 1583 305 1618 τῷ
326 1583 494 1616 ὲτιισκοπείῳ
505 1588 512 1596 ·
529 1580 592 1608 οὔτε
609 1581 637 1607 δὲ
654 1583 833 1617 μοναστήριον
845 1582 910 1608 [διον

123 1631 296 1664 οἰκοδομῆσαι
320 1630 352 1655 ὲκ
374 1628 428 1654 τῶν
448 1628 495 1663 τῆς
520 1628 674 1663 ἐπισκοπῆς
696 1628 848 1663 προσοδίων
865 1627 912 1654 hri

123 1676 273 1704 καταλύσει
293 1675 343 1710 τῆς
361 1674 515 1709 ἐπισκοπῆς
528 1682 536 1689 ·
557 1674 652 1709 ἐπειδὴ
671 1674 801 1709 ἐπιτιμίῳ
826 1673 911 1701 καθυ-

123 1723 177 1750 ποδ
182 1722 301 1749 ἀλλεται.
871 1729 876 1732 ·

159 1769 274 1796 Συνόδου
293 1770 322 1796 ὲν
343 1768 382 1804 τῷ
405 1768 461 1804 ναῷ
479 1768 534 1795 τῶν
556 1767 657 1802 Ἀγίων
677 1765 849 1794 Ἀποστόλων
861 1774 912 1794 κα-

124 1817 178 1843 νὼν
190 1817 224 1848 ζ’.

159 1861 274 1888 Συνόδου
289 1861 317 1888 ὲν
330 1859 370 1895 τῷ
385 1859 441 1895 ναῷ
456 1860 504 1894 τῆς
526 1859 620 1894 ’Δγὶας
632 1859 733 1894 Σοφίας
750 1857 839 1885 κανὼν
852 1856 884 1893 β’.

157 1948 208 1977 00'.
223 1949 286 1975 Ὅτι
301 1949 340 1974 δει
353 1947 386 1973 τὰ
396 1948 424 1973 ὲν
435 1947 493 1977 τοῖς
507 1946 604 1980 ἀγροῖς
628 1945 675 1971 καὶ
687 1946 743 1975 τοῖς
752 1943 912 1979 ἀμπελῶσιν

123 1995 260 2030 εὐκτήρια
269 1994 370 2021 ὡσανεὶ
382 1994 422 2024 εις
433 1994 543 2028 μνήμην
553 1992 702 2027 μαρτύρων
716 1990 911 2026 καθιστάμενα,

123 2043 208 2069 παντὶ
222 2042 316 2076 τρόπῳ
332 2040 571 2075 καταστρέφεσθαι
586 2044 594 2053 ⁸
615 2040 644 2066 ἐν
656 2038 685 2064 δὲ
703 2039 760 2069 τοῖς
775 2037 850 2064 ἔνδον
866 2037 913 2063 εὑ-

123 2087 250 2124 κτηρίοις
272 2086 398 2121 γίνεσθαι
417 2085 466 2121 μὲν
485 2085 670 2119 λειτουργίας,
696 2083 766 2119 πλὴν
788 2082 842 2118 μὴν
867 2083 913 2109 καὶ

124 2133 269 2169 προτροπῇ
282 2132 329 2158 τοῦ
344 2131 416 2158 κατὰ
432 2130 525 2166 χώραν
542 2130 693 2165 ἀρχιερέως
706 2138 713 2145 -
727 2128 868 2164 βαπτίζειν
883 2127 912 2154 δὲ

110 2181 154 2206 -ὲν
169 2179 261 2210 αὐτοῖς
274 2178 324 2205 οὐκ
347 2177 460 2210 ἔξεστιν,
486 2177 555 2204 ἀλλὰ
572 2176 671 2212 μᾶλλον
686 2177 715 2202 ὲν
729 2176 788 2206 ταῖς
803 2174 912 2201 καθολι-

124 2227 190 2257 καῖς
217 2224 404 2259 Ἐκκλησὶαις.
416 2224 444 2250 '0
459 2223 487 2250 δὲ
502 2223 579 2257 παρὰ
601 2223 687 2249 ταῦτα
709 2222 803 2254 ποιῶν,
825 2222 872 2249 καὶ
888 2221 913 2248 οί
927 2217 953 2247 D

123 2270 320 2301 κοινωνοῦντες
337 2269 411 2305 αὐτῷ
431 2269 532 2302 λαῖκοὶ,
543 2268 729 2304 ἀφορίζονται.

161 2317 276 2344 Συνὸδου
291 2315 470 2351 Καρθαγένης
486 2314 577 2342 κανὼν
594 2313 651 2349 πγ’.

161 2363 276 2390 Συνόδου
288 2366 313 2395 ς’
330 2362 419 2389 κανὼν
430 2361 470 2388 λα’
482 2362 528 2388 καὶ
540 2360 590 2388 νϐ’.

164 2411 219 2438 Καὶ
239 2410 348 2437 ευνόδου
363 2411 391 2436 ὲν
412 2410 450 2444 τῷ
469 2409 525 2444 ναῷ
549 2408 603 2436 τῶν
625 2407 722 2443 Ἀγίων
743 2407 912 2435 ’Δποστόλων

126 2457 218 2484 κανὼν
232 2456 275 2492 ιβ’.

164 2503 200 2531 π’.
225 2504 286 2530 ’Ὁτι
299 2502 329 2529 οὐ
341 2502 379 2528 δεῖ
399 2502 524 2528 ἀπαιτεῖν
537 2501 601 2533 τοὺς
621 2501 757 2536 ἀρχιερεῖς
778 2500 832 2527 ἀπὸ
859 2499 913 2528 τῶν

128 2551 175 2577 ἐπ’
194 2551 292 2582 αὐτοὺς
313 2550 398 2577 ὄντων
421 2549 560 2585 κληρικῶν
583 2548 695 2584 χρυσίον
709 2548 728 2583 ἢ
742 2547 880 2583 ἀργύριον
895 2547 923 2582 ἢ.

128 2595 199 2628 εἶδός
214 2605 250 2627 τι,
261 2596 308 2622 καὶ
328 2595 373 2622 διὰ
401 2594 487 2622 ταῦτα
511 2594 652 2630 ἀφορίζειν
681 2594 757 2626 τινὰ,
776 2593 793 2629 ἢ
812 2593 913 2620 κλείειν

127 2642 199 2669 Θεοῦ
215 2642 296 2668 ναόν·
321 2642 415 2677 ἐπειδὴ
437 2641 632 2676 ταντοπαθείᾳ,
655 2640 794 2667 τουτέστιν
816 2641 913 2675 ἀφορι-

128 2688 202 2723 σμῷ,
217 2687 375 2715 ὑποπίπτει.

163 2735 275 2762 Συνόὸου
289 2734 309 2767 ζ’
327 2734 416 2761 κανὼν
430 2734 461 2760 δ’.

167 2783 222 2809 Καὶ
237 2783 348 2818 νομικὸν
362 2781 511 2816 κεφάλαιον
525 2781 574 2808 λθ’.

167 2828 222 2856 πα¹.
242 2829 303 2856 ὐτι
328 2828 358 2855 οὐ
383 2828 422 2854 δεῖ
444 2827 657 2863 μητροπολίτην,
681 2826 698 2862 ἢ
722 2826 911 2862 ὲπίσκοπον,ἢ

128 2876 328 2913 πρεσϐύτερον,
341 2875 359 2910 ἦ
371 2874 503 2911 κληρικὺν
516 2875 698 2910 καταφρονεῖν
711 2873 764 2901 τῶν
779 2873 851 2901 ἰδίων
862 2874 912 2909 ἀρ-

962 1598 1027 1626 cepe
1043 1593 1068 1618 in
1084 1592 1241 1626 epiScupatu
1265 1600 1405 1621 remanere
1431 1603 1438 1621 :
1461 1602 1549 1630 neque
1571 1603 1634 1622 vero
1651 1604 1747 1623 mona-

961 1638 1074 1665 sterium
1098 1639 1225 1672 privatim
1250 1634 1393 1667 exstruere
1408 1647 1443 1667 cx
1463 1641 1634 1676 episcopatus
1652 1642 1746 1669 rediti-

962 1685 1022 1717 bus,
1036 1686 1068 1712 ad
1082 1686 1166 1719 ipsius
1184 1686 1356 1720 episcopatus
1370 1687 1600 1716 destructionem:
1617 1688 1744 1723 alioquin,

962 1739 1048 1766 [meum
1064 1731 1216 1764 subjicitur.

999 1777 1098 1813 Synodi
1122 1777 1147 1803 in
1166 1769 1274 1811 templo
1291 1777 1450 1804 Sanctorqu
1463 1777 1653 1812 Apostolorum
1672 1779 1743 1806 celo-

962 1823 1046 1851 bratae
1062 1831 1148 1850 canon
1164 1823 1190 1850 7.

1000 1869 1101 1905 Synodi
1128 1870 1153 1896 in
1177 1869 1276 1904 templo
1293 1868 1398 1896 Sancla:
1415 1869 1521 1904 Sophim
1536 1870 1679 1898 celebrata
1702 1878 1748 1897 ca-

963 1919 1015 1942 n‘ou
1032 1914 1049 1941 2
1600 1942 1609 1958 l

999 1961 1040 1988 79.
1063 1959 1186 1988 Oratoria
1205 1960 1231 1987 in
1255 1959 1327 1995 agris
1344 1965 1370 1986 et
1387 1960 1472 1987 vineis
1489 1966 1617 1995 tanquam
1636 1961 1661 1988 in
1687 1968 1746 1988 mc-

964 2007 1077 2033 mOriam
1098 2011 1246 2042 martyrum
1261 2011 1397 2033 exstructa
1414 2013 1575 2041 quocunque
1592 2007 1671 2033 modo
1686 2013 1747 2033 esse

964 2052 1144 2086 destruenda;
1173 2053 1200 2079 in
1231 2053 1410 2080 interioribus
1427 2060 1491 2079 vero
1518 2053 1645 2079 oratoriis
1670 2059 1746 2079 sacra

964 2098 1053 2125 missae
1077 2097 1163 2125 oﬂicia
1180 2105 1241 2125 esse
1258 2098 1427 2131 celebranda,
1445 2105 1537 2124 verum
1553 2105 1613 2125 cum
1629 2098 1747 2133 regionis

962 2144 1082 2178 episcopi
1106 2144 1300 2178 permissione;
1320 2143 1459 2178 baptizare
1482 2150 1545 2171 vero
1573 2144 1599 2170 in
1625 2143 1677 2171 illis
1692 2151 1745 2170 non

965 2190 1037 2223 licet,
1067 2191 1113 2217 sed
1135 2190 1223 2224 potius
1251 2190 1277 2216 in
1304 2189 1430 2216 Ecclesiis
1458 2189 1667 2216 universalibus.
1695 2189 1746 2222 Qui

966 2240 1055 2262 autem
1071 2240 1163 2262 contra
1190 2235 1245 2262 iure
1265 2234 1328 2262 facit
1350 2239 1377 2261 et
1398 2235 1443 2269 qui
1469 2241 1529 2261 cum
1545 2241 1578 2262 eo
1594 2234 1747 2262 communi-

965 2284 1027 2306 cant
1039 2279 1100 2306 laici
1117 2283 1305 2314 segregantur.

1002 2325 1102 2360 Synodi
1118 2325 1347 2358 Carthaginiensis
1364 2332 1449 2353 canon
1463 2325 1508 2352 85.

1000 2369 1100 2405 Synodi
1115 2369 1147 2397 Vl
1162 2377 1247 2397 canon
1261 2370 1293 2397 51
1308 2375 1334 2397 et
1351 2369 1396 2397 59.

1000 2416 1103 2452 Synodi
1122 2417 1148 2443 in
1165 2416 1264 2451 templo
1277 2416 1438 2444 Sanctorum
1466 2416 1654 2452 Apostolorum
1675 2414 1746 2442 cele-

964 2460 1048 2488 brata:
1070 2468 1159 2489 canon
1176 2461 1220 2488 12.

999 2506 1043 2534 80.
1065 2507 1193 2534 Ριεειιιιοε
1208 2515 1261 2534 non
1284 2506 1383 2535 debere
1398 2515 1412 2534 a
1436 2507 1545 2534 clericis
1559 2506 1610 2534 sibi
1631 2504 1746 2532 subditis

964 2560 1059 2580 aurum
1089 2557 1136 2579 aut
1160 2555 1300 2586 argentata
1327 2558 1373 2579 aut
1399 2553 1517 2587 aliquam
1544 2551 1660 2586 speciem
1687 2550 1747 2577 exi-

964 2606 1036 2633 gere,
1054 2606 1086 2626 ac
1103 2603 1244 2633 propterea
1265 2604 1425 2633 quemquam
1442 2598 1687 2630 excommunicare,
1699 2603 1747 2625 aut

963 2643 1010 2671 Dei
1027 2644 1124 2679 templo
1137 2644 1286 2672 excludere
1314 2653 1320 2671 :
1343 2644 1461 2678 alioquin
1479 2644 1565 2671 eidem
1582 2651 1678 2679 parum,
1695 2645 1746 2672 hoc

964 2694 1006 2717 est
1018 2691 1302 2722 excommunicationi,
1320 2689 1452 2724 subjacet.

1001 2735 1101 2771 Synodi
1117 2735 1160 2763 VH
1174 2743 1261 2763 canon
1276 2736 1304 2762 4.

999 2782 1033 2809 Ει
1046 2782 1111 2816 legis
1125 2788 1207 2816 caput
1221 2783 1267 2810 59.

999 2828 1043 2856 8i.
1055 2828 1111 2856 Non
1121 2833 1243 2864 oportere
1256 2829 1504 2862 metropolitanum,
1516 2834 1561 2856 aut
1571 2830 1745 2864 episcopum,

962 2878 1009 2902 aut
1024 2875 1226 2910 presbyterum,
1250 2880 1296 2904 aut
1318 2875 1446 2904 clericum
1460 2883 1525 2904 suos
1536 2876 1662 2911 praelatos
1681 2882 1747 2902 con-
