1929 3076
169 122 205 153 35
808 119 969 150 ARSENII
990 118 1165 150 MONACBX
1369 150 1379 157 κ
1765 122 1800 154 36

170 180 281 216 ιυιιψιιιῖ
296 179 404 213 habere,
418 184 497 215 atque
511 178 543 206 ad
564 185 643 206 sacra
659 178 803 206 missarum
817 177 907 204 ofﬁcia
919 183 962 204 eo-

1022 178 1141 213 μερέων,
1164 177 1212 204 καὶ
1232 178 1270 214 μὴ
1291 177 1429 214 εἰσφέρειν
1451 178 1487 205 τὰ
1511 178 1616 205 τούτων
1633 177 1755 214 ὀνόματα
1773 180 1804 207 ἐν

171 235 229 253 ruttt
246 227 354 253 nomina
370 234 424 253 non
441 225 570 252 adhibere
593 233 600 252 :
617 229 664 250 aut
678 223 791 250 seorsim
810 228 959 250 conventus

174 272 274 299 habere
292 277 401 306 propter
416 270 684 306 suspiciOuemJorte
700 269 812 304 alicujus
826 269 958 299 criminis,

170 322 233 344 ante
243 317 337 352 synodi
349 316 529 351 cognitionem
544 324 551 342 :
562 319 608 341 aut
618 314 652 341 ab
661 321 754 340 eorunt
768 313 960 340 communione

169 369 230 389 sese
239 362 407 394 abscindere,
419 362 460 388 vel
471 361 597 397 populum
609 360 699 387 furtim
709 359 742 386 ad
751 367 780 386 se
790 359 957 393 pertrahere.

170 409 220 440 Qui
231 408 302 434 euiin
312 408 347 434 ita
357 408 468 439 faciunt.
478 407 585 443 tyranni
598 410 671 437 sunt.
683 410 762 440 atque
771 404 958 439 idcircogradu

170 454 345 488 driiciuntur,
363 453 584 487 anathematique
613 451 812 485 subjiciuntur,
834 456 860 477 et
881 454 960 484 quot-

170 503 234 532 quot
253 505 314 525 cum
342 498 408 533 ipsis
425 498 626 525 communicant
641 505 648 524 :
666 497 733 523 citra
749 495 878 522 nimirum
902 501 958 520 ma-

171 543 296 570 nifestam
311 544 435 571 [uerenini
452 552 512 579 quae
529 544 562 571 ab
580 543 646 578 ipsis
670 542 757 574 palam
780 539 954 576 praedicetur.

206 590 368 618 Sanctorum
383 590 566 624 apostolorum
581 597 668 616 canon
687 588 703 615 8
720 592 748 614 ct
762 587 809 614 3i.

207 637 308 672 Synodi
325 637 492 672 Gaugrcusis
511 643 598 663 cuncti
614 635 640 662 6.

207 682 307 718 Syttodi
323 682 499 709 Antiochente
517 689 603 708 canon
621 680 648 708 5.

206 728 308 763 Synod]
332 728 567 764 Carthaginiensis
595 734 681 754 canon
712 725 757 760 10,
785 725 828 758 ΙΙ,
851 726 896 758 53,
925 725 960 754 98

172 781 199 803 et
222 776 284 804 105.

210 822 310 858 Synodi
340 821 366 849 in
394 821 493 856 templo
512 820 674 848 Sanctorum
695 819 884 855 Apostolorum
909 819 958 846 ha-

173 869 245 901 bitat,
262 876 348 895 eattou
367 868 411 900 15,
428 867 462 894 M
479 873 506 894 et
524 867 565 893 l5.

208 923 253 950 82.
273 923 330 950 Non
347 928 475 957 oportere
499 929 662 956 quemquam
682 921 841 952 verberare.
864 925 910 947 aut
934 921 961 947 in

173 977 310 998 carcerem
327 970 474 1003 conjicere,
490 972 537 995 aut
553 967 717 994 contumelia
733 967 842 994 allicere
856 967 963 1001 episco-

175 1023 249 1048 pum,
267 1021 313 1041 aut
331 1015 529 1049 presbyterum,
545 1018 592 1039 aut
616 1012 773 1044 diaconum,
785 1017 833 1038 aut
847 1013 963 1046 impera-

175 1066 271 1092 torem,
295 1063 343 1086 aut
358 1058 555 1093 magistratum,
581 1062 708 1090 tanquam
735 1056 849 1082 condicta
875 1055 963 1088 aliqua

175 1107 270 1132 hormn
286 1113 376 1136 causa,
395 1106 434 1131 vel
458 1105 520 1130 dttm
537 1110 646 1130 sacrum
673 1101 788 1129 oilicium
817 1101 962 1135 peragitur,

174 1151 322 1179 Ecclesiam
340 1152 458 1176 turbate.
469 1149 519 1182 Qui
529 1149 600 1176 enitn
612 1149 668 1175 lucc
686 1147 798 1180 faciunt,
813 1147 836 1174 si
855 1147 962 1180 quidem

174 1197 259 1223 sacris
283 1196 413 1228 serviant,
431 1195 516 1229 gradu
543 1194 722 1221 deturbantur
743 1193 788 1219 :si
811 1199 875 1219 vero
891 1191 964 1225 laici,

174 1247 362 1278 segregantur,
381 1242 552 1269 anathemate
563 1241 708 1273 feriuntur,
729 1240 889 1273 multantur,
907 1244 964 1267 tor-

175 1293 302 1322 quentur,
319 1292 365 1315 aut
381 1288 462 1315 etiam
476 1287 564 1322 capite
577 1287 743 1322 plectuntur.

214 1333 374 1359 Sanctorum
391 1331 575 1366 apostolorum
593 1339 680 1358 canon
695 1331 740 1364 55,
756 1329 791 1358 56
806 1335 833 1358 et
849 1329 895 1359 84.

211 1379 311 1414 Synodi
338 1379 364 1405 in
391 1377 491 1413 templo
509 1377 617 1405 Sancta:
633 1377 743 1412 Sophite
757 1377 901 1405 celebrata:
917 1383 963 1405 ca-

177 1433 228 1452 non
247 1425 273 1452 5.

213 1470 291 1505 Legis
307 1477 387 1505 caput
405 1470 439 1498 54
456 1475 484 1498 et
499 1469 542 1497 74.

210 1517 255 1544 83.
272 1515 329 1544 Non
350 1523 475 1551 oportere
491 1524 653 1551 quemquam
676 1516 746 1544 sacri
772 1515 874 1543 ordinis
896 1523 958 1542 ver-
976 1536 998 1565 α

178 1563 273 1590 bet-are
289 1562 475 1597 delinquentes
490 1562 595 1594 ﬁdeles,
622 1567 669 1589 aut
688 1562 809 1589 inﬁdeles
837 1561 962 1596 injuriam

176 1608 338 1641 inferentes,
357 1616 443 1644 neque
456 1617 504 1644 per
521 1615 561 1642 se,
574 1615 661 1643 neque
675 1615 724 1643 per
738 1608 806 1635 alios
821 1615 828 1634 :
843 1607 963 1642 alioquin

175 1655 357 1688 deponuntur.

211 1699 372 1727 Sanctorum
389 1699 574 1734 apostolorum
590 1705 679 1726 canon
695 1698 741 1726 27.

212 1744 313 1780 Synodi
333 1747 358 1772 in
385 1745 484 1779 templo
500 1743 663 1772 Sanctorum
684 1743 874 1779 Apostolorum
889 1742 963 1771 cele-

173 1792 257 1819 brata:
272 1799 358 1819 canon
373 1791 399 1819 9.

209 1836 289 1870 chis
307 1842 388 1870 caput
408 1835 453 1863 40.
498 1842 501 1843 ⁷

211 1882 257 1910 ει.
273 1882 388 1917 Oportet
411 1890 473 1910 eum
489 1882 534 1917 qui
554 1881 674 1909 rationes
699 1880 806 1916 recipit,
831 1881 882 1909 hoc
905 1883 963 1917 epi-

175 1930 250 1963 scopi
268 1929 388 1964 regionis
400 1929 504 1963 judicio
519 1929 609 1956 facere
623 1937 630 1955 z
648 1928 749 1955 habere
763 1935 827 1955 vero
843 1932 964 1963 potesta-

176 1981 250 2007 tem,
267 1975 344 2010 juxta
376 1975 530 2003 accedentis
554 1975 763 2010 paenitentiam,
786 1982 874 2010 pinnae
900 1983 962 2003 cum

176 2021 341 2048 discretione
368 2020 531 2056 irrogandze,
556 2021 613 2047 sive
638 2020 769 2052 severius,
794 2021 851 2048 sive
867 2021 963 2048 Imma-

175 2066 248 2098 nius,
267 2066 325 2093 sive
343 2067 522 2099 moderatius,
540 2074 589 2102 pro
604 2067 763 2094 delictorum
778 2075 838 2101 quae
853 2067 964 2095 admisit

174 2111 304 2145 qualitate
318 2117 345 2139 et
360 2113 524 2147 quantitate,
550 2118 577 2140 et
597 2112 668 2147 quod
684 2120 698 2138 a
713 2113 844 2140 decenuio
864 2113 962 2141 delicta

171 2155 329 2189 judicantur
345 2164 351 2183 :
372 2156 436 2183 item
455 2164 469 2183 a
484 2162 595 2191 peccato
612 2165 641 2184 se
658 2161 858 2185 convertentem
875 2158 962 2185 susci-

1011 225 1070 255 ταῖς
1086 225 1170 259 ίεραῖς
1184 225 1368 260 λειτουργίαις
1382 232 1388 238 ·
1404 224 1420 259 ἢ
1439 224 1526 259 χωρία
1541 225 1668 260 συνάγειν
1688 225 1722 251 δι’
1736 225 1802 252 ὑπό-

1010 279 1085 297 νοιαν
1100 271 1166 302 ἴσως
1180 272 1251 303 τινὸς
1263 272 1348 306 ἐγκλή
1355 279 1449 305 ματος,
1459 271 1513 306 πρὸ
1524 272 1667 307 συνοδικῆς
1684 271 1805 306 διαγνώ-

1012 325 1080 347 σεως
1099 325 1105 331 ·
1129 317 1144 351 ἢ
1183 317 1382 351 ἀποσχίζεσθαι
1411 317 1460 350 τῆς
1487 317 1632 349 κοινωνίας
1650 318 1740 345 αὐτῶν
1755 326 1762 333 ’
1786 318 1803 353 ἢ

1014 361 1077 388 λαὸν
1091 363 1276 397 ὑφαρπάζειν.
1293 363 1323 388 Ol
1340 363 1394 397 γὰρ
1414 363 1486 389 οὕτω
1502 362 1644 394 ποιοῦντες
1675 363 1805 398 τύραννοί

1011 411 1065 436 είσι
1082 418 1088 425 ·
1109 411 1157 437 ναὶ
1175 411 1218 437 διὰ
1237 410 1317 437 τοῦτο
1340 410 1547 445 καθαιροῦνται,
1569 411 1618 438 καὶ
1638 412 1804 446 ἀναθεματί-

1011 454 1113 486 ζοιιται,
1130 456 1175 481 καὶ
1189 455 1246 481 ὅσοι
1260 455 1292 482 ἂν
1306 456 1395 487 αὐτοῖς
1412 456 1542 482 κοινωνοῦ
1550 463 1587 482 τι·
1604 458 1688 492 χωρὶς
1708 457 1789 492 δηλον

1010 500 1053 526 ότι
1072 501 1228 535 προφανοῦς
1260 502 1395 537 αἱρέσεως
1424 502 1630 538 κηρυττομένης
1652 503 1806 538 ἁναφανδὺν

1012 546 1058 573 ὑπ’
1075 547 1175 573 αὐτῶν.

1045 593 1105 619 Τῶν
1123 593 1209 626 ἁγίων
1225 593 1386 619 ἀποστόλων
1398 594 1489 620 κανὼν
1505 593 1529 629 η’
1544 596 1591 620 καὶ
1607 594 1647 621 λα’

1047 640 1162 666 Συνόδου
1184 639 1315 675 Γαγγρῶν
1331 643 1421 667 κανὼν
1442 644 1480 673 ς’.

1047 685 1161 712 Συνόδου
1184 686 1352 720 Ἀντιοχείας
1363 687 1453 713 κανὼν
1467 686 1498 714 ε’.

1047 732 1160 758 Συνόδου
1183 731 1362 766 Καροαγένης
1387 733 1476 759 κανὼν
1496 733 1522 767 ι’,
1549 732 1594 768 ια’,
1614 737 1664 768 νγ¹,
1690 733 1734 771 ιη’
1756 735 1808 762 ναὶ

1013 777 1061 814 ρξ’.

1048 826 1161 851 Συνόδου
1179 827 1208 852 ἐν
1224 826 1262 861 τῷ
1275 825 1331 861 ναῷ
1343 826 1397 852 τῶν
1411 825 1512 859 Ἀγίων
1526 827 1695 855 ’Δποστόλων
1714 828 1807 855 κανὼν

977 860 997 888 Β
1014 875 1058 906 ιγ’,
1074 871 1102 898 ιδ’
1121 874 1166 898 καὶ
1188 876 1230 900 ιε’.

1048 916 1104 952 πβ¹.
1133 918 1193 944 Ὅτι
1221 919 1252 945 οὺ
1280 918 1320 945 δεῖ
1341 926 1404 946 τινα
1422 919 1527 954 τύψαι,
1553 919 1569 955 ἢ
1597 919 1763 955 φυλακίσαι,
1788 921 1807 955 ἢ

1014 963 1126 998 ὑδρίσαι
1148 964 1342 1001 ἐπίσκοπον,ἢ
1366 966 1564 1001 πρεσϐύτερον,
1585 967 1600 1002 ἢ
1623 967 1764 999 διάκονον,
1788 968 1806 1003 ἦ

1015 1008 1139 1043 βασιλέα,
1155 1010 1170 1044 ἢ
1187 1010 1318 1045 ἄρχοντα,
1333 1011 1371 1042 ὡς
1390 1011 1622 1047 συμπλασάμενον
1638 1013 1728 1039 αἰτίαν
1743 1022 1808 1040 τινα

1013 1056 1126 1086 τούτων,
1153 1057 1168 1091 ἢ
1188 1057 1325 1090 συνάξεως
1342 1058 1557 1094 ἐπιτελουμένης
1572 1059 1622 1094 τὴν
1640 1059 1807 1094 Ἐκκλησίαν

1014 1103 1150 1138 ταράξαι·
1171 1104 1195 1130 οἱ
1211 1104 1265 1139 γὰρ
1282 1104 1369 1131 ταῦτα
1385 1104 1536 1138 ποιοῦντες,
1551 1106 1575 1131 εἰ
1595 1106 1643 1141 μὲν
1661 1107 1808 1141 ἱερωμένον.

1014 1149 1078 1181 εἰσὶ,
1099 1149 1296 1184 καθαιροῦνται
1314 1157 1320 1165 ’
1342 1150 1366 1176 εἱ
1382 1150 1409 1176 δὲ
1426 1150 1525 1183 λαῖκοὶ,
1553 1151 1739 1187 ἀφορίζονται,
1759 1154 1810 1179 καὶ

1015 1194 1273 1229 ἁναθεματίζονται,
1292 1195 1339 1222 καὶ
1351 1195 1525 1230 ζημιοῦνται,
1537 1197 1585 1223 καὶ
1600 1196 1807 1232 βασανίζονται,

1014 1238 1031 1274 ἢ
1045 1239 1092 1265 καὶ
1102 1239 1258 1274 κεφαλικῶς
1271 1240 1469 1276 τιμωροῦνται.

1050 1326 1111 1353 Τῶν
1130 1327 1216 1361 ἁγίων
1242 1328 1400 1355 ἀποστόλων
1417 1329 1507 1356 κανὼν
1526 1334 1572 1363 ve’,
1588 1330 1630 1363 νς¹
1647 1332 1694 1358 καὶ
1710 1331 1763 1358 πδ’.

1051 1373 1164 1400 Συνόδου
1182 1374 1211 1400 ὲν
1231 1374 1269 1410 τῷ
1285 1375 1341 1410 ναῷ
1354 1376 1402 1410 τῆς
1423 1375 1516 1410 ’Δγίας
1540 1377 1640 1411 Σοφίας
1664 1377 1753 1405 κανὼν
1769 1377 1808 1413 γ’.

1051 1466 1107 1493 Καὶ
1121 1466 1234 1501 νομικὸν
1250 1467 1399 1502 κεφάλαιον
1412 1467 1449 1494 λδ¹
1463 1467 1509 1494 καὶ
1526 1468 1572 1496 οόν,

1051 1511 1107 1546 πγ’.
1126 1513 1232 1540 Ὅτιού
1248 1513 1287 1539 δεῖ
1308 1522 1369 1540 τινα
1394 1514 1448 1541 τῶν
1467 1514 1516 1549 τῆς
1538 1514 1680 1549 ἱερατικῆς
1697 1515 1804 1548 τάξεως

1015 1557 1126 1585 τὺπτειν
1151 1559 1376 1594 ἁμαρτήσαντας.
1392 1559 1513 1591 πιστοὺς,
1531 1559 1547 1594 ἢ
1564 1560 1695 1591 ἀπίστους
1709 1560 1806 1595 ἀδικήο

1015 1613 1125 1638 σαντας,
1148 1605 1209 1632 οὔτε
1231 1605 1266 1632 δι’
1292 1606 1406 1638 ἑαυτῶν,
1421 1605 1482 1632 οὒτε
1503 1606 1537 1633 δι’
1565 1607 1684 1643 ἐτέρων·
1710 1608 1807 1643 ἐπειδὴ

1015 1651 1227 1687 καθαιροῦνται.

1050 1697 1111 1723 Τῶν
1124 1697 1210 1730 ἁγίων
1223 1697 1378 1724 ἀποστόλων
1394 1697 1483 1724 κανὼν
1499 1697 1550 1730 κζ’.

1050 1742 1164 1770 Συνόδου
1179 1744 1208 1770 ἐν
1226 1743 1264 1779 τῷ
1286 1743 1342 1779 ναῷ
1363 1744 1418 1771 τῶν
1440 1744 1537 1779 Ἅγιων
1555 1745 1726 1772 Ἀποστόλων
1750 1754 1803 1772 κα-

1015 1787 1068 1816 νὼν
1079 1787 1111 1816 θ’.

1050 1837 1106 1864 Καὶ
1119 1837 1230 1872 νομικὸν
1243 1838 1392 1872 κεφάλαιον
1408 1837 1445 1874 μ’.

1052 1883 1104 1910 πδ¹.
1129 1883 1191 1910 Ὂτι
1205 1883 1246 1910 δεῖ
1264 1884 1309 1911 τὸν
1325 1885 1524 1920 ἀναδεχόμενον
1543 1885 1692 1921 λογισμοὺς
1711 1886 1803 1920 κρίσει

1013 1928 1061 1956 τοῦ
1082 1929 1152 1956 κατὰ
1178 1929 1269 1965 χώραν
1283 1931 1433 1958 ἑπισκόπου
1444 1931 1524 1958 τοῦτο
1547 1932 1633 1958 ποιεῖν
1650 1940 1659 1948 ι
1682 1931 1754 1966 ἔχειν
1774 1931 1804 1958 δὲ

1014 1974 1139 2006 ἐξουσίαν
1154 1975 1220 2010 πρὸς
1237 1975 1287 2011 τὴν
1309 1977 1457 2010 μετάνοιαν
1471 1976 1518 2003 τοῦ
1538 1977 1760 2012 προσερχομένου
1773 1977 1803 2003 ἐν

1013 2020 1150 2056 διακρίσει
1166 2022 1337 2057 κυϐερνῆσαι
1353 2023 1388 2048 τὰ
1411 2021 1613 2058 ὲπιτιμώμενα,
1631 2023 1686 2049 εἴτε
1702 2024 1805 2049 ἀποτο-

1015 2065 1150 2101 μὼτερον,
1163 2067 1218 2094 εἴτε
1235 2067 1506 2104 φιλανθρωπότερον,
1526 2069 1573 2095 καὶ
1592 2068 1777 2104 μετριώτερον
1794 2075 1802 2081 '

1013 2111 1065 2139 κᾶν
1084 2113 1191 2146 ὁποίας,
1206 2114 1252 2140 καὶ
1267 2114 1331 2145 ὅσας
1344 2114 1510 2149 διεπράξατο
1526 2114 1665 2149 ἁμαρτίας
1677 2122 1684 2128 ·
1702 2114 1748 2139 καὶ
1760 2114 1801 2140 ὅτι

1013 2158 1068 2185 ἀπὸ
1079 2158 1262 2190 δωδεκαετοῦς
1273 2160 1414 2195 κρίνονται
1433 2159 1468 2185 τὰ
1479 2159 1668 2194 ἁμαρτήματα
1676 2166 1683 2173 ·
1699 2158 1747 2184 καὶ
1761 2161 1800 2185 in

174 2200 301 2235 piendum
320 2209 392 2230 esse.
409 2201 460 2235 Qui
475 2201 547 2229 enim
574 2202 653 2230 talem
670 2209 723 2230 non
748 2202 860 2239 recipit,
877 2204 961 2238 gradu

1022 2205 1060 2231 τὸν
1078 2205 1278 2241 ἐπιστρέφοντα
1292 2206 1345 2232 ἀπὸ
1367 2205 1504 2240 ἁμαρτίας
1519 2204 1717 2240 προσδέχεσθαι
1735 2205 1801 2241 χρή.

174 2246 310 2281 dejicitur.

208 2293 369 2322 Sanctorum
387 2294 571 2330 apostolorum
587 2302 674 2322 canon
691 2294 735 2322 52.

210 2335 312 2374 Synodi
327 2339 443 2368 Nicanze
457 2348 545 2368 canon
560 2340 602 2367 l2.

210 2384 312 2420 Synodi
327 2384 656 2420 Neocmsariensiscauon
673 2385 700 2413 3.

206 2431 307 2466 Synodi
323 2430 488 2466 Gangreusis
503 2439 590 2459 canon
606 2432 653 2459 21.

209 2477 311 2512 Synodi
325 2476 483 2505 Laodicena
498 2485 584 2504 canon
601 2477 629 2505 2.

211 2522 312 2557 Synodi
331 2523 567 2558 Carthaginiensis
583 2531 670 2551 canon
685 2523 713 2558 6,
729 2523 756 2557 7,
770 2523 805 2551 45
818 2527 846 2551 et
857 2522 904 2551 45.

211 2570 313 2605 Synodi
329 2569 362 2598 Vl
377 2577 463 2598 canon
481 2570 544 2598 l07.

210 2616 303 2644 Sancti
321 2615 414 2643 Basilii
431 2624 517 2644 canon
533 2617 561 2649 5,
577 2616 623 2648 δι,
640 2616 675 2643 Ἠν
692 2620 717 2644 et
731 2616 777 2644 84.

210 2661 300 2689 Sancti
316 2661 440 2698 Gregorii
452 2662 567 2699 Nysseni
587 2662 729 2696 Prologus.

212 2708 305 2736 Sancti
321 2709 457 2736 Timethei
473 2709 586 2744 apostoli
601 2716 687 2736 canon
705 2708 748 2736 18.

207 2755 252 2784 85.
266 2754 325 2783 Non
340 2761 466 2790 oportere
483 2757 585 2790 absque
607 2755 779 2791 imperatoris
792 2754 868 2790 jussu
881 2775 889 2788 ,
911 2760 959 2782 aut

1019 2253 1048 2277 '0
1064 2252 1118 2287 γὰρ
1136 2251 1174 2286 μὴ
1188 2251 1333 2286 δεχόμενος
1348 2250 1393 2277 τὸν
1407 2250 1540 2282 τοιοῦτον,
1552 2250 1735 2285 καθαιρεῖται.

1047 2297 1107 2324 Τῶν
1117 2297 1202 2331 ἁγίων
1216 2297 1372 2323 ἀποστόλων
1388 2295 1479 2322 κανὼν
1493 2295 1544 2331 νβ’.

1000 2375 1002 2377 _
1048 2343 1161 2370 Συνόδου
1174 2343 1295 2374 Νικαίας
1310 2341 1401 2368 κανὼν
1415 2341 1458 2375 ιβ’.

1045 2389 1160 2416 Συνόδου
1178 2389 1394 2424 Νεοκαισαρείας
1407 2389 1497 2416 κανὼν
1513 2389 1546 2424 γ’.

1045 2435 1159 2461 Συνόδου
1173 2435 1307 2470 Γαγγρῶν
1321 2434 1411 2462 κανὼν
1425 2434 1480 2461 κα’.

1047 2479 1162 2505 Συνόδου
1176 2478 1339 2511 Λαοδικείας
1353 2478 1446 2505 κανὼν
1464 2478 1497 2513 β’.

1045 2524 1160 2551 Συνόδου
1174 2524 1354 2560 Καρθαγένης
1370 2533 1431 2551 καν.
1450 2523 1489 2557 ς’,
1504 2522 1537 2556 ζ’,
1557 2527 1602 2559 μγ¹
1619 2524 1666 2551 καὶ
1678 2527 1730 2560 με’.

1046 2570 1158 2597 Συνόδου
1172 2573 1198 2603 ς’
1213 2569 1305 2597 κανὼν
1318 2570 1368 2606 ρξ’.

1045 2616 1098 2643 Τοῦ
1118 2617 1194 2651 ἁγίου
1208 2616 1350 2643 Βασιλείου
1371 2625 1433 2644 καν.
1450 2620 1485 2651 γ’,
1500 2617 1548 2648 v8',
1562 2616 1596 2643 οδ¹
1612 2618 1658 2644 καὶ
1673 2618 1726 2646 τίδ’.

1045 2663 1097 2689 Τοῦ
1111 2663 1189 2697 ἁγίου
1202 2662 1354 2697 Γρηγορίου
1369 2662 1481 2698 Νύσσης
1495 2662 1640 2697 Πρόλογος.

1044 2708 1098 2736 Τοῦ
1118 2709 1195 2743 ἁγίου
1211 2709 1346 2744 Τιμοθέου
1363 2708 1409 2735 τοῦ
1424 2709 1575 2735 ἀποστόλου
1592 2708 1682 2735 κανὼν
1696 2708 1741 2744 ιη’.

1045 2755 1096 2782 πε’.
1124 2755 1185 2782 ’Ότι
1212 2755 1242 2782 οὐ
1268 2756 1309 2782 δεῖ
1329 2756 1393 2782 ἄνευ
1421 2755 1568 2790 βασιλικῆς
1592 2755 1796 2792 προστάξεωςῆ

173 2804 320 2837 Sententia,
336 2808 362 2830 et
379 2803 479 2830 litteris
492 2802 637 2837 provincia:
651 2801 847 2837 archiepiscopi
864 2809 958 2836 quent-

1022 2802 1136 2836 ἰθώμης,
1153 2802 1199 2828 καὶ
1214 2802 1380 2837 γράμματος
1396 2801 1443 2827 τοῦ
1462 2803 1490 2827 ἐν
1512 2802 1545 2836 τῇ
1563 2800 1685 2836 ἐπαρχίᾳ
1704 2802 1798 2835 ἁργιε-

172 2857 252 2884 quam
276 2850 466 2884 cpiscOpot-um
483 2850 673 2882 imperatorem
699 2848 795 2876 adire:
812 2847 858 2881 qui
885 2847 958 2875 enim

1012 2848 1080 2879 οέως
1104 2848 1163 2874 τινὰ
1192 2848 1245 2874 τῶν
1269 2848 1427 2874 ἐπισκόπων
1449 2847 1608 2883 προσελθεῖν
1635 2847 1763 2882 βασιλεῖ’
1782 2849 1796 2873 ὁ
