1930 3073
139 131 171 163 39
771 124 895 154 ARSEN
904 124 928 154 ll

988 122 1124 153 )NACHI
1727 122 1762 153 40

173 183 273 220 Synodi
293 182 408 210 Niczcnac
424 189 510 209 canon
525 181 551 208 5.

173 230 273 265 Synodi
292 229 466 256 Antiochena:
481 235 567 255 canon
584 226 629 254 20.

171 275 271 311 Synodi
289 273 447 301 Laodiceam
461 281 547 301 canon
567 272 611 300 40.

174 321 275 357 Synodi
292 320 521 348 Calchedonensis
537 327 625 347 canon
644 319 688 346 l9.

174 368 273 403 Synodi
289 367 517 402 Carthaginiensis
531 373 618 394 canon
633 366 676 399 18,
692 364 739 398 52,
753 364 798 397 75,
811 364 857 398 76,
875 364 921 397 77,

139 414 172 442 94
193 419 220 442 et
239 413 284 441 95.

173 459 273 495 Synodi
290 459 321 487 Vl
338 466 424 487 canon
444 458 472 486 8.

173 504 275 540 Synodi
294 504 341 532 γη
356 511 443 532 canon
459 503 487 530 6.

174 552 218 580 9L
235 551 438 579 Calechumcno
461 550 536 584 lapso
552 553 606 576 tres
624 555 711 575 annos
731 554 838 581 poenam
863 554 924 574 esse

139 597 317 628 subeundam,
334 596 430 623 deinde
444 602 538 622 rursus
555 595 642 628 ipsum
658 599 718 620 esse
735 591 924 620 instruendum

138 647 165 670 et
177 641 380 680 baptizandum.
396 640 424 668 Si
437 647 502 667 vero
519 639 660 673 contingat
685 638 772 672 ipsum
793 642 925 672 mgrotare

140 690 173 716 ad
191 694 316 720 mortem,
344 688 497 714 instruatur
517 690 544 712 et
570 685 723 720 baptizatur
744 684 826 711 etiam
852 684 924 710 intra

140 731 297 758 triennium.
314 730 382 758 Item
398 738 512 765 puerum
527 729 572 764 qui
590 729 736 756 instruitur
757 735 817 756 esse
838 728 925 763 bapti-

142 778 270 808 zamlum,
285 776 308 804 si
324 776 452 810 ignorans
468 775 621 810 participat.

176 822 274 857 Synodi
292 821 406 849 Nicmme
419 828 505 849 canon
520 820 563 848 Η.

176 866 277 900 Synodi
291 865 519 894 Neocaesariensis
534 872 620 892 canon
637 864 664 892 5.

177 910 270 939 Sancti
284 911 420 939 Timothei
437 918 522 938 canon
537 911 564 938 l.

175 957 268 985 Sancti
286 957 379 993 Cyrilli
397 964 484 984 canon
501 957 526 983 7.

174 1003 220 1032 92.
237 1003 410 1031 Publicarum
427 1009 517 1030 rerum
535 1007 582 1030 aut
603 1001 768 1037 iudiciorum
793 1002 926 1037 cognitio~

140 1058 202 1078 nem
218 1051 252 1078 ab
268 1050 434 1085 imperatore
444 1057 498 1077 non
514 1057 575 1078 esse
587 1049 743 1084 petendam,
758 1049 805 1076 sed
821 1048 927 1083 episco-

140 1103 234 1131 porum
247 1095 349 1131 judicia
365 1095 399 1122 ab
417 1095 459 1122 his
483 1095 529 1129 qui
553 1094 640 1122 sacris
659 1094 758 1121 addicti
782 1099 844 1121 sunt
867 1101 928 1122 esse

140 1142 316 1177 requirenda.
333 1141 390 1168 Nisi
404 1141 476 1169 enim
492 1142 528 1168 ita
543 1140 657 1174 faciant,
672 1141 756 1175 gradu
774 1145 927 1168 moventur.

175 1188 276 1223 Synodi
296 1187 530 1223 Carthaginiensis
550 1194 637 1214 canon
653 1186 704 1214 104
717 1190 745 1213 et
757 1186 820 1213 l20.

175 1234 222 1262 95.
242 1233 300 1262 Non
317 1239 445 1269 oportere
460 1240 625 1268 quemquam
644 1232 737 1261 dicere
755 1233 898 1260 mortalem
912 1240 927 1260 a

141 1280 197 1308 Dco
211 1280 312 1308 factum
326 1288 387 1308 esse
400 1280 532 1308 Adamum
546 1287 554 1307 :
569 1279 615 1314 qui
628 1279 700 1307 enim
716 1280 754 1306 ita
770 1279 845 1311 dicit,
861 1285 927 1306 ana-

141 1327 256 1355 themati
273 1327 429 1362 subjicitur.

179 1374 280 1409 Synodi
292 1374 526 1409 Carthaginiensis
540 1381 628 1401 canon
645 1373 705 1400 l09.

177 1419 222 1447 94.
237 1419 295 1447 Non
308 1424 434 1454 oportere
446 1419 541 1447 eodem
553 1417 637 1446 simul
652 1423 775 1453 tempore
792 1419 928 1452 deponere

142 1473 223 1502 atque
245 1467 484 1495 excommunicare
498 1474 559 1494 eum
574 1467 620 1502 qui
636 1467 723 1494 sacris
740 1466 863 1494 addictus
878 1466 925 1498 sit,

937 181 960 210 Α
1010 177 1123 205 Συνόδου
1137 176 1254 209 Νικαίας
1272 176 1364 204 κανὼν
1377 175 1408 204 ε’.

1011 225 1126 251 Συνόδου
1149 223 1316 259 Ἀντιοχείας
1333 223 1425 250 κανὼν
1445 226 1480 251 κ’.

1009 271 1123 298 Συνόδου
1136 270 1299 302 Λαοδικείας
1312 269 1402 297 κανὼν
1425 269 1461 305 μ’.

1012 317 1127 343 Συνόδου
1144 316 1316 351 Καλχηδόνος
1334 316 1423 343 κανὼν
1438 317 1481 344 ιϐ’.

1011 361 1125 388 Συνόδου
1142 361 1326 397 Καρυαγένης
1341 362 1433 389 κανὼν
1446 366 1491 396 ιη’,
1509 362 1558 398 νβ’,
1575 361 1624 397 ογ’,
1640 362 1695 396 ος’,
1713 363 1762 395 οῖ’.

975 407 1014 442 ιιδ¹
1029 407 1077 434 καὶ
1094 409 1144 440 hs"

1010 455 1126 481 Συνόδου
1141 456 1167 481 ς’
1179 454 1271 481 κανὼν
1288 453 1324 489 η’.

1011 499 1125 524 Συνὸδου
1147 498 1169 530 ζ’
1187 498 1280 525 κανὼν
1299 497 1390 529 ἕκτος.

1011 547 1066 578 ha’.
1087 545 1150 571 ’Ότι
1166 545 1207 571 δεῖ
1222 545 1269 571 τὸν
1285 543 1490 579 κατηχούμενον
1505 544 1552 571 καὶ
1568 544 1763 578 παραπεσόντα

975 591 1156 626 ἐπιτιμᾶσθαι
1177 592 1204 617 ὲν
1225 590 1316 625 τρισὶν
1333 590 1422 616 ἐτεσιν
1435 609 1443 623 ,
1465 587 1515 616 εἶτ’
1531 589 1607 620 αὖθις
1632 591 1762 624 κατηχεῖσ

977 637 1051 670 σθαι,
1065 637 1113 664 καὶ
1131 636 1326 672 βαπτίζεσθαι,
1342 636 1374 662 Εἰ
1390 636 1418 662 δὲ
1437 636 1529 671 συμόῇ
1546 635 1628 662 αὐτὸν
1648 635 1764 668 ἀσθειῆ-

979 692 1025 710 σαι
1039 683 1108 719 πρὸς
1120 683 1246 715 θάνατον,
1262 682 1445 717 κατηχείσθω,
1462 683 1509 709 καὶ
1522 681 1705 716 βαπτιζέσοω,
1715 681 1764 707 καὶ

976 731 1041 756 εῐσω
1055 731 1104 764 τῆς
1119 729 1250 764 τριετίας.
1273 729 1327 755 Καὶ
1341 730 1383 755 ﬁt
1393 729 1433 755 δεῖ
1446 728 1625 763 βαπτίζεσθαι
1637 728 1668 754 τὸ
1677 735 1763 761 κατη-

983 774 1118 810 χούμενον
1132 774 1250 806 παιδίον,
1266 774 1292 800 εί
1307 773 1422 807 ἀγνοοῦν
1433 772 1592 807 μεταλάϐοι.

1013 821 1128 847 Συνὸδου
1142 820 1263 852 Νικαίας
1275 819 1365 846 κανὼν
1389 819 1430 846 ιδ’.

1013 866 1126 892 Συνόδου
1143 865 1362 899 Νεοκαισαρείας
1377 863 1467 890 κανὼν
1485 862 1516 890 ε’.

1012 912 1066 939 Τοῦ
1081 913 1159 946 ἁγίου
1173 911 1309 947 Τιμοθέου
1324 911 1414 937 κανὼν
1427 912 1462 937 α’.

1012 958 1068 986 Καὶ
1083 958 1131 985 τοῦ
1149 957 1228 992 ἁγίου
1241 957 1377 992 Κυρίλλου
1390 956 1479 984 κανὼν
1493 955 1526 989 ζ’.

1013 1003 1066 1040 ιβ’.
1087 1005 1148 1031 Ὅτι
1165 1004 1196 1031 οὐ
1212 1004 1252 1031 δεῖ
1265 1005 1351 1031 αίτεῖν
1369 1004 1424 1031 ἀπὸ
1437 1004 1485 1030 τοῦ
1504 1002 1636 1038 βασιλέως
1649 1002 1765 1035 διάγνω-

979 1059 1021 1077 σιν
1049 1050 1186 1085 δημοσίων
1216 1049 1388 1085 πραγμάτων
1412 1049 1428 1084 ἢ
1458 1049 1666 1084 δικαστηρίων·
1697 1047 1766 1074 ἀλλὰ

977 1097 1069 1133 κρίσει
1092 1096 1147 1132 [Ion
1165 1096 1283 1132 κρίσεις]
1303 1096 1461 1123 ἐπισκόπων
1485 1096 1571 1122 αἰτεῖν
1593 1094 1656 1125 τοὺς
1684 1094 1764 1128 ἱερω-

979 1143 1088 1179 μένους.
1101 1143 1132 1168 Εἰ
1149 1142 1187 1178 μὴ
1202 1142 1257 1177 γὰρ
1268 1141 1341 1169 οὕτω
1352 1141 1471 1173 ποιοῦσι,
1487 1139 1692 1176 καθαιροῦνται.

1013 1188 1126 1216 Συνόδου
1144 1188 1326 1224 Καρθαγένης
1341 1187 1434 1214 κανὼν
1448 1186 1486 1223 ρδ¹
1507 1187 1554 1214 καὶ
1571 1185 1623 1222 ρκ’.

1013 1235 1068 1269 ια’.
1088 1235 1150 1262 Ὂτι
1178 1235 1209 1261 οὐ
1232 1234 1274 1261 δεῖ
1296 1242 1358 1261 τινα
1386 1234 1484 1269 θνητὸν
1511 1234 1603 1268 λέγειν
1620 1233 1674 1260 ἀπὸ
1696 1232 1764 1260 Θεοῦ

978 1281 1133 1316 πλασθῆναι
1149 1281 1196 1308 τδν
1217 1281 1303 1317 Ἀδάμ
1319 1289 1326 1296 ·
1346 1282 1360 1308 ο
1375 1281 1428 1316 γὰρ
1448 1280 1522 1308 οὕτω
1543 1280 1649 1315 λέγων,
1667 1279 1765 1308 ἀναθε-

980 1329 1135 1364 ματίζεται.

1015 1375 1130 1402 Συνόδου
1143 1375 1325 1411 Καρθαγένης
1341 1375 1433 1402 κανὼν
1451 1375 1500 1411 ρθ’.

1016 1421 1133 1456 ιιιδ’.”οτι
1145 1423 1174 1449 οὐ
1190 1423 1232 1450 δεῖ
1245 1424 1275 1449 ὲν
1291 1422 1384 1458 ταύτῷ
1398 1423 1552 1458 καθαιρεῖν,
1565 1423 1612 1450 καὶ
1623 1424 1764 1459 ἀφορίζειν

981 1468 1129 1503 ἱερωμένον
1148 1469 1370 1504 ἀμαρτήσαντα⁰
1392 1469 1460 1496 ἀλλὰ
1481 1469 1624 1505 ἀρκεῖσθαι
1642 1472 1710 1507 μόνῃ
1729 1473 1762 1507 τῇ

142 1516 176 1540 ob
196 1513 344 1542 admissum
362 1513 505 1546 delictum,
529 1513 577 1541 sed
600 1517 758 1541 contentum
786 1519 847 1540 esse
868 1512 926 1540 sola

988 1515 1098 1550 ἱιηνεκεῖ
1109 1514 1283 1550 καθαιρέσει.

143 1564 270 1593 perpetua
287 1559 466 1594 depositione.

180 1605 342 1633 Sanctorum
361 1605 547 1639 apostolorum
564 1611 652 1632 canon
667 1604 712 1632 25.

178 1652 278 1688 Synodi
293 1651 529 1686 Carthaginiensis
543 1658 631 1678 canon
643 1651 690 1678 27.

179 1698 271 1725 Sancti
286 1697 377 1724 Basilii
394 1703 483 1724 canon
499 1697 526 1729 5,
539 1697 575 1724 52
593 1700 621 1724 et
636 1696 682 1724 51.

183 1743 226 1770 95.
246 1742 438 1778 Presbyterum
456 1742 491 1770 oh
508 1742 622 1775 crimina
640 1742 724 1777 gradu
747 1742 879 1776 deiectum
901 1742 929 1769 iu

144 1789 237 1817 clerici
253 1789 378 1816 ordinem
391 1797 452 1817 esse
467 1789 686 1823 deprimendum,
705 1797 754 1816 uec
769 1796 931 1824 promoven-

144 1837 206 1862 dutn
225 1835 352 1868 ulterius,
362 1835 385 1863 si
400 1836 528 1863 nimirum
543 1843 557 1862 a
575 1835 645 1862 malo
658 1835 772 1863 desistat
785 1844 792 1862 :
805 1835 931 1862 similiter

143 1887 169 1908 et
184 1881 324 1914 lectorem,
348 1881 372 1908 si
401 1886 464 1908 ante
491 1880 599 1915 nuptias
614 1888 674 1908 cum
691 1888 739 1908 sua
758 1888 859 1915 sponsa
872 1886 931 1908 rem

145 1927 271 1954 habuerit
287 1935 295 1954 :
312 1927 335 1954 si
351 1933 415 1954 vero
428 1927 511 1954 etiam
536 1930 599 1954 ante
613 1926 866 1961 desponsationetn.
882 1933 931 1960 pe-

145 1973 215 1999 nitus
231 1972 401 1999 tleturhatur.

181 2017 281 2052 Synodi
296 2016 524 2045 Neocaesariensis
540 2024 626 2044 canon
639 2015 656 2044 9
669 2020 695 2044 ct
710 2016 754 2043 to.

181 2064 281 2099 Synodi
302 2063 335 2091 Vl
353 2071 440 2090 canon
456 2063 502 2090 21.

183 2110 275 2136 Sancti
296 2108 387 2136 Basilii
405 2117 492 2136 canon
510 2109 553 2137 69.

181 2155 226 2183 96.
248 2155 381 2190 Oportcre
399 2156 556 2190 episcopum
582 2159 737 2183 accusatum
764 2160 792 2182 et
816 2156 927 2183 citatum

146 2201 241 2228 adesse
256 2201 327 2227 intra
337 2202 404 2228 duos
418 2207 524 2228 menses
535 2209 542 2227 :
555 2200 606 2228 nisi
618 2200 689 2228 enim
701 2201 781 2233 adsit,
796 2201 928 2228 sententia

145 2247 434 2274 excommunicationis
451 2247 479 2273 in
495 2254 556 2274 eum
578 2246 673 2274 fertur.
690 2247 841 2274 [hereticus
866 2254 929 2274 vero

147 2301 199 2320 non
217 2293 348 2328 recipitur
360 2293 394 2320 ad
411 2292 598 2320 accusandum
611 2313 619 2326 ,
640 2300 728 2327 neque
744 2293 832 2320 ﬁdelis
850 2300 929 2326 unus,

147 2339 197 2366 nisi
224 2339 293 2366 forte
316 2339 455 2374 propriam
479 2339 599 2373 aliquam
629 2339 790 2374 negotialem
821 2346 930 2366 causam

147 2385 254 2413 haheat.
277 2385 371 2420 Neque
387 2393 451 2413 vero
475 2385 726 2413 excommunicatus
742 2385 775 2412 ad
797 2392 931 2413 accusan-

147 2432 211 2459 dum
237 2432 409 2467 recipiendus
437 2437 500 2464 est,
527 2439 617 2466 neque
640 2431 808 2463 infamatus,
846 2439 934 2466 neque

147 2485 253 2510 servus,
269 2485 356 2513 neque
372 2477 498 2513 proprius
515 2477 640 2510 libertus,
660 2485 746 2512 neque
760 2477 795 2505 ab
813 2477 933 2505 Ecclesia

148 2524 296 2556 abscissus,
324 2530 410 2558 neque
435 2524 458 2551 is
476 2523 523 2558 qui
545 2528 623 2551 antea
647 2523 674 2550 in
693 2523 745 2550 alia
761 2524 934 2551 accusatione

151 2570 278 2597 mentitus
295 2570 389 2602 fuerit,
405 2577 493 2604 neque
507 2570 578 2596 intra
598 2573 725 2604 quartum
745 2573 773 2596 et
795 2569 931 2596 decimum

147 2617 235 2646 aetatis
248 2624 360 2644 annum.
377 2615 469 2652 Neque
483 2617 557 2651 prius
577 2615 778 2643 acousationem
796 2614 932 2649 recipien-

149 2665 209 2692 dam
221 2671 281 2692 esse
294 2672 374 2699 quam
388 2665 491 2699 scripto
506 2663 623 2691 confessi
638 2662 749 2694 fuerint,
763 2669 792 2689 se
806 2661 929 2689 eumdem

149 2718 244 2739 casum
257 2709 384 2738 subiisse.
402 2709 467 2738 Item
482 2710 623 2744 episcopos
641 2716 656 2735 a
671 2708 787 2743 propriis
798 2707 932 2741 episcopis

147 2756 263 2792 iudicari
286 2764 294 2783 :
318 2763 350 2783 ac
372 2755 504 2790 siquidem
531 2762 626 2783 omnes
648 2754 791 2789 provincia:
814 2753 932 2787 episcopi

150 2803 339 2831 consenserint
356 2803 382 2830 in
399 2802 509 2830 ferenda
527 2802 674 2833 sententia,
698 2800 731 2827 ab
747 2800 779 2826 iis
796 2807 849 2826 non
867 2805 932 2833 pro-

151 2854 264 2878 vocatur
279 2857 286 2877 ;
304 2849 328 2879 si
352 2856 417 2878 vero
443 2848 586 2883 contigerit
605 2848 680 2882 ipsos
695 2846 850 2881 dissentire,
870 2845 933 2873 licet

1015 1605 1076 1632 Τῶν
1090 1604 1177 1639 ἁγίων
1187 1605 1346 1632 ἀποστόλων
1361 1605 1452 1632 κανὼν
1469 1604 1519 1632 κε’.

1016 1651 1132 1678 Συνόδου
1150 1651 1333 1687 Καρθαγένης
1346 1651 1439 1679 κανὼν
1455 1649 1508 1684 κζ’,

1016 1697 1073 1724 Καὶ
1085 1697 1133 1724 τοῦ
1153 1698 1234 1732 ἁγίου
1249 1697 1392 1724 Βασιλείου
1411 1698 1500 1725 κανὼν
1516 1697 1552 1732 Υ,
1566 1697 1606 1734 λβ¹
1619 1698 1666 1725 καὶ
1679 1701 1729 1724 να¹.

1016 1746 1069 1777 L_s'.
1090 1744 1153 1770 Ὀτι
1180 1743 1221 1770 δεῖ
1255 1744 1301 1770 τὸν
1326 1745 1356 1771 ἐν
1385 1744 1543 1780 ἐγκλήμασι
1574 1745 1767 1780 καθῃρημένον

981 1790 1178 1825 πρεσϐύτερον,
1191 1791 1231 1821 εἰς
1245 1790 1291 1817 τὸν
1305 1790 1353 1816 τοῦ
1363 1790 1498 1826 κληρωοοῦ
1511 1791 1614 1826 βαθμὸν
1625 1794 1764 1825 κατάγειν,

981 1836 1029 1862 καὶ
1044 1836 1203 1870 ἀπρόκοπον
1223 1837 1332 1870 μένειν,
1361 1836 1442 1871 εἴπερ
1465 1837 1588 1871 δηλονότι
1612 1837 1658 1863 τοῦ
1681 1836 1765 1863 κακοῦ

981 1882 1134 1909 παύσεται·
1152 1883 1254 1917 ὁμοίως
1281 1884 1329 1910 καὶ
1355 1883 1542 1920 ἀναγνώστην,
1570 1885 1594 1911 εί
1612 1885 1644 1919 τῇ
1665 1883 1764 1909 ἑαυτοῦ

983 1929 1090 1964 μνηστῇ
1110 1928 1164 1964 πρὸ
1184 1929 1274 1964 γάμου
1292 1930 1446 1965 συναφθείη
1463 1936 1470 1946 ³
1485 1932 1509 1957 εί
1532 1930 1560 1956 δὲ
1578 1930 1624 1957 καὶ
1642 1929 1695 1965 πρὸ
1717 1930 1767 1964 τῆς

983 1974 1142 2009 μνηστείας,
1163 1974 1337 2010 καθαιρεῖται
1353 1975 1475 2007 πάντως.

1016 2020 1131 2046 Συνόδου
1146 2020 1367 2056 Νεοκαισαρείας
1381 2022 1471 2048 κανὼν
1487 2021 1509 2048 θ’
1522 2022 1568 2049 καὶ
1582 2021 1607 2050 ι’.

1017 2066 1132 2093 Συνόδου
1144 2065 1171 2098 ς’
1186 2066 1276 2093 κανὼν
1292 2066 1344 2095 καί.

1017 2111 1072 2137 Καὶ
1089 2111 1135 2137 τοῦ
1150 2111 1228 2145 ἁγίου
1242 2113 1385 2139 Ιίασιλείου
1401 2113 1492 2139 κανὼν
1508 2113 1556 2145 ξθ¹,

1018 2158 1076 2190 ιιςι.
1092 2157 1154 2183 ’Ότι
1167 2157 1207 2184 δεῖ
1218 2158 1265 2184 τὸν
1278 2158 1517 2193 κατηγορούμενον
1536 2157 1696 2189 ἐπίσκοπον,
1717 2159 1765 2184 καὶ

986 2203 1168 2238 καλούμενον,
1185 2203 1310 2238 ἁπαντᾷν
1334 2205 1400 2230 εἴσω
1419 2203 1512 2238 μηνῶν
1528 2202 1574 2229 δύο
1592 2211 1599 2218 ·
1616 2205 1640 2229 εί
1659 2204 1713 2238 γὰρ
1730 2206 1767 2240 μὴ

985 2249 1149 2284 ἀπαντήσει,
1167 2249 1304 2283 ἀπόφασις
1319 2248 1424 2282 γίνεται
1443 2247 1503 2274 κατ’
1520 2248 1602 2274 αὐτοῦ
1618 2249 1762 2285 ἀκοινωνη-

984 2296 1057 2326 σίας.
1072 2295 1213 2331 Αίρετικοὶ
1231 2294 1260 2321 δὲ
1275 2295 1305 2320 οὑ
1316 2293 1513 2330 προσδέχονται
1531 2296 1571 2326 είς
1587 2296 1767 2330 κατηγορίαν,

982 2342 1040 2368 ἀλλ’
1053 2341 1113 2368 οὐδὲ
1126 2341 1219 2371 πιστὸς
1237 2338 1277 2371 εἷς
1288 2348 1295 2354 ·
1318 2341 1342 2366 εί
1367 2342 1431 2376 μήτι
1450 2341 1484 2367 ἂν
1497 2342 1602 2368 οἰκείαν
1619 2344 1681 2368 τινὰ
1696 2352 1768 2378 πρα-

982 2386 1124 2422 γματικῶς
1138 2386 1186 2422 ἔχῃ
1199 2386 1289 2421 δίκην.
1302 2385 1371 2413 Οὔτε
1382 2386 1410 2412 δὲ
1426 2387 1608 2422 ἀκοινώνητος
1624 2389 1664 2419 είς
1682 2398 1767 2419 κεκτη-

983 2433 1079 2468 γορίαν
1097 2432 1203 2464 δεκτὸς,
1232 2432 1295 2459 οὔτε
1322 2433 1547 2468 διαὸεσλημένος,
1574 2433 1637 2460 οὔτε
1662 2435 1767 2468 δοῦλος,

983 2477 1045 2503 οὔτε
1058 2476 1122 2508 ἴδιος
1139 2478 1334 2512 ἀπελεύθερος,
1360 2478 1422 2505 οὔτε
1447 2480 1619 2515 ἀποσχιστής
1637 2487 1644 2496 '
1657 2480 1719 2506 οὔτε
1739 2481 1768 2513 ὃς

984 2522 1174 2558 προεψεὺσατυ
1186 2524 1215 2549 ἐν
1230 2523 1311 2558 ἑτέρᾳ
1325 2524 1495 2559 κατηγορίᾳ·
1509 2523 1571 2551 οὔτε
1586 2525 1660 2556 ἐντὸς
1672 2527 1769 2560 κείραν

983 2567 1116 2603 [ἡλικίας]
1144 2568 1216 2595 ὲτῶν
1247 2568 1457 2604 δεκατεσσάρων
1473 2577 1480 2585 ·
1496 2571 1544 2597 καὶ
1571 2571 1608 2606 μὴ
1637 2572 1769 2607 πρότερον

982 2614 1112 2648 δεχθῆναι
1122 2614 1301 2649 κατηγορίαν,
1311 2616 1376 2649 πρὶν
1385 2615 1417 2642 ἂν
1425 2616 1571 2651 ἐγγράφως
1580 2617 1769 2652 ὁμολογήσωσι

983 2660 1187 2687 ταυτοπάθειςιν
1202 2661 1367 2696 ὑποστῆναι.
1384 2662 1440 2688 Καὶ
1451 2663 1494 2689 ὅτι
1507 2664 1532 2689 οἱ
1553 2663 1697 2690 ἐπίσκοποι
1717 2663 1769 2690 ὑπὸ

983 2706 1037 2731 τῶν
1053 2706 1125 2734 ίδίων
1148 2708 1310 2735 ἐπισκόπων
1327 2711 1467 2745 κρίνονται
1484 2717 1490 2723 ·
1510 2710 1558 2735 καὶ
1571 2711 1601 2743 ,εί
1625 2710 1674 2744 μὲν
1701 2718 1770 2745 συμ-

984 2752 1120 2785 φωνοῦσιν
1137 2754 1161 2780 οἱ
1174 2754 1250 2786 ἐντὸς
1264 2756 1400 2791 ἐπαρχίας
1426 2756 1527 2787 πάντες
1552 2755 1697 2782 ἐπίσκοποι
1724 2756 1771 2782 ἐπὶ

982 2799 1015 2833 τῇ
1030 2799 1113 2834 ψήφῳ
1126 2800 1175 2834 τῆς
1187 2801 1276 2836 δίκης,
1289 2802 1340 2828 οὐκ
1355 2801 1534 2836 ὲγκαλοῦνται
1548 2810 1554 2817 ·
1571 2801 1633 2828 εἰδὲ
1649 2801 1770 2836 συμϐαίη

984 2845 1128 2880 διαφωνεῖν
1143 2847 1252 2881 αὐτοὺς,
1273 2848 1361 2881 ἔξεστι
1377 2848 1417 2884 τῷ
1431 2848 1502 2874 κατὰ
1521 2847 1614 2883 χώραν
1629 2855 1770 2883 μητροπο-
