1930 3073
162 166 194 198 11
782 168 947 199 ΕΡΙΤΟΜΕ
966 168 1162 201 ΟΑΝΟΝΠΜδ
1746 168 1783 202 42

160 227 221 262 λίτῃ
250 227 465 264 προσκαλεῖσθαι
487 227 534 262 ἀφ’
548 226 644 263 ἐτέρας
662 226 797 262 ἐπαρχίας
812 226 875 258 τοὺς
889 227 948 252 επι-

1010 225 1120 261 -egionis
1137 224 1346 259 metropolitano
1366 233 1399 253 cx
1414 224 1465 253 alia
1486 226 1625 261 pr0vincia
1648 227 1782 255 advocare

162 274 312 309 κρίναντας
326 273 385 308 ἃμα
400 275 456 305 τοῖς
473 274 609 305 ἑντοπίοις
630 281 636 287 ·
653 273 669 309 ἢ
690 273 735 299 ἐπὶ
752 273 865 308 μείζονα
887 272 950 299 σύν-

162 318 220 344 οδον
232 319 393 353 τρέπεσθαι.
407 321 462 347 Καὶ
474 320 514 346 ὅτι
529 320 542 346 ὁ
552 320 591 351 εἰς
607 319 732 354 ἔγκλημα
748 318 949 354 κατηγορηθεὶς

162 362 303 398 κληρικδς,
315 364 361 390 καὶ
372 364 556 400 ἀκοινώνητος
565 363 720 399 γενόμενος,
730 363 779 397 οὐχ
791 363 847 395 ἕξει
858 363 949 390 ἄδειαν

164 409 232 443 μετὰ
246 410 394 445 περαίωσιν
411 411 472 442 ἐνὸς
494 410 620 437 ἐνιαυτοῦ
637 409 789 445 ἐκκαθῆραι
807 409 889 435 αὑτὸν
901 408 949 435 τοῦ

163 455 339 490 ἐγκλήματος
352 464 359 472 ·
383 456 433 483 καὶ
452 457 492 483 ὅτι
516 457 566 488 τὰς
588 455 786 491 πραγματικὰς
801 455 912 489 ἀγωγὰς
932 455 948 490 ἡ

162 503 372 537 τριακοντσ.ετία
389 502 484 535 κλείει,
497 503 514 538 ἣ
532 504 548 537 ἡ
568 502 846 537 τεσσαρακονταετία.

200 593 261 619 Τῶν
281 593 367 627 ἁγίων
379 593 540 620 ἀποστόλων
559 592 649 619 κανὼν
663 591 698 618 οδ¹
712 591 759 618 καὶ
774 594 821 617 οε’.

198 639 312 665 Συνόδου
332 639 498 674 Ἀντιοχείας
511 638 602 665 κανὼν
620 637 664 674 ιβ’,
682 638 713 664 ιδ’
727 637 774 664 καὶ
789 640 830 663 ιε’.

199 685 314 711 Συνόδου
330 684 647 716 Κωνσταντινουπόλεως
665 683 756 711 κανὼν
770 682 807 715 ς’.

197 730 311 757 Συνόδου
326 730 497 765 Καλχηδόνος
510 730 599 757 κανὼν
615 730 648 762 θ’,
665 728 699 761 ιζ’
716 729 763 756 καὶ
779 733 830 756 κατ.

197 776 312 802 Συνόδου
330 776 466 812 Σαρδικῆς
481 776 571 803 κανὼν
585 779 621 810 γ’,
638 774 659 802 δ’
676 775 724 802 καὶ
738 778 770 802 ε’.

198 821 311 848 Συνόδου
327 822 509 857 Καρθαγένης
524 821 615 849 κανὼν
632 821 667 856 η’,
683 819 727 856 ιβ’,
744 819 784 854 ιδ’,
800 819 840 853 ιε’,
856 819 898 853 ιϐ’,
913 829 929 847 κ
940 840 948 852 ,

163 866 218 902 κη’,
232 867 284 900 κθ’,
304 866 337 900 λ’,
354 867 403 900 νθ¹,
422 866 471 900 ξδ’,
489 867 535 901 Es’,
555 866 604 900 oC',
620 867 669 899 οθ’,
688 865 742 900 nc,
755 865 812 901 πη’,
835 866 893 900 ι,ς’,
915 866 946 901 ρ’,

1001 271 1046 305 qui
1073 279 1125 298 una
1149 278 1210 298 cum
1231 270 1351 298 locorum
1371 272 1508 307 episcopis
1534 279 1590 299 rem
1615 272 1782 308 dijudicent,

1002 319 1050 342 aut
1065 316 1097 341 ad
1112 315 1242 350 majorem
1257 317 1388 352 synodum
1409 324 1439 344 se
1455 322 1623 345 convertere.
1646 316 1711 345 Item
1729 320 1784 347 cle-

1002 361 1089 389 ricum
1105 362 1227 390 criminis
1242 367 1398 390 accusatum
1414 368 1496 398 atque
1508 364 1784 400 excommunicatum,

1003 415 1054 434 non
1074 407 1228 434 habiturum
1253 408 1389 436 licentiam
1409 415 1470 444 post
1485 415 1610 437 exactum
1629 419 1710 438 unum
1733 419 1785 439 an-

1002 461 1064 480 num
1083 454 1202 488 seipsnm
1220 462 1234 481 a
1248 455 1363 482 crimine
1380 456 1529 490 purgandi;
1550 455 1613 483 item
1638 457 1785 491 negotiales

1001 499 1123 527 actiones
1154 500 1322 529 tricesimum
1350 505 1397 528 aut
1421 501 1656 536 quadragesimum
1684 510 1785 530 annum

1003 547 1157 573 terminare.

1039 590 1199 618 Sanctorum
1214 591 1395 627 apostolorum
1410 600 1496 620 canon
1509 593 1544 620 71
1558 597 1584 620 et
1600 593 1644 621 75.

1037 637 1138 671 Synodi
1155 637 1331 665 Antiochenae
1347 645 1432 665 canon
1448 638 1491 671 12,
1505 639 1539 666 u
1554 643 1580 666 et
1597 639 1640 667 l5.

1036 681 1136 716 Synodi
1152 682 1385 717 Constantinopol.
1401 690 1488 711 canon
1504 684 1532 711 6.

1036 727 1136 763 Synodi
1149 728 1380 757 Chalcedonensis
1398 737 1484 757 canon
1501 729 1528 762 9,
1545 731 1579 757 17
1592 735 1618 759 et
1635 731 1680 758 21.

1036 773 1136 809 Synodi
1152 774 1322 802 Sardicensis
1337 782 1422 803 canon
1439 775 1466 809 5,
1486 776 1502 803 1
1524 781 1550 803 et
1565 777 1592 803 5.

1037 818 1139 855 Synodi
1156 819 1388 855 Carthaginiensis
1402 828 1488 848 canon
1509 821 1536 854 8,
1551 822 1594 854 12,
1611 822 1661 856 14,
1680 823 1724 856 15,
1740 824 1785 857 19,

1000 863 1045 896 20,
1064 864 1110 898 28,
1126 865 1172 898 29,
1196 865 1241 897 50,
1266 864 1311 897 59,
1329 865 1379 899 62,
1402 866 1454 899 65,
1472 867 1516 898 77.
1535 867 1579 898 79.
1606 868 1651 899 87.
1671 868 1716 902 88,
1734 869 1784 902 96,

166 914 214 949 ρξ’,
242 917 313 949 ρκα’,
332 914 401 950 ρκίῖ,
424 913 493 950 ρκε¹,
522 913 592 950 ρκξ,
610 912 683 949 ρκη’,
714 912 783 948 ρκθ’.
805 912 855 948 ρλ’.
879 912 946 948 ρλα’.

1016 910 1061 942 00,
1082 911 1143 943 107,
1161 911 1221 942 HI.
1240 911 1378 945 122,125,
1396 912 1457 945 127,
1477 913 1538 947 liti,
1558 913 1619 946 129,
1641 902 1702 946 150,
1724 915 1783 949 151,

182 961 230 992 λθ,
247 959 315 995 ρλη’.

164 969 371 1041 ρΛῗέιιεόκένημα
394 1005 517 1040 πραχθὲν
529 1005 558 1032 ὲν
574 1004 860 1032 Κωνσταντινουπόλει
882 1004 947 1038 περὶ

163 1051 284 1086 ﬂavas...
301 1050 350 1078 καὶ
368 1051 489 1086 ἀγάπης.

197 1097 312 1125 Συνόδου
326 1097 352 1129 ς’
368 1098 459 1124 κανὼν
474 1100 523 1124 κε’.

197 1143 327 1178 Θεοφίλου
343 1142 434 1169 κανὼν
446 1141 477 1176 δ’,
497 1147 535 1176 ς’,
560 1143 583 1176 ξ’
599 1144 647 1170 καὶ
658 1143 691 1170 θ’.

197 1188 251 1214 Τοῦ
266 1189 344 1222 ἁγίου
365 1188 500 1224 Κυρί).λου
518 1188 608 1216 κανὼν
624 1193 658 1216 α’.

198 1234 253 1260 Καὶ
270 1233 382 1268 νομικὸν
405 1233 554 1267 κεφάλαιον
570 1234 614 1269 ιβ’,
629 1237 674 1268 ιη’,
688 1234 737 1267 κδ’,
754 1234 807 1267 λα’,
829 1234 880 1269 μδ’,
897 1233 947 1269 νβ’,

162 1282 214 1313 νγύ
239 1278 286 1311 νδτ
303 1279 350 1310 νεί
373 1278 404 1312 ξ’.
427 1279 476 1314 ξβ’.
499 1279 550 1313 ξτί
571 1280 617 1312 ξδ’.
643 1279 690 1312 ξέ.
709 1279 760 1312 ἐξ»
778 1279 829 1315 ξη”ι
845 1279 894 1313 ξθί
912 1283 944 1312 0'.

163 1324 201 1360 οβ’
217 1325 263 1351 καὶ
275 1328 325 1360 οη¹.

198 1370 251 1403 LK.
269 1371 331 1398 Ὀτι
344 1371 374 1398 οὑ
386 1371 426 1398 δεῖ
439 1371 637 1398 ἀναϐάλλεσθαι
654 1373 729 1407 παρὰ
743 1372 797 1399 τῶν
812 1381 949 1409 μητροπο-

163 1416 246 1443 λιτῶν
258 1417 344 1452 χωρὶς
357 1418 479 1453 μεγάλης
493 1418 619 1453 ἀνάγκης
629 1418 664 1444 δι’
680 1419 811 1454 ἀμέλειαν
834 1419 948 1446 ἐπισκόο

163 1472 215 1489 που
231 1463 400 1499 χειροτονίαν
413 1472 421 1480 ·
436 1464 505 1491 ἀλλὰ
527 1464 575 1491 καὶ
590 1464 625 1490 τὰ
644 1465 806 1499 πράγματα,
834 1465 880 1492 καὶ
899 1465 949 1501 τὴν

163 1509 336 1545 χηρεύουσαν
349 1510 508 1546 ἐκκλησίαν,
535 1510 583 1538 καὶ
603 1512 653 1546 τὴν
668 1511 798 1546 πρόσοδον
815 1511 852 1547 μὴ
865 1512 948 1546 ἀφαι-

166 1555 272 1590 ρείσθαι
294 1556 310 1591 ἦ
334 1555 542 1592 σφετερίζεσθαι
565 1558 612 1583 τὸν
638 1557 841 1593 μητροπολίτην
857 1566 864 1574 ·
881 1557 948 1585 ἀλλὰ

165 1602 240 1637 παρὰ
255 1602 292 1637 τῷ
308 1603 441 1638 οἰκονόμῳ
463 1603 515 1638 τῆς
531 1603 617 1641 αὐτῆς
637 1604 786 1638 ἐκκλησίας
815 1603 948 1638 φυλάττε-

166 1647 227 1674 σθαι
243 1649 333 1674 πάντα
349 1648 417 1676 σῶα.

200 1693 316 1719 Συνόδου
329 1694 501 1728 Χαλκηδόνος
515 1694 606 1721 κανὼν
618 1693 668 1720 κε’.

199 1739 314 1765 Συνόδου
328 1740 508 1776 Καρθαγένης
519 1740 609 1767 κανὼν
621 1741 657 1767 οδ¹
674 1741 720 1768 καὶ
735 1742 787 1777 οη¹.

197 1785 313 1811 Συνόδου
329 1785 355 1817 ς’
369 1785 460 1812 κανὼν
475 1785 522 1813 λε’.

199 1830 253 1866 ι,η’.
274 1832 336 1858 Ὅτι
352 1832 382 1858 οὔ
396 1832 436 1858 δεῖ
449 1833 622 1868 συνωμοσίας
635 1833 903 1868 γ(νεσθαι,ταραχάς
917 1842 948 1860 τε

165 1878 211 1904 καὶ
226 1877 369 1913 θορύϐους,
391 1878 438 1905 καὶ
460 1879 679 1912 ἀκαταστασίας,
706 1879 784 1914 παρὰ
807 1879 948 1915 κληρικῶν

165 1923 182 1958 ἢ
210 1924 335 1959 μοναχῶν
359 1932 366 1940 ’
391 1925 452 1951 ἐπεὶ
479 1924 643 1952 ἐκπίπτουσι
672 1925 760 1960 πάντη
785 1925 832 1952 τοῦ
848 1925 948 1952 οἰκείου

166 1971 283 2006 βαθμοῦ,
302 1972 349 1998 καὶ
368 1970 554 2007 ἀφορίζονται.

200 2017 312 2044 Συνόδου
336 2017 500 2052 Ἀντιοχείας
514 2017 605 2044 κανὼν
619 2010 661 2045 ε’(

200 2063 314 2089 Συνόδου
330 2063 540 2090 Κωνσταντινου
556 2063 661 2095 πόλεως
673 2062 764 2090 κανὼν
777 2062 810 2091 δ’.

200 2108 313 2135 Συνόδου
327 2108 498 2144 Καλχηδόνος
511 2109 600 2136 κανὼν
617 2109 650 2136 δ’.

201 2155 315 2181 Συνόδου
330 2155 513 2190 Καρθαγένης
529 2155 619 2182 κανὼν
638 2158 689 2189 νγ¹.

201 2200 316 2227 Συνόδου
330 2203 357 2233 ς’
373 2201 464 2227 κανὼν
477 2200 524 2228 λδ’.

998 956 1061 988 151,
1079 956 1141 984 158.

1036 1003 1134 1030 Actum
1150 1003 1382 1039 Constantinopoli
1399 1004 1500 1031 factum
1523 1006 1615 1033 de.....
1634 1008 1707 1034 etde
1718 1007 1784 1034 cha-

999 1048 1086 1074 ritate.

1032 1094 1132 1128 Synodi
1152 1093 1184 1120 Vl
1200 1102 1285 1122 canon
1300 1095 1346 1123 25.

1036 1139 1178 1174 Theophili
1196 1147 1282 1168 canon
1298 1141 1325 1174 Δ,
1341 1141 1368 1175 6,
1387 1142 1404 1168 7
1416 1147 1442 1170 et
1457 1143 1484 1170 9.

1035 1186 1127 1213 Sancti
1141 1186 1234 1222 Cyl-illi
1249 1194 1335 1215 canon
1352 1188 1378 1215 1.

1034 1231 1114 1266 Logis
1131 1239 1213 1266 caput
1231 1232 1274 1265 12,
1291 1233 1335 1266 18,
1353 1233 1399 1266 21,
1417 1234 1462 1267 51,
1478 1235 1530 1266 14,
1546 1235 1595 1267 52.
1612 1236 1656 1266 55.
1674 1236 1718 1270 31,
1739 1237 1784 1270 55.

999 1277 1045 1309 60,
1062 1277 1107 1310 62,
1125 1276 1170 1310 65,
1185 1277 1230 1311 61,
1247 1279 1292 1310 65,
1309 1279 1353 1312 67,
1375 1279 1420 1312 68,
1441 1280 1484 1314 69,
1502 1281 1546 1313 70,
1563 1281 1597 1308 72
1608 1287 1635 1308 et
1651 1281 1693 1309 78.
1707 1279 1726 1288 ’⁸

1038 1374 1083 1401 97.
1105 1374 1308 1404 Ordinationem
1323 1378 1441 1414 episcopi
1457 1386 1472 1406 a
1488 1381 1704 1415 metropolitanis
1715 1383 1782 1410 citra

1000 1427 1125 1455 magnam
1149 1422 1340 1450 necessitatem
1366 1432 1420 1451 non
1443 1432 1506 1453 esse
1527 1433 1575 1462 per
1592 1427 1783 1463 negligentiam

1000 1465 1175 1494 diﬁercndam
1190 1477 1197 1495 :
1213 1475 1316 1496 necnon
1331 1470 1412 1498 etiam
1424 1479 1469 1516 res
1481 1479 1513 1500 ac
1526 1472 1662 1500 viduatam
1676 1480 1785 1509 pastore

999 1511 1154 1545 ecclesiam,
1184 1519 1211 1541 ct
1235 1515 1338 1543 reditus
1360 1511 1597 1553 metropolitanum
1618 1528 1669 1548 non
1686 1521 1785 1549 debere

1001 1557 1108 1586 auferre
1129 1563 1175 1586 aut
1200 1559 1252 1587 sibi
1269 1560 1421 1594 vindicare,
1436 1570 1529 1590 verum
1552 1565 1621 1599 apud
1643 1565 1785 1600 dispensa-

999 1607 1084 1630 torem
1115 1604 1197 1639 ipsius
1230 1606 1351 1634 ecclesiae
1381 1609 1471 1636 omnia
1493 1609 1567 1637 salva
1596 1618 1659 1639 esse
1689 1617 1783 1641 custo-

999 1648 1108 1677 dienda.

1035 1693 1134 1730 Synodi
1149 1696 1375 1726 Chalcedonensis
1388 1707 1473 1728 canon
1488 1701 1532 1728 25.

1032 1740 1133 1776 Synodi
1146 1741 1379 1778 Carthaginiensis
1392 1752 1477 1774 canon
1494 1747 1528 1774 74
1543 1753 1570 1775 et
1585 1748 1630 1776 78.

1035 1787 1135 1822 Synodi
1153 1786 1185 1815 Vl
1200 1795 1286 1816 canon
1304 1789 1349 1817 55.

1034 1831 1079 1859 98.
1091 1831 1149 1859 Non
1164 1837 1292 1867 oportere
1305 1834 1520 1869 conjurationes,
1537 1838 1640 1872 turbas,
1654 1841 1784 1870 tumultus

998 1884 1030 1904 ac
1050 1877 1199 1906 seditiones
1228 1886 1243 1905 a
1270 1879 1377 1908 clericis
1408 1885 1454 1908 aut
1486 1884 1626 1912 monachis
1647 1887 1781 1916 excitari:

999 1922 1100 1957 alioqui
1116 1924 1200 1958 gradu
1216 1932 1265 1953 suo
1282 1933 1394 1959 prorsus
1409 1927 1548 1962 excidunt,
1573 1934 1654 1966 atque
1675 1939 1783 1961 excom-

999 1974 1181 1996 muntcantur.

1036 2014 1136 2049 Synodi
1152 2015 1328 2044 Antiochenae
1344 2025 1430 2045 canon
1446 2019 1474 2047 5.

1034 2059 1135 2093 Synodi
1151 2059 1456 2096 Constantinopolitanae
1469 2070 1555 2093 canon
1571 2067 1599 2094 4.

1034 2103 1135 2139 Synodi
1152 2105 1380 2135 Chalcedonensis
1397 2115 1484 2137 canon
1499 2110 1527 2138 1.

1036 2148 1138 2184 Synodi
1153 2150 1388 2185 Carthaginiensis
1407 2161 1494 2182 canon
1511 2155 1556 2183 55.

1036 2194 1137 2229 Synodi
1150 2195 1182 2222 Vl
1199 2202 1286 2223 canon
1303 2197 1348 2224 34.
1472 2189 1474 2193 “

201 2245 317 2272 Συνόδου
335 2247 365 2273 ὲν
377 2246 417 2281 τῷ
435 2246 492 2282 ναῷ
514 2246 569 2273 τῶν
587 2247 688 2280 ’Δγίων
710 2246 878 2274 ’Δποστόλων
899 2255 948 2275 κα-

1039 2239 1137 2274 Synodi
1156 2240 1183 2267 in
1204 2241 1303 2275 templo
1323 2242 1486 2271 Sanctorum
1503 2245 1694 2280 Apostolorum
1713 2249 1785 2278 cele-

165 2289 220 2317 νὼν
233 2290 267 2318 θ’.

200 2334 253 2368 μοι.
267 2335 328 2362 ὀτι
346 2335 376 2362 οὐ
392 2335 433 2361 δεῖ
447 2334 513 2362 ἄνευ
529 2334 682 2364 καωνικῶν
699 2335 860 2368 ἐπιστολῶν,
880 2335 896 2371 ἢ
912 2336 950 2362 εί-

168 2378 327 2414 ρηνικῶν,ἣ
351 2378 520 2405 συστατικῶν
536 2378 640 2405 ὁδεύειν
663 2378 726 2405 τινὰ
749 2378 804 2405 τῶν
833 2379 950 2414 ἱερωμέ-

166 2432 218 2450 νων
230 2431 237 2438 ·
253 2424 301 2450 καὶ
321 2424 361 2451 ὅτι
375 2423 568 2459 ἁνακρίνονται
581 2423 606 2449 οἱ
623 2422 725 2453 ταύτας
744 2424 948 2458 ἐπιφερόμενοι.

165 2470 196 2496 Οἱ
211 2469 265 2504 γὰρ
279 2469 366 2501 ἄλλως
385 2470 528 2504 δεχόμενοι
543 2470 664 2501 τούτους,
682 2468 887 2504 καθαιροῦνται,
903 2470 950 2497 καὶ

166 2513 351 2548 ἀφορίζονται.

200 2560 260 2587 Τῶν
278 2560 365 2593 ἁγίων
380 2559 537 2587 ἀποστόλων
550 2559 642 2587 κανὼν
658 2559 691 2594 ιβ’
704 2559 752 2586 καὶ
765 2560 816 2594 λγ¹.

202 2605 315 2632 Συνόόου
337 2605 503 2640 Ἀντιοχείας
518 2604 610 2632 κανὼν
626 2604 648 2637 ζ’
668 2605 716 2631 καὶ
728 2607 764 2638 η’.

201 2648 313 2675 Συνόδου
330 2648 490 2679 Λαοδικείας
505 2647 595 2675 κανὼν
613 2651 658 2683 μα’
671 2648 718 2676 καὶ
736 2648 791 2683 μβ’.

201 2694 314 2722 Συνόδου
326 2694 499 2731 Καλχηδόνος
517 2694 606 2721 κανὼν
622 2693 656 2721 ια’
677 2695 722 2721 καὶ
737 2697 783 2728 ιγ’.

200 2740 314 2767 Συνόδου
326 2740 461 2775 Σαρδικῆς
475 2740 565 2766 κανὼν
581 2739 614 2767 θ’.

203 2786 315 2815 Συνόδου
328 2786 508 2821 Καροαγὲνης
523 2785 613 2813 κανὼν
624 2789 677 2820 κγ’,
694 2789 746 2819 πε’,
763 2786 818 2821 πθ’,
832 2788 878 2814 καὶ
893 2787 948 2823 pg’.

202 2832 315 2859 Συνόδου
332 2831 359 2863 ς’
376 2831 464 2859 κανὼν
481 2831 524 2864 ιζ’.

205 2877 325 2912 Νομικδν
338 2877 488 2912 κεφάλαιον
502 2880 536 2912 γ’.

328 2923 464 2953 ΡΑτιιοι..
479 2924 537 2954 GR.
558 2924 723 2957 CXXXIII.

1000 2284 1085 2312 bram
1100 2291 1187 2312 canon
1206 2285 1232 2313 9.

1036 2329 1082 2356 99.
1097 2328 1159 2357 Non
1183 2335 1310 2365 oportere
1337 2334 1398 2361 sine
1425 2335 1564 2364 canonicis
1598 2337 1721 2372 epistolis
1738 2345 1784 2367 aut

1001 2375 1120 2409 paciﬁcis
1134 2381 1181 2404 aut
1196 2378 1423 2407 commendatitiis
1443 2388 1606 2417 quemquam
1627 2391 1720 2410 eorum
1737 2385 1782 2418 qui

1000 2422 1085 2449 sacris
1095 2427 1159 2449 sunt
1172 2423 1274 2451 initiati
1294 2425 1347 2452 iter
1361 2425 1461 2459 facere,
1478 2435 1580 2462 eosque
1591 2429 1636 2463 qui
1656 2429 1705 2455 has
1717 2428 1783 2457 οπο-

1000 2471 1065 2493 runt
1078 2467 1226 2496 examinari
1242 2478 1250 2496 :
1264 2471 1310 2504 qui
1326 2471 1398 2498 enim
1417 2472 1497 2500 aliter
1511 2474 1559 2501 hos
1574 2474 1720 2508 recipiunt,
1737 2476 1782 2503 de-

1000 2517 1135 2545 ponuntur
1148 2521 1180 2541 ιω
1203 2521 1389 2551 segregantur.

1037 2558 1198 2587 Sanctorum
1218 2562 1399 2596 apostolorum
1416 2571 1502 2593 canon
1524 2565 1559 2593 12
1575 2570 1601 2591 et
1615 2565 1660 2592 53.

1036 2603 1136 2639 Synodi
1153 2606 1331 2635 Antiochense
1346 2615 1431 2636 canon
1448 2610 1464 2636 7
1480 2613 1508 2635 et
1524 2609 1551 2636 8.

1037 2650 1138 2685 Synodi
1153 2651 1313 2682 Laodiceam
1329 2661 1414 2682 canon
1430 2655 1462 2681 ﬂ
1480 2660 1508 2682 et
1523 2655 1570 2683 42.

1038 2695 1139 2731 Synodi
1157 2697 1384 2726 Chalcedonensis
1401 2707 1488 2728 canon
1504 2701 1535 2728 11
1551 2707 1578 2729 et
1598 2703 1642 2730 l3.

1036 2741 1136 2779 Synodi
1153 2743 1322 2772 Sardicensis
1337 2753 1427 2774 canon
1440 2746 1468 2775 ὓ.

1036 2788 1139 2823 Synodi
1157 2789 1390 2825 Carthaginiensis
1405 2793 1550 2830 canon_%3,
1567 2794 1612 2828 85,
1627 2794 1661 2823 89
1676 2801 1704 2823 et
1720 2789 1790 2824 ιοοξ

1038 2834 1138 2868 Synodi
1153 2834 1185 2862 Vl
1202 2843 1289 2865 canon
1307 2837 1350 2866 17.

1039 2879 1117 2914 Legis
1133 2885 1213 2915 caput
1229 2883 1257 2909 5.

1600 2930 1624 2960 2
