1930 3073
135 138 170 170 43
773 133 930 164 ARSENII
951 132 1125 164 MONACHI
1240 116 1248 126 ’
1729 131 1764 163 et

176 198 237 226 ιυο.
257 197 312 224 Non
329 200 455 231 oportere
470 202 526 230 prae
548 192 772 229 pusillanimilate
795 197 840 220 aut
857 201 921 220 con-
937 196 960 226 Α

137 246 256 274 teutione
277 244 433 279 episcopqu
456 249 618 277 quemquam
645 239 728 275 gradu
745 239 862 274 dejicere
877 247 883 265 :
899 239 922 266 si

136 299 202 320 vero
218 292 270 318 hoe
287 290 388 317 factum
403 289 495 320 fuerit.
511 289 576 315 licet
594 288 669 314 adire
686 286 921 320 metropolitanum

137 337 296 372 vicinosque
304 336 446 371 episcopos
457 334 588 362 adversus
604 333 692 368 ipsum
704 341 710 360 :
721 340 754 359 ac
764 333 785 359 si
799 336 923 366 repertus

134 383 217 411 fuerit
229 383 329 418 injuste
342 383 428 417 ipsum
445 388 612 416 segregassc,
631 378 816 407 removebitur
828 382 855 405 et
866 377 923 412 ipse

135 429 182 464 qui
198 428 362 464 segregavit.
395 428 428 455 Et
456 427 525 461 quod
547 427 610 454 licet
635 433 682 460 per
708 424 834 459 injuriam
861 423 923 458 quis

135 475 387 502 excommunicatus
403 473 494 505 fuerit.
513 477 575 500 ante
591 472 628 499 rei
647 471 842 499 discussiOnem
867 476 921 497 non

136 520 214 547 debet
231 519 447 547 communionem
466 518 516 546 sibi
535 516 692 544 veudicare.

171 566 271 601 Synodi
284 565 400 593 Niemnae
416 572 502 591 canon
521 563 547 591 5.

170 613 271 649 Synodi
284 612 460 640 Antiochenaz
472 619 558 638 canon
577 610 602 637 6.

169 658 271 695 Synodi
289 657 461 685 Sardieensis
479 663 567 684 canon
583 655 627 682 Μ.

170 704 270 739 Synodi
288 702 522 737 Carthaginiensis
541 709 628 729 canon
646 701 708 728 154.

172 750 251 785 Legis
268 753 349 784 caput
362 748 407 776 59.

173 797 235 824 101.
253 795 448 830 Episcoporum
464 793 656 821 excusationes
673 792 757 819 libere
775 799 807 818 ac
826 793 922 825 sponte

136 843 234 876 factas,
252 849 314 869 esse
338 840 518 876 recipiendas,
548 839 670 873 aliosque
687 838 713 865 in
736 844 831 864 eorum
860 836 921 862 loco

135 888 312 920 ordinandos,
332 887 404 922 ipsos
418 893 483 914 vero
507 885 604 913 summi
620 883 763 911 sacerdotii
789 883 919 909 honorem

137 943 169 963 ac
180 941 278 962 munus
293 933 413 961 habere:
426 932 448 959 si
463 937 553 959 autem
565 939 618 958 non
633 930 699 957 fiant
712 929 820 965 proprio
833 932 920 959 motu,

135 989 230 1010 verum
247 989 279 1008 ex
296 987 360 1008 casu
376 979 467 1014 aliquo
484 982 511 1005 et
528 982 615 1010 metu,
637 977 709 1011 ipsas
730 982 783 1002 non
807 981 868 1002 esse
880 980 922 1000 re-

135 1026 291 1062 cipiendas;
307 1028 428 1053 amotum
447 1031 512 1052 vero
534 1023 690 1058 episcopum
714 1021 747 1048 ad
768 1019 921 1056 presbyteri

135 1074 246 1108 gradum
263 1079 314 1099 non
332 1078 392 1098 esse
408 1069 593 1105 redigendum.

170 1163 271 1199 Synodi
291 1161 435 1196 Ephesina‘.
453 1167 539 1187 canon
553 1158 597 1185 Η.

168 1208 270 1244 Synodi
283 1206 514 1235 Chalcedonensis
529 1211 616 1232 canon
627 1203 673 1231 ‘29.

171 1254 273 1290 synodi
286 1254 312 1280 in
326 1252 425 1287 templo
438 1251 601 1279 Sanctorum
618 1249 808 1283 Apostolorum
823 1247 921 1274 habitae

134 1307 218 1328 canon
237 1299 280 1326 16.

172 1346 266 1374 Sancti
281 1344 376 1380 Cyrilli
395 1350 479 1371 canon
497 1343 524 1370 5.

169 1391 231 1418 102.
250 1389 307 1418 Non
334 1393 458 1423 oportere
485 1393 650 1422 quemquam
676 1384 762 1413 sacris
783 1384 918 1412 addictum

132 1439 363 1468 subiutroduetam
380 1437 480 1464 habere
498 1435 658 1468 mulierem,
684 1434 730 1462 sed
746 1441 835 1469 neque
858 1437 920 1468 post

133 1485 332 1514 ordinationem
357 1484 421 1511 licet
452 1481 581 1516 episcopo
606 1488 668 1508 cum
693 1480 802 1515 propria
834 1487 919 1507 uxore

133 1532 268 1563 habitare,
288 1534 334 1556 aut
349 1529 459 1556 omnino
476 1528 617 1555 mulierem
640 1527 665 1554 iu
679 1527 824 1561 episcopali
839 1527 919 1554 domo
931 1544 952 1575 Ο

132 1577 258 1609 versari;
284 1575 382 1611 alioqui
417 1576 502 1610 gradu
529 1574 655 1608 dejicitur
679 1582 686 1600 :
711 1581 804 1600 verum
831 1580 919 1608 neque

132 1624 284 1652 eunuchum
307 1623 406 1649 habere
422 1619 657 1647 subintroductum
668 1640 676 1652 ,
695 1619 813 1653 alioquin
828 1626 919 1654 segre-

131 1675 221 1705 gatur,
245 1669 268 1696 si
291 1667 376 1695 laicus
396 1667 431 1694 sit
451 1675 457 1693 :
476 1666 498 1692 si
518 1672 581 1692 vero
605 1665 691 1692 sacris
711 1665 845 1697 addictus,
862 1665 918 1699 ipse

131 1717 212 1743 etiam
228 1714 382 1749 deponitur.

167 1761 265 1797 Synodi
283 1760 398 1788 Nicaenze
410 1766 496 1787 canon
515 1759 542 1786 5.

132 1806 137 1812 ’
168 1806 269 1843 Synodi
287 1806 438 1840 Ancyrante
454 1811 540 1831 canon
558 1803 601 1830 19.

167 1852 267 1889 Syno-li
286 1851 318 1879 Vl
335 1859 420 1878 canon
436 1851 469 1877 t9
487 1855 515 1878 et
532 1849 575 1876 48.

167 1898 265 1934 Synodi
285 1897 328 1923 Vll
346 1903 433 1924 canon
451 1895 494 1922 18.

166 1944 257 1972 Sancti
274 1943 365 1970 Basilii
381 1949 467 1969 canOn
495 1941 540 1967 87.

166 1989 243 2023 chis
255 1993 346 2023 caput,
366 1987 392 2018 5,
406 1987 451 2020 7|,
472 1987 516 2014 72.

168 2042 228 2070 103.
250 2040 452 2072 Monasterium,
469 2045 513 2066 aut
529 2039 608 2066 aliam
624 2039 778 2074 religiosam
797 2040 914 2071 domum,

131 2093 179 2116 aut
194 2086 379 2115 nosoeoiuium
397 2093 449 2112 non
469 2092 528 2112 esse
552 2085 737 2112 aediﬁcandum
757 2085 815 2112 sine
831 2085 916 2119 regio-

131 2135 176 2162 nis
198 2133 316 2167 episcopi
337 2130 515 2166 permissione
532 2130 658 2164 illiusque
674 2130 787 2157 consilio
810 2136 837 2157 et
850 2138 916 2157 con-

131 2186 224 2211 sensu,
243 2178 302 2204 licet
333 2184 365 2204 ex
388 2180 549 2203 testamento
576 2175 676 2209 aliquid
693 2174 845 2209 hujusmodi
867 2182 917 2210 pro

1011 195 1055 227 ρι’.
1074 192 1136 218 Ὅτι
1161 191 1192 218 οὐ
1220 191 1261 218 δεῖ
1286 191 1318 217 ἐκ
1348 190 1532 227 μικροψυχίας
1556 191 1572 226 ἦ
1597 190 1765 225 φιλονεικίας

974 238 1123 265 ἐπίσκοπον
1141 237 1283 272 καθαιρεῖν
1302 246 1373 264 τινα.
1392 237 1422 263 Et
1435 237 1464 263 δὲ
1479 237 1525 263 καὶ
1540 238 1662 271 γένηται,
1677 236 1765 269 ἔξεστι

974 284 1133 319 προσελθεῖν
1147 284 1184 318 τῷ
1205 283 1405 319 μητροπολίτῃ,
1424 283 1470 309 καὶ
1486 284 1543 314 τοῖς
1555 282 1686 317 ὀμοροῠσι
1702 284 1764 310 κατ’

975 330 1058 356 αὑτοῦ
1077 330 1252 361 ἐπισκόποις·
1269 330 1317 356 καὶ
1339 330 1362 355 εί
1386 329 1484 364 εὑρεθῇ
1507 329 1608 360 ἀδίκως
1630 329 1766 364 ἀφορίσας

973 375 1066 407 αὑτὸν,
1091 375 1308 410 ἀφορισθήσεται
1331 375 1345 400 ὁ
1371 375 1506 409 ἀφορίσας
1528 375 1618 402 αὐτόν.
1645 374 1700 401 Καὶ
1724 375 1765 401 ὅτι

973 420 1025 446 κᾶν
1039 420 1140 452 ἀδίκως
1155 420 1291 455 ἀφορισθῇ
1304 429 1358 453 τις,
1377 420 1429 455 τῖρῦ
1441 420 1591 452 ἐξετάσεως
1618 420 1668 447 οὐκ
1687 419 1766 455 ὀφεί-

972 465 1014 492 λει
1031 465 1150 492 ἐκδικεῖν
1164 467 1215 501 τὴν
1235 466 1379 492 κοινωνίαν
1395 466 1498 501 ἐαυτῷ.

1009 556 1122 584 Συνόδου
1143 555 1262 587 Νικαίας
1275 555 1367 583 κανὼν
1378 559 1408 582 ε’.

1010 603 1126 630 Συνόδου
1147 602 1314 638 Ἀντιοχείας
1332 603 1422 629 κανὼν
1440 602 1478 634 ς’.

1007 649 1121 676 Συνόδου
1137 649 1273 684 Σαρδικῆς
1289 648 1379 675 κανὼν
1394 647 1435 675 ιδ’.

1008 695 1120 721 Συνόδου
1138 694 1320 730 Καρθαγένης
1336 695 1425 721 κανὼν
1441 695 1508 730 ρλδ¹.

1007 742 1130 776 Νομικδν
1148 741 1296 775 κεφάλαιον
1311 740 1360 768 λθ¹.

1008 791 1060 823 ραν.
1075 787 1135 813 Ὅτι
1157 787 1198 813 δεῖ
1218 787 1345 822 δέχεσθαι
1365 787 1414 818 τὰς
1435 786 1616 822 παραιτήσεις
1633 786 1686 812 τῶν
1704 786 1765 812 ἐπι-

980 834 1102 867 σκόπων,
1122 834 1170 860 καὶ
1189 833 1247 860 ἀντ’
1271 833 1362 860 αὐτῶν
1386 833 1495 868 ἑτέρους
1521 834 1694 869 χειροτονεῖν,
1715 833 1764 859 αὺ-

971 878 1026 905 τῶν
1048 879 1220 910 οἰκειοθελῶς
1246 879 1495 914 παραιτουμένων·
1523 879 1635 911 τούτους
1663 879 1691 905 δὲ
1713 878 1763 912 τὴν

972 924 1021 958 τῆς
1037 923 1244 959 ἀρχιερωσύνης
1256 925 1339 960 τιμὴν
1365 926 1412 951 καὶ
1429 926 1479 960 τὴν
1489 925 1660 959 λειτουργίαν
1674 925 1762 960 ἔχειν·

974 966 1012 1006 μὴ
1024 970 1198 1002 οίκειοθελῶς
1215 970 1242 997 δὲ
1259 971 1417 1006 γινομένας,
1442 971 1501 999 ἀλλ’
1520 972 1552 997 ὲκ
1575 972 1763 1006 περιστάσεως

972 1017 1020 1043 καὶ
1035 1016 1129 1051 φόϐου,
1144 1016 1173 1042 οὐ
1186 1016 1226 1042 δεῖ
1241 1017 1343 1048 ταύτας
1357 1016 1484 1051 δέχεσθαι
1497 1025 1503 1030 ·
1520 1017 1719 1052 ἀποκινηθέντα
1733 1016 1762 1042 δὲ

972 1062 1124 1089 ἐπίσκοπον
1143 1062 1183 1094 είς
1203 1062 1249 1088 τὸν
1274 1061 1321 1088 τοῦ
1344 1062 1531 1098 πρεσϐυτέρου
1560 1061 1663 1097 βαθμὸν
1677 1062 1706 1088 οὐ
1722 1061 1763 1088 δεῖ

973 1107 1075 1141 κατάγε
1080 1107 1152 1134 σθαι.

1007 1153 1123 1179 Συνόδου
1147 1153 1263 1187 Ἐφέσου
1280 1153 1370 1180 κανὼν
1387 1157 1433 1180 ια’.

1007 1199 1119 1226 Συνόδου
1134 1199 1302 1235 Καλχηδόνος
1319 1199 1408 1226 κανὼν
1425 1201 1476 1228 κθ’.

1005 1245 1119 1272 Συνόδου
1136 1245 1165 1272 ὲν
1182 1245 1222 1281 τῷ
1246 1246 1300 1281 ναῷ
1319 1246 1374 1273 τῶν
1399 1247 1497 1281 Ἀγίων
1518 1246 1688 1274 ’Λπιστόλων
1711 1255 1762 1273 κα-

972 1292 1025 1318 νὼν
1042 1291 1089 1324 ις’.

1007 1337 1061 1364 Τοῦ
1080 1337 1157 1372 ἁγίου
1174 1337 1310 1373 Κυρίλλου
1325 1337 1416 1366 κανὼν
1433 1341 1468 1373 γ’.

1008 1387 1058 1423 ρβ¹.
1075 1387 1136 1413 ’Ὁτι
1151 1387 1182 1414 οὺ
1195 1387 1235 1413 δεῖ
1247 1395 1308 1413 τινα
1322 1387 1376 1413 τῶν
1394 1387 1551 1422 ἱερωμένων
1563 1386 1636 1422 ἔχειν
1652 1386 1760 1413 συνείσ-

969 1442 1050 1460 ακτον
1075 1435 1193 1468 γυναῖκα
1215 1441 1222 1448 ·
1250 1433 1308 1460 ἀλλ’
1336 1433 1399 1460 οὐδὲ
1430 1433 1498 1467 μετὰ
1525 1435 1572 1467 τὴν
1593 1433 1761 1468 χειροτονίαν

969 1481 1074 1515 ἔξεστιν
1087 1481 1229 1516 ὲπισκόπῳ
1246 1482 1379 1507 συνοικεῖν
1391 1482 1423 1516 τῇ
1437 1481 1488 1516 ἰδίᾳ
1502 1481 1621 1514 γυναικὶ,
1634 1480 1650 1514 ἢ
1667 1479 1760 1511 ἁπλῶς

969 1529 1088 1562 γυναῖκα
1105 1524 1175 1553 εἶναι
1191 1528 1219 1553 ὲν
1238 1526 1276 1561 τῷ
1290 1527 1471 1560 ὲπισκοπείῳ,
1493 1525 1554 1552 ὲπεὶ
1570 1525 1758 1560 καθαιρεῖται·

969 1574 1026 1601 ἀλλ’
1049 1573 1109 1599 οὐδὲ
1134 1573 1263 1608 εὐνοῦχον
1283 1572 1358 1607 ἐχειν
1375 1573 1560 1604 συνείσακτον,
1584 1571 1644 1598 ἐπεὶ
1663 1571 1760 1605 ἀφορί-

969 1620 1055 1653 ζεται,
1075 1619 1154 1654 εἴπερ
1171 1619 1230 1646 ἐστὶ
1244 1618 1338 1650 λαῖκός
1350 1627 1356 1634 '
1375 1619 1400 1645 εί
1419 1618 1447 1644 δὲ
1470 1618 1630 1653 ίερωμένος,
1649 1617 1696 1644 καὶ
1710 1617 1760 1644 αὺ-

968 1667 1013 1698 τὺς
1027 1666 1213 1703 καθαιρεῖται.

1006 1762 1120 1789 Συνόδου
1136 1762 1256 1794 Νικαίας
1273 1761 1364 1789 κανὼν
1380 1762 1414 1796 γ’.

1006 1808 1122 1834 Συνόδου
1145 1807 1285 1843 Ἀγκύρας
1298 1807 1388 1835 κανὼν
1405 1807 1448 1835 ιϐ’.

1006 1853 1117 1880 Συνόδου
1133 1852 1158 1886 ς’
1170 1853 1261 1881 κανὼν
1275 1852 1307 1880 ιθ¹
1322 1853 1370 1880 καὶ
1385 1853 1442 1890 μη’.

1003 1899 1116 1926 Συνόδου
1136 1899 1157 1932 ζ’
1174 1899 1265 1926 κανὼν
1290 1903 1337 1934 ιη’.

1004 1946 1058 1972 Τοῦ
1073 1946 1151 1980 ἁγίου
1167 1946 1308 1973 Βασιλείου
1323 1947 1414 1974 κανὼν
1430 1947 1484 1980 πζ’.

1005 1993 1060 2018 Καὶ
1071 1993 1183 2027 νομικὸν
1195 1992 1345 2027 κεφάλαιον
1362 1996 1394 2025 ε’,
1409 1994 1461 2025 01'.
1478 1994 1528 2029 οβ’.

1007 2037 1135 2072 ργ’.”οτι
1166 2038 1196 2064 οὐ
1225 2038 1265 2064 δεῖ
1291 2040 1474 2075 μοναστήριον
1502 2039 1711 2076 οἰκοδομεῖσθαι,
1742 2040 1759 2074 ἢ

970 2084 1064 2119 ἕτερον
1078 2084 1164 2119 εὐοιγῆ
1179 2083 1266 2117 οἷκον,
1283 2085 1299 2119 ἢ
1324 2087 1512 2122 νοσοκομεῖον.
1528 2087 1613 2121 χωρὶς
1640 2094 1758 2121 προτρο-

971 2130 1024 2164 πῆς
1038 2130 1085 2156 τοῦ
1102 2130 1174 2156 κατὰ
1192 2131 1284 2165 χώραν
1304 2131 1468 2166 ἀρχιερέως,
1494 2131 1541 2158 καὶ
1579 2132 1629 2164 τῆς
1664 2131 1759 2158 τούτου

971 2176 1070 2211 βουλῆς
1088 2184 1119 2202 τε
1136 2177 1184 2203 καὶ
1213 2176 1393 2207 συναινέσεως
1406 2185 1414 2193 ’
1439 2176 1492 2202 κᾶν
1511 2178 1542 2201 ὲκ
1570 2176 1704 2210 διαθήκης
1732 2185 1756 2202 τι

130 2224 222 2251 anima
236 2222 294 2250 ﬁeri
310 2222 496 2256 suppliecinr:
516 2221 663 2247 monachos
679 2227 742 2247 vero
757 2221 808 2247 sub
831 2220 916 2255 ipsius

975 2223 1089 2249 τοιοῦτον
1102 2225 1275 2257 προτραπείη
1288 2223 1413 2256 γενέσθαι
1426 2223 1496 2257 ὑπὲρ
1511 2222 1600 2256 ψυχῆς
1612 2229 1617 2236 ·
1635 2223 1683 2248 καὶ
1696 2223 1757 2254 τοὺς

132 2269 242 2297 dioecesi
260 2269 386 2302 degentes
402 2268 425 2295 ei
442 2266 551 2294 obedire
576 2271 710 2300 oportere,
738 2267 864 2294 nimirum
890 2268 916 2294 in

131 2315 328 2350 spiritualibus.
357 2313 484 2341 Actiones
504 2313 676 2348 pecuniarias
705 2313 842 2341 tricesimo
872 2319 918 2340 aut

131 2359 339 2395 quadragesimo
364 2366 435 2386 anno
462 2358 612 2385 terminari.
641 2358 804 2386 Monasteria
835 2359 918 2385 semel

131 2412 288 2434 consecrata
300 2413 358 2440 pon
375 2411 452 2437 posse
469 2403 526 2431 ﬁeri
543 2404 681 2431 saecularia
709 2404 869 2436 diversoria,
886 2412 918 2430 ac

131 2451 286 2485 prmt‘eetum
301 2449 398 2476 debere
414 2449 440 2476 in
458 2448 622 2476 monasterio
639 2455 688 2476 suo
701 2448 916 2483 dispensatorem

132 2498 312 2530 constituere;
331 2496 402 2530 quod
423 2495 446 2522 si
465 2496 514 2522 hoc
533 2499 650 2528 recuset,
668 2496 810 2530 episcopus
827 2495 916 2522 faciat.

131 2543 222 2577 Neque
242 2549 333 2569 veroa
349 2549 484 2576 quoquam
511 2542 620 2568 omnino
649 2540 826 2568 saecularibus
851 2540 917 2568 viris

131 2588 322 2614 monasterium
338 2587 456 2620 eloeari;
472 2587 516 2622 qui
531 2588 602 2614 enim
620 2588 670 2614 hoc
687 2586 761 2619 facit,
777 2586 917 2614 canonicis

130 2634 217 2669 poenis
242 2633 391 2667 subjicitur.
412 2634 478 2662 item
511 2642 564 2662 non
589 2639 716 2669 oportere
740 2633 797 2660 ﬁeri
818 2632 916 2665 duplex

130 2679 323 2707 monasterium
336 2680 453 2707 virorum
469 2685 496 2707 et
510 2680 652 2707 mulierum
666 2688 673 2712 ;
686 2686 772 2713 neque
791 2678 917 2705 mulieres

130 2726 157 2753 in
174 2726 294 2753 virorum
310 2727 474 2755 monasterio
492 2727 599 2761 degere.
616 2725 673 2753 Non
691 2729 817 2760 oportere
836 2724 916 2759 quid-

130 2778 211 2804 quam
234 2771 266 2797 ad
289 2772 481 2799 monasterium
507 2772 647 2806 pertinens
677 2770 801 2803 alienari,
832 2777 918 2804 neque

130 2817 195 2842 dare
209 2817 423 2844 renuutialiones
441 2821 486 2843 aut
503 2816 646 2850 accipere;
663 2815 792 2850 quoniam
805 2815 851 2849 qui
867 2816 918 2842 hoc

130 2859 206 2893 t-cit,
220 2861 277 2890 sive
288 2862 441 2896 prmfectus,
461 2861 518 2889 sive
539 2861 692 2897 episcopus,
709 2865 756 2888 aut
771 2859 831 2895 quis
846 2861 916 2888 sacri

969 2269 1022 2296 ὑπὸ
1037 2269 1085 2304 τὴν
1097 2269 1204 2304 ὲνορίαν
1216 2268 1243 2294 δὲ
1256 2268 1338 2294 αὑτοῦ
1358 2269 1490 2302 μοναχοὺς
1507 2268 1582 2303 αὑτῷ
1611 2269 1650 2294 δεῖ
1682 2269 1757 2294 ὑπεί-

969 2318 1082 2348 κειν,ἐν
1107 2316 1162 2346 τοῖς
1192 2316 1386 2348 πνευματικοῖς
1420 2315 1554 2348 δηλονότι.
1586 2315 1642 2341 Καὶ
1668 2316 1709 2342 ὅτι
1742 2317 1758 2350 ὴ

969 2360 1192 2397 τριακονταετία,
1212 2361 1261 2395 ἢή
1287 2361 1557 2396 τεσσαρακονταετία.
1591 2361 1678 2387 κλείει
1710 2363 1758 2393 τὰς

969 2406 1145 2442 χρηματικὰς
1164 2407 1286 2440 ἀγωγάς.
1319 2407 1374 2432 Καὶ
1397 2407 1438 2432 ὅτι
1460 2407 1494 2433 τὰ
1522 2406 1596 2439 ἅπαξ
1623 2407 1758 2442 καθιερω-

969 2453 1049 2479 θέντα
1065 2452 1239 2486 μοναστήρια
1267 2452 1298 2478 οὐ
1331 2451 1459 2479 δύνανται
1484 2452 1612 2485 γενέσθαι
1638 2453 1758 2488 κοσμικὰ

969 2497 1130 2532 καταγώγια
1143 2505 1150 2511 '
1169 2499 1217 2524 καὶ
1232 2498 1273 2524 ὅτι
1290 2498 1433 2531 οίκονόμον
1444 2499 1458 2524 ὁ
1472 2498 1627 2533 ἡγούμενος
1655 2499 1758 2532 ὀφείλει

968 2543 1057 2569 ποιεῖν
1068 2542 1097 2568 ἐν
1111 2541 1151 2577 τῷ
1166 2543 1341 2578 μοναστηρίῳ
1359 2543 1460 2569 αὐτοῦ·
1479 2544 1503 2569 εί
1523 2544 1552 2569 δὲ
1579 2545 1628 2579 μὴ,
1653 2544 1667 2570 ὁ
1700 2545 1758 2570 Erti-

970 2596 1084 2620 σκοπος,
1095 2588 1208 2614 ποιείτω
1223 2588 1400 2620 ἀπειθοῦντος
1411 2589 1509 2617 αὑτοῦ.
1518 2590 1595 2625 Μήτε
1610 2589 1639 2616 δὲ
1652 2590 1706 2616 ὑπό
1719 2599 1758 2616 τι-

969 2641 1013 2663 νος
1023 2632 1076 2659 τῶν
1101 2633 1232 2664 ἁπάντων
1261 2635 1408 2667 κοσμικοῖς
1435 2634 1549 2670 ἀνδράσι
1578 2636 1757 2670 μοναστὴριον

968 2679 1111 2713 ἐκδοθῆναι
1126 2687 1133 2694 ·
1145 2679 1160 2705 ό
1179 2680 1233 2714 γὰρ
1247 2679 1319 2706 οὕτω
1336 2681 1432 2712 ποιῶν,
1442 2681 1591 2716 ἐπιτιμίοις
1601 2683 1757 2713 κανονικοῖς

970 2723 1165 2752 ὑποϐάλλεται.
1188 2725 1242 2752 Καὶ
1258 2725 1341 2752 ὅτιού
1364 2727 1406 2753 δεῖ
1431 2727 1552 2760 γίνεσθαι
1573 2727 1684 2753 διπλοῦν
1709 2735 1756 2762 μο-

969 2769 1114 2804 ναστήριον
1130 2770 1234 2804 ἀνδρῶν
1267 2772 1314 2798 καὶ
1337 2773 1498 2807 γυναικῶν·
1523 2773 1570 2799 καὶ
1598 2772 1637 2798 ὅτι
1664 2772 1694 2798 ού
1718 2772 1757 2798 δεῖ

969 2815 1152 2843 ἐνδιαιτᾶσθαι
1168 2818 1301 2850 γυναῖκας
1317 2818 1345 2845 ἐν
1359 2818 1535 2853 μοναστηρεῳ
1559 2818 1682 2853 ἀνδρῲῳ.
1701 2817 1757 2844 Καὶ

969 2861 1010 2888 ὅτι
1029 2861 1059 2888 οὗ
1087 2862 1128 2888 δεῖ
1152 2863 1322 2891 ὲκποιεῖσθαι
1347 2873 1374 2891 τι
1397 2865 1454 2892 τῶν
1485 2864 1533 2891 τοῦ
1553 2864 1755 2900 μοναστηρίου’
