1929 3076
175 125 212 156 45
788 166 791 170 _
801 127 966 160 EPITOME

1029 129 1181 159 .NONUM.
1772 129 1807 161 46

177 182 240 209 οὔτε
256 182 395 214 δὲ,διδόναι
411 185 563 222 ἀποταγὰς,
579 186 595 222 ἢ
608 185 756 222 λαμϐάνειν
771 194 777 202 ’
792 186 854 212 ἐπεὶ
867 187 880 213 ό
891 185 968 213 τοῦτο

1029 185 1138 218 )rdinis,
1153 184 1236 220 gradu
1255 189 1390 213 movetur.
1409 184 1436 213 Si
1454 192 1518 214 vero
1533 186 1604 213 dicto
1622 187 1734 216 audiens
1753 197 1806 217 non

179 229 266 256 ποιῶν
277 230 431 265 ἡγούμενος
450 233 465 268 ἢ
476 233 640 266 ἐπίσκοπος,
655 233 672 269 ἦ
683 241 725 264 τις
737 232 790 258 τῶν
803 233 971 268 ἱερωμένων,

179 276 366 312 καθαιρεῖται.
381 278 411 304 Εἰ
428 278 456 305 δὲ
470 279 586 314 ἀνήκοός
606 279 679 306 ἐστιν
696 277 861 313 ἡγούμενος,
875 277 974 304 ἐκϐάλ-

179 321 254 349 λεται
268 323 318 358 τῆς
333 325 500 360 ήγουμενίας
513 334 520 341 ”
536 327 560 352 εἰ
579 325 616 361 μὴ
637 327 668 352 ὲκ
695 325 850 361 προθέσεως
867 324 971 355 οἰκείας

179 369 312 402 προσάξει
325 378 351 395 τι
366 370 419 398 τῶν
438 372 522 398 αὑτοῦ
537 380 543 387 ·
556 371 704 399 ἀνεύθυνον
721 371 774 407 γὰρ
799 370 887 397 τοῦτο.
917 369 972 396 Καὶ

177 411 219 438 ὅτι
234 413 311 448 ὲντῷ
329 414 387 450 ἰδίῳ
406 416 583 452 μοναστηρίῳ
600 416 674 443 ποιεῖ
687 417 701 442 ό
722 415 875 451 ἡγούμενος
903 416 969 441 ἀνα-

181 457 322 494 γνώστην,
338 460 385 486 ἐάν
396 461 470 487 ἐστιν
492 462 593 497 ἱερεὺς,
611 462 657 488 καὶ
684 463 733 496 τὴν
758 461 896 496 σφραγῖδα
921 459 968 486 τοῦ

176 505 333 540 ἡγουμένου
351 507 399 543 ἔχῃ
417 509 494 543 παρὰ
507 508 671 544 ἀρχιερέως.
695 509 740 541 Ἐξ
766 505 796 534 οζ
828 506 967 543 δηλοῦται,

177 550 220 576 ὅτι
236 551 358 584 γίνονται
375 553 522 588 ἡγούμενοι
540 554 656 589 ἀνὶεροι,
674 554 720 580 καὶ
734 554 799 588 παρ’
809 553 969 579 ἐπισκόπων

176 595 372 631 ἀσφράγιστοι.
388 598 457 625 Οὔτε
483 598 596 625 δύναται
625 599 780 634 ἡγούμενος·
807 599 853 625 ἐπὶ
881 599 969 634 ἐμφυ-

175 640 270 667 τεύσει
284 641 410 669 ἐκδοῦναι
429 652 455 669 τι
480 643 530 677 τῆς
557 643 653 678 μονῆς,
685 644 770 678 χωρὶς
790 643 902 678 γνώμης
923 641 971 668 τοῦ

175 689 367 721 πρωτεύοντος
383 690 412 716 ἐν
423 691 455 725 τῇ
466 690 596 725 ἐπαρχίᾳ·
607 690 654 717 καὶ
666 691 706 717 ὅτι
717 691 731 717 ὁ
747 690 784 726 μὴ
795 689 972 716 καταϐάλλων

174 734 223 761 τὸν
235 736 434 770 ἑμφυτευτικὺν
447 737 558 770 κανόνα,
576 738 703 765 ἐκπῖπτει
722 739 810 774 πάντη
821 737 866 765 τοῦ
884 738 970 772 ἐμφυ-

174 781 323 815 τεύματοζ.

213 827 326 854 Συνόδου
347 829 520 865 Καλχηδόνος
537 830 628 858 κανὼν
641 830 661 857 δ’
678 831 724 858 καὶ
736 830 772 865 η’.

214 874 329 901 Συνόδου
344 873 371 907 ς’
386 875 477 903 κανὼν
495 879 550 912 tu".

214 919 327 946 emam.
356 922 380 952 ζ’
407 921 500 948 κανὼν
539 925 584 954 ια’,
616 921 735 957 ιγ’,νιδκ

177 966 225 990 καὶ
239 964 274 992 κ’.
703 961 715 971 ”

214 1011 329 1038 Συνόδου
344 1012 373 1038 ἐν
389 1011 429 1048 τῷ
445 1012 502 1049 ναῷ
517 1013 571 1040 τῶν
591 1013 691 1048 ’Λγιων
718 1013 889 1040 ’Λποατόλων
918 1022 968 1040 κα-

177 1056 232 1083 νὼν
247 1056 283 1084 α’.

215 1103 271 1129 Καὶ
283 1104 395 1138 νομικὸν
414 1104 563 1139 κεφάλαιον
583 1109 622 1138 ς’,
638 1105 683 1140 ιβ’,
707 1106 747 1140 ιδ’,
779 1105 820 1138 ιε’,
852 1105 901 1139 ις’,
924 1105 967 1139 ιζ’,

178 1147 228 1182 κδί
244 1148 294 1181 κε’»
312 1149 370 1183 κςιι
389 1149 441 1183 κζ’)
457 1149 504 1184 λε’»
525 1150 580 1186 μίν,
600 1150 645 1184 val,
661 1155 708 1184 ve’r
725 1151 779 1185 V5,,
802 1151 833 1185 ξ’,
854 1150 904 1184 ξίν
919 1151 968 1186 gf:

179 1195 225 1226 ξε,
237 1194 286 1228 EC’.
303 1195 352 1231 En’.
371 1195 420 1228 50'-

216 1241 265 1277 ρδ’.
281 1242 343 1268 Ὅτι
356 1243 398 1269 δεῖ
410 1242 456 1269 τὸν
467 1243 703 1279 ἀποτασσόμενον,
720 1245 768 1272 καὶ
794 1245 910 1280 μοναχὸν
924 1253 968 1278 γι-

179 1287 305 1322 νόμενον,
329 1287 367 1323 μὴ
385 1289 485 1324 ἥττονα
499 1289 564 1316 δέκα
582 1289 651 1316 ἐτῶν
667 1291 701 1325 τῇ
716 1290 807 1326 ἡλικίᾳ
826 1290 967 1325 ὑπάρχειν·

179 1334 241 1360 οὗτε
256 1334 284 1360 δι
297 1334 526 1369 ὲμποδισθήσεται
562 1337 638 1372 παρά
665 1345 737 1368 τινος
753 1337 853 1371 τρόπου
880 1336 896 1371 ἢ
922 1338 970 1363 ἁν-

180 1379 293 1415 θρώπου
310 1381 350 1412 εἰς
363 1381 451 1407 τοῦτο.
471 1381 539 1408 Οὔτε
554 1381 610 1414 ἕξει
625 1382 717 1409 ἄδειαν
744 1383 902 1418 ὲξέρχεσθαι
919 1383 970 1418 τῆς

182 1427 278 1461 μονῆς,
293 1426 358 1453 ἄνευ
384 1427 496 1462 γνώμης
523 1427 570 1454 τοῦ
603 1429 776 1463 προεστῶτος
791 1428 873 1455 αὐτοῦ
886 1436 892 1443 ·
907 1428 969 1454 οὗτε

182 1472 357 1507 μεταϐαίνειν
372 1473 426 1499 ἀπὸ
442 1473 492 1507 τῆς
509 1474 593 1509 μονῆς
621 1473 704 1501 αὑτοῦ
727 1475 767 1506 εις
781 1474 876 1510 ἑτέραν
888 1481 894 1490 ·
908 1475 969 1501 ἐπεὶ

181 1517 345 1552 ἀφορίζεται
364 1519 411 1544 καὶ
428 1518 519 1551 αὐτὸς,
537 1519 584 1545 καὶ
597 1520 610 1546 ό
638 1518 730 1545 τοῦτον
759 1519 967 1555 ὑποδεχόμενος.

780 921 822 954 ιζ’,
856 921 901 956 ιη’,
936 920 968 947 ιϐ’

1022 233 1056 259 sit
1072 231 1230 266 praefectus,
1247 231 1406 266 praefectura
1426 231 1554 266 eiicitur:
1570 232 1620 260 nisi
1641 240 1675 260 ex
1697 236 1806 270 propria

1022 279 1159 306 voluntate
1187 278 1286 313 aliquid
1310 279 1342 306 dc
1359 286 1408 307 suo
1436 279 1550 312 ntrerat;
1568 279 1619 307 hoc
1641 280 1712 307 enim
1730 282 1807 316 culpa

1022 327 1109 350 vacat.
1130 323 1193 349 Item
1210 322 1366 358 praefectum
1383 324 1409 350 in
1436 325 1599 351 monasterio
1614 332 1664 351 suo
1679 325 1806 352 lectorem

1022 369 1197 401 constituere,
1214 369 1236 396 si
1252 369 1380 397 sacerdos
1398 369 1443 402 sit,
1463 377 1495 396 ac
1509 370 1630 404 praefecti
1644 370 1761 405 sigillum
1775 371 1809 397 ab

1023 415 1150 450 episcopo
1174 415 1281 442 habent.
1298 415 1336 442 Ex
1354 423 1407 450 quo
1429 421 1535 443 constat
1557 415 1700 451 prmfectos
1721 416 1808 444 sacris

1025 468 1078 487 non
1105 461 1226 488 initiatos
1243 464 1270 488 et
1286 461 1319 488 ab
1334 461 1470 495 episcopis
1495 469 1548 488 non
1572 461 1693 497 signatos
1708 462 1807 490 creari.

1021 504 1116 538 Neque
1130 509 1218 539 potest
1240 504 1384 538 praefectus
1399 505 1545 539 quidquam
1563 505 1595 532 ad
1612 506 1805 533 monasterium

1022 550 1161 585 pertinens
1177 551 1209 577 ad
1223 551 1420 585 emphyteusim
1446 551 1511 578 dare
1534 555 1636 586 absque
1659 551 1808 586 provinciae

1023 595 1145 630 primatis
1166 602 1299 623 consensu
1316 604 1323 622 :
1341 596 1405 623 item
1421 602 1482 623 eum
1498 596 1543 630 qui
1568 604 1620 623 non
1645 596 1724 624 solvit
1749 605 1808 624 em-

1024 640 1207 676 phyteuticum
1228 647 1370 674 canonem,
1387 647 1416 669 re
1437 641 1472 668 ad
1487 640 1683 676 emphyteusim
1696 645 1806 676 accepta

1025 687 1132 722 penitus
1144 686 1279 714 excidere.

1060 803 1160 860 Synodi
1173 823 1399 852 Chalcedonensis
1413 831 1500 852 canon
1516 825 1533 852 4
1546 829 1573 852 et
1589 825 1617 852 8.

988 885 1008 911 Β
1059 872 1160 907 Synodi
1174 871 1208 900 VI
1223 879 1309 899 canon
1324 871 1368 900 18.

1056 918 1156 953 Synodi
1181 918 1226 945 VII
1243 926 1328 945 canon
1345 919 1389 950 II,
1406 919 1451 952 I5,
1467 919 1510 951 Η,
1527 919 1571 952 17,
1586 919 1629 952 I8,
1651 919 1684 947 I9
1712 923 1739 947 ct
1759 919 1804 948 20.

1057 1004 1157 1039 Synodi
1171 1005 1197 1032 in
1211 1005 1309 1039 templo
1325 1005 1486 1033 Smctorum
1502 1006 1691 1041 Apostolorum
1707 1007 1804 1036 habitae

1020 1051 1238 1131 εῃὶἒὲἱέιεθριιῑ
1255 1096 1281 1129 6,
1300 1096 1344 1128 I2,
1362 1096 1407 1129 14,
1425 1094 1469 1130 I5,
1493 1097 1526 1125 I6
1540 1117 1547 1131 ,
1565 1098 1609 1131 I7,
1626 1098 1673 1131 αι,
1691 1098 1736 1132 25,
1758 1099 1804 1132 26,

1019 1140 1064 1173 27,
1079 1140 1123 1174 55,
1141 1141 1186 1175 49,
1204 1142 1248 1175 54,
1263 1141 1308 1175 55,
1327 1141 1371 1175 56,
1389 1142 1435 1176 60,
1452 1142 1497 1175 61,
1512 1142 1558 1175 63,
1572 1143 1618 1176 65,
1635 1144 1680 1176 67,
1696 1143 1740 1178 68,
1757 1145 1802 1172 69.

1058 1229 1118 1256 I04.
1134 1228 1265 1263 Oportere
1283 1236 1344 1256 eum
1368 1230 1414 1264 qui
1436 1231 1535 1258 saecqu
1552 1232 1675 1258 nuntium
1691 1234 1806 1260 remittit

1020 1280 1047 1302 et
1075 1275 1105 1302 Iit
1130 1275 1287 1308 monachus,
1303 1283 1355 1303 non
1384 1276 1472 1304 minus
1495 1284 1575 1311 quam
1600 1278 1692 1306 decem
1719 1285 1805 1306 annos

1020 1326 1113 1348 natum
1140 1329 1201 1350 esse
1216 1331 1222 1349 :
1242 1329 1328 1356 neque
1348 1330 1412 1350 vero
1428 1331 1590 1359 quocunque
1606 1325 1685 1352 modo
1699 1326 1734 1352 ab
1750 1326 1804 1353 ullo

1020 1367 1129 1395 homine
1145 1368 1177 1394 ad
1194 1368 1245 1396 hoc
1260 1369 1434 1403 impedietur:
1448 1377 1534 1404 neque
1546 1371 1681 1398 licentiam
1696 1371 1806 1398 habebit

1020 1413 1392 1448 egrediendi;e_monasterio
1406 1415 1510 1450 absque
1532 1416 1668 1450 praepositi
1688 1424 1805 1443 consen-

1019 1466 1068 1491 su,
1090 1466 1177 1494 neque
1197 1466 1212 1486 e
1231 1461 1396 1488 monasterio
1422 1468 1471 1489 suo
1499 1462 1524 1489 in
1545 1462 1617 1489 aliud
1645 1462 1804 1498 migrandi:

1020 1505 1138 1540 alioquin
1150 1510 1306 1541 segregantur
1325 1511 1381 1533 tum
1397 1507 1464 1541 ipse,
1477 1512 1532 1534 tum
1544 1507 1590 1542 qui
1604 1515 1664 1534 eum
1678 1508 1804 1542 suscipit.

181 1550 250 1590 οὗτε
265 1563 293 1589 δὲ
308 1564 373 1590 ἴδιόν
388 1573 414 1590 τι
430 1550 586 1598 ὀφείλουσιν
608 1564 681 1600 ἔχειν
706 1566 730 1592 οἱ
752 1550 883 1600 μοναχόὶί
900 1565 968 1592 ἀλλά

1029 1550 1114 1585 Veque
1131 1558 1194 1578 vero
1209 1553 1348 1586 proprium
1363 1553 1500 1587 quidpiam
1519 1554 1618 1580 debent
1634 1553 1735 1580 habere
1749 1561 1806 1580 mo-

181 1610 282 1638 πάντα.
304 1609 356 1636 ὅσα
369 1609 401 1636 ἂν
416 1609 585 1645 διαφέρωσιν
599 1611 703 1642 αὐτοῖς,
717 1610 764 1636 τοῦ
782 1606 968 1646 μονιῐστηριου

181 1654 246 1680 εἰσί.
264 1655 317 1680 Καὶ
328 1653 390 1680 οὔτε
408 1655 500 1690 πατὴρ
517 1656 550 1681 τὰ
565 1655 730 1690 διαφέροντα
754 1655 792 1690 τῷ
823 1654 873 1690 υἱῷ
897 1664 965 1691 κρα-

179 1699 271 1733 τήσει,
291 1699 447 1734 αἱρουμένῳ
463 1699 600 1734 μονάζειν.
616 1701 670 1726 Kal.
689 1700 730 1726 ὅτι
748 1700 900 1734 ἡγούμενον
937 1699 967 1726 οὐ

180 1745 292 1776 πάντως
308 1745 381 1772 κατά
394 1745 507 1780 βαθμὸν,
531 1745 598 1771 ἀλλὰ
625 1745 686 1772 κατ’
707 1746 807 1781 ἀρετὴν
825 1745 866 1772 δεῖ
894 1745 968 1779 γίνε-

181 1790 253 1817 σθαι.

216 1836 332 1862 Συνόδου
352 1837 534 1873 Καρθαγένης
548 1837 637 1864 κανὼν
650 1837 686 1864 π’.

215 1882 331 1909 Συνόδου
348 1882 375 1914 ς’
391 1883 482 1910 κανὼν
499 1883 536 1919 μ’,
554 1884 600 1910 καὶ
613 1883 673 1919 pg’.

215 1931 328 1958 Συνόόου
344 1931 366 1964 ζ’
379 1932 470 1959 κανὼν
484 1931 537 1960 κα’.

212 1977 326 2004 Συνόδου
342 1978 371 2004 ἐν
380 1978 417 2013 τῷ
434 1979 490 2014 ναῷ
499 1978 553 2005 τῶν
574 1979 675 2013 ’Δγίων
695 1979 864 2005 ’Δποστόλων
878 1978 967 2006 κανὼν

180 2021 216 2056 γ’,
230 2022 262 2051 δ’.
282 2023 320 2056 ς’.

212 2069 267 2095 Καὶ
279 2069 391 2104 νομικὸν
403 2070 551 2104 κεφάλαιον
566 2069 598 2103 θ’,
616 2069 642 2102 ι’,
659 2074 704 2102 ια’,
717 2070 770 2104 σεῖ’,
786 2069 835 2106 οη¹,
861 2069 909 2104 οϐ’,
928 2071 966 2104 π’,

181 2114 238 2147 πα’,
260 2114 316 2150 πβ¹,
327 2114 385 2149 πγ¹,
400 2115 454 2142 πδ’.

213 2160 262 2195 ρε’.
276 2161 338 2187 Ὀτι
352 2161 382 2187 οὐ
398 2161 440 2188 δεῖ
454 2162 629 2196 ἀφυλάκτους
646 2160 717 2188 εἷναι
733 2163 783 2193 τὰς
798 2162 872 2197 ἱερὰς
896 2171 966 2197 παρ-

181 2206 274 2238 θένους
293 2215 300 2222 '
316 2206 377 2233 οὔτε
394 2207 421 2234 δὲ
431 2207 559 2242 ἔρχεσθαι
571 2208 610 2239 εἰς
641 2209 786 2242 συντυχίαν
800 2208 890 2235 αὐτῶν
904 2217 966 2235 τινα

178 2251 216 2282 ὼς
231 2252 329 2286 ἔτυχε·
371 2253 419 2278 καὶ
440 2253 481 2279 ὅτι
503 2253 578 2279 οὐδὲν
600 2253 755 2287 ὀφείλουσιν
780 2254 852 2288 ἔχειν
880 2254 964 2280 ῐδιον·

179 2297 276 2332 ἐπειδὴ
292 2297 465 2332 ἀφορίζεται.

205 2345 320 2371 Συνόδου
338 2345 519 2381 Καρθαγένης
533 2346 622 2374 κανὼν
637 2347 677 2382 λη’
691 2348 738 2374 καὶ
754 2347 806 2383 μδ’.

207 2390 325 2416 Συνόδου
345 2389 372 2422 ς’
391 2390 482 2417 κανὼν
499 2391 557 2426 μς’.

208 2436 321 2463 Συνόδου
343 2437 366 2468 ζ’
383 2436 474 2463 κανὼν
486 2437 539 2472 κβ¹.

210 2483 263 2508 Καὶ
280 2483 393 2509 συνόδου
409 2483 438 2509 ἐν
450 2483 489 2518 τῷ
503 2483 559 2519 ναῷ
581 2484 635 2510 τῶν
669 2484 769 2518 ’Λγίων
795 2485 965 2512 Ἄπι-,στόλων

179 2526 267 2552 κανὼν
283 2530 321 2558 ς’.

204 2572 259 2607 pg’.
287 2574 349 2599 Ὀτι
366 2574 396 2600 οὐ
408 2574 448 2600 δεῖ
464 2575 663 2610 ἁποκεὶρεσθαί
675 2585 737 2602 τινα
760 2576 844 2611 χωρὶς
862 2586 965 2611 παρου-

180 2620 238 2650 σίας
254 2620 310 2646 τῶν
332 2622 372 2651 εἰς
389 2621 528 2656 ὑποταγὴν
547 2622 697 2656 μελλόντων
723 2622 803 2648 αὐτὸν
820 2622 962 2657 δέχεσθαι·

1019 1596 1111 1628 nachi,
1132 1597 1178 1624 sed
1203 1597 1294 1624 omnia
1310 1605 1477 1633 quaecunque
1500 1599 1532 1631 ad
1558 1599 1631 1633 ipsos
1659 1600 1804 1633 pertinent,

1020 1647 1084 1669 sunt
1106 1644 1265 1672 monasterii
1280 1652 1288 1676 ;
1308 1651 1339 1671 ac
1356 1651 1442 1678 neque
1457 1650 1533 1678 pater
1548 1652 1578 1672 ea
1596 1652 1656 1680 qua:
1673 1645 1706 1672 ad
1720 1644 1804 1671 tilium

1019 1688 1101 1714 vitam
1122 1687 1272 1715 solitariam
1288 1689 1494 1723 amplectentem
1511 1691 1647 1724 pertinent
1662 1690 1804 1717 detinebit.

1019 1733 1084 1760 Item
1105 1733 1279 1767 prwpositum
1303 1741 1357 1761 non
1380 1735 1491 1762 omnino
1511 1736 1658 1763 secundum
1678 1735 1803 1771 gradum,

1019 1779 1066 1806 sed
1082 1779 1229 1807 secundum
1249 1780 1375 1807 virtutem
1391 1788 1451 1808 esse
1465 1782 1626 1817 eligendum.

1055 1824 1156 1860 Synodi
1171 1824 1402 1860 Carthaginiensis
1416 1834 1503 1854 canon
1519 1827 1564 1855 80.

1056 1868 1157 1904 Synodi
1171 1868 1205 1895 Vl
1219 1877 1304 1896 canon
1321 1870 1365 1902 40,
1383 1871 1418 1898 45
1432 1876 1458 1898 et
1473 1866 1518 1898 I6.

1056 1913 1154 1949 Synodi
1169 1914 1214 1942 VII
1229 1921 1316 1942 canon
1330 1915 1376 1942 21.

1056 1959 1157 1995 Synodi
1172 1961 1199 1988 in
1214 1961 1314 1996 templo
1338 1961 1498 1990 Sanctorum
1521 1962 1714 1998 Apostolorum
1735 1965 1805 1993 cele-

1019 2006 1115 2038 bratae,
1131 2013 1217 2033 canon
1234 2006 1261 2038 5,
1277 2006 1304 2039 4,
1321 2007 1346 2034 6.

1054 2050 1134 2086 Legis
1147 2056 1227 2086 caput
1240 2052 1268 2085 9,
1284 2051 1327 2085 I0,
1344 2052 1387 2086 II,
1402 2052 1447 2086 76,
1464 2053 1507 2086 78,
1523 2053 1566 2086 79,
1581 2054 1625 2088 80,
1639 2054 1683 2088 SI,
1699 2055 1744 2089 82,
1758 2056 1803 2090 85,

1020 2097 1065 2124 84.

1055 2148 1115 2176 I05.
1131 2148 1189 2176 Non
1203 2154 1327 2184 oportere
1343 2157 1436 2178 sacras
1458 2151 1576 2186 virgines
1596 2159 1658 2180 esse
1681 2153 1801 2182 incusto-

1019 2196 1104 2229 ditas;
1119 2203 1204 2231 neque
1220 2203 1285 2223 vero
1304 2204 1465 2231 quemquam
1481 2203 1581 2226 temere
1598 2199 1624 2226 in
1639 2200 1801 2234 colloquium

1020 2249 1081 2269 cum
1097 2242 1161 2276 ipsis
1174 2241 1282 2275 venire;
1301 2243 1362 2270 item
1380 2243 1446 2270 nihil
1458 2244 1596 2278 proprium
1614 2245 1687 2279 ipsas
1703 2246 1803 2274 habere

1019 2289 1127 2320 dehcrc.
1145 2289 1253 2324 uloquin
1269 2291 1418 2325 segregari.

1055 2335 1154 2370 Synodi
1168 2335 1402 2370 Carthaginiensis
1418 2343 1504 2364 canon
1519 2337 1553 2364 58
1568 2342 1594 2364 et
1609 2338 1653 2364 46.

1054 2381 1154 2416 Synodi
1170 2380 1203 2408 Vl
1220 2388 1305 2409 canon
1321 2381 1366 2408 46.

1053 2427 1154 2462 Synodi
1175 2426 1218 2454 VII
1235 2434 1320 2454 canon
1334 2427 1379 2454 ‘22.

1054 2474 1155 2509 Synodi
1176 2475 1202 2501 in
1221 2475 1321 2509 templo
1341 2474 1502 2502 Sanctorum
1521 2475 1710 2510 Αρυλιοίοτυιιι
1732 2476 1803 2503 cele-

1016 2519 1109 2551 bratze,
1125 2527 1212 2547 canon
1228 2520 1253 2547 6.

1054 2573 1115 2600 106.
1141 2572 1199 2601 Non
1229 2577 1353 2608 oportere
1382 2580 1543 2607 quemquam
1573 2573 1720 2607 attonderi,
1749 2574 1802 2601 nisi

1016 2624 1163 2654 praesentes
1192 2620 1281 2648 adsint
1306 2620 1324 2647 ii
1348 2620 1445 2654 quibus
1466 2620 1650 2655 subjiciendus
1674 2626 1736 2648 est:
1753 2621 1799 2656 qui

178 2666 191 2691 ὁ
202 2666 256 2702 γὰρ
271 2666 309 2701 μὴ
323 2665 404 2692 τοῦτο
420 2667 515 2700 ποιῶν,
533 2666 716 2702 καθαιρεῖται.
743 2668 797 2694 Καὶ
811 2668 851 2694 ὄτι
870 2668 900 2693 οὐ
925 2668 965 2694 δεῖ

1032 2666 1085 2693 uim
1103 2673 1155 2693 non
1180 2666 1215 2693 ita
1239 2665 1315 2698 facit,
1330 2666 1483 2700 deponitur.
1504 2666 1569 2693 Item
1594 2673 1649 2693 non
1675 2672 1802 2701 oportere

179 2713 376 2747 ἀποκείρεσθαι
396 2714 514 2748 μοναχὸν
546 2713 662 2744 τέλειον,
689 2713 812 2740 τουτέστι
846 2714 962 2748 μεγαλό-

1029 2711 1164 2739 νοτΐοοιυιιι
1195 2712 1368 2744 monachum,
1392 2711 1444 2739 hoc
1472 2716 1514 2739 est
1531 2720 1657 2747 niagnum
1681 2712 1802 2739 habitum

178 2766 292 2793 σγημον,
321 2759 388 2786 ετσω
410 2759 541 2794 τριετιας,
571 2760 655 2794 χωρὶς
694 2759 814 2794 μεγάλης
843 2767 963 2794 προσπε-

1032 2763 1151 2787 erentem
1172 2758 1305 2785 attonderi
1337 2759 1409 2786 intra
1438 2759 1600 2791 triennium,
1630 2759 1681 2785 nisi
1713 2758 1804 2792 gravis

178 2805 277 2839 εούσης
293 2805 385 2838 νόσου,
401 2805 516 2832 θάνατον
532 2804 716 2840 ἀπειλούσης·
733 2805 749 2840 ἢ
765 2806 812 2832 ἐάν
826 2805 868 2837 τίς
888 2806 963 2832 ἐστιν

1029 2805 1124 2832 morbus
1139 2803 1186 2839 qui
1203 2808 1316 2830 mortem
1335 2803 1453 2830 minetur
1469 2803 1613 2831 inciderit:
1633 2806 1678 2830 aut
1701 2802 1752 2829 nisi
1769 2803 1805 2828 sit

176 2850 245 2886 ἀνὴρ
259 2851 388 2887 εὐλαβὴς,
405 2851 454 2878 καὶ
473 2851 719 2887 μεμαρτυρημένος
738 2851 781 2878 διὰ
796 2851 845 2887 τὴν
864 2860 962 2886 γνωρι-

1032 2850 1115 2885 liquis
1128 2850 1168 2877 vir
1182 2850 1255 2885 pius,
1273 2849 1366 2878 multis
1380 2857 1413 2878 eo
1427 2849 1538 2878 nomine
1554 2853 1643 2880 notus,
1658 2853 1805 2880 eorumque
