1929 3076
88 147 122 180 51
727 147 886 178 ARSENlI
906 147 1081 178 MONACHI
1681 147 1717 178 52

89 211 206 238 ventur;
221 205 243 233 si
262 212 325 232 vero
340 205 413 238 laici,
444 209 638 240 segregantur;
655 209 835 239 praeterquam
855 204 878 231 si

952 202 1122 238 φορίζῡνταν
1142 202 1230 238 πάρεξ
1255 202 1302 230 τοῦ
1331 203 1360 230 ὲν
1388 203 1540 239 πανδοχείῳ
1561 204 1590 230 ἐν
1611 203 1662 239 6δῷ
1682 204 1717 230 δι’

87 252 148 287 quis
159 257 264 287 propter
283 252 389 281 itineris
404 251 594 279 necessitatem
612 252 638 277 in
654 250 771 285 hospitio
786 250 875 278 diver-

88 303 175 325 setur.

127 344 289 371 Sanctorum
312 345 493 379 apostolorum
509 352 595 372 canon
610 344 656 376 42,
670 343 704 371 45
719 350 746 372 et
761 343 806 371 52.

127 390 231 425 Synodi
250 390 410 418 Laodicenm
429 399 515 418 canon
528 391 574 418 24.

125 437 226 471 Synodi
244 437 477 472 Carthaginiensis
490 446 573 464 canon
589 437 635 465 40.

125 481 226 516 Synodi
244 481 276 508 VI
292 489 378 509 canon
395 483 411 510 9
426 487 454 509 et
467 482 513 509 Q6.

126 528 187 554 tl5.
211 527 269 555 Non
294 533 417 562 opertero
441 529 572 556 clericum
593 528 782 563 ﬁdeiussiones
798 528 875 560 dare,

92 581 139 601 seu
157 574 354 602 conventiones
368 579 395 602 et
421 580 497 609 pacta
519 574 610 602 facere
632 575 657 601 in
674 574 758 606 circo,
779 579 827 601 aut
853 574 878 601 in

92 621 183 655 aliquo
200 620 324 647 ludicro:
343 620 473 655 alioquin,
496 621 581 655 gradu
598 620 732 653 dejicitur.
748 619 793 646 Sic
808 620 879 647 enim

92 665 283 699 ﬁilcjussiones
299 666 364 693 dare
385 666 594 700 interpretatum
609 670 661 693 est.
676 665 742 692 Nam
768 665 878 699 lidejus-

94 718 183 738 sorem
206 719 234 738 se
251 712 368 746 aliquem
393 716 522 745 praestare.
539 718 588 744 pro
602 718 634 738 eo
647 711 692 746 qui
718 711 743 737 in
761 710 880 745 periculo

96 763 233 789 versetur,
261 763 370 792 propter
394 758 441 785 Dei
467 757 627 785 charitatem
652 758 794 784 honestum
819 759 879 783 est:

93 807 201 836 oportet
220 803 292 830 enim
311 810 413 837 ponere
433 803 552 830 animam
573 810 651 830 suam
670 809 718 836 pro
735 801 879 836 proximo;

94 848 212 876 inlirmis
228 856 301 881 vero,
320 849 422 884 quique
442 856 491 883 pro
511 849 639 876 fratribus
656 847 724 874 mori
745 855 798 874 non
815 853 878 880 pos-

95 899 168 928 sunt,
183 894 317 928 ejusmodi
333 895 468 928 lidejussio
486 901 538 920 non
559 899 601 921 est
613 893 778 927 deneganda.

132 939 295 967 Sanctorum
317 939 502 974 apostolorum
520 947 608 967 canon
621 938 666 965 20.

132 985 211 1020 Legis
226 990 306 1019 caput
321 986 367 1013 55.

131 1031 193 1059 116.
209 1031 267 1058 Non
294 1037 420 1066 oportere
447 1031 502 1058 alea
522 1031 614 1058 ludere
639 1036 686 1058 aut
703 1031 811 1063 tabulis,
841 1031 887 1057 aul

96 1078 203 1105 ludicra
219 1077 346 1110 tolerare,
361 1079 403 1105 vel
427 1077 523 1104 horum
544 1083 714 1112 spectatores
743 1084 814 1109 esse,
841 1081 888 1103 aut

99 1123 286 1155 Saltationum,
304 1127 351 1150 aut
374 1122 579 1158 thymelicarum
607 1123 816 1154 cantilenarum,
841 1126 887 1149 aut

97 1177 190 1196 eorum
207 1170 252 1203 qui
270 1169 366 1196 ludicri
384 1170 469 1204 gratia
490 1176 567 1196 ursas
580 1173 640 1203 post
657 1176 686 1195 se
704 1169 824 1199 trahunt,
841 1171 888 1194 aut

97 1223 191 1243 cormn
205 1215 249 1250 qui
265 1223 294 1242 se
308 1222 323 1242 a
335 1215 457 1242 dmmone
470 1214 562 1242 vexari
577 1214 719 1246 simulant,
734 1219 780 1240 aut
793 1220 886 1240 eorum

98 1261 144 1296 qui
167 1262 317 1288 accendunt
345 1269 425 1296 rogos
451 1268 484 1288 ac
511 1261 611 1288 ludicri
636 1268 718 1288 causa
738 1268 820 1294 supra
841 1267 887 1287 eos

99 1307 267 1340 transiliunt,
285 1312 330 1334 aut
353 1307 542 1334 venationibus
563 1307 604 1334 vel
627 1306 795 1334 circensibus
811 1305 888 1333 addi-

99 1357 159 1380 ctos
174 1360 254 1386 esse;
272 1353 410 1387 qu0niam,
428 1353 561 1387 siquidem
587 1352 674 1379 sacris
699 1351 795 1378 initiati
823 1351 887 1383 sint,

101 1399 187 1433 gradu
216 1404 377 1431 mm'entur;
394 1399 417 1426 si
448 1405 515 1426 vero
531 1398 605 1431 laici,
623 1405 668 1426 sex
689 1405 776 1426 annos
800 1404 888 1432 segre-

101 1448 209 1479 gantur.

138 1489 300 1516 Sanctorum
316 1489 496 1524 apostolorum
514 1498 599 1518 canon
615 1489 661 1523 20,
679 1490 724 1523 42,
739 1490 785 1517 45.

137 1533 240 1569 Synodi
256 1535 431 1563 Laodicensis
444 1543 531 1563 canon
545 1536 588 1568 52,
608 1535 653 1568 54,
667 1535 712 1563 55.

138 1580 240 1616 Synodi
256 1581 490 1616 Carthaginiensis
503 1589 589 1609 canon
605 1582 649 1614 15,
668 1581 713 1614 61,
729 1581 775 1610 65.

139 1628 282 1663 SynodiVl
303 1635 389 1656 canon
405 1628 450 1662 Ἡ,
468 1628 513 1662 50,
530 1629 574 1663 51,
588 1627 632 1662 60,
651 1628 699 1662 61,
716 1628 761 1661 62,
780 1628 825 1661 65,
844 1627 889 1660 66.

105 1674 150 1701 71.

139 1720 240 1756 Synodi
260 1721 305 1748 Vll
322 1728 410 1748 canon
430 1721 475 1748 2'2.

140 1766 222 1801 Legis
236 1772 318 1802 caput
334 1768 369 1795 57
384 1772 411 1794 et
428 1767 472 1794 87.

141 1812 204 1840 117,
222 1812 280 1840 Non
295 1821 355 1841 esse
376 1813 548 1846 accipiendas
563 1819 660 1840 usuras
675 1819 682 1838 :
696 1811 840 1846 quoniam.
855 1812 892 1839 si-

105 1858 213 1893 quidem
243 1859 328 1886 sacris
355 1859 412 1885 sint
438 1858 547 1891 initiati,
574 1857 757 1891 dejiciuntur;
783 1857 805 1884 si
831 1864 894 1884 vero

105 1904 179 1938 laici,
196 1909 384 1940 segregantur.

143 1950 308 1978 Sanctorum
329 1951 512 1985 apostolorum
531 1958 619 1979 canon
636 1951 682 1978 4L

144 1997 247 2031 Synodi
265 1996 383 2024 Niczcna:
397 2004 483 2024 canon
498 1997 541 2023 l7.

146 2043 246 2079 Synodi
263 2042 422 2071 Laodicente
436 2051 522 2071 canon
537 2044 564 2070 4.

146 2089 247 2125 Synodi
261 2089 494 2125 Carthaginiensis
509 2096 597 2117 canon
617 2089 651 2117 10
667 2093 694 2116 et
710 2088 754 2116 16.

145 2135 238 2162 Sancti
253 2135 376 2170 Gregorii
392 2135 505 2171 Nysseni
521 2143 607 2163 canon
624 2135 649 2163 6.

147 2181 209 2208 118.
239 2181 298 2209 Non
333 2189 393 2209 esse
429 2182 608 2209 cavillandum
647 2186 695 2209 aut
733 2180 897 2208 illudendum

931 251 1056 286 ἀνάγκην
1070 251 1284 281 καταλύσαντος.

963 348 1022 375 Τῶν
1036 349 1120 384 ἁγίων
1133 349 1290 375 ἀποστόλων
1307 347 1396 374 κανὼν
1414 347 1467 382 μβ’,
1485 350 1531 382 μγ¹
1545 348 1592 374 καὶ
1604 347 1644 382 νβ’

965 394 1078 421 Συνόδου
1093 395 1252 426 Λαοδικείας
1267 393 1358 421 κανὼν
1373 393 1423 420 κδ’.

965 439 1079 466 Συνόδου
1096 440 1274 476 Καρθαγένης
1294 439 1385 466 κανὼν
1403 439 1440 475 μ’.

965 486 1078 512 Συνόδου
1094 485 1120 518 ς’
1134 486 1223 513 κανὼν
1235 486 1256 512 θ’
1272 488 1320 513 καὶ
1338 485 1396 517 κς’.

967 535 1028 566 ριε’.
1043 532 1104 558 Ὅτι
1119 532 1149 558 οὐ
1168 532 1210 558 δεῖ
1234 532 1366 567 κληρικδν
1381 532 1483 566 ἐγγύας
1502 531 1613 561 διδόναι.
1631 532 1716 565 ἤγουν

932 576 1149 613 στοιχήματαῌ)
1166 579 1251 604 ποιεῖν
1269 578 1297 604 ἐν
1315 577 1509 612 ἱπποδρομείῳ,
1523 577 1539 611 ἢ
1558 577 1586 603 ὲν
1598 577 1716 610 παιγνίῳ

931 623 1002 650 τινί·
1018 623 1079 649 ἐπεὶ
1102 623 1283 657 καθαιρεῖται.
1309 623 1388 649 Οὕτω
1414 623 1469 657 γὰρ
1493 622 1593 648 διδόναι
1615 623 1716 656 ἐγγύας

932 670 1112 705 ἡρμήνευται.
1126 668 1163 695 Τδ
1177 667 1229 702 γὰρ
1243 667 1393 702 ἐγγυᾶσθαί
1418 675 1480 693 τινα
1497 668 1526 692 ἐν
1543 666 1658 701 κινδύνῳ
1672 674 1719 700 γε-

934 717 1023 751 γονότι
1035 717 1078 743 διὰ
1095 716 1145 751 τὴν
1158 715 1204 742 τοῦ
1219 715 1287 742 Θεοῦ
1303 715 1424 749 ἀγάπην,
1439 714 1532 741 καλόν.
1545 714 1652 740 Τιθέναι
1665 713 1719 748 γὰρ

933 763 974 789 δεῖ
984 763 1032 798 τὴν
1046 763 1136 797 ψυχὴν
1151 762 1220 796 ὑπὲρ
1241 761 1288 788 τοῦ
1305 761 1419 794 πλησίον
1430 769 1437 776 ο
1462 761 1502 788 δεί
1521 761 1549 787 δὲ
1569 762 1624 792 τοῖς
1639 760 1720 786 ἀσθε-

934 811 1003 841 νέσι,
1018 810 1066 836 καὶ
1082 810 1118 844 μὴ
1131 809 1289 843 δυναμένοις
1306 808 1376 843 ὑπὲρ
1389 807 1511 842 ἀδελφῶν
1527 807 1719 840 ἀποθνήσκειν,

935 855 981 881 καὶ
994 854 1121 888 τοιαύτην
1133 853 1237 889 ἐγγύην
1252 852 1289 888 μὴ
1309 851 1513 888 παραιτεῖσθαι.

973 946 1033 972 Τῶν
1046 946 1133 979 ἁγίων
1147 944 1304 971 ἀποστόλων
1320 943 1411 970 κανὼν
1428 941 1462 970 κ’.

973 991 1027 1018 Καὶ
1041 989 1152 1024 νομικὸν
1165 989 1311 1023 κεφάλαιον
1327 987 1374 1014 λε’.

976 1040 1040 1071 ρις’.
1067 1036 1128 1062 Ὅτι
1155 1036 1185 1061 οὐ
1214 1035 1256 1061 δεῖ
1281 1033 1418 1065 κυϐεύειν,
1448 1032 1507 1068 ἦτοι
1534 1031 1680 1063 ταυλίζειν,
1706 1030 1723 1065 ἢ

939 1083 1052 1116 παίγνια
1065 1079 1220 1114 ἀνέχεσθαι,
1237 1078 1253 1114 ἢ
1270 1077 1412 1112 θεωρητὰς
1427 1075 1550 1110 γίνεσθαι
1565 1075 1668 1101 τούτων
1678 1082 1685 1090 ·
1708 1075 1724 1109 ἣ

939 1115 1089 1162 ὀρχήσεων,
1105 1125 1122 1161 ἦ
1137 1115 1291 1160 θυμελικῶν
1303 1123 1446 1159 ᾀσμάτων,
1458 1122 1474 1156 ἢ
1488 1122 1542 1148 τῶν
1561 1121 1610 1152 τὰς
1626 1120 1725 1155 ἀρηίους

939 1172 1146 1208 ἐπισυρομένων
1161 1171 1240 1206 χάριν
1256 1168 1382 1202 παιγνίου
1397 1175 1404 1181 ’
1419 1167 1435 1202 ἢ
1452 1167 1505 1193 τῶν
1518 1166 1648 1200 δαιμονᾷν
1661 1165 1728 1191 ὑπο-

940 1219 1106 1255 κρινομένων
1119 1224 1125 1231 ·
1151 1217 1167 1252 ἦ
1187 1216 1241 1243 τῶν
1265 1214 1441 1242 ἁναπτόντων
1460 1213 1608 1246 πυρκαϊὰς,
1633 1211 1680 1238 καὶ
1699 1212 1726 1236 ἐν

940 1265 1058 1299 παιγνίῳ
1079 1262 1306 1298 ὑπεραλλομένων
1318 1261 1413 1291 αὐταῖς
1423 1267 1431 1274 ⁸
1449 1259 1465 1294 ἢ
1484 1256 1660 1293 προσκεῖσθαι
1675 1264 1724 1282 κυ-

939 1311 1055 1345 νηγίοις,
1082 1308 1099 1343 ἢ
1122 1305 1329 1342 ἱπποδρομίοις·
1354 1303 1434 1336 ἐπεὶ,
1458 1305 1482 1330 εἰ
1507 1302 1557 1337 μὲν
1581 1301 1727 1337 ίερωμένοι

940 1358 1004 1388 είσὶ,
1019 1354 1233 1390 καθαιροῦνται·
1257 1353 1281 1379 εί
1304 1351 1393 1378 λαῖκοὶ
1428 1349 1605 1385 ἀφορίζονται
1630 1347 1676 1374 ἐπὶ
1698 1347 1728 1380 ἕξ

940 1402 1056 1438 χρόνοις.

978 1503 1040 1529 Τῶν
1054 1502 1139 1535 ἁγίων
1151 1499 1307 1527 ἀποστόλων
1319 1497 1412 1524 κανὼν
1426 1495 1461 1527 κ’,
1480 1495 1534 1530 μβ’,
1552 1493 1608 1529 μγ’.

976 1547 1090 1576 Συνόδου
1107 1545 1268 1576 Λαοδικείας
1283 1543 1374 1571 κανὼν
1386 1543 1437 1577 νβ’,
1450 1543 1498 1574 νδ¹,
1512 1544 1559 1568 νε’.

977 1594 1091 1622 Συνόδου
1105 1591 1285 1626 Καρθαγένης
1302 1588 1393 1616 κανὼν
1409 1587 1450 1620 ιε’,
1471 1586 1521 1621 Eu’,
1538 1586 1588 1620 ξγ’.

976 1639 1089 1666 Συνόδου
1113 1636 1140 1669 ς’
1165 1635 1257 1664 κανὼν
1281 1634 1331 1667 κε,
1356 1633 1388 1667 ν’,
1410 1636 1461 1666 va’,
1485 1631 1517 1667 ξ’,
1537 1632 1588 1665 ξα¹,
1609 1630 1661 1666 ξβί,
1682 1629 1730 1663 EE',

942 1687 997 1720 ξςν,
1012 1684 1062 1712 οα’.

978 1731 1091 1758 Συνόδου
1108 1729 1130 1762 ζ’
1145 1727 1234 1756 κανὼν
1254 1727 1306 1762 κβ’.

979 1776 1099 1810 Νομικδν
1114 1773 1262 1808 κεφάλαιον
1277 1771 1316 1803 λζ’
1333 1771 1379 1797 καὶ
1394 1768 1449 1801 παῖ’.

982 1821 1042 1858 ριξ.
1058 1820 1120 1847 Ὀτι
1140 1819 1169 1845 οὺ
1184 1818 1225 1845 δεῖ
1244 1817 1341 1847 τόκους
1364 1814 1531 1850 λαμϐάνειν·
1546 1813 1620 1846 ἐπεὶ,
1636 1812 1661 1839 εί
1680 1812 1729 1858 μὲν

946 1855 1091 1903 ἱερωμένοι
1105 1864 1169 1896 etet,
1191 1861 1399 1897 καθαιροῦνται,
1424 1861 1449 1886 εί
1471 1859 1499 1887 δὲ
1520 1859 1619 1893 λαῖκοὶ,
1635 1855 1731 1892 ἀφορί-

946 1914 1049 1946 ζονται.

983 1959 1044 1985 Τῶν
1060 1958 1146 1991 ἁγίων
1159 1955 1319 1983 ἀποστόλων
1336 1954 1427 1983 κανὼν
1443 1953 1495 1990 μδ’.

984 2004 1097 2032 Συνόδου
1110 2002 1228 2033 Νικαίας
1244 2001 1334 2028 κανὼν
1350 2001 1394 2033 ιζ’.

982 2050 1094 2077 Συνόδου
1113 2048 1275 2079 Λαοδικείας
1286 2048 1375 2074 κανὼν
1388 2047 1421 2074 δ’.

984 2094 1098 2122 Συνόδου
1110 2093 1291 2128 Καρθαγένης
1303 2091 1393 2119 κανὼν
1408 2094 1423 2117 ι’
1438 2090 1484 2117 καὶ
1497 2092 1545 2121 ις’.

985 2140 1038 2167 Τοῦ
1052 2139 1130 2173 όιγίου
1145 2137 1297 2173 Γρηγορίου
1311 2136 1421 2170 Νύσσης
1436 2133 1526 2161 κανὼν
1541 2131 1579 2165 ς’.

987 2184 1050 2222 ριη’.
1066 2185 1128 2211 ’Ὁτι
1149 2184 1179 2209 οὐ
1203 2182 1243 2208 δεῖ
1257 2181 1407 2216 χλευάζειν,
1423 2179 1481 2215 ἤτοι
1496 2176 1642 2212 ἐμπαίζειν

112 2228 219 2260 claudo,
235 2232 280 2255 aut
304 2235 386 2261 casco,
403 2232 449 2255 aut
470 2228 584 2263 pedibus
602 2227 725 2256 mutilata
739 2236 746 2254 :
763 2227 808 2262 qui
824 2227 889 2255 enin

952 2234 968 2271 ἢ
990 2231 1093 2267 τυφλῷ,
1118 2230 1134 2266 ἦ
1161 2229 1199 2264 τῷ
1219 2228 1268 2259 τὰς
1298 2227 1389 2261 βάσεις
1418 2223 1617 2259 πεπληγμένῳ·
1642 2221 1703 2248 ἐπεὶ
1722 2221 1736 2246 ὁ

113 2275 166 2302 hoc
182 2274 257 2308 facit,
275 2275 539 2302 excommunicatur.

149 2312 313 2349 Sanctorum
330 2321 511 2356 apostolorum
527 2328 613 2348 canon
634 2320 678 2348 57.

149 2367 212 2395 119.
228 2367 286 2394 Non
304 2374 365 2395 esse
379 2368 668 2396 excommunicandum
684 2376 745 2396 enm
760 2369 804 2404 qui
815 2368 900 2395 l'otni-

113 2414 170 2442 cari
190 2414 380 2446 constituerit,
398 2414 431 2441 ad
457 2421 525 2448 opus
551 2418 638 2440 tamen
659 2422 711 2441 non
733 2415 848 2446 venerit,
873 2418 903 2440 ut

115 2461 161 2496 qui
179 2460 269 2487 divina
284 2460 370 2495 gratia
388 2460 422 2487 sit
436 2465 568 2487 servatus.

152 2506 254 2541 Synodi
271 2506 388 2534 Nicaeum
403 2513 489 2534 canon
505 2507 532 2534 4.

154 2551 216 2580 120.
231 2551 289 2579 Non
315 2557 442 2587 oportere
453 2552 648 2583 Christianum,
672 2551 831 2586 sanguinem
856 2555 904 2577 aut

117 2605 226 2626 carnem
239 2605 253 2624 a
265 2598 350 2625 bestia
366 2603 482 2632 captam,
496 2603 542 2625 aut
560 2597 729 2625 morticinum
744 2597 902 2625 comedere:

117 2645 141 2672 si
155 2645 227 2672 enim
243 2646 313 2671 sacri
338 2644 373 2672 sit
389 2644 503 2677 ordinis,
525 2645 671 2679 dejicitur;
688 2645 710 2671 si
723 2652 787 2672 vero
810 2643 904 2675 laicus,

120 2695 292 2724 segregatum

155 2737 317 2763 Sanctorum
335 2736 517 2771 apostolorum
530 2744 615 2764 canon
633 2735 678 2764 65.

158 2782 260 2817 Synodi
272 2782 439 2818 Gangrensis
454 2790 540 2810 canon
553 2783 581 2810 2.

161 2838 201 2874 (1)
220 2839 333 2874 στοιχέω
358 2838 508 2874 Hesychius
523 2839 716 2874 interpretatur
746 2839 858 2868 συνενῶ.
881 2839 906 2866 id

123 2880 175 2910 est,
198 2873 328 2905 coaduno.
344 2873 489 2914 conpénio:
510 2874 580 2902 unde
593 2874 662 2911 apud
679 2873 906 2909 Harmcnopulum

951 2279 1029 2306 τοῦτο
1042 2277 1126 2304 ποιῶν
1139 2274 1309 2310 ἀφορίζεται.

987 2323 1048 2350 Τῷν
1064 2322 1148 2356 ἁγίων
1159 2318 1316 2347 ἀποστόλων
1329 2317 1419 2344 κανὼν
1434 2316 1481 2349 νζ¹.

989 2367 1048 2405 ριθ’.
1067 2369 1127 2394 Ὄτι
1152 2366 1181 2393 οὑ
1205 2365 1245 2391 δεῖ
1264 2363 1405 2399 ἀφορίζειν
1426 2363 1471 2390 τὸν
1497 2362 1664 2398 προθέμενον
1687 2362 1736 2397 μὲν

952 2415 1112 2450 πορνεῦσαι,
1131 2413 1168 2447 μὴ
1185 2410 1296 2437 ἐλθόντα
1309 2410 1337 2436 δὲ
1357 2411 1396 2441 εἰς
1411 2409 1502 2443 ἔργον,
1527 2408 1579 2435 ὑπὸ
1594 2407 1644 2442 τῆς
1662 2407 1737 2439 θείας

953 2462 1062 2497 χάριτος
1078 2460 1220 2495 ρυσθέντα.

989 2506 1102 2534 Συνόδου
1120 2506 1237 2537 Νικαίας
1252 2504 1341 2532 κανὼν
1358 2502 1391 2530 δ’.

993 2553 1045 2589 ρκ’.
1062 2554 1123 2580 Ὅτι
1141 2553 1172 2579 οὺ
1186 2553 1230 2579 δεῖΓ
1245 2549 1464 2586 μεταλαμϐάνειν
1478 2544 1640 2581 Χριστιανὸν
1655 2544 1738 2579 αἵμα-

955 2610 1000 2633 τος
1013 2601 1030 2636 ἢ
1046 2599 1226 2634 θηριαλώτου,
1241 2598 1258 2632 ἢ
1278 2595 1452 2631 θνησιμαίου.
1473 2593 1503 2619 El
1521 2592 1569 2628 μὲν
1586 2591 1641 2627 γὰρ
1657 2591 1738 2626 ἱερω-

959 2649 1038 2684 μένος
1055 2646 1125 2678 ἐστὶ,
1147 2643 1338 2680 καθαιρείται·
1357 2643 1382 2668 εί
1398 2641 1426 2667 δὲ
1443 2639 1549 2670 λαῖκὲς,
1567 2637 1736 2672 ἀφορίζεται.

993 2738 1014 2764 Τ
1017 2737 1054 2763 ὦν
1069 2736 1153 2770 ἁγίων
1167 2734 1325 2761 ἀποστόλων
1342 2731 1432 2760 κανὼν
1445 2729 1494 2765 ξγ¹.

994 2782 1106 2808 Συνόδου
1120 2781 1253 2817 Γαγγρῶν
1267 2779 1356 2807 κανὼν
1371 2779 1405 2814 β’.

958 2839 1039 2868 1ἱ1›.1,
1056 2837 1098 2864 tit.
1119 2838 1146 2864 8.
1170 2837 1193 2872 §.
1213 2837 1236 2864 l.
1262 2835 1346 2863 Pacta
1364 2840 1388 2863 ει
1414 2832 1608 2864 convention”,
1626 2837 1739 2865 στοιχη-

960 2874 1039 2902 θέντα
1057 2873 1193 2901 dicuntur.
