1929 3076
191 108 229 139 53
824 108 992 139 EPITOME
1013 108 1207 141 CANONUM.
1790 109 1822 141 Si

232 163 348 190 Συνὸὂου
364 167 390 196 ς’
404 163 495 190 κανὼν
511 164 561 199 ἐᾷ’.

229 213 302 244 ρκα’.
321 210 382 236 Ὀτι
398 210 430 236 οὐ
454 209 495 245 δεῖ
520 210 616 244 μάντει
635 211 780 246 προσέχειν
792 220 798 227 ·
817 212 841 238 εἰ
867 212 915 246 μὲν
930 211 985 246 γὰρ

193 255 341 290 ἓερωμένοι
358 256 423 288 είσὶ,
449 255 665 291 καθαιροῦνται·
682 258 706 283 εἰ
723 257 751 283 δὲ
772 257 873 290 λαῐιιοὶ,
890 258 985 293 ἀφορί-

192 301 290 332 ζονται
306 302 352 328 ἐπὶ
367 301 397 334 ἓξ
413 301 520 336 χρόνοις
532 310 540 316 ·
561 303 586 328 εί
603 302 631 328 δὲ
646 303 812 338 ὲπιμένοιεν,
825 303 984 330 παντάπασι

191 347 244 383 τῆς
263 348 426 384 Ἐκκλησίας
437 349 665 384 ἀπορρίπτονται.

231 393 293 419 Τῶν
310 394 397 428 ἁγίων
408 394 567 421 ἀποστόλων
582 395 671 421 κανὼν
686 395 734 430 ξγ’.

229 440 346 466 Συνόδου
366 439 504 474 Ἀγκύρας
518 440 608 468 κανὼν
620 441 658 468 κδ’
662 461 670 470 .

229 487 345 513 Συνόὶου
360 485 386 519 ς’
401 487 493 514 κανὼν
507 488 557 520 ξω.

231 532 286 558 Τοῦ
297 533 377 566 ἁγίου
395 533 540 560 Βασιλείου
555 534 646 561 κανὼν
661 534 709 570 οβ)
726 535 782 569 πγ’.

230 579 285 604 Τοῦ
303 579 381 612 ἁγίου
394 579 545 615 Γρηγορίου
559 580 670 616 Νύσσης
688 581 778 608 κανὼν
791 581 824 616 β’.

230 625 299 660 ρκ6’.
318 626 378 652 Ὅτι.
393 626 423 652 οὺ
438 626 480 652 δεῖ
494 626 633 659 κλέπτειν,
647 627 662 662 ἢ
678 628 827 662 ἐπιορκεῖν,
841 628 857 664 ἦ
875 629 984 664 τυμϐω-

193 673 288 707 ρυχεῖν
302 679 309 686 ·
332 672 404 704 ἐπεὶ,
428 673 453 698 εί
470 672 518 707 μὲν
535 673 678 707 ίερωμένοι
690 674 754 706 εἰσὶ,
771 675 982 710 καθαιροῦνται·

192 721 218 745 εί
247 719 276 745 δὲ
304 719 412 751 λαῖκοὶ,
438 719 614 755 ἄφορίζονται
640 721 843 756 ἁκοινωνήτως.
874 722 903 749 '0
934 723 984 757 μὲν

192 764 330 796 κλέπτων,
357 765 405 790 ἐὰν
436 765 638 800 μεταμεληθεὶς
665 766 832 803 ὁμολογήσῃ.
861 768 984 795 ἐνιαυτὸν

191 809 258 835 ἕνα⁸
274 810 298 835 εί
317 808 344 835 δὲ
364 809 412 844 μὴ,
431 810 488 837 δύο.
512 810 541 837 Ὀ
562 811 590 838 δὲ
612 811 751 847 ἐπίορκος,
772 814 819 840 καὶ
838 814 983 850 τυμϐωρύ-

192 863 239 889 χος
260 855 306 881 stt!
321 855 434 890 χρόνους
449 855 527 882 δέκα.

229 944 293 970 Τῶν
308 944 394 977 ἁγίων
411 945 568 972 ἀποστόλων
583 946 674 974 κανὼν
691 947 740 975 κε’.

229 990 284 1016 Τοῦ
301 991 380 1024 ἁγίου
402 991 544 1018 Βασιλείου
561 993 651 1021 κανὼν
674 994 725 1027 Sal,
750 995 796 1028 ξδ’,
815 996 850 1028 ξε¹
864 995 910 1023 καὶ
927 997 982 1032 πβν.

229 1037 287 1063 Kal
303 1037 348 1063 τοῦ
363 1037 442 1072 ἁγίου
458 1038 611 1075 Γρηγορίου
622 1040 733 1076 Νύσσης
745 1041 834 1068 κανὼν
849 1041 875 1075 ς’
888 1043 935 1069 καὶ
949 1042 981 1075 ζ’.

230 1080 301 1116 ρκγ’.
315 1082 376 1108 Ὀτι
389 1083 420 1108 οὑ
435 1083 474 1109 δεῖ
487 1083 647 1118 πορνεύειν·
662 1085 687 1111 εί
704 1086 754 1121 μὲν
768 1087 822 1121 γὰρ
837 1087 982 1122 ίερωμένοι

192 1127 259 1160 εἰσὶ,
275 1128 470 1164 καθαιροῦνται
485 1137 492 1145 ·
511 1130 536 1156 εί
553 1130 579 1157 δὲ
601 1131 703 1164 λαῖκοὶ,
727 1132 903 1167 ἀφορίζονται
917 1134 947 1159 ὲν
960 1133 983 1165 ζ’

192 1173 295 1200 ἔτεσιν.
319 1174 350 1200 '0
374 1174 404 1201 δὲ
425 1176 537 1209 γυναικὶ
563 1176 710 1211 συναφθεὶς
735 1179 782 1205 ἐπὶ
809 1179 933 1215 πορνείᾳ,
958 1180 981 1205 εἰ

194 1219 235 1254 μὴ
250 1220 397 1254 ἀφίσταται
413 1220 525 1256 ταύτης,
554 1221 625 1248 ἔστω
644 1223 835 1259 ἀφωρισμένος
853 1225 925 1252 κατὰ
937 1226 982 1253 τὸν

192 1266 297 1292 κανόνα
309 1274 316 1282 ⁸
329 1266 452 1300 ἁφιέεοω
466 1267 494 1293 δὲ
508 1268 665 1304 πορνεύειν,
678 1269 720 1296 ἵνα
739 1270 776 1306 μὴ
791 1271 882 1306 χεῖρόν
894 1281 920 1300 τι
937 1273 983 1306 γέ-

191 1320 286 1346 νηται.

231 1358 293 1385 Τῶν
304 1358 389 1393 ἁγίων
409 1360 567 1387 ἀποστόλων
584 1361 673 1388 κανὼν
691 1365 739 1394 κε’,
758 1362 809 1396 ξα¹.

229 1404 342 1431 Συνόδου
360 1406 477 1438 Νικαίας
495 1406 584 1433 κανὼν
597 1411 620 1434 α’
635 1408 681 1435 καὶ
698 1412 733 1442 γ’.

230 1451 345 1479 Συνόδου
359 1456 385 1485 ς’
396 1453 487 1480 κανὼν
500 1454 541 1488 μδ¹
553 1454 601 1480 καὶ
614 1458 675 1485 πς’.

229 1497 284 1523 Τοῦ
298 1498 376 1531 ἁγίου
391 1498 542 1534 Γρηγορίου
554 1499 599 1526 τοῦ
612 1500 828 1535 Θαυματουργοῦ
843 1502 931 1529 κανὼν
946 1503 979 1530 α’.
995 1514 1016 1543 c

230 1544 283 1570 Τοῦ
301 1545 378 1578 ἁγίου
405 1545 545 1573 Βασιλείου
567 1546 655 1573 κανὼν
675 1546 707 1580 δ’,
726 1547 779 1580 21',
798 1548 855 1581 κς’,
872 1550 923 1586 λη’,
941 1554 977 1586 μ’,

192 1588 251 1624 μβ¹,
267 1589 322 1625 μγ¹,
335 1594 367 1623 ν’,
383 1591 421 1617 νϐ’
435 1591 483 1618 καὶ
501 1593 538 1618 π’.

229 1637 284 1663 Καὶ
301 1637 348 1663 τοῦ
364 1638 443 1672 ἁγίου
458 1639 610 1674 Γρηγορίου
628 1640 739 1676 Νύσσης
750 1642 840 1669 κανὼν
856 1642 891 1677 γ’.

231 1682 298 1717 ρκὸ’.
313 1684 422 1711 Ὀτιού
444 1685 485 1712 δεῖ
503 1695 564 1712 τινα
584 1686 638 1713 τῶν
662 1687 817 1723 ἱερωμένων
837 1690 885 1725 τὴν
912 1691 980 1718 ἰδίαν

191 1731 311 1762 γυναῖκα
332 1731 473 1758 ἐκϐάλλειν
497 1733 633 1767 προφάσει
655 1734 819 1766 εὐλαὸείας”
840 1735 897 1762 ἁλλ’
918 1737 980 1764 οὔτε

192 1774 288 1801 λαϐεῖν
302 1778 419 1809 γυναῖκα
433 1778 532 1812 χήραν,
554 1778 570 1813 ἢ
586 1779 804 1815 ἐκϐεϐλημένην,
822 1781 838 1816 ἢ
857 1782 980 1817 ἐταῖραν,

192 1820 210 1854 ἢ
227 1821 347 1856 οἰκέτην,
366 1823 381 1857 ἢ
400 1823 454 1849 τῶν
473 1825 520 1850 ἐπὶ
535 1826 648 1860 σκηνῆς,
663 1826 679 1862 ἢ
696 1827 735 1858 εἰς
750 1827 878 1862 δεύτερον
893 1830 981 1864 γάμον

193 1868 299 1894 ἐλθεῖν·
312 1869 370 1896 ἀλλ’
384 1869 446 1896 οὔτε
459 1870 528 1897 κατὰ
540 1870 652 1905 ἄγνοιαν
664 1872 703 1904 είς
714 1873 872 1910 παράνομον
882 1875 978 1903 ἐλθεῖν·

193 1913 258 1939 ἐπεὶ
274 1914 453 1950 καθαιρεῖται.

637 2000 644 2009 \
698 2000 703 2010 ι
743 2001 762 2010 ιιι

232 1997 293 2023 Τῶν
308 1997 393 2031 ἁγίων
408 1999 565 2026 ἀποστόλων
579 2000 668 2027 κανὼν
683 2000 714 2034 ε’,
731 2001 772 2034 ις’,
789 2005 834 2037 ιη’,
848 2002 890 2029 ιϐ’.

230 2044 344 2070 Συνὸδου
358 2046 476 2077 Νικαίας
493 2047 582 2073 κανὼν
596 2050 632 2075 α’.

230 2089 343 2116 Συνόδου
361 2091 542 2127 Καρθαγένης
556 2093 646 2120 κανὼν
662 2094 713 2129 ρβ’.

231 2135 345 2162 Συνὸδου
363 2135 390 2168 ς’
403 2136 494 2164 κανὼν
509 2137 534 2172 γ’
550 2138 597 2165 καὶ
611 2142 668 2171 κς¹.

230 2181 284 2207 Τοῦ
301 2182 380 2215 ἁγίου
400 2183 543 2211 Βασιλείου
563 2184 653 2211 κανὼν
669 2185 691 2212 0'
706 2187 752 2212 καὶ
770 2186 815 2221 ιβ’,
835 2188 890 2223 μᾷ,
904 2188 950 2220 (ιζ’.

229 2227 360 2262 Θεοφίλου
376 2229 466 2256 κανὼν
481 2233 515 2263 ιγ’

231 2273 288 2301 Καὶ
303 2275 414 2309 νομικὸν
428 2276 576 2310 κεφάλαιον
598 2276 656 2312 μς¹,
675 2277 727 2312 μδ¹,
750 2279 804 2313 μζ’.

232 2318 299 2353 ρκέ.
317 2320 379 2346 Ὅτι
394 2321 424 2348 οὐ
439 2321 479 2347 δεῖ
496 2331 557 2348 τινα
577 2323 622 2349 ἐπὶ
644 2323 817 2359 ἁπειρημὲνῃ
837 2325 980 2362 συγγενείᾳ

193 2366 364 2400 παρανόμως
382 2367 422 2398 εἰς
442 2367 530 2401 γάμον
543 2367 631 2395 ἐλθεῖν
642 2376 650 2385 ·
667 2369 728 2395 ἐπεὶ
750 2371 908 2405 ἀφορίζεται
923 2372 981 2398 δια-

193 2411 286 2446 φόρως
301 2412 368 2447 πρὸς
384 2412 434 2448 τὴν
449 2413 603 2448 οἰκειότητα
617 2414 664 2441 τοῦ
690 2415 785 2448 γένους
796 2424 802 2431 ·
823 2417 837 2443 ὁ
857 2417 915 2451 μὲν,
934 2418 981 2444 ἐπὶ

193 2457 303 2491 χρόνοις
320 2457 353 2491 ζ’,
370 2459 384 2485 ὁ
398 2458 437 2490 δὲ,
451 2459 497 2485 ἐπὶ
508 2459 589 2490 δέκα,
604 2461 618 2486 ὁ
631 2460 670 2492 δὲ,
683 2462 729 2488 ἐπὶ
746 2462 789 2496 ιβ’,
801 2463 863 2492 ὸδὲ,
874 2463 919 2489 ἐπὶ
934 2468 977 2495 ιε’,

193 2504 365 2535 ἀποστάντες
384 2504 508 2539 δηλονότι
530 2507 664 2541 πρότερον
683 2507 730 2533 τοῦ
747 2507 868 2543 ἀθέσμου
892 2516 981 2536 συνοι-

194 2549 300 2580 κεσίου,
314 2550 360 2575 καὶ
375 2549 447 2577 οὕτω
459 2552 679 2587 προσδεχόμενοι.

232 2595 293 2621 Τών
308 2596 394 2629 ἁγίων
411 2597 570 2625 ἀποστόλων
587 2599 676 2626 κανὼν
697 2599 730 2633 θ’,
750 2604 805 2636 μη¹.

232 2641 287 2667 Καὶ
303 2642 414 2669 συνόδου
429 2643 564 2680 Γαγγρῶν
581 2645 670 2672 κανὼν
691 2649 740 2674 κε’.

231 2687 344 2714 Συνόδου
358 2688 475 2720 Νικαίας
491 2691 581 2716 κανὼν
597 2695 621 2718 α’
641 2693 688 2718 καὶ
705 2692 738 2727 β’.

231 2732 342 2759 Συνόδου
360 2733 385 2766 ς’
402 2735 493 2762 κανὼν
510 2736 561 2770 νγ¹,
581 2738 628 2764 νδ¹.

231 2778 284 2805 Τοῦ
298 2780 375 2814 ἁγίου
398 2783 537 2810 Βασίλείου
553 2784 643 2811 κανὼν
659 2788 711 2820 κγ’,
731 2785 780 2818 ξζλ
794 2785 845 2822 En’.
864 2788 910 2819 π’,
925 2787 981 2820 οςύ

196 2823 249 2859 οη’.
263 2825 299 2852 οθ¹
313 2827 359 2853 καὶ
377 2827 437 2860 πς’.
961 2840 965 2841 ν

1004 167 1023 194 Α
1076 165 1178 200 Synodi
1195 172 1278 194 sextae
1295 174 1381 194 canon
1396 165 1439 193 62.

1074 212 1135 240 iit.
1158 213 1196 240 Αιι
1215 218 1301 240 vatem
1323 220 1376 240 non
1403 219 1463 240 esse
1482 211 1686 239 accedendum:
1704 212 1725 239 si
1751 212 1822 239 enim

1038 258 1124 284 sacris
1146 258 1243 285 initiati
1262 260 1327 291 sint,
1342 259 1426 292 gradu
1446 260 1606 287 moventur;
1623 255 1645 283 si
1662 263 1726 282 vero
1751 255 1822 286 laici,

1037 311 1082 330 sex
1106 312 1191 331 annos
1218 308 1394 339 segregantur
1417 303 1509 338 ;quod
1537 303 1560 330 si
1587 307 1772 338 perseverem,
1790 310 1822 329 ex

1037 350 1156 377 Ecclesia
1175 350 1282 385 penitus
1300 351 1456 386 ejiciuntur.

1071 396 1231 423 Sanctorum
1247 397 1428 430 apostolorum
1446 403 1529 423 canon
1545 397 1588 423 65.

1072 442 1170 477 Synodi
1191 443 1337 478 Aucyranae
1355 449 1441 469 eauou
1459 442 1505 469 24.

1072 488 1172 523 Synodi
1190 488 1224 515 Vl
1238 496 1322 515 canon
1341 488 1385 515 61.

1072 534 1163 561 Sancti
1181 534 1270 561 Basilii
1285 542 1370 562 canon
1386 535 1419 561 72
1433 538 1460 562 et
1474 535 1518 561 83.

1073 580 1101 608 ς.
1117 580 1240 615 Gregorii
1259 579 1371 616 Nysseni
1392 587 1476 607 can0n
1493 580 1518 606 ἓ.

1071 624 1133 651 12‘).
1153 625 1210 653 Non
1235 633 1294 653 esse
1319 625 1474 657 furandum,
1496 631 1541 653 aut
1566 626 1749 661 prjeraudum,
1777 632 1822 653 aut

1036 671 1157 706 sepulcra
1176 671 1383 706 deprazdandum
1400 681 1407 698 :
1426 672 1562 706 quoniam,
1580 672 1713 706 siquidem
1737 672 1822 698 sacri:

1036 716 1135 744 addicti
1154 717 1218 748 sint.
1233 717 1411 752 dejiciuntur;
1427 718 1448 744 si
1464 725 1527 745 vero
1548 717 1620 748 laici.
1636 717 1821 745 excommuni-

1035 767 1142 789 cantur.
1157 762 1207 795 Qui
1224 762 1327 790 furatus
1340 768 1391 794 cst,
1407 763 1537 798 siquidem
1555 763 1710 798 pmnitentia
1725 764 1821 789 ductus

1035 807 1176 836 confessus
1202 808 1292 842 fuerit,
1313 816 1396 836 unum
1424 816 1540 842 annum;
1568 809 1609 836 sin
1634 816 1709 840 vero,
1737 809 1820 839 duos;

999 848 1019 875 Β
1033 855 1158 888 periurus
1175 861 1239 882 vero
1258 862 1289 882 ac
1313 859 1478 882 mortuorum
1498 855 1637 889 spoliator,
1653 855 1744 882 decem
1770 862 1820 881 an.

1034 907 1094 926 11οε-

1070 944 1230 972 Sanctorum
1247 945 1428 979 apostolorum
1441 952 1528 973 canon
1545 945 1590 972 25.

1070 990 1161 1018 Sancti
1178 991 1266 1018 Basilii
1283 999 1369 1019 canon
1385 992 1429 1024 61,
1448 991 1492 1020 64.
1508 991 1541 1018 65
1556 996 1581 1018 et
1598 991 1641 1018 82.

1070 1038 1099 1065 S.
1114 1038 1236 1073 Gregorii
1253 1038 1365 1073 Nysseui
1386 1045 1472 1064 canon
1487 1038 1504 1065 6
1522 1043 1548 1065 et
1563 1038 1588 1064 'l.

1071 1084 1131 1111 123.
1149 1083 1206 1111 Non
1222 1090 1282 1111 esse
1296 1083 1485 1111 foruicandum
1502 1092 1510 1110 :
1525 1083 1547 1109 si
1562 1083 1632 1110 enim
1647 1084 1732 1110 sacris
1745 1083 1819 1109 addi-

1034 1130 1070 1157 cti
1088 1131 1152 1163 sint,
1168 1130 1350 1163 deponuntur;
1376 1128 1436 1156 laici
1463 1136 1525 1155 vero
1549 1124 1819 1155 excommunicantur

1034 1181 1135 1212 septem
1150 1183 1246 1203 annos.
1264 1174 1313 1208 Qui
1328 1178 1417 1202 autem
1434 1181 1493 1201 cum
1512 1173 1623 1201 muliere
1638 1181 1685 1208 per
1699 1173 1818 1200 fornica-

1035 1221 1133 1249 tionem
1150 1221 1288 1255 copulatus
1303 1224 1356 1251 est,
1372 1220 1422 1246 nisi
1439 1219 1472 1247 ab
1485 1227 1514 1247 ea
1532 1219 1650 1250 recedat,
1665 1226 1820 1246 excommu-

1036 1268 1140 1294 nicetut‘
1156 1267 1302 1294 secundum
1318 1273 1449 1294 canonem
1465 1275 1472 1293 :
1486 1265 1588 1293 sinatur
1603 1272 1666 1292 vero
1679 1264 1817 1296 fornicari.

1034 1322 1067 1341 ne
1084 1314 1148 1348 quid
1167 1314 1284 1341 deterius
1301 1313 1449 1348 contingat.

1069 1359 1228 1386 Sanctorum
1245 1365 1332 1385 cauon
1345 1357 1391 1390 25,
1404 1357 1448 1385 61.

1069 1404 1169 1439 Synodi
1188 1404 1303 1431 Nicarnze
1320 1410 1405 1430 canon
1423 1403 1434 1429 1
1453 1408 1479 1428 et
1493 1403 1520 1429 5.

1069 1448 1171 1484 Synodi
1189 1448 1222 1476 Vl
1241 1456 1325 1476 canon
1341 1449 1375 1476 44
1392 1453 1418 1476 et
1432 1448 1476 1475 86.

1070 1494 1099 1521 S.
1115 1494 1237 1530 Gregorii
1257 1495 1449 1528 'l‘liaumaturgi
1473 1501 1557 1521 canon
1580 1495 1606 1521 1.

1070 1539 1162 1566 Sancti
1186 1539 1276 1566 Basilii
1294 1546 1380 1566 canon
1401 1539 1428 1570 4,
1451 1539 1496 1571 21,
1511 1538 1557 1571 26,
1579 1538 1624 1571 58,
1642 1538 1688 1570 60.
1712 1538 1755 1572 42,
1774 1539 1817 1570 Δδ,

1034 1584 1078 1617 50,
1093 1584 1128 1611 59
1143 1589 1169 1612 ct
1186 1585 1230 1612 80.

1072 1638 1101 1665 S.
1117 1639 1239 1674 Gregorii
1255 1639 1368 1675 Nysseui
1386 1646 1471 1666 canon
1491 1640 1518 1666 ’5.

1071 1685 1132 1712 121.
1150 1684 1208 1712 Non
1226 1690 1350 1719 oportere
1369 1692 1531 1719 quemquam
1549 1685 1617 1712 sacri
1634 1685 1737 1712 ordinis
1750 1692 1816 1712 uxo-

1034 1739 1091 1759 rem
1115 1738 1192 1758 suam
1215 1731 1313 1764 ejicere
1339 1730 1475 1765 religionis
1493 1734 1633 1765 prattextu,
1657 1731 1703 1757 sed
1731 1737 1818 1764 neque

1034 1776 1140 1804 viduam
1158 1776 1296 1803 mulierem
1316 1776 1447 1809 accipere,
1466 1781 1513 1802 aut
1526 1775 1651 1808 eiectam,
1668 1780 1714 1803 aut
1729 1783 1818 1803 mere-

1036 1821 1140 1853 tricem,
1160 1826 1205 1847 aut
1220 1828 1336 1853 servam,
1354 1825 1400 1847 aut
1413 1828 1445 1848 ex
1465 1820 1498 1848 iis
1512 1828 1571 1855 quae
1587 1820 1612 1848 in
1629 1828 1708 1848 scena
1721 1828 1818 1854 operas

1034 1874 1098 1894 suas
1115 1869 1252 1900 praestant,
1267 1870 1315 1892 aut
1336 1866 1469 1893 secundas
1490 1866 1559 1894 inire
1581 1868 1707 1902 nuptias;
1724 1875 1816 1894 verum

1035 1913 1113 1939 etiam
1129 1920 1215 1947 neque
1228 1919 1274 1946 per
1286 1912 1466 1947 ignorantiam
1479 1912 1644 1947 illegitimum
1657 1914 1818 1940 contrahere

1035 1957 1235 1984 matrimoniqu
1253 1965 1260 1984 :
1277 1957 1397 1992 alioquin
1420 1957 1574 1992 deponitur.

1070 2008 1230 2037 Sanctorum
1248 2009 1429 2044 apostolorum
1445 2017 1542 2042 canon,
1558 2009 1640 2042 5,17,
1658 2009 1702 2042 18,
1720 2009 1762 2036 19.

1070 2055 1171 2090 Synodi
1186 2055 1300 2083 Nica'nm
1313 2063 1398 2083 canon
1415 2056 1439 2082 l.

1070 2101 1170 2135 Synodi
1185 2101 1415 2136 Carthaginiensis
1431 2109 1516 2129 canon
1532 2101 1592 2128 102.

1070 2144 1170 2181 Synodi
1189 2145 1223 2172 Vl
1239 2153 1323 2173 canon
1340 2147 1357 2173 5
1372 2151 1397 2173 et
1413 2147 1457 2173 26.

1069 2189 1159 2218 Sanrti
1176 2190 1266 2218 Basilii
1281 2198 1366 2219 canon
1384 2191 1401 2218 9
1417 2195 1443 2218 et
1457 2191 1500 2223 η,
1517 2191 1562 2224 48,
1579 2192 1621 2219 77.

1069 2236 1211 2271 TheOphili
1229 2244 1313 2264 canon
1333 2237 1376 2264 15.

1068 2282 1147 2316 [ιθαίε
1163 2287 1242 2317 caput
1255 2283 1301 2315 46,
1314 2283 1360 2316 44,
1373 2284 1418 2310 47.

1069 2328 1130 2356 125.
1147 2328 1207 2356 Non
1222 2333 1349 2363 oportere
1372 2329 1398 2357 in
1418 2329 1554 2364 prohibito
1575 2331 1816 2366 consanguinitatis

1032 2375 1115 2408 gradu
1140 2374 1279 2410 illegitiine
1297 2376 1496 2404 matrimonium
1511 2377 1679 2410 contrahere,
1696 2377 1814 2411 alioquin

1032 2425 1190 2455 segregatur
1205 2421 1319 2449 diversis
1334 2422 1422 2449 modis
1436 2430 1484 2456 pro
1498 2422 1605 2457 generis
1621 2422 1791 2456 proximitate
1806 2433 1813 2450 :

1031 2467 1099 2493 alius
1115 2467 1221 2500 quidem
1235 2467 1250 2493 7
1266 2475 1361 2500 annos;
1377 2468 1444 2495 alitis
1454 2475 1517 2494 vero
1531 2468 1578 2499 l0;
1592 2458 1660 2495 alius
1675 2468 1727 2500 l2;
1746 2468 1814 2496 alius

1032 2511 1075 2544 15,
1095 2513 1139 2539 ubi
1157 2512 1261 2539 scilicet
1277 2513 1351 2547 prius
1375 2512 1409 2540 ab
1431 2512 1524 2540 illicito
1546 2512 1669 2545 coniugio
1693 2521 1813 2540 rei-essc-

1032 2557 1096 2588 rint,
1112 2557 1205 2591 sicque
1219 2558 1336 2591 suscepli
1353 2557 1461 2584 fuerint.
1647 2591 1651 2594 ι

1067 2603 1227 2630 Sanctorum
1242 2603 1422 2637 apostolorum
1439 2611 1524 2630 canon
1539 2603 1564 2636 9,
1580 2603 1625 2631 48.

1067 2649 1168 2684 Synodi
1183 2649 1348 2683 Gangrensis
1369 2657 1454 2676 canon
1470 2649 1515 2677 ‘25.

1066 2695 1165 2729 Synodi
1182 2693 1296 2722 Niczenm
1311 2702 1396 2722 canon
1416 2695 1427 2722 l
1443 2699 1470 2722 ct
1485 2696 1511 2722 Ξ.

1068 2740 1167 2776 Synodi
1184 2740 1217 2768 Vl
1231 2748 1318 2768 canon
1332 2740 1377 2774 55,
1391 2741 1436 2769 54.

1067 2786 1159 2814 Sancti
1181 2785 1270 2814 Basilii
1296 2794 1380 2815 canon
1403 2788 1450 2821 (ὶὸ,
1466 2789 1511 2823 67,
1533 2790 1578 2823 68,
1596 2790 1638 2823 75,
1662 2790 1705 2824 76,
1723 2791 1765 2823 78,
1780 2790 1813 2818 79

1031 2838 1056 2861 et
1072 2833 1115 2859 86.

1792 2048 1798 2063 /
