  <div class='ocr_page' id='page_1' title='image "/cluster/home/n/w/nwhite01/storage/ocr_20150623/133/njp.32101007797895/033.png"; bbox 0 0 1929 3076; ppageno 0'>
   <div class='ocr_carea' id='block_1_1' title="bbox 87 87 867 132">
    <p class='ocr_par' dir='ltr' id='par_1_1' title="bbox 87 87 867 129">
     <span class='ocr_line' id='line_1_1' title="bbox 87 87 867 129; baseline 0 -4"><span class='ocrx_word' id='word_1_1' title='bbox 87 87 124 119; x_wconf 74' lang='lat'><strong>55</strong></span> <span class='ocrx_word' id='word_1_2' title='bbox 732 95 867 129; x_wconf 76' lang='lat' dir='ltr'><strong>ARSENJ</strong></span> 
     </span>
    </p>
   </div>
   <div class='ocr_carea' id='block_1_2' title="bbox 931 87 1713 132">
    <p class='ocr_par' dir='ltr' id='par_1_2' title="bbox 931 96 1713 132">
     <span class='ocr_line' id='line_1_2' title="bbox 931 96 1713 132; baseline 0.008 -6"><span class='ocrx_word' id='word_1_3' title='bbox 931 96 1084 127; x_wconf 79' lang='lat' dir='ltr'><strong>[ONACHI</strong></span> <span class='ocrx_word' id='word_1_4' title='bbox 1677 100 1713 132; x_wconf 80' lang='grc'><strong>56</strong></span> 
     </span>
    </p>
   </div>
   <div class='ocr_carea' id='block_1_3' title="bbox 122 147 529 177">
    <p class='ocr_par' dir='ltr' id='par_1_3' title="bbox 122 147 529 177">
     <span class='ocr_line' id='line_1_3' title="bbox 122 147 529 177; baseline 0.01 -4"><span class='ocrx_word' id='word_1_5' title='bbox 122 147 214 174; x_wconf 86' lang='lat' dir='ltr'><strong>Sancti</strong></span> <span class='ocrx_word' id='word_1_6' title='bbox 233 147 365 175; x_wconf 86' lang='lat' dir='ltr'><strong>Timothei</strong></span> <span class='ocrx_word' id='word_1_7' title='bbox 383 156 470 176; x_wconf 82' lang='lat' dir='ltr'><strong>canon</strong></span> <span class='ocrx_word' id='word_1_8' title='bbox 487 150 529 177; x_wconf 85' lang='lat' dir='ltr'><strong>ll.</strong></span> 
     </span>
    </p>
   </div>
   <div class='ocr_carea' id='block_1_4' title="bbox 123 193 871 232">
    <p class='ocr_par' dir='ltr' id='par_1_4' title="bbox 123 193 871 232">
     <span class='ocr_line' id='line_1_4' title="bbox 123 193 871 232; baseline 0.008 -12"><span class='ocrx_word' id='word_1_9' title='bbox 123 193 186 220; x_wconf 69' lang='grc'><strong>126.</strong></span> <span class='ocrx_word' id='word_1_10' title='bbox 205 193 235 221; x_wconf 84' lang='lat' dir='ltr'><strong>Ei</strong></span> <span class='ocrx_word' id='word_1_11' title='bbox 258 194 304 229; x_wconf 86' lang='lat' dir='ltr'><strong>qui</strong></span> <span class='ocrx_word' id='word_1_12' title='bbox 327 195 473 222; x_wconf 85' lang='lat' dir='ltr'><strong>secundum</strong></span> <span class='ocrx_word' id='word_1_13' title='bbox 499 197 636 224; x_wconf 86' lang='lat' dir='ltr'><strong>contrahit</strong></span> <span class='ocrx_word' id='word_1_14' title='bbox 658 198 871 232; x_wconf 88' lang='lat' dir='ltr'><strong>matrimonium,</strong></span> 
     </span>
    </p>
   </div>
   <div class='ocr_carea' id='block_1_5' title="bbox 87 241 810 280">
    <p class='ocr_par' dir='ltr' id='par_1_5' title="bbox 87 241 810 280">
     <span class='ocr_line' id='line_1_5' title="bbox 87 241 810 280; baseline 0.01 -15"><span class='ocrx_word' id='word_1_15' title='bbox 87 247 168 266; x_wconf 85' lang='lat' dir='ltr'><strong>unum</strong></span> <span class='ocrx_word' id='word_1_16' title='bbox 187 245 233 267; x_wconf 87' lang='lat' dir='ltr'><strong>aut</strong></span> <span class='ocrx_word' id='word_1_17' title='bbox 247 241 315 268; x_wconf 87' lang='lat' dir='ltr'><strong>duos</strong></span> <span class='ocrx_word' id='word_1_18' title='bbox 327 249 414 269; x_wconf 82' lang='lat' dir='ltr'><strong>annos</strong></span> <span class='ocrx_word' id='word_1_19' title='bbox 431 250 538 276; x_wconf 82' lang='lat' dir='ltr'><strong>poenam</strong></span> <span class='ocrx_word' id='word_1_20' title='bbox 552 250 612 271; x_wconf 88' lang='lat' dir='ltr'><strong>esse</strong></span> <span class='ocrx_word' id='word_1_21' title='bbox 627 244 810 280; x_wconf 71' lang='lat' dir='ltr'><strong>irrogandum.</strong></span> 
     </span>
    </p>
   </div>
   <div class='ocr_carea' id='block_1_6' title="bbox 122 284 549 320">
    <p class='ocr_par' dir='ltr' id='par_1_6' title="bbox 122 284 549 320">
     <span class='ocr_line' id='line_1_6' title="bbox 122 284 549 320; baseline 0.012 -9"><span class='ocrx_word' id='word_1_22' title='bbox 122 284 223 320; x_wconf 87' lang='lat' dir='ltr'><strong>Synodi</strong></span> <span class='ocrx_word' id='word_1_23' title='bbox 240 285 398 313; x_wconf 84' lang='lat' dir='ltr'><strong>Laodicenae</strong></span> <span class='ocrx_word' id='word_1_24' title='bbox 414 294 498 314; x_wconf 88' lang='lat' dir='ltr'><strong>canon</strong></span> <span class='ocrx_word' id='word_1_25' title='bbox 515 288 549 317; x_wconf 78' lang='grc' dir='ltr'>1.ι</span> 
     </span>
    </p>
   </div>
   <div class='ocr_carea' id='block_1_7' title="bbox 122 331 572 362">
    <p class='ocr_par' dir='ltr' id='par_1_7' title="bbox 122 331 572 362">
     <span class='ocr_line' id='line_1_7' title="bbox 122 331 572 362; baseline 0.009 -4"><span class='ocrx_word' id='word_1_26' title='bbox 122 331 214 359; x_wconf 86' lang='lat' dir='ltr'><strong>Sancti</strong></span> <span class='ocrx_word' id='word_1_27' title='bbox 235 331 325 359; x_wconf 76' lang='lat' dir='ltr'><strong>Basilii</strong></span> <span class='ocrx_word' id='word_1_28' title='bbox 341 341 425 360; x_wconf 90' lang='lat' dir='ltr'><strong>canon</strong></span> <span class='ocrx_word' id='word_1_29' title='bbox 441 334 471 360; x_wconf 59' lang='lat' dir='ltr'><strong>ll</strong></span> <span class='ocrx_word' id='word_1_30' title='bbox 489 338 515 362; x_wconf 87' lang='lat' dir='ltr'><strong>et</strong></span> <span class='ocrx_word' id='word_1_31' title='bbox 528 335 572 362; x_wconf 81' lang='grc'><strong>55.</strong></span> 
     </span>
    </p>
   </div>
   <div class='ocr_carea' id='block_1_8' title="bbox 122 377 872 418">
    <p class='ocr_par' dir='ltr' id='par_1_8' title="bbox 122 377 872 418">
     <span class='ocr_line' id='line_1_8' title="bbox 122 377 872 418; baseline 0.007 -13"><span class='ocrx_word' id='word_1_32' title='bbox 122 378 184 405; x_wconf 74' lang='grc'><strong>127.</strong></span> <span class='ocrx_word' id='word_1_33' title='bbox 201 377 259 406; x_wconf 88' lang='lat' dir='ltr'><strong>Non</strong></span> <span class='ocrx_word' id='word_1_34' title='bbox 281 385 342 406; x_wconf 86' lang='lat' dir='ltr'><strong>esse</strong></span> <span class='ocrx_word' id='word_1_35' title='bbox 363 380 571 414; x_wconf 73' lang='lat' dir='ltr'><strong>mmchandum;</strong></span> <span class='ocrx_word' id='word_1_36' title='bbox 596 383 723 417; x_wconf 89' lang='lat' dir='ltr'><strong>quoniam</strong></span> <span class='ocrx_word' id='word_1_37' title='bbox 740 383 872 418; x_wconf 81' lang='lat' dir='ltr'><strong>siquidem</strong></span> 
     </span>
    </p>
   </div>
   <div class='ocr_carea' id='block_1_9' title="bbox 86 424 873 461">
    <p class='ocr_par' dir='ltr' id='par_1_9' title="bbox 86 424 873 461">
     <span class='ocr_line' id='line_1_9' title="bbox 86 424 873 461; baseline 0.008 -11"><span class='ocrx_word' id='word_1_38' title='bbox 86 425 173 451; x_wconf 79' lang='lat' dir='ltr'><strong>sacris</strong></span> <span class='ocrx_word' id='word_1_39' title='bbox 197 424 360 458; x_wconf 82' lang='lat' dir='ltr'><strong>ministrent,</strong></span> <span class='ocrx_word' id='word_1_40' title='bbox 386 427 578 460; x_wconf 88' lang='lat' dir='ltr'><strong>deponuntur:</strong></span> <span class='ocrx_word' id='word_1_41' title='bbox 595 429 617 456; x_wconf 83' lang='lat' dir='ltr'><strong>si</strong></span> <span class='ocrx_word' id='word_1_42' title='bbox 641 436 705 456; x_wconf 85' lang='lat' dir='ltr'><strong>vero</strong></span> <span class='ocrx_word' id='word_1_43' title='bbox 729 430 800 461; x_wconf 86' lang='lat' dir='ltr'><strong>laici,</strong></span> <span class='ocrx_word' id='word_1_44' title='bbox 825 437 873 456; x_wconf 75' lang='lat' dir='ltr'><strong>er-</strong></span> 
     </span>
    </p>
   </div>
   <div class='ocr_carea' id='block_1_10' title="bbox 85 471 874 506">
    <p class='ocr_par' dir='ltr' id='par_1_10' title="bbox 85 471 874 506">
     <span class='ocr_line' id='line_1_10' title="bbox 85 471 874 506; baseline 0.008 -10"><span class='ocrx_word' id='word_1_45' title='bbox 85 471 321 498; x_wconf 83' lang='lat' dir='ltr'><strong>communicantur</strong></span> <span class='ocrx_word' id='word_1_46' title='bbox 336 473 362 502; x_wconf 88' lang='grc'>7.</span> <span class='ocrx_word' id='word_1_47' title='bbox 377 478 425 499; x_wconf 85' lang='lat' dir='ltr'><strong>aut</strong></span> <span class='ocrx_word' id='word_1_48' title='bbox 445 473 490 506; x_wconf 85' lang='grc'><strong>15,</strong></span> <span class='ocrx_word' id='word_1_49' title='bbox 508 479 554 501; x_wconf 88' lang='lat' dir='ltr'><strong>aut</strong></span> <span class='ocrx_word' id='word_1_50' title='bbox 569 475 650 502; x_wconf 89' lang='lat' dir='ltr'><strong>etiam</strong></span> <span class='ocrx_word' id='word_1_51' title='bbox 668 475 702 502; x_wconf 79' lang='lat'><strong>50</strong></span> <span class='ocrx_word' id='word_1_52' title='bbox 719 482 813 502; x_wconf 81' lang='lat' dir='ltr'><strong>annos.</strong></span> <span class='ocrx_word' id='word_1_53' title='bbox 827 475 874 502; x_wconf 83' lang='lat' dir='ltr'><strong>Est</strong></span> 
     </span>
    </p>
   </div>
   <div class='ocr_carea' id='block_1_11' title="bbox 86 516 873 549">
    <p class='ocr_par' dir='ltr' id='par_1_11' title="bbox 86 516 873 549">
     <span class='ocr_line' id='line_1_11' title="bbox 86 516 873 549; baseline 0.008 -6"><span class='ocrx_word' id='word_1_54' title='bbox 86 516 158 544; x_wconf 87' lang='lat' dir='ltr'><strong>enim</strong></span> <span class='ocrx_word' id='word_1_55' title='bbox 172 517 253 545; x_wconf 86' lang='lat' dir='ltr'><strong>etiam</strong></span> <span class='ocrx_word' id='word_1_56' title='bbox 272 518 299 545; x_wconf 91' lang='lat' dir='ltr'><strong>in</strong></span> <span class='ocrx_word' id='word_1_57' title='bbox 315 518 365 546; x_wconf 91' lang='lat' dir='ltr'><strong>hoc</strong></span> <span class='ocrx_word' id='word_1_58' title='bbox 381 519 525 547; x_wconf 80' lang='lat' dir='ltr'><strong>discrimen</strong></span> <span class='ocrx_word' id='word_1_59' title='bbox 544 521 691 548; x_wconf 85' lang='lat' dir='ltr'><strong>secundum</strong></span> <span class='ocrx_word' id='word_1_60' title='bbox 709 521 815 549; x_wconf 79' lang='lat' dir='ltr'><strong>divinos</strong></span> <span class='ocrx_word' id='word_1_61' title='bbox 828 529 873 549; x_wconf 84' lang='lat' dir='ltr'><strong>ca-</strong></span> 
     </span>
    </p>
   </div>
   <div class='ocr_carea' id='block_1_12' title="bbox 86 569 181 589">
    <p class='ocr_par' dir='ltr' id='par_1_12' title="bbox 86 569 181 589">
     <span class='ocr_line' id='line_1_12' title="bbox 86 569 181 589; baseline 0.011 -1"><span class='ocrx_word' id='word_1_62' title='bbox 86 569 181 589; x_wconf 86' lang='lat' dir='ltr'><strong>nones.</strong></span> 
     </span>
    </p>
   </div>
   <div class='ocr_carea' id='block_1_13' title="bbox 123 607 647 644">
    <p class='ocr_par' dir='ltr' id='par_1_13' title="bbox 123 607 647 644">
     <span class='ocr_line' id='line_1_13' title="bbox 123 607 647 644; baseline 0.008 -9"><span class='ocrx_word' id='word_1_63' title='bbox 123 607 283 636; x_wconf 90' lang='lat' dir='ltr'><strong>Sanctorum</strong></span> <span class='ocrx_word' id='word_1_64' title='bbox 301 610 484 644; x_wconf 69' lang='lat' dir='ltr'><strong>apostolorum</strong></span> <span class='ocrx_word' id='word_1_65' title='bbox 499 619 586 638; x_wconf 86' lang='lat' dir='ltr'><strong>canon</strong></span> <span class='ocrx_word' id='word_1_66' title='bbox 603 611 647 639; x_wconf 85' lang='grc'><strong>61.</strong></span> 
     </span>
    </p>
   </div>
   <div class='ocr_carea' id='block_1_14' title="bbox 125 653 550 690">
    <p class='ocr_par' dir='ltr' id='par_1_14' title="bbox 125 653 550 690">
     <span class='ocr_line' id='line_1_14' title="bbox 125 653 550 690; baseline 0.005 -10"><span class='ocrx_word' id='word_1_67' title='bbox 125 653 225 689; x_wconf 81' lang='lat' dir='ltr'><strong>Synodi</strong></span> <span class='ocrx_word' id='word_1_68' title='bbox 239 654 390 690; x_wconf 78' lang='lat' dir='ltr'><strong>Ancyramc</strong></span> <span class='ocrx_word' id='word_1_69' title='bbox 403 663 489 683; x_wconf 87' lang='lat' dir='ltr'><strong>canon</strong></span> <span class='ocrx_word' id='word_1_70' title='bbox 504 655 550 683; x_wconf 76' lang='lat'><strong>20.</strong></span> 
     </span>
    </p>
   </div>
   <div class='ocr_carea' id='block_1_15' title="bbox 121 699 561 736">
    <p class='ocr_par' dir='ltr' id='par_1_15' title="bbox 121 699 561 736">
     <span class='ocr_line' id='line_1_15' title="bbox 121 699 561 736; baseline 0.007 -9"><span class='ocrx_word' id='word_1_71' title='bbox 121 699 224 736; x_wconf 82' lang='lat' dir='ltr'><strong>Synodi</strong></span> <span class='ocrx_word' id='word_1_72' title='bbox 237 700 352 729; x_wconf 61' lang='lat' dir='ltr'><strong>Nicaeum</strong></span> <span class='ocrx_word' id='word_1_73' title='bbox 366 709 451 728; x_wconf 80' lang='lat' dir='ltr'><strong>canon</strong></span> <span class='ocrx_word' id='word_1_74' title='bbox 466 702 478 729; x_wconf 88' lang='grc'><strong>1</strong></span> <span class='ocrx_word' id='word_1_75' title='bbox 495 706 522 730; x_wconf 78' lang='lat' dir='ltr'><strong>et</strong></span> <span class='ocrx_word' id='word_1_76' title='bbox 534 704 561 730; x_wconf 89' lang='grc'><strong>8.</strong></span> 
     </span>
    </p>
   </div>
   <div class='ocr_carea' id='block_1_16' title="bbox 122 746 523 782">
    <p class='ocr_par' dir='ltr' id='par_1_16' title="bbox 122 746 523 782">
     <span class='ocr_line' id='line_1_16' title="bbox 122 746 523 782; baseline 0.005 -9"><span class='ocrx_word' id='word_1_77' title='bbox 122 746 222 782; x_wconf 87' lang='lat' dir='ltr'><strong>Synodi</strong></span> <span class='ocrx_word' id='word_1_78' title='bbox 239 746 273 774; x_wconf 85' lang='lat' dir='ltr'><strong>Vl</strong></span> <span class='ocrx_word' id='word_1_79' title='bbox 289 754 376 775; x_wconf 87' lang='lat' dir='ltr'><strong>canon</strong></span> <span class='ocrx_word' id='word_1_80' title='bbox 389 747 423 775; x_wconf 86' lang='lat'><strong>87</strong></span> <span class='ocrx_word' id='word_1_81' title='bbox 436 752 462 775; x_wconf 90' lang='lat' dir='ltr'><strong>et</strong></span> <span class='ocrx_word' id='word_1_82' title='bbox 478 747 523 775; x_wconf 78' lang='lat'><strong>95.</strong></span> 
     </span>
    </p>
   </div>
   <div class='ocr_carea' id='block_1_17' title="bbox 124 791 872 830">
    <p class='ocr_par' dir='ltr' id='par_1_17' title="bbox 124 791 872 830">
     <span class='ocr_line' id='line_1_17' title="bbox 124 791 872 830; baseline 0.003 -11"><span class='ocrx_word' id='word_1_83' title='bbox 124 791 218 820; x_wconf 86' lang='lat' dir='ltr'><strong>Sancti</strong></span> <span class='ocrx_word' id='word_1_84' title='bbox 242 793 334 820; x_wconf 78' lang='lat' dir='ltr'><strong>Basilii</strong></span> <span class='ocrx_word' id='word_1_85' title='bbox 361 801 447 821; x_wconf 87' lang='lat' dir='ltr'><strong>canon</strong></span> <span class='ocrx_word' id='word_1_86' title='bbox 472 794 498 827; x_wconf 88' lang='lat'><strong>7,</strong></span> <span class='ocrx_word' id='word_1_87' title='bbox 514 794 539 828; x_wconf 87' lang='lat'><strong>9,</strong></span> <span class='ocrx_word' id='word_1_88' title='bbox 558 795 602 829; x_wconf 78' lang='grc'><strong>21,</strong></span> <span class='ocrx_word' id='word_1_89' title='bbox 625 795 670 829; x_wconf 81' lang='grc'><strong>51,</strong></span> <span class='ocrx_word' id='word_1_90' title='bbox 689 795 734 829; x_wconf 74' lang='grc'><strong>54,</strong></span> <span class='ocrx_word' id='word_1_91' title='bbox 757 795 802 830; x_wconf 69' lang='grc'><strong>56,</strong></span> <span class='ocrx_word' id='word_1_92' title='bbox 827 795 872 825; x_wconf 81' lang='grc'><strong>57,</strong></span> 
     </span>
    </p>
   </div>
   <div class='ocr_carea' id='block_1_18' title="bbox 86 838 312 872">
    <p class='ocr_par' dir='ltr' id='par_1_18' title="bbox 86 838 312 872">
     <span class='ocr_line' id='line_1_18' title="bbox 86 838 312 872; baseline 0 -6"><span class='ocrx_word' id='word_1_93' title='bbox 86 838 131 871; x_wconf 74' lang='grc'><strong>59,</strong></span> <span class='ocrx_word' id='word_1_94' title='bbox 145 839 190 871; x_wconf 67' lang='grc'><strong>48,</strong></span> <span class='ocrx_word' id='word_1_95' title='bbox 208 839 251 872; x_wconf 88' lang='grc'><strong>58,</strong></span> <span class='ocrx_word' id='word_1_96' title='bbox 269 839 312 867; x_wconf 91' lang='grc'><strong>77.</strong></span> 
     </span>
    </p>
   </div>
   <div class='ocr_carea' id='block_1_19' title="bbox 123 884 625 921">
    <p class='ocr_par' dir='ltr' id='par_1_19' title="bbox 123 884 625 921">
     <span class='ocr_line' id='line_1_19' title="bbox 123 884 625 921; baseline 0.006 -10"><span class='ocrx_word' id='word_1_97' title='bbox 123 884 213 912; x_wconf 82' lang='lat' dir='ltr'><strong>Sancti</strong></span> <span class='ocrx_word' id='word_1_98' title='bbox 229 884 352 919; x_wconf 73' lang='lat' dir='ltr'><strong>Gregorii</strong></span> <span class='ocrx_word' id='word_1_99' title='bbox 369 885 481 921; x_wconf 79' lang='lat' dir='ltr'><strong>Nysseni</strong></span> <span class='ocrx_word' id='word_1_100' title='bbox 495 894 580 913; x_wconf 85' lang='lat' dir='ltr'><strong>canon</strong></span> <span class='ocrx_word' id='word_1_101' title='bbox 597 888 625 914; x_wconf 80' lang='grc'><strong>5.</strong></span> 
     </span>
    </p>
   </div>
   <div class='ocr_carea' id='block_1_20' title="bbox 122 929 540 959">
    <p class='ocr_par' dir='ltr' id='par_1_20' title="bbox 122 929 540 959">
     <span class='ocr_line' id='line_1_20' title="bbox 122 929 540 959; baseline 0.005 -3"><span class='ocrx_word' id='word_1_102' title='bbox 122 929 215 957; x_wconf 81' lang='lat' dir='ltr'><strong>Sancti</strong></span> <span class='ocrx_word' id='word_1_103' title='bbox 232 929 369 958; x_wconf 84' lang='lat' dir='ltr'><strong>Timothei</strong></span> <span class='ocrx_word' id='word_1_104' title='bbox 385 939 472 959; x_wconf 83' lang='lat' dir='ltr'><strong>canon</strong></span> <span class='ocrx_word' id='word_1_105' title='bbox 491 931 540 959; x_wconf 85' lang='grc'><strong>15.</strong></span> 
     </span>
    </p>
   </div>
   <div class='ocr_carea' id='block_1_21' title="bbox 122 976 873 1013">
    <p class='ocr_par' dir='ltr' id='par_1_21' title="bbox 122 976 873 1013">
     <span class='ocr_line' id='line_1_21' title="bbox 122 976 873 1013; baseline 0.003 -10"><span class='ocrx_word' id='word_1_106' title='bbox 122 976 184 1003; x_wconf 73' lang='grc'><strong>128.</strong></span> <span class='ocrx_word' id='word_1_107' title='bbox 208 976 388 1004; x_wconf 80' lang='lat' dir='ltr'><strong>Masculorum</strong></span> <span class='ocrx_word' id='word_1_108' title='bbox 410 982 585 1012; x_wconf 71' lang='lat' dir='ltr'><strong>corruptores</strong></span> <span class='ocrx_word' id='word_1_109' title='bbox 607 985 639 1005; x_wconf 80' lang='lat' dir='ltr'><strong>ac</strong></span> <span class='ocrx_word' id='word_1_110' title='bbox 661 977 801 1005; x_wconf 78' lang='lat' dir='ltr'><strong>brutomm</strong></span> <span class='ocrx_word' id='word_1_111' title='bbox 825 986 873 1013; x_wconf 92' lang='lat' dir='ltr'><strong>pu-</strong></span> 
     </span>
    </p>
   </div>
   <div class='ocr_carea' id='block_1_22' title="bbox 86 1023 874 1059">
    <p class='ocr_par' dir='ltr' id='par_1_22' title="bbox 86 1023 874 1059">
     <span class='ocr_line' id='line_1_22' title="bbox 86 1023 874 1059; baseline 0.003 -9"><span class='ocrx_word' id='word_1_112' title='bbox 86 1023 198 1050; x_wconf 91' lang='lat' dir='ltr'><strong>niuntur</strong></span> <span class='ocrx_word' id='word_1_113' title='bbox 213 1031 220 1050; x_wconf 88' lang='lat'><strong>:</strong></span> <span class='ocrx_word' id='word_1_114' title='bbox 234 1023 366 1058; x_wconf 88' lang='lat' dir='ltr'><strong>siquidem</strong></span> <span class='ocrx_word' id='word_1_115' title='bbox 390 1024 475 1051; x_wconf 80' lang='lat' dir='ltr'><strong>sacris</strong></span> <span class='ocrx_word' id='word_1_116' title='bbox 499 1024 598 1051; x_wconf 75' lang='lat' dir='ltr'><strong>addicti</strong></span> <span class='ocrx_word' id='word_1_117' title='bbox 620 1025 686 1057; x_wconf 85' lang='lat' dir='ltr'><strong>sint,</strong></span> <span class='ocrx_word' id='word_1_118' title='bbox 702 1025 788 1059; x_wconf 70' lang='lat' dir='ltr'><strong>gradu</strong></span> <span class='ocrx_word' id='word_1_119' title='bbox 814 1032 874 1052; x_wconf 90' lang='lat' dir='ltr'><strong>mo-</strong></span> 
     </span>
    </p>
   </div>
   <div class='ocr_carea' id='block_1_23' title="bbox 84 1068 874 1102">
    <p class='ocr_par' dir='ltr' id='par_1_23' title="bbox 84 1068 874 1102">
     <span class='ocr_line' id='line_1_23' title="bbox 84 1068 874 1102; baseline 0.001 -6"><span class='ocrx_word' id='word_1_120' title='bbox 84 1073 201 1102; x_wconf 80' lang='lat' dir='ltr'><strong>ventur;</strong></span> <span class='ocrx_word' id='word_1_121' title='bbox 217 1069 240 1097; x_wconf 83' lang='lat' dir='ltr'><strong>si</strong></span> <span class='ocrx_word' id='word_1_122' title='bbox 256 1076 320 1097; x_wconf 82' lang='lat' dir='ltr'><strong>vero</strong></span> <span class='ocrx_word' id='word_1_123' title='bbox 334 1068 406 1102; x_wconf 85' lang='lat' dir='ltr'><strong>laici,</strong></span> <span class='ocrx_word' id='word_1_124' title='bbox 424 1069 458 1096; x_wconf 91' lang='grc'><strong>15</strong></span> <span class='ocrx_word' id='word_1_125' title='bbox 473 1074 519 1096; x_wconf 87' lang='lat' dir='ltr'><strong>aut</strong></span> <span class='ocrx_word' id='word_1_126' title='bbox 534 1069 569 1096; x_wconf 80' lang='grc'><strong>50</strong></span> <span class='ocrx_word' id='word_1_127' title='bbox 587 1077 672 1097; x_wconf 88' lang='lat' dir='ltr'><strong>annos</strong></span> <span class='ocrx_word' id='word_1_128' title='bbox 688 1070 874 1097; x_wconf 79' lang='lat' dir='ltr'><strong>excommuni-</strong></span> 
     </span>
    </p>
   </div>
   <div class='ocr_carea' id='block_1_24' title="bbox 85 1119 193 1142">
    <p class='ocr_par' dir='ltr' id='par_1_24' title="bbox 85 1119 193 1142">
     <span class='ocr_line' id='line_1_24' title="bbox 85 1119 193 1142; baseline -0.009 0"><span class='ocrx_word' id='word_1_129' title='bbox 85 1119 193 1142; x_wconf 80' lang='lat' dir='ltr'><strong>cantur.</strong></span> 
     </span>
    </p>
   </div>
   <div class='ocr_carea' id='block_1_25' title="bbox 120 1160 634 1196">
    <p class='ocr_par' dir='ltr' id='par_1_25' title="bbox 120 1160 634 1196">
     <span class='ocr_line' id='line_1_25' title="bbox 120 1160 634 1196; baseline 0 -9"><span class='ocrx_word' id='word_1_130' title='bbox 120 1160 222 1196; x_wconf 81' lang='lat' dir='ltr'><strong>Synotli</strong></span> <span class='ocrx_word' id='word_1_131' title='bbox 237 1161 389 1196; x_wconf 77' lang='lat' dir='ltr'><strong>Ancyranzc</strong></span> <span class='ocrx_word' id='word_1_132' title='bbox 408 1167 493 1187; x_wconf 86' lang='lat' dir='ltr'><strong>canon</strong></span> <span class='ocrx_word' id='word_1_133' title='bbox 510 1160 543 1188; x_wconf 79' lang='lat' dir='ltr'><strong>i6</strong></span> <span class='ocrx_word' id='word_1_134' title='bbox 556 1165 584 1188; x_wconf 91' lang='lat' dir='ltr'><strong>et</strong></span> <span class='ocrx_word' id='word_1_135' title='bbox 601 1161 634 1187; x_wconf 85' lang='grc'><strong>17</strong></span> 
     </span>
    </p>
   </div>
   <div class='ocr_carea' id='block_1_26' title="bbox 121 1206 623 1238">
    <p class='ocr_par' dir='ltr' id='par_1_26' title="bbox 121 1206 623 1238">
     <span class='ocr_line' id='line_1_26' title="bbox 121 1206 623 1238; baseline 0 -4"><span class='ocrx_word' id='word_1_136' title='bbox 121 1207 216 1235; x_wconf 82' lang='lat' dir='ltr'><strong>Sancti</strong></span> <span class='ocrx_word' id='word_1_137' title='bbox 233 1206 325 1235; x_wconf 75' lang='lat' dir='ltr'><strong>Basilii</strong></span> <span class='ocrx_word' id='word_1_138' title='bbox 340 1214 424 1234; x_wconf 87' lang='lat' dir='ltr'><strong>canon</strong></span> <span class='ocrx_word' id='word_1_139' title='bbox 439 1206 466 1238; x_wconf 88' lang='lat' dir='ltr'><strong>&#39;l,</strong></span> <span class='ocrx_word' id='word_1_140' title='bbox 481 1206 518 1233; x_wconf 73' lang='lat'><strong>62</strong></span> <span class='ocrx_word' id='word_1_141' title='bbox 535 1210 562 1234; x_wconf 90' lang='lat' dir='ltr'><strong>et</strong></span> <span class='ocrx_word' id='word_1_142' title='bbox 576 1206 623 1234; x_wconf 80' lang='lat'><strong>65.</strong></span> 
     </span>
    </p>
   </div>
   <div class='ocr_carea' id='block_1_27' title="bbox 122 1252 626 1288">
    <p class='ocr_par' dir='ltr' id='par_1_27' title="bbox 122 1252 626 1288">
     <span class='ocr_line' id='line_1_27' title="bbox 122 1252 626 1288; baseline -0.004 -7"><span class='ocrx_word' id='word_1_143' title='bbox 122 1253 216 1281; x_wconf 84' lang='lat' dir='ltr'><strong>Sancti</strong></span> <span class='ocrx_word' id='word_1_144' title='bbox 229 1253 350 1288; x_wconf 80' lang='lat' dir='ltr'><strong>Gregorii</strong></span> <span class='ocrx_word' id='word_1_145' title='bbox 365 1253 478 1288; x_wconf 81' lang='lat' dir='ltr'><strong>Nysselti</strong></span> <span class='ocrx_word' id='word_1_146' title='bbox 497 1260 583 1280; x_wconf 90' lang='lat' dir='ltr'><strong>canon</strong></span> <span class='ocrx_word' id='word_1_147' title='bbox 598 1252 626 1279; x_wconf 78' lang='lat'><strong>5.</strong></span> 
     </span>
    </p>
   </div>
   <div class='ocr_carea' id='block_1_28' title="bbox 121 1298 872 1334">
    <p class='ocr_par' dir='ltr' id='par_1_28' title="bbox 121 1298 872 1334">
     <span class='ocr_line' id='line_1_28' title="bbox 121 1298 872 1334; baseline -0.001 -7"><span class='ocrx_word' id='word_1_148' title='bbox 121 1299 184 1327; x_wconf 79' lang='grc'><strong>129.</strong></span> <span class='ocrx_word' id='word_1_149' title='bbox 201 1299 332 1334; x_wconf 86' lang='lat' dir='ltr'><strong>Oportere</strong></span> <span class='ocrx_word' id='word_1_150' title='bbox 345 1306 392 1326; x_wconf 87' lang='lat' dir='ltr'><strong>eos</strong></span> <span class='ocrx_word' id='word_1_151' title='bbox 406 1299 451 1333; x_wconf 89' lang='lat' dir='ltr'><strong>qui</strong></span> <span class='ocrx_word' id='word_1_152' title='bbox 466 1298 618 1326; x_wconf 84' lang='lat' dir='ltr'><strong>voluntarie</strong></span> <span class='ocrx_word' id='word_1_153' title='bbox 632 1302 678 1325; x_wconf 80' lang='lat' dir='ltr'><strong>aut</strong></span> <span class='ocrx_word' id='word_1_154' title='bbox 691 1298 872 1326; x_wconf 78' lang='lat' dir='ltr'><strong>involuntarie</strong></span> 
     </span>
    </p>
   </div>
   <div class='ocr_carea' id='block_1_29' title="bbox 86 1343 871 1379">
    <p class='ocr_par' dir='ltr' id='par_1_29' title="bbox 86 1343 871 1379">
     <span class='ocr_line' id='line_1_29' title="bbox 86 1343 871 1379; baseline -0.005 -5"><span class='ocrx_word' id='word_1_155' title='bbox 86 1345 224 1379; x_wconf 86' lang='lat' dir='ltr'><strong>occidunt,</strong></span> <span class='ocrx_word' id='word_1_156' title='bbox 242 1349 288 1372; x_wconf 88' lang='lat' dir='ltr'><strong>aut</strong></span> <span class='ocrx_word' id='word_1_157' title='bbox 308 1345 352 1379; x_wconf 93' lang='lat' dir='ltr'><strong>qui</strong></span> <span class='ocrx_word' id='word_1_158' title='bbox 368 1345 470 1378; x_wconf 90' lang='lat' dir='ltr'><strong>seipsos</strong></span> <span class='ocrx_word' id='word_1_159' title='bbox 488 1344 529 1372; x_wconf 86' lang='lat' dir='ltr'><strong>vel</strong></span> <span class='ocrx_word' id='word_1_160' title='bbox 545 1343 613 1371; x_wconf 79' lang='lat' dir='ltr'><strong>alios</strong></span> <span class='ocrx_word' id='word_1_161' title='bbox 627 1349 754 1372; x_wconf 73' lang='lat' dir='ltr'><strong>exsecanl</strong></span> <span class='ocrx_word' id='word_1_162' title='bbox 770 1343 811 1371; x_wconf 87' lang='lat' dir='ltr'><strong>vel</strong></span> <span class='ocrx_word' id='word_1_163' title='bbox 824 1351 871 1370; x_wconf 70' lang='lat' dir='ltr'><strong>ea-</strong></span> 
     </span>
    </p>
   </div>
   <div class='ocr_carea' id='block_1_30' title="bbox 86 1389 870 1424">
    <p class='ocr_par' dir='ltr' id='par_1_30' title="bbox 86 1389 870 1424">
     <span class='ocr_line' id='line_1_30' title="bbox 86 1389 870 1424; baseline -0.004 -5"><span class='ocrx_word' id='word_1_164' title='bbox 86 1392 189 1419; x_wconf 92' lang='lat' dir='ltr'><strong>nuchos</strong></span> <span class='ocrx_word' id='word_1_165' title='bbox 218 1391 329 1423; x_wconf 77' lang='lat' dir='ltr'><strong>faciunt,</strong></span> <span class='ocrx_word' id='word_1_166' title='bbox 364 1390 490 1418; x_wconf 84' lang='lat' dir='ltr'><strong>similiter</strong></span> <span class='ocrx_word' id='word_1_167' title='bbox 525 1397 573 1418; x_wconf 87' lang='lat' dir='ltr'><strong>eos</strong></span> <span class='ocrx_word' id='word_1_168' title='bbox 602 1389 648 1424; x_wconf 89' lang='lat' dir='ltr'><strong>qui</strong></span> <span class='ocrx_word' id='word_1_169' title='bbox 675 1390 870 1417; x_wconf 83' lang='lat' dir='ltr'><strong>medicamenta</strong></span> 
     </span>
    </p>
   </div>
   <div class='ocr_carea' id='block_1_31' title="bbox 86 1435 869 1472">
    <p class='ocr_par' dir='ltr' id='par_1_31' title="bbox 86 1435 869 1472">
     <span class='ocr_line' id='line_1_31' title="bbox 86 1435 869 1472; baseline -0.004 -7"><span class='ocrx_word' id='word_1_170' title='bbox 86 1438 151 1465; x_wconf 83' lang='lat' dir='ltr'><strong>dant</strong></span> <span class='ocrx_word' id='word_1_171' title='bbox 167 1437 264 1472; x_wconf 84' lang='lat' dir='ltr'><strong>quibus</strong></span> <span class='ocrx_word' id='word_1_172' title='bbox 287 1436 358 1464; x_wconf 77' lang='lat' dir='ltr'><strong>fetus</strong></span> <span class='ocrx_word' id='word_1_173' title='bbox 383 1440 512 1464; x_wconf 82' lang='lat' dir='ltr'><strong>necentur</strong></span> <span class='ocrx_word' id='word_1_174' title='bbox 533 1436 561 1463; x_wconf 90' lang='lat' dir='ltr'><strong>in</strong></span> <span class='ocrx_word' id='word_1_175' title='bbox 587 1440 675 1469; x_wconf 90' lang='lat' dir='ltr'><strong>utero,</strong></span> <span class='ocrx_word' id='word_1_176' title='bbox 688 1440 767 1470; x_wconf 84' lang='lat' dir='ltr'><strong>atque</strong></span> <span class='ocrx_word' id='word_1_177' title='bbox 788 1435 869 1462; x_wconf 78' lang='lat' dir='ltr'><strong>etiam</strong></span> 
     </span>
    </p>
   </div>
   <div class='ocr_carea' id='block_1_32' title="bbox 85 1481 870 1519">
    <p class='ocr_par' dir='ltr' id='par_1_32' title="bbox 85 1481 870 1519">
     <span class='ocr_line' id='line_1_32' title="bbox 85 1481 870 1519; baseline -0.004 -8"><span class='ocrx_word' id='word_1_178' title='bbox 85 1483 295 1519; x_wconf 63' lang='lat' dir='ltr'><strong>praestigiatores</strong></span> <span class='ocrx_word' id='word_1_179' title='bbox 307 1486 334 1510; x_wconf 85' lang='lat' dir='ltr'><strong>et</strong></span> <span class='ocrx_word' id='word_1_180' title='bbox 348 1482 494 1515; x_wconf 80' lang='lat' dir='ltr'><strong>veneﬁcos,</strong></span> <span class='ocrx_word' id='word_1_181' title='bbox 516 1481 651 1517; x_wconf 86' lang='lat' dir='ltr'><strong>siquidem</strong></span> <span class='ocrx_word' id='word_1_182' title='bbox 667 1482 752 1509; x_wconf 84' lang='lat' dir='ltr'><strong>sacris</strong></span> <span class='ocrx_word' id='word_1_183' title='bbox 770 1481 870 1509; x_wconf 78' lang='lat' dir='ltr'><strong>addicti</strong></span> 
     </span>
    </p>
   </div>
   <div class='ocr_carea' id='block_1_33' title="bbox 85 1526 868 1564">
    <p class='ocr_par' dir='ltr' id='par_1_33' title="bbox 85 1526 868 1564">
     <span class='ocr_line' id='line_1_33' title="bbox 85 1526 868 1564; baseline -0.005 -7"><span class='ocrx_word' id='word_1_184' title='bbox 85 1530 152 1563; x_wconf 76' lang='lat' dir='ltr'><strong>sint,</strong></span> <span class='ocrx_word' id='word_1_185' title='bbox 176 1528 261 1564; x_wconf 74' lang='lat' dir='ltr'><strong>gradu</strong></span> <span class='ocrx_word' id='word_1_186' title='bbox 277 1528 402 1563; x_wconf 78' lang='lat' dir='ltr'><strong>dejicere,</strong></span> <span class='ocrx_word' id='word_1_187' title='bbox 426 1529 449 1556; x_wconf 92' lang='lat' dir='ltr'><strong>si</strong></span> <span class='ocrx_word' id='word_1_188' title='bbox 468 1535 530 1555; x_wconf 85' lang='lat' dir='ltr'><strong>vero</strong></span> <span class='ocrx_word' id='word_1_189' title='bbox 553 1528 625 1560; x_wconf 85' lang='lat' dir='ltr'><strong>laici,</strong></span> <span class='ocrx_word' id='word_1_190' title='bbox 638 1528 672 1555; x_wconf 86' lang='lat' dir='ltr'><strong>ad</strong></span> <span class='ocrx_word' id='word_1_191' title='bbox 687 1526 868 1555; x_wconf 84' lang='lat' dir='ltr'><strong>sacerdotium</strong></span> 
     </span>
    </p>
   </div>
   <div class='ocr_carea' id='block_1_34' title="bbox 86 1572 870 1610">
    <p class='ocr_par' dir='ltr' id='par_1_34' title="bbox 86 1572 870 1610">
     <span class='ocr_line' id='line_1_34' title="bbox 86 1572 870 1610; baseline -0.008 -6"><span class='ocrx_word' id='word_1_192' title='bbox 86 1583 140 1604; x_wconf 93' lang='lat' dir='ltr'><strong>non</strong></span> <span class='ocrx_word' id='word_1_193' title='bbox 158 1575 281 1610; x_wconf 86' lang='lat' dir='ltr'><strong>provehi,</strong></span> <span class='ocrx_word' id='word_1_194' title='bbox 296 1574 342 1602; x_wconf 88' lang='lat' dir='ltr'><strong>sed</strong></span> <span class='ocrx_word' id='word_1_195' title='bbox 356 1573 488 1610; x_wconf 72' lang='lat' dir='ltr'><strong>segregari</strong></span> <span class='ocrx_word' id='word_1_196' title='bbox 505 1573 555 1601; x_wconf 90' lang='lat' dir='ltr'><strong>hoc</strong></span> <span class='ocrx_word' id='word_1_197' title='bbox 568 1573 647 1600; x_wconf 91' lang='lat' dir='ltr'><strong>modo</strong></span> <span class='ocrx_word' id='word_1_198' title='bbox 664 1582 671 1601; x_wconf 90' lang='lat'><strong>:</strong></span> <span class='ocrx_word' id='word_1_199' title='bbox 686 1579 747 1601; x_wconf 86' lang='lat' dir='ltr'><strong>eum</strong></span> <span class='ocrx_word' id='word_1_200' title='bbox 762 1572 870 1607; x_wconf 76' lang='lat' dir='ltr'><strong>quidem</strong></span> 
     </span>
    </p>
   </div>
   <div class='ocr_carea' id='block_1_35' title="bbox 86 1618 870 1656">
    <p class='ocr_par' dir='ltr' id='par_1_35' title="bbox 86 1618 870 1656">
     <span class='ocr_line' id='line_1_35' title="bbox 86 1618 870 1656; baseline -0.005 -8"><span class='ocrx_word' id='word_1_201' title='bbox 86 1621 132 1656; x_wconf 89' lang='lat' dir='ltr'><strong>qui</strong></span> <span class='ocrx_word' id='word_1_202' title='bbox 151 1619 304 1649; x_wconf 84' lang='lat' dir='ltr'><strong>voluntarie</strong></span> <span class='ocrx_word' id='word_1_203' title='bbox 327 1619 437 1651; x_wconf 84' lang='lat' dir='ltr'><strong>occidit.</strong></span> <span class='ocrx_word' id='word_1_204' title='bbox 452 1619 486 1646; x_wconf 90' lang='grc'><strong>15</strong></span> <span class='ocrx_word' id='word_1_205' title='bbox 502 1622 549 1645; x_wconf 86' lang='lat' dir='ltr'><strong>aut</strong></span> <span class='ocrx_word' id='word_1_206' title='bbox 571 1618 606 1646; x_wconf 81' lang='grc'><strong>50</strong></span> <span class='ocrx_word' id='word_1_207' title='bbox 625 1625 728 1652; x_wconf 84' lang='lat' dir='ltr'><strong>annos;</strong></span> <span class='ocrx_word' id='word_1_208' title='bbox 747 1618 792 1652; x_wconf 84' lang='lat' dir='ltr'><strong>qui</strong></span> <span class='ocrx_word' id='word_1_209' title='bbox 807 1625 870 1645; x_wconf 85' lang='lat' dir='ltr'><strong>vero</strong></span> 
     </span>
    </p>
   </div>
   <div class='ocr_carea' id='block_1_36' title="bbox 87 1658 870 1699">
    <p class='ocr_par' dir='ltr' id='par_1_36' title="bbox 87 1658 870 1699">
     <span class='ocr_line' id='line_1_36' title="bbox 87 1658 870 1699; baseline -0.005 -5"><span class='ocrx_word' id='word_1_210' title='bbox 87 1666 278 1699; x_wconf 86' lang='lat' dir='ltr'><strong>iuvoluntarie,</strong></span> <span class='ocrx_word' id='word_1_211' title='bbox 297 1665 313 1692; x_wconf 85' lang='grc'>7</span> <span class='ocrx_word' id='word_1_212' title='bbox 331 1669 379 1692; x_wconf 84' lang='lat' dir='ltr'><strong>aut</strong></span> <span class='ocrx_word' id='word_1_213' title='bbox 398 1665 450 1698; x_wconf 82' lang='grc' dir='ltr'><strong>1ος</strong></span> <span class='ocrx_word' id='word_1_214' title='bbox 466 1672 527 1693; x_wconf 88' lang='lat' dir='ltr'><strong>eum</strong></span> <span class='ocrx_word' id='word_1_215' title='bbox 545 1664 591 1699; x_wconf 87' lang='lat' dir='ltr'><strong>qui</strong></span> <span class='ocrx_word' id='word_1_216' title='bbox 613 1665 731 1699; x_wconf 88' lang='lat' dir='ltr'><strong>seipsum</strong></span> <span class='ocrx_word' id='word_1_217' title='bbox 746 1658 788 1690; x_wconf 82' lang='lat' dir='ltr'><strong>vél</strong></span> <span class='ocrx_word' id='word_1_218' title='bbox 803 1663 870 1691; x_wconf 84' lang='lat' dir='ltr'><strong>alios</strong></span> 
     </span>
    </p>
   </div>
   <div class='ocr_carea' id='block_1_37' title="bbox 84 1711 868 1747">
    <p class='ocr_par' dir='ltr' id='par_1_37' title="bbox 84 1711 868 1747">
     <span class='ocr_line' id='line_1_37' title="bbox 84 1711 868 1747; baseline -0.005 -6"><span class='ocrx_word' id='word_1_219' title='bbox 84 1718 188 1741; x_wconf 64' lang='lat' dir='ltr'><strong>castrat</strong></span> <span class='ocrx_word' id='word_1_220' title='bbox 201 1717 248 1740; x_wconf 84' lang='lat' dir='ltr'><strong>aut</strong></span> <span class='ocrx_word' id='word_1_221' title='bbox 263 1716 384 1745; x_wconf 76' lang='lat' dir='ltr'><strong>exsecat,</strong></span> <span class='ocrx_word' id='word_1_222' title='bbox 399 1713 415 1740; x_wconf 74' lang='grc' dir='ltr'><strong>Ξ</strong></span> <span class='ocrx_word' id='word_1_223' title='bbox 431 1720 531 1746; x_wconf 82' lang='lat' dir='ltr'><strong>annos;</strong></span> <span class='ocrx_word' id='word_1_224' title='bbox 548 1719 595 1739; x_wconf 86' lang='lat' dir='ltr'><strong>eos</strong></span> <span class='ocrx_word' id='word_1_225' title='bbox 611 1711 656 1747; x_wconf 84' lang='lat' dir='ltr'><strong>qui</strong></span> <span class='ocrx_word' id='word_1_226' title='bbox 671 1712 737 1738; x_wconf 90' lang='lat' dir='ltr'><strong>dant</strong></span> <span class='ocrx_word' id='word_1_227' title='bbox 752 1711 868 1738; x_wconf 79' lang='lat' dir='ltr'><strong>medica-</strong></span> 
     </span>
    </p>
   </div>
   <div class='ocr_carea' id='block_1_38' title="bbox 86 1756 870 1793">
    <p class='ocr_par' dir='ltr' id='par_1_38' title="bbox 86 1756 870 1793">
     <span class='ocr_line' id='line_1_38' title="bbox 86 1756 870 1793; baseline -0.005 -7"><span class='ocrx_word' id='word_1_228' title='bbox 86 1764 176 1788; x_wconf 83' lang='lat' dir='ltr'><strong>menta</strong></span> <span class='ocrx_word' id='word_1_229' title='bbox 192 1759 227 1787; x_wconf 73' lang='lat' dir='ltr'><strong>ad</strong></span> <span class='ocrx_word' id='word_1_230' title='bbox 243 1759 312 1786; x_wconf 81' lang='lat' dir='ltr'><strong>{etus</strong></span> <span class='ocrx_word' id='word_1_231' title='bbox 327 1758 472 1792; x_wconf 81' lang='lat' dir='ltr'><strong>necandos,</strong></span> <span class='ocrx_word' id='word_1_232' title='bbox 492 1758 525 1785; x_wconf 85' lang='grc'><strong>10</strong></span> <span class='ocrx_word' id='word_1_233' title='bbox 541 1765 645 1791; x_wconf 87' lang='lat' dir='ltr'><strong>annos;</strong></span> <span class='ocrx_word' id='word_1_234' title='bbox 662 1756 870 1793; x_wconf 65' lang='lat' dir='ltr'><strong>praestigiatorcs</strong></span> 
     </span>
    </p>
   </div>
   <div class='ocr_carea' id='block_1_39' title="bbox 84 1803 700 1837">
    <p class='ocr_par' dir='ltr' id='par_1_39' title="bbox 84 1803 700 1837">
     <span class='ocr_line' id='line_1_39' title="bbox 84 1803 700 1837; baseline -0.003 -5"><span class='ocrx_word' id='word_1_235' title='bbox 84 1809 113 1832; x_wconf 78' lang='lat' dir='ltr'><strong>et</strong></span> <span class='ocrx_word' id='word_1_236' title='bbox 130 1805 274 1837; x_wconf 80' lang='lat' dir='ltr'><strong>veneﬁcos,</strong></span> <span class='ocrx_word' id='word_1_237' title='bbox 286 1804 322 1831; x_wconf 73' lang='lat'><strong>20</strong></span> <span class='ocrx_word' id='word_1_238' title='bbox 336 1809 381 1831; x_wconf 83' lang='lat' dir='ltr'><strong>aut</strong></span> <span class='ocrx_word' id='word_1_239' title='bbox 395 1803 429 1830; x_wconf 77' lang='lat'><strong>30</strong></span> <span class='ocrx_word' id='word_1_240' title='bbox 442 1811 536 1831; x_wconf 85' lang='lat' dir='ltr'><strong>annos.</strong></span> <span class='ocrx_word' id='word_1_241' title='bbox 698 1828 700 1830; x_wconf 86' lang='lat'><strong><em>.</em></strong></span> 
     </span>
    </p>
   </div>
   <div class='ocr_carea' id='block_1_40' title="bbox 122 1846 799 1884">
    <p class='ocr_par' dir='ltr' id='par_1_40' title="bbox 122 1846 799 1884">
     <span class='ocr_line' id='line_1_40' title="bbox 122 1846 799 1884; baseline -0.007 -6"><span class='ocrx_word' id='word_1_242' title='bbox 122 1850 284 1878; x_wconf 73' lang='lat' dir='ltr'><strong>Sanctorum</strong></span> <span class='ocrx_word' id='word_1_243' title='bbox 300 1849 482 1884; x_wconf 79' lang='lat' dir='ltr'><strong>apostolorum</strong></span> <span class='ocrx_word' id='word_1_244' title='bbox 498 1856 583 1876; x_wconf 90' lang='lat' dir='ltr'><strong>canon</strong></span> <span class='ocrx_word' id='word_1_245' title='bbox 599 1848 645 1880; x_wconf 71' lang='lat' dir='ltr'><strong>2i,</strong></span> <span class='ocrx_word' id='word_1_246' title='bbox 661 1847 697 1874; x_wconf 70' lang='lat'><strong>22</strong></span> <span class='ocrx_word' id='word_1_247' title='bbox 711 1851 739 1875; x_wconf 89' lang='lat' dir='ltr'><strong>et</strong></span> <span class='ocrx_word' id='word_1_248' title='bbox 753 1846 799 1874; x_wconf 77' lang='lat'><strong>9.3.</strong></span> 
     </span>
    </p>
   </div>
   <div class='ocr_carea' id='block_1_41' title="bbox 121 1894 428 1932">
    <p class='ocr_par' dir='ltr' id='par_1_41' title="bbox 121 1894 428 1932">
     <span class='ocr_line' id='line_1_41' title="bbox 121 1894 428 1932; baseline -0.007 -9"><span class='ocrx_word' id='word_1_249' title='bbox 121 1896 222 1932; x_wconf 88' lang='lat' dir='ltr'><strong>Synodi</strong></span> <span class='ocrx_word' id='word_1_250' title='bbox 236 1895 269 1922; x_wconf 82' lang='lat' dir='ltr'><strong>Vl</strong></span> <span class='ocrx_word' id='word_1_251' title='bbox 283 1902 368 1923; x_wconf 84' lang='lat' dir='ltr'><strong>canon</strong></span> <span class='ocrx_word' id='word_1_252' title='bbox 381 1894 428 1922; x_wconf 86' lang='lat'><strong>9|.</strong></span> 
     </span>
    </p>
   </div>
   <div class='ocr_carea' id='block_1_42' title="bbox 122 1937 869 1977">
    <p class='ocr_par' dir='ltr' id='par_1_42' title="bbox 122 1937 869 1977">
     <span class='ocr_line' id='line_1_42' title="bbox 122 1937 869 1977; baseline -0.005 -8"><span class='ocrx_word' id='word_1_253' title='bbox 122 1942 224 1977; x_wconf 86' lang='lat' dir='ltr'><strong>Synodi</strong></span> <span class='ocrx_word' id='word_1_254' title='bbox 242 1941 269 1967; x_wconf 93' lang='lat' dir='ltr'><strong>in</strong></span> <span class='ocrx_word' id='word_1_255' title='bbox 291 1940 390 1967; x_wconf 87' lang='lat' dir='ltr'><strong>temolo</strong></span> <span class='ocrx_word' id='word_1_256' title='bbox 410 1938 570 1967; x_wconf 85' lang='lat' dir='ltr'><strong>Sanctorum</strong></span> <span class='ocrx_word' id='word_1_257' title='bbox 595 1938 783 1974; x_wconf 84' lang='lat' dir='ltr'><strong>Apostolorum</strong></span> <span class='ocrx_word' id='word_1_258' title='bbox 800 1937 869 1965; x_wconf 85' lang='lat' dir='ltr'><strong>cele-</strong></span> 
     </span>
    </p>
   </div>
   <div class='ocr_carea' id='block_1_43' title="bbox 83 1987 311 2016">
    <p class='ocr_par' dir='ltr' id='par_1_43' title="bbox 83 1987 311 2016">
     <span class='ocr_line' id='line_1_43' title="bbox 83 1987 311 2016; baseline -0.009 0"><span class='ocrx_word' id='word_1_259' title='bbox 83 1990 167 2016; x_wconf 64' lang='lat' dir='ltr'><strong>brata</strong></span> <span class='ocrx_word' id='word_1_260' title='bbox 179 1995 266 2016; x_wconf 90' lang='lat' dir='ltr'><strong>canon</strong></span> <span class='ocrx_word' id='word_1_261' title='bbox 282 1987 311 2015; x_wconf 91' lang='lat'><strong>8.</strong></span> 
     </span>
    </p>
   </div>
   <div class='ocr_carea' id='block_1_44' title="bbox 64 2028 869 2074">
    <p class='ocr_par' dir='ltr' id='par_1_44' title="bbox 64 2028 869 2074">
     <span class='ocr_line' id='line_1_44' title="bbox 64 2028 869 2074; baseline -0.009 -11"><span class='ocrx_word' id='word_1_262' title='bbox 64 2069 68 2074; x_wconf 37' lang='lat'>.</span> <span class='ocrx_word' id='word_1_263' title='bbox 120 2033 213 2062; x_wconf 86' lang='lat' dir='ltr'><strong>Sancti</strong></span> <span class='ocrx_word' id='word_1_264' title='bbox 229 2033 321 2060; x_wconf 84' lang='lat' dir='ltr'><strong>Basilii</strong></span> <span class='ocrx_word' id='word_1_265' title='bbox 342 2039 429 2060; x_wconf 82' lang='lat' dir='ltr'><strong>canon</strong></span> <span class='ocrx_word' id='word_1_266' title='bbox 448 2031 475 2065; x_wconf 71' lang='lat'><strong>2,</strong></span> <span class='ocrx_word' id='word_1_267' title='bbox 492 2031 518 2064; x_wconf 88' lang='lat'><strong>7,</strong></span> <span class='ocrx_word' id='word_1_268' title='bbox 537 2030 563 2064; x_wconf 89' lang='lat'><strong>8,</strong></span> <span class='ocrx_word' id='word_1_269' title='bbox 579 2031 623 2064; x_wconf 82' lang='grc'><strong>11,</strong></span> <span class='ocrx_word' id='word_1_270' title='bbox 643 2030 684 2062; x_wconf 83' lang='grc'><strong>15,</strong></span> <span class='ocrx_word' id='word_1_271' title='bbox 700 2030 745 2063; x_wconf 76' lang='grc'><strong>55,</strong></span> <span class='ocrx_word' id='word_1_272' title='bbox 762 2029 808 2062; x_wconf 63' lang='grc'><strong>42,</strong></span> <span class='ocrx_word' id='word_1_273' title='bbox 823 2028 869 2061; x_wconf 75' lang='grc'><strong>52,</strong></span> 
     </span>
    </p>
   </div>
   <div class='ocr_carea' id='block_1_45' title="bbox 83 2078 337 2113">
    <p class='ocr_par' dir='ltr' id='par_1_45' title="bbox 83 2078 337 2113">
     <span class='ocr_line' id='line_1_45' title="bbox 83 2078 337 2113; baseline -0.008 -6"><span class='ocrx_word' id='word_1_274' title='bbox 83 2080 128 2113; x_wconf 85' lang='grc'><strong>55,</strong></span> <span class='ocrx_word' id='word_1_275' title='bbox 143 2079 189 2111; x_wconf 86' lang='grc'><strong>56,</strong></span> <span class='ocrx_word' id='word_1_276' title='bbox 203 2078 236 2106; x_wconf 86' lang='grc'><strong>57</strong></span> <span class='ocrx_word' id='word_1_277' title='bbox 251 2083 279 2105; x_wconf 91' lang='lat' dir='ltr'><strong>et</strong></span> <span class='ocrx_word' id='word_1_278' title='bbox 292 2078 337 2105; x_wconf 79' lang='lat'><strong>65.</strong></span> 
     </span>
    </p>
   </div>
   <div class='ocr_carea' id='block_1_46' title="bbox 119 2122 621 2160">
    <p class='ocr_par' dir='ltr' id='par_1_46' title="bbox 119 2122 621 2160">
     <span class='ocr_line' id='line_1_46' title="bbox 119 2122 621 2160; baseline -0.01 -6"><span class='ocrx_word' id='word_1_279' title='bbox 119 2126 210 2154; x_wconf 71' lang='lat' dir='ltr'><strong>Sancti</strong></span> <span class='ocrx_word' id='word_1_280' title='bbox 227 2124 349 2160; x_wconf 76' lang='lat' dir='ltr'><strong>Gregorii</strong></span> <span class='ocrx_word' id='word_1_281' title='bbox 362 2123 476 2158; x_wconf 83' lang='lat' dir='ltr'><strong>Nysseni</strong></span> <span class='ocrx_word' id='word_1_282' title='bbox 491 2130 578 2151; x_wconf 86' lang='lat' dir='ltr'><strong>canon</strong></span> <span class='ocrx_word' id='word_1_283' title='bbox 593 2122 621 2149; x_wconf 74' lang='grc' dir='ltr'><strong>ι.</strong></span> 
     </span>
    </p>
   </div>
   <div class='ocr_carea' id='block_1_47' title="bbox 119 2168 531 2200">
    <p class='ocr_par' dir='ltr' id='par_1_47' title="bbox 119 2168 531 2200">
     <span class='ocr_line' id='line_1_47' title="bbox 119 2168 531 2200; baseline -0.012 0"><span class='ocrx_word' id='word_1_284' title='bbox 119 2171 212 2200; x_wconf 88' lang='lat' dir='ltr'><strong>Sancti</strong></span> <span class='ocrx_word' id='word_1_285' title='bbox 230 2170 363 2198; x_wconf 74' lang='lat' dir='ltr'><strong>Timothei</strong></span> <span class='ocrx_word' id='word_1_286' title='bbox 385 2177 471 2197; x_wconf 85' lang='lat' dir='ltr'><strong>canon</strong></span> <span class='ocrx_word' id='word_1_287' title='bbox 487 2168 531 2195; x_wconf 75' lang='lat' dir='ltr'><strong>ﬂ.</strong></span> 
     </span>
    </p>
   </div>
   <div class='ocr_carea' id='block_1_48' title="bbox 118 2211 866 2250">
    <p class='ocr_par' dir='ltr' id='par_1_48' title="bbox 118 2211 866 2250">
     <span class='ocr_line' id='line_1_48' title="bbox 118 2211 866 2250; baseline -0.009 -5"><span class='ocrx_word' id='word_1_288' title='bbox 118 2217 182 2245; x_wconf 78' lang='grc'><strong>150.</strong></span> <span class='ocrx_word' id='word_1_289' title='bbox 199 2216 293 2244; x_wconf 91' lang='lat' dir='ltr'><strong>Nullos</strong></span> <span class='ocrx_word' id='word_1_290' title='bbox 313 2223 374 2244; x_wconf 82' lang='lat' dir='ltr'><strong>esse</strong></span> <span class='ocrx_word' id='word_1_291' title='bbox 389 2220 513 2250; x_wconf 82' lang='lat' dir='ltr'><strong>oportere</strong></span> <span class='ocrx_word' id='word_1_292' title='bbox 530 2221 635 2249; x_wconf 77' lang='lat' dir='ltr'><strong>magos,</strong></span> <span class='ocrx_word' id='word_1_293' title='bbox 651 2217 697 2240; x_wconf 89' lang='lat' dir='ltr'><strong>aut</strong></span> <span class='ocrx_word' id='word_1_294' title='bbox 715 2211 866 2247; x_wconf 63' lang='lat' dir='ltr'><strong>praastigia-</strong></span> 
     </span>
    </p>
   </div>
   <div class='ocr_carea' id='block_1_49' title="bbox 83 2254 868 2296">
    <p class='ocr_par' dir='ltr' id='par_1_49' title="bbox 83 2254 868 2296">
     <span class='ocr_line' id='line_1_49' title="bbox 83 2254 868 2296; baseline -0.008 -6"><span class='ocrx_word' id='word_1_295' title='bbox 83 2268 167 2296; x_wconf 82' lang='lat' dir='ltr'><strong>tores,</strong></span> <span class='ocrx_word' id='word_1_296' title='bbox 183 2267 229 2290; x_wconf 85' lang='lat' dir='ltr'><strong>aut</strong></span> <span class='ocrx_word' id='word_1_297' title='bbox 244 2254 459 2291; x_wconf 69' lang='lat' dir='ltr'><strong>mathematicos,</strong></span> <span class='ocrx_word' id='word_1_298' title='bbox 476 2265 522 2287; x_wconf 85' lang='lat' dir='ltr'><strong>aut</strong></span> <span class='ocrx_word' id='word_1_299' title='bbox 537 2259 696 2293; x_wconf 76' lang='lat' dir='ltr'><strong>astrologos,</strong></span> <span class='ocrx_word' id='word_1_300' title='bbox 712 2263 759 2286; x_wconf 87' lang='lat' dir='ltr'><strong>aut</strong></span> <span class='ocrx_word' id='word_1_301' title='bbox 780 2258 868 2286; x_wconf 88' lang='lat' dir='ltr'><strong>circu-</strong></span> 
     </span>
    </p>
   </div>
   <div class='ocr_carea' id='block_1_50' title="bbox 82 2304 869 2343">
    <p class='ocr_par' dir='ltr' id='par_1_50' title="bbox 82 2304 869 2343">
     <span class='ocr_line' id='line_1_50' title="bbox 82 2304 869 2343; baseline -0.009 -6"><span class='ocrx_word' id='word_1_302' title='bbox 82 2309 198 2341; x_wconf 80' lang='lat' dir='ltr'><strong>latores,</strong></span> <span class='ocrx_word' id='word_1_303' title='bbox 225 2313 271 2336; x_wconf 86' lang='lat' dir='ltr'><strong>aut</strong></span> <span class='ocrx_word' id='word_1_304' title='bbox 294 2307 476 2343; x_wconf 83' lang='lat' dir='ltr'><strong>phylacteria,</strong></span> <span class='ocrx_word' id='word_1_305' title='bbox 505 2309 534 2333; x_wconf 88' lang='lat' dir='ltr'><strong>ut</strong></span> <span class='ocrx_word' id='word_1_306' title='bbox 552 2310 666 2337; x_wconf 82' lang='lat' dir='ltr'><strong>vocant,</strong></span> <span class='ocrx_word' id='word_1_307' title='bbox 693 2304 782 2332; x_wconf 83' lang='lat' dir='ltr'><strong>facere</strong></span> <span class='ocrx_word' id='word_1_308' title='bbox 797 2313 805 2332; x_wconf 88' lang='lat'><strong>:</strong></span> <span class='ocrx_word' id='word_1_309' title='bbox 821 2308 869 2331; x_wconf 82' lang='lat' dir='ltr'><strong>aut</strong></span> 
     </span>
    </p>
   </div>
   <div class='ocr_carea' id='block_1_51' title="bbox 83 2349 867 2389">
    <p class='ocr_par' dir='ltr' id='par_1_51' title="bbox 83 2349 867 2389">
     <span class='ocr_line' id='line_1_51' title="bbox 83 2349 867 2389; baseline -0.006 -7"><span class='ocrx_word' id='word_1_310' title='bbox 83 2355 214 2389; x_wconf 81' lang='lat' dir='ltr'><strong>ejusmodi</strong></span> <span class='ocrx_word' id='word_1_311' title='bbox 241 2353 395 2381; x_wconf 85' lang='lat' dir='ltr'><strong>hominibus</strong></span> <span class='ocrx_word' id='word_1_312' title='bbox 423 2354 538 2380; x_wconf 84' lang='lat' dir='ltr'><strong>rebusve</strong></span> <span class='ocrx_word' id='word_1_313' title='bbox 563 2351 714 2379; x_wconf 69' lang='lat' dir='ltr'><strong>adhaerere.</strong></span> <span class='ocrx_word' id='word_1_314' title='bbox 741 2349 768 2377; x_wconf 89' lang='lat' dir='ltr'><strong>Si</strong></span> <span class='ocrx_word' id='word_1_315' title='bbox 795 2350 867 2377; x_wconf 85' lang='lat' dir='ltr'><strong>enim</strong></span> 
     </span>
    </p>
   </div>
   <div class='ocr_carea' id='block_1_52' title="bbox 83 2396 869 2433">
    <p class='ocr_par' dir='ltr' id='par_1_52' title="bbox 83 2396 869 2433">
     <span class='ocr_line' id='line_1_52' title="bbox 83 2396 869 2433; baseline -0.008 -5"><span class='ocrx_word' id='word_1_316' title='bbox 83 2401 168 2428; x_wconf 82' lang='lat' dir='ltr'><strong>sacris</strong></span> <span class='ocrx_word' id='word_1_317' title='bbox 183 2400 280 2427; x_wconf 83' lang='lat' dir='ltr'><strong>initiati</strong></span> <span class='ocrx_word' id='word_1_318' title='bbox 297 2400 361 2432; x_wconf 77' lang='lat' dir='ltr'><strong>sint,</strong></span> <span class='ocrx_word' id='word_1_319' title='bbox 375 2399 563 2433; x_wconf 83' lang='lat' dir='ltr'><strong>deponuntur;</strong></span> <span class='ocrx_word' id='word_1_320' title='bbox 580 2398 602 2425; x_wconf 91' lang='lat' dir='ltr'><strong>si</strong></span> <span class='ocrx_word' id='word_1_321' title='bbox 616 2405 681 2424; x_wconf 86' lang='lat' dir='ltr'><strong>vero</strong></span> <span class='ocrx_word' id='word_1_322' title='bbox 693 2396 765 2429; x_wconf 81' lang='lat' dir='ltr'><strong>laici,</strong></span> <span class='ocrx_word' id='word_1_323' title='bbox 778 2403 869 2431; x_wconf 75' lang='lat' dir='ltr'><strong>segre-</strong></span> 
     </span>
    </p>
   </div>
   <div class='ocr_carea' id='block_1_53' title="bbox 83 2442 869 2481">
    <p class='ocr_par' dir='ltr' id='par_1_53' title="bbox 83 2442 869 2481">
     <span class='ocr_line' id='line_1_53' title="bbox 83 2442 869 2481; baseline -0.004 -8"><span class='ocrx_word' id='word_1_324' title='bbox 83 2451 181 2481; x_wconf 77' lang='lat' dir='ltr'><strong>gantur</strong></span> <span class='ocrx_word' id='word_1_325' title='bbox 194 2446 222 2479; x_wconf 85' lang='lat'><strong>6,</strong></span> <span class='ocrx_word' id='word_1_326' title='bbox 237 2445 325 2478; x_wconf 88' lang='lat' dir='ltr'><strong>aut&#39;7,</strong></span> <span class='ocrx_word' id='word_1_327' title='bbox 343 2450 389 2472; x_wconf 83' lang='lat' dir='ltr'><strong>aut</strong></span> <span class='ocrx_word' id='word_1_328' title='bbox 405 2445 437 2472; x_wconf 82' lang='grc'><strong>15</strong></span> <span class='ocrx_word' id='word_1_329' title='bbox 451 2452 557 2472; x_wconf 87' lang='lat' dir='ltr'><strong>annos:</strong></span> <span class='ocrx_word' id='word_1_330' title='bbox 572 2444 642 2479; x_wconf 88' lang='lat' dir='ltr'><strong>quod</strong></span> <span class='ocrx_word' id='word_1_331' title='bbox 658 2443 681 2470; x_wconf 86' lang='lat' dir='ltr'><strong>si</strong></span> <span class='ocrx_word' id='word_1_332' title='bbox 709 2443 734 2470; x_wconf 90' lang='lat' dir='ltr'><strong>in</strong></span> <span class='ocrx_word' id='word_1_333' title='bbox 750 2442 792 2470; x_wconf 89' lang='lat' dir='ltr'><strong>his</strong></span> <span class='ocrx_word' id='word_1_334' title='bbox 807 2450 869 2477; x_wconf 61' lang='lat' dir='ltr'><strong>perc</strong></span> 
     </span>
    </p>
   </div>
   <div class='ocr_carea' id='block_1_54' title="bbox 83 2490 692 2526">
    <p class='ocr_par' dir='ltr' id='par_1_54' title="bbox 83 2490 692 2526">
     <span class='ocr_line' id='line_1_54' title="bbox 83 2490 692 2526; baseline -0.005 -7"><span class='ocrx_word' id='word_1_335' title='bbox 83 2496 218 2524; x_wconf 85' lang='lat' dir='ltr'><strong>severent,</strong></span> <span class='ocrx_word' id='word_1_336' title='bbox 235 2499 270 2518; x_wconf 78' lang='lat' dir='ltr'><strong>ex</strong></span> <span class='ocrx_word' id='word_1_337' title='bbox 285 2490 403 2518; x_wconf 81' lang='lat' dir='ltr'><strong>Ecclesia</strong></span> <span class='ocrx_word' id='word_1_338' title='bbox 418 2491 524 2525; x_wconf 83' lang='lat' dir='ltr'><strong>penitus</strong></span> <span class='ocrx_word' id='word_1_339' title='bbox 537 2490 692 2526; x_wconf 72' lang='lat' dir='ltr'><strong>ejiciuntur.</strong></span> 
     </span>
    </p>
   </div>
   <div class='ocr_carea' id='block_1_55' title="bbox 120 2536 549 2572">
    <p class='ocr_par' dir='ltr' id='par_1_55' title="bbox 120 2536 549 2572">
     <span class='ocr_line' id='line_1_55' title="bbox 120 2536 549 2572; baseline -0.005 -8"><span class='ocrx_word' id='word_1_340' title='bbox 120 2537 219 2572; x_wconf 85' lang='lat' dir='ltr'><strong>Synodi</strong></span> <span class='ocrx_word' id='word_1_341' title='bbox 232 2537 390 2564; x_wconf 71' lang='lat' dir='ltr'><strong>LaodiCenae</strong></span> <span class='ocrx_word' id='word_1_342' title='bbox 406 2543 493 2563; x_wconf 74' lang='lat' dir='ltr'><strong>canon</strong></span> <span class='ocrx_word' id='word_1_343' title='bbox 505 2536 549 2563; x_wconf 82' lang='lat'><strong>56.</strong></span> 
     </span>
    </p>
   </div>
   <div class='ocr_carea' id='block_1_56' title="bbox 121 2580 428 2617">
    <p class='ocr_par' dir='ltr' id='par_1_56' title="bbox 121 2580 428 2617">
     <span class='ocr_line' id='line_1_56' title="bbox 121 2580 428 2617; baseline 0 -10"><span class='ocrx_word' id='word_1_344' title='bbox 121 2581 222 2617; x_wconf 86' lang='lat' dir='ltr'><strong>Synodi</strong></span> <span class='ocrx_word' id='word_1_345' title='bbox 236 2580 267 2608; x_wconf 83' lang='lat' dir='ltr'><strong>Vl</strong></span> <span class='ocrx_word' id='word_1_346' title='bbox 284 2588 368 2609; x_wconf 78' lang='lat' dir='ltr'><strong>canon</strong></span> <span class='ocrx_word' id='word_1_347' title='bbox 385 2581 428 2608; x_wconf 88' lang='grc'>61.</span> 
     </span>
    </p>
   </div>
   <div class='ocr_carea' id='block_1_57' title="bbox 119 2671 865 2707">
    <p class='ocr_par' dir='ltr' id='par_1_57' title="bbox 119 2671 865 2707">
     <span class='ocr_line' id='line_1_57' title="bbox 119 2671 865 2707; baseline -0.001 -8"><span class='ocrx_word' id='word_1_348' title='bbox 119 2673 157 2707; x_wconf 70' lang='lat'><strong>(2)</strong></span> <span class='ocrx_word' id='word_1_349' title='bbox 177 2672 325 2703; x_wconf 85' lang='grc' dir='ltr'>Γυτευτάς,</span> <span class='ocrx_word' id='word_1_350' title='bbox 355 2671 455 2707; x_wconf 71' lang='lat' dir='ltr'><strong>Eadem</strong></span> <span class='ocrx_word' id='word_1_351' title='bbox 481 2680 546 2700; x_wconf 85' lang='lat' dir='ltr'><strong>voce</strong></span> <span class='ocrx_word' id='word_1_352' title='bbox 563 2679 628 2699; x_wconf 86' lang='lat' dir='ltr'><strong>usus</strong></span> <span class='ocrx_word' id='word_1_353' title='bbox 653 2675 695 2699; x_wconf 87' lang='lat' dir='ltr'><strong>est</strong></span> <span class='ocrx_word' id='word_1_354' title='bbox 721 2671 865 2700; x_wconf 73' lang='lat' dir='ltr'><strong>Aristonus</strong></span> 
     </span>
    </p>
   </div>
   <div class='ocr_carea' id='block_1_58' title="bbox 81 2706 864 2742">
    <p class='ocr_par' dir='ltr' id='par_1_58' title="bbox 81 2706 864 2742">
     <span class='ocr_line' id='line_1_58' title="bbox 81 2706 864 2742; baseline -0.004 -7"><span class='ocrx_word' id='word_1_355' title='bbox 81 2709 109 2735; x_wconf 86' lang='lat' dir='ltr'><strong>iu</strong></span> <span class='ocrx_word' id='word_1_356' title='bbox 127 2716 160 2735; x_wconf 78' lang='lat' dir='ltr'><strong>LV</strong></span> <span class='ocrx_word' id='word_1_357' title='bbox 190 2707 257 2735; x_wconf 86' lang='lat' dir='ltr'><strong>Can.</strong></span> <span class='ocrx_word' id='word_1_358' title='bbox 283 2708 366 2734; x_wconf 88' lang='lat' dir='ltr'><strong>Conc.</strong></span> <span class='ocrx_word' id='word_1_359' title='bbox 393 2706 526 2734; x_wconf 81' lang='lat' dir='ltr'><strong>Trullani.</strong></span> <span class='ocrx_word' id='word_1_360' title='bbox 542 2708 674 2742; x_wconf 68' lang='lat' dir='ltr'><strong>Corrupto</strong></span> <span class='ocrx_word' id='word_1_361' title='bbox 688 2714 737 2734; x_wconf 78' lang='lat' dir='ltr'><strong>vox</strong></span> <span class='ocrx_word' id='word_1_362' title='bbox 751 2714 783 2734; x_wconf 82' lang='lat' dir='ltr'><strong>ex</strong></span> <span class='ocrx_word' id='word_1_363' title='bbox 799 2715 864 2741; x_wconf 80' lang='grc' dir='ltr'>γοη-</span> 
     </span>
    </p>
   </div>
   <div class='ocr_carea' id='block_1_59' title="bbox 82 2741 862 2777">
    <p class='ocr_par' dir='ltr' id='par_1_59' title="bbox 82 2741 862 2777">
     <span class='ocr_line' id='line_1_59' title="bbox 82 2741 862 2777; baseline 0 -9"><span class='ocrx_word' id='word_1_364' title='bbox 82 2743 181 2773; x_wconf 75' lang='grc' dir='ltr'>τευτὰς</span> <span class='ocrx_word' id='word_1_365' title='bbox 204 2750 264 2777; x_wconf 71' lang='lat' dir='ltr'><strong>qua:</strong></span> <span class='ocrx_word' id='word_1_366' title='bbox 299 2742 395 2777; x_wconf 72' lang='lat' dir='ltr'><strong>legitur</strong></span> <span class='ocrx_word' id='word_1_367' title='bbox 428 2742 452 2768; x_wconf 90' lang='lat' dir='ltr'><strong>in</strong></span> <span class='ocrx_word' id='word_1_368' title='bbox 483 2742 608 2769; x_wconf 88' lang='lat' dir='ltr'><strong>omnibus</strong></span> <span class='ocrx_word' id='word_1_369' title='bbox 629 2742 705 2769; x_wconf 89' lang='lat' dir='ltr'><strong>libris</strong></span> <span class='ocrx_word' id='word_1_370' title='bbox 735 2741 862 2777; x_wconf 25' lang='lat' dir='ltr'><strong>editisiin</strong></span> 
     </span>
    </p>
   </div>
   <div class='ocr_carea' id='block_1_60' title="bbox 83 2776 861 2811">
    <p class='ocr_par' dir='ltr' id='par_1_60' title="bbox 83 2776 861 2811">
     <span class='ocr_line' id='line_1_60' title="bbox 83 2776 861 2811; baseline 0 -7"><span class='ocrx_word' id='word_1_371' title='bbox 83 2783 160 2805; x_wconf 82' lang='lat' dir='ltr'><strong>textu</strong></span> <span class='ocrx_word' id='word_1_372' title='bbox 186 2776 254 2805; x_wconf 74' lang='lat' dir='ltr'><strong>Cain.</strong></span> <span class='ocrx_word' id='word_1_373' title='bbox 275 2776 335 2804; x_wconf 65' lang='grc' dir='ltr'>ιιιιξ</span> <span class='ocrx_word' id='word_1_374' title='bbox 353 2777 458 2811; x_wconf 73' lang='lat' dir='ltr'><strong>praefati</strong></span> <span class='ocrx_word' id='word_1_375' title='bbox 479 2777 601 2809; x_wconf 88' lang='lat' dir='ltr'><strong>Concilii,</strong></span> <span class='ocrx_word' id='word_1_376' title='bbox 618 2777 639 2803; x_wconf 86' lang='lat' dir='ltr'><strong>si</strong></span> <span class='ocrx_word' id='word_1_377' title='bbox 655 2777 800 2804; x_wconf 85' lang='lat' dir='ltr'><strong>editionem</strong></span> <span class='ocrx_word' id='word_1_378' title='bbox 812 2776 861 2804; x_wconf 85' lang='lat' dir='ltr'><strong>Ca-</strong></span> 
     </span>
    </p>
   </div>
   <div class='ocr_carea' id='block_1_61' title="bbox 84 2810 861 2841">
    <p class='ocr_par' dir='ltr' id='par_1_61' title="bbox 84 2810 861 2841">
     <span class='ocr_line' id='line_1_61' title="bbox 84 2810 861 2841; baseline 0.001 -2"><span class='ocrx_word' id='word_1_379' title='bbox 84 2820 186 2841; x_wconf 88' lang='lat' dir='ltr'><strong>nonum</strong></span> <span class='ocrx_word' id='word_1_380' title='bbox 210 2812 337 2840; x_wconf 77' lang='lat' dir='ltr'><strong>Ecclesiae</strong></span> <span class='ocrx_word' id='word_1_381' title='bbox 354 2810 515 2840; x_wconf 41' lang='lat' dir='ltr'><strong>’Oricntalis</strong></span> <span class='ocrx_word' id='word_1_382' title='bbox 541 2819 557 2839; x_wconf 88' lang='lat' dir='ltr'><strong>a</strong></span> <span class='ocrx_word' id='word_1_383' title='bbox 575 2811 677 2840; x_wconf 81' lang='lat' dir='ltr'><strong>Joanne</strong></span> <span class='ocrx_word' id='word_1_384' title='bbox 699 2812 767 2840; x_wconf 90' lang='lat' dir='ltr'><strong>Tilio</strong></span> <span class='ocrx_word' id='word_1_385' title='bbox 792 2819 861 2840; x_wconf 78' lang='lat' dir='ltr'><strong>anno</strong></span> 
     </span>
    </p>
   </div>
   <div class='ocr_carea' id='block_1_62' title="bbox 890 154 1428 191">
    <p class='ocr_par' dir='ltr' id='par_1_62' title="bbox 890 154 1428 191">
     <span class='ocr_line' id='line_1_62' title="bbox 890 154 1428 191; baseline 0.011 -11"><span class='ocrx_word' id='word_1_386' title='bbox 890 162 911 187; x_wconf 70' lang='grc' dir='ltr'><strong>Α</strong></span> <span class='ocrx_word' id='word_1_387' title='bbox 962 154 1015 181; x_wconf 99' lang='grc' dir='ltr'><strong>Τοῦ</strong></span> <span class='ocrx_word' id='word_1_388' title='bbox 1029 155 1108 188; x_wconf 81' lang='grc' dir='ltr'><strong>ἁγίου</strong></span> <span class='ocrx_word' id='word_1_389' title='bbox 1126 156 1260 191; x_wconf 79' lang='grc' dir='ltr'><strong>Τιμοθέου</strong></span> <span class='ocrx_word' id='word_1_390' title='bbox 1276 157 1366 185; x_wconf 83' lang='grc' dir='ltr'>κανὼν</span> <span class='ocrx_word' id='word_1_391' title='bbox 1383 161 1428 186; x_wconf 89' lang='grc' dir='ltr'>ια’.</span> 
     </span>
    </p>
   </div>
   <div class='ocr_carea' id='block_1_63' title="bbox 962 201 1711 244">
    <p class='ocr_par' dir='ltr' id='par_1_63' title="bbox 962 201 1711 244">
     <span class='ocr_line' id='line_1_63' title="bbox 962 201 1711 244; baseline 0.005 -15"><span class='ocrx_word' id='word_1_392' title='bbox 962 201 1038 237; x_wconf 77' lang='grc' dir='ltr'>ρκς¹.</span> <span class='ocrx_word' id='word_1_393' title='bbox 1055 202 1116 230; x_wconf 83' lang='grc' dir='ltr'>Ὅτι</span> <span class='ocrx_word' id='word_1_394' title='bbox 1129 203 1170 230; x_wconf 82' lang='grc' dir='ltr'>δεῖ</span> <span class='ocrx_word' id='word_1_395' title='bbox 1184 204 1315 240; x_wconf 69' lang='grc' dir='ltr'>ἐπιτιμᾷν</span> <span class='ocrx_word' id='word_1_396' title='bbox 1326 206 1487 241; x_wconf 83' lang='grc' dir='ltr'>διγαμοῦντι</span> <span class='ocrx_word' id='word_1_397' title='bbox 1501 207 1548 235; x_wconf 74' lang='grc' dir='ltr'><strong>ἐπὶ</strong></span> <span class='ocrx_word' id='word_1_398' title='bbox 1559 207 1650 244; x_wconf 83' lang='grc' dir='ltr'>χρόνῳ</span> <span class='ocrx_word' id='word_1_399' title='bbox 1659 207 1711 241; x_wconf 69' lang='grc' dir='ltr'>ἐνὶ,</span> 
     </span>
    </p>
   </div>
   <div class='ocr_carea' id='block_1_64' title="bbox 926 247 1014 282">
    <p class='ocr_par' dir='ltr' id='par_1_64' title="bbox 926 247 1014 282">
     <span class='ocr_line' id='line_1_64' title="bbox 926 247 1014 282; baseline 0.011 -8"><span class='ocrx_word' id='word_1_400' title='bbox 926 247 941 282; x_wconf 84' lang='grc' dir='ltr'>ἦ</span> <span class='ocrx_word' id='word_1_401' title='bbox 956 248 1014 275; x_wconf 86' lang='grc' dir='ltr'>δύο.</span> 
     </span>
    </p>
   </div>
   <div class='ocr_carea' id='block_1_65' title="bbox 961 286 1405 327">
    <p class='ocr_par' dir='ltr' id='par_1_65' title="bbox 961 286 1405 327">
     <span class='ocr_line' id='line_1_65' title="bbox 961 286 1405 327; baseline 0.009 -7"><span class='ocrx_word' id='word_1_402' title='bbox 961 286 1074 321; x_wconf 75' lang='grc' dir='ltr'>Συνύδου</span> <span class='ocrx_word' id='word_1_403' title='bbox 1089 295 1250 327; x_wconf 70' lang='grc' dir='ltr'><strong>Λαοδικείας</strong></span> <span class='ocrx_word' id='word_1_404' title='bbox 1267 297 1356 323; x_wconf 81' lang='grc' dir='ltr'>κανὼν</span> <span class='ocrx_word' id='word_1_405' title='bbox 1369 296 1405 325; x_wconf 86' lang='grc' dir='ltr'>α’.</span> 
     </span>
    </p>
   </div>
   <div class='ocr_carea' id='block_1_66' title="bbox 960 340 1507 378">
    <p class='ocr_par' dir='ltr' id='par_1_66' title="bbox 960 340 1507 378">
     <span class='ocr_line' id='line_1_66' title="bbox 960 340 1507 378; baseline 0.007 -12"><span class='ocrx_word' id='word_1_406' title='bbox 960 340 1013 366; x_wconf 85' lang='grc' dir='ltr'><strong>Τοῦ</strong></span> <span class='ocrx_word' id='word_1_407' title='bbox 1028 341 1106 374; x_wconf 82' lang='grc' dir='ltr'>ἁγίου</span> <span class='ocrx_word' id='word_1_408' title='bbox 1122 341 1264 368; x_wconf 86' lang='grc' dir='ltr'>Βασιλείου</span> <span class='ocrx_word' id='word_1_409' title='bbox 1281 342 1372 370; x_wconf 74' lang='grc' dir='ltr'>κανὼν</span> <span class='ocrx_word' id='word_1_410' title='bbox 1388 347 1443 378; x_wconf 85' lang='grc' dir='ltr'>μα’,</span> <span class='ocrx_word' id='word_1_411' title='bbox 1457 347 1507 378; x_wconf 86' lang='grc' dir='ltr'>νγ’.</span> 
     </span>
    </p>
   </div>
   <div class='ocr_carea' id='block_1_67' title="bbox 962 387 1712 426">
    <p class='ocr_par' dir='ltr' id='par_1_67' title="bbox 962 387 1712 426">
     <span class='ocr_line' id='line_1_67' title="bbox 962 387 1712 426; baseline 0.008 -14"><span class='ocrx_word' id='word_1_412' title='bbox 962 387 1030 421; x_wconf 57' lang='grc' dir='ltr'>ρκζα</span> <span class='ocrx_word' id='word_1_413' title='bbox 1047 387 1109 413; x_wconf 78' lang='grc' dir='ltr'>Ὀτι</span> <span class='ocrx_word' id='word_1_414' title='bbox 1133 387 1164 414; x_wconf 85' lang='grc' dir='ltr'><strong>οὐ</strong></span> <span class='ocrx_word' id='word_1_415' title='bbox 1183 387 1224 414; x_wconf 83' lang='grc' dir='ltr'><strong>δεῖ</strong></span> <span class='ocrx_word' id='word_1_416' title='bbox 1244 389 1396 423; x_wconf 79' lang='grc' dir='ltr'>μοιχεύεινο</span> <span class='ocrx_word' id='word_1_417' title='bbox 1424 389 1496 421; x_wconf 67' lang='grc' dir='ltr'>ἐπεὶ,</span> <span class='ocrx_word' id='word_1_418' title='bbox 1512 391 1537 416; x_wconf 87' lang='grc' dir='ltr'><strong>εί</strong></span> <span class='ocrx_word' id='word_1_419' title='bbox 1559 390 1608 425; x_wconf 76' lang='grc' dir='ltr'><strong>μὲν</strong></span> <span class='ocrx_word' id='word_1_420' title='bbox 1631 391 1712 426; x_wconf 79' lang='grc' dir='ltr'>ἱερω-</span> 
     </span>
    </p>
   </div>
   <div class='ocr_carea' id='block_1_68' title="bbox 926 431 1711 471">
    <p class='ocr_par' dir='ltr' id='par_1_68' title="bbox 926 431 1711 471">
     <span class='ocr_line' id='line_1_68' title="bbox 926 431 1711 471; baseline 0.008 -13"><span class='ocrx_word' id='word_1_421' title='bbox 926 431 1002 466; x_wconf 83' lang='grc' dir='ltr'>μένοι</span> <span class='ocrx_word' id='word_1_422' title='bbox 1014 432 1078 463; x_wconf 74' lang='grc' dir='ltr'>εἰσὶ,</span> <span class='ocrx_word' id='word_1_423' title='bbox 1101 433 1298 468; x_wconf 76' lang='grc' dir='ltr'><strong>καθαιροῦνται</strong></span> <span class='ocrx_word' id='word_1_424' title='bbox 1309 442 1317 448; x_wconf 82' lang='grc'><strong><em>-</em></strong></span> <span class='ocrx_word' id='word_1_425' title='bbox 1334 435 1357 460; x_wconf 84' lang='grc' dir='ltr'><strong>εί</strong></span> <span class='ocrx_word' id='word_1_426' title='bbox 1371 434 1400 460; x_wconf 79' lang='grc' dir='ltr'>δὲ</span> <span class='ocrx_word' id='word_1_427' title='bbox 1419 435 1521 465; x_wconf 72' lang='grc' dir='ltr'>λαῖκοὶ.</span> <span class='ocrx_word' id='word_1_428' title='bbox 1536 436 1711 471; x_wconf 75' lang='grc' dir='ltr'><strong>ἀφορίζονται</strong></span> 
     </span>
    </p>
   </div>
   <div class='ocr_carea' id='block_1_69' title="bbox 925 478 1710 516">
    <p class='ocr_par' dir='ltr' id='par_1_69' title="bbox 925 478 1710 516">
     <span class='ocr_line' id='line_1_69' title="bbox 925 478 1710 516; baseline 0.006 -12"><span class='ocrx_word' id='word_1_429' title='bbox 925 478 1114 513; x_wconf 74' lang='grc' dir='ltr'>ἀκοινωνήτως</span> <span class='ocrx_word' id='word_1_430' title='bbox 1130 478 1187 514; x_wconf 82' lang='grc' dir='ltr'>[ῖσ.</span> <span class='ocrx_word' id='word_1_431' title='bbox 1211 479 1408 516; x_wconf 74' lang='grc' dir='ltr'>ἁκοινωνησίᾳ]</span> <span class='ocrx_word' id='word_1_432' title='bbox 1432 481 1480 507; x_wconf 76' lang='grc' dir='ltr'><strong>ἐπὶ</strong></span> <span class='ocrx_word' id='word_1_433' title='bbox 1499 482 1606 516; x_wconf 81' lang='grc' dir='ltr'>χρόνοις</span> <span class='ocrx_word' id='word_1_434' title='bbox 1630 483 1710 514; x_wconf 76' lang='grc' dir='ltr'>ἑπτὰ,</span> 
     </span>
    </p>
   </div>
   <div class='ocr_carea' id='block_1_70' title="bbox 925 523 1712 564">
    <p class='ocr_par' dir='ltr' id='par_1_70' title="bbox 925 523 1712 564">
     <span class='ocr_line' id='line_1_70' title="bbox 925 523 1712 564; baseline 0.006 -14"><span class='ocrx_word' id='word_1_435' title='bbox 925 524 941 558; x_wconf 85' lang='grc' dir='ltr'>ἢ</span> <span class='ocrx_word' id='word_1_436' title='bbox 957 523 998 555; x_wconf 77' lang='grc' dir='ltr'>ιε’,</span> <span class='ocrx_word' id='word_1_437' title='bbox 1014 523 1030 559; x_wconf 85' lang='grc' dir='ltr'>ἦ</span> <span class='ocrx_word' id='word_1_438' title='bbox 1042 525 1090 550; x_wconf 78' lang='grc' dir='ltr'>καὶ</span> <span class='ocrx_word' id='word_1_439' title='bbox 1103 524 1135 551; x_wconf 84' lang='grc' dir='ltr'>λ’.</span> <span class='ocrx_word' id='word_1_440' title='bbox 1153 525 1231 551; x_wconf 82' lang='grc' dir='ltr'>Ἐστι</span> <span class='ocrx_word' id='word_1_441' title='bbox 1248 526 1301 560; x_wconf 85' lang='grc' dir='ltr'>γὰρ</span> <span class='ocrx_word' id='word_1_442' title='bbox 1314 525 1360 556; x_wconf 72' lang='grc' dir='ltr'><strong>καὶ</strong></span> <span class='ocrx_word' id='word_1_443' title='bbox 1375 527 1404 552; x_wconf 81' lang='grc' dir='ltr'>ὲν</span> <span class='ocrx_word' id='word_1_444' title='bbox 1413 526 1500 562; x_wconf 79' lang='grc' dir='ltr'>ταύτῃ</span> <span class='ocrx_word' id='word_1_445' title='bbox 1513 527 1629 564; x_wconf 77' lang='grc' dir='ltr'>διαφορὰ</span> <span class='ocrx_word' id='word_1_446' title='bbox 1641 529 1712 555; x_wconf 79' lang='grc' dir='ltr'><strong>κατὰ</strong></span> 
     </span>
    </p>
   </div>
   <div class='ocr_carea' id='block_1_71' title="bbox 924 570 1238 603">
    <p class='ocr_par' dir='ltr' id='par_1_71' title="bbox 924 570 1238 603">
     <span class='ocr_line' id='line_1_71' title="bbox 924 570 1238 603; baseline 0.01 -7"><span class='ocrx_word' id='word_1_447' title='bbox 924 570 988 601; x_wconf 85' lang='grc' dir='ltr'>τοὺς</span> <span class='ocrx_word' id='word_1_448' title='bbox 1004 570 1094 602; x_wconf 78' lang='grc' dir='ltr'><strong>θείους</strong></span> <span class='ocrx_word' id='word_1_449' title='bbox 1109 571 1238 603; x_wconf 78' lang='grc' dir='ltr'><strong>κανόνας.</strong></span> 
     </span>
    </p>
   </div>
   <div class='ocr_carea' id='block_1_72' title="bbox 960 615 1466 651">
    <p class='ocr_par' dir='ltr' id='par_1_72' title="bbox 960 615 1466 651">
     <span class='ocr_line' id='line_1_72' title="bbox 960 615 1466 651; baseline 0.01 -10"><span class='ocrx_word' id='word_1_450' title='bbox 960 615 1021 643; x_wconf 87' lang='grc' dir='ltr'>Τῶν</span> <span class='ocrx_word' id='word_1_451' title='bbox 1038 616 1124 650; x_wconf 83' lang='grc' dir='ltr'><strong>ἁγίων</strong></span> <span class='ocrx_word' id='word_1_452' title='bbox 1137 617 1293 644; x_wconf 75' lang='grc' dir='ltr'><strong>ἀποστόλων</strong></span> <span class='ocrx_word' id='word_1_453' title='bbox 1309 617 1400 646; x_wconf 80' lang='grc' dir='ltr'>κανὼν</span> <span class='ocrx_word' id='word_1_454' title='bbox 1415 618 1466 651; x_wconf 83' lang='grc' dir='ltr'>ξα’.</span> 
     </span>
    </p>
   </div>
   <div class='ocr_carea' id='block_1_73' title="bbox 961 661 1393 696">
    <p class='ocr_par' dir='ltr' id='par_1_73' title="bbox 961 661 1393 696">
     <span class='ocr_line' id='line_1_73' title="bbox 961 661 1393 696; baseline 0.007 -9"><span class='ocrx_word' id='word_1_455' title='bbox 961 661 1073 688; x_wconf 85' lang='grc' dir='ltr'>Συνόδου</span> <span class='ocrx_word' id='word_1_456' title='bbox 1093 661 1232 696; x_wconf 81' lang='grc' dir='ltr'>Ἀγκύρας</span> <span class='ocrx_word' id='word_1_457' title='bbox 1249 662 1341 688; x_wconf 79' lang='grc' dir='ltr'>κανὼν</span> <span class='ocrx_word' id='word_1_458' title='bbox 1357 661 1393 690; x_wconf 83' lang='grc' dir='ltr'><strong>κ’.</strong></span> 
     </span>
    </p>
   </div>
   <div class='ocr_carea' id='block_1_74' title="bbox 961 707 1464 744">
    <p class='ocr_par' dir='ltr' id='par_1_74' title="bbox 961 707 1464 744">
     <span class='ocr_line' id='line_1_74' title="bbox 961 707 1464 744; baseline 0.006 -11"><span class='ocrx_word' id='word_1_459' title='bbox 961 707 1073 733; x_wconf 78' lang='grc' dir='ltr'>Συνόδου</span> <span class='ocrx_word' id='word_1_460' title='bbox 1091 707 1208 738; x_wconf 75' lang='grc' dir='ltr'><strong>Νικαίας</strong></span> <span class='ocrx_word' id='word_1_461' title='bbox 1221 708 1312 734; x_wconf 87' lang='grc' dir='ltr'>κανὼν</span> <span class='ocrx_word' id='word_1_462' title='bbox 1325 711 1349 734; x_wconf 89' lang='grc' dir='ltr'>α’</span> <span class='ocrx_word' id='word_1_463' title='bbox 1367 708 1413 735; x_wconf 76' lang='grc' dir='ltr'>καὶ</span> <span class='ocrx_word' id='word_1_464' title='bbox 1428 711 1464 744; x_wconf 81' lang='grc' dir='ltr'><strong>η’.</strong></span> 
     </span>
    </p>
   </div>
   <div class='ocr_carea' id='block_1_75' title="bbox 959 752 1418 788">
    <p class='ocr_par' dir='ltr' id='par_1_75' title="bbox 959 752 1418 788">
     <span class='ocr_line' id='line_1_75' title="bbox 959 752 1418 788; baseline 0.007 -9"><span class='ocrx_word' id='word_1_465' title='bbox 959 752 1072 779; x_wconf 84' lang='grc' dir='ltr'>Συνόδου</span> <span class='ocrx_word' id='word_1_466' title='bbox 1085 756 1111 785; x_wconf 79' lang='grc' dir='ltr'>ς’</span> <span class='ocrx_word' id='word_1_467' title='bbox 1132 752 1221 780; x_wconf 89' lang='grc' dir='ltr'>κανὼν</span> <span class='ocrx_word' id='word_1_468' title='bbox 1239 753 1282 786; x_wconf 58' lang='grc' dir='ltr'><strong>*κζ’</strong></span> <span class='ocrx_word' id='word_1_469' title='bbox 1302 755 1349 780; x_wconf 78' lang='grc' dir='ltr'>καὶ</span> <span class='ocrx_word' id='word_1_470' title='bbox 1365 753 1418 788; x_wconf 61' lang='grc' dir='ltr'>ιγ’.</span> 
     </span>
    </p>
   </div>
   <div class='ocr_carea' id='block_1_76' title="bbox 961 798 1709 835">
    <p class='ocr_par' dir='ltr' id='par_1_76' title="bbox 961 798 1709 835">
     <span class='ocr_line' id='line_1_76' title="bbox 961 798 1709 835; baseline 0.003 -10"><span class='ocrx_word' id='word_1_471' title='bbox 961 798 1014 825; x_wconf 84' lang='grc' dir='ltr'><strong>Τοῦ</strong></span> <span class='ocrx_word' id='word_1_472' title='bbox 1028 799 1107 832; x_wconf 79' lang='grc' dir='ltr'>ἁγίου</span> <span class='ocrx_word' id='word_1_473' title='bbox 1125 799 1267 826; x_wconf 81' lang='grc' dir='ltr'>Βασιλείου</span> <span class='ocrx_word' id='word_1_474' title='bbox 1283 800 1374 826; x_wconf 83' lang='grc' dir='ltr'>κανὼν</span> <span class='ocrx_word' id='word_1_475' title='bbox 1394 800 1427 833; x_wconf 80' lang='grc' dir='ltr'><strong>ζ’,</strong></span> <span class='ocrx_word' id='word_1_476' title='bbox 1446 799 1479 834; x_wconf 83' lang='grc' dir='ltr'>θ’,</span> <span class='ocrx_word' id='word_1_477' title='bbox 1503 805 1556 828; x_wconf 89' lang='grc' dir='ltr'>κα’.</span> <span class='ocrx_word' id='word_1_478' title='bbox 1585 801 1635 835; x_wconf 80' lang='grc' dir='ltr'>λα’,</span> <span class='ocrx_word' id='word_1_479' title='bbox 1663 801 1709 832; x_wconf 72' lang='grc' dir='ltr'>λδ’,</span> 
     </span>
    </p>
   </div>
   <div class='ocr_carea' id='block_1_77' title="bbox 890 828 1315 881">
    <p class='ocr_par' dir='ltr' id='par_1_77' title="bbox 890 828 1315 881">
     <span class='ocr_line' id='line_1_77' title="bbox 890 828 1315 881; baseline -0.007 -4"><span class='ocrx_word' id='word_1_480' title='bbox 890 828 910 855; x_wconf 71' lang='grc' dir='ltr'><strong>Β</strong></span> <span class='ocrx_word' id='word_1_481' title='bbox 926 845 980 877; x_wconf 86' lang='grc' dir='ltr'>λς’.</span> <span class='ocrx_word' id='word_1_482' title='bbox 994 828 1111 877; x_wconf 53' lang='grc' dir='ltr'>λςίλθι.</span> <span class='ocrx_word' id='word_1_483' title='bbox 1127 848 1185 881; x_wconf 86' lang='grc' dir='ltr'><strong>μη’.</strong></span> <span class='ocrx_word' id='word_1_484' title='bbox 1200 849 1251 880; x_wconf 85' lang='grc' dir='ltr'>νη¹,</span> <span class='ocrx_word' id='word_1_485' title='bbox 1267 847 1315 878; x_wconf 78' lang='grc' dir='ltr'><strong>οζ¹,</strong></span> 
     </span>
    </p>
   </div>
   <div class='ocr_carea' id='block_1_78' title="bbox 961 891 1578 930">
    <p class='ocr_par' dir='ltr' id='par_1_78' title="bbox 961 891 1578 930">
     <span class='ocr_line' id='line_1_78' title="bbox 961 891 1578 930; baseline 0.003 -13"><span class='ocrx_word' id='word_1_486' title='bbox 961 891 1014 917; x_wconf 90' lang='grc' dir='ltr'><strong>Τοῦ</strong></span> <span class='ocrx_word' id='word_1_487' title='bbox 1028 891 1106 925; x_wconf 84' lang='grc' dir='ltr'>ἁγίου</span> <span class='ocrx_word' id='word_1_488' title='bbox 1122 891 1274 926; x_wconf 87' lang='grc' dir='ltr'>Γρηγορίου</span> <span class='ocrx_word' id='word_1_489' title='bbox 1291 891 1402 927; x_wconf 76' lang='grc' dir='ltr'>Νύσσης</span> <span class='ocrx_word' id='word_1_490' title='bbox 1418 891 1507 919; x_wconf 86' lang='grc' dir='ltr'>κανὼν</span> <span class='ocrx_word' id='word_1_491' title='bbox 1518 892 1554 926; x_wconf 87' lang='grc' dir='ltr'><strong>γ’.</strong></span> <span class='ocrx_word' id='word_1_492' title='bbox 1575 927 1578 930; x_wconf 27' lang='grc'>.</span> 
     </span>
    </p>
   </div>
   <div class='ocr_carea' id='block_1_79' title="bbox 959 937 1412 977">
    <p class='ocr_par' dir='ltr' id='par_1_79' title="bbox 959 937 1412 977">
     <span class='ocr_line' id='line_1_79' title="bbox 959 937 1412 977; baseline 0.002 -14"><span class='ocrx_word' id='word_1_493' title='bbox 959 937 1012 964; x_wconf 75' lang='grc' dir='ltr'><strong>Τοῦ</strong></span> <span class='ocrx_word' id='word_1_494' title='bbox 1029 937 1107 977; x_wconf 69' lang='grc' dir='ltr'>ἁγίου</span> <span class='ocrx_word' id='word_1_495' title='bbox 1123 937 1256 972; x_wconf 80' lang='grc' dir='ltr'>Τιμοθέου</span> <span class='ocrx_word' id='word_1_496' title='bbox 1270 937 1360 964; x_wconf 83' lang='grc' dir='ltr'>κανὼν</span> <span class='ocrx_word' id='word_1_497' title='bbox 1372 937 1412 965; x_wconf 84' lang='grc' dir='ltr'>ιε’.</span> 
     </span>
    </p>
   </div>
   <div class='ocr_carea' id='block_1_80' title="bbox 960 983 1708 1020">
    <p class='ocr_par' dir='ltr' id='par_1_80' title="bbox 960 983 1708 1020">
     <span class='ocr_line' id='line_1_80' title="bbox 960 983 1708 1020; baseline 0 -10"><span class='ocrx_word' id='word_1_498' title='bbox 960 986 1032 1019; x_wconf 77' lang='lat' dir='ltr'><strong>px‘q&#39;.</strong></span> <span class='ocrx_word' id='word_1_499' title='bbox 1052 983 1116 1010; x_wconf 84' lang='grc' dir='ltr'>Ὅτι</span> <span class='ocrx_word' id='word_1_500' title='bbox 1143 983 1325 1018; x_wconf 79' lang='grc' dir='ltr'>ὲπιτιμῶνται</span> <span class='ocrx_word' id='word_1_501' title='bbox 1348 984 1556 1020; x_wconf 77' lang='grc' dir='ltr'>ἀρῤενοφθόροι,</span> <span class='ocrx_word' id='word_1_502' title='bbox 1579 984 1626 1011; x_wconf 78' lang='grc' dir='ltr'>καὶ</span> <span class='ocrx_word' id='word_1_503' title='bbox 1642 984 1708 1016; x_wconf 76' lang='grc' dir='ltr'>ζωο-</span> 
     </span>
    </p>
   </div>
   <div class='ocr_carea' id='block_1_81' title="bbox 924 1028 1709 1064">
    <p class='ocr_par' dir='ltr' id='par_1_81' title="bbox 924 1028 1709 1064">
     <span class='ocr_line' id='line_1_81' title="bbox 924 1028 1709 1064; baseline 0.001 -10"><span class='ocrx_word' id='word_1_504' title='bbox 924 1028 1037 1064; x_wconf 79' lang='grc' dir='ltr'>φθόροι·</span> <span class='ocrx_word' id='word_1_505' title='bbox 1057 1029 1081 1054; x_wconf 88' lang='grc' dir='ltr'><strong>εί</strong></span> <span class='ocrx_word' id='word_1_506' title='bbox 1095 1028 1146 1062; x_wconf 79' lang='grc' dir='ltr'><strong>μὲν</strong></span> <span class='ocrx_word' id='word_1_507' title='bbox 1164 1028 1309 1063; x_wconf 82' lang='grc' dir='ltr'>ίερωμένοι</span> <span class='ocrx_word' id='word_1_508' title='bbox 1327 1029 1391 1062; x_wconf 75' lang='grc' dir='ltr'>εἰσὶ,</span> <span class='ocrx_word' id='word_1_509' title='bbox 1406 1029 1603 1064; x_wconf 78' lang='grc' dir='ltr'>καθαιροῦνται</span> <span class='ocrx_word' id='word_1_510' title='bbox 1616 1037 1623 1046; x_wconf 74' lang='grc' dir='ltr'><strong>ι</strong></span> <span class='ocrx_word' id='word_1_511' title='bbox 1638 1029 1663 1055; x_wconf 82' lang='grc' dir='ltr'><strong>εί</strong></span> <span class='ocrx_word' id='word_1_512' title='bbox 1680 1028 1709 1055; x_wconf 64' lang='grc' dir='ltr'>δὲ</span> 
     </span>
    </p>
   </div>
   <div class='ocr_carea' id='block_1_82' title="bbox 923 1073 1537 1110">
    <p class='ocr_par' dir='ltr' id='par_1_82' title="bbox 923 1073 1537 1110">
     <span class='ocr_line' id='line_1_82' title="bbox 923 1073 1537 1110; baseline 0 -8"><span class='ocrx_word' id='word_1_513' title='bbox 923 1074 1023 1107; x_wconf 71' lang='grc' dir='ltr'>λαῖκοὶ,</span> <span class='ocrx_word' id='word_1_514' title='bbox 1037 1073 1214 1110; x_wconf 77' lang='grc' dir='ltr'>ἀφορίζονται</span> <span class='ocrx_word' id='word_1_515' title='bbox 1230 1074 1278 1100; x_wconf 71' lang='grc' dir='ltr'><strong>ἐπὶ</strong></span> <span class='ocrx_word' id='word_1_516' title='bbox 1294 1074 1402 1109; x_wconf 77' lang='grc' dir='ltr'>χρόνοις</span> <span class='ocrx_word' id='word_1_517' title='bbox 1411 1077 1455 1107; x_wconf 85' lang='grc' dir='ltr'>ιε’,</span> <span class='ocrx_word' id='word_1_518' title='bbox 1473 1075 1489 1109; x_wconf 83' lang='grc' dir='ltr'>ἢ</span> <span class='ocrx_word' id='word_1_519' title='bbox 1505 1075 1537 1102; x_wconf 84' lang='grc' dir='ltr'>λ’.</span> 
     </span>
    </p>
   </div>
   <div class='ocr_carea' id='block_1_83' title="bbox 959 1166 1512 1201">
    <p class='ocr_par' dir='ltr' id='par_1_83' title="bbox 959 1166 1512 1201">
     <span class='ocr_line' id='line_1_83' title="bbox 959 1166 1512 1201; baseline -0.002 -8"><span class='ocrx_word' id='word_1_520' title='bbox 959 1167 1070 1194; x_wconf 79' lang='grc' dir='ltr'>Συνὸδου</span> <span class='ocrx_word' id='word_1_521' title='bbox 1094 1166 1230 1201; x_wconf 75' lang='grc' dir='ltr'><strong>Ἀγκύρας</strong></span> <span class='ocrx_word' id='word_1_522' title='bbox 1248 1166 1339 1193; x_wconf 76' lang='grc' dir='ltr'>κανὼν</span> <span class='ocrx_word' id='word_1_523' title='bbox 1354 1166 1392 1198; x_wconf 82' lang='grc' dir='ltr'>ις’</span> <span class='ocrx_word' id='word_1_524' title='bbox 1407 1166 1453 1193; x_wconf 73' lang='grc' dir='ltr'><strong>καὶ</strong></span> <span class='ocrx_word' id='word_1_525' title='bbox 1466 1166 1512 1198; x_wconf 76' lang='grc' dir='ltr'><strong>ιζ’.</strong></span> 
     </span>
    </p>
   </div>
   <div class='ocr_carea' id='block_1_84' title="bbox 958 1210 1666 1245">
    <p class='ocr_par' dir='ltr' id='par_1_84' title="bbox 958 1210 1666 1245">
     <span class='ocr_line' id='line_1_84' title="bbox 958 1210 1666 1245; baseline -0.001 -6"><span class='ocrx_word' id='word_1_526' title='bbox 958 1213 1014 1239; x_wconf 75' lang='grc' dir='ltr'><strong>Καὶ</strong></span> <span class='ocrx_word' id='word_1_527' title='bbox 1026 1212 1073 1239; x_wconf 78' lang='grc' dir='ltr'><strong>τοῦ</strong></span> <span class='ocrx_word' id='word_1_528' title='bbox 1088 1211 1167 1245; x_wconf 77' lang='grc' dir='ltr'>ἁγίου</span> <span class='ocrx_word' id='word_1_529' title='bbox 1183 1211 1325 1238; x_wconf 70' lang='grc' dir='ltr'>Βασιλείου</span> <span class='ocrx_word' id='word_1_530' title='bbox 1339 1210 1430 1238; x_wconf 79' lang='grc' dir='ltr'>κανὼν</span> <span class='ocrx_word' id='word_1_531' title='bbox 1448 1211 1480 1243; x_wconf 78' lang='grc' dir='ltr'><strong>ζ’,</strong></span> <span class='ocrx_word' id='word_1_532' title='bbox 1497 1210 1535 1245; x_wconf 74' lang='grc' dir='ltr'><strong>Εβ¹</strong></span> <span class='ocrx_word' id='word_1_533' title='bbox 1551 1210 1599 1237; x_wconf 80' lang='grc' dir='ltr'>καὶ</span> <span class='ocrx_word' id='word_1_534' title='bbox 1616 1210 1666 1245; x_wconf 80' lang='grc' dir='ltr'>ξγ’.</span> 
     </span>
    </p>
   </div>
   <div class='ocr_carea' id='block_1_85' title="bbox 958 1256 1551 1292">
    <p class='ocr_par' dir='ltr' id='par_1_85' title="bbox 958 1256 1551 1292">
     <span class='ocr_line' id='line_1_85' title="bbox 958 1256 1551 1292; baseline -0.002 -8"><span class='ocrx_word' id='word_1_535' title='bbox 958 1257 1012 1284; x_wconf 83' lang='grc' dir='ltr'><strong>Τοῦ</strong></span> <span class='ocrx_word' id='word_1_536' title='bbox 1025 1258 1104 1291; x_wconf 78' lang='grc' dir='ltr'>ἁγίου</span> <span class='ocrx_word' id='word_1_537' title='bbox 1118 1257 1269 1292; x_wconf 85' lang='grc' dir='ltr'>Γρηγορίου</span> <span class='ocrx_word' id='word_1_538' title='bbox 1289 1256 1397 1292; x_wconf 79' lang='grc' dir='ltr'>Νύσσης</span> <span class='ocrx_word' id='word_1_539' title='bbox 1413 1256 1502 1283; x_wconf 87' lang='grc' dir='ltr'>κανὼν</span> <span class='ocrx_word' id='word_1_540' title='bbox 1516 1256 1551 1291; x_wconf 87' lang='grc' dir='ltr'>γ’.</span> 
     </span>
    </p>
   </div>
   <div class='ocr_carea' id='block_1_86' title="bbox 959 1301 1709 1339">
    <p class='ocr_par' dir='ltr' id='par_1_86' title="bbox 959 1301 1709 1339">
     <span class='ocr_line' id='line_1_86' title="bbox 959 1301 1709 1339; baseline -0.003 -9"><span class='ocrx_word' id='word_1_541' title='bbox 959 1304 1028 1339; x_wconf 69' lang='grc' dir='ltr'>ρκθν.</span> <span class='ocrx_word' id='word_1_542' title='bbox 1049 1303 1108 1329; x_wconf 73' lang='grc' dir='ltr'><strong>Ὀτι</strong></span> <span class='ocrx_word' id='word_1_543' title='bbox 1123 1303 1164 1330; x_wconf 86' lang='grc' dir='ltr'><strong>δεῖ</strong></span> <span class='ocrx_word' id='word_1_544' title='bbox 1174 1302 1237 1333; x_wconf 81' lang='grc' dir='ltr'>τοὺς</span> <span class='ocrx_word' id='word_1_545' title='bbox 1252 1302 1416 1337; x_wconf 77' lang='grc' dir='ltr'><strong>φονεύοντας</strong></span> <span class='ocrx_word' id='word_1_546' title='bbox 1432 1302 1573 1334; x_wconf 82' lang='grc' dir='ltr'><strong>ἑκουσίως,</strong></span> <span class='ocrx_word' id='word_1_547' title='bbox 1590 1301 1606 1336; x_wconf 86' lang='grc' dir='ltr'><strong>ἢ</strong></span> <span class='ocrx_word' id='word_1_548' title='bbox 1626 1302 1709 1328; x_wconf 72' lang='grc' dir='ltr'>ἀκουο</span> 
     </span>
    </p>
   </div>
   <div class='ocr_carea' id='block_1_87' title="bbox 923 1346 1708 1383">
    <p class='ocr_par' dir='ltr' id='par_1_87' title="bbox 923 1346 1708 1383">
     <span class='ocr_line' id='line_1_87' title="bbox 923 1346 1708 1383; baseline -0.005 -8"><span class='ocrx_word' id='word_1_549' title='bbox 923 1349 999 1381; x_wconf 81' lang='grc' dir='ltr'>σίως,</span> <span class='ocrx_word' id='word_1_550' title='bbox 1021 1348 1236 1383; x_wconf 79' lang='grc' dir='ltr'>ἢὲκτέμνοντας</span> <span class='ocrx_word' id='word_1_551' title='bbox 1255 1347 1380 1379; x_wconf 81' lang='grc' dir='ltr'>ἑαυτοὺς,</span> <span class='ocrx_word' id='word_1_552' title='bbox 1403 1347 1419 1381; x_wconf 82' lang='grc' dir='ltr'>ἢ</span> <span class='ocrx_word' id='word_1_553' title='bbox 1442 1346 1562 1381; x_wconf 82' lang='grc' dir='ltr'>ἐτέρους,</span> <span class='ocrx_word' id='word_1_554' title='bbox 1586 1346 1708 1381; x_wconf 77' lang='grc' dir='ltr'>εὐνουχί-</span> 
     </span>
    </p>
   </div>
   <div class='ocr_carea' id='block_1_88' title="bbox 923 1391 1708 1428">
    <p class='ocr_par' dir='ltr' id='par_1_88' title="bbox 923 1391 1708 1428">
     <span class='ocr_line' id='line_1_88' title="bbox 923 1391 1708 1428; baseline -0.005 -7"><span class='ocrx_word' id='word_1_555' title='bbox 923 1395 1019 1427; x_wconf 85' lang='grc' dir='ltr'>ζοντας</span> <span class='ocrx_word' id='word_1_556' title='bbox 1031 1401 1038 1408; x_wconf 89' lang='lat'><strong>&#39;</strong></span> <span class='ocrx_word' id='word_1_557' title='bbox 1052 1393 1153 1428; x_wconf 77' lang='grc' dir='ltr'>ὁμοίως</span> <span class='ocrx_word' id='word_1_558' title='bbox 1172 1392 1219 1420; x_wconf 76' lang='grc' dir='ltr'>καὶ</span> <span class='ocrx_word' id='word_1_559' title='bbox 1239 1392 1303 1423; x_wconf 80' lang='grc' dir='ltr'>τοὺς</span> <span class='ocrx_word' id='word_1_560' title='bbox 1318 1393 1351 1418; x_wconf 77' lang='grc' dir='ltr'>τὰ</span> <span class='ocrx_word' id='word_1_561' title='bbox 1373 1392 1560 1427; x_wconf 76' lang='grc' dir='ltr'>ὲμϐρυοκτόνα</span> <span class='ocrx_word' id='word_1_562' title='bbox 1572 1391 1708 1426; x_wconf 79' lang='grc' dir='ltr'>φάρμακα</span> 
     </span>
    </p>
   </div>
   <div class='ocr_carea' id='block_1_89' title="bbox 922 1437 1707 1473">
    <p class='ocr_par' dir='ltr' id='par_1_89' title="bbox 922 1437 1707 1473">
     <span class='ocr_line' id='line_1_89' title="bbox 922 1437 1707 1473; baseline -0.004 -7"><span class='ocrx_word' id='word_1_563' title='bbox 922 1440 1050 1470; x_wconf 81' lang='grc' dir='ltr'><strong>διδόντας,</strong></span> <span class='ocrx_word' id='word_1_564' title='bbox 1069 1439 1116 1465; x_wconf 77' lang='grc' dir='ltr'><strong>καὶ</strong></span> <span class='ocrx_word' id='word_1_565' title='bbox 1133 1439 1186 1473; x_wconf 81' lang='grc' dir='ltr'>μὴν</span> <span class='ocrx_word' id='word_1_566' title='bbox 1201 1439 1263 1470; x_wconf 83' lang='grc' dir='ltr'>τοὺς</span> <span class='ocrx_word' id='word_1_567' title='bbox 1276 1439 1377 1472; x_wconf 78' lang='grc' dir='ltr'><strong>γόητας</strong></span> <span class='ocrx_word' id='word_1_568' title='bbox 1395 1438 1442 1464; x_wconf 75' lang='grc' dir='ltr'>καὶ</span> <span class='ocrx_word' id='word_1_569' title='bbox 1456 1437 1517 1468; x_wconf 78' lang='grc' dir='ltr'>τοὺς</span> <span class='ocrx_word' id='word_1_570' title='bbox 1531 1437 1707 1472; x_wconf 76' lang='grc' dir='ltr'>φαρμακοὺς,</span> 
     </span>
    </p>
   </div>
   <div class='ocr_carea' id='block_1_90' title="bbox 886 1482 1707 1532">
    <p class='ocr_par' dir='ltr' id='par_1_90' title="bbox 886 1482 1707 1532">
     <span class='ocr_line' id='line_1_90' title="bbox 886 1482 1707 1532; baseline -0.005 -20"><span class='ocrx_word' id='word_1_571' title='bbox 886 1501 908 1532; x_wconf 72' lang='lat' dir='ltr'><strong>C</strong></span> <span class='ocrx_word' id='word_1_572' title='bbox 923 1487 947 1512; x_wconf 86' lang='grc' dir='ltr'><strong>εί</strong></span> <span class='ocrx_word' id='word_1_573' title='bbox 964 1485 1012 1520; x_wconf 81' lang='grc' dir='ltr'><strong>μὲν</strong></span> <span class='ocrx_word' id='word_1_574' title='bbox 1030 1482 1255 1532; x_wconf 44' lang='grc' dir='ltr'>ἰερωμένοιιεῖεν,</span> <span class='ocrx_word' id='word_1_575' title='bbox 1274 1483 1433 1519; x_wconf 81' lang='grc' dir='ltr'>καθαιρέσει</span> <span class='ocrx_word' id='word_1_576' title='bbox 1449 1483 1628 1532; x_wconf 54' lang='grc' dir='ltr'>ὑποϐάλλειι);</span> <span class='ocrx_word' id='word_1_577' title='bbox 1641 1482 1707 1532; x_wconf 28' lang='lat' dir='ltr'><strong>sitat</strong></span> 
     </span>
    </p>
   </div>
   <div class='ocr_carea' id='block_1_91' title="bbox 923 1526 1707 1564">
    <p class='ocr_par' dir='ltr' id='par_1_91' title="bbox 923 1526 1707 1564">
     <span class='ocr_line' id='line_1_91' title="bbox 923 1526 1707 1564; baseline -0.005 -8"><span class='ocrx_word' id='word_1_578' title='bbox 923 1530 1022 1562; x_wconf 75' lang='grc' dir='ltr'>λαῐκοὶ,</span> <span class='ocrx_word' id='word_1_579' title='bbox 1037 1530 1076 1560; x_wconf 77' lang='grc' dir='ltr'>εἰς</span> <span class='ocrx_word' id='word_1_580' title='bbox 1090 1526 1242 1564; x_wconf 75' lang='grc' dir='ltr'>ἱερωσύνην</span> <span class='ocrx_word' id='word_1_581' title='bbox 1256 1529 1292 1562; x_wconf 85' lang='grc' dir='ltr'><strong>μὴ</strong></span> <span class='ocrx_word' id='word_1_582' title='bbox 1307 1528 1446 1563; x_wconf 80' lang='grc' dir='ltr'>ἔρχεσθαι,</span> <span class='ocrx_word' id='word_1_583' title='bbox 1460 1527 1516 1554; x_wconf 85' lang='grc' dir='ltr'>ἁλλ’</span> <span class='ocrx_word' id='word_1_584' title='bbox 1528 1526 1707 1562; x_wconf 76' lang='grc' dir='ltr'>ἀφορίζεσθαι</span> 
     </span>
    </p>
   </div>
   <div class='ocr_carea' id='block_1_92' title="bbox 922 1571 1707 1608">
    <p class='ocr_par' dir='ltr' id='par_1_92' title="bbox 922 1571 1707 1608">
     <span class='ocr_line' id='line_1_92' title="bbox 922 1571 1707 1608; baseline -0.006 -6"><span class='ocrx_word' id='word_1_585' title='bbox 922 1575 1007 1607; x_wconf 76' lang='grc' dir='ltr'>οὕτως</span> <span class='ocrx_word' id='word_1_586' title='bbox 1025 1582 1032 1590; x_wconf 83' lang='lat'>&#39;</span> <span class='ocrx_word' id='word_1_587' title='bbox 1051 1574 1103 1601; x_wconf 85' lang='grc' dir='ltr'><strong>Τδν</strong></span> <span class='ocrx_word' id='word_1_588' title='bbox 1128 1573 1176 1608; x_wconf 79' lang='grc' dir='ltr'><strong>μὲν</strong></span> <span class='ocrx_word' id='word_1_589' title='bbox 1202 1572 1333 1604; x_wconf 81' lang='grc' dir='ltr'>ἑκουσίως</span> <span class='ocrx_word' id='word_1_590' title='bbox 1353 1572 1510 1607; x_wconf 81' lang='grc' dir='ltr'>φονεύοντα,</span> <span class='ocrx_word' id='word_1_591' title='bbox 1526 1572 1571 1598; x_wconf 80' lang='grc' dir='ltr'><strong>ἐπὶ</strong></span> <span class='ocrx_word' id='word_1_592' title='bbox 1595 1571 1707 1606; x_wconf 80' lang='grc' dir='ltr'>χρόνους</span> 
     </span>
    </p>
   </div>
   <div class='ocr_carea' id='block_1_93' title="bbox 921 1617 1706 1656">
    <p class='ocr_par' dir='ltr' id='par_1_93' title="bbox 921 1617 1706 1656">
     <span class='ocr_line' id='line_1_93' title="bbox 921 1617 1706 1656; baseline -0.005 -7"><span class='ocrx_word' id='word_1_593' title='bbox 921 1621 1069 1649; x_wconf 77' lang='grc' dir='ltr'>δεκαπέντε</span> <span class='ocrx_word' id='word_1_594' title='bbox 1085 1621 1102 1656; x_wconf 79' lang='grc' dir='ltr'><strong>ἢ</strong></span> <span class='ocrx_word' id='word_1_595' title='bbox 1124 1620 1156 1652; x_wconf 86' lang='grc' dir='ltr'>λ’,</span> <span class='ocrx_word' id='word_1_596' title='bbox 1170 1620 1215 1646; x_wconf 76' lang='grc' dir='ltr'><strong>τὸν</strong></span> <span class='ocrx_word' id='word_1_597' title='bbox 1230 1619 1258 1646; x_wconf 78' lang='grc' dir='ltr'>δὲ</span> <span class='ocrx_word' id='word_1_598' title='bbox 1281 1619 1427 1652; x_wconf 77' lang='grc' dir='ltr'>ἀκουσίως,</span> <span class='ocrx_word' id='word_1_599' title='bbox 1449 1619 1495 1645; x_wconf 70' lang='grc' dir='ltr'><strong>ἐπὶ</strong></span> <span class='ocrx_word' id='word_1_600' title='bbox 1518 1619 1629 1654; x_wconf 78' lang='grc' dir='ltr'>χρόνους</span> <span class='ocrx_word' id='word_1_601' title='bbox 1644 1618 1674 1649; x_wconf 81' lang='grc' dir='ltr'><strong>ζ’,</strong></span> <span class='ocrx_word' id='word_1_602' title='bbox 1688 1617 1706 1653; x_wconf 75' lang='grc' dir='ltr'>ἢ</span> 
     </span>
    </p>
   </div>
   <div class='ocr_carea' id='block_1_94' title="bbox 921 1663 1708 1702">
    <p class='ocr_par' dir='ltr' id='par_1_94' title="bbox 921 1663 1708 1702">
     <span class='ocr_line' id='line_1_94' title="bbox 921 1663 1708 1702; baseline -0.006 -8"><span class='ocrx_word' id='word_1_603' title='bbox 921 1668 997 1694; x_wconf 84' lang='grc' dir='ltr'>δέκα.</span> <span class='ocrx_word' id='word_1_604' title='bbox 1013 1667 1065 1694; x_wconf 82' lang='grc' dir='ltr'><strong>Τὸν</strong></span> <span class='ocrx_word' id='word_1_605' title='bbox 1088 1666 1184 1693; x_wconf 70' lang='grc' dir='ltr'>ἑαυτὸν</span> <span class='ocrx_word' id='word_1_606' title='bbox 1206 1666 1222 1702; x_wconf 87' lang='grc' dir='ltr'>ἢ</span> <span class='ocrx_word' id='word_1_607' title='bbox 1240 1666 1351 1700; x_wconf 82' lang='grc' dir='ltr'>ἑτέρους</span> <span class='ocrx_word' id='word_1_608' title='bbox 1373 1665 1572 1700; x_wconf 80' lang='grc' dir='ltr'>εὐνουχίζοντα,</span> <span class='ocrx_word' id='word_1_609' title='bbox 1595 1665 1611 1699; x_wconf 84' lang='grc' dir='ltr'><strong>ἥ</strong></span> <span class='ocrx_word' id='word_1_610' title='bbox 1632 1663 1708 1690; x_wconf 68' lang='grc' dir='ltr'>ἐκτέ-</span> 
     </span>
    </p>
   </div>
   <div class='ocr_carea' id='block_1_95' title="bbox 922 1710 1707 1747">
    <p class='ocr_par' dir='ltr' id='par_1_95' title="bbox 922 1710 1707 1747">
     <span class='ocr_line' id='line_1_95' title="bbox 922 1710 1707 1747; baseline -0.005 -7"><span class='ocrx_word' id='word_1_611' title='bbox 922 1722 1035 1747; x_wconf 70' lang='grc' dir='ltr'>μνοντα,</span> <span class='ocrx_word' id='word_1_612' title='bbox 1050 1712 1097 1739; x_wconf 73' lang='grc' dir='ltr'><strong>ἐπὶ</strong></span> <span class='ocrx_word' id='word_1_613' title='bbox 1116 1711 1232 1747; x_wconf 81' lang='grc' dir='ltr'>χρόνους</span> <span class='ocrx_word' id='word_1_614' title='bbox 1250 1711 1285 1745; x_wconf 84' lang='grc' dir='ltr'><strong>γ’,</strong></span> <span class='ocrx_word' id='word_1_615' title='bbox 1306 1710 1376 1742; x_wconf 80' lang='grc' dir='ltr'>Τοὺς</span> <span class='ocrx_word' id='word_1_616' title='bbox 1387 1712 1422 1737; x_wconf 76' lang='grc' dir='ltr'>τὰ</span> <span class='ocrx_word' id='word_1_617' title='bbox 1438 1710 1624 1746; x_wconf 76' lang='grc' dir='ltr'>ὲμόρυοκτόνα</span> <span class='ocrx_word' id='word_1_618' title='bbox 1638 1710 1707 1745; x_wconf 80' lang='grc' dir='ltr'>φάρ-</span> 
     </span>
    </p>
   </div>
   <div class='ocr_carea' id='block_1_96' title="bbox 922 1754 1706 1794">
    <p class='ocr_par' dir='ltr' id='par_1_96' title="bbox 922 1754 1706 1794">
     <span class='ocr_line' id='line_1_96' title="bbox 922 1754 1706 1794; baseline -0.005 -9"><span class='ocrx_word' id='word_1_619' title='bbox 922 1768 996 1794; x_wconf 72' lang='grc' dir='ltr'>μακα</span> <span class='ocrx_word' id='word_1_620' title='bbox 1011 1758 1142 1790; x_wconf 77' lang='grc' dir='ltr'>διδόντας,</span> <span class='ocrx_word' id='word_1_621' title='bbox 1158 1758 1203 1784; x_wconf 77' lang='grc' dir='ltr'><strong>ἐπὶ</strong></span> <span class='ocrx_word' id='word_1_622' title='bbox 1223 1757 1337 1792; x_wconf 85' lang='grc' dir='ltr'>χρόνους</span> <span class='ocrx_word' id='word_1_623' title='bbox 1351 1757 1418 1783; x_wconf 84' lang='grc' dir='ltr'>δέκα</span> <span class='ocrx_word' id='word_1_624' title='bbox 1430 1764 1436 1771; x_wconf 90' lang='grc'><strong>·</strong></span> <span class='ocrx_word' id='word_1_625' title='bbox 1455 1757 1517 1788; x_wconf 80' lang='grc' dir='ltr'>τοὺς</span> <span class='ocrx_word' id='word_1_626' title='bbox 1543 1756 1645 1790; x_wconf 79' lang='grc' dir='ltr'>γόητας</span> <span class='ocrx_word' id='word_1_627' title='bbox 1661 1754 1706 1782; x_wconf 84' lang='grc' dir='ltr'>καὶ</span> 
     </span>
    </p>
   </div>
   <div class='ocr_carea' id='block_1_97' title="bbox 921 1801 1412 1840">
    <p class='ocr_par' dir='ltr' id='par_1_97' title="bbox 921 1801 1412 1840">
     <span class='ocr_line' id='line_1_97' title="bbox 921 1801 1412 1840; baseline -0.006 -9"><span class='ocrx_word' id='word_1_628' title='bbox 921 1804 1085 1840; x_wconf 74' lang='grc' dir='ltr'>φτρμακοὺς</span> <span class='ocrx_word' id='word_1_629' title='bbox 1101 1803 1147 1830; x_wconf 81' lang='grc' dir='ltr'><strong>ἐπὶ</strong></span> <span class='ocrx_word' id='word_1_630' title='bbox 1163 1803 1276 1838; x_wconf 81' lang='grc' dir='ltr'>χρόνους</span> <span class='ocrx_word' id='word_1_631' title='bbox 1293 1806 1328 1834; x_wconf 88' lang='grc' dir='ltr'>κ’,</span> <span class='ocrx_word' id='word_1_632' title='bbox 1346 1802 1362 1837; x_wconf 81' lang='grc' dir='ltr'>ἢ</span> <span class='ocrx_word' id='word_1_633' title='bbox 1380 1801 1412 1828; x_wconf 82' lang='grc' dir='ltr'>λ’.</span> 
     </span>
    </p>
   </div>
   <div class='ocr_carea' id='block_1_98' title="bbox 955 1846 1652 1884">
    <p class='ocr_par' dir='ltr' id='par_1_98' title="bbox 955 1846 1652 1884">
     <span class='ocr_line' id='line_1_98' title="bbox 955 1846 1652 1884; baseline -0.004 -7"><span class='ocrx_word' id='word_1_634' title='bbox 955 1851 1017 1877; x_wconf 85' lang='grc' dir='ltr'>Τῶν</span> <span class='ocrx_word' id='word_1_635' title='bbox 1037 1850 1121 1884; x_wconf 80' lang='grc' dir='ltr'>ἁγίων</span> <span class='ocrx_word' id='word_1_636' title='bbox 1133 1850 1290 1877; x_wconf 83' lang='grc' dir='ltr'>ἀποστόλων</span> <span class='ocrx_word' id='word_1_637' title='bbox 1305 1847 1396 1876; x_wconf 88' lang='grc' dir='ltr'>κανὼν</span> <span class='ocrx_word' id='word_1_638' title='bbox 1417 1851 1470 1879; x_wconf 75' lang='lat' dir='ltr'><strong>xat&#39;,</strong></span> <span class='ocrx_word' id='word_1_639' title='bbox 1486 1847 1528 1883; x_wconf 71' lang='grc' dir='ltr'><strong>κβ¹</strong></span> <span class='ocrx_word' id='word_1_640' title='bbox 1542 1848 1588 1874; x_wconf 79' lang='grc' dir='ltr'>καὶ</span> <span class='ocrx_word' id='word_1_641' title='bbox 1600 1846 1652 1881; x_wconf 84' lang='grc' dir='ltr'>κγ’.</span> 
     </span>
    </p>
   </div>
   <div class='ocr_carea' id='block_1_99' title="bbox 955 1894 1285 1928">
    <p class='ocr_par' dir='ltr' id='par_1_99' title="bbox 955 1894 1285 1928">
     <span class='ocr_line' id='line_1_99' title="bbox 955 1894 1285 1928; baseline -0.003 -6"><span class='ocrx_word' id='word_1_642' title='bbox 955 1896 1067 1923; x_wconf 88' lang='grc' dir='ltr'>Συνόδου</span> <span class='ocrx_word' id='word_1_643' title='bbox 1084 1895 1111 1928; x_wconf 82' lang='grc' dir='ltr'>ς’</span> <span class='ocrx_word' id='word_1_644' title='bbox 1125 1894 1215 1922; x_wconf 88' lang='grc' dir='ltr'>κανὼν</span> <span class='ocrx_word' id='word_1_645' title='bbox 1231 1897 1285 1928; x_wconf 53' lang='grc' dir='ltr'>ιιακ</span> 
     </span>
    </p>
   </div>
   <div class='ocr_carea' id='block_1_100' title="bbox 956 1935 1703 1973">
    <p class='ocr_par' dir='ltr' id='par_1_100' title="bbox 956 1935 1703 1973">
     <span class='ocr_line' id='line_1_100' title="bbox 956 1935 1703 1973; baseline -0.001 -8"><span class='ocrx_word' id='word_1_646' title='bbox 956 1939 1069 1966; x_wconf 82' lang='grc' dir='ltr'>Συνόδου</span> <span class='ocrx_word' id='word_1_647' title='bbox 1089 1939 1118 1965; x_wconf 78' lang='grc' dir='ltr'>ἐν</span> <span class='ocrx_word' id='word_1_648' title='bbox 1132 1937 1171 1973; x_wconf 83' lang='grc' dir='ltr'>τῷ</span> <span class='ocrx_word' id='word_1_649' title='bbox 1192 1937 1249 1973; x_wconf 87' lang='grc' dir='ltr'>ναῷ</span> <span class='ocrx_word' id='word_1_650' title='bbox 1264 1938 1319 1965; x_wconf 81' lang='grc' dir='ltr'><strong>τῶν</strong></span> <span class='ocrx_word' id='word_1_651' title='bbox 1341 1938 1442 1973; x_wconf 82' lang='grc' dir='ltr'>Ἀγίων</span> <span class='ocrx_word' id='word_1_652' title='bbox 1467 1938 1634 1965; x_wconf 81' lang='grc' dir='ltr'>Ἀποστόλων</span> <span class='ocrx_word' id='word_1_653' title='bbox 1658 1935 1703 1964; x_wconf 85' lang='grc' dir='ltr'>κα’</span> 
     </span>
    </p>
   </div>
   <div class='ocr_carea' id='block_1_101' title="bbox 920 1983 1020 2012">
    <p class='ocr_par' dir='ltr' id='par_1_101' title="bbox 920 1983 1020 2012">
     <span class='ocr_line' id='line_1_101' title="bbox 920 1983 1020 2012; baseline 0 0"><span class='ocrx_word' id='word_1_654' title='bbox 920 1983 973 2012; x_wconf 85' lang='grc' dir='ltr'>νὼν</span> <span class='ocrx_word' id='word_1_655' title='bbox 985 1983 1020 2012; x_wconf 86' lang='grc' dir='ltr'><strong>η’.</strong></span> 
     </span>
    </p>
   </div>
   <div class='ocr_carea' id='block_1_102' title="bbox 956 1993 1705 2065">
    <p class='ocr_par' dir='ltr' id='par_1_102' title="bbox 956 1993 1705 2065">
     <span class='ocr_line' id='line_1_102' title="bbox 956 1993 1020 2011; baseline 0.016 -1"><span class='ocrx_word' id='word_1_656' title='bbox 956 1993 973 2010; x_wconf 68' lang='grc' dir='ltr'>»ν</span> <span class='ocrx_word' id='word_1_657' title='bbox 1004 1993 1020 2011; x_wconf 67' lang='grc'>’.</span> 
     </span>
     <span class='ocr_line' id='line_1_103' title="bbox 956 1993 1705 2065; baseline 0 -9"><span class='ocrx_word' id='word_1_658' title='bbox 956 1993 1009 2057; x_wconf 55' lang='grc' dir='ltr'><strong>Τοῦ</strong></span> <span class='ocrx_word' id='word_1_659' title='bbox 1023 2030 1102 2064; x_wconf 81' lang='grc' dir='ltr'>ἁγίου</span> <span class='ocrx_word' id='word_1_660' title='bbox 1122 2030 1263 2057; x_wconf 83' lang='grc' dir='ltr'>Βασιλείου</span> <span class='ocrx_word' id='word_1_661' title='bbox 1278 2030 1367 2057; x_wconf 82' lang='grc' dir='ltr'>κανὼν</span> <span class='ocrx_word' id='word_1_662' title='bbox 1380 2029 1414 2065; x_wconf 86' lang='grc' dir='ltr'><strong>β’,</strong></span> <span class='ocrx_word' id='word_1_663' title='bbox 1427 2029 1464 2062; x_wconf 76' lang='grc' dir='ltr'><strong>ζ’,</strong></span> <span class='ocrx_word' id='word_1_664' title='bbox 1482 2033 1517 2065; x_wconf 83' lang='grc' dir='ltr'><strong>η’,</strong></span> <span class='ocrx_word' id='word_1_665' title='bbox 1533 2029 1580 2064; x_wconf 89' lang='grc' dir='ltr'>ια’,</span> <span class='ocrx_word' id='word_1_666' title='bbox 1594 2029 1639 2064; x_wconf 52' lang='grc' dir='ltr'><strong>ιγ,</strong></span> <span class='ocrx_word' id='word_1_667' title='bbox 1653 2029 1705 2064; x_wconf 86' lang='grc' dir='ltr'>λγ’,</span> 
     </span>
    </p>
   </div>
   <div class='ocr_carea' id='block_1_103' title="bbox 922 2074 1354 2110">
    <p class='ocr_par' dir='ltr' id='par_1_103' title="bbox 922 2074 1354 2110">
     <span class='ocr_line' id='line_1_104' title="bbox 922 2074 1354 2110; baseline 0.002 -8"><span class='ocrx_word' id='word_1_668' title='bbox 922 2074 978 2110; x_wconf 87' lang='grc' dir='ltr'>μγ’,</span> <span class='ocrx_word' id='word_1_669' title='bbox 992 2075 1043 2110; x_wconf 78' lang='grc' dir='ltr'>νβ’,</span> <span class='ocrx_word' id='word_1_670' title='bbox 1059 2075 1106 2108; x_wconf 83' lang='grc' dir='ltr'>γε’,</span> <span class='ocrx_word' id='word_1_671' title='bbox 1121 2079 1176 2108; x_wconf 85' lang='grc' dir='ltr'>νς’,</span> <span class='ocrx_word' id='word_1_672' title='bbox 1191 2075 1232 2108; x_wconf 70' lang='grc' dir='ltr'><strong>νζ¹</strong></span> <span class='ocrx_word' id='word_1_673' title='bbox 1246 2076 1293 2102; x_wconf 78' lang='grc' dir='ltr'><strong>καὶ</strong></span> <span class='ocrx_word' id='word_1_674' title='bbox 1308 2075 1354 2108; x_wconf 72' lang='lat' dir='ltr'><strong>EE’.</strong></span> 
     </span>
    </p>
   </div>
   <div class='ocr_carea' id='block_1_104' title="bbox 957 2121 1550 2157">
    <p class='ocr_par' dir='ltr' id='par_1_104' title="bbox 957 2121 1550 2157">
     <span class='ocr_line' id='line_1_105' title="bbox 957 2121 1550 2157; baseline 0 -9"><span class='ocrx_word' id='word_1_675' title='bbox 957 2123 1010 2149; x_wconf 84' lang='grc' dir='ltr'><strong>Τοῦ</strong></span> <span class='ocrx_word' id='word_1_676' title='bbox 1026 2122 1105 2154; x_wconf 82' lang='grc' dir='ltr'>ἁγίου</span> <span class='ocrx_word' id='word_1_677' title='bbox 1120 2122 1273 2157; x_wconf 89' lang='grc' dir='ltr'>Γρηγορίου</span> <span class='ocrx_word' id='word_1_678' title='bbox 1290 2121 1400 2157; x_wconf 78' lang='grc' dir='ltr'>Νύσσης</span> <span class='ocrx_word' id='word_1_679' title='bbox 1413 2121 1502 2149; x_wconf 83' lang='grc' dir='ltr'>κανὼν</span> <span class='ocrx_word' id='word_1_680' title='bbox 1519 2121 1550 2148; x_wconf 84' lang='grc' dir='ltr'>δ’.</span> 
     </span>
    </p>
   </div>
   <div class='ocr_carea' id='block_1_105' title="bbox 882 2167 1413 2202">
    <p class='ocr_par' dir='ltr' id='par_1_105' title="bbox 882 2167 1413 2202">
     <span class='ocr_line' id='line_1_106' title="bbox 882 2167 1413 2202; baseline 0 -8"><span class='ocrx_word' id='word_1_681' title='bbox 882 2168 907 2199; x_wconf 92' lang='lat' dir='ltr'><strong>D</strong></span> <span class='ocrx_word' id='word_1_682' title='bbox 955 2168 1008 2194; x_wconf 86' lang='grc' dir='ltr'>Τοῦ</span> <span class='ocrx_word' id='word_1_683' title='bbox 1026 2168 1105 2202; x_wconf 83' lang='grc' dir='ltr'>ἁγίου</span> <span class='ocrx_word' id='word_1_684' title='bbox 1118 2167 1252 2202; x_wconf 83' lang='grc' dir='ltr'>Τιμοθέου</span> <span class='ocrx_word' id='word_1_685' title='bbox 1268 2167 1358 2194; x_wconf 81' lang='grc' dir='ltr'>κανὼν</span> <span class='ocrx_word' id='word_1_686' title='bbox 1374 2167 1413 2194; x_wconf 85' lang='grc' dir='ltr'>ιδ’.</span> 
     </span>
    </p>
   </div>
   <div class='ocr_carea' id='block_1_106' title="bbox 956 2211 1703 2250">
    <p class='ocr_par' dir='ltr' id='par_1_106' title="bbox 956 2211 1703 2250">
     <span class='ocr_line' id='line_1_107' title="bbox 956 2211 1703 2250; baseline -0.005 -9"><span class='ocrx_word' id='word_1_687' title='bbox 956 2213 1005 2250; x_wconf 86' lang='grc' dir='ltr'>ρλ’.</span> <span class='ocrx_word' id='word_1_688' title='bbox 1016 2214 1078 2241; x_wconf 81' lang='grc' dir='ltr'>Ὅτι</span> <span class='ocrx_word' id='word_1_689' title='bbox 1086 2215 1116 2241; x_wconf 85' lang='grc' dir='ltr'>οὐ</span> <span class='ocrx_word' id='word_1_690' title='bbox 1126 2214 1166 2242; x_wconf 83' lang='grc' dir='ltr'><strong>δεῖ</strong></span> <span class='ocrx_word' id='word_1_691' title='bbox 1174 2223 1248 2246; x_wconf 87' lang='grc' dir='ltr'>τινας</span> <span class='ocrx_word' id='word_1_692' title='bbox 1257 2212 1327 2241; x_wconf 78' lang='grc' dir='ltr'>εἶναι</span> <span class='ocrx_word' id='word_1_693' title='bbox 1339 2214 1452 2249; x_wconf 80' lang='grc' dir='ltr'>μάγους,</span> <span class='ocrx_word' id='word_1_694' title='bbox 1463 2212 1480 2246; x_wconf 85' lang='grc' dir='ltr'><strong>ἧ</strong></span> <span class='ocrx_word' id='word_1_695' title='bbox 1492 2212 1603 2246; x_wconf 76' lang='grc' dir='ltr'>γὸητας,</span> <span class='ocrx_word' id='word_1_696' title='bbox 1618 2211 1635 2246; x_wconf 85' lang='grc' dir='ltr'>ἢ</span> <span class='ocrx_word' id='word_1_697' title='bbox 1651 2219 1703 2246; x_wconf 88' lang='grc' dir='ltr'><strong>μα-</strong></span> 
     </span>
    </p>
   </div>
   <div class='ocr_carea' id='block_1_107' title="bbox 919 2257 1703 2296">
    <p class='ocr_par' dir='ltr' id='par_1_107' title="bbox 919 2257 1703 2296">
     <span class='ocr_line' id='line_1_108' title="bbox 919 2257 1703 2296; baseline -0.004 -9"><span class='ocrx_word' id='word_1_698' title='bbox 919 2260 1100 2295; x_wconf 82' lang='grc' dir='ltr'>θηματικοὺς,</span> <span class='ocrx_word' id='word_1_699' title='bbox 1111 2260 1128 2296; x_wconf 77' lang='grc' dir='ltr'>ἢ</span> <span class='ocrx_word' id='word_1_700' title='bbox 1141 2260 1333 2296; x_wconf 65' lang='grc' dir='ltr'>ἁστρολόγους,</span> <span class='ocrx_word' id='word_1_701' title='bbox 1348 2259 1363 2295; x_wconf 79' lang='grc' dir='ltr'><strong>ἢ</strong></span> <span class='ocrx_word' id='word_1_702' title='bbox 1381 2259 1512 2294; x_wconf 80' lang='grc' dir='ltr'>γυτευτὰς</span> <span class='ocrx_word' id='word_1_703' title='bbox 1524 2258 1573 2293; x_wconf 75' lang='grc'>(2),</span> <span class='ocrx_word' id='word_1_704' title='bbox 1589 2257 1703 2292; x_wconf 86' lang='grc' dir='ltr'>ἢποιεῖν</span> 
     </span>
    </p>
   </div>
   <div class='ocr_carea' id='block_1_108' title="bbox 919 2304 1704 2340">
    <p class='ocr_par' dir='ltr' id='par_1_108' title="bbox 919 2304 1704 2340">
     <span class='ocr_line' id='line_1_109' title="bbox 919 2304 1704 2340; baseline -0.001 -8"><span class='ocrx_word' id='word_1_705' title='bbox 919 2305 953 2332; x_wconf 74' lang='grc' dir='ltr'>τὰ</span> <span class='ocrx_word' id='word_1_706' title='bbox 967 2305 1101 2340; x_wconf 79' lang='grc' dir='ltr'>λεγόμενα</span> <span class='ocrx_word' id='word_1_707' title='bbox 1110 2305 1293 2340; x_wconf 83' lang='grc' dir='ltr'>φυλακτήρια.</span> <span class='ocrx_word' id='word_1_708' title='bbox 1317 2305 1334 2340; x_wconf 87' lang='grc' dir='ltr'>ἢ</span> <span class='ocrx_word' id='word_1_709' title='bbox 1363 2304 1493 2335; x_wconf 80' lang='grc' dir='ltr'>τοιούτοις</span> <span class='ocrx_word' id='word_1_710' title='bbox 1507 2304 1564 2331; x_wconf 80' lang='grc' dir='ltr'>τισὶ</span> <span class='ocrx_word' id='word_1_711' title='bbox 1586 2312 1704 2339; x_wconf 79' lang='grc' dir='ltr'>προσαν-</span> 
     </span>
    </p>
   </div>
   <div class='ocr_carea' id='block_1_109' title="bbox 920 2349 1704 2386">
    <p class='ocr_par' dir='ltr' id='par_1_109' title="bbox 920 2349 1704 2386">
     <span class='ocr_line' id='line_1_110' title="bbox 920 2349 1704 2386; baseline -0.001 -9"><span class='ocrx_word' id='word_1_712' title='bbox 920 2350 992 2386; x_wconf 79' lang='grc' dir='ltr'>έχειν</span> <span class='ocrx_word' id='word_1_713' title='bbox 1003 2359 1010 2366; x_wconf 73' lang='grc' dir='ltr'><strong>θ</strong></span> <span class='ocrx_word' id='word_1_714' title='bbox 1024 2351 1050 2377; x_wconf 77' lang='grc' dir='ltr'><strong>εἰ</strong></span> <span class='ocrx_word' id='word_1_715' title='bbox 1072 2351 1121 2386; x_wconf 82' lang='grc' dir='ltr'><strong>μὲν</strong></span> <span class='ocrx_word' id='word_1_716' title='bbox 1139 2351 1192 2385; x_wconf 86' lang='grc' dir='ltr'>γὰρ</span> <span class='ocrx_word' id='word_1_717' title='bbox 1206 2350 1350 2385; x_wconf 84' lang='grc' dir='ltr'>ίερωμένοι</span> <span class='ocrx_word' id='word_1_718' title='bbox 1363 2350 1427 2383; x_wconf 67' lang='lat' dir='ltr'><strong>alat,</strong></span> <span class='ocrx_word' id='word_1_719' title='bbox 1443 2349 1639 2385; x_wconf 81' lang='grc' dir='ltr'>καθαιροῦνται</span> <span class='ocrx_word' id='word_1_720' title='bbox 1655 2356 1661 2363; x_wconf 95' lang='grc'><strong>·</strong></span> <span class='ocrx_word' id='word_1_721' title='bbox 1679 2350 1704 2376; x_wconf 84' lang='grc' dir='ltr'><strong>εί</strong></span> 
     </span>
    </p>
   </div>
   <div class='ocr_carea' id='block_1_110' title="bbox 920 2395 1704 2432">
    <p class='ocr_par' dir='ltr' id='par_1_110' title="bbox 920 2395 1704 2432">
     <span class='ocr_line' id='line_1_111' title="bbox 920 2395 1704 2432; baseline -0.003 -8"><span class='ocrx_word' id='word_1_722' title='bbox 920 2398 949 2424; x_wconf 78' lang='grc' dir='ltr'>δὲ</span> <span class='ocrx_word' id='word_1_723' title='bbox 971 2397 1075 2429; x_wconf 75' lang='grc' dir='ltr'>λαῖκοὶ,</span> <span class='ocrx_word' id='word_1_724' title='bbox 1096 2396 1274 2431; x_wconf 75' lang='grc' dir='ltr'>ἀφορίζονται</span> <span class='ocrx_word' id='word_1_725' title='bbox 1298 2396 1346 2423; x_wconf 81' lang='grc' dir='ltr'><strong>ἐπὶ</strong></span> <span class='ocrx_word' id='word_1_726' title='bbox 1368 2397 1474 2432; x_wconf 81' lang='grc' dir='ltr'>χρόνοις</span> <span class='ocrx_word' id='word_1_727' title='bbox 1489 2395 1527 2428; x_wconf 86' lang='grc' dir='ltr'>ς’,</span> <span class='ocrx_word' id='word_1_728' title='bbox 1547 2395 1638 2431; x_wconf 72' lang='grc' dir='ltr'>ἦς’,ἢ</span> <span class='ocrx_word' id='word_1_729' title='bbox 1657 2399 1704 2422; x_wconf 84' lang='grc' dir='ltr'>ιε’·</span> 
     </span>
    </p>
   </div>
   <div class='ocr_carea' id='block_1_111' title="bbox 920 2441 1703 2479">
    <p class='ocr_par' dir='ltr' id='par_1_111' title="bbox 920 2441 1703 2479">
     <span class='ocr_line' id='line_1_112' title="bbox 920 2441 1703 2479; baseline -0.003 -9"><span class='ocrx_word' id='word_1_730' title='bbox 920 2445 945 2470; x_wconf 84' lang='grc' dir='ltr'><strong>εί</strong></span> <span class='ocrx_word' id='word_1_731' title='bbox 955 2443 983 2470; x_wconf 84' lang='grc' dir='ltr'>δὲ</span> <span class='ocrx_word' id='word_1_732' title='bbox 996 2443 1152 2477; x_wconf 79' lang='grc' dir='ltr'>ὲπιμένοιεν</span> <span class='ocrx_word' id='word_1_733' title='bbox 1164 2442 1279 2474; x_wconf 86' lang='grc' dir='ltr'>τούτοις,</span> <span class='ocrx_word' id='word_1_734' title='bbox 1290 2443 1508 2479; x_wconf 73' lang='grc' dir='ltr'>ἁπορῤίπτονται</span> <span class='ocrx_word' id='word_1_735' title='bbox 1523 2443 1573 2478; x_wconf 79' lang='grc' dir='ltr'>τῆς</span> <span class='ocrx_word' id='word_1_736' title='bbox 1591 2441 1703 2477; x_wconf 81' lang='grc' dir='ltr'>Ἐκκλη-</span> 
     </span>
    </p>
   </div>
   <div class='ocr_carea' id='block_1_112' title="bbox 921 2489 1083 2524">
    <p class='ocr_par' dir='ltr' id='par_1_112' title="bbox 921 2489 1083 2524">
     <span class='ocr_line' id='line_1_113' title="bbox 921 2489 1083 2524; baseline -0.012 -8"><span class='ocrx_word' id='word_1_737' title='bbox 921 2489 981 2520; x_wconf 84' lang='grc' dir='ltr'>σίας</span> <span class='ocrx_word' id='word_1_738' title='bbox 997 2489 1083 2524; x_wconf 83' lang='grc' dir='ltr'>πάντη</span> 
     </span>
    </p>
   </div>
   <div class='ocr_carea' id='block_1_113' title="bbox 955 2535 1422 2568">
    <p class='ocr_par' dir='ltr' id='par_1_113' title="bbox 955 2535 1422 2568">
     <span class='ocr_line' id='line_1_114' title="bbox 955 2535 1422 2568; baseline 0.002 -6"><span class='ocrx_word' id='word_1_739' title='bbox 955 2536 1067 2562; x_wconf 85' lang='grc' dir='ltr'>Συνόδου</span> <span class='ocrx_word' id='word_1_740' title='bbox 1082 2535 1241 2567; x_wconf 85' lang='grc' dir='ltr'>Λαοδικείας</span> <span class='ocrx_word' id='word_1_741' title='bbox 1260 2536 1350 2563; x_wconf 85' lang='grc' dir='ltr'>κανὼν</span> <span class='ocrx_word' id='word_1_742' title='bbox 1366 2536 1422 2568; x_wconf 82' lang='grc' dir='ltr'>λς’.</span> 
     </span>
    </p>
   </div>
   <div class='ocr_carea' id='block_1_114' title="bbox 954 2580 1276 2614">
    <p class='ocr_par' dir='ltr' id='par_1_114' title="bbox 954 2580 1276 2614">
     <span class='ocr_line' id='line_1_115' title="bbox 954 2580 1276 2614; baseline 0.003 -6"><span class='ocrx_word' id='word_1_743' title='bbox 954 2582 1069 2609; x_wconf 82' lang='grc' dir='ltr'>Συνὸδου</span> <span class='ocrx_word' id='word_1_744' title='bbox 1082 2580 1109 2614; x_wconf 86' lang='grc' dir='ltr'>ς’</span> <span class='ocrx_word' id='word_1_745' title='bbox 1125 2582 1215 2609; x_wconf 85' lang='grc' dir='ltr'>κανὼν</span> <span class='ocrx_word' id='word_1_746' title='bbox 1227 2581 1276 2614; x_wconf 79' lang='grc' dir='ltr'>ξα¹.</span> 
     </span>
    </p>
   </div>
   <div class='ocr_carea' id='block_1_115' title="bbox 919 2669 1702 2708">
    <p class='ocr_par' dir='ltr' id='par_1_115' title="bbox 919 2669 1702 2708">
     <span class='ocr_line' id='line_1_116' title="bbox 919 2669 1702 2708; baseline -0.003 -8"><span class='ocrx_word' id='word_1_747' title='bbox 919 2672 989 2700; x_wconf 82' lang='grc' dir='ltr'><strong>15ιο</strong></span> <span class='ocrx_word' id='word_1_748' title='bbox 1017 2672 1191 2708; x_wconf 78' lang='lat' dir='ltr'><strong>cvulgatam,</strong></span> <span class='ocrx_word' id='word_1_749' title='bbox 1228 2680 1323 2708; x_wconf 19' lang='lat' dir='ltr'><strong>quam,</strong></span> <span class='ocrx_word' id='word_1_750' title='bbox 1352 2676 1463 2708; x_wconf 85' lang='lat' dir='ltr'><strong>secutus</strong></span> <span class='ocrx_word' id='word_1_751' title='bbox 1494 2674 1536 2698; x_wconf 87' lang='lat' dir='ltr'><strong>est</strong></span> <span class='ocrx_word' id='word_1_752' title='bbox 1565 2669 1702 2698; x_wconf 80' lang='lat' dir='ltr'><strong>Gesnorus</strong></span> 
     </span>
    </p>
   </div>
   <div class='ocr_carea' id='block_1_116' title="bbox 918 2707 1702 2740">
    <p class='ocr_par' dir='ltr' id='par_1_116' title="bbox 918 2707 1702 2740">
     <span class='ocr_line' id='line_1_117' title="bbox 918 2707 1702 2740; baseline -0.006 -5"><span class='ocrx_word' id='word_1_753' title='bbox 918 2708 945 2735; x_wconf 89' lang='lat' dir='ltr'><strong>in</strong></span> <span class='ocrx_word' id='word_1_754' title='bbox 978 2715 1024 2735; x_wconf 81' lang='lat' dir='ltr'><strong>sua</strong></span> <span class='ocrx_word' id='word_1_755' title='bbox 1045 2707 1162 2735; x_wconf 83' lang='lat' dir='ltr'><strong>editione</strong></span> <span class='ocrx_word' id='word_1_756' title='bbox 1179 2709 1241 2734; x_wconf 84' lang='lat' dir='ltr'><strong>anni</strong></span> <span class='ocrx_word' id='word_1_757' title='bbox 1260 2707 1340 2739; x_wconf 72' lang='grc'><strong>155⁵2,</strong></span> <span class='ocrx_word' id='word_1_758' title='bbox 1364 2707 1494 2740; x_wconf 86' lang='lat' dir='ltr'><strong>excipias,</strong></span> <span class='ocrx_word' id='word_1_759' title='bbox 1528 2713 1588 2739; x_wconf 73' lang='lat' dir='ltr'><strong>quae</strong></span> <span class='ocrx_word' id='word_1_760' title='bbox 1611 2713 1702 2738; x_wconf 76' lang='grc' dir='ltr'>γυτευ-</span> 
     </span>
    </p>
   </div>
   <div class='ocr_carea' id='block_1_117' title="bbox 918 2740 1702 2777">
    <p class='ocr_par' dir='ltr' id='par_1_117' title="bbox 918 2740 1702 2777">
     <span class='ocr_line' id='line_1_118' title="bbox 918 2740 1702 2777; baseline -0.003 -9"><span class='ocrx_word' id='word_1_761' title='bbox 918 2743 985 2774; x_wconf 77' lang='grc' dir='ltr'>κτὰς</span> <span class='ocrx_word' id='word_1_762' title='bbox 999 2743 1089 2769; x_wconf 86' lang='lat' dir='ltr'><strong>habet.</strong></span> <span class='ocrx_word' id='word_1_763' title='bbox 1103 2742 1158 2769; x_wconf 89' lang='lat' dir='ltr'><strong>llac</strong></span> <span class='ocrx_word' id='word_1_764' title='bbox 1167 2747 1255 2769; x_wconf 84' lang='lat' dir='ltr'><strong>autem</strong></span> <span class='ocrx_word' id='word_1_765' title='bbox 1271 2750 1338 2770; x_wconf 81' lang='lat' dir='ltr'><strong>voce</strong></span> <span class='ocrx_word' id='word_1_766' title='bbox 1353 2741 1507 2777; x_wconf 76' lang='lat' dir='ltr'><strong>intelligunt</strong></span> <span class='ocrx_word' id='word_1_767' title='bbox 1520 2740 1640 2776; x_wconf 74' lang='lat' dir='ltr'><strong>praedicti</strong></span> <span class='ocrx_word' id='word_1_768' title='bbox 1658 2746 1702 2766; x_wconf 86' lang='lat' dir='ltr'><strong>au-</strong></span> 
     </span>
    </p>
   </div>
   <div class='ocr_carea' id='block_1_118' title="bbox 917 2778 1392 2812">
    <p class='ocr_par' dir='ltr' id='par_1_118' title="bbox 917 2778 1392 2812">
     <span class='ocr_line' id='line_1_119' title="bbox 917 2778 1392 2812; baseline 0.002 -8"><span class='ocrx_word' id='word_1_769' title='bbox 917 2783 1007 2806; x_wconf 88' lang='lat' dir='ltr'><strong>ctores</strong></span> <span class='ocrx_word' id='word_1_770' title='bbox 1023 2778 1194 2805; x_wconf 75' lang='lat' dir='ltr'><strong>circulatores</strong></span> <span class='ocrx_word' id='word_1_771' title='bbox 1208 2785 1251 2805; x_wconf 72' lang='lat' dir='ltr'><strong>seu</strong></span> <span class='ocrx_word' id='word_1_772' title='bbox 1272 2782 1392 2812; x_wconf 75' lang='lat' dir='ltr'><strong>agyrtas.</strong></span> 
     </span>
    </p>
   </div>
  </div>
