1929 3076
96 126 130 156 57
744 129 886 161 ΕΡΙΤΟΜ

945 130 1055 161 lANON
1060 132 1117 162 ΠΜ
1702 138 1738 170 58

131 184 188 212 Τοῦ
205 184 288 218 ἁγίου
302 184 448 212 Βασιλείου
460 185 552 213 κανὼν
569 185 602 219 ξ’.

133 231 188 257 Τοῦ
207 231 288 264 ἁγίου
305 231 459 267 Γρηγορίου
474 231 587 267 Νύσσης
598 231 686 260 κανὼν
700 231 733 268 β’.

135 275 205 311 ρλα’.
230 276 295 302 Ὀτι
307 276 348 302 δεῖ
367 277 430 308 τοὺς
447 277 477 303 ὲν
496 277 628 314 διωγμοῖς
644 279 834 313 παραϐάντας,
849 279 896 306 καὶ

98 322 342 357 προσερχομένους
356 325 390 358 τῇ
410 323 563 360 Ἐκκλησία
577 324 777 360 προσδέχεσθαι
794 325 823 352 ὲν
837 325 895 352 δια-

97 369 197 402 φοραῖς
214 369 366 403 ἐπιτιμίων
387 377 393 384 ·
411 370 495 405 ἤγουν
517 371 580 408 τοὺς
598 370 648 405 μὲν
665 371 750 406 χωρὶς
771 371 895 406 ἀνάγκης

98 413 292 448 παραϐάντας,
311 415 364 447 ἕως
387 415 514 448 θανάτου,
531 416 547 451 ἢ
573 417 602 443 ὲν
626 417 660 452 ιβ’
675 416 748 444 ἔτεσι
764 425 771 431 ·
788 417 850 449 τοὺς
865 417 894 444 δὲ

96 459 151 494 βίᾳ,
173 461 206 486 ὲν
233 461 341 495 χρόνοις
363 461 431 497 ς’,ἢ
449 461 474 497 η’
489 471 496 478 ·
521 463 582 494 τοὺς
602 462 630 489 δὲ
656 464 724 498 μετὰ
754 462 893 497 κλαυθμοῦ

95 505 174 532 τοῦτο
195 507 344 540 παθόντας,
360 509 390 535 ὲν
408 507 432 542 γ’
446 514 553 543 χρονοις
567 517 574 523 ·
591 509 638 536 καὶ
654 509 743 536 ταῦτα
760 509 812 544 μὲν
828 518 893 536 συν·

94 552 208 585 ελὸντες
245 555 349 590 φαμέν.
369 555 499 587 Ἐσικκδὲ
516 555 565 583 καὶ
581 556 664 590 ἑτέρα
688 564 731 588 τις
755 557 893 591 διάκρισις

94 598 252 634 λεπτοτέρα
269 600 347 634 παρὰ
368 602 425 633 τοῖς
443 601 565 633 κανόσιν,
583 602 618 637 ἢν
638 603 835 636 ἀναγινώσκων
849 603 894 629 εὑ-

95 645 204 680 ρήσεις.
224 646 279 672 Καὶ
296 647 337 673 ὅτι
360 648 384 673 oi
401 647 541 682 ἀρχιερεῖς
562 648 690 680 ἐξουσίαν
713 649 805 684 ἔχουσι
820 649 893 676 δοκι-

96 691 196 727 μάζειν
214 692 261 719 τὸν
283 693 387 728 τρόπον
407 693 457 728 τῆς
471 694 653 730 ἐπιστροφῆς,
675 695 722 722 καὶ
737 695 891 730 φιλανθρω-

94 737 230 766 πεύεσθαι
252 739 296 765 ἐπ’
313 740 418 772 αὐτοῖς,
436 740 453 775 ἦ
472 739 600 772 πλείονας
624 742 802 776 προστιθέναι
825 742 891 777 χρόα

94 794 167 817 γους,
178 786 244 816 Τοῖς
265 785 293 812 δὲ
311 786 432 822 ἀργύρια
452 786 594 821 δεδωκόσι,
612 788 660 815 καὶ
678 789 856 823 ἑκφυγοῡσιν,
872 789 888 824 ἢ

96 831 187 858 πάντα
211 832 416 866 καταλείψασι,
449 834 496 860 καὶ
526 835 755 870 ἀναχωρήσασιν,
782 836 812 862 οὑ
837 836 889 872 χρὴ

95 877 238 911 ἐγκαλεῖν.
256 879 312 904 Καὶ
338 879 504 914 ίερωμένους
517 880 545 907 δὲ
565 880 702 913 θύσαντας
717 882 764 908 καὶ
779 882 887 908 ἀναπα-

93 923 245 955 λαίσαντας
270 923 465 959 καθαιρεῖσθαι
489 925 543 962 χρὴ
568 927 650 962 μόνον
665 936 672 944 '
691 927 842 955 ἀπολαύειν
860 928 890 956 δὲ

93 969 144 1002 τῆς
158 969 256 1004 τιμῆς.

127 1061 193 1089 Τῶν
208 1061 296 1096 ἁγίων
315 1062 472 1090 ἀποστόλων
485 1063 577 1091 κανὼν
591 1063 643 1097 Ea’.

130 1107 251 1135 Συνόδου
268 1108 390 1140 Νικαίας
409 1108 500 1136 κανὼν
517 1108 552 1137 ια’
568 1110 615 1137 καὶ
633 1108 676 1144 ιβ’.

129 1154 248 1180 Συνόδου
280 1155 421 1190 Ἀγκύρας
437 1155 527 1182 κανὼν
543 1154 578 1188 α’,
592 1155 626 1191 β’,
647 1156 679 1189 δ’,
697 1159 728 1190 ε’,
751 1159 790 1189 ς’,
802 1155 835 1190 ζ’,
851 1155 887 1192 η’,

97 1199 126 1232 θ’,
145 1203 172 1231 ι’,
193 1203 240 1233 ια’,
255 1200 299 1236 ιβ’,
322 1204 367 1234 ιγ’.

127 1247 184 1273 Τοῦ
203 1248 284 1281 ἁγίου
299 1248 442 1275 Βασιλείου
460 1249 551 1275 κανὼν
566 1247 619 1282 με’,
638 1251 690 1282 ογ’,
703 1251 758 1275 πω.

127 1292 185 1319 Τοῦ
207 1293 286 1326 ἁγίου
299 1293 451 1329 Γρηγορίου
466 1294 579 1329 Νύσσης
595 1293 686 1320 κανὼν
698 1292 732 1321 α’.

129 1338 200 1374 ρλ6’.
216 1340 277 1366 Ὅτι
297 1341 327 1368 οὐ
344 1341 385 1366 δεῖ
398 1340 511 1375 ὀμνύειν
532 1341 604 1368 τινά.
621 1341 652 1367 Ei
668 1341 696 1367 δὲ
712 1343 760 1369 καὶ
780 1341 884 1378 συμϐῇ,

92 1385 117 1411 εί
136 1386 188 1420 μὲν
203 1386 250 1412 ἐπὶ
264 1387 421 1422 Μραὸάσει
436 1387 546 1422 ἐντολῆς
561 1387 628 1413 Θεοῦ
646 1387 750 1422 ὀμόσει,
763 1388 886 1425 [τουτέστι

93 1433 142 1466 τῆς
168 1432 269 1458 ἑαυτοῦ
294 1433 395 1468 ψυχῆς,
415 1434 431 1468 ἢ
449 1434 543 1469 ἐτέρου
566 1434 651 1466 τινὸς,
673 1434 706 1460 οὐ
730 1434 771 1461 δεῖ
793 1434 887 1469 τηρεῖν

93 1479 140 1503 τὸν
156 1479 249 1513 ὅρκον.
268 1478 334 1506 Ὅτε
346 1479 374 1505 δὲ
391 1479 486 1514 ὀμόσει
509 1479 546 1514 μὴ
571 1479 773 1512 καταδέξασθαι
794 1487 886 1516 χειρο-

92 1526 196 1557 τονίαν,
215 1525 231 1561 ἢ
246 1526 340 1561 ἕτερόν
363 1535 388 1552 τι
410 1526 541 1558 τοιοῦτον,
559 1526 596 1561 μὴ
617 1527 782 1562 ὲπιορκείτω
793 1535 801 1543 ο
817 1527 842 1553 εί
857 1526 885 1553 δὲ
900 1532 924 1562 ο

92 1572 125 1598 ἐκ
148 1571 235 1606 φόϐου
251 1572 376 1599 κινδύνου
402 1572 508 1608 ὀμόσει,
528 1572 694 1608 συγγνώμης
710 1573 784 1606 ἄξιος
797 1570 886 1605 οὗτος.

127 1661 183 1688 Τοῦ
196 1661 276 1696 ἁγίου
295 1661 437 1688 Βασιλείου
453 1659 542 1688 κανὼν
556 1661 581 1693 ι’,
600 1661 643 1693 ιζ’,
657 1660 708 1688 κθ’.

132 1707 203 1743 ρλγ’.
220 1709 284 1734 ’Ὅτι
298 1708 328 1734 οὺ
341 1708 382 1734 δεῖ
398 1708 511 1739 πιστοὺς
534 1708 702 1743 προσφέρειν
714 1717 740 1734 τι
753 1707 793 1739 είς
808 1707 882 1742 ῐερδν

92 1754 190 1786 ἐθνῶν,
211 1753 228 1788 ἢ
260 1754 406 1786 Ἰουδαίων,
427 1754 443 1789 ἢ
470 1754 628 1789 αίρετικῶν,
649 1753 665 1788 ἢ
693 1754 886 1788 συγκοινωνεῖν

91 1801 196 1831 αὐτοῖς,
211 1799 228 1835 ἥ
242 1799 310 1836 πρὸς
322 1800 421 1831 αὐτοὺς
432 1799 602 1834 ἀπέρχεσθαι
613 1800 699 1835 εὐχῆς
710 1800 725 1834 ἦ
735 1799 886 1835 οεραπεὶας

92 1846 195 1872 ἕνεκαο
218 1845 234 1882 ἥ
263 1845 452 1880 συνεορτάζειν
479 1847 583 1880 αὐτοῖς,
607 1846 624 1881 ἢ
647 1846 884 1882 συννηστεύειν,ῆ

92 1893 219 1928 δέχεσθαι
234 1893 269 1919 τὰ
281 1892 347 1927 παρ’
362 1893 452 1919 αὐτῶν
473 1893 560 1925 ξένια,
577 1893 594 1929 ἢ
611 1892 715 1927 ἄζυμα,
730 1893 747 1928 ἢ
761 1893 885 1928 ίατρεύε-

93 1938 156 1964 σθαι
180 1937 246 1972 παρ’
258 1937 360 1970 αὐτῶν,
378 1937 395 1972 ἢ
410 1939 437 1963 ὲν
453 1937 587 1973 βαλανείῳ
610 1937 828 1973 συλλούεσθαι,ῆ
847 1937 885 1968 ὡς

94 1983 240 2018 κληρικοῖς
252 1983 420 2017 προτρέπειν
445 1983 537 2014 αὐτοῖς
555 1984 678 2019 ἐνεργεῖν
692 1991 737 2010 τι·
756 1983 824 2010 ἀλλὰ
837 1983 885 2018 μό-

91 2036 136 2053 νον
154 2027 222 2053 ποτὲ
244 2027 465 2062 παραῦαλόντας,
487 2028 666 2062 ἐπιχορηγεῖν
687 2028 722 2054 τὰ
746 2028 814 2063 πρὸς
835 2027 884 2063 τὴν

91 2075 207 2110 χρείαν,
223 2075 262 2103 είς
278 2074 425 2100 κοινωνίαν
440 2074 467 2101 δὲ
484 2075 585 2106 αὐτοὺς
608 2075 645 2110 μὴ
667 2075 882 2111 παραδέχεσθαι.

97 2121 175 2146 Ἐπεὶ
192 2121 206 2146 ό
223 2120 297 2155 παρὰ
311 2120 400 2147 ταῦτα
424 2120 519 2153 ποιῶν,
534 2121 559 2147 εί
580 2121 630 2156 μὲν
643 2121 793 2156 ίερωμένος
813 2121 883 2153 ἐστὶ,

90 2166 265 2201 καθῃρεῖται
282 2174 289 2179 ·
307 2167 331 2192 εί
345 2166 373 2192 δὲ
389 2166 496 2199 λαῖκὸς,
518 2166 682 2201 ἀφορίζεται
699 2174 705 2180 ·
724 2166 797 2197 τινὲς
810 2166 838 2192 δὲ
854 2167 884 2200 ἐξ

910 191 936 220 Δ,
985 187 1077 216 Sancti
1096 188 1189 216 Basilii
1203 196 1290 218 canon
1303 189 1348 218 60.

983 234 1076 261 Sancti
1094 234 1216 269 Gregorii
1233 234 1347 271 Nysseni
1362 243 1448 264 canon
1464 237 1492 264 2.

983 280 1044 308 i5l.
1060 280 1113 308 Eos
1127 282 1172 315 qui
1189 281 1216 308 in
1232 282 1469 315 persecutionibus
1482 284 1645 319 transgressi
1662 290 1736 319 sunt,

946 329 1028 361 atque
1052 326 1085 353 ad
1113 325 1261 354 Ecclesiam
1281 327 1426 359 accedunt.
1452 329 1639 364 suscipiendos
1664 338 1735 363 esse,

947 379 1038 407 pmna,
1057 372 1178 400 adhibito
1193 372 1358 404 discrimine,
1372 374 1438 409 ipsis
1453 375 1570 410 irrogata
1585 383 1593 402 :
1612 376 1737 405 videlicet

930 418 980 446 “iis
997 418 1041 453 qui
1068 419 1137 445 citra
1163 420 1350 447 necessitatem
1373 421 1536 456 transgressi
1561 427 1634 455 sunt,
1651 430 1737 458 usque
1773 415 1776 417 ⁷

945 463 978 491 ad
994 469 1107 492 mortem
1126 469 1172 492 aut
1187 465 1219 492 12
1240 465 1334 499 anuis;
1349 466 1380 494 iis
1395 467 1440 501 qui
1458 468 1510 494 vim
1525 468 1598 502 passi
1621 473 1695 500 sunt,
1718 468 1735 496 6

945 514 992 538 aut
1005 510 1022 538 8
1037 511 1130 545 annis;
1154 512 1186 538 iis
1200 519 1265 540 vero
1281 513 1324 546 qui
1340 519 1401 540 cum
1420 512 1482 540 ﬂetu
1499 514 1549 541 hoc
1568 515 1703 546 fecerunt,
1717 516 1734 542 3

944 556 1034 584 annis.
1047 557 1135 592 Atque
1150 557 1208 585 haec
1222 558 1331 592 quidem
1345 559 1537 593 compendiose
1549 559 1674 588 dicimus.
1688 560 1734 587 Est

944 610 1008 630 vero
1022 602 1102 630 etiam
1117 603 1168 630 alia
1184 605 1306 638 quaedam
1321 604 1460 632 distinctio
1476 605 1629 633 accuratior
1643 606 1670 633 in
1689 613 1734 633 ca-

943 650 1070 683 nonibus,
1094 657 1175 685 quam
1193 650 1305 686 legendo
1323 651 1454 679 invenies.
1480 651 1545 679 item
1571 653 1653 680 etiam
1674 652 1733 686 epi-

942 704 1038 731 scopos
1059 701 1219 731 potestatem
1237 697 1337 724 habere
1353 697 1539 725 conversionis
1555 698 1664 726 modum
1683 705 1733 725 ex-

942 742 1076 778 plorandi,
1096 743 1132 770 ita
1147 747 1176 770 ut
1197 743 1354 770 humaniter
1369 744 1394 771 in
1410 752 1458 772 eos
1480 752 1509 772 se
1524 752 1628 780 «aere,
1644 749 1690 772 aut
1705 746 1733 772 in

941 789 1035 824 plures
1051 796 1138 816 annos
1151 795 1258 823 pcenam
1275 797 1421 824 prorogare
1435 791 1548 824 possint.
1566 790 1585 817 ii
1608 798 1671 818 vero
1686 791 1732 826 qui

943 835 1086 870 pecuniam
1101 835 1232 862 dederunt
1248 841 1330 869 atque
1345 841 1500 868 evaserunt,
1519 842 1565 863 aut
1579 837 1669 864 omnia
1687 844 1731 864 rc-

943 881 1080 916 liquerunt
1103 889 1135 908 ac
1157 889 1295 908 secessum
1322 882 1467 916 petierunt.
1490 890 1544 909 non
1569 888 1631 911 sunt
1648 891 1731 910 accu-

941 926 1029 954 sandi.
1054 925 1145 954 Sacris
1169 930 1258 954 autem
1283 926 1394 959 initiati,
1417 928 1440 954 si
1464 928 1676 955 sacrificaverint
1698 935 1730 956 ac

941 973 1116 1007 resipuerint,
1142 974 1225 1007 gradu
1249 974 1336 1000 solum
1361 974 1502 1009 dejiciendi
1527 979 1601 1008 sunt,
1627 975 1729 1002 honore

940 1025 1005 1046 vero
1022 1017 1072 1044 frui
1093 1023 1216 1052 possunt.

976 1063 1137 1092 Sanctorum
1151 1065 1335 1099 apostolorum
1349 1073 1435 1093 canon
1449 1065 1496 1094 61.

975 1109 1078 1144 Synodi
1094 1110 1210 1137 Nictemn
1226 1118 1312 1138 canon
1330 1111 1359 1138 11
1380 1116 1408 1138 et
1421 1111 1465 1139 12.

976 1155 1075 1192 Synodi
1091 1156 1241 1191 Ancyranae
1255 1164 1343 1184 canon
1357 1158 1383 1190 1,
1398 1157 1425 1190 2,
1441 1157 1468 1190 4,
1481 1157 1508 1189 5,
1524 1157 1550 1189 6.
1564 1157 1591 1189 7,
1606 1157 1633 1190 8,
1645 1157 1728 1190 9,10,

939 1201 984 1234 11,
1002 1201 1045 1234 12,
1064 1201 1107 1229 15.

978 1246 1070 1274 Sancti
1086 1246 1178 1274 Basilii
1193 1254 1278 1274 canon
1295 1247 1341 1280 45,
1357 1248 1402 1281 75,
1416 1248 1462 1275 81.

974 1291 1065 1319 Sancti
1082 1292 1203 1327 Gregorii
1218 1292 1331 1328 Nysseui
1348 1301 1434 1321 canon
1451 1294 1479 1321 1.

975 1339 1037 1365 152.
1057 1337 1115 1366 Non
1139 1343 1266 1373 oportere
1290 1347 1453 1374 quemquam
1474 1340 1568 1374 jurare
1591 1349 1598 1367 :
1618 1340 1687 1374 quod
1705 1340 1727 1367 si

939 1384 1095 1419 contigerit,
1109 1384 1241 1419 siquidem
1254 1385 1286 1412 ad
1303 1385 1421 1412 mandati
1435 1385 1518 1413 divini
1534 1386 1726 1420 transgressio—

938 1437 1010 1461 nem,
1032 1429 1082 1456 ltoc
1106 1433 1157 1461 est,
1177 1429 1275 1457 animas
1300 1437 1355 1458 sua:
1377 1431 1569 1458 detrimentum
1595 1431 1634 1458 vel
1660 1431 1728 1458 alius

938 1474 1094 1510 cujuslibet,
1117 1483 1170 1502 non
1196 1480 1238 1503 est
1262 1477 1423 1504 servandum
1443 1477 1638 1511 juramentum.
1661 1477 1727 1503 Cum

940 1528 1004 1547 vero
1018 1521 1150 1556 juraverit
1170 1528 1199 1548 se
1217 1521 1418 1549 ordinationem
1435 1530 1488 1549 non
1504 1530 1563 1550 esse
1585 1528 1727 1557 susceptu-

940 1574 1011 1598 rum,
1035 1570 1080 1593 aut
1093 1566 1165 1593 aliud
1186 1566 1249 1601 quid
1268 1566 1412 1601 ejusmodi,
1437 1567 1609 1601 ne.pcjerel;
1628 1566 1650 1594 si
1664 1573 1728 1593 vero

938 1612 1052 1647 periculi
1069 1616 1141 1638 metu
1155 1611 1238 1646 juret,
1256 1612 1335 1639 venia
1353 1612 1447 1647 dignus
1462 1617 1512 1640 est.

975 1658 1003 1686 S.
1021 1658 1111 1686 Basilii
1128 1665 1213 1685 canon
1230 1658 1272 1691 10,
1289 1658 1331 1691 17,
1349 1658 1395 1686 ‘29.

974 1707 1036 1734 155.
1061 1705 1119 1733 Non
1143 1710 1268 1740 oportere
1292 1706 1386 1733 ﬁdeles
1410 1707 1555 1741 quidquam
1580 1706 1678 1734 offerre
1699 1707 1726 1734 in

938 1753 1038 1788 templo
1051 1753 1204 1787 gentilium,
1219 1756 1266 1779 aut
1278 1751 1446 1784 Iudaeorum,
1462 1756 1509 1779 aut
1525 1752 1726 1786 hereticorum,

937 1805 983 1827 aut
997 1799 1199 1827 communicare
1213 1806 1274 1826 cum
1291 1798 1367 1832 ipsis.
1386 1802 1432 1825 aut
1453 1798 1488 1825 ad
1500 1805 1547 1826 eos
1560 1805 1590 1826 se
1603 1798 1727 1826 conterre

936 1845 1068 1874 orationis
1082 1850 1128 1872 aut
1140 1845 1290 1872 curationis
1301 1845 1400 1879 gratia.
1413 1848 1460 1871 aut
1475 1852 1535 1871 cum
1551 1845 1615 1878 ipsis
1629 1844 1728 1872 festum

938 1892 1083 1925 celebrare,
1099 1896 1145 1918 aut
1160 1891 1293 1926 jejunare,
1311 1895 1356 1917 aut
1379 1897 1491 1917 munera
1507 1890 1540 1917 ab
1555 1890 1589 1917 iis
1605 1890 1728 1924 accipere

936 1943 983 1965 aut
999 1945 1104 1972 azyma,
1119 1941 1165 1963 aut
1188 1936 1221 1963 ab
1240 1936 1305 1970 ipsis
1327 1935 1428 1967 curari,
1445 1940 1492 1962 aut
1515 1935 1542 1962 in
1559 1935 1657 1962 balneo
1674 1943 1726 1962 una

936 1983 1031 2016 lavari,
1048 1987 1095 2010 aut
1116 1983 1189 2018 ipsos
1203 1987 1330 2017 tanquam
1347 1981 1461 2009 clericos
1477 1985 1506 2008 ut
1529 1980 1629 2016 aliquid
1646 1985 1728 2015 agant

936 2035 1032 2063 rogare
1049 2037 1055 2055 :
1072 2027 1119 2055 sed
1149 2031 1265 2060 tantum,
1291 2027 1314 2053 si
1342 2026 1450 2060 quando
1484 2023 1660 2057 accesserint,
1685 2032 1728 2053 res

936 2073 1105 2100 necessarias
1127 2073 1193 2107 ipsis
1214 2071 1432 2104 subministrare,
1449 2070 1482 2097 ad
1508 2070 1727 2097 communionem

936 2127 1000 2146 vero
1014 2127 1067 2146 non
1085 2119 1239 2146 admittere.
1257 2117 1308 2151 Qui
1325 2118 1398 2145 enim
1414 2121 1508 2144 contra
1527 2117 1583 2144 hanc
1600 2116 1676 2149 facit,
1693 2117 1729 2144 si-

936 2165 1045 2200 quidem
1062 2165 1147 2192 sacris
1162 2165 1196 2192 sit
1212 2165 1345 2196 initiatus,
1359 2163 1443 2198 gradu
1460 2158 1585 2190 movetur
1600 2172 1608 2190 :
1625 2164 1648 2191 si
1663 2170 1728 2190 vero

91 2213 185 2239 αὐτῶν
201 2212 249 2239 καὶ
260 2211 455 2247 καθαιροῦνται
469 2213 499 2239 ὲν
512 2212 614 2247 ταύτῷ,
630 2213 677 2238 καὶ
688 2212 864 2247 ἀφορίζονται
875 2220 882 2227 ·

946 2212 1032 2244 aiens,
1047 2215 1213 2246 segregatur.
1230 2209 1358 2237 Nonnulli
1374 2216 1437 2236 vero
1451 2216 1485 2236 ex
1509 2209 1575 2244 ipsis
1592 2209 1727 2243 dejiciun-

91 2258 166 2289 τινὲς
181 2258 229 2284 καὶ
239 2257 496 2298 ἀναθεμετίζονται.

125 2347 187 2374 Τῶν
207 2346 294 2380 ἁγίων
310 2347 467 2374 ἀποστόλων
482 2347 572 2373 κανὼν
588 2345 620 2380 ζ’,
641 2345 694 2381 λγ’,
720 2350 773 2382 με’,
792 2345 837 2380 ξε¹,
852 2349 884 2379 o’,

92 2397 140 2421 οα’.

126 2439 242 2465 Συνόδου
257 2437 420 2470 Λαοδικείας
433 2436 524 2464 κανὼν
533 2438 566 2470 θ’,
580 2437 631 2473 λβ¹,
646 2438 697 2472 λγ’,
713 2437 760 2471 λδ’,
770 2437 817 2472 λε’,
831 2437 865 2470 λζ
873 2457 882 2470 ,

92 2485 144 2521 λη’,
161 2485 210 2512 λιι.

126 2531 241 2557 Συνόδου
258 2529 285 2563 ς’
299 2530 390 2557 κανὼν
408 2534 453 2558 ια’.

125 2578 182 2604 Καὶ
197 2578 330 2612 Θεοφίλου
346 2578 437 2604 κανὼν
453 2578 485 2610 ζ’.

125 2623 190 2660 ρλδῖ
216 2624 279 2650 ὐτι
301 2623 341 2649 δεῖ
367 2623 431 2654 τοὺς
448 2623 502 2650 ἀπὸ
529 2623 674 2653 Ἰουδαῖων,
698 2622 715 2658 ἦ
737 2621 882 2657 αίρετικῶν

91 2670 305 2706 ἐπιστρέφοντας
319 2669 456 2704 δέχεσθαι,
468 2671 491 2696 εἰ
507 2670 719 2705 ὁμολογήσουσιν
734 2669 882 2704 ἐγγράφως

90 2716 247 2743 ἀκολουθεῖν
260 2716 316 2746 τοῖς
331 2715 382 2749 τῆς
400 2715 564 2751 Ἐκκλησίας
575 2716 704 2751 δόγμασι,
724 2716 770 2742 καὶ
784 2715 883 2742 ἀναθε-

94 2763 238 2797 ματίσουσι
262 2763 354 2794 πάσας
375 2762 423 2794 τὰς
445 2763 579 2798 αἱρέσεις,
603 2763 650 2789 καὶ
668 2763 768 2798 μᾶλλον
789 2763 833 2797 ὑφ’
848 2759 883 2799 ἦς

92 2809 273 2844 κατέχονται·
287 2809 312 2835 εί
328 2809 356 2835 δὲ
370 2808 408 2844 μὴ
428 2809 500 2836 οὕτω
520 2810 731 2845 μετανοήσουσι,
748 2809 817 2837 ἀλλὰ
831 2818 881 2836 κα-

92 2856 265 2890 ταφρονοῖεν,
281 2855 373 2891 πάσης
391 2856 535 2888 κοινωνίας
559 2856 716 2892 ἀλλοτρίους
731 2853 812 2885 εἶναι.
826 2857 881 2883 Καὶ

939 2262 983 2284 tur
1005 2257 1087 2285 simul
1110 2264 1141 2284 ac
1160 2261 1335 2292 segregantur
1354 2264 1362 2283 :
1385 2255 1494 2291 quidam
1512 2255 1593 2282 etiam
1614 2255 1728 2282 anathe-

937 2309 1008 2330 mate
1030 2303 1175 2330 feriuntur.

972 2349 1135 2376 Sanctorum
1160 2347 1344 2384 apostolorum
1369 2354 1457 2374 canon
1483 2345 1512 2378 7,
1539 2346 1585 2380 55,
1611 2345 1656 2377 45,
1680 2344 1725 2378 65,

936 2394 982 2428 70,
1005 2394 1049 2422 Ἷ1.
1598 2408 1601 2409 ν

973 2441 1074 2477 Synodi
1098 2440 1257 2469 Laodiceuas
1280 2448 1367 2468 canon
1382 2439 1410 2472 9,
1425 2439 1471 2473 52,
1486 2439 1532 2472 35,
1549 2437 1595 2471 51,
1611 2437 1657 2470 55,
1679 2437 1725 2470 57,

936 2488 981 2522 58,
1001 2489 1045 2516 39.

972 2533 1074 2569 Synodi
1091 2533 1124 2561 Vi
1139 2541 1225 2560 canon
1242 2533 1288 2560 11.

971 2579 1112 2614 Theophili
1132 2587 1219 2606 canon
1235 2579 1262 2606 7.

970 2626 1032 2653 154.
1047 2624 1101 2653 Eos
1112 2625 1157 2660 qui
1170 2632 1185 2651 a
1197 2624 1296 2652 .Iudzeis
1313 2628 1360 2651 aut
1376 2622 1513 2651 haereticis
1526 2625 1725 2650 convertuntur

935 2671 1119 2706 suscipiendos
1136 2678 1206 2703 esse.
1223 2671 1245 2697 si
1261 2671 1361 2704 scripto
1381 2670 1560 2704 profiteantur
1582 2677 1611 2697 se
1627 2669 1724 2697 Eccle-

934 2718 981 2746 sim
996 2718 1113 2747 decretis
1129 2719 1277 2748 adhaerere,
1294 2721 1374 2751 atque
1396 2724 1490 2744 omnes
1514 2716 1632 2744 haereses
1656 2723 1724 2743 ana-

934 2763 1123 2796 thematizent,
1146 2770 1179 2790 ac
1193 2762 1279 2797 magis
1301 2769 1361 2789 eam
1378 2769 1392 2788 a
1408 2769 1458 2795 qua
1475 2761 1630 2789 detinentur
1645 2768 1654 2788 :
1670 2761 1722 2788 nisi

933 2817 997 2837 vero
1017 2810 1057 2836 sic
1075 2808 1265 2844 paenitentiam
1280 2815 1356 2835 suam
1374 2807 1522 2841 declarent,
1538 2807 1585 2835 sed
1598 2811 1723 2834 contem-

935 2859 1011 2890 nant,
1027 2856 1061 2884 ah
1075 2854 1149 2882 omni
1171 2854 1362 2883 couununione
1378 2853 1482 2882 alienos
1499 2860 1569 2882 esse.
1583 2851 1651 2880 Item
1666 2858 1719 2880 non
