1930 3073
185 137 221 168 59
623 136 785 166 ARSENII
805 135 979 166 MONACHI
1005 135 1177 166 EPITOME
1197 134 1395 166 CANONUM.
1782 133 1818 164 60

185 185 267 220 licere
279 189 402 218 Judaeum
418 197 526 218 servum
543 189 656 224 pecunia
677 189 726 216 sibi
741 197 907 224 comparare.
925 188 977 217 Nec

1046 198 1072 216 τι
1086 189 1137 217 οὐκ
1160 189 1264 223 ἔξεστιν
1293 189 1419 216 Ἰουδαῖον
1436 187 1540 221 ὠνητὸν
1559 186 1652 214 δοῦλον
1676 186 1792 213 κτᾶσθαι
1808 193 1816 202 ·

185 245 239 265 ιιοη
255 237 396 272 episcopos
412 242 469 264 toto
485 237 577 265 studio
593 236 620 263 in
637 230 670 263 id‘
687 236 843 264 incumbere
864 235 974 268 debere,

186 287 215 310 ut
230 290 277 310 eos
290 283 323 310 (Ib
337 290 431 310 errore
444 287 581 310 revocent.

221 328 320 363 Synodi
335 328 449 356 Nicaeum
461 336 548 356 canon
563 328 592 356 8.

221 373 320 408 Synodi
338 373 496 401 Laodicenaa
507 381 593 401 canon
608 375 623 401 7
637 379 662 401 et
677 373 706 402 8.

222 418 322 454 Synodi
339 419 545 454 Constantinop.
556 427 644 447 canon
659 420 686 447 7.
852 423 859 441 ⁸

223 465 326 500 Synodi
339 465 480 499 Ephesium
492 473 579 493 canon
594 465 620 498 l,
635 465 662 498 2,
678 465 706 496 5.
720 465 747 496 4,
765 465 792 497 5,
805 464 831 497 6,
848 465 875 498 8,
894 465 920 493 9.

224 511 324 547 Synodi
350 512 582 546 Carthaginiensis
599 518 685 539 canon
700 511 745 544 47,
759 511 804 543 57,
814 511 860 544 26,
873 512 917 545 27,
928 512 975 546 68,

188 557 234 590 69,
250 557 350 592 92,95,
373 558 419 589 9ι,
441 558 485 590 99,
505 557 644 590 108,118.
673 557 736 590 H9,
761 559 822 586 123.
842 560 903 588 HM.

224 604 325 639 Synodi
344 605 377 632 Vl
392 612 478 632 canon
492 605 538 632 95.

225 650 325 685 Synodi
343 650 388 678 Vll
400 659 487 679 canon
503 652 530 679 8.

225 696 271 723 Sal
281 697 316 724 cti
331 697 423 725 Basilii
442 705 529 726 canon
542 699 559 726 5
572 705 600 727 et
611 699 658 728 20.

224 742 366 778 Theophili
382 751 466 771 canon
483 744 524 772 l2.

224 788 437 817 155.1ιΙοὶοηιιιι
461 791 569 826 templa,
588 791 701 827 ipsaque
714 793 785 820 idola
802 800 973 828 quocumque

190 834 270 862 modo
284 842 343 862 esse
361 838 507 864 evertenda
522 845 528 864 :
543 838 613 873 quod
628 843 657 866 ut
668 839 725 872 ﬁat,
735 839 864 874 imperiali
883 842 976 866 aucto-

191 882 272 909 ritate
289 883 367 909 uobis
382 890 450 918 opus
469 890 520 911 est.

241 927 345 963 Synodi
381 929 606 965 Carthaginensis
640 938 726 959 canon
764 931 808 964 58,
838 932 884 965 84,
914 932 977 965 106,

190 972 253 1001 456.

225 1019 288 1046 156.
306 1019 413 1048 Nullum
429 1021 615 1049 Christianum
626 1028 751 1058 oportere
768 1025 793 1051 in
811 1024 907 1052 balneo
918 1032 978 1052 cum

190 1065 350 1094 mulieribus
362 1066 445 1094 lavari
459 1075 466 1094 :
493 1068 516 1095 si
532 1069 605 1096 enim
621 1070 708 1097 sacris
723 1070 824 1098 addicti
839 1076 903 1098 sunt
928 1071 975 1105 qui

193 1111 243 1138 hoc
263 1111 375 1146 faciunt,
400 1114 484 1149 gradu
507 1121 670 1149 moventur;
694 1116 717 1144 si
743 1124 807 1145 vero
836 1117 908 1150 laici,
930 1124 979 1145 se-

191 1163 347 1192 gregantur.

227 1202 328 1237 Synodi
343 1202 500 1231 Laodicenaa
515 1211 602 1232 canon
613 1203 658 1232 50.

229 1248 331 1283 Synodi
346 1249 379 1276 Vl
394 1257 480 1277 canon
500 1251 544 1279 77.

231 1295 293 1321 I37.
313 1294 372 1322 Non
390 1301 515 1330 oportere
532 1296 633 1325 liberos
658 1305 721 1326 suos
744 1307 805 1327 cum
833 1301 979 1335 haereticis,

194 1345 240 1369 aut
254 1340 364 1374 Judaeis,
376 1345 425 1368 aut
435 1342 583 1376 gentilibus
593 1344 767 1372 matrimonio
781 1346 906 1381 jungere,
922 1347 974 1374 nisi

194 1388 356 1422 promittant
378 1395 407 1416 se
417 1388 586 1417 Christianos
602 1389 669 1418 fore.
690 1391 767 1424 Quod
780 1392 802 1418 si
821 1393 908 1426 juncti
924 1392 981 1420 fue-

195 1433 259 1467 rint,
286 1433 419 1468 ejusmodi
438 1434 592 1471 coniugium
622 1441 749 1472 tanquam
773 1438 896 1466 illicitum
920 1446 981 1467 esse

1030 236 1076 262 καὶ
1102 236 1144 263 ὃτι
1172 236 1291 270 σπουδὴν
1319 237 1410 262 πᾶσαν
1438 234 1593 269 ὀφείλουσιν
1623 235 1648 261 οἱ
1679 233 1818 268 ἀρχιερεῖς

1029 281 1135 314 είσάξαι
1154 282 1193 313 είς
1207 282 1237 308 τὸ
1252 282 1428 317 ἐπιστρέφειν
1441 280 1550 312 αὐτούς.

1065 329 1178 356 Συνόδου
1194 329 1310 359 Νικαίας
1326 328 1416 356 κανὼν
1431 333 1466 364 η’.

1066 374 1179 402 Συνόδου
1200 375 1361 406 Λαοδικείας
1375 374 1465 401 κανὼν
1482 374 1505 406 ζ’
1519 374 1565 400 καὶ
1580 372 1615 409 η’.

1065 421 1179 448 Συνόδου
1195 420 1508 451 Κωνσταντινουπόλεως
1523 420 1613 447 κανὼν
1629 419 1661 452 ζ’.

1065 467 1178 494 Συνόδου
1201 467 1318 502 Ἑφέσου
1332 467 1424 493 κανὼν
1436 465 1469 498 α’,
1487 465 1519 500 β’,
1537 465 1572 500 γ’,
1589 466 1620 497 δ’,
1637 468 1668 496 ε’,
1684 469 1721 498 ς’,
1737 465 1773 499 η’,
1786 466 1820 493 θ’.

1065 512 1178 540 Συνόδου
1193 513 1374 548 Καρθαγένης
1390 512 1480 540 κανὼν
1497 512 1550 547 μζ’,
1563 511 1612 544 νζ’.
1625 515 1682 544 κε’.
1698 513 1750 544 κζ’-
1767 512 1819 545 ξη’.

1031 558 1080 592 ξεν,
1096 558 1148 593 [ιβ’.
1164 561 1218 593 ιγ’¹
1235 559 1285 592 ιιδνν
1301 559 1354 593 ιιθί
1372 560 1419 586 καὶ
1435 558 1487 595 ρηκ
1505 561 1569 594 ριηἰ
1588 557 1649 594 ριθέ
1665 561 1736 594 ρκγ’»
1751 558 1820 594 ρκδ¹ο

1065 605 1177 632 Συνόδου
1196 604 1224 637 ς’
1241 605 1330 632 κανὼν
1345 607 1395 639 με’.

1065 651 1180 678 Συνόδου
1198 652 1221 684 ζ’
1236 651 1323 678 κανὼν
1336 651 1371 687 η’.

1066 698 1119 724 Τοῦ
1135 697 1213 732 ἁγίου
1231 697 1374 725 Βασιλείου
1394 697 1485 725 κανὼν
1499 701 1519 725 ε’
1534 698 1581 724 καὶ
1598 701 1634 725 κ’.

1065 744 1196 778 Θεοφίλου
1215 743 1305 771 κανὼν
1321 744 1366 780 ιβ’.

1066 789 1131 826 ρλε’.
1145 790 1207 817 Ὀτι
1222 791 1263 816 δεῖ
1279 791 1343 822 τοὺς
1356 791 1514 823 είδωλικοὺς
1526 792 1617 824 ναοὺς,
1633 791 1682 818 καὶ
1696 791 1729 818 τὰ
1745 791 1822 818 εἴδω-

1029 837 1064 864 λα
1080 837 1162 864 παντὶ
1186 837 1279 873 τρόπῳ
1300 838 1562 873 καταστρέφεσθαι·
1588 838 1724 874 δεομένων
1742 837 1822 873 ἡμῶν

1030 883 1093 918 περὶ
1103 883 1208 910 τούτων
1223 884 1272 919 τῆς
1291 883 1440 919 βασιλικῆς
1455 884 1592 917 ἐξουσίας.

1065 929 1179 957 Συνόδου
1200 929 1383 966 Καρθαγένης
1400 930 1491 957 κανὼν
1505 934 1557 965 νη’,
1574 930 1627 963 πδν,
1645 934 1700 966 pg’,
1720 929 1792 965 ρλς’.

1066 1019 1141 1055 ρλς’.
1157 1020 1218 1046 Ὅτι
1231 1020 1261 1046 ού
1274 1020 1315 1046 δεῖ
1325 1028 1386 1047 τινα
1396 1020 1451 1046 τῶν
1461 1020 1636 1054 Χριστιανῶν
1649 1020 1677 1046 ὲν
1687 1019 1822 1055 βαλανείῳ

1032 1065 1103 1100 μετὰ
1117 1065 1256 1100 γυναικῶν
1271 1065 1472 1092 ἀπολούεσθαι·
1492 1067 1516 1092 εἰ
1535 1066 1584 1100 μὲν
1598 1066 1653 1102 γὰρ
1676 1066 1822 1101 ἱερωμένοι

1031 1111 1100 1138 είσὶν
1115 1111 1140 1137 οἰ
1160 1111 1240 1138 τοῦτο
1257 1110 1411 1144 ποιοῦντες,
1435 1111 1633 1146 καθαιροῦνται
1651 1119 1657 1126 ·
1676 1112 1700 1137 εί
1717 1111 1746 1138 δὲ
1761 1111 1822 1137 λαῖ-

1031 1157 1085 1188 κοὶ,
1101 1157 1290 1192 ἀφορίζονται.

1066 1202 1181 1229 Συνόδου
1198 1202 1360 1233 Λαοδικείας
1375 1202 1467 1230 κανὼν
1486 1202 1520 1230 λ’.

1067 1249 1184 1276 Συνόδου
1200 1249 1226 1281 ς’
1241 1249 1332 1276 κανὼν
1349 1249 1398 1282 οξ.

1069 1295 1134 1331 ρλζ’.
1150 1296 1212 1322 Ὀτι
1228 1295 1258 1322 οὺ
1272 1295 1313 1322 δεῖ
1332 1295 1480 1322 συνάπτειν
1493 1294 1562 1330 πρὸς
1575 1294 1666 1329 γάμου
1678 1295 1823 1321 κοινωνίαν

1031 1342 1069 1369 τὰ
1080 1341 1184 1369 ἑαυτῶν
1196 1342 1278 1368 τέκνα
1293 1341 1451 1377 αίρετικοῖς,
1466 1342 1482 1377 ἢ
1501 1341 1648 1373 Ἰουδαίοις,
1661 1341 1803 1376 ῆέθνικοῖς
1815 1348 1822 1356 ·

1032 1389 1056 1415 εί
1077 1388 1115 1423 μὴ
1129 1387 1345 1421 ἐπαγγέλλονται
1361 1387 1521 1422 Χριστιανοὶ
1535 1387 1670 1421 γενέσθαι.
1683 1387 1715 1413 El
1731 1386 1759 1413 δὲ
1775 1385 1824 1413 καὶ

1034 1433 1205 1468 συναφθεῖεν,
1233 1433 1391 1460 διαλύεσθαι
1420 1433 1450 1460 τὸ
1475 1433 1594 1460 τοιοῦτον
1612 1432 1731 1467 ἄθεσμον
1761 1441 1824 1460 συν-

194 1479 386 1508 dirimendum.
412 1481 505 1517 Neque
516 1490 580 1510 vero
603 1483 646 1511 his
664 1489 692 1512 ut
712 1484 921 1519 consanguineis
936 1485 977 1512 fa-

1045 1484 1150 1510 ιικὲσιυν
1159 1491 1166 1499 ν
1189 1483 1257 1518 μήτε
1275 1483 1303 1509 δὲ
1314 1483 1352 1513 ὡς
1364 1483 1505 1516 συγγενεῖς
1515 1480 1681 1508 οίκειοῦσοαι
1692 1481 1803 1512 τούτους
1814 1488 1822 1496 ·

195 1525 337 1553 miliariter
353 1528 479 1554 utendum
495 1536 502 1554 :
520 1528 639 1563 alioquin
657 1529 679 1557 si
694 1530 780 1557 sacris
806 1530 904 1557 addicti
914 1530 977 1562 sint.

1045 1530 1107 1561 ιπεὶ,
1121 1529 1145 1556 εί
1176 1529 1226 1564 μὲν
1256 1528 1402 1564 ίερωμένοι
1423 1528 1488 1560 είσὶ,
1517 1527 1714 1562 καθαιροῦνται
1727 1535 1735 1543 ⁸
1751 1528 1775 1553 εί
1794 1526 1824 1553 δὲ

195 1571 377 1606 dcjiciuntur;
402 1573 424 1600 si
442 1581 505 1601 vero
516 1574 588 1607 laici,
605 1579 792 1609 segregantur.
812 1574 881 1609 Quin
897 1576 977 1603 etiam

1045 1576 1142 1608 Δαῖκοὶ,
1169 1575 1372 1609 ἀφορίζονται·
1396 1575 1454 1601 ἀλλ’
1483 1575 1546 1601 οὐδὲ
1574 1573 1824 1609 καταλειφθήσεται

195 1625 286 1652 neque
307 1618 449 1646 hatreditas
466 1619 533 1654 ipsis
556 1620 745 1655 relinquetur:
762 1620 808 1655 qui
831 1621 903 1648 enim
930 1622 982 1650 hoc

197 1661 310 1695 faciunt.
327 1670 375 1698 pro
391 1664 555 1692 Christianis
574 1672 626 1692 non
646 1666 792 1699 habentur,
809 1666 874 1701 quin
890 1668 982 1703 potius

195 1709 367 1736 anathemate
387 1709 530 1737 feriuntur.

233 1755 333 1790 Synodi
350 1756 509 1784 Laodicenm
522 1765 609 1786 canon
625 1758 659 1785 10
672 1761 699 1784 et
711 1758 757 1785 5|.

231 1801 332 1837 Synodi
345 1803 576 1832 Chalcedonensis
593 1812 680 1832 canon
708 1804 752 1831 14.

231 1847 332 1883 Synodi
344 1848 566 1885 Carthaginensis
577 1857 665 1877 canon
689 1849 735 1882 2i,
752 1850 799 1884 22,
812 1851 857 1880 84.

231 1892 335 1928 Synodi
351 1894 384 1921 Vl
402 1901 488 1921 canon
510 1895 541 1921 ll
559 1899 586 1922 et
599 1895 644 1922 72.

231 1939 291 1966 158.
310 1938 363 1966 Eos
383 1940 429 1974 qui
444 1940 470 1967 in
489 1940 593 1968 alienas
605 1949 648 1969 res
667 1949 764 1969 manus
780 1941 939 1977 immittunt,
951 1952 983 1974 ac

195 1983 256 2018 plus
274 1985 390 2013 habendi
420 1986 569 2021 cupiditate
585 1987 720 2021 laborant,
735 1995 768 2015 ex
783 1988 902 2018 Ecclesia
917 1998 978 2019 esse

197 2029 352 2063 ejiciendos.

233 2074 324 2103 Sancti
337 2075 462 2110 Gregorii
479 2076 674 2114 Thaumaturgi
694 2086 781 2107 canon
798 2080 825 2108 2.

232 2120 324 2149 Saneti
336 2122 458 2158 Gregorii
474 2123 591 2159 Nysseni
606 2132 694 2153 cauon
707 2126 735 2153 6.

235 2168 378 2204 Theophili
391 2177 479 2198 canon
498 2170 543 2198 Η.

1033 1620 1138 1652 τούτοις
1151 1619 1319 1655 κληρονομία
1330 1627 1337 1635 ⁶
1355 1619 1380 1646 oi
1397 1619 1451 1655 γὰρ
1466 1619 1544 1645 τοῦτο
1558 1619 1697 1650 ποιοῦντες
1708 1618 1738 1645 οὐ
1755 1627 1824 1653 μνη-

1035 1666 1194 1701 μονεύονται
1209 1665 1247 1697 ὡς
1263 1665 1432 1700 Χριστιανοὶ,
1453 1664 1522 1692 ἀλλὰ
1540 1665 1640 1699 μᾶλλον
1658 1664 1824 1699 ἀναθεματί-

1034 1712 1138 1746 ζονται.

1069 1759 1183 1786 Συνόδου
1194 1758 1356 1791 Λαοδικείας
1373 1758 1464 1786 κανὼν
1476 1761 1491 1785 ι’
1504 1758 1553 1785 καὶ
1567 1759 1618 1786 λα’.

1069 1806 1182 1834 Συνόδου
1197 1806 1369 1842 Καλχηδόνος
1384 1806 1474 1833 κανὼν
1487 1806 1527 1832 ιδ’.

1070 1853 1184 1880 Συνόδου
1203 1853 1384 1888 Καρθαγένης
1398 1852 1490 1879 κανὼν
1506 1851 1560 1885 κα’,
1573 1853 1626 1887 κβ¹,
1640 1851 1692 1878 πδ’.

1071 1899 1185 1925 Συνόδου
1206 1897 1233 1931 ς’
1247 1897 1338 1925 κανὼν
1353 1901 1386 1925 ια’
1403 1898 1451 1925 καὶ
1465 1897 1515 1932 οβ’.

1072 1945 1140 1980 ρλη’.
1160 1945 1221 1971 Ὅτι
1235 1945 1276 1971 δεῖ
1302 1945 1365 1976 τοὺς
1380 1944 1434 1971 τῶν
1447 1943 1598 1979 ἀλλοτρίων
1617 1943 1826 1978 ὲφαπτομένους

1034 1991 1083 2017 καὶ
1094 1990 1325 2022 πλεονεκτοῦντας
1340 1989 1530 2025 ὲκκηρύκτους
1544 1989 1666 2024 γίνεσθαι
1691 1989 1742 2024 τῆς
1763 1989 1826 2016 Ἑκ-

1036 2035 1161 2070 κλησίας.

1071 2082 1125 2109 Τοῦ
1140 2083 1218 2117 ἁγίου
1234 2083 1387 2119 Γρηγορίου
1401 2084 1447 2111 τοῦ
1458 2082 1673 2119 Θαυματουργοῦ
1689 2081 1778 2109 κανὼν
1791 2081 1823 2117 β’.

1072 2127 1125 2154 Τοῦ
1139 2129 1218 2162 ἁγίου
1233 2130 1385 2164 Γρηγορίου
1403 2129 1513 2164 Νύσσης
1525 2128 1612 2156 κανὼν
1627 2127 1665 2159 ς’.

1073 2173 1203 2208 Θεοφίλου
1219 2175 1310 2201 κανὼν
1329 2172 1369 2201 ιδ’.

233 2215 295 2242 159.
314 2216 380 2243 Eum
404 2216 449 2250 qui
475 2217 509 2244 ab
536 2224 622 2245 uxore
644 2225 692 2245 sua
721 2223 820 2252 przeter
849 2221 977 2249 rationem

1075 2220 1140 2255 ρλϐ’.
1155 2221 1217 2246 Ὅτι
1238 2220 1269 2246 οὒ
1293 2220 1334 2246 δεῖ
1358 2218 1512 2254 στερεῖσθαι
1540 2218 1590 2253 τῆς
1614 2218 1758 2250 κοινωνίας
1780 2219 1828 2246 τὸν

197 2260 307 2289 relictus
330 2262 375 2294 sit,
392 2264 582 2290 conununione
604 2271 657 2291 non
672 2271 734 2292 esse
751 2265 923 2300 privandum.

235 2313 326 2340 Sancti
343 2312 435 2341 Basilii
451 2321 540 2341 canon
556 2314 602 2342 55.

234 2358 294 2386 ηο.
310 2359 367 2386 Non
384 2365 510 2393 oportere
526 2361 691 2389 immundam
707 2362 916 2396 mulierem,hoc
931 2369 983 2398 est,

196 2404 330 2430 menstrui
358 2403 481 2438 proﬂuvii
507 2409 638 2440 tempore,
659 2407 692 2433 ad
722 2411 844 2435 sanctam
857 2415 983 2435 comnm-

197 2449 304 2476 nionem
329 2451 459 2477 accedere
471 2458 480 2478 :
494 2451 558 2485 quin
577 2459 665 2486 neque
676 2460 722 2480 eos
738 2453 784 2488 qui
809 2453 984 2482 matrimonio

194 2494 283 2528 juncti
309 2500 383 2528 sunt,
407 2497 458 2524 nisi
474 2504 507 2524 ex
536 2503 677 2532 compacto
694 2506 709 2526 a
734 2504 827 2526 mutuo
854 2505 981 2527 contactu

196 2541 398 2576 abstinuerint;
420 2550 507 2578 neque
531 2551 595 2571 vero
617 2545 663 2579 qui
692 2550 855 2572 nocturnum
880 2545 982 2572 ﬂuxum

197 2587 268 2620 passi
287 2592 359 2620 sunt,
382 2588 514 2623 siquidem
532 2590 652 2618 mulieris
667 2591 888 2626 concupiscentia
925 2599 985 2618 sese

196 2637 337 2668 correptos
353 2634 470 2662 videant.
505 2635 534 2663 Si
554 2637 614 2671 quis
631 2645 696 2664 vero
713 2645 781 2671 aqua
799 2645 828 2664 se
860 2637 984 2670 abluens,

196 2679 281 2706 autin
295 2679 390 2707 balneo
401 2681 493 2709 lavaus
507 2690 538 2710 ac
555 2683 655 2711 invitus
670 2692 770 2719 aquam
791 2684 936 2717 sorbucrit,
951 2685 984 2711 ah

196 2731 227 2751 ea
238 2731 290 2752 non
306 2726 451 2754 arcebitur.

234 2769 324 2798 Sancti
339 2771 457 2808 Dionysii
479 2781 568 2800 canon
581 2773 609 2805 9.,
621 2773 648 2805 5,
665 2774 692 2801 ιί,

235 2815 324 2844 Sancti
340 2817 482 2846 Athanasii
496 2827 581 2846 canon
605 2821 628 2847 Ι.

234 2861 327 2890 Sancti
344 2862 477 2892 Timothei
495 2872 580 2892 canon
596 2864 621 2896 5,
641 2864 665 2898 7,
686 2864 727 2896 12,
746 2864 786 2896 15,
806 2863 862 2890 lO.‘

1036 2266 1144 2300 ὰλόγως
1159 2265 1376 2299 καταλειφθέντα
1391 2264 1443 2290 ὑπὸ
1453 2264 1502 2299 τῆς
1517 2264 1585 2296 ίδίας
1605 2264 1743 2298 γυναικός.

1072 2312 1126 2338 Τοῦ
1143 2311 1222 2344 ἁγίου
1232 2310 1376 2337 Βασιλείου
1388 2309 1479 2336 κανὼν
1490 2310 1536 2337 λε’.

1072 2357 1129 2392 pp].
1148 2357 1211 2383 Ὀτι
1226 2356 1256 2382 οὐ
1273 2355 1314 2382 δεῖ
1325 2355 1482 2389 ἀκάθαρτον
1498 2356 1626 2389 γυναῖκα,
1643 2355 1784 2383 τουτέστιν
1796 2357 1826 2384 ὲν

1036 2402 1092 2432 τοῖς
1107 2401 1243 2435 μηνιαίοις
1258 2399 1354 2434 αὐτῆς,
1369 2400 1402 2433 τῇ
1416 2399 1483 2435 ἁγίᾳ
1500 2401 1628 2436 κοινωνίᾳ
1643 2401 1803 2435 προσελθεῖν
1817 2411 1824 2419 ·

1036 2446 1094 2473 ἀλλ’
1106 2445 1167 2473 οὐδὲ
1184 2446 1208 2472 οὶ
1224 2446 1253 2472 ὲν
1268 2444 1385 2481 συζυγίᾳ
1399 2444 1484 2477 ὄντες,
1506 2446 1529 2472 εἰ
1547 2445 1585 2480 μὴ
1599 2447 1630 2480 τῇ
1647 2446 1713 2481 αὐτῇ
1731 2447 1826 2484 ἡμέρᾳ

1036 2493 1236 2528 ἀποστήσουσιν
1247 2492 1346 2523 αὐτοὺς
1357 2493 1389 2518 ὲκ
1403 2491 1551 2526 συμφώνου
1564 2492 1613 2526 τῆς
1630 2493 1689 2526 μετ’
1700 2492 1825 2528 ἀλλήλων

1037 2539 1194 2573 συναφείας.
1209 2537 1279 2565 om
1295 2537 1323 2564 δὲ
1334 2537 1360 2563 οί
1373 2538 1402 2564 ὲν
1419 2538 1562 2572 νυκτερινῇ
1583 2537 1659 2572 ῥύσει
1673 2539 1826 2572 γενόμενοι,

1037 2586 1116 2620 εἴπερ
1144 2584 1258 2615 ἑαυτοὺς
1289 2582 1424 2617 ἐπιθυμία
1450 2583 1578 2616 γυναικὸς
1603 2583 1827 2618 κεκρατημένους

1037 2632 1136 2666 δρῶσιν
1150 2638 1156 2644 '
1171 2631 1195 2656 εξ
1206 2629 1234 2656 δὲ
1246 2629 1409 2663 νιπτόμενός
1425 2637 1468 2659 τις
1486 2628 1573 2661 ὕδατι,
1592 2629 1608 2663 ἢ
1625 2628 1827 2664 ἁπολουὸμενος

1037 2678 1066 2704 ὲν
1082 2675 1226 2712 βαλανείῳ,
1242 2675 1289 2701 καὶ
1305 2676 1342 2710 μὴ
1360 2674 1446 2701 θέλων
1460 2675 1582 2710 καταπίῃ
1602 2674 1683 2710 ὕδωρ,
1701 2674 1751 2700 οὐκ
1768 2675 1828 2710 sip-

1038 2723 1169 2758 χθήσεται
1185 2722 1297 2756 ταύτης.

1072 2769 1125 2796 Τοῦ
1141 2768 1220 2802 ἁγίου
1239 2768 1377 2794 Διονυσίου
1391 2767 1482 2794 κανὼν
1497 2766 1530 2802 β’,
1546 2766 1581 2801 γ’,
1599 2766 1630 2795 δ’.

1073 2815 1126 2842 Τοῦ
1142 2815 1219 2849 ἁγίου
1244 2814 1406 2841 ’Λθανασίου
1420 2813 1511 2841 κανὼν
1525 2813 1560 2841 α’.

1073 2861 1126 2888 Τοῦ
1141 2861 1217 2895 ἁγίου
1233 2859 1367 2895 Τιμοθέου
1385 2861 1474 2887 κανὼν
1487 2862 1516 2892 ε’,
1531 2859 1562 2892 ζ’,
1581 2858 1623 2895 ιβ’,
1638 2862 1682 2894 ιγ’,
1702 2857 1749 2891 ις’.
