1929 3076
164 142 199 176 63
783 143 965 174 ARISTENI
985 143 1158 174 MONACHI
1275 190 1278 193 Δ
1759 144 1800 177 65

362 344 465 442 Η
539 339 820 444 ΥΠΟ
885 339 1596 446 ΑΡΙΣΤΙΝΟΥ

863 505 1109 548 ΣΥΝΟΨΙΣ

455 616 624 680 ΤΩΝ
673 611 1080 680 ΚΑΝΟΝΩΝ
1131 610 1504 678 ΠΑΝΤΩΝ.

275 830 744 911 SYNOPSIS
803 831 986 908 CAN
990 830 1117 908 ON
1123 830 1258 910 UM
1316 831 1695 912 OMNIUM

559 983 630 1028 AB
678 982 978 1029 ARISTENO
1018 981 1408 1030 CONSCBIPTA.

356 1156 518 1185 Sanctorum
532 1156 724 1191 apostolorum.

204 1208 232 1236 1.
252 1207 311 1235 Duo
330 1212 379 1234 aut
404 1211 461 1235 tres
482 1207 604 1242 episcopi
629 1207 757 1234 ordinant
774 1205 928 1242 episcopum
946 1216 953 1233 :

171 1263 242 1282 unus
257 1261 330 1287 vero,
355 1254 542 1289 presbyterum
559 1259 586 1282 et
598 1254 753 1281 diaconum.

204 1300 233 1327 2.
250 1299 384 1328 Sacerdos
399 1300 451 1333 lac,
471 1306 515 1328 aut
530 1301 593 1333 mel,
608 1305 655 1328 aut
671 1301 800 1335 siceram,
817 1305 864 1328 aut
893 1301 955 1328 ani-

169 1346 261 1379 malia,
277 1351 324 1374 aut
340 1345 474 1381 legumina
489 1346 604 1374 offerens
617 1346 650 1373 ad
667 1347 761 1379 altare,
775 1351 953 1381 praeterquam

171 1399 255 1420 novas
270 1392 360 1427 spicas
384 1397 413 1420 et
439 1400 506 1420 uvas
521 1396 548 1420 et
575 1392 664 1420 oleum
684 1397 711 1420 et
728 1392 887 1428 thymiama,
904 1393 954 1421 de-

169 1445 296 1473 ponatur.

204 1485 232 1512 5.
246 1485 361 1513 Fructus
374 1485 481 1513 domum
497 1485 648 1519 mittantur,
664 1493 731 1521 quos
742 1486 823 1521 primi
837 1494 954 1522 sequen-

170 1531 241 1558 tibus
255 1532 429 1560 distribuant.

205 1577 393 1612 LConjugem
422 1577 550 1606 sacerdos
582 1577 605 1605 si
636 1577 739 1613 ejiciat,
765 1578 955 1605 excommuni-

169 1628 267 1653 cetur:
293 1625 316 1652 si
344 1631 411 1652 vero
449 1632 507 1652 non
535 1623 702 1656 introducunt.
726 1623 814 1659 gradu
839 1623 955 1660 dejicie-

170 1674 224 1698 tur.

204 1715 231 1743 5.
250 1715 398 1744 Saculares
419 1722 499 1744 curas
509 1716 660 1751 suscipiens
674 1717 811 1750 sacerdos,
827 1718 955 1745 sacerdo-

170 1761 208 1789 tio
221 1762 351 1796 privetur.

207 1808 234 1836 6.
258 1807 309 1842 Qui
335 1816 397 1836 cum
420 1808 521 1837 Judaeis
546 1808 652 1836 Pascha
680 1809 810 1843 celebrat,
841 1811 955 1845 deponi-

171 1858 225 1882 tur.

206 1901 233 1928 7.
246 1899 378 1929 Sacerdos
404 1909 458 1928 non
483 1900 687 1929 communicatis
708 1901 782 1928 dicat
818 1910 953 1932 causam:

172 1947 243 1981 quod
266 1946 289 1974 si
315 1954 368 1974 non
383 1946 494 1978 dixerit,
513 1947 780 1974 excommunicetur:
799 1953 954 1982 suspectum

171 1992 243 2019 enim
260 1992 350 2019 reddit
362 1992 532 2019 otferentem.

207 2038 234 2065 8.
251 2037 506 2066 Exrommunicabis
514 2046 576 2065 crint
589 2037 634 2073 qui
653 2037 680 2065 in
703 2038 826 2066 oratione
842 2042 869 2066 et
881 2046 954 2067 com-

171 2081 299 2107 munione
310 2088 363 2108 non
381 2086 544 2116 perseverat.
794 2084 800 2092 '

207 2125 233 2153 9.
247 2126 298 2160 Qui
317 2131 377 2154 orat
390 2134 451 2155 cum
465 2127 701 2155 excommunicato
716 2133 762 2155 aut
779 2129 864 2163 gradu
878 2127 952 2162 deje-

172 2178 227 2205 cto,
253 2173 366 2207 ipsemet
376 2174 587 2202 condemnatur.

208 2219 252 2246 £0.
270 2219 322 2252 Qui
338 2220 447 2247 aliunde
465 2220 580 2256 ejectum
600 2221 762 2257 susceperit,
797 2222 882 2257 magis
898 2221 956 2257 ipse

171 2264 322 2299 ejiciendus
337 2270 388 2293 est.

207 2311 252 2339 Η.
270 2313 320 2346 Qui
343 2314 651 2342 cxcommunicationem
667 2315 807 2348 mentitur,
825 2315 885 2343 ideo
900 2323 957 2343 ma-

169 2357 243 2385 xime
260 2358 424 2391 rejicicndus
443 2364 496 2387 est.

207 2404 252 2433 12.
269 2404 366 2433 Sedem
381 2414 414 2433 ex
429 2407 494 2434 sede
509 2415 561 2434 non
576 2407 698 2440 invades,
710 2408 763 2436 nisi
779 2407 813 2436 iis
837 2408 882 2443 qui
910 2408 951 2435 ibi

171 2449 272 2484 degunt
285 2451 386 2484 utilior,
405 2457 534 2487 tanquam
567 2453 599 2480 ad
622 2454 773 2481 docendum
795 2455 953 2488 aptissimus

1213 1157 1275 1185 Τῶν
1284 1157 1377 1192 ἁγίων
1395 1157 1586 1185 ἀποστόλων.

1044 1207 1079 1236 α’.
1097 1209 1150 1235 Δύο
1169 1208 1184 1243 ἢ
1205 1209 1279 1244 τρεῖς
1304 1209 1450 1236 ἐπίσκοποι
1469 1208 1668 1245 χειροτονοῦσιν
1683 1210 1796 1237 ἐπίσκο-

1008 1263 1058 1281 πον
1071 1263 1079 1270 ·
1096 1252 1137 1286 εἷς
1149 1254 1187 1287 δὲ,
1207 1253 1394 1289 πρεσϐύτερον
1407 1256 1453 1281 καὶ
1469 1255 1601 1282 διάκονον.

1045 1299 1077 1335 β’.
1098 1300 1199 1336 Ὶερεὺς
1220 1301 1234 1326 6
1258 1299 1339 1334 γάλα,
1357 1300 1373 1335 ἢ
1400 1299 1503 1335 μέλι,ἥ
1531 1299 1639 1335 σίκερα,
1656 1300 1672 1336 ἢ
1689 1300 1756 1333 ζῶα,
1775 1301 1792 1336 ἧ

1008 1346 1110 1383 ὕσπρισ.
1135 1346 1174 1381 τῷ
1196 1345 1383 1381 θυσιαστηρίῳ
1408 1346 1567 1381 προσάγων,
1590 1346 1660 1381 πλὴν
1682 1347 1792 1382 χίδρων,

1008 1392 1055 1420 καὶ
1076 1392 1219 1427 σταφυλῶν
1233 1413 1241 1425 ,
1262 1391 1310 1419 καὶ
1338 1391 1439 1425 ἐλαίου,
1456 1392 1502 1419 καὶ
1520 1391 1702 1428 θυμιάματος,
1723 1394 1793 1420 καο-

1007 1439 1150 1475 αιρείσθω.

1043 1486 1078 1521 γ’.
1094 1486 1128 1513 Αἱ
1143 1486 1250 1521 ὀπῶραι
1269 1485 1338 1512 οἴκοι
1366 1485 1570 1521 πεμπέσθωσαν
1585 1505 1593 1518 ,
1613 1484 1646 1516 ἃς
1672 1485 1697 1511 οί
1714 1485 1794 1520 ττρῶ-

1008 1542 1049 1561 τοι
1057 1533 1114 1563 τοῖς
1125 1532 1190 1567 ἑξῆς
1204 1531 1368 1566 διανέμοιεν.

1045 1579 1076 1606 δ’.
1093 1578 1149 1614 Τὴν
1169 1577 1265 1614 βοηθὸν
1287 1577 1376 1612 ἱερεὺς
1391 1577 1531 1604 ἐκϐάλλων
1555 1577 1737 1613 ἁφοριζέσθω,
1754 1577 1793 1614 μὴ

1009 1625 1127 1658 εἰσάγων
1139 1623 1178 1656 δὲ,
1190 1622 1390 1658 καθαιρείσθω.

1045 1718 1077 1745 ε’.
1093 1716 1238 1753 Κοσμικὰς
1259 1715 1404 1751 φροντίδας
1433 1715 1579 1750 δεχόμενος
1599 1715 1699 1752 ἱερεὺς,
1717 1716 1792 1742 ἀνίε-

1011 1773 1083 1842 pagg-5
1099 1809 1280 1844 Καθαιρείται
1303 1808 1317 1835 6
1337 1807 1424 1834 τελῶν
1448 1807 1518 1842 μετὰ
1538 1806 1673 1834 Ἰουδαίων
1688 1807 1718 1833 τὺ
1735 1807 1793 1834 Πά-

1008 1864 1075 1935 σχέῖ.
1097 1901 1198 1937 Ἶερεὺς
1214 1902 1228 1928 6
1248 1902 1285 1936 μὴ
1298 1899 1515 1936 μεταλαμϐάνων
1526 1900 1632 1933 λεγέτω
1648 1902 1678 1926 τὸ
1694 1900 1789 1933 αἴτιον,

1006 1947 1180 1983 ἀφοριζέσθω
1205 1947 1233 1974 δὲ
1260 1946 1298 1982 μὴ
1312 1946 1415 1979 λέγων·
1433 1945 1554 1972 ὕποπτον
1576 1946 1630 1981 γὰρ
1655 1947 1790 1982 πεποίηκε

1003 1994 1049 2021 τὺν
1057 1993 1242 2028 προσάγοντα.

1005 2042 1021 2058 "-
1041 2043 1075 2075 η’.
1093 2039 1250 2075 Ἀφορίσεις
1268 2038 1314 2065 τὸν
1332 2039 1364 2073 τῇ
1386 2038 1453 2073 εὐχῇ
1467 2037 1514 2064 καὶ
1528 2038 1562 2073 τῇ
1584 2037 1734 2072 μεταλήψει
1753 2037 1790 2072 μὴ

1006 2087 1210 2122 παραμένοντα.

1039 2133 1073 2159 θ’.
1092 2132 1123 2159 '0
1141 2132 1337 2166 συνευχόμενος
1349 2130 1536 2165 ἀκοινωνήτῳ,
1560 2129 1578 2164 ἢ
1592 2129 1789 2164 καθῃρημένῳ,

1005 2178 1249 2213 αὐτοκατάκριτος.

1041 2228 1068 2252 t'.
1088 2225 1117 2251 '0
1134 2224 1280 2259 δεξάμενος
1302 2223 1347 2249 τὸν
1366 2222 1478 2250 ἄλλοθεν
1493 2222 1618 2254 ἄδεκτον,
1641 2222 1789 2249 ἀδεκτότε-

1008 2279 1085 2342 Pofai’.
1115 2315 1144 2342 '0
1169 2313 1216 2341 τὸν
1243 2312 1397 2349 ἀφορισμδν
1427 2312 1615 2348 ψευσάμενος,
1642 2312 1789 2339 ἀδεκτότα-

1006 2370 1086 2443 ωῖρη
1110 2407 1210 2442 Θρὸνον
1235 2407 1285 2434 οὐκ
1312 2405 1496 2441 ἐπιπηδήσεις
1522 2405 1555 2431 ὲκ
1577 2404 1684 2439 θρόνου,
1711 2404 1735 2430 εί
1753 2404 1789 2440 μὴ

1007 2457 1061 2486 τοῖς
1088 2455 1146 2481 ἐκεῖ
1157 2453 1391 2488 λυσιτελέστερος,
1416 2453 1454 2483 ὡς
1477 2450 1706 2481 διδακτικώτατος
1733 2451 1790 2485 κρί-

168 2497 308 2532 iudiceris.
324 2497 407 2533 quue
428 2498 574 2527 multorum
587 2499 777 2535 episcoporum
791 2499 894 2534 judicio
909 2505 953 2526 at-

1023 2507 1081 2527 οιο²
1099 2501 1147 2527 καὶ
1168 2499 1248 2526 τοῦτο
1265 2498 1372 2526 πολλῶν
1401 2497 1561 2524 ἐπισκόπων
1587 2496 1724 2531 διακρίσει
1744 2496 1790 2522 καὶ

170 2549 224 2577 que
236 2544 427 2573 obtestatione.

207 2588 251 2616 13.
266 2589 360 2617 Omnis
377 2591 492 2619 clericus
519 2591 627 2626 propria
664 2591 759 2619 relicta
788 2591 903 2619 ecclesia
929 2591 957 2618 in

171 2634 256 2662 aliena
269 2636 380 2671 degens,
398 2637 421 2665 si
436 2638 470 2665 ab
485 2637 611 2671 episcopo
627 2642 768 2664 revocatus
782 2645 835 2664 non
852 2637 954 2670 redeat,

171 2682 431 2716 excommunicatur,
450 2689 477 2711 et
490 2685 534 2719 qui
549 2684 622 2712 hunc
635 2684 725 2712 sciens
737 2689 764 2712 et
779 2683 899 2719 prudens
911 2684 958 2711 de-

172 2726 249 2758 tinet.
266 2727 380 2761 ipsemet
392 2730 599 2757 condemnatur.

208 2772 252 2799 14.
272 2773 389 2806 Quilibet
417 2776 536 2803 secundo
566 2774 742 2802 matrimonio
770 2775 893 2810 junctus,
910 2780 958 2802 aut

173 2819 352 2848 concubinam
373 2821 495 2850 nutriens
531 2820 563 2849 ad
573 2821 751 2850 sacerdotium
769 2828 822 2849 non
836 2820 956 2849 admitti-

172 2871 223 2895 tur.

1007 2545 1193 2582 παρακλήσει.

1043 2591 1088 2625 ιγ’.
1106 2591 1244 2626 Κληρικὺς
1257 2589 1330 2621 ἅπας
1341 2590 1354 2615 6
1371 2589 1420 2622 τῆς
1435 2587 1540 2619 οἰκείας
1562 2587 1652 2619 ἐκτὸς,
1678 2587 1725 2614 καὶ
1743 2588 1791 2622 τὴν

1008 2637 1152 2674 ἀλλοτρίαν
1179 2636 1272 2670 οίκῶν,
1297 2635 1344 2662 καὶ
1359 2634 1428 2670 προς
1452 2633 1499 2660 τοῦ
1525 2634 1677 2660 ἐπισκόπου
1707 2634 1791 2660 δυσω-

1010 2685 1157 2719 πούμενος,
1180 2683 1227 2709 καὶ
1249 2682 1280 2708 οὗ
1307 2679 1490 2712 παλινοστῶν,
1516 2678 1719 2714 ἀκοινώνητος·
1745 2680 1790 2706 καὶ

1012 2729 1107 2756 τοῦτον
1124 2730 1137 2756 6
1153 2730 1182 2755 ἐν
1194 2727 1292 2762 γνώσει
1307 2727 1441 2762 κατέχων,
1458 2725 1704 2760 αὐτοκατάκριτος.

1049 2775 1089 2802 ιδ’.
1110 2775 1229 2811 Ἀνίερος
1247 2774 1320 2806 ἅπας
1342 2773 1468 2808 δίγαμος,
1487 2772 1504 2808 ἢ
1523 2771 1663 2807 παλλακὴν
1686 2773 1792 2809 ἐπιτρέ-

1011 2830 1078 2856 φων.
