1929 3076
92 138 129 169 65

94 241 220 276 μαινάδα
234 241 327 267 λαὸὼν
340 240 444 276 ἱερεὺς,
457 240 542 270 ὅντως
554 238 673 274 ἀνίερος.

132 326 182 358 ις’.
211 327 249 353 Οὐ
267 327 445 362 κεκλήρωται
472 327 486 353 ὁ
519 326 566 353 δύο
589 326 720 360 ἀδελφὰς,
745 325 891 361 ἢὰνεψιὰν

96 374 282 408 ἀγαγόμενος.

135 462 179 492 ιζ’.
197 461 338 496 Κληρικδς
354 461 457 496 ἐγγύας
469 461 500 487 οὐ
513 461 634 488 δίδωσιν.

133 508 181 543 ιη’.
200 507 338 543 Εὐνοῦχος
355 508 480 543 ἱερᾶται·
499 507 631 542 ἐκτομίας
644 507 673 533 δὲ
689 506 732 534 οὕ.

134 599 181 626 ιϐ’.
206 599 238 625 '0
260 599 330 634 μετὰ
353 599 455 634 κλῆρον
478 598 576 626 ἑαυτὸν
600 599 737 633 ἐκτεμὼν,
766 599 890 635 καθῄρη-

96 654 154 672 ταμ

133 695 168 717 κ’.
193 691 223 717 '0
237 690 333 716 ἑαυτὸν
347 689 470 725 ἐκτεμὼν
495 689 600 722 λαῖκὸς,
623 691 670 716 ἐπὶ
681 690 804 725 τριετίαν
815 690 890 725 ἀφώ-

99 746 206 772 ρισται.

134 787 191 810 κα¹.
210 783 328 818 Πορνεία
351 782 457 817 σχεῦεὶς
473 782 571 817 ἱερεὺς,
586 782 602 817 ἢ
619 783 759 818 ἐπιορκία,
775 783 791 818 ἢ
806 783 890 816 κλέμ-

100 839 177 864 ματι,
191 830 356 865 καθῄρηται.

719 132 900 163 SYNOPSIS
919 130 1116 162 CANONUM.

131 198 175 223 ιε’.
201 194 446 229 Ἀπολελυμὲνην,
465 193 481 229 ἢ
501 194 601 229 χήραν.
621 191 637 228 ἢ
663 191 846 227 Θεράπαιναν,
873 189 889 225 ἢ

978 188 1022 215 15.
1039 186 1167 221 Quisquis
1174 185 1326 217 dimissam,
1337 190 1384 214 aut
1391 185 1511 219 viduam,
1526 191 1571 213 aut
1588 187 1729 220 ancillam,

942 238 988 261 aut
1019 234 1141 260 insanam
1169 232 1197 260 in
1209 239 1322 260 uxorem
1338 233 1484 268 acceperit,
1500 240 1562 260 vere
1581 233 1731 260 sacerdotio

942 280 1083 315 indignus.

978 327 1021 354 l6.
1038 326 1096 354 Non
1120 326 1246 361 allegitur
1270 326 1296 353 in
1325 326 1426 353 clerum
1448 326 1572 360 quisquis
1593 326 1660 354 dnas
1685 334 1731 353 so-

941 379 1028 405 rores,
1062 376 1109 399 aut
1133 371 1325 399 consobrinam
1358 372 1384 398 in
1415 373 1618 400 tnatrimonium
1643 375 1731 400 duxe-

942 419 988 447 rit.

977 464 1021 492 l7.
1035 464 1158 492 Clericus
1181 465 1368 500 [idejussiones
1380 472 1431 491 non
1445 465 1500 493 dat.

977 509 1021 537 18.
1037 509 1184 538 Eunuchus
1201 511 1353 538 sacerdotio
1369 511 1444 546 fungi
1464 516 1563 546 potest,
1581 513 1627 547 qui
1658 522 1723 541 vero

941 556 1060 590 scipsum
1076 556 1235 588 absciderit,
1249 548 1429 592 nequaquam.

976 601 1020 628 19.
1042 601 1070 628 Si
1083 602 1143 636 quis
1158 607 1299 638 postquam
1317 603 1342 629 in
1357 603 1458 630 clerum
1472 608 1613 638 cooptatus
1633 603 1728 636 fuerit,

940 647 1058 680 seipsnm
1074 648 1230 680 absciderit,
1244 650 1404 683 deponatur.

974 692 1020 720 20.
1039 692 1139 720 Laicus
1156 693 1202 728 qui
1231 695 1350 729 seipsutn
1371 695 1535 728 exsecuerit,
1565 703 1612 730 per
1644 696 1726 723 trien-

941 739 1015 765 nium
1032 744 1202 774 segregatum

974 785 1020 812 ‘2l.
1040 785 1174 813 Sacerdos
1186 785 1378 820 fornicatione,
1393 787 1579 822 autperjurio,
1592 793 1638 814 aut
1654 788 1727 815 furto

943 830 1103 865 obstrictus,
1113 832 1266 866 deponitur.

135 876 189 910 κβ¹.
208 875 240 901 Ὀ
265 875 390 910 ἱερᾶσθαι
418 874 541 908 μέλλων,
569 874 594 900 εἰ
625 873 757 908 βούλοιτο,
787 883 891 910 προγα-

977 876 1023 903 '22.
1038 877 1090 910 Qui
1104 878 1137 904 ad
1155 886 1249 905 sacros
1263 878 1374 906 ordines
1401 880 1601 914 promovendus
1629 886 1682 911 est,
1701 881 1722 907 si

99 921 198 955 μείτω.

134 966 190 1000 κγ’.
210 966 312 1001 ’ἱερεὺς
327 966 434 997 πιστὸν,
451 965 467 1001 ἢ
482 965 598 992 ἄπιστον
615 967 767 1001 τυπτήσας,
793 967 891 994 καθαι-

99 1015 202 1046 ρεῖται.

133 1058 175 1084 κδ’
204 1058 236 1084 ’0
259 1057 434 1092 καθαιρεθεὶς
460 1057 645 1092 εὐλογώτατα,
673 1059 698 1086 et
725 1059 781 1085 τῶν
810 1060 890 1087 οείων

101 1104 202 1138 ἅψεται
214 1104 308 1136 πάλιν,
323 1104 574 1139 ἐκκηρυκτότατος.

134 1149 186 1177 κε’.
206 1151 238 1176 '0
254 1150 299 1177 ἐπὶ
313 1151 454 1185 χρήμασιν
473 1150 573 1186 ἱερεὺς,
588 1151 657 1185 μετὰ
668 1151 715 1177 τοῦ
734 1153 890 1188 χειροτονή-

100 1205 198 1227 σαντος
216 1196 434 1231 καθαιρούμενος
449 1196 536 1231 ἔσται,
548 1197 595 1223 καὶ
619 1197 691 1224 κατὰ
704 1198 891 1233 Σίμωναίεισ-

98 1242 143 1267 αεὶ
157 1243 353 1276 ἀκοινώνητος.

135 1290 198 1319 ις’.
220 1287 252 1314 Ὀ
274 1288 309 1315 δι’
324 1288 463 1323 ἀρχόντων
483 1288 643 1321 ἐπίσκοπος,
675 1289 891 1325 καθαιρούμενος

99 1333 288 1369 ἀφοριξέσθω.

137 1424 192 1457 κζ’.
216 1425 245 1451 ’0
265 1425 294 1458 ἐξ
320 1425 444 1452 ἀναιτίου
459 1426 579 1461 σχισθεὶς
601 1426 762 1459 ἂπίσκοπος,
777 1422 825 1454 καὶ
840 1435 892 1462 πη-

100 1471 169 1505 γνὺς
187 1471 252 1498 ἄλλο
263 1471 466 1507 θυσιαστήριον,
481 1472 540 1506 μετ’
555 1472 639 1499 αὑτοῦ
650 1472 705 1505 ἔξει
722 1473 768 1499 τὸν
782 1473 891 1499 ἔκπτω-

101 1527 159 1544 τον.

140 1568 195 1599 κη’.
213 1566 341 1599 Ἀδεκτος
356 1565 459 1601 ἑτέροις
480 1566 494 1592 ὁ
510 1565 540 1598 ἐξ
568 1566 661 1602 ἐτέρου
682 1566 824 1601 περιόντος
840 1565 894 1600 ἀφ-

101 1609 266 1645 ιαμ-σμένος.

140 1655 194 1682 κδ’.
210 1656 291 1688 Ξένος
307 1657 397 1691 ἱερεὺς
421 1657 483 1692 δίχα
500 1656 670 1684 συστατικῶν
695 1656 725 1684 οὐ
749 1656 896 1692 προσδέχε-

103 1710 161 1734 ται,
177 1704 224 1728 καὶ
241 1703 322 1737 ἔχων,
345 1702 569 1738 ὲπανακρίνεται,
586 1703 634 1729 καὶ
658 1703 682 1728 ει
704 1702 768 1734 τοὺς
784 1702 895 1737 ὀρθοτο-

105 1747 229 1782 μοῦντας
250 1748 410 1783 προσίεται·
425 1749 448 1774 εί
472 1747 494 1774 δ’
525 1747 581 1781 οὖν,
612 1747 808 1784 ἀφοριζόμενος
830 1747 897 1773 ἀπο-

107 1794 140 1819 πέ
146 1802 259 1827 μπεται.

142 1849 177 1876 λ’.
195 1849 263 1884 Δίχα
278 1849 324 1876 τοῦ
340 1849 449 1885 πρώτου
463 1849 536 1876 ποιεῖ
562 1849 638 1876 οὐδὲν
660 1850 674 1876 ὁ
695 1848 854 1880 ἐπίσκοπος,
871 1848 896 1874 εί

109 1895 149 1930 μὴ
177 1897 213 1923 τὰ
228 1896 279 1930 τῆς
299 1895 445 1930 παροικίας
460 1895 563 1923 αὐτοῦ’
581 1896 629 1922 καὶ
655 1897 668 1922 ὁ
695 1895 804 1930 πρῶτος
829 1895 895 1930 ἄτερ

109 1942 216 1968 ἐκείνου
231 1941 319 1973 οὐδὲν,
335 1941 381 1968 διὰ
396 1942 443 1977 τὴν
455 1941 635 1977 ὀφειλομένην
651 1941 790 1976 ὁμόνοιαν.

144 1995 197 2023 λα’.
225 1997 271 2033 Μὴ
302 1997 467 2032 χειροτονεῖν
494 1996 647 2033 ὑπερόριασ
667 1996 681 2022 ὁ
705 1996 732 2022 δὲ
752 1995 828 2031 παρὰ
846 1994 896 2030 τὴν

109 2041 226 2077 γνώμην
244 2042 298 2068 τῶν
317 2042 457 2077 ἐγχωρίων
475 2041 617 2075 ἐπιτελῶν,
633 2040 824 2071 ἀτελέστατος.

143 2174 196 2209 ).β¹.
219 2174 249 2200 ’0
276 2172 484 2208 νεοπρὸσλητος.
507 2172 532 2199 εἰ
554 2173 751 2207 δυσανασχετεῖ
775 2171 843 2206 πρὸς
868 2172 898 2197 τδ

109 2220 280 2255 ἐγχείρημα,
298 2218 468 2254 ἀφορίζεται,
486 2218 583 2253 μέχρις
601 2218 634 2244 ἂν
652 2218 855 2253 παραδέξηται·
873 2218 896 2243 ει
913 2211 934 2240 ι)

110 2267 139 2293 δὲ
158 2267 236 2300 παρὰ
248 2265 295 2291 τοῦ
315 2264 381 2290 λαοῦ
401 2264 437 2300 μὴ
447 2264 567 2300 δεχθείη,
579 2265 593 2290 ὁ
611 2263 712 2299 κλῆρος
723 2263 895 2298 ἀφορίζεται,

111 2313 154 2338 ὅτι
181 2311 220 2346 μὴ
235 2310 280 2337 τὸν
294 2310 372 2344 ὄχλον
394 2310 588 2336 πεπαίδευσεν.
607 2309 622 2335 ὀ
642 2308 671 2335 δέ
692 2309 765 2334 ἐστιν
786 2307 898 2335 ἐπίσκο-

113 2366 175 2389 mg.

145 2413 198 2447 λγ.
217 2413 263 2444 Δὶς
279 2411 341 2438 κατ’
355 2411 413 2442 ἔτος
429 2411 452 2437 οἱ
467 2410 611 2436 ἐπίσκοποι
626 2410 792 2436 συνιέτωσαν
806 2407 849 2434 διὰ
865 2407 898 2433 τὰ

113 2460 236 2493 δόγματα
251 2459 297 2484 καὶ
310 2457 345 2484 τὰ
355 2457 518 2492 πράγματα.
531 2455 642 2492 Πρῶτον
654 2455 714 2490 μὲν,
729 2456 764 2491 τῇ
779 2454 898 2490 τετάρτῃ

112 2506 163 2541 τῆς
175 2505 369 2539 Πεντηκοστῆς
381 2502 526 2538 ὲὸδομάδι’
547 2501 674 2537 δεύτερον
688 2501 727 2535 δὲ,
748 2500 897 2536 ὑπερόερε-

79 2585 86 2591 1
115 2551 191 2578 ταίου
207 2549 357 2585 δωδεκάτῃ.

149 2607 199 2634 λε’.
221 2604 364 2634 Διοικείτω
388 2604 458 2639 μετά
488 2602 602 2638 κυρείας
619 2602 652 2629 τὰ
667 2603 715 2638 τῆς
736 2601 899 2636 Ἐκκλησίας

115 2652 291 2681 Esaiam-:0;
309 2649 470 2684 πράγματα,
497 2648 562 2682 μήτι
590 2646 693 2673 τούτων
724 2647 862 2680 συγγενεῖ,
875 2646 899 2672 εἰ

115 2697 153 2733 μὴ
165 2697 201 2728 ὡς
217 2697 326 2730 πένητι,
344 2693 535 2729 χαριζόμενος.

149 2752 196 2779 λε’.
213 2752 296 2786 ’Δτερ
321 2749 474 2776 ἐπισκόπου
503 2749 576 2775 ποιεῖ
604 2747 788 2783 πρεσϐύτερος
812 2748 899 2780 οὐδὲν,

115 2799 163 2824 καὶ
178 2798 303 2827 διάκονος
316 2804 323 2811 ·
340 2795 390 2822 καὶ
412 2794 466 2828 γὰρ
478 2791 555 2824 οὗτος
571 2793 752 2820 πεπίστευται
767 2793 811 2820 τὶν
826 2793 900 2820 λαόν.

150 2845 202 2877 λς’.
221 2844 263 2871 Τὰ
290 2843 342 2877 τῆς
362 2840 536 2873 Ἐκκλησίας,
557 2840 604 2867 καὶ
626 2840 661 2867 τὰ
686 2840 733 2866 τοῦ
751 2840 902 2867 ἐπισκόπου

942 923 1014 955 Velit,
1029 924 1103 958 prius
1118 932 1229 952 uxorem
1247 925 1337 952 ducat.
1662 959 1663 964 η

976 968 1021 995 25.
1040 968 1175 996 Sacerdos
1190 969 1307 1003 ﬁdelem,
1328 974 1373 997 aut
1392 970 1529 998 infidelem
1551 970 1572 997 si
1585 979 1727 1005 percusse<

942 1014 990 1046 rit,
1006 1014 1162 1048 deponitur.

976 1059 1022 1086 24,
1045 1058 1186 1092 Depositus
1199 1059 1301 1094 justam
1313 1059 1348 1087 ob
1363 1067 1485 1092 causam,
1502 1060 1525 1087 si
1557 1068 1600 1088 res
1620 1060 1728 1088 divinas

943 1112 1050 1131 rursum
1072 1105 1202 1139 attigerit,
1215 1105 1331 1132 maxime
1343 1106 1516 1140 expellendus
1530 1113 1582 1133 est.

978 1150 1025 1177 25.
1040 1150 1089 1182 Qui
1115 1151 1176 1178 data
1199 1151 1312 1184 pecunia
1341 1152 1469 1179 sacerdos
1507 1151 1595 1179 iactus
1612 1157 1652 1178 est
1675 1160 1728 1179 una

943 1204 1003 1223 cutn
1016 1203 1049 1223 eo
1064 1196 1109 1230 qui
1126 1196 1214 1230 ipsum
1228 1196 1362 1223 ordinavit
1377 1197 1537 1231 deponatur,
1557 1205 1589 1224 ac
1607 1197 1730 1225 Simonis

942 1242 1010 1277 Magi
1031 1243 1118 1270 instar
1134 1244 1160 1269 in
1176 1247 1333 1277 perpetuum
1349 1244 1610 1271 excontmuuicetur.

978 1288 1025 1316 26.
1042 1289 1093 1322 Qui
1112 1289 1265 1324 principum
1276 1293 1337 1319 ,θυι
1361 1289 1567 1324 magistratuum
1599 1290 1723 1323 potentia

943 1335 1028 1362 fretus
1041 1335 1075 1362 ad
1089 1335 1275 1370 episcopatum
1294 1335 1461 1369 perveneritr
1479 1336 1614 1369 depositus
1631 1342 1728 1370 εδει-θη

943 1387 1031 1418 getur.

977 1429 1023 1456 27.
1040 1428 1188 1463 Episcopus
1213 1427 1259 1461 qui
1285 1427 1342 1455 sine
1363 1434 1444 1455 causa
1466 1435 1496 1455 se
1513 1426 1547 1454 ab
1560 1427 1619 1455 aliis
1638 1435 1728 1462 segre-

943 1474 1056 1509 gaverit,
1088 1478 1169 1508 atque
1192 1472 1265 1500 aliud
1282 1472 1370 1499 altare
1385 1472 1578 1505 construxerit,
1592 1480 1654 1499 cum
1671 1472 1728 1506 ipso

944 1520 1095 1555 dt-jicietur.

980 1563 1026 1590 ‘28.
1042 1563 1082 1590 Ab
1095 1562 1155 1590 aliis
1172 1569 1225 1589 non
1250 1562 1407 1597 recipiatur,
1423 1562 1545 1597 quisquis
1560 1563 1593 1590 ab
1610 1562 1662 1590 alio
1684 1571 1729 1590 stt-

946 1608 1057 1643 perstite
1073 1608 1323 1635 excommunicatus
1342 1607 1431 1634 fuerit.

981 1653 1026 1681 29.
1050 1653 1186 1681 Externus
1221 1654 1348 1680 sacerdos
1375 1653 1478 1688 absque
1501 1653 1731 1680 contmeudatitiis

946 1699 1067 1734 epistolis
1090 1706 1143 1725 non
1172 1699 1314 1732 recipitur,
1344 1704 1371 1725 ct
1398 1699 1419 1725 si
1450 1698 1559 1728 habeat,
1590 1699 1731 1732 diligenter

946 1745 1126 1776 examinator,
1152 1752 1215 1771 num
1249 1751 1296 1771 eos
1325 1745 1371 1778 qui
1400 1749 1500 1771 rectam
1531 1745 1609 1771 ﬁdem
1636 1750 1727 1771 tenent

946 1792 1092 1826 approbet:
1119 1790 1162 1817 sin
1193 1797 1269 1822 vero,
1296 1794 1453 1824 segregati"
1477 1794 1557 1822 atque
1573 1789 1724 1823 alilegatur.

982 1846 1028 1873 50.
1048 1845 1154 1879 Absque
1179 1844 1293 1878 primatc
1319 1843 1385 1870 nihil
1410 1843 1473 1870 facit
1488 1844 1642 1878 episcopus,
1674 1844 1726 1869 nisi

946 1901 976 1920 ea
1005 1899 1064 1926 qua:
1081 1896 1142 1919 sunt
1166 1898 1221 1918 sua;
1249 1891 1390 1926 parcat-ire;
1421 1898 1452 1917 ac
1479 1891 1580 1924 primas
1595 1891 1653 1916 sine
1681 1888 1728 1916 illo

947 1936 1013 1965 nihil
1028 1937 1102 1965 facit.
1117 1941 1225 1971 propter
1241 1936 1361 1962 debitam
1376 1935 1563 1962 concordiam.

982 1992 1027 2020 51.
1048 1992 1129 2018 Extra
1156 1991 1279 2025 proprios
1307 1991 1373 2016 lines
1394 1997 1446 2016 non
1471 1994 1511 2016 est
1533 1989 1724 2022 ordinandum,

947 2039 994 2074 qui
1020 2042 1110 2065 autent
1129 2042 1227 2072 praeter
1244 2036 1406 2063 sententiam
1427 2042 1519 2062 eorum
1537 2035 1582 2068 qui
1610 2035 1635 2061 in
1666 2035 1731 2062 locis

947 2084 1059 2119 degunt,
1078 2090 1171 2110 sacros
1196 2082 1305 2109 ordines
1333 2081 1446 2116 peragit,
1463 2088 1512 2115 pro
1527 2087 1580 2107 non
1605 2080 1732 2107 ordinato

948 2129 1093 2157 habeatur.

984 2175 1028 2203 52.
1052 2175 1103 2208 Qui
1133 2182 1228 2202 rccens
1250 2174 1406 2207 designatus
1431 2178 1484 2204 est,
1499 2173 1521 2201 si
1538 2172 1727 2199 demandatum

951 2229 1048 2248 muntts
1071 2221 1182 2254 exsequi
1210 2223 1349 2254 gravetur,
1379 2222 1548 2253 segregati",
1573 2218 1657 2244 donec
1672 2225 1733 2243 sns-

949 2267 1069 2300 ceperit:
1094 2265 1116 2292 si
1143 2272 1207 2292 vero
1236 2272 1250 2290 a
1276 2263 1373 2298 populo
1405 2270 1458 2290 non
1482 2266 1607 2297 receptus
1639 2262 1731 2294 fuerit,

949 2313 1038 2341 clerus
1060 2312 1323 2343 excommunicatur,
1347 2311 1418 2342 quod
1442 2310 1546 2346 plebem
1581 2319 1633 2338 non
1648 2311 1733 2337 corri~

950 2360 1060 2396 puerit;
1078 2359 1136 2394 ipse
1153 2366 1216 2385 vero
1234 2363 1322 2384 tnauet
1340 2358 1492 2392 episcopus.

985 2415 1029 2442 55.
1054 2413 1173 2448 Singulis
1196 2413 1275 2440 annis
1301 2413 1420 2447 episcopi
1436 2412 1476 2439 bis
1500 2412 1731 2444 conveniantprn-

951 2465 1010 2495 pter
1035 2460 1159 2495 dogmata
1181 2463 1209 2488 et
1245 2466 1297 2486 res.
1326 2459 1446 2486 Primum
1482 2458 1602 2492 quidem,
1637 2465 1731 2491 quat-tn

951 2506 1127 2534 Pentecostes
1153 2505 1329 2534 bebdomada.
1345 2504 1468 2533 Secundo
1490 2512 1565 2538 vero,
1576 2504 1732 2531 duodecim;

951 2551 1086 2579 Octobris.

987 2606 1031 2634 δι.
1051 2597 1200 2640 Episcopus
1214 2612 1258 2633 res
1275 2604 1402 2633 Ecclesiae
1413 2611 1474 2633 cum
1499 2606 1634 2638 potestate
1649 2602 1736 2631 admi-

954 2653 1060 2683 ltiatt‘el,
1079 2651 1297 2686 nihilquidquam
1313 2649 1524 2684 consanguineo,
1541 2648 1590 2676 nisi
1605 2653 1734 2682 tanquam

952 2698 1062 2733 pauperi
1078 2697 1201 2731 largiens.

987 2751 1032 2779 '55.
1050 2750 1159 2784 AbSqne
1173 2749 1300 2784 episcopo
1313 2748 1381 2776 nihil
1406 2747 1472 2775 facit
1484 2748 1627 2782 presbyter
1642 2753 1667 2773 et
1680 2747 1737 2773 tlin-

954 2803 1048 2824 conus.
1070 2795 1174 2821 Etenim
1193 2794 1242 2829 ipsi
1257 2794 1370 2828 populus
1385 2793 1506 2822 creditus
1532 2798 1583 2820 est.

990 2843 1034 2869 56.
1047 2840 1100 2868 Res
1120 2841 1152 2868 ad
1166 2839 1314 2868 Ecclesiant
1328 2845 1354 2868 et
1370 2841 1402 2868 ad
1421 2840 1580 2877 episcopum
1596 2838 1736 2876 pertinena

1694 131 1731 162 66

1755 2695 1760 2717 l
