1929 3076
181 112 216 145 61
798 112 978 143 ARISTENI
1000 113 1174 145 MONACHI
1771 121 1805 152 63

182 175 225 198 tes
242 169 393 198 manifestae
401 172 525 197 exstent:
538 172 568 196 ut
583 172 609 196 et
619 167 763 204 episcopos
786 173 912 202 testatur,
923 173 965 196 at-

1044 171 1191 204 οοσκείσθω
1212 171 1362 208 πράγματα
1382 175 1504 210 φανερά¹
1531 176 1575 202 ἵνα
1599 176 1646 203 καὶ
1667 176 1681 203 ὁ
1696 176 1804 204 ἐπίσκο-

181 224 234 252 que
256 215 376 243 Ecclesia
393 215 494 242 nullum
511 215 638 242 damnum
657 215 781 249 accipiat.

218 262 262 288 57.
280 262 431 296 Episcopus
457 264 617 294 potestatem
640 260 738 287 haheat
757 267 838 294 super
861 267 905 286 res
920 266 967 286 ec-

182 308 364 338 clesiasticas,
379 313 438 333 cum
454 313 513 332 eam
537 313 617 340 super
632 305 737 332 animas
754 305 852 332 haheat
866 314 872 332 :
888 309 969 339 atque

184 354 275 380 munia
289 353 363 386 juxta
386 352 504 378 divinam
526 351 693 377 voluntatem
710 350 895 377 administret.

218 399 262 425 38.
281 397 413 424 Sacerdos
430 398 532 424 aleator
547 401 627 432 atque
648 396 783 426 ebriosus.
805 396 827 423 si
856 403 908 423 non
924 395 969 423 de—

184 443 266 474 sinat,
279 444 441 477 deponatur.

218 488 263 514 59.
290 488 413 514 Clericus
427 492 454 514 et
469 485 554 515 laicus
570 487 668 515 similia
696 486 799 514 faciens
812 494 970 514 excommu-

184 533 300 559 nicatur.

218 578 264 605 40.
286 577 420 606 Sacerdos
435 579 522 605 mutui
545 585 642 606 usuras
654 578 775 612 exigens,
791 577 842 605 nisi
853 578 968 610 desinat,

184 623 356 651 dcturhetur.

218 670 264 697 41.
282 670 333 703 Qui
351 677 412 696 cum
438 670 573 696 haereticis
593 674 664 701 orat,
692 670 966 697 exeommunicatur:

183 717 228 750 qui
256 724 319 743 vero
344 716 457 743 clericos
480 716 529 742 hos
550 716 697 747 existimat,
721 716 805 750 gradu
832 721 966 743 movetur.

219 761 265 789 42.
291 761 426 789 Sacerdos
451 762 584 796 baptisma
606 767 633 788 et
649 762 811 789 sacriﬁcium
826 762 966 789 haeretico-

185 815 243 834 rum
262 809 406 842 recipiens,
424 809 577 835 sacerdotio
604 808 730 843 indignus
747 814 799 835 est.

1021 225 1070 248 πος
1095 217 1261 252 διατιθῆται,
1289 220 1336 246 καὶ
1353 220 1429 254 μένοι
1456 222 1473 257 ἡ
1498 222 1648 258 Ἐκκλησία
1675 223 1805 258 ἀζήμιος.

1055 261 1104 293 λζ’.
1123 263 1319 296 Ἐξουσιαςέτω
1333 265 1388 291 τῶν
1410 266 1647 302 ὲκκλησιαστικῶν
1661 270 1675 296 ὁ
1691 269 1806 296 ἐπίσκο-

1020 316 1070 339 πος
1088 309 1269 343 πραγμάτων,
1283 311 1330 336 καὶ
1342 311 1397 337 τῶν
1414 312 1509 347 ψυχῶν
1524 313 1594 348 γάρ·
1610 314 1657 341 καὶ
1672 314 1807 341 διοικείτω

1021 354 1110 380 πάντα
1126 355 1197 380 κατὰ
1211 355 1260 390 τὴν
1278 356 1354 382 Θείαν
1367 357 1527 392 ἀρέσκειαν.

1055 398 1107 434 λη’.
1118 399 1146 426 Ὀ
1159 401 1289 437 κυϐιστὴς
1310 402 1356 428 καὶ
1375 403 1502 439 πάροινος
1520 405 1618 439 ἱερεὺς,
1635 405 1659 432 εί
1671 406 1700 432 οὺ
1714 407 1807 436 παύοι,

1021 443 1188 479 καθῄρηται.

1056 490 1104 517 λθ’.
1129 492 1268 527 Κληρικὸς
1295 495 1342 522 καὶ
1364 495 1458 527 λαῖκὺς
1489 496 1524 522 τὰ
1567 496 1649 531 ὃμοια
1679 497 1808 532 πράττων

1020 535 1190 571 ἀφορίζεται.

1058 585 1095 617 μ’.
1109 583 1213 616 Τόκους
1241 586 1368 613 ἀπαιτῶν
1386 587 1493 614 δανείου
1511 588 1610 622 ἱερεὺς,
1627 589 1651 615 εἰ
1666 589 1696 615 οὐ
1712 589 1806 622 παύοι,

1020 628 1185 664 καθῄρηται.

1058 674 1115 708 μα’.
1136 675 1165 702 '0
1178 677 1376 711 συνευχόμενος
1391 678 1551 713 ιίρετικοῖς,
1560 678 1746 714 ¹ἀφορίζεται·
1759 688 1808 706 κα-

1022 719 1155 755 θαιρεῖται
1165 721 1192 746 δὲ
1208 722 1221 747 ὁ
1234 722 1382 758 κληρικοὺς
1395 723 1506 756 τούτους
1523 725 1687 760 ἡγούμενος.

1056 765 1110 800 μβ’.
1129 765 1274 802 Βάπτισμα
1291 768 1338 794 καὶ
1366 769 1460 795 θυσίαν
1489 771 1636 806 αἰρετικῶν
1660 771 1807 807 δεξάμενος

1022 810 1123 845 ἱερεὺς,
1140 812 1260 848 ἀνίερος.

219 853 264 880 45.
282 854 331 886 Qui
348 861 409 880 vere
427 854 593 888 baptizatum
608 853 696 881 denuo
716 854 844 889 baptizat,
859 862 890 881 ac
905 862 967 881 eum

1058 861 1113 892 μγ¹.
1137 858 1165 885 '0
1183 860 1378 892 ἀναεαπτίζων
1400 861 1447 888 τὸν
1470 861 1556 894 ὅντως
1577 862 1808 898 βεϐαπτισμένον,

184 899 230 934 qui
248 900 386 933 impietate
412 900 529 934 pollutus
538 905 580 927 est
598 907 650 927 non
665 900 825 935 rebaptizat,
841 901 970 928 sacerdos

185 953 240 972 non
253 951 294 972 est
319 946 468 974 habendus.

219 991 264 1018 44.
281 991 424 1019 Saecularis
445 992 581 1027 propriam
599 1000 709 1021 uxorem
736 993 969 1029 ejiciens,aliarr-

184 1045 237 1071 qne
268 1041 315 1063 aut
351 1037 493 1064 dimissam
534 1037 647 1070 ducens,
688 1038 970 1066 exeommunicandu's

183 1087 235 1109 est.

198 1158 202 1159 ν
220 1139 266 1166 45.
283 1138 333 1172 Qui
361 1147 413 1166 non
430 1140 550 1175 baptizat
578 1140 604 1167 in
627 1140 745 1174 Patrem,
766 1145 793 1168 et
810 1140 920 1172 Filium.
943 1145 971 1168 et

186 1184 317 1219 Spiritum
340 1191 475 1219 sanetum,
507 1187 554 1214 sed
572 1187 770 1221 transgreditur
784 1187 849 1214 illud
866 1195 970 1222 praece-

185 1235 270 1265 ptum,
283 1232 434 1259 sacerdotio
449 1232 524 1268 fungi
540 1240 593 1260 non
605 1233 695 1261 debet.

220 1275 265 1304 46.
284 1277 333 1310 Qui
357 1286 409 1304 non
432 1279 518 1306 tribus
542 1279 632 1306 initiat
656 1279 844 1312 mersionihus,
856 1281 903 1307 sed
919 1288 971 1307 una

187 1322 213 1349 in
231 1323 336 1351 Domini
352 1329 477 1357 mortem,
489 1325 561 1360 quod
578 1325 705 1353 Dominus
720 1333 773 1353 non
784 1326 863 1359 dixit,
878 1334 971 1354 sacer-

184 1371 257 1398 dotio
276 1370 423 1398 movendus
437 1375 489 1397 est.

218 1417 264 1444 47.
282 1416 375 1443 Omnis
399 1416 514 1444 clericus
532 1423 545 1443 a
563 1417 673 1452 nuptiis,
695 1422 721 1444 et
738 1425 832 1451 carne,
859 1422 886 1445 et
904 1418 967 1445 vino

186 1462 345 1494 abhorrens,
370 1462 392 1489 si
421 1469 474 1489 non
503 1463 671 1497 emendetur,
695 1463 868 1497 expellendus
880 1468 932 1491 est.

220 1517 266 1544 48.
282 1516 332 1550 Qui
360 1516 559 1551 paenitentibus
586 1524 639 1544 non
655 1517 781 1553 ignoscit,
806 1518 863 1553 ipse
891 1519 966 1546 venia

186 1561 322 1596 indignior
335 1566 386 1589 est.

220 1615 266 1642 49.
285 1615 417 1642 Sacerdos
430 1623 445 1642 a
460 1615 522 1642 vino
538 1620 565 1642 et
584 1616 712 1643 carnibus
741 1617 892 1650 abstinens,
917 1618 969 1646 nisi

186 1661 391 1688 exercitationis
407 1668 500 1693 causa,
513 1661 668 1695 deponitur.

222 1715 268 1742 50.
278 1714 398 1743 Clericus
413 1715 479 1742 citra
492 1715 598 1742 itineris
607 1716 797 1744 necessitatem
809 1717 835 1744 in
849 1725 971 1753 caupona

185 1762 366 1795 manducans,
381 1761 564 1796 segregandus
573 1766 625 1788 est.

221 1816 266 1843 51.
295 1816 416 1843 Clericus
432 1814 529 1849 injuria
545 1814 662 1842 alliciens
689 1815 857 1851 episcopum,
876 1817 970 1851 dejici-

186 1865 247 1893 tur;
262 1860 403 1895 presbyter
416 1867 480 1887 vero
505 1863 533 1886 et
548 1860 676 1886 diaconus
689 1861 969 1888 exconnnunieanlur.

186 1907 318 1934 Similiter
333 1912 422 1933 autem
439 1912 466 1934 et
482 1907 526 1942 qui
543 1907 668 1938 surdum.
684 1907 821 1941 claudum,
834 1913 969 1936 etcaecum

185 1954 287 1981 cavillis
304 1954 461 1980 insectatur.

221 2008 266 2035 52.
283 2008 431 2042 Episcopus
459 2008 587 2042 pietatem
614 2016 667 2036 non
694 2009 796 2036 docens
810 2015 968 2037 excommu-

186 2055 309 2080 nicatur:
347 2053 491 2087 deponitur
513 2060 579 2080 vero
601 2053 624 2080 si
651 2060 806 2088 perseveret
835 2062 886 2082 non
919 2056 968 2083 do-

186 2107 256 2126 cere.

221 2145 266 2172 53.
290 2146 319 2173 In
337 2145 464 2172 clericum
483 2145 572 2179 inopia
599 2145 767 2173 laborantem
783 2146 805 2172 si
821 2152 850 2173 se
868 2145 968 2173 benefi-

1020 904 1066 931 καὶ
1095 905 1132 939 μὴ
1155 905 1349 939 ἀναὸαπτίζων
1367 907 1412 934 τδν
1440 908 1647 944 μεμολυσμένον
1664 910 1807 943 ἀσεσόθεν,

1020 950 1136 986 ἀνίερος.

1057 997 1107 1030 με’.
1135 997 1191 1032 Τὴν
1219 998 1323 1024 οἰκείαν
1352 999 1477 1035 γαμετὴν
1496 1000 1635 1027 ἐκϐάλλων
1669 1001 1683 1027 ό
1712 1009 1810 1035 κοσμι-

1021 1041 1078 1073 κὸς,
1111 1042 1159 1069 καὶ
1187 1043 1266 1077 Ξιγων
1288 1044 1398 1079 ἑτέραν,
1427 1045 1445 1080 ἢ
1473 1045 1681 1081 ἀπολελυμένην
1708 1046 1808 1080 ἀφορι-

1022 1088 1110 1119 στέος.

1058 1136 1108 1168 με’.
1128 1134 1158 1162 '0
1178 1135 1214 1169 μὴ
1238 1135 1378 1170 βαπτίζων
1402 1137 1443 1168 εἰς
1466 1137 1586 1173 Πατέρα,
1602 1138 1648 1164 καὶ
1661 1137 1735 1171 Υἱδν,
1756 1138 1805 1165 καὶ

1020 1179 1097 1214 ἅγιον
1115 1180 1236 1215 Πνεῦμα,
1254 1182 1321 1209 ἀλλά
1336 1183 1539 1218 πρεκὸαίνων,
1551 1183 1668 1219 ἀνίερος.

1057 1273 1115 1305 μς¹.
1139 1270 1169 1297 '0
1198 1271 1235 1305 μὴ
1251 1271 1324 1306 τρισὶ
1352 1271 1426 1307 μυῶν
1444 1272 1635 1306 καταδύσεσιν,
1658 1271 1725 1299 ἀλλὰ
1755 1273 1807 1308 μιᾷ

1021 1315 1059 1347 εἰς
1077 1316 1121 1342 τὶν
1142 1315 1189 1342 τοῦ
1214 1316 1317 1351 Κυρίου
1339 1316 1463 1350 θάνατον,
1480 1317 1494 1343 ὃ
1517 1317 1554 1352 μὴ
1572 1317 1586 1343 ὸ
1601 1317 1702 1352 Κύριος
1718 1314 1806 1349 εἶπεν,

1022 1362 1141 1397 ἀνίερος.

1057 1409 1110 1443 μζ’.
1130 1409 1266 1445 Κληρικὺς
1291 1410 1365 1442 ἄπας
1380 1410 1480 1445 γάμον,
1496 1410 1543 1437 καὶ
1559 1410 1654 1445 κρέας,
1673 1409 1720 1437 καὶ
1733 1407 1807 1436 οἶνον

1022 1453 1244 1495 βδελυσσόμενος,
1257 1456 1282 1482 εί
1297 1456 1335 1491 μὴ
1351 1455 1496 1491 διορθοίτο,
1514 1456 1695 1491 ἐκκήρυκτος.

1058 1513 1113 1545 μη¹.
1137 1509 1166 1537 Ὀ
1182 1512 1237 1542 τοῖς
1254 1511 1416 1546 μετανοοῦσι
1435 1511 1474 1547 μὴ
1499 1511 1706 1546 συγγινώσκων,
1721 1511 1808 1545 ἀσυγ-

1022 1556 1217 1592 γνωστότερος.

1058 1611 1111 1645 μθ¹.
1129 1611 1174 1645 Μὴ
1191 1611 1407 1646 μεταλαμϐάνων
1423 1611 1514 1647 ἱερεὺς
1539 1611 1613 1638 οἴνου
1641 1611 1687 1638 καὶ
1706 1611 1808 1647 κρεῶν,

1022 1658 1046 1684 εἱ
1063 1659 1101 1693 μὴ
1116 1657 1150 1684 δι’
1161 1657 1289 1693 ἄσκησιν,
1307 1658 1473 1693 καθῄρηται.

1057 1712 1088 1739 ν’.
1114 1713 1143 1739 Ὁ
1157 1713 1217 1748 δίχα
1233 1713 1282 1747 τῆς
1295 1713 1366 1740 κατὰ
1380 1713 1473 1748 τρίϐον
1485 1713 1610 1748 ἀνάγκης
1622 1712 1751 1748 κληρικδς
1765 1714 1808 1744 εἰς

1023 1760 1173 1794 καπηλεῖον
1189 1759 1296 1792 ἐσθίων,
1313 1759 1489 1794 ἀφοριστέος.

1055 1815 1251 1850 να’.”Υ6ρίζων
1270 1815 1420 1841 ἐπίσκοπον
1443 1813 1585 1850 κληρικδς,
1614 1813 1806 1848 καθαιρεῖται·

1021 1860 1207 1897 πρεσῦύτερος
1234 1860 1262 1887 δὲ
1289 1860 1337 1887 καὶ
1368 1860 1493 1892 διάκονος
1514 1860 1684 1895 ἀφορίζεται.
1706 1859 1809 1886 Ὧσαύ-

1021 1915 1074 1938 τως
1085 1906 1114 1932 δὲ
1132 1906 1180 1932 καὶ
1195 1907 1207 1931 ὁ
1224 1906 1326 1940 κωφὸν,
1354 1905 1402 1932 καὶ
1426 1905 1522 1941 χωλὸν,
1547 1906 1594 1932 καὶ
1624 1904 1725 1939 τυφλὸν
1746 1904 1809 1930 δια-

1023 1952 1172 1987 χλευάζων.

1058 2005 1100 2042 ιβ¹.
1124 2006 1180 2042 Τὴν
1198 2005 1338 2032 εὐσέῆειαν
1357 2007 1387 2032 οὺ
1403 2005 1536 2032 διδάσκων
1556 2005 1715 2039 ἐπίσκοπος,
1736 2005 1806 2040 ἀφο-

1021 2052 1125 2088 ρίζεται
1137 2061 1143 2068 ·
1160 2051 1335 2087 καθαιρεῑται
1346 2051 1374 2078 δὲ
1392 2052 1480 2086 μένων
1495 2051 1648 2083 ἀδίδακτος.

1054 2145 1104 2177 νγ¹.
1120 2142 1231 2169 Ἐπιδεᾶ
1245 2143 1375 2178 κληρικὸν
1388 2143 1478 2178 ἱερεὺς
1492 2143 1542 2169 οὑκ
1555 2143 1721 2178 εὐεργετῶν,
1734 2143 1805 2178 ἀφο-

187 2200 249 2220 cum
271 2199 323 2219 non
345 2196 459 2226 praestet
474 2192 611 2224 sacerdos,
637 2192 907 2220 excomniunicalur:
923 2192 967 2219 de-

1044 2188 1145 2220 ἱςεται·
1161 2188 1332 2223 καθαιρεῖται
1343 2189 1371 2215 δὲ
1385 2189 1476 2223 μένων
1493 2188 1612 2220 ἀνέλεος.

185 2238 295 2273 ponitur
323 2245 398 2271 vero,
410 2239 431 2264 si
453 2238 646 2265 immisericors
663 2243 830 2273 permaneat.

220 2285 264 2312 54.
279 2284 329 2317 Qui
347 2285 419 2319 impii
431 2284 493 2311 libri
508 2285 672 2312 mentionem
693 2285 758 2313 facit
771 2285 798 2312 in
824 2285 965 2318 concione,

185 2331 339 2365 deponitur.

221 2377 265 2404 55.
279 2376 380 2403 Fidelis
394 2376 539 2404 criminum
566 2377 716 2410 convictus,
735 2376 762 2403 in
789 2375 889 2403 clerum
914 2383 967 2403 non

185 2423 348 2450 admittitur.

220 2468 265 2496 56.
282 2468 331 2501 Qui
359 2467 497 2495 Christum
524 2471 615 2501 negat,
637 2468 812 2504 expellendns
838 2473 900 2496 est:
922 2470 967 2503 qui

184 2521 251 2542 vero
273 2514 374 2541 clerum
390 2513 493 2548 spernit
514 2518 540 2541 et
554 2514 672 2546 invertit,
684 2522 732 2548 pro
748 2514 814 2541 laico
830 2514 967 2549 recipien-

185 2561 235 2586 dus
252 2564 303 2586 est.

220 2604 264 2631 5-7.
293 2605 426 2632 Sacerdos
450 2605 472 2632 si
493 2604 664 2638 sulfocatum,
687 2610 758 2632 auta
781 2605 838 2633 fera
859 2610 967 2640 captum

184 2655 232 2676 aut
256 2651 425 2677 morticinum
439 2651 597 2685 gustaverit,
621 2651 794 2684 deponendus
807 2656 849 2678 est
867 2651 968 2678 :laicus

185 2703 248 2722 vero
268 2696 550 2732 exconununicandus.

220 2740 264 2768 58.
283 2742 333 2774 Qui
357 2749 419 2769 cum
434 2741 536 2769 Judaeis
551 2747 620 2775 orat,
635 2743 895 2770 excoinmunicatur.

219 2787 265 2814 59.
280 2788 398 2815 Clericus
418 2789 564 2822 homicida,
591 2789 754 2824 deponitur:
775 2789 862 2817 laicus
892 2797 965 2824 vero,

185 2838 350 2869 segrt-gatur.

1055 2277 1101 2305 νδ¹.
1121 2278 1151 2305 '0
1179 2278 1294 2310 ἀσεὸοὖς
1321 2278 1412 2314 βίϐλον
1437 2278 1637 2314 ἐκκλησιάζων,
1667 2280 1806 2316 καθαιρεῖς

1018 2333 1073 2351 ται.

1050 2372 1097 2397 νε’.
1126 2369 1224 2400 Πιστὸς
1250 2369 1390 2405 ἐλεγχθεὶς
1419 2369 1462 2396 ἐπ’
1490 2370 1680 2406 ἐγκλήμασιν,
1716 2371 1804 2408 ἄκλη-

1038 2424 1077 2442 οε.

1038 2424 1077 2442 o'.

1020 2424 1036 2450 ρ
1054 2433 1110 2493 ξςι.
1132 2461 1162 2488 '0
1180 2462 1403 2498 ἀρνησίχριστος,
1421 2462 1469 2489 καὶ
1490 2463 1645 2499 ἀπόϐλητος
1657 2473 1663 2479 ·
1683 2465 1697 2491 ὁ
1710 2464 1740 2491 δὲ
1759 2465 1806 2492 τὸν

1019 2509 1120 2545 κλῆρον
1133 2510 1237 2538 ἀθετῶν
1246 2511 1293 2539 καὶ
1302 2512 1510 2547 μεταστρέφων,
1527 2513 1598 2540 κατὰ
1610 2514 1703 2540 λαῐκὸν
1719 2524 1807 2550 προσ-

1020 2557 1085 2588 ιτός.

1052 2604 1101 2637 νζ’.
1131 2605 1280 2641 Γευόμενος
1306 2606 1390 2641 θύτης
1414 2608 1546 2641 πνικτοῦ,
1578 2608 1594 2644 ἢ
1621 2607 1803 2643 θηριαλώτου,

1019 2651 1035 2686 ἢ
1057 2651 1229 2686 θνησιμαίου,
1251 2652 1448 2687 καθαιρετὲοςο
1471 2655 1485 2680 ὁ
1505 2654 1532 2680 δὲ
1553 2654 1656 2687 λαῖκὸς,
1674 2653 1805 2688 ἀφορίζε-

1018 2707 1072 2724 ται.

1056 2748 1110 2780 νη’.
1128 2745 1159 2772 '0
1179 2745 1314 2777 Ἰουδαίοις
1329 2745 1535 2781 συνευχόμενος,
1549 2745 1716 2780 ἀφορίζεται.

1056 2789 1104 2818 v0'.
1119 2791 1218 2824 Φονεὺς
1243 2792 1384 2828 κληρικδς,
1406 2791 1595 2823 καθαιρείται·
1613 2791 1717 2826 λαῖκδς,
1736 2792 1805 2827 ἀφο-

1021 2836 1136 2870 ρίζεται.
