1929 3076
163 123 195 156 7i
793 115 975 148 ARISTENI
995 113 1169 146 MONACHI
1756 111 1794 143 72

164 188 239 210 teras
258 180 502 210 consentientibus.
521 179 689 215 Praecipuum
704 182 793 206 tamen
808 176 956 205 auctorita-

1028 173 1183 210 ραμμάτων
1194 171 1348 207 γινομένων
1359 170 1526 207 συμψήφων.
1540 170 1577 198 Τδ
1589 170 1681 205 μέντοι
1693 170 1794 204 κράτος

165 235 218 256 tem
235 227 459 262 metropolitanns
477 226 584 253 habeat.

201 273 227 299 6.
248 273 299 305 Qui
315 274 348 299 ab
370 271 430 298 aliis
451 269 677 298 cxcommunicati
699 273 774 301 sunt,
791 269 824 295 ab
844 268 904 295 aliis
921 275 956 295 ne

167 319 352 352 suscipiantur
367 326 374 345 :
392 323 570 352 praeterquam
586 317 608 344 si
625 321 735 352 propter
750 315 956 351 pusillanimita-

167 371 231 398 tem,
253 370 299 391 aut
313 364 527 396 cantentionem,
549 368 595 390 aut
611 363 675 398 quid
693 362 826 398 ejusmodi
847 368 956 388 excom-

167 411 317 438 municatio
333 409 404 436 facta
424 409 516 436 fuerit.

202 456 229 482 7.
245 443 446 482 Alexandrinus
468 454 611 489 episcopus
633 460 714 488 super
733 452 890 488 Egyptum,
912 451 957 479 Li-

166 501 256 536 byam,
273 505 299 527 et
315 500 485 534 Pentapolim
500 504 662 534 potestatem
679 499 777 525 habeat
793 506 801 525 :
816 503 843 525 et
858 498 957 526 Roma-

166 554 219 574 nus
230 553 313 581 super
322 553 367 573 eos
377 546 422 580 qui
435 546 527 572 Romae
537 545 635 572 subditi
647 549 719 572 sunt.
733 544 797 572 ltem
808 544 957 572 Antioche-

168 598 219 617 nus
234 591 333 625 aliique
351 597 433 625 super
447 591 498 617 sibi
516 590 664 624 subjectos.

203 636 230 662 8.
246 635 275 662 Si
289 635 352 669 quis
367 636 510 670 episcopus
521 636 590 662 citra
606 635 685 671 primi
703 637 866 665 sententiam
881 644 958 665 crea-

168 684 211 707 tus
230 680 321 711 luerit.
341 687 373 706 ne
389 680 425 706 sit
441 679 596 714 episcopus.

203 726 230 752 9.
259 725 403 752 Multorum
426 724 554 760 suil‘ragio
577 727 724 754 secundum
743 734 875 755 canonem
890 727 956 761 lato,

167 772 191 798 si
207 776 262 799 tres
279 772 362 806 nliqui
380 772 579 804 contradicant,
603 780 698 801 eorum
723 775 856 802 sententia
879 775 957 802 irrita

167 819 214 846 sit.

1006 220 1020 245 ό
1037 218 1240 255 μητροπολίτης
1259 218 1355 253 ἐχέτω.

1044 264 1083 298 ς’.
1100 266 1130 292 0i
1147 264 1177 296 ἐξ
1192 264 1293 299 ἑτέρων
1322 262 1527 299 ἀφοριζόμενοι,
1560 262 1605 296 ὑφ’
1633 261 1736 296 ἐτέρων
1756 261 1795 295 μὴ

1007 311 1269 348 προσδεχέσθωσαν·
1293 310 1364 345 πλὴν
1389 309 1413 335 εί
1440 309 1478 344 μὴ
1500 308 1544 336 διὰ
1572 307 1756 344 μικροψυχίαν
1775 306 1793 340 ἦ

1007 358 1185 394 φιλονεικίαν,
1200 358 1217 393 ἡ
1231 366 1257 383 τι
1272 356 1392 383 τοιοῦτον
1407 356 1420 382 ό
1430 354 1584 390 ὰφορισμδς
1598 354 1722 388 γέγονεν.

1043 447 1076 481 ζ’.
1092 447 1242 481 Αἰγύπτου,
1270 446 1318 473 καὶ
1345 444 1461 480 meum,
1487 444 1536 470 ml.
1559 442 1755 473 Πενταπόλεως
1780 441 1797 467 ὁ

1013 494 1207 528 Ἀλεξανδρεὺς
1231 492 1317 528 ἐχέτω
1341 492 1390 527 τὴν
1414 490 1557 524 ἐξουσίαν·
1581 489 1628 516 καὶ
1648 489 1662 516 ὁ
1684 488 1795 522 Ῥώμης

1007 540 1062 568 τῶν
1079 540 1132 567 ὑπὸ
1152 539 1279 574 Ῥώμην·
1296 538 1355 565 καί
1367 539 1381 565 ὸ
1406 539 1435 564 έν
1456 535 1619 571 Ἀντιοχείᾳ,
1635 535 1681 563 καὶ
1695 535 1719 560 οἱ
1737 535 1795 560 λοι-

1008 587 1055 613 ποὶ
1069 586 1124 613 τῶν
1137 585 1258 612 οἰκείων.

1042 637 1078 670 η’.
1096 633 1131 660 Εἴ
1144 642 1185 665 τις
1200 631 1353 662 ὲπίσκοπος
1368 630 1402 666 [Ι.
1417 631 1445 657 d.
1458 628 1520 665 τῆς]
1540 627 1587 655 τοῦ
1602 626 1712 662 πρώτου
1732 626 1795 661 δίχα

1007 682 1120 717 γένηται
1136 679 1261 714 γνώμης,
1278 678 1316 714 μὴ
1328 678 1395 704 ἔστω
1409 677 1569 708 ἐπίσκοπος.

1043 728 1075 756 θ’.
1096 729 1158 756 Ἐπὶ
1175 728 1223 764 τὴν
1246 727 1301 754 τῶν
1316 727 1420 754 πολλῶν
1443 726 1535 761 ψῆφον
1549 725 1698 760 γινομένην
1723 724 1797 751 κατὰ

1008 775 1123 807 κανόνα,
1143 774 1169 800 εί
1183 774 1259 808 τρεῖς
1277 781 1351 804 τινες
1374 771 1553 805 ἀντιλέγοιεν,
1579 768 1634 798 εἷεν
1659 769 1794 797 ὰϐέϐαιοι.

205 864 249 892 to.
263 865 412 900 Episcopus
426 865 506 894 Elia)
518 866 677 899 honoretur,
693 871 800 895 servata
817 868 956 902 metropoli

1046 868 1072 894 t'.
1097 865 1126 891 '0
1147 864 1299 894 ἐπίσκοπος
1321 862 1415 894 Δίλίας
1435 860 1571 896 τιμάσθω,
1592 860 1745 895 σωζομένου
1761 860 1795 894 τῇ

168 911 301 945 dignitate
318 919 380 939 sua.

149 991 157 998 ⁸
195 957 249 984 .ll.
271 957 397 985 Haeretici
421 958 543 992 Cathari,
558 959 584 986 id
598 962 640 987 est
651 959 724 994 puri,
746 959 810 987 dicti
827 960 958 987 acceden-

169 1007 210 1030 tes
234 1003 351 1037 primum
367 1004 558 1038 proﬁteantur,
574 1011 604 1031 se
623 1003 752 1032 Ecclesiae
774 1004 960 1032 sanctioriihns

169 1055 339 1082 assensurus,
361 1056 392 1076 ac
407 1057 469 1076 cum
486 1049 602 1084 blgamis
617 1050 876 1083 communicaturos,
900 1051 960 1086 lup-

169 1093 263 1128 sisque
291 1094 395 1121 veniam
423 1095 618 1130 impertituros.
647 1096 686 1125 Ac
714 1096 736 1125 si
766 1096 811 1128 uti
841 1096 960 1125 ordinati

169 1139 349 1173 reperiantur,
365 1139 420 1167 sint
437 1139 463 1166 in
477 1141 570 1167 eodem
598 1139 713 1167 ordine:
731 1140 849 1174 exempli
862 1141 958 1175 gratia,

169 1184 217 1219 qui
232 1192 294 1212 vere
308 1189 350 1212 est
361 1185 515 1220 episcopus,
530 1186 566 1213 sit
578 1186 738 1221 episcopus;
752 1186 797 1221 qui
813 1194 878 1214 vero
890 1187 960 1221 apud

170 1228 305 1255 Catharos
331 1234 373 1256 est
403 1230 563 1264 episcopus,
592 1231 628 1257 sit
656 1231 888 1265 chorepiscopus,
919 1231 960 1259 vel

171 1273 322 1309 presbyteri
335 1278 381 1300 aut
397 1275 515 1310 episcopi
530 1275 633 1303 honore
645 1276 771 1312 gaudeat.
785 1275 878 1311 Neque
887 1277 960 1305 enim

171 1321 223 1347 duo
239 1326 319 1348 erunt
333 1321 358 1347 in
375 1329 427 1348 una
442 1321 508 1348 urbe
521 1323 651 1358 episcopi.

207 1365 249 1391 12.
270 1365 322 1398 Qui
341 1365 400 1393 sine
420 1365 621 1394 examinatione
641 1367 816 1401 ordinantur,
840 1367 863 1395 si
886 1368 961 1396 doin-

172 1418 237 1445 ceps
257 1411 346 1438 delicti
361 1415 523 1446 arguantur,
537 1420 552 1439 e
566 1412 649 1445 gradu
668 1413 855 1441 deturbentur.

206 1457 250 1484 15.
269 1456 319 1490 Qui
346 1458 404 1484 sine
427 1458 591 1486 necessitate
622 1459 785 1493 transgressi
809 1463 882 1493 sunt,
909 1460 959 1487 etsi

170 1502 249 1530 venia
262 1504 316 1530 sint
332 1503 447 1540 indigni,
462 1505 569 1532 veniam
585 1508 675 1532 tamen
691 1505 808 1540 aliquam
820 1506 960 1533 consecuti

171 1549 314 1577 duodecim
328 1558 414 1578 annos
430 1559 489 1579 sese
503 1551 675 1579 submittant.

208 1596 254 1623 14.
272 1597 323 1629 Qui
342 1597 394 1624 vim
412 1597 485 1633 passi
504 1605 535 1624 ac
551 1598 685 1625 restitisse
700 1597 749 1625 visi
770 1603 844 1632 sunt,
862 1598 960 1626 deinde

172 1642 304 1676 impietati
313 1648 518 1676 consenserunt,
528 1650 560 1670 ac
575 1643 756 1678 resipuerunt,
769 1644 860 1672 decem
873 1651 958 1672 annos

172 1688 452 1715 excommunicentur.

209 1733 253 1760 l5.
272 1734 505 1761 Considerandum
524 1738 565 1761 est
588 1734 615 1761 in
643 1734 768 1762 omnibus
794 1735 960 1770 paenitentiae

171 1786 266 1814 genus.
283 1780 323 1807 Ac
337 1780 359 1807 si
375 1781 398 1808 is
413 1783 456 1815 qui
471 1788 576 1815 poenam
588 1781 714 1816 suscipit,
724 1781 916 1809 l'erventierem
931 1789 960 1809 se

172 1826 199 1852 in
214 1826 370 1860 ptenitendo
384 1827 520 1858 ostendat,
536 1827 681 1854 humanius
696 1834 756 1855 cum
773 1834 806 1855 eo
822 1831 885 1863 agat
900 1827 959 1862 epi-

171 1879 287 1906 scopus;
302 1873 325 1900 si
340 1880 403 1900 vero
417 1872 596 1908 frigidioretn,
616 1874 747 1900 severius.

207 1918 250 1945 16.
264 1919 316 1951 Qui
331 1919 384 1946 vita
398 1921 543 1953 excedunt,
556 1920 766 1947 communicent.
781 1920 809 1946 Si
824 1927 888 1947 vero
899 1919 960 1954 quis

172 1961 291 1997 ipsorum
301 1963 483 1995 convalescat,
493 1964 528 1991 sit
541 1971 600 1990 cum
613 1964 644 1991 iis
655 1968 759 1991 tantum
771 1964 817 2001 qui
829 1964 960 1992 orationis

172 2013 236 2035 sunt
251 2009 409 2043 participes.

209 2055 253 2082 17.
270 2055 299 2082 Si
315 2055 376 2089 quis
391 2055 603 2082 eatechumenus
625 2054 717 2089 lapsus
733 2053 825 2088 fuerit,
848 2054 889 2082 sic
905 2059 959 2083 tres

173 2108 260 2128 annos
278 2101 379 2135 audiat,
404 2101 484 2137 idque
505 2101 604 2129 solum.
621 2101 722 2129 Deinde
746 2108 807 2129 cum
830 2101 959 2129 catechu-

172 2146 259 2173 menis
271 2151 340 2173 oret.

209 2191 253 2220 l8.
270 2191 309 2219 Ex
329 2191 394 2220 urbe
416 2193 442 2219 in
468 2192 559 2220 urbem
583 2199 672 2227 neque
695 2192 849 2228 episcopus,
873 2199 960 2226 neque
973 2198 999 2228 ι)

172 2237 325 2277 presbyter,
351 2245 438 2273 neque
460 2239 589 2267 diaconus
613 2239 720 2273 migret.
738 2239 876 2273 Siquidem
895 2245 958 2265 rur-

172 2291 220 2311 sus
258 2283 435 2313 restituentur
473 2285 598 2314 ecclesiis
641 2285 669 2312 in
709 2284 808 2319 quibus
839 2283 958 2316 ordinati

172 2334 248 2356 sunt.

226 2375 252 2401 9.
271 2374 408 2410 Quotquot
431 2375 582 2410 presbyteri
606 2379 633 2401 et
665 2375 771 2401 diaconi
789 2374 823 2401 ab
846 2374 959 2405 ecclesia

172 2421 348 2452 recesserint,
382 2422 407 2448 in
433 2422 500 2448 alias
524 2421 652 2448 ecelesias
680 2428 732 2447 non
759 2421 923 2455 recipientur
950 2430 958 2448 ι

174 2475 267 2494 verum
289 2469 322 2493 ad
342 2474 404 2494 suas
419 2467 551 2500 partecias
568 2470 746 2492 revertantur.
765 2464 792 2492 Si
813 2466 874 2500 quis
895 2473 959 2492 vero

171 2523 233 2543 eunt
262 2515 309 2549 qui
345 2514 378 2541 ad
415 2515 497 2541 alium
533 2513 661 2547 pertinet,
693 2513 860 2540 ordinaverit
892 2512 960 2539 citra

172 2561 334 2588 sententiam
366 2561 470 2595 proprii
499 2559 641 2594 episcopi,
679 2558 757 2585 irrita
789 2559 842 2586 erit
883 2559 960 2585 ordi.

174 2606 260 2634 natio.

208 2649 255 2679 90.
273 2649 302 2678 Si
318 2650 379 2684 quis
401 2658 498 2678 usuras
518 2655 567 2678 aut
588 2649 740 2684 sescuplum
759 2649 885 2682 accipiat,
902 2654 962 2683 post

174 2694 304 2722 Ecclesiae
327 2696 583 2724 determinationem
611 2701 740 2730 tanquam
757 2695 862 2722 alienus
879 2695 962 2729 depo-

176 2746 269 2768 netur.

210 2788 255 2815 2i.
283 2788 394 2815 Diaconi
418 2789 444 2816 in
469 2789 526 2816 suis
553 2787 675 2815 terminis
702 2790 847 2818 maneant,
876 2793 963 2820 neque

175 2835 248 2866 inter
274 2835 445 2870 presbyteros
473 2834 596 2862 sedeant.
623 2833 689 2861 Nam
712 2838 807 2861 contra
831 2838 960 2860 canonetu

1011 909 1177 946 μητροπόλει
1188 909 1235 935 τοῦ
1250 908 1336 942 αὐτῆς
1347 907 1514 941 ἀξιώματος.

1046 955 1092 982 ια’.
1105 955 1136 981 Ol
1151 954 1266 989 καθαροὶ
1284 954 1502 988 προσερχόμενοι
1519 953 1627 988 πρῶτον
1654 951 1796 987 ὁμολογεῖ-

1010 1009 1111 1032 τωσλν,
1121 1001 1162 1028 ὅτι
1173 1000 1353 1036 συνθήσονται
1363 1000 1418 1031 τοῖς
1428 999 1478 1033 τῆς
1491 998 1655 1033 Ἐκκλησίας
1667 997 1778 1032 θεσμοῖς
1789 1005 1796 1012 ·

1011 1048 1059 1074 καὶ
1076 1047 1273 1082 κοινωνήσουσι
1289 1046 1429 1080 διγάιμοις,
1447 1045 1495 1072 καὶ
1516 1044 1726 1079 συγχωρήσουσι
1739 1043 1799 1074 τοῖς

1011 1092 1258 1128 παραπεπτωκότι.
1283 1091 1339 1119 Καὶ
1360 1092 1384 1118 oi
1401 1091 1593 1127 εὑρισκόμενοι
1610 1098 1799 1125 κεχειροτονη-

1013 1140 1088 1175 μένοι
1105 1139 1162 1175 [γρ.
1188 1138 1224 1174 εί]
1250 1135 1305 1165 εἷεν
1329 1139 1357 1165 ὲν
1374 1138 1412 1173 τῷ
1432 1137 1505 1172 αὐτῷ
1532 1138 1671 1172 τάγματι·
1691 1134 1756 1167 οἷον,
1784 1136 1798 1161 ὁ

1013 1185 1062 1221 μὲν
1085 1185 1189 1220 κυρίως
1210 1184 1373 1217 ἐπίσκοπος,
1395 1183 1438 1218 είή
1462 1183 1632 1214 ἐπίσκοπος·
1648 1182 1661 1208 ό
1674 1181 1702 1207 δὲ
1722 1181 1798 1214 παρὰ

1011 1231 1068 1261 τοῖς
1087 1230 1217 1263 καθαροῖς
1235 1229 1396 1262 ἐπίσκοπος,
1420 1228 1436 1264 ἢ
1454 1227 1665 1263 χωρεπίσκοπος
1679 1226 1760 1255 ἔστω.
1780 1225 1798 1258 ἢ

1012 1274 1201 1311 πρεσϐυτέρου
1215 1273 1308 1309 τιμὴν,
1323 1274 1338 1309 ἢ
1355 1273 1504 1300 ἐπισκόπου
1521 1271 1674 1308 κεκτήσθω.
1692 1269 1728 1296 Οὐ
1742 1268 1799 1303 γὰρ

1012 1320 1122 1347 ἔσονται
1141 1319 1188 1346 δύο
1201 1319 1240 1350 είς
1255 1319 1319 1354 μίαν
1331 1319 1408 1345 πόλιν
1428 1318 1585 1346 ἐπίσκοποι,

1049 1365 1093 1401 ιβ’.
1109 1367 1139 1393 Οἱ
1152 1365 1338 1398 ἀνεξετάστως
1351 1365 1594 1400 χειροτονούμενοι,
1610 1363 1635 1389 εί
1645 1362 1707 1397 ἑξῆς
1720 1361 1799 1396 ὲλέγ-

1011 1421 1102 1449 χοιντο
1116 1413 1156 1439 ὅτι
1174 1412 1308 1446 ἥμαρτον,
1322 1411 1406 1443 ὅντως
1423 1410 1636 1436 πεπαύσθωσαν.

1047 1457 1092 1492 ιγ’.
1108 1457 1186 1483 Ὅσοι
1201 1456 1285 1491 χωρὶς
1303 1456 1426 1491 ἀνάγκης
1439 1455 1611 1491 παρέϐησαν,
1633 1454 1658 1480 εί
1672 1454 1718 1480 καὶ
1729 1461 1798 1486 συγ-

1013 1506 1124 1540 γνώμης
1139 1503 1209 1540 ἦσαν
1234 1503 1347 1536 ἀνάξιοι,
1366 1502 1530 1538 συγγνώμης
1543 1501 1614 1532 τινος
1629 1500 1798 1535 ἀξιούμενοι,

1011 1552 1043 1586 ιβ’
1057 1551 1104 1586 ἐτη
1117 1550 1356 1578 ὑποπιπτέτωσαν.

1048 1598 1087 1624 ιδ’.
1104 1597 1135 1624 οι
1157 1597 1323 1632 βιαζόμενοι,
1341 1595 1389 1622 καὶ
1404 1594 1532 1628 δόξαντες
1549 1593 1719 1627 ἀντιστῆναι,
1738 1589 1799 1617 εἶτα

1011 1643 1192 1678 καταθέμενοι
1210 1643 1243 1677 τῇ
1266 1642 1390 1676 ὰσεῦείᾳ,
1418 1641 1465 1668 καὶ
1490 1640 1775 1675 ἀναστρατευσάμενοι
1789 1659 1797 1670 ,

1010 1689 1152 1718 δεκαετίαν
1167 1688 1406 1724 ἀφοριζέσθωσαν.

1046 1739 1087 1762 ιε’.
1103 1735 1260 1770 Σκοπητέον
1275 1735 1319 1770 ἐφ’
1334 1734 1422 1760 ἅπασι
1439 1733 1468 1760 τὸ
1488 1730 1559 1765 εῐδος
1574 1733 1622 1766 τῆς
1638 1731 1794 1767 μετανοίας.

1010 1782 1065 1810 Καὶ
1084 1782 1260 1818 θερμοτέρως
1287 1782 1337 1817 μὲν
1356 1780 1596 1816 μεταμελουμένου
1621 1778 1667 1805 τοῦ
1680 1777 1797 1812 δεξαμέ-

1010 1837 1057 1855 νου
1068 1829 1099 1855 τὸ
1113 1828 1260 1862 ἐπιτίμιον,
1275 1827 1534 1862 φιλανθρωπότερον
1547 1827 1559 1852 ὁ
1575 1825 1723 1855 ἐπίσκοπος
1737 1824 1798 1851 δια-

1011 1872 1145 1900 τιθέσθω·
1166 1872 1345 1908 ψυχροτέρως
1360 1872 1398 1905 δὲ,
1416 1871 1646 1907 δραστικώτερον.

1048 1923 1101 1953 ις’.
1127 1921 1156 1947 Οἱ
1180 1920 1382 1955 ὲξοδευόμενοι,
1406 1919 1629 1946 κοινωνείτωσαν,
1653 1919 1682 1944 Et
1707 1917 1734 1944 δέ
1756 1926 1800 1950 τις

1010 1966 1101 1994 αὐτῶν
1118 1960 1224 2000 ὑγιάνοι
1235 1986 1242 1999 ,
1259 1966 1331 1993 ἔστω
1347 1965 1417 2001 μετὰ
1433 1965 1486 1992 τῶν
1504 1966 1553 2000 τῆς
1570 1965 1653 2000 εὐχῆς
1671 1964 1728 2000 Ιγρ.
1745 1963 1799 1998 ψυ-

1011 2013 1072 2049 χῆς]
1089 2013 1300 2046 κοινωνούντων,
1317 2014 1364 2039 καὶ
1380 2013 1471 2047 μόνον.

1048 2059 1095 2092 ιζ’.
1107 2059 1141 2086 E't'
1151 2068 1192 2091 τις
1202 2059 1388 2094 παραπέσοιτο
1400 2057 1612 2093 κατηχούμενος,
1628 2058 1728 2083 οὑτωσὶ
1742 2065 1802 2091 τρι-

1010 2107 1052 2134 σὶν
1067 2106 1154 2132 ἐτεσιν
1168 2105 1323 2140 ἀκροάσθω,
1339 2106 1385 2131 καὶ
1401 2105 1490 2140 μόνον.
1504 2102 1569 2130 Εἶτα
1582 2103 1652 2137 μετά
1665 2103 1718 2128 τῶν
1733 2110 1802 2128 κατ-

1010 2153 1170 2187 ηχουμένων
1185 2152 1317 2187 εὐχέσθω.

1051 2200 1099 2232 ιη’.
1117 2197 1164 2223 Ἐκ
1181 2196 1284 2227 πόλεως
1307 2196 1346 2226 είς
1365 2194 1442 2220 πόλιν
1461 2195 1529 2229 μήτε
1547 2193 1711 2225 ἐπίσκοπος,
1730 2193 1801 2228 μήτε

1011 2242 1208 2278 πρεσϐύτερος,
1227 2241 1295 2275 μήτε
1310 2240 1432 2270 διάκονος
1449 2239 1652 2273 μεταϐαινέτω·
1670 2238 1730 2264 ἐπεὶ
1747 2238 1803 2265 πά-

1010 2288 1052 2314 λιν
1065 2287 1278 2322 ὰποδοθήσονται
1291 2287 1350 2317 ταῖς
1365 2286 1526 2320 ἐκκλησίαις
1541 2285 1569 2311 ὲν
1584 2282 1627 2316 αἷς
1644 2285 1801 2319 κεχειροτό-

1010 2341 1114 2369 νηνται.

1046 2377 1094 2406 ιϐ’.
1109 2378 1185 2404 Ὅσοι
1219 2378 1410 2412 πρεσϐύτεροι,
1430 2378 1478 2403 καὶ
1495 2377 1612 2403 διάκονοι
1627 2375 1677 2409 τῆς
1702 2374 1785 2408 ἐκκλη
1796 2388 1803 2393 -

1011 2424 1071 2455 σίας
1088 2424 1321 2459 ἀναχωρήσουσιν,
1339 2424 1446 2450 ἅδεκτοι
1463 2425 1503 2454 εὶς
1530 2423 1627 2457 ἐτέρας
1654 2421 1802 2454 ἐκκλησίας

1011 2470 1196 2506 γενήσονται·
1222 2470 1280 2497 ἀλλ’
1297 2470 1539 2505 ὲπιστρεφέτωσαν
1562 2469 1601 2499 είς
1623 2468 1673 2498 τὰς
1696 2466 1801 2492 ἑαυτῶν

1012 2515 1168 2549 παροικίας.
1185 2514 1216 2540 El
1232 2514 1260 2540 δέ
1276 2522 1317 2546 τις
1333 2514 1381 2548 τὴν
1397 2515 1483 2549 ἑτέρῳ
1500 2514 1662 2547 διαφέροντα
1679 2519 1802 2546 χειροτο-

1012 2562 1088 2595 νὴσει
1103 2561 1164 2596 δίχα
1179 2560 1293 2595 γνώμης
1308 2561 1356 2587 τοῦ
1372 2560 1473 2587 οἰκείου
1490 2559 1651 2590 ἐπισκόπου,
1668 2558 1768 2592 ἄκυρος
1784 2557 1803 2591 ἡ

1012 2608 1180 2643 χειροθεσία.

1047 2652 1085 2680 κ’.
1101 2653 1135 2680 Εἰ
1149 2662 1191 2684 τις
1206 2653 1319 2685 τόκους,
1336 2652 1353 2688 ἢ
1371 2653 1482 2688 ἡμιόλια
1500 2653 1644 2688 λαμϐάνει,
1661 2653 1801 2687 ἀλλότριος

1013 2699 1100 2732 ἔσται,
1117 2699 1185 2731 μετὰ
1199 2700 1245 2725 τὸν
1258 2701 1320 2735 ὅρον
1333 2700 1382 2734 τῆς
1396 2698 1801 2734 Ἐκκλησίας,καθαιρούμενος.

1048 2788 1106 2814 xx’.
1122 2790 1152 2815 οι
1175 2789 1295 2816 διάκονοι
1315 2790 1371 2819 τοῖς
1395 2788 1470 2819 ἰδίοις
1491 2788 1600 2822 μέτροις
1626 2788 1801 2822 μενέτωσαν,

1014 2833 1081 2868 μηδὲ
1103 2833 1184 2867 μέσον
1202 2833 1396 2867 πρεσϐυτέρων
1415 2833 1636 2865 καθεζέσθωσαν.
1655 2833 1733 2863 Παρὰ
1753 2842 1804 2860 κα-
