1929 3076
122 173 159 204 73
748 169 935 201 SYNOPSIS
955 167 1150 200 CANONUM.
1726 163 1761 195 τι

121 231 189 259 nova.
206 229 261 265 γὰρ
279 229 328 255 καὶ
345 227 474 261 εὐταξίαν
492 228 578 261 ἐστὶν,
589 227 615 255 εί
629 237 655 255 τι
672 229 719 256 καὶ
736 229 858 256 τοιοῦτον
875 228 921 261 γέ-

1020 226 1160 253 decentem
1189 222 1310 251 ordinem
1338 227 1401 254 est,
1430 221 1453 248 si
1482 219 1548 255 quid
1577 219 1630 246 tale
1653 220 1762 247 contino

121 285 196 304 νοιτο
201 295 208 303 ι

159 322 224 358 κβ’.
237 323 270 348 Ol
286 320 465 348 Παυλικιανοὶ
480 320 713 352 ἁναδαπτίζονται
725 328 732 335 ο
748 321 795 347 καὶ
810 319 837 346 εἴ
849 323 920 349 τινες

121 368 255 403 adripiunt
267 367 409 402 ἄμεμπτοι
423 366 587 398 δείκνυνται,
604 365 854 395 ἀνασαπτισθέντες
867 372 922 399 χει-

120 413 341 450 ροτονείσθωσαν
355 420 362 428 ·
375 413 400 439 εἰ
417 411 446 439 δὲ
465 413 503 448 μὴ
515 412 654 448 ἄμεμπτοι
670 411 835 442 δείκνυνται,
855 410 922 437 καθ·

120 468 140 487 α
146 467 187 494 ιρε
192 458 323 485 ίσθωσαν.

161 504 225 538 κγ’.
236 503 270 530 Δί
284 503 454 530 διακόνισσαι
467 501 692 536 ἐξαπατηθεῖσαι,
707 501 768 527 ἐπεὶ
783 500 821 536 μὴ
833 508 922 535 χειρο-

121 550 220 580 τονίας
235 548 405 583 μετέχουσιν,
420 549 450 574 ὲν
463 549 520 579 τοῖς
535 548 639 579 λαῖκοϊς
653 546 885 579 ἐξεταζέσθωσαν.

164 593 224 621 κδ’.
241 594 287 620 Ἐν
301 595 362 626 ταῖς
376 594 530 629 Κυριακαίς
544 593 575 619 οὐ
591 593 650 620 δέον
666 593 755 619 κλῖναι
771 592 847 626 γόνυ,
865 591 923 618 ἀλλ’

122 640 238 675 ὀρθίους
254 639 385 675 εὔχεσθαι
399 639 463 671 τοὺς
478 639 652 675 ἀνθρώπους.

398 705 460 733 Τῶν
475 706 511 733 ἐν
528 706 662 740 Ἀγκύρῃ.

169 773 212 800 α’.
237 772 425 808 Πρεσϐύτεροι
449 771 497 798 καὶ
513 771 633 799 διάκονοι
649 772 680 798 τὸ
699 773 764 807 πρὶν
782 771 926 798 ἐπιθύσαν-

126 828 192 851 τες,
214 818 274 845 εἶτα
294 818 324 850 ἐξ
343 817 474 853 ἀληθείας
495 817 751 849 ἁναπαλαίσαντες,
774 818 857 853 μόνης
875 817 926 850 τῆς

127 865 270 899 καθέδρας
289 864 338 890 καὶ
361 863 412 898 τῆς
440 863 524 898 τιμῆς
546 864 751 899 μετεχέτωσαν,
772 863 855 899 μηδὲν
873 863 926 890 τῶν

128 912 219 945 ἁγίων
237 910 436 942 ἐπιτελοῦντες.

167 956 207 992 β’.
230 957 262 983 0i
280 956 489 991 βασανισθέντες
510 955 557 982 καὶ
573 955 730 991 βιασθέντες
745 955 865 990 ἀληθῶς,
879 956 926 982 καὶ

132 1002 204 1037 μετὰ
226 1002 386 1038 τυραννίδος
414 1002 548 1037 βρώματα
573 1002 702 1033 λαϐόντες
730 1001 852 1034 εἰδώλου,
876 1002 927 1036 τῆς

130 1048 276 1079 κοινωνίας
292 1046 330 1082 μὴ
342 1047 543 1074 κωλυέσθωσαν
553 1055 560 1062 ·
575 1047 623 1074 καὶ
637 1047 727 1074 λατκοὶ
743 1047 771 1073 δὲ
784 1047 862 1074 τοῦτο
877 1056 928 1074 πα-

110 1086 116 1092 ’
131 1093 228 1125 θόντες
238 1112 246 1124 .
265 1093 303 1124 ὡς
319 1093 396 1120 οὐδὲν
412 1093 607 1128 ἡμαρτηκότες
617 1113 624 1125 ,
642 1093 667 1119 ει
685 1092 822 1128 βούλοιντο
837 1102 927 1128 χειρο-

131 1140 226 1170 τονίας
250 1132 360 1174 τυχεῖν,
384 1139 612 1174 τυγχανέτωσαν,
636 1138 725 1171 ἄλλως
748 1139 928 1173 ἀνεπίληπτοι

132 1186 222 1217 ὄντες.

169 1230 211 1265 γ’.
226 1231 305 1257 Ὅσοι
322 1231 494 1266 ἀπαγόμενοι
513 1231 582 1267 μετὰ
597 1231 733 1267 θυμηδίας
751 1230 867 1267 ἀνῆλθον
883 1231 930 1258 καὶ

134 1277 251 1312 ἔφαγον,
267 1277 313 1304 ἐπὶ
325 1278 452 1311 ἑξαετίαν
466 1277 706 1305 ὑποπιπτέτωσαν.

884 1367 932 1393 καὶ

135 1414 272 1448 φαγόντες
283 1433 290 1444 ,
311 1413 380 1448 μετὰ
398 1412 524 1448 δακρύων
540 1412 663 1448 τριετίαν
680 1413 911 1439 ὑποπιπτέτωσαν
924 1421 930 1427 ’

132 1462 160 1486 si
177 1460 207 1486 δὲ
226 1460 263 1495 μὴ
281 1459 380 1494 ἔφαγον
396 1459 508 1487 διετίαν.

170 1366 209 1394 δ’.
225 1367 258 1393 Οἱ
282 1367 352 1402 μετά
374 1365 506 1401 πενθικῆς
529 1366 625 1401 στολῆς
648 1365 860 1401 ἀνεληλυθότες,

171 1547 211 1575 ε’.
227 1548 257 1575 '0
274 1549 405 1583 προάγων
418 1547 486 1582 βίος,
499 1549 547 1575 καὶ
561 1549 575 1575 ό
591 1548 733 1583 ἑπόμενος,
749 1548 762 1574 ό
776 1548 829 1575 τῶν
842 1550 932 1584 παρα-

136 1595 295 1620 πιπτόντων
311 1594 444 1628 δηλονότι,
463 1594 607 1629 σπουδαῖος
623 1595 672 1627 ὢν,
690 1595 707 1629 ῆ
726 1595 755 1621 οὐ
776 1595 927 1627 σπουδαῖος,

136 1641 183 1667 τὸν
201 1641 354 1668 ἐπίσκοπον
370 1640 636 1676 φιλανθρωπότερον,
655 1641 670 1676 ἢ
688 1642 928 1676 ἀφιλανθρωπότε-

138 1695 185 1721 ρον
200 1686 349 1714 δείκνυσιν.

180 1736 221 1766 ς’.
241 1734 323 1769 Ἀνὴρ
344 1733 442 1770 ἀπειλῇ
473 1734 553 1768 μόνον
572 1733 657 1767 εἴξας,
678 1735 726 1760 καὶ
755 1733 849 1766 θύσας,
872 1732 930 1760 εἷτα

137 1781 324 1815 μετανοήσας,
339 1781 502 1807 πενταετίαν
518 1780 704 1808 ὑποπιπτέτω.

174 1871 214 1903 ζ’.
235 1871 298 1898 Ἐάν
314 1880 356 1903 τις
375 1872 428 1898 ῑδια
447 1871 581 1906 βρώματα
598 1871 666 1906 ἔχων
685 1871 858 1907 συνειστιάθη
875 1873 933 1903 τοῖς

138 1917 247 1943 ἔθνεσιν
263 1917 292 1943 ὲν
306 1918 366 1948 ταῖς
380 1917 488 1952 ἑορταῖς
504 1916 609 1950 αὐτῶν,
624 1916 726 1943 διετίαν
744 1917 932 1943 ὑποπιπτέτω.

175 2010 216 2042 η’.
235 2009 267 2034 '0
288 2007 328 2043 μὴ
350 2007 433 2042 μόνον
456 2007 620 2039 ἐθελουσίως
640 2007 774 2039 τεθυκὼς,
797 2007 866 2034 ἀλλὰ
887 2007 935 2034 καὶ

139 2054 235 2089 ἕτερον
250 2054 423 2088 ἀναγκάσας,
439 2055 581 2082 δεκαετίαν
597 2055 785 2087 ὑποπιπτέτω,

178 2143 215 2171 θ’.
231 2144 261 2171 '0
275 2144 400 2180 δεύτερον
421 2146 468 2172 καὶ
486 2145 578 2181 τρίτον
589 2145 684 2179 θύσας,
696 2144 764 2172 ἀλλὰ
779 2144 849 2180 μετὰ
865 2145 934 2180 βίας,

141 2190 291 2216 ἑπταετίαν
307 2190 496 2217 ὑποπιπτέτω.

973 277 1027 306 gat.

1008 316 1052 343 22.
1081 315 1228 342 Pauliciani
1253 314 1340 341 denuo
1368 311 1540 347 baptizautur
1568 320 1575 338 :
1606 318 1637 338 ac
1660 311 1682 338 si
1713 312 1760 346 qui

973 362 1066 390 (lerici
1097 359 1350 396 irreprehensibiles
1368 359 1577 393 comperiantur,
1602 358 1761 392 rebaptizati

972 410 1143 437 ordinentur.
1168 406 1224 434 Nisi
1247 412 1312 433 vero
1333 404 1585 439 irrepreheusibiles
1609 404 1762 436 videantur,

973 456 1154 489 deponantur.

1011 501 1056 529 25.
1086 500 1250 528 Dlaronissa:
1278 499 1415 531 decepta,
1442 496 1659 531 quandoquidem
1688 495 1763 523 ordi-

976 545 1094 573 nationis
1109 549 1234 580 expertes
1248 543 1410 575 sunt,‘inter
1426 542 1510 569 laicus
1526 546 1679 568 versentur.

1009 591 1055 618 24.
1074 590 1219 617 Dominicis
1234 589 1330 617 diebus
1351 595 1403 614 non
1428 591 1535 622 oportet
1557 594 1626 622 genu
1642 586 1762 618 Ileetere,

975 638 1022 666 sed
1040 643 1128 665 rectos
1142 636 1265 664 homines
1281 642 1370 662 orare.

1231 703 1333 738 εμποάί
1351 704 1510 738 Ancyramr.

1013 771 1037 798 I.
1057 769 1211 804 Presbyteri
1231 773 1258 796 et
1276 768 1381 796 diaconi
1403 769 1450 803 qui
1474 770 1548 804 prius
1563 769 1764 802 sacriﬁcarunt,

977 816 1077 844 deinde
1092 823 1156 843 vere
1172 815 1355 849 resipuerunt,
1368 815 1451 842 solius
1464 815 1599 842 cathedrae
1612 820 1640 842 et
1654 815 1766 842 honoris

979 862 1125 898 participes
1140 861 1206 894 sint,
1233 860 1299 888 nihil
1315 866 1471 888 sanctorum
1488 861 1680 896 mysteriorum
1705 869 1766 895 per-

941 902 963 929 Β
975 914 1096 944 agentes.

1010 956 1039 983 ‘2.
1052 955 1104 988 Qui
1122 959 1257 982 tormenta
1279 961 1310 982 ac
1327 954 1380 981 vim
1402 960 1464 980 vere
1478 954 1550 988 passi
1571 958 1645 986 sunt,
1662 959 1689 980 ct
1703 961 1764 981 eum

979 1001 1123 1036 tyrannide
1146 999 1222 1027 cibos
1250 999 1329 1026 idolis
1351 998 1457 1025 oblatus
1483 1004 1667 1033 sumpserunt,
1692 991 1786 1027 com-'

979 1046 1110 1074 munione
1125 1053 1157 1073 ne
1180 1045 1376 1079 prohibeantur
1391 1053 1397 1071 :
1418 1044 1479 1072 laici
1500 1051 1576 1077 vero,
1594 1045 1616 1072 si
1634 1045 1684 1072 hoc
1701 1046 1767 1080 ipsis

979 1091 1120 1123 acciderit,
1137 1098 1169 1118 ac
1185 1091 1207 1117 si
1225 1089 1290 1116 nihil
1308 1089 1496 1124 deliquissent,
1514 1089 1536 1116 si
1558 1089 1642 1116 velint
1657 1092 1768 1118 ordines

979 1138 1121 1172 consequi,
1139 1141 1352 1171 consequantur,
1377 1137 1455 1163 tuudo
1479 1139 1505 1163 in
1521 1136 1581 1163 aliis
1595 1137 1768 1171 irreprehen-

979 1184 1072 1212 sibiles
1086 1184 1150 1212 sint.

1015 1230 1044 1258 3.
1062 1231 1199 1264 Quotquot
1216 1228 1325 1255 abducti
1344 1227 1459 1255 cultiore
1481 1227 1575 1263 habitu
1587 1229 1769 1257 ascenderunt

980 1281 1008 1304 et
1021 1277 1207 1307 comederunt,
1224 1282 1272 1302 sex
1293 1282 1378 1302 annos
1393 1268 1560 1309 poenitentia:
1575 1283 1636 1304 sese
1651 1276 1769 1305 submit-

983 1327 1051 1350 tant.
1356 1349 1361 1354 .

1017 1369 1043 1396 4.
1064 1367 1114 1401 Qui
1131 1374 1191 1394 cum
1215 1367 1319 1402 lugubri
1338 1371 1414 1394 veste
1438 1368 1618 1395 ascenderunt
1633 1372 1659 1396 et
1677 1375 1768 1396 come-

983 1415 1101 1446 derunt,
1131 1420 1193 1440 cum
1227 1413 1354 1448 lacrymis
1382 1413 1501 1440 triennio
1533 1413 1659 1441 submissi
1687 1414 1773 1449 pteni-

983 1460 1095 1488 tentiam
1120 1464 1201 1495 agant
1227 1468 1233 1486 :
1260 1459 1282 1486 si
1313 1465 1378 1486 vero
1407 1466 1459 1486 non
1487 1460 1666 1487 comederunt
1695 1460 1773 1488 bien-

985 1507 1040 1535 nio.

1021 1553 1047 1581 5.
1064 1553 1223 1581 Praecedens
1238 1552 1292 1579 vita
1307 1556 1335 1579 et
1358 1558 1537 1586 consequens,
1560 1552 1696 1587 lapsorum
1719 1552 1774 1581 scl-

984 1600 1057 1632 licet,
1085 1600 1153 1626 bona
1173 1603 1220 1626 aut
1237 1598 1320 1631 mala,
1340 1598 1497 1633 episcopum
1518 1599 1702 1627 humaniorem
1726 1604 1774 1628 aut

983 1646 1145 1674 severiorem
1161 1645 1259 1673 reddit.

1019 1737 1044 1763 ε’.
1062 1735 1112 1763 Vir
1127 1735 1172 1770 qui
1186 1735 1266 1762 minis
1279 1739 1382 1762 tantum
1399 1733 1514 1762 cesserit
1529 1737 1555 1761 et
1566 1734 1774 1767 sacriﬁcaverit,

984 1782 1080 1810 deinde
1096 1781 1267 1818 pmnituerit,
1286 1781 1474 1816 quinquennio
1499 1781 1666 1816 poenitentia:
1687 1781 1773 1817 subji-

982 1829 1084 1856 ciatnr.

1021 1874 1048 1901 7.
1065 1875 1092 1901 Si
1108 1874 1170 1909 quis
1197 1873 1321 1908 proprios
1337 1873 1412 1900 cihos
1429 1872 1532 1901 habens
1552 1873 1693 1908 gentilium
1708 1881 1774 1901 con-

986 1921 1065 1948 viviis
1075 1920 1231 1948 interfuerit
1245 1920 1271 1946 in
1285 1927 1378 1947 eorum
1392 1919 1478 1951 festis,
1489 1918 1597 1946 biennio
1609 1920 1774 1955 patuitentiat

988 1965 1136 1998 subiaceat.

1023 2011 1050 2039 8.
1068 2011 1118 2045 Qui
1142 2018 1196 2038 non
1221 2009 1308 2038 solum
1329 2009 1482 2038 voluntarie
1501 2008 1709 2042 sacriﬁcaverit,
1730 2015 1776 2036 ve-

987 2066 1046 2085 rum
1061 2058 1143 2086 etiam
1159 2057 1243 2084 alium
1254 2056 1385 2091 coegerit,
1399 2056 1492 2083 decem
1508 2062 1596 2083 annos
1609 2055 1776 2090 pmnitcntia

987 2104 1177 2132 submittatur.

1022 2151 1049 2178 9.
1074 2150 1124 2184 Qui
1152 2149 1271 2177 secundo
1297 2153 1324 2176 et
1352 2148 1432 2176 tertio
1455 2148 1662 2181 sacriﬁcaverit,
1687 2147 1734 2176 sed
1751 2149 1776 2176 vi

987 2197 1109 2228 adactus,
1126 2195 1269 2229 septennia
1282 2193 1447 2229 paenitentiae
1463 2193 1634 2228 subjiciatur.

180 2239 212 2262 ι’.
227 2236 257 2262 '0
271 2236 378 2270 μέλλων
389 2236 511 2267 διάκονος
525 2236 748 2272 χειροτονεῖσθαι,
760 2236 785 2262 ει
798 2244 924 2272 προεμαρ

1025 2241 1069 2269 I0.
1093 2241 1145 2274 Qui
1169 2240 1300 2268 diaconus
1317 2239 1483 2267 ordinandus
1499 2243 1550 2271 est,
1568 2240 1589 2266 si
1612 2243 1777 2274 protestatus

140 2282 242 2318 τὺρετο
254 2283 293 2317 τῷ
308 2283 450 2316 ἑπισκόπῳ
465 2282 503 2318 μὴ
514 2283 644 2309 δύνασθαι
658 2283 803 2317 καρτερεῖν
816 2283 934 2317 ἄγαμος,

142 2328 273 2363 γαμήσας
299 2328 370 2354 ἔστω
394 2329 527 2359 διάκονος.
556 2327 586 2354 Et
609 2328 638 2354 δὲ
663 2328 805 2362 σιωπήσας
832 2327 936 2363 ἔγημεν

143 2375 158 2400 ὖ
163 2384 207 2400 ατε
211 2383 268 2410 ρον,
285 2375 488 2401 ἀποῦαλλέσθω.

181 2425 227 2448 ια’.
247 2421 279 2447 Ei
298 2421 470 2456 ἐμνηστεύοη
489 2421 567 2457 κόρη,
587 2421 700 2457 ἡρπάγη
718 2421 745 2447 δὲ
765 2420 830 2455 παρ’
844 2420 934 2452 ἄλλου,

142 2468 182 2502 τῷ
200 2468 328 2503 προτέρῳ
344 2468 575 2494 ἀποκαθίσταται.
919 2480 922 2483 ·

181 2513 224 2548 ιβ’.
246 2515 274 2540 ’0
299 2514 352 2550 προ
377 2513 425 2540 τοῦ
453 2513 639 2549 βαπτίσματος
665 2513 765 2546 θύσας,
791 2514 935 2546 ἀνεύθυνος

142 2559 213 2586 ἔστω
231 2559 299 2592 μετὰ
313 2560 343 2586 τὺ
359 2560 512 2595 βάπτισμα.

181 2605 226 2638 ιγ’.
247 2606 465 2641 Χωρεπίσκοπος
485 2607 516 2632 οὐ
537 2607 687 2642 χειροτονεῖ
704 2607 768 2633 ἄνευ
787 2607 936 2641 ἐπιτροπῆς

141 2652 306 2678 ἐπισκόπου.

178 2697 219 2724 ιδ’.
239 2698 388 2733 Ὶερατικὺς
403 2699 494 2734 κρεῶν
507 2699 687 2735 ἀπεχόμενος,
701 2701 872 2734 γευσάμενος
888 2701 936 2735 μό-

140 2751 197 2774 νίν,
211 2743 300 2775 οὕτως
315 2744 479 2779 ἀπεχέσθω·
495 2745 519 2771 εἰ
535 2745 564 2771 δὲ
581 2745 649 2781 μηδὲ
664 2746 720 2772 τῶν
736 2746 804 2781 μετά
820 2746 937 2781 κρέατος

139 2789 248 2823 γένοιτο
261 2790 398 2824 λαχάνων,
414 2791 574 2818 πεπαύσθω.

178 2882 219 2906 ιε’.
239 2879 305 2906 Ἐάν
324 2888 350 2906 τι
370 2879 420 2915 τῆς
441 2879 589 2914 ἐκκλησίας
607 2882 786 2918 πρεσὸύτεροι
801 2883 936 2915 διαπερά-

284 2929 422 2960 ΡΑτιιοιι.
439 2929 499 2959 Gn.
524 2928 680 2960 CXXXIII.

987 2287 1069 2316 fllCl'll
1084 2288 1209 2322 episcopo
1224 2293 1254 2313 se
1276 2292 1330 2312 non
1353 2293 1433 2319 posse
1447 2285 1567 2312 ca-libem
1592 2293 1776 2320 perseverare,

988 2341 1072 2361 uxore
1095 2333 1175 2360 ducta
1200 2333 1236 2359 sit
1262 2331 1400 2358 diaconus.
1426 2330 1454 2357 Si
1478 2338 1543 2358 vero
1567 2339 1627 2358 cum
1653 2331 1777 2361 tacuerit.

989 2385 1079 2414 postea
1096 2385 1209 2405 uxorem
1227 2377 1343 2408 duxerit,
1363 2376 1496 2410 ejiciatur.

1024 2425 1067 2451 II.
1096 2424 1124 2451 Si
1150 2424 1314 2458 desponsata
1342 2421 1441 2456 puella,
1458 2422 1492 2448 ab
1513 2422 1567 2449 alio
1589 2426 1664 2457 rapta
1683 2421 1775 2454 fuerit,

988 2470 1068 2504 priori
1086 2470 1249 2497 restituitur.

1024 2517 1068 2543 I2.
1087 2517 1138 2549 Qui
1153 2520 1216 2543 ante
1233 2515 1367 2551 baptisma
1380 2515 1555 2546 sacriﬁcavit,
1569 2518 1628 2548 post
1644 2514 1775 2548 baptisma

987 2562 1078 2589 insons
1091 2561 1230 2589 habeatur.

1023 2608 1066 2635 I3.
1080 2607 1301 2642 Chorepiscopus
1325 2615 1375 2634 non
1395 2606 1501 2633 ordinat
1523 2605 1580 2632 sine
1596 2605 1703 2632 licentia
1718 2606 1776 2641 epi-

987 2654 1074 2688 scopi.

1023 2700 1067 2726 Η.
1094 2699 1230 2726 Sacerdos
1254 2707 1268 2726 a
1291 2698 1419 2725 carnibus
1445 2698 1587 2726 abstinens
1609 2698 1654 2725 ubi
1672 2702 1776 2725 tantum

988 2747 1151 2780 gustaverit,
1173 2746 1212 2772 sic
1226 2745 1360 2772 abstineat
1376 2755 1382 2772 :
1401 2747 1422 2772 si
1440 2753 1504 2771 vero
1523 2753 1610 2780 neque
1630 2746 1701 2773 olera
1718 2753 1777 2778 que

987 2800 1048 2818 cum
1067 2792 1195 2818 carnibus
1215 2796 1277 2818 sunt
1299 2795 1401 2825 gustet,
1416 2799 1430 2818 a
1449 2791 1586 2826 fungendo
1609 2798 1720 2818 nutriere
1733 2791 1776 2817 tle-

989 2839 1078 2865 sistat.

1024 2885 1067 2913 15.
1094 2884 1123 2913 Si
1149 2882 1213 2920 qttid
1237 2884 1271 2913 ad
1294 2884 1439 2913 ecclesiam
1463 2885 1600 2920 pertinens
1625 2881 1776 2919 presbyteri

1560 2932 1578 2962 3
