1929 3076
153 150 192 182 π,
791 149 978 194 Atusriaxt
992 151 1163 181 itoxacztt
1749 155 1784 186 τε

157 212 340 245 distraxerint,
370 211 396 238 id
422 209 568 237 invalidqu
593 209 639 242 sit,
663 217 693 237 ac
716 217 798 244 pent-s
825 210 943 244 episcopi

1018 219 1079 241 utav,
1095 211 1165 238 ἔστω
1182 210 1308 242 ἀϐέϐαια,
1325 211 1371 238 καὶ
1388 211 1493 245 μενέτω
1508 213 1540 247 τῇ
1558 211 1647 246 κρίσει
1662 211 1708 238 τοῦ
1723 214 1784 240 ἐπι-

153 258 282 292 jttdiciunt
300 261 416 284 ntancat.

191 304 235 330 16.
258 303 310 336 Qui
336 308 428 331 contra
458 303 591 330 rationem
615 310 712 330 venere
740 302 838 330 abusus
864 303 945 329 fuerit

137 355 218 385 .ante
242 350 335 385 viginti
365 357 471 381 annos,
497 349 651 384 quindecim
678 350 757 376 annis
781 344 946 383 pmniteutiie

155 395 317 430 subjiciatur
339 403 346 422 :
370 395 392 422 si
411 402 475 423 vero
490 395 559 422 hanc
575 399 683 422 (etatem
701 395 861 428 excesserit,
876 402 945 420 uxo-

157 449 267 475 remque
301 441 421 474 habeat,
452 449 484 468 ac
515 448 596 476 supra
632 440 827 476 quinquaginta
858 448 945 468 annos

155 492 236 515 natus
266 487 322 521 sit,
350 494 435 523 usque
466 487 500 514 ad
532 487 637 514 exitum
669 487 730 514 vitae
759 487 945 522 pmnitentiam

155 539 227 569 agat.

192 580 236 607 t7.
254 581 389 615 Leprosus
411 580 457 615 qui
475 584 569 607 contra
591 579 724 606 rationem
746 583 882 610 versatus,
902 583 947 605 aut

155 627 236 656 ctiam
253 628 328 662 lepra
347 626 465 654 infectus
485 625 578 659 fuerit,
596 633 657 653 cum
675 625 708 653 iis
723 625 769 660 qui
790 633 805 652 a
826 626 947 652 dammae

157 670 318 699 infestantur
334 676 405 699 oret.

193 718 238 746 18.
253 717 401 753 Episcopus
415 717 589 750 constitutus,
604 717 627 744 si
641 717 674 744 ab
685 716 808 744 Ecelesia
821 716 853 743 ad
865 723 945 751 quam

156 770 268 793 vocatus
284 768 327 791 est
343 771 397 792 non
421 763 580 798 recipiatur,
599 763 646 791 sed
671 763 733 791 aliis
752 762 888 797 episcopis
905 770 948 788 nc-

156 811 256 845 gotium
277 809 408 846 facessat,
436 809 700 837 excommunicetur.
718 808 745 835 Si
770 813 860 834 autem
885 814 947 842 prc-

154 855 271 892 sbyteris
284 847 462 882 annumerari
476 854 552 887 velit,
567 859 773 881 annumeretur.
791 852 820 880 Si
835 859 898 879 vero
914 851 947 878 ab

998 256 1109 283 σχόπου.

1032 302 1091 333 ις’.
1112 303 1141 329 ’0
1163 303 1380 337 ἁλογευσάμενος
1404 303 1457 338 πρδ
1478 303 1533 330 τῶν
1554 303 1642 330 εἴκοσι
1663 305 1784 339 χρόνων,

997 350 1193 377 πεντεκαίδεκα
1208 351 1296 376 ἔτεσιν
1309 349 1486 376 ὑποπιπτέτω
1498 357 1504 364 ’
1520 350 1544 375 εί
1559 350 1587 376 δὲ
1604 351 1650 377 καὶ
1663 351 1713 386 τὴν
1726 352 1786 387 ἡλι-

997 394 1059 421 κίαν
1073 395 1175 430 ταύτην
1192 395 1313 430 ὑπερϐὰς
1324 416 1331 427 ,
1348 395 1395 421 καὶ
1415 396 1531 428 γυναῖκα
1548 395 1633 430 ἔχων,
1650 395 1698 422 καὶ
1715 396 1786 432 ὑπὲρ

996 439 1030 465 τὰ
1044 438 1066 467 ν’
1076 439 1161 466 τελῶν
1175 440 1233 476 ἐτη,
1252 440 1315 476 ἄχρι
1329 440 1378 475 τῆς
1393 439 1484 472 ἐξόδου
1502 440 1689 467 ὑποπιπτέτω.

1035 572 1078 604 ιζ’.
1097 573 1126 599 '0
1146 572 1245 607 λεπρὸς
1266 572 1496 606 ἀλογευσάμενος,
1518 573 1536 608 ἢ
1556 572 1603 598 καὶ
1624 572 1784 607 λεπρωθεὶς,

997 621 1051 650 τοῖς
1068 618 1278 654 χειμαζομένοις
1294 617 1461 653 συνεύχοιτο.

1035 705 1080 741 ιη’.
1101 706 1131 733 ’0
1148 706 1296 736 ἐπίσκοπος
1310 705 1460 737 καταστὰς,
1476 706 1499 731 εἰ
1517 706 1547 731 οὺ
1568 706 1678 740 δέχεται
1708 707 1787 741 παρὰ

997 753 1046 786 τῆς
1062 752 1208 787 παροικίας
1224 752 1265 783 εἰς
1280 751 1313 785 ἢν
1329 750 1443 786 ἑκΜΘη,
1456 751 1514 777 ἀλλ’
1547 752 1653 787 ἑτέροις
1678 752 1788 779 ἐπισκό-

998 808 1060 831 ποις
1071 798 1184 834 ἐνοχλεῖ,
1201 796 1387 833 ἀφοριζὲσθω.
1401 797 1432 823 Εί
1459 797 1487 823 δὲ
1513 798 1569 828 τοῖς
1587 798 1785 834 πρεσϐυτέροις

999 845 1087 872 ἐθέλοι
1106 844 1344 879 συναριυμείσοαι,
1361 842 1563 878 συναριθμεῖτε).
1581 844 1612 870 Εἰ
1627 844 1654 870 δὲ
1669 845 1715 871 καὶ
1731 846 1787 876 τοῖς

534 879 695 931 r'dissideat,’
707 879 787 926 etiam
799 879 943 933 presbyte-

1018 892 1058 916 κεῖ
1072 890 1233 921 ἐπισκόποις
1251 887 1450 921 διαστασιάζοι,
1467 888 1632 916 ἀπωθείσοω
1665 890 1713 916 καὶ
1736 890 1786 924 τῆς

157 953 234 976 ratus
251 948 356 975 honore
373 945 534 981 expellatur.

190 991 236 1019 19.
266 991 318 1024 Qui
344 990 527 1025 virginitatem
552 988 694 1023 professus
715 993 772 1020 cst,
799 995 831 1015 ac
854 993 946 1014 votum

154 1039 263 1067 irritant
276 1037 355 1070 facit,
370 1035 488 1063 triennio
503 1035 766 1062 excommunicetur.

189 1086 236 1112 20.
250 1083 377 1119 Virgines
391 1089 425 1109 ne
441 1081 475 1108 ad
490 1081 596 1116 aliquos
609 1086 738 1116 tanquam
754 1081 853 1108 fratres
868 1088 945 1108 acce-

153 1131 231 1159 dant.

191 1177 238 1204 21.
256 1175 385 1203 Adultera
403 1178 430 1202 et
445 1174 561 1206 adulter,
580 1178 683 1207 septem
696 1180 947 1201 annosexcouimu-

154 1222 291 1251 picentur.

190 1268 237 1296 22.
262 1266 418 1294 Meretrices
448 1264 647 1293 medicamenta
675 1263 822 1291 enecandis
847 1262 946 1290 fetibus

155 1314 341 1349 accipientes,
369 1312 463 1340 decem
490 1318 577 1338 annos
601 1309 770 1345 paenitentia:
796 1309 945 1344 subjician-

154 1368 208 1389 tur.

188 1407 234 1434 ‘25.
252 1405 430 1434 Voluntarius
448 1404 596 1437 homicida,
614 1403 642 1430 in
665 1402 718 1430 ﬁne
740 1402 801 1429 vita:
822 1408 945 1429 commu-

154 1453 262 1480 nionem
279 1456 475 1485 consequatur.
932 1481 935 1485 _

189 1498 234 1526 24.
253 1497 456 1525 lnvoluntarius
475 1495 622 1528 homicida,
645 1494 834 1530 quinquennio
855 1494 944 1529 paeni-

155 1543 245 1571 tentia:
257 1541 427 1576 subjiciatur.

189 1586 234 1614 25.
248 1585 299 1619 Qui
311 1585 446 1612 vaticiniis
458 1584 558 1617 utitur,
569 1588 652 1619 atque
667 1583 815 1610 introducit
825 1583 942 1618 aliquem

153 1633 181 1660 in
196 1633 291 1660 domos
306 1630 466 1666 exquirendi
483 1629 618 1662 veneficii,
632 1635 678 1656 aut
694 1629 864 1656 lustrationis
880 1637 943 1664 gra-

155 1678 205 1710 tia,
230 1676 415 1712 quinquennio
431 1676 597 1710 poenitentiae
614 1675 765 1710 subjaceat.

189 1723 234 1751 26.
252 1722 366 1756 Quidam
383 1721 469 1757 puella
485 1721 658 1755 desponsata,
674 1721 762 1748 sorori
775 1721 835 1756 ejus
848 1721 942 1748 vitium

154 1762 254 1801 attulit,
281 1767 377 1795 deinde
400 1774 526 1802 sponsam
546 1766 670 1801 accepit;
696 1766 781 1801 prima
797 1767 943 1801 suspendio

155 1815 235 1841 vitam
249 1813 333 1846 ﬁniit;
351 1813 367 1840 ii
379 1814 460 1840 ctiam
474 1813 520 1847 qui
533 1812 597 1840 facti
609 1812 709 1840 conscii
724 1817 797 1846 sunt,
811 1812 943 1841 decennio

154 1860 321 1896 munitet-tias
332 1859 521 1893 subjiciantur.

365 1904 465 1940 Synodi
496 1903 730 1932 Neocmuriensis.

191 1953 216 1979 ι.
244 1950 391 1986 Presbyter
411 1951 457 1985 qni
484 1957 597 1976 uxorem
620 1950 740 1983 duxerit,
766 1950 940 1987 deponatur:

153 1999 175 2026 si
202 2005 268 2025 vero
297 2001 433 2024 scortatus
456 2000 503 2024 aut.
527 1995 680 2025 moechatus
708 1995 802 2030 fuerit,
825 1997 942 2031 expella.

153 2048 208 2072 ων.

188 2090 216 2116 ‘2.
235 2089 333 2116 Mulier
351 2096 410 2124 qua:
427 2088 532 2117 duobus
549 2089 678 2117 fratribus
694 2089 826 2124 nupserit,
841 2097 888 2124 per
904 2095 943 2117 to-

154 2141 208 2163 tam
236 2136 318 2162 vitam
346 2135 497 2170 expellatur
526 2144 533 2163 :
564 2136 586 2163 si
615 2143 678 2162 vero
707 2136 787 2162 morti
819 2136 941 2170 proxima

153 2181 261 2215 nuptias
278 2181 415 2215 repudiet,
429 2180 617 2215 pmnitentiam
630 2186 811 2215 consequetur
824 2190 831 2208 ι
844 2181 867 2208 si
879 2188 942 2208 vero

153 2225 266 2258 obict'it,
282 2226 425 2260 superstiti
439 2226 497 2253 viro
516 2226 674 2261 pessimum.

188 2272 216 2299 '5.
232 2271 330 2298 Eorum
343 2271 387 2306 qui
403 2271 489 2298 multa
504 2271 675 2298 malrimorria
687 2271 861 2304 contrahunt,
877 2275 945 2299 tetu-

152 2325 202 2352 pus
226 2321 330 2345 certum
356 2322 398 2344 est
423 2324 431 2343 :
456 2316 624 2351 paenitentia:
650 2325 714 2344 vero
738 2317 856 2344 studium
877 2316 942 2344 illud

152 2364 284 2399 praecidit.

187 2409 214 2437 4.
232 2409 466 2444 Concupisccutite
486 2408 676 2436 fornicationis
691 2415 773 2443 opera
790 2410 944 2443 praeceden-

153 2461 193 2483 tes
207 2455 229 2482 si
249 2454 444 2488 impediantur,
463 2460 516 2480 non
537 2453 598 2481 sine
622 2453 714 2480 divino
734 2452 835 2480 auxilio
859 2453 944 2487 impe-

152 2500 273 2528 diuntur.

189 2547 216 2574 5.
244 2546 296 2580 Qui
320 2547 382 2572 dum
410 2545 471 2572 ﬁdei
500 2545 637 2580 mysteriis
662 2543 814 2572 instituitur
837 2548 940 2578 peccat,

152 2593 245 2620 audiat
263 2600 314 2619 non
335 2599 452 2627 peccans
478 2600 485 2618 :
509 2591 533 2618 si
556 2595 645 2617 autem
668 2589 756 2617 adhuc
779 2594 942 2624 perseveret,

154 2638 262 2673 penitus
278 2638 414 2673 ejiciatur.

190 2683 217 2710 6.
245 2683 635 2718 Praegnans.quandocunque
663 2681 721 2708 vult
752 2679 904 2716 baptizatur
935 2690 942 2708 :

155 2730 369 2764 uniuscujusque
386 2730 459 2757 enim
478 2729 605 2756 Voluntas
617 2727 764 2761 judicatur.

189 2776 216 2804 7.
244 2775 388 2810 Presbyter
410 2784 462 2803 non
488 2775 568 2802 debet
589 2774 721 2809 interesse
745 2773 869 2800 convivio
885 2772 944 2807 ejus

153 2822 199 2857 qui
212 2823 344 2850 secundas
355 2822 461 2856 nuptias
474 2820 595 2848 celebrat
608 2827 615 2846 :
626 2819 760 2854 quomodo
771 2819 841 2847 enim
855 2819 942 2853 ipsum

155 2869 233 2895 venia
246 2869 355 2899 dignum
371 2867 514 2899 iudicabis.

998 935 1046 962 τοῦ
1059 935 1248 970 πρεσϐυτέρου
1259 935 1353 970 τιμῆς.

1035 981 1079 1008 ιθ’.
1108 981 1136 1007 '0
1151 981 1565 1018 ὲπαγγειλὰμενοςπσροενίαν,
1589 983 1636 1009 καὶ
1668 983 1786 1016 ἀθετῶν,

997 1027 1120 1062 τριετίαν
1136 1027 1322 1062 ἀφοριζέσθω.

1032 1071 1068 1100 κ’.
1094 1073 1127 1100 Δί
1151 1072 1284 1108 παρθένοι
1313 1073 1351 1106 ὡς
1376 1073 1502 1109 ἀδελφοῖς
1533 1083 1589 1101 τισι
1628 1075 1665 1111 μὴ
1701 1084 1787 1112 προσ-

998 1120 1107 1147 ίτωσαν.

1032 1168 1086 1191 κα¹.
1113 1165 1144 1191 Ἦ
1167 1165 1303 1201 μοιχαλὶς,
1332 1167 1378 1194 καὶ
1406 1166 1421 1192 ὁ
1442 1167 1535 1202 μοιχὸς
1558 1168 1704 1196 ἑπταετίαν
1734 1169 1786 1202 ἀρα

995 1211 1189 1248 οριζέσθωσαν.

1033 1257 1085 1293 κβ’.
1101 1258 1133 1285 Αἱ
1163 1259 1261 1294 πόρναι
1287 1259 1476 1295 λαμϐάνουσαι
1506 1259 1617 1295 coepta,
1644 1259 1785 1287 δεκαετίαν

997 1305 1011 1330 ὑ
1017 1306 1228 1332 ποπιπτέτωσαν
1233 1326 1240 1333 .

1032 1397 1085 1431 κγ’.
1101 1397 1131 1424 '0
1143 1397 1306 1433 αὐθαίρετος
1322 1397 1497 1433 ἀνδροφόνος,
1513 1397 1544 1424 ὲν
1575 1397 1614 1432 τῷ
1637 1397 1711 1424 τέλει
1739 1396 1786 1424 τοῦ

997 1444 1055 1479 βίου
1070 1443 1241 1479 τυγχανέτω.

1031 1490 1080 1517 κδ’.
1116 1490 1145 1516 '0
1171 1491 1299 1522 ἀκούσιος
1321 1490 1462 1525 φονευτὴς,
1496 1489 1660 1517 πενταετίαν
1685 1490 1785 1516 ὑποπι-

956 1557 978 1586 c
996 1537 1096 1576 πτέτω.

1032 1587 1082 1611 κε’.
1092 1584 1120 1611 '0
1136 1584 1420 1619 καταμαντευόμενος,
1437 1584 1486 1610 καὶ
1498 1584 1513 1610 ὁ
1524 1583 1642 1618 εἰσάγων
1653 1583 1714 1610 τινὰ
1731 1584 1785 1614 τοῖς

997 1630 1081 1662 οῐκυις
1094 1631 1141 1657 ἐπὶ
1154 1630 1298 1666 ἀνευρέσει
1310 1629 1500 1665 φαρμακείας,
1522 1629 1539 1665 ἢ
1555 1630 1701 1665 καθάρσει,
1720 1638 1786 1656 πενο

996 1677 1108 1704 ταετίαν
1123 1677 1313 1704 ὑποπιπτέτω.

1033 1726 1091 1755 ις’.
1111 1723 1204 1759 Κόρην
1221 1730 1265 1754 τις
1284 1721 1527 1757 μνηστευσάμενος
1557 1721 1737 1757 προσεφθάρη
1751 1722 1784 1755 τῇ

995 1769 1100 1804 ἀδελφῇ
1121 1769 1218 1804 αὐτῆς,
1237 1766 1296 1795 εἶτα
1311 1767 1362 1802 τὴν
1381 1769 1506 1804 μνηστὴν
1523 1767 1638 1794 ἐλαϐενο
1657 1769 1673 1802 ἡ
1689 1767 1783 1803 πρώτη

997 1815 1140 1851 ἀπήγξατο
1152 1823 1160 1831 ·
1187 1814 1235 1841 καὶ
1262 1815 1287 1840 oi
1305 1814 1456 1846 συνειδότες
1473 1814 1616 1841 δεκαετίαν
1633 1813 1786 1840 ὑποπιπτὲ-

996 1870 1097 1889 τωσαν.

1209 1906 1272 1935 Τῶν
1285 1908 1319 1935 ἐν
1329 1908 1556 1941 Νεοκαισαρείᾳ.

1031 1956 1066 1981 α’.
1078 1953 1173 1988 Γῆμας
1188 1953 1386 1988 πρεσῦύτερος,
1409 1952 1583 1980 ἀπο-τιθέσθω
1595 1960 1602 1967 ο
1631 1951 1785 1984 ἐξωθείσθω

995 1999 1025 2026 δὲ
1038 1998 1200 2033 πορνεύσας,
1218 1998 1239 2034 ἢ
1254 1997 1413 2034 μοιχεύσας.

1033 2088 1066 2123 β’.
1085 2088 1118 2114 'H
1134 2087 1260 2123 ἀδελφοῖς
1284 2087 1432 2123 γημαμένη
1459 2087 1572 2120 δισσοῖς,
1590 2086 1635 2113 διὰ
1660 2085 1718 2120 βίου
1739 2085 1784 2118 ἑξ-

996 2134 1117 2161 ωοείσοω
1129 2142 1136 2149 ·
1150 2135 1174 2160 εἰ
1186 2134 1215 2161 δὲ
1228 2133 1299 2160 κατὰ
1315 2133 1363 2160 τὸν
1372 2133 1486 2160 θάνατον
1503 2133 1612 2168 ἀρνοίτο
1623 2132 1667 2158 τὸν
1684 2131 1783 2165 γάμον,

997 2179 1053 2211 ἕξοι
1068 2180 1224 2215 μετάνοιαν.
1242 2180 1275 2206 Ei
1292 2180 1321 2206 δὲ
1337 2179 1508 2214 τελευτήσω,
1526 2178 1564 2213 τῷ
1579 2178 1704 2213 μείναντι
1732 2177 1784 2204 κάο-

960 2237 981 2264 D
997 2234 1101 2253 χιστον.

1032 2270 1064 2306 γ’.
1076 2271 1137 2298 Τῶν
1153 2271 1320 2306 πολυγάμων
1333 2272 1347 2297 ὁ
1360 2270 1456 2305 χρόνος
1472 2270 1561 2306 σαφής
1579 2278 1586 2285 ·
1621 2270 1652 2297 τὸ
1677 2269 1706 2297 δὲ
1733 2269 1783 2305 τῆς

996 2319 1141 2358 μετανοίας
1158 2318 1314 2350 σπουδαῖον,
1332 2317 1413 2343 αὐτὸν
1427 2316 1623 2352 ὑποτέμνεται.

1029 2407 1061 2434 δ’.
1079 2407 1114 2433 Αἱ
1131 2405 1185 2441 πρὸ
1197 2406 1253 2433 τῶν
1267 2405 1406 2441 πορνικῶν
1423 2405 1514 2440 ἔργων
1528 2404 1674 2440 ἐπιθυμίαι
1694 2405 1719 2431 εί
1734 2405 1783 2439 ἐμ-

994 2453 1161 2487 ποδίζονται,
1175 2454 1226 2481 οὐκ
1243 2453 1306 2480 ὰθεῗ
1320 2453 1524 2488 ἐμποδίζονται.

1029 2548 1061 2573 ε’.
1078 2544 1111 2572 '0
1125 2545 1155 2572 ὲν
1166 2544 1204 2579 τῷ
1235 2543 1415 2579 κατηχεϊσοαι
1439 2542 1606 2578 ἁμαρτάνων
1638 2542 1783 2578 ἀκροάσθω

996 2591 1034 2627 μὴ
1047 2591 1215 2626 ἁμαρτάνων
1230 2598 1237 2605 ·
1252 2591 1277 2616 εί
1300 2589 1321 2616 εἰ
1337 2591 1379 2616 ἔτι
1422 2590 1564 2625 ἑπιμείνῃ,
1580 2589 1686 2624 ,τέλεον
1705 2590 1782 2615 ἀπω-

995 2637 1107 2664 θείσθω.

1030 2683 1069 2716 ς’.
1090 2683 1123 2710 Ἦ
1137 2681 1310 2718 κυοφοροῢσα
1322 2682 1367 2709 ὅτε
1382 2681 1454 2707 θέλει
1468 2680 1647 2716 βαπτίζεται·
1663 2681 1781 2708 ἑκάστου

993 2731 1048 2766 γὰρ
1059 2731 1076 2766 ἡ
1091 2729 1254 2764 προαίρεσις
1271 2728 1406 2764 κρίνεται.

1031 2776 1064 2809 ζ’.
1075 2777 1131 2812 Οὺχ
1140 2777 1263 2802 ὲστιᾶται
1295 2775 1482 2810 πρεσΰύτερος
1498 2774 1545 2801 ἐπὶ
1566 2772 1673 2809 διγάμῳ
1687 2781 1694 2789 ·
1724 2772 1784 2805 πῶς

996 2823 1050 2857 γὰρ
1061 2823 1144 2849 αὑτὸν
1158 2820 1287 2855 ἀξιώσοις
1304 2819 1481 2855 συγγνώμης.
