1929 3076
118 135 154 164 π
230 111 235 117 ’
749 127 926 158 SYNOPSIS
946 126 1142 158 CANONUM.
1721 126 1756 157 78

155 196 192 227 η’.
219 193 248 218 ’0
273 190 366 222 λάῖκὸς
387 186 417 215 οὗ
434 190 449 223 ἡ
465 188 533 223 γυνὴ
558 187 750 222 μεμοὶχευται,
780 187 811 212 οὺ
845 186 913 220 κλη-

1003 186 1030 213 8.
1055 185 1153 212 Laicus
1175 185 1252 219 cujus
1275 191 1343 211 uxor
1359 184 1521 211 adulterium
1538 184 1684 215 cdmmisit.
1701 190 1755 213 ntnt

120 239 222 275 ροῦται
238 245 244 252 ·
258 238 330 264 καὶό
343 237 371 262 ἐν
392 235 496 270 κλήρῳ,
514 235 538 260 εἰ
557 233 626 268 μετὰ
643 233 693 268 τὴν
709 232 833 268 μοιχείαν
848 240 915 258 κατ-

119 287 177 321 έχει
194 284 294 319 αὐτὴν,
311 282 484 310 ἑκδιώκετειι.

156 332 190 357 θ’.
216 329 282 356 Ἐὰν
296 327 456 362 ὁμολογήσῃ
481 325 666 362 πρεσεὺτερος
678 325 720 351 ὃτι
742 324 860 359 ἥμαρτε,
878 322 916 357 μὴ

121 375 309 410 πτοσφερέτω
322 373 404 408 μόνον
415 380 421 386 ·
433 371 496 398 τινὰ
512 371 566 406 γὰρ
581 371 636 397 τῶν
664 368 874 404 ἁμαρτημάτων
889 368 916 413 σί

119 421 291 458 χειροτονίαι
319 419 445 454 ἀφιᾶσιν.
480 418 512 444 El
540 418 570 444 δὲ
595 417 633 453 μὴ
660 415 819 450 ὁμολογοίη,
853 414 918 450 μήτ’

119 467 277 502 ἐλέγχοιτο,
294 465 377 496 αὐτὸς
392 464 479 501 ἐχέτω
494 463 544 498 τὴν
562 463 701 497 ἐξουσίαν.

160 512 187 540 ι’.
207 513 264 540 Καὶ
276 511 403 543 διάκονος
428 510 466 546 τῷ
492 510 567 545 αὐτῷ
594 509 749 544 συσχεθεὶς,
777 507 919 544 ὑπηρέτης

120 559 241 593 μενέτω.

160 609 207 632 ια’.
224 605 256 631 El
273 604 310 640 μὴ
322 602 538 640 τριακονταέτης
559 602 598 638 μὴ
623 600 741 636 γινέσθω
767 599 920 636 πρεσϐύτε-

121 659 183 685 ρος.
196 652 250 678 κᾶν
300 649 454 683 ἀξιόλογος,
470 648 541 684 ἔχων
555 648 709 683 ὑπόδειγμα
719 647 750 674 τὸ
762 646 810 674 τοῦ
824 645 919 678 Σωτῆ-

121 703 171 729 ρος
181 694 325 729 φώτισμα.

160 740 207 775 ιβ’.
233 740 265 767 '0
281 739 326 766 διὰ
350 739 428 766 νόσον
447 738 619 774 βαπτισθεὶς,
641 737 679 774 μὴ
704 737 822 772 γινέσθω
851 745 920 772 πρε-

123 788 278 820 οὸὑτερος·
295 787 320 813 εἰ
340 785 378 821 μὴ
403 785 447 812 διὰ
468 784 513 811 τδν
536 783 600 819 ἑξῆς
628 784 734 818 ἀγῶνα,
758 784 805 810 καὶ
821 783 921 810 σπάνιν

125 832 297 868 ἀνθρώπων.

971 233 1116 260 ascribitur
1134 232 1160 259 in
1185 231 1286 259 clerum
1315 240 1322 258 :
1349 235 1376 258 et
1399 230 1445 265 qui
1470 231 1595 258 intelero
1620 237 1756 264 versatur.

968 279 991 306 si
1007 283 1069 313 post
1083 277 1245 305 adulterium
1263 277 1360 304 retinet
1376 277 1475 312 ipsam,
1486 277 1641 312 expellitur.

1005 323 1032 351 9.
1051 323 1080 351 Si
1098 323 1240 350 confessus
1263 321 1345 358 fuerit
1369 322 1508 358 presbyter
1526 330 1555 350 se
1568 331 1706 358 peccasse,
1724 324 1758 351 ab

968 370 1106 397 oblatione
1121 373 1225 396 tantum
1240 369 1374 396 abstineat
1391 377 1398 396 :
1415 369 1538 404 quaedam
1551 370 1622 396 enirn
1646 376 1757 404 peccata

969 414 1079 446 ordines
1097 414 1248 442 remittunt.
1266 413 1296 441 Si
1315 421 1379 441 vero
1403 417 1456 441 n‘on
1478 414 1650 448 confiteatur,
1673 423 1760 451 neque

971 461 1158 492 convincatur,
1176 459 1233 494 ipse
1249 459 1291 486 sui
1309 464 1468 494 potestatem
1484 460 1593 488 habeat.

1006 504 1050 533 10.
1074 505 1210 532 Diaconos
1236 504 1318 533 etiam
1343 505 1438 533 eodem
1463 505 1578 534 crimine
1600 507 1760 539 obstrictus.

971 552 1096 579 minister
1111 555 1229 580 maneat.

1008 598 1052 625 Η.
1072 598 1112 626 Ne
1137 599 1184 625 fiat
1210 599 1351 634 presbyter
1377 598 1430 626 nisi
1464 598 1631 627 tricesimum
1659 607 1760 627 annum

971 652 1064 679 agens,
1078 644 1185 672 etiamsi
1201 645 1298 680 dignus
1311 645 1356 678 sit,
1372 645 1525 680 exemplum
1542 646 1646 674 habens
1663 646 1762 674 Serva-

973 690 1038 718 toris
1052 690 1194 725 baptisma.

1009 736 1052 763 12.
1067 736 1181 771 Propter
1194 738 1319 765 morbum
1333 737 1484 772 baptizatus
1498 745 1532 766 ne
1542 739 1589 766 fiat
1604 740 1757 776 presbyter;

972 781 1024 808 nisi
1041 782 1075 808 ob
1091 788 1228 810 certamen
1244 784 1316 818 quod
1329 788 1423 818 postea
1437 784 1562 818 subierit,
1579 791 1661 821 atque
1675 787 1764 814 ltomi~

972 835 1037 854 num
1053 827 1204 856 raritatem.

164 865 212 913 ιγ’.
235 877 401 914 Ἐπιχώριος
419 877 608 913 πρεσϐύτερος
623 877 663 909 είς
684 876 747 903 ναὸν
767 876 873 907 πόλεως
889 876 919 903 οὐ

1009 873 1054 900 l3.
1073 872 1219 909 Presbyter
1236 875 1291 902 ruri
1311 875 1411 910 degens
1435 876 1461 903 in
1487 876 1562 905 urbis
1586 877 1685 912 templo
1709 886 1762 905 non

122 926 274 962 προσάγει,
290 926 315 951 si
330 924 367 960 μὴ
384 925 500 952 ἄπεστιν
515 924 529 950 ὀ
540 923 701 956 ἐπίσκοπος,
726 923 773 949 καὶ
796 922 826 949 τὸ
855 931 922 958 πρε-

126 972 276 1008 σϐυτέριον
289 971 351 997 ὅλον
363 978 370 985 ·
388 970 438 997 ἐὰν
454 971 482 997 δὲ
497 970 601 1003 ἀπῶσι,
628 970 676 996 καὶ
692 969 812 1001 καλοῖτο,
836 977 922 1004 προσ-

122 1020 200 1051 nu.

161 1066 206 1091 ιδ’.
224 1064 256 1090 Οἱ
271 1061 484 1098 χωρεπίσκοποι
514 1062 551 1093 ὡς
572 1061 776 1096 συλλειτουργοὶ
801 1060 921 1095 προσφέ-

125 1119 220 1145 ρουσι,
232 1110 287 1136 τῶν
298 1110 486 1145 ὲὸδομήκοντα
503 1109 548 1135 τὸν
562 1108 647 1134 τύπον
660 1108 816 1143 ἐπέχοντες.

161 1155 203 1184 ιε’.
224 1155 310 1182 Ἑπτὰ
325 1155 455 1188 διάκονοι,
485 1154 556 1182 κατὰ.
585 1154 633 1186 τὰς
652 1153 781 1189 Πρὰξεις,
811 1154 858 1180 καὶ
885 1154 925 1185 εἰς

126 1203 314 1240 μεγαλόπολιν
328 1203 460 1230 εστωσαν.

396 1249 458 1276 Τῶν
470 1249 505 1276 ἐν
519 1248 651 1284 hirnea.

163 1296 201 1324 α’.
221 1296 267 1331 Τῷ
280 1294 425 1323 alla-:06er
449 1295 497 1321 τὸν
508 1294 627 1330 νόμιμον
643 1294 744 1329 γάμον,
761 1295 809 1320 καὶ
821 1292 860 1328 τῷ
873 1302 923 1320 κα-

126 1343 289 1378 τακρίνοντι
302 1342 349 1369 τὸν
361 1341 591 1377 κρεωφαγοῦντα,
609 1340 671 1376 δίχα
685 1340 800 1367 πνικτοῦ
823 1340 871 1366 καὶ
887 1342 927 1365 εἰ-

124 1389 292 1421 δωλοθύτου,
313 1388 450 1422 ἀνάθεμα.

164 1434 199 1468 β’.
213 1433 259 1469 Τῷ
272 1433 395 1460 πείθοντι
407 1433 452 1459 τὸν
460 1431 555 1459 δοῦλον
575 1431 730 1467 ἀναχωρεῖν
757 1431 804 1458 τοῦ
827 1431 926 1458 δεσπό-

127 1490 175 1507 του
191 1479 352 1510 θεοσεὸείας
364 1479 515 1514 προφάσει.
532 1479 580 1506 καὶ
601 1479 641 1514 τῷ
653 1478 856 1514 διακρινομένῳ
877 1487 926 1512 με-

973 917 1064 950 ofl‘ert,
1093 919 1143 947 nisi
1171 921 1242 947 absit
1269 921 1415 956 episcopus
1441 927 1567 957 totusque
1591 924 1764 960 presbytero-

974 971 1033 991 rum
1060 969 1148 993 tmtus
1179 975 1185 992 :
1215 966 1237 993 si
1266 971 1356 994 autem
1379 967 1488 1000 absint,
1515 974 1542 995 et
1566 975 1696 1002 vocetur,
1724 969 1765 996 of-

973 1011 1036 1038 fert.

1012 1057 1056 1084 M.
1073 1058 1265 1094 Cltorepiscopi
1287 1064 1413 1094 tanquam
1434 1060 1613 1088 comministri
1637 1061 1764 1096 oderunt,

975 1111 1037 1131 eum
1052 1105 1223 1140 septuaginta
1240 1106 1385 1139 imaginem
1403 1105 1534 1133 referant.

1014 1150 1047 1177 15
1069 1152 1177 1185 Septem
1193 1151 1310 1183 diaconi,
1326 1152 1475 1179 secundum
1489 1153 1556 1180 Acta
1570 1155 1764 1189 apostolorum.

976 1196 1058 1223 etiam
1076 1196 1102 1223 in
1119 1204 1216 1232 magna
1232 1197 1300 1224 urbe
1310 1198 1376 1225 sint.

1218 1250 1331 1278 Concilii
1358 1250 1532 1287 Gangrensis.

1017 1297 1041 1322 t.
1064 1296 1230 1331 lmprobanti
1256 1296 1404 1332 legitimum
1428 1300 1641 1333 matrimoaium,
1663 1305 1690 1328 et
1703 1309 1768 1329 con-

979 1341 1116 1368 demnauti
1141 1349 1237 1369 carnes
1261 1343 1480 1377 manducantem,
1498 1344 1602 1380 absque
1625 1347 1766 1382 sufiocato,

980 1393 1062 1422 atque
1077 1387 1157 1416 idolis
1173 1388 1322 1422 immolato,
1338 1391 1494 1418 anathema.

1016 1434 1042 1460 2.
1069 1434 1098 1460 Ei
1122 1435 1167 1469 qui
1191 1442 1272 1462 servo
1296 1435 1442 1470 persuadet
1459 1442 1517 1464 uta
1536 1437 1645 1466 domino
1661 1442 1769 1469 recedat

981 1480 1089 1515 pietatis
1098 1485 1240 1515 praetextu,
1253 1486 1334 1516 atqtte
1341 1482 1366 1509 ei
1376 1482 1422 1517 qui
1430 1480 1540 1510 'dubitat
1549 1486 1768 1515 communionem

129 1525 320 1560 ταλαμϐάνειν
334 1525 390 1551 ἀπὸ
426 1523 625 1559 πρεσϐυτέρων
650 1523 839 1558 ὑπογυναίων,
861 1524 926 1551 ἀνά.

991 1534 995 1552 ι
1022 1526 1191 1561 presbyteris
1214 1528 1389 1555 matrimonio
1414 1528 1518 1564 junctis
1542 1531 1680 1566 accipere,
1704 1542 1769 1562 aua-

129 1571 214 1606 θεμα.

166 1617 204 1650 γ’.
226 1617 255 1644 ’0
268 1617 315 1644 τὸν
331 1617 403 1643 θεῖον
418 1613 494 1643 οἶκον
510 1615 753 1651 εὐκαταφρόνητον
773 1616 926 1651 ὀνομάζων,

130 1663 181 1690 καὶ
195 1663 210 1689 ὁ
226 1661 419 1698 ἐκκλησιάζων
436 1662 500 1697 ἰδίᾳ,
521 1662 569 1688 καὶ
583 1661 658 1697 παρὰ
680 1660 794 1697 γνώμην
818 1661 929 1688 ἐπισκό-

130 1719 184 1736 που
199 1710 216 1745 ἢ
234 1710 421 1745 πρεσϐυτέρου
448 1710 482 1736 τὰ.
505 1710 555 1745 τῆς
585 1709 733 1744 ἐκκλησίας
755 1709 852 1742 τελῶν,
880 1709 924 1744 εἴη

130 1756 270 1790 ἀνάθεμα.

166 1802 200 1828 δ’.
222 1801 254 1828 '0
282 1801 373 1833 διδοὺς
399 1806 415 1837 η
443 1807 458 1827 ο
485 1801 634 1837 λαμὸάνων
653 1810 844 1838 καρποφοριας
875 1801 928 1834 ἔξω

129 1848 181 1882 τῆς
210 1846 361 1882 ἐκκλησίας
381 1847 429 1873 καὶ
459 1847 535 1882 παρὰ
575 1846 686 1882 γνώμην
720 1847 874 1874 ἐπισκόπου
910 1847 927 1882 ἢ

131 1893 337 1928 πμσσυτέρον,
365 1893 412 1919 καὶ
434 1893 448 1919 ό
465 1893 502 1929 μὴ
517 1893 563 1919 διὰ
581 1893 612 1920 τὸ
630 1894 712 1920 καλὸν
738 1893 927 1929 παρθενεύων,

134 1938 206 1964 ἀλλὰ
219 1938 264 1965 διὰ
278 1939 309 1964 τὸ
324 1938 370 1964 τδν
393 1938 483 1973 γάμον
503 1938 712 1973 βδελύσσεσθαι,
729 1938 745 1974 ἢ
759 1938 807 1965 καὶ
824 1947 929 1966 κατεπ-

134 1984 264 2020 αίρεσθαι
275 1985 329 2011 τῶν
348 1985 521 2020 γαμούντων,
534 1985 576 2020 εἴη
592 1984 727 2020 ἀνάθεμα.

171 2077 205 2101 ἐ.
239 2075 260 2101 0
275 2075 340 2107 τοὺς
351 2074 507 2106 καλοῦντας
530 2075 570 2107 εἰς
594 2074 704 2109 ὰγάπας
729 2074 847 2108 ἀθετῶν,

133 2121 244 2154 τούτοις
255 2122 285 2149 οὐ
302 2123 444 2150 κοινωνῶν
458 2122 648 2158 κεκλημένος,
674 2123 722 2149 καὶ
749 2122 764 2148 ὸ
793 2121 932 2157 φαυλίζων

135 2171 202 2201 τοὺς
215 2169 369 2205 φοροῦντας
384 2170 449 2201 τοὺς
474 2169 597 2205 βήρους,
630 2169 677 2196 καὶ
707 2169 768 2196 ὗσαι
801 2171 932 2204 γυναῖκες

980 1571 1083 1599 theuta.

1016 1618 1043 1645 5.
1061 1618 1111 1652 Qui
1126 1618 1173 1645 Dei
1190 1619 1299 1648 domum
1319 1623 1547 1658 contemptibilem
1567 1632 1628 1652 esse
1647 1625 1724 1659 dicit,
1744 1631 1771 1654 et

980 1663 1026 1697 qui
1051 1663 1178 1698 privatim
1208 1664 1411 1693 ecclesiasticos
1432 1671 1584 1696 conventus
1609 1667 1709 1704 habet,
1739 1680 1769 1698 at-

981 1712 1079 1742 praater
1093 1708 1214 1743 episcopi
1231 1715 1277 1736 aut
1293 1712 1445 1747 presbyteri
1461 1715 1623 1743 sententiam
1643 1717 1771 1745 Ecclesiae

980 1755 1071 1781 munia
1085 1754 1152 1787 obit,
1168 1754 1204 1782 sit
1218 1755 1372 1783 anathema.

1016 1800 1042 1827 4.
1059 1799 1188 1835 Quisquis
1206 1800 1251 1827 dat
1273 1807 1318 1828 ant
1340 1802 1439 1837 accipit
1464 1804 1600 1833 fructuum
1617 1808 1770 1837 oblationes

981 1851 1056 1874 extra
1075 1845 1228 1879 ecclesiam,
1243 1854 1275 1874 ac
1290 1850 1389 1882 praeter
1403 1851 1565 1880 sententiam
1587 1853 1706 1889 episcopi
1724 1863 1770 1882 aut

981 1892 1131 1927 presbyteri
1148 1901 1155 1925 ;
1175 1892 1238 1919 item
1253 1893 1298 1927 qui
1316 1902 1368 1921 non
1393 1895 1545 1924 honestatis
1561 1905 1644 1926 causa
1660 1901 1770 1934 virgini-

982 1941 1062 1965 tatem
1077 1939 1149 1971 colit,
1165 1938 1212 1965 sed
1238 1945 1270 1965 eo
1291 1940 1362 1973 qttod
1389 1941 1497 1976 nuptias
1514 1943 1696 1975 abominetur.
1724 1951 1770 1973 aut

981 1984 1061 2010 etiam
1081 1983 1107 2009 in
1125 1990 1171 2010 eos
1186 1983 1233 2018 qui
1247 1983 1517 2020 matrimOuiojuucti
1533 1993 1597 2015 sunt
1611 1996 1671 2017 sese
1681 1991 1770 2017 extol—

969 2028 1031 2061 .Iat,
1048 2028 1084 2056 sit
1099 2029 1255 2057 anathema.

884 2075 931 2102 καὶ
960 2079 969 2089 ⁸

1018 2075 1045 2103 5.
1061 2075 1111 2109 Qui
1136 2078 1240 2110 spernit
1252 2082 1299 2105 eos
1313 2077 1358 2113 qui
1380 2079 1414 2106 ad
1438 2082 1539 2115 agapas
1553 2085 1661 2115 vocant,
1681 2088 1709 2111 et
1724 2081 1770 2119 qui

983 2127 1097 2150 vocatus
1116 2130 1177 2150 cum
1201 2122 1242 2150 his
1259 2131 1313 2151 non
1329 2126 1534 2159 cotumunieat;
1553 2127 1616 2155 item
1633 2128 1678 2162 qui
1705 2137 1772 2156 con-

985 2168 1097 2202 temptui
1110 2168 1209 2195 habent
1227 2175 1276 2196 eos
1291 2170 1335 2204 qui
1358 2170 1432 2198 biros
1453 2177 1577 2206 gestant;
1594 2181 1624 2200 ac
1641 2181 1756 2208 qutecun

135 2216 247 2251 ἀνδρῶν
263 2216 460 2251 ὑποκρίνονται
471 2215 602 2251 ἱματίοις,
618 2215 666 2242 καὶ
676 2217 737 2242 ὅσαι
752 2215 807 2242 τῶν
821 2215 926 2251 ἀνδρῶν

991 2219 1032 2246 [ne
1044 2213 1170 2240 mulieres
1188 2213 1308 2240 virorum
1332 2215 1479 2242 abutuntur
1506 2218 1685 2251 vestimentis,
1698 2227 1772 2253 qtae-

134 2262 349 2296 διαζεύγνυνται
365 2261 581 2297 βδελυσσόμεναι
606 2261 652 2288 τὸν
666 2262 767 2296 γάμον,
785 2261 833 2288 καὶ
852 2261 876 2287 oi
896 2261 931 2287 τὰ

134 2309 222 2335 τέκνα
239 2308 509 2343 καταλιμπάνοντες,
524 2308 572 2334 καὶ
596 2307 657 2342 οὐχὶ
681 2307 750 2342 πρὸς
774 2306 931 2333 θεοσέϐειαν

135 2355 337 2390 ὑπαλείφοντες
360 2355 407 2381 καὶ
421 2354 507 2381 τέκνα
526 2355 577 2381 ὃσα
598 2354 724 2381 ἀπίστων
740 2354 931 2389 ἁποσκιρτῶσι

137 2399 255 2433 γονέων,
269 2399 408 2434 ἀνάθεμα.

172 2445 299 2478 ς’.”οται
313 2447 445 2481 γυναῖκες
453 2445 504 2477 τὰς
518 2445 608 2481 κόμας
623 2445 756 2478 τίλλουσι,
773 2445 931 2472 θεοσέὸειαν
950 2458 959 2464 ~

138 2493 361 2528 ὐποκρινόμεναι
376 2500 384 2508 ·
397 2492 446 2519 καὶ
466 2492 481 2518 ό
494 2492 544 2526 τὴν
567 2492 713 2527 Κνριακὴν
741 2492 856 2523 ἀσιτῶν,
885 2492 933 2518 καὶ

137 2538 433 2574 τᾶςὲκκλησιαστικὰς
457 2538 585 2573 νηστείας
601 2538 746 2573 ἐκτρέπων
757 2545 765 2554 ·
782 2538 831 2564 καὶ
843 2539 857 2564 ὁ
883 2538 933 2569 τὰς

135 2587 191 2613 τῶν
205 2586 355 2622 μαρτύρων
368 2585 494 2617 συνάξεις
512 2585 695 2621 περιφρονῶν,
708 2584 843 2620 ἀνάθεμα.

372 2630 430 2665 Τῆς
445 2631 481 2657 ἐν
494 2630 668 2665 Ἀντιοχείᾳ.

172 2681 210 2705 α’.
227 2677 259 2704 ὐ
272 2678 322 2712 τὴν
337 2677 473 2713 ἔνθεσμον
490 2677 538 2704 τοῦ
576 2677 673 2713 Πάσχα
694 2677 844 2713 παράδοσιν
873 2686 934 2704 πει-

138 2725 264 2760 ρώμενος
277 2725 436 2760 διαμεῖψαι,
448 2724 544 2756 λαῖκδς
563 2725 614 2760 μὲν
633 2725 732 2756 τελῶν,
759 2724 831 2752 ἔστω
863 2725 933 2752 ἀπό-

143 2771 244 2808 ϐλητος
261 2779 269 2786 ·
290 2763 424 2806 κληρικδς
435 2771 475 2804 δὲ,
485 2771 733 2806 ἀνεκκλησίαστος.

174 2858 208 2891 β’.
230 2858 262 2885 '0
278 2860 319 2892 εἰς
332 2859 486 2888 ἐκκλησίαν
510 2859 614 2892 εἰσιὼν,
645 2861 692 2888 καὶ
726 2859 869 2895 προσέχων
899 2861 932 2896 τῇ

983 2265 1036 2293 que
1053 2266 1068 2285 a
1084 2259 1149 2286 viris
1165 2265 1327 2294 separantur
1342 2268 1375 2288 eo
1391 2262 1464 2295 quod
1479 2263 1682 2291 matrimonium
1693 2264 1772 2292 fasti-

982 2304 1075 2338 (liant;
1104 2305 1168 2332 item
1199 2306 1244 2340 qui
1272 2305 1373 2334 liberos
1403 2307 1572 2343 relinquunt,
1600 2317 1632 2337 ac
1657 2318 1709 2337 non
1740 2314 1773 2337 ad

983 2351 1109 2386 pietatem
1133 2359 1181 2379 eos
1207 2351 1355 2384 instruunt,
1370 2361 1422 2381 nec
1445 2360 1501 2381 nun
1525 2355 1603 2383 liberi
1619 2356 1665 2391 qui
1685 2362 1700 2383 a
1724 2364 1774 2392 pao

984 2398 1107 2426 rentibus
1124 2397 1277 2426 infidelibus
1288 2398 1443 2433 discedunt,
1461 2401 1619 2430 anathema.

1019 2442 1045 2468 6.
1061 2443 1237 2477 Quaecunque
1253 2444 1381 2471 mulieres
1397 2452 1489 2472 comas
1506 2447 1627 2480 tondent,
1646 2447 1772 2481 pietatem

984 2486 1160 2521 simulantes;
1189 2493 1217 2515 et
1245 2489 1291 2524 qui
1322 2489 1460 2518 Domiuiea
1490 2492 1551 2519 cibo
1578 2493 1706 2526 abstinet,
1741 2501 1773 2521 ac

981 2533 1082 2568 jcjnttia
1097 2533 1223 2562 Ecclesiae
1232 2537 1329 2562 evertit
1342 2541 1349 2563 ξ
1363 2545 1411 2564 nec
1423 2545 1474 2565 non
1487 2538 1613 2573 quisquis
1624 2545 1774 2568 conventus

985 2581 1031 2615 qui
1047 2580 1079 2608 ad
1093 2585 1242 2616 martyrum
1257 2583 1330 2609 :edes
1346 2582 1414 2610 tium
1430 2584 1555 2619 despicit,
1572 2585 1727 2613 anathema.

1232 2635 1347 2663 Consilii
1361 2636 1525 2664 Antioc/tcm'.

1023 2680 1047 2707 Ι.
1061 2679 1110 2713 Qui
1120 2680 1225 2715 legibus
1233 2686 1354 2708 sanctam
1364 2680 1476 2709 Pascha:
1487 2682 1659 2712 traditionem
1670 2691 1776 2715 mutare
1829 2685 1834 2694 '

986 2729 1111 2759 conatur,
1138 2726 1272 2760 siquidem
1302 2726 1389 2756 laicus
1414 2728 1460 2761 sit,
1487 2728 1635 2764 ejiciatur:
1657 2731 1775 2761 clericus

987 2781 1052 2811 vero
1067 2774 1102 2801 ab
1119 2773 1243 2801 Ecclesia
1260 2779 1396 2803 arceatur.

1022 2861 1048 2889 εὶ.
1066 2860 1118 2894 Qui
1134 2861 1278 2891 ecclesiam
1304 2862 1452 2900 ingressus,
1474 2874 1579 2896 sacram
1604 2868 1774 2903 Scripturam
