1929 3076
167 126 202 157 79
794 124 985 156 iARlSTENI
1005 125 1162 156 MONACH
1168 127 1179 157 Ι.
1757 131 1792 163 80

165 185 268 209 attente
279 181 355 209 audit
367 190 373 210 :
387 181 483 210 deinde
493 189 622 218 egressus
631 183 746 218 despicit
758 186 926 217 aversaturqi

1035 184 1070 218 ρᾷ
1084 183 1193 219 Γραφῇ,
1223 181 1283 210 εἶτα
1299 185 1484 221 περιφρονῶν,
1500 186 1547 213 καὶ
1563 186 1652 220 ἐξιὼν,
1669 189 1716 214 καὶ
1726 188 1791 215 ἀπο-

165 228 393 261 communionem,
405 229 556 264 ejiciendus
570 233 623 257 est.

1002 231 1185 265 στρεφόμενος
1199 230 1249 266 τὴν
1270 231 1435 267 μετάληψιν,
1451 232 1615 268 ἀπόϐλητος.

197 274 224 301 5.
240 274 290 307 Qui
303 282 365 302 cum
382 275 618 303 cxcommunicato
628 275 824 308 communicat,
835 283 948 303 excom-

1035 275 1071 310 γ’.
1094 275 1123 302 '0
1138 276 1315 312 ἀκοινωνήτῳ
1332 278 1481 309 κοινωνῶν,
1493 278 1675 313 ἀκοινώνητος
1689 287 1696 295 ·
1717 281 1764 306 καὶ
1777 281 1791 306 6

163 320 315 347 uiunicatus
341 326 469 348 censetur
486 329 494 354 ;
515 325 542 349 et
559 321 605 356 qui
616 325 675 349 orat
693 328 756 349 cum
772 321 806 348 iis
822 322 867 356 qui
887 328 920 348 cu

1029 323 1200 357 ινευχόμενος
1214 323 1272 354 τοῖς
1287 322 1326 358 μὴ
1345 324 1378 358 τῇ
1402 323 1552 360 Ἐκκλησία
1570 325 1790 360 συνευχομένοις,

163 366 284 393 Ecclesia
299 373 352 394 non
363 371 452 399 orant,
471 374 532 394 reus
547 371 600 394 est.
612 367 677 395 Item
695 367 740 402 qui
757 367 872 402 suscipit
887 375 920 394 eu

1029 368 1163 400 τεύθυνος”
1179 369 1225 395 καὶ
1239 369 1254 395 6
1267 369 1312 395 τὸν
1323 369 1362 401 είς
1378 369 1543 404 Ἐκκλησίαν
1556 371 1593 406 μὴ
1605 371 1790 406 συναγόμενον

162 412 208 446 qui
227 411 355 440 Ecclesiae
377 413 554 441 conventibus
571 421 626 441 non
649 413 773 447 interest,
797 413 877 448 culpa
897 421 923 440 ιιι

672 417 773 447 itercst,
797 413 877 448 culpa
897 421 950 440 non
1001 414 1214 449 ὑποδεχόμενος,
1228 416 1280 442 οὐκ
1297 415 1433 447 ἀναίτιος.

114 476 115 481 η
162 462 252 485 vacat.

113 503 117 539 ξ
196 504 224 532 4.
241 504 392 540 Episcopus
408 513 422 532 a
436 506 540 541 synodo
556 506 707 541 depositus,
725 513 757 532 ac
769 505 874 541 presbyl

1035 503 1066 531 δ’.
1089 503 1119 530 ὐ
1134 503 1187 529 ὑπδ
1205 504 1316 530 συνόδου
1330 503 1525 539 καθηρημένος
1550 505 1714 537 ἐπίσκοπος,
1743 507 1788 531 xui

162 547 291 579 diaconus
304 552 338 579 ab
349 552 477 586 episcopo
491 552 575 587 gradu
591 558 690 583 motus.
706 551 730 580 si
745 559 793 586 per
803 557 923 579 contum:

1028 550 1077 577 ὑπο
1092 551 1246 577 ἐπισκόπου
1260 550 1448 586 πρεσϐύτερος
1463 551 1510 577 καὶ
1527 551 1665 584 διάκονος,
1694 552 1719 578 εί
1741 553 1789 578 air

162 597 231 625 ciam
247 605 346 625 munus
367 597 460 630 obeat,
477 598 623 632 deploratae
637 597 694 633 spei
710 603 763 625 est.

1000 595 1195 631 θαδιαζόμενος
1212 596 1415 631 λειτουργήσοι,
1433 597 1607 630 ἀνέλπιστος.

198 643 226 671 5.
250 643 348 671 Omnis
370 645 532 679 presbyter,
559 648 605 671 aut
632 645 762 673 diaconus
791 646 948 681 episcopum

1035 646 1066 670 ε’.
1079 644 1136 674 Πᾶς
1150 644 1163 669 ό
1175 644 1328 670 ἐπισκόπου
1345 644 1537 679 καταφρονῶν,
1553 645 1601 671 καὶ
1632 644 1786 679 ἀφιστάμε-

161 694 340 718 contemnens
363 695 390 717 et
414 691 449 717 ab
474 697 507 717 eo
535 690 681 724 recedens,
708 692 835 727 aliudque
859 693 922 719 altat

1027 699 1044 721 ις
1062 688 1281 725 πρεσϐύτεροςῆ
1307 689 1441 720 διάκονος.
1461 691 1509 717 καὶ
1539 690 1691 725 οἰκοδομῶν
1724 691 1788 718 ἄλλο

159 741 305 764 exstruens
320 744 328 764 :
350 736 374 764 si
391 737 425 764 ab
438 736 565 771 episcopo
579 736 621 764 bis
637 742 731 773 terque
746 738 894 766 accersitus

1027 735 1209 770 iataazﬁptw,
1228 735 1252 761 εί
1267 735 1510 770 προσκαλούμενος
1521 735 1562 767 δὶς
1580 736 1627 762 καὶ
1643 736 1702 771 τρὶς
1713 737 1788 772 παρᾶ

159 782 313 816 arrogantia
339 782 488 817 persistat,
517 783 689 818 deponatur.
714 784 864 812 curationis
900 792 920 819 sl

1027 781 1045 807 ηὖ
1057 779 1211 808 ἐπισῗιόπου
1227 781 1354 815 ἐπιμένοι
1370 782 1403 817 τῇ
1420 781 1545 817 ἀπονοίᾳ,
1570 782 1788 817 καθαιρούμενος

159 828 315 856 destitutus.
467 856 471 859 γ

998 828 1080 861 ἐστιν,
1097 828 1145 855 καὶ
1164 828 1361 863 ἀθεράπευτος.

194 873 222 901 6.
248 873 518 902 Excommunicatum
544 875 579 903 ab
597 875 726 910 episcopo
743 876 872 903 clericum
900 880 947 902 aut

1035 875 1135 907 ς¹.Τὺν
1152 874 1338 910 ἀφορισθέντα
1350 874 1417 909 παρ’
1442 875 1596 901 ἐπισκόπου
1617 875 1749 910 κληρικδν
1770 875 1785 910 ἢ

159 920 258 946 laicqu
273 919 295 946 si
312 919 396 953 major
410 919 530 955 synodus
543 922 705 955 susceperit,
720 926 767 948 aut
777 920 920 948 condemn:

1027 922 1092 947 ιῖκὸν
1111 921 1160 946 ἐὰν
1173 920 1276 956 μείζων
1299 920 1409 952 σύνοδος
1441 920 1628 954 προσδέξοιτο,
1658 921 1674 957 ἢ
1703 929 1788 947 κατα-

159 965 238 997 verit,
255 964 429 1000 acquiescere
443 970 551 1000 oportet
561 967 714 994 sententiae.

997 967 1127 1001 κρίιοιτο,
1146 967 1273 1001 στέργειν
1285 965 1374 1001 χρεὼν
1387 966 1438 1000 τὴν
1454 966 1604 1000 ἀπόφασιν.

194 1011 220 1039 7.
240 1011 403 1046 Peregrinus
429 1012 557 1046 paciﬁcas
586 1019 640 1039 non
670 1011 788 1040 aﬂerens
803 1011 944 1047 epistolas,

1032 1011 1064 1044 ζ’.
1084 1012 1114 1038 ’0
1131 1012 1206 1044 ξένος
1231 1013 1374 1048 είρηνικάς
1398 1013 1428 1039 οὐ
1461 1012 1618 1047 προσάγων,
1654 1012 1787 1048 ἀπρόσδε-

158 1064 212 1084 non
230 1061 272 1084 est
287 1057 486 1092 suscipiendus.

310 1057 486 1092 recipiendus.
997 1067 1071 1090 κτος.

191 1104 219 1130 8.
234 1102 379 1138 Presbyter
397 1104 452 1131 ruri
468 1104 568 1140 degens
582 1112 614 1132 ne
625 1104 772 1132 canonicas
785 1105 829 1133 det
842 1105 945 1139 episto-

1031 1103 1065 1140 η’.
1085 1105 1114 1132 ’0
1130 1105 1179 1131 ἐπὶ
1192 1104 1286 1140 χώρας
1301 1104 1489 1140 πρεσϐύτερος
1507 1105 1544 1140 μὴ
1556 1105 1655 1132 διδότω
1673 1113 1784 1133 κανονι-

157 1149 209 1182 las,
226 1149 276 1175 nisi
288 1150 321 1176 ad
336 1149 424 1176 solum
442 1149 561 1177 vicinum
576 1151 747 1186 episcopum.

995 1152 1046 1184 κάς
1063 1151 1220 1184 ἐπιστολὰς,
1231 1151 1248 1186 ἢ
1263 1151 1333 1187 πρὸς
1348 1152 1430 1187 μόνον
1441 1152 1592 1178 ἐπίσκοπον
1607 1152 1728 1186 γείτονα.

191 1194 219 1222 9.
249 1195 272 1221 Α
299 1195 500 1230 metropolitani
526 1197 662 1224 sententia
691 1198 808 1231 pendere
836 1201 945 1232 oportet

1030 1198 1063 1225 θ’.
1078 1199 1133 1226 Τοῦ
1157 1199 1361 1235 μητροπολίτου
1387 1198 1440 1233 τῆς
1473 1198 1588 1234 γνώμης
1612 1199 1784 1234 άναρτᾶσθαι

155 1242 308 1276 episcopos,
323 1241 445 1277 nihilque
457 1242 525 1269 citra
540 1243 611 1270 illius
626 1244 770 1270 consilium
785 1244 914 1271 instituer

1021 1245 1058 1277 ὡς
1071 1246 1250 1276 ἐπισκόπους,
1267 1246 1315 1271 καὶ
1333 1245 1400 1280 μήτι
1413 1244 1462 1279 τῆς
1478 1244 1562 1271 αὑτοῦ
1579 1245 1712 1279 προνοίας
1742 1246 1782 1271 οἰ-

155 1287 209 1314 nisi
222 1294 253 1314 ea
269 1286 325 1314 sola
341 1294 400 1322 quae
414 1287 447 1314 ad
461 1294 538 1314 suam
552 1289 685 1323 cujusque
700 1289 840 1316 dioecesim
858 1294 915 1323 pert

1021 1292 1122 1326 ›νομείν
1137 1291 1211 1326 δίχα,
1229 1291 1245 1326 ἧ
1268 1290 1338 1325 μόνα
1352 1290 1386 1317 τὰ
1400 1292 1432 1325 τῇ
1459 1290 1513 1326 ἰδίᾳ
1542 1290 1638 1326 ἐνορίᾳ
1664 1292 1782 1326 προσπί-

156 1338 232 1366 nent,
245 1340 277 1360 ac
294 1333 360 1360 viris
385 1333 590 1367 reprehensioni
614 1340 666 1361 non
695 1334 821 1362 obnoxiis
845 1342 917 1362 mam

1022 1344 1108 1368 ποντα,
1146 1336 1195 1363 καὶ
1221 1336 1394 1372 χειροθεσίας
1422 1336 1618 1372 ἀνεπιλήπτως
1653 1337 1783 1371 ἀνδράσιν

159 1380 311 1413 imponere.
631 1411 635 1414 .

631 1411 635 1414 ,
993 1382 1141 1409 ἐπιτελεῖν.

190 1425 234 1453 to.
253 1425 420 1460 Exorcistas,
433 1425 559 1459 lectores,
575 1426 768 1460 subdiaconus,
777 1432 804 1455 et
816 1433 941 1456 cantores

1030 1430 1056 1454 t’.
1080 1427 1274 1462 Ἐπορκιστάς,
1289 1427 1338 1453 καὶ
1352 1426 1542 1461 ἀναγνώστας,
1575 1428 1623 1454 καὶ
1637 1427 1780 1454 ὑποδιακό-

155 1472 296 1499 constituit
315 1472 528 1507 chorepiscopus
544 1481 552 1500 :
571 1480 623 1500 non
640 1477 730 1501 tamen
753 1473 916 1510 presbyterio

1024 1481 1064 1503 υς.
1083 1472 1130 1498 καὶ
1143 1471 1247 1506 ψάλτας
1265 1472 1411 1507 καθίστησι
1424 1472 1634 1507 χωρεπίσκοπος
1648 1480 1655 1488 ·
1669 1472 1700 1498 οὺ
1715 1472 1782 1507 ps.—

154 1523 201 1545 aut
215 1518 357 1546 diaconum
373 1518 478 1553 absque
493 1519 613 1547 civitatis
628 1519 766 1555 episcopo.
781 1520 832 1553 Qui
848 1526 915 1548 autel

1019 1524 1032 1541 ιι
1052 1515 1248 1550 πρεσϐύτερον,
1263 1515 1280 1550 ἤ
1303 1516 1438 1549 διάκονον,
1468 1517 1534 1543 ἄνευ
1558 1516 1606 1543 τοῦ
1629 1517 1700 1544 κατά
1728 1517 1780 1551 τὴν

1019 1561 1037 1571 I‘.
1047 1570 1050 1571 ν
1085 1563 1090 1571 l
1105 1570 1108 1571 ν
1137 1570 1153 1571 7,
1172 1562 1193 1571 I,
1208 1570 1213 1571 γ
1266 1562 1295 1571 In
1311 1561 1332 1571 δι
1384 1562 1397 1567 -
1487 1562 1496 1571 ἦ
1530 1563 1543 1569 ε
1591 1564 1599 1571 υ
1662 1563 1676 1571 ρ
1699 1563 1706 1571 ί

155 1563 205 1591 hoc
220 1564 372 1599 transgredi
386 1564 494 1598 audeat,
512 1564 678 1600 deponatur.

1014 1561 1069 1588 όλιν
1083 1562 1244 1588 ἐπισκόπου.
1266 1562 1296 1588 '0
1308 1561 1336 1589 δέ
1351 1562 1431 1589 τοῦτο
1456 1562 1564 1598 τολμῶν
1588 1563 1775 1598 ὑπερϐαίνειν,

998 1607 1034 1642 ,ῖη
1047 1607 1155 1644 καθῃρη
1160 1607 1249 1643 μένος.

189 1652 233 1680 Η.
248 1652 329 1681 Urbis
341 1653 484 1688 episcopus
500 1653 565 1681 facit
580 1653 817 1690 chorepiscopum.

1027 1655 1074 1679 ια’.
1099 1653 1128 1679 '0
1145 1653 1194 1687 τῆς
1219 1653 1324 1686 πόλεως
1341 1655 1415 1682 ποιεῖ
1434 1655 1586 1688 ἐπίσκοπος
1608 1656 1778 1692 χωρεπίσκο-

991 1706 1052 1725 πον.

189 1741 233 1769 l2.
248 1741 276 1769 Si
295 1741 449 1777 episcopus,
466 1746 512 1769 aut
540 1742 681 1778 presbyter
705 1748 811 1777 sponte.
826 1750 858 1770 ac
880 1750 941 1771 sine

1027 1743 1071 1779 ιβ’.
1092 1744 1120 1771 Ὀ
1135 1744 1255 1780 προσιὼν
1282 1745 1442 1781 αὐτομάτως
1472 1746 1510 1781 τῷ
1536 1745 1642 1781 βασιλεί
1666 1747 1778 1773 ἐπίσκο-

151 1787 296 1822 ριονίηοίίο
312 1788 600 1822 metropolitanijnssu
618 1789 810 1823 imperatorem
826 1789 911 1816 adieri

1012 1799 1042 1822 ος
1062 1791 1077 1826 ῆ
1094 1791 1288 1826 πρεσϐύτερος,
1312 1793 1358 1819 καὶ
1378 1792 1438 1827 οὔχ).
1464 1792 1621 1824 κελευσθεὶς
1636 1793 1704 1828 πρὸς
1727 1793 1773 1819 τοῦ

150 1832 339 1860 communione
350 1841 382 1860 ac
394 1833 524 1869 dignitate
536 1833 654 1861 excidat.

1012 1838 1040 1873 ῆς
1056 1837 1149 1874 χώρας
1166 1838 1377 1873 μητροπολίτου,
1395 1839 1466 1874 μετὰ
1480 1839 1625 1871 κοινωνίας
1641 1841 1773 1866 ἐκπιπτέ-

986 1894 1027 1912 τω
1043 1885 1092 1912 καὶ
1103 1885 1153 1920 τῆς
1165 1885 1255 1918 ἀξίας.

187 1925 231 1953 15.
249 1924 393 1960 Depositus
415 1925 436 1951 si
455 1924 608 1952 molestiam
633 1924 808 1958 imperatoris
823 1924 936 1952 auribus

1022 1933 1069 1964 ιγ’.
1096 1930 1128 1957 '0
1152 1930 1347 1966 καθῃρημένος
1371 1931 1395 1957 εί
1424 1931 1548 1967 ἐνοχλοίη
1588 1931 1627 1967 τῷ
1658 1931 1777 1967 βασιλεῖ,

150 1971 287 2002 exhibeat,
302 1969 432 2005 synodum
447 1969 576 2004 majorem
592 1974 674 2003 petat,
692 1970 815 2004 illiusque
825 1969 911 1997 decrel

1013 1976 1098 2003 ἱτείτω
1139 1976 1252 2004 σύνοδον
1295 1976 1419 2012 μειζόνα,
1459 1978 1505 2005 κα)⁸
1542 1978 1581 2013 τῷ
1624 1978 1683 2005 ἐκεῖ
1729 1979 1774 2005 δό-

151 2022 214 2045 stel.
229 2016 304 2049 Quod
321 2016 343 2042 si
366 2022 461 2042 rursus
484 2015 647 2049 indignetur,
659 2015 782 2050 pristinae
796 2015 910 2050 dignital

1013 2031 1062 2048 ιντι
1078 2023 1230 2058 στοιχείτω.
1242 2024 1273 2050 Et
1290 2024 1318 2050 δὲ
1332 2024 1379 2050 καὶ
1393 2024 1472 2056 αὖθις
1485 2024 1697 2060 ἀποδυσπετοίη,
1726 2026 1774 2051 ἀν-

151 2061 343 2096 τοοιψετειηιιιο
359 2060 430 2087 nulla
447 2060 470 2087 ci
486 2067 549 2094 spes
562 2067 620 2088 esse
639 2064 738 2096 potest.

359 2060 430 2087 milia
447 2060 470 2087 ci
486 2067 549 2094 spes
562 2067 620 2088 esse
639 2064 738 2096 potest.
984 2068 1118 2101 έλπιστος,

186 2106 229 2133 Η.
247 2105 275 2133 Si
295 2105 402 2133 nemine
425 2112 536 2140 rogante
564 2105 708 2141 episcopus
726 2106 751 2133 in
776 2106 856 2134 aliam
872 2114 934 2142 pro-

1020 2115 1060 2141 ιδ’.
1074 2115 1106 2142 Et
1122 2113 1238 2150 μηδενὸς
1254 2114 1405 2147 ἀξιοῦντος,
1440 2116 1591 2149 ἐπίσκοπος
1625 2117 1665 2148 είς
1689 2117 1775 2150 ἅλ’-ην

149 2152 267 2180 vinciam
282 2160 311 2179 se
323 2152 453 2184 conferat,
465 2151 624 2186 ordiuetque
639 2159 669 2179 ac
686 2160 729 2180 res
744 2153 910 2182 administrel

1011 2161 1122 2196 ταρχίαν
1137 2161 1225 2193 ἀπίοι,
1246 2162 1293 2188 καὶ
1308 2163 1490 2197 χειροτονοίη,
1505 2163 1552 2189 καὶ
1573 2162 1685 2197 διοικοίη
1702 2163 1772 2198 πρά-

149 2199 206 2233 ipSa
225 2198 299 2224 irrita
317 2202 438 2230 manent,
455 2202 536 2232 atque
551 2197 594 2224 ille
605 2197 764 2232 deponetur.

1011 2216 1081 2234 mea.
1092 2216 1098 2223 ·
1108 2208 1177 2236 αὺτά
1194 2216 1224 2234 τε
1241 2208 1331 2243 ἄκυρα
1346 2207 1437 2242 μένει,
1452 2209 1499 2235 καὶ
1513 2209 1619 2240 ἐκεῖνος
1642 2209 1772 2244 καθαιρε-

986 2252 1110 2288 θήσεται.

183 2293 224 2321 15.
240 2292 267 2320 Si
282 2298 410 2320 accusata
425 2293 552 2328 episcopo
570 2293 716 2328 provinciae
728 2293 849 2329 episcopi
865 2294 935 2322 inter

1022 2298 1063 2325 ιε’.
1084 2298 1277 2324 Εἰέπισκόπου
1318 2298 1481 2333 κρινομένου
1508 2300 1533 2326 οἱ
1561 2300 1611 2334 τῆς
1635 2300 1773 2336 ἐπαρχίας

147 2348 176 2368 se
193 2340 356 2375 discrepent,
373 2339 418 2366 alii
433 2344 495 2366 sunt
512 2347 527 2367 e
540 2340 635 2367 vicinis
650 2340 716 2368 locis
732 2341 882 2369 advocandi
899 2349 908 2368 ι

1010 2345 1132 2371 τίσκοποι
1147 2344 1329 2379 διαφέροιντο,
1345 2345 1532 2380 μετακλητέον
1545 2346 1599 2372 ἀπὸ
1611 2347 1665 2372 τῶν
1685 2347 1771 2378 πέλας

146 2386 359 2415 controvorsiam
373 2391 447 2413 certo
460 2385 653 2415 dirimendam.

983 2390 1095 2425 ἐτέρους
1109 2391 1148 2421 εἰς
1163 2389 1349 2424 ἀναμφίϐολον
1372 2391 1595 2427 ἀμφισϐήτησιν.

182 2432 225 2460 16.
253 2431 359 2459 ιΙιιιΙίίῖἰο
387 2432 568 2459 contcndcnle
595 2433 732 2467 episcopo.
758 2432 780 2460 si
808 2433 930 2460 omnium

1019 2439 1068 2467 ις’.
1086 2434 1257 2461 ’Ἐπισκόπου
1269 2435 1463 2470 δικαζομένου,
1481 2437 1506 2462 εἱ
1523 2438 1576 2469 πᾶς
1596 2438 1769 2473 ἐπαρχιώτης

145 2479 291 2514 provincia:
317 2477 506 2512 episcoporum
535 2478 676 2506 sententiae
696 2479 846 2506 concordes
863 2479 905 2505 sin

1006 2484 1132 2514 τίσκοπος
1175 2481 1330 2516 ἁδιάφωνος
1369 2483 1501 2518 κρίνοιτο,
1542 2485 1700 2513 παλινδικία
1737 2487 1767 2513 οὺ

146 2522 338 2558 redintegralio
357 2522 471 2549 actionis
489 2529 540 2548 non
554 2523 641 2549 datur.

337 2536 338 2543 ι
357 2522 471 2549 actionis
489 2529 540 2548 non
554 2523 641 2549 datur.
982 2528 1098 2563 γίνεται.

180 2575 222 2613 i7.
242 2575 295 2608 Qui
318 2576 384 2602 citra
411 2575 543 2609 integram
571 2574 703 2609 synodum
732 2579 813 2608 atque
842 2575 929 2609 ipsum

1018 2574 1060 2607 ιζ’.
1084 2575 1113 2601 '0
1126 2575 1189 2610 δίχα
1210 2575 1321 2602 συνόδου
1339 2576 1458 2609 τελείας,
1473 2577 1522 2604 καὶ
1538 2578 1622 2605 αὑτοῦ
1638 2578 1686 2604 τοῦ
1714 2587 1769 2614 μη-

144 2620 380 2654 metropolitanum
405 2619 433 2647 in
464 2624 605 2647 vacantem
632 2619 782 2646 Ecclesiam
814 2620 903 2646 invadi

1006 2620 1141 2646 ξοπολίτου
1155 2621 1200 2646 ἐπὶ
1215 2620 1402 2656 σχολάζουσαν
1435 2623 1597 2658 Ἐκκλησίαν
1615 2625 1767 2658 ὲπιπηδῶν,

142 2666 266 2702 quantivis
281 2664 340 2700 ipse
353 2673 463 2693 munere
484 2670 572 2698 vacet,
590 2666 739 2701 ejiciendus
754 2671 806 2693 est.

617 2666 739 2693 icicndus
754 2671 806 2693 est.
979 2666 1035 2693 κᾶν
1047 2665 1196 2701 σχολάζων.
1210 2666 1374 2702 ἀπόϐλητος.

179 2709 222 2736 18.
242 2709 293 2742 Q'ui
313 2715 437 2744 suscepto
451 2710 545 2738 ordine
562 2710 595 2737 ab
610 2717 643 2737 eo
660 2709 756 2741 resilit,
772 2717 928 2738 excommu-

1015 2711 1061 2746 ιη’.
1081 2711 1276 2747 ’Λκοινώνητος
1295 2713 1309 2739 ό
1331 2712 1479 2749 δεξάμενος
1509 2717 1689 2752 χειροτονίαν,
1717 2725 1765 2743 και

142 2755 258 2786 nicatur,
274 2762 413 2789 quousque
441 2756 596 2790 paenitentia
614 2757 709 2783 ductus
727 2763 824 2783 munus
843 2763 903 2784 susc

1004 2757 1081 2792 ιύτης
1119 2757 1308 2792 ἀποσκιρτῶν,
1345 2758 1398 2791 ἕως
1448 2762 1600 2795 μεταγνοὺς
1649 2762 1765 2788 καταδέ-

142 2801 210 2835 piat.
316 2807 319 2809 ’

316 2807 319 2809 ’
978 2801 1056 2833 ξοιτο.

178 2846 220 2872 19.
236 2845 385 2881 Ερῖενοίιιιε
402 2847 542 2875 ordinatus
571 2847 672 2876 honore
688 2848 804 2881 fruatur,
822 2847 883 2876 licet
909 2856 924 2875 ο

1015 2848 1056 2877 ιο’.
1080 2850 1226 2886 Μετεχέτω
1254 2852 1304 2887 τῆς
1332 2854 1414 2888 τιμῆς
1443 2853 1592 2885 ἐπίσκοπος
1612 2862 1766 2889 χειροτονη-
