1929 3076
107 212 136 242 Si
740 225 892 256 SYNOPSI

965 227 1132 259 ANDNUM.
1713 237 1748 269 82

108 271 176 304 θεὶς,
192 271 242 331 καὶ
258 273 296 308 μὴ
312 274 458 311 δεχόμενος
480 278 548 314 πρὸς
565 280 615 316 τῆς
632 281 748 316 πόλεως,
766 284 813 310 καὶ
832 284 897 311 λειτ-

965 286 1070 314 :ivitatc
1095 295 1148 314 non
1167 289 1326 324 recipiatur,
1356 294 1516 328 tantumque
1540 301 1639 323 munus
1655 297 1746 331 obeat,

107 317 243 352 ουργείτω
268 320 369 354 μόνον,
387 323 533 359 ἀναμένων
546 327 559 353 ὅ
572 335 598 354 τι
625 327 658 355 ἃν
669 330 686 365 ἠ
701 330 751 366 τῆς
767 331 904 367 ἐπαρχίας

106 364 121 389 ἀ
127 364 290 399 ποφαινοιτο
300 367 423 401 σύνοδος.

141 413 178 463 κς.
189 412 228 463 ‘El
249 412 289 463 μὴ
301 414 413 447 σύνοδος
426 417 482 452 εἴη,
499 419 547 446 καὶ
563 421 577 448 ό
613 424 832 460 μητροπολίτης,
865 427 903 463 μὴ

106 458 228 489 γινέσθω
241 460 410 494 ἐπίσκοπος·
427 464 451 490 εἰ
467 465 495 492 δὲ
511 466 556 494 διά
575 476 601 495 τι
614 458 745 505 δυσχερὲς
770 458 808 506 pi;
837 458 902 500 συνί

104 503 218 538 ἄγοιντο
247 507 377 542 ἅπαντες,
410 510 480 543 τέως
507 513 532 539 οἱ
552 503 716 553 πλείουςῑῖῆ
740 503 903 555 γράμμασιν

105 551 220 600 ἕποιντο
238 553 394 589 σύμψηφοι.
411 556 444 584 El
460 558 483 584 δ’
502 559 574 587 οὕτω
605 562 653 588 τοῦ
674 551 837 600 πράγματος
856 576 901 593 τε-

105 597 241 632 λουμένου
255 600 437 634 φιλονεικοϊέν
454 613 539 638 τινες,
557 608 637 642 ἡτῶν
653 610 785 638 πλειόνων
812 612 901 648 ψῆῳος

102 644 257 679 ὲνισχυέτω

131 694 188 717 χλ.
200 692 376 740 νἘπίσκοπος
398 697 435 732 μὴ
448 699 502 726 ὑπὸ
516 700 590 728 λαῶν
606 703 779 740 βιαζόμενος.
795 707 901 736 καὶὺπὸ

103 738 269 787 inundauit:
312 742 550 781 ἀναγκαζόμενος,
588 751 626 785 μὴ
653 738 831 786 μεθιστάσοω
860 755 900 787 είς

105 785 255 818 παροικίαν
271 787 315 814 ἑτέ
320 797 380 823 ραν.

130 831 186 866 κβ’.
211 833 274 860 Ἐπὶ
287 836 318 861 το
332 841 500 873 χειροτονεῖν
519 849 596 874 τινας
616 844 767 878 ἐπίσκοπος
796 849 828 874 ἐκ
853 850 901 876 πό-

103 877 175 907 λεως
189 879 231 910 εἰς
245 880 324 907 πόλιν
341 882 380 918 μὴ
393 884 511 919 ἀπιέτω,
526 887 586 914 ἀλλ’
605 889 621 924 ἢ
645 890 744 927 γνώμῃ
758 877 816 919 γτοῦ
841 894 899 921 ἐπι-

105 924 211 975 σκόπου
226 927 276 961 τῆς
290 928 396 962 πόλεως
410 939 417 946 ·
435 933 459 958 εί
473 932 495 959 δ’
508 933 566 967 οὖν,
587 924 718 970 ἀεέὸαιος
776 948 896 975 χειροτο-

104 969 159 1003 νία,
176 973 226 998 καὶ
240 973 348 1006 ἐκεῖνος
364 976 505 1011 ὑπόδικος.

134 1020 189 1051 κγ’.
206 1018 250 1066 Μὴ
274 1020 432 1050 καθιστάτω
459 1024 554 1061 ἕτερον
574 1027 621 1054 ἐπὶ
656 1030 688 1064 τῇ
732 1030 815 1066 ἐξόδῳ
839 1033 900 1060 ἐπί-

103 1071 210 1090 σκοπον
224 1065 239 1092 6
252 1066 404 1100 ἐπίσκοπος
414 1077 422 1086 ο
453 1071 559 1099 ἐκείνου
572 1073 601 1100 δὲ
615 1065 805 1110 κοιμηθέντας,
831 1080 900 1113 μετὰ

104 1110 217 1159 συνόαου
255 1113 312 1139 τῶν
355 1115 474 1151 ἑχόντων
500 1119 627 1152 ἐξουσίαν
664 1123 678 1149 ὁ
703 1122 777 1156 ἄξιος
799 1110 898 1159 προϐε-

101 1156 224 1191 σλήσθω.

131 1201 183 1229 κδ’.
206 1204 347 1254 μαντιτῷ
359 1206 455 1254 κλήρῳ
475 1210 509 1236 τὰ
535 1212 584 1247 τῆς
626 1214 790 1252 Ἐκκλησίας
820 1218 899 1254 θέμις

105 1246 345 1283 διαγινώσκεσθαι,
357 1253 412 1286 ῑνα,
428 1255 474 1282 τοῦ
489 1257 642 1287 ἐπισκόπου
657 1261 848 1297 τελευτῶντος,
865 1265 900 1293 τὰ

104 1295 197 1344 οἰκεῖα
237 1296 290 1332 τῆς
332 1299 501 1335 Ἐκκλησίας
529 1304 767 1344 διαφυλάττηται”
806 1295 846 1338 τὰ
869 1312 899 1339 δὲ

104 1341 152 1392 του
189 1343 356 1379 ἐπισκόπου,
385 1349 457 1376 κατὰ
478 1350 529 1385 τὴν
559 1352 665 1381 ἐκείνου
677 1341 812 1392 διοικῆται
838 1358 897 1388 διά-

103 1388 192 1422 ταξιν.

135 1434 187 1463 κε’.
202 1436 306 1484 Κύριος
317 1439 332 1465 ὁ
344 1440 493 1475 ἐπίσκοπος
507 1443 561 1472 τῶν
580 1445 629 1480 τῆς
652 1447 816 1484 Ἐκκλησίας
827 1451 898 1480 ἔστω

103 1483 291 1516 πραγμάτων.
308 1485 339 1512 El
353 1486 383 1513 δὲ
402 1488 439 1523 μὴ
458 1489 578 1518 ἱκανοϊτο
598 1494 656 1525 τοῖς
679 1483 820 1524 ἔκανοῦσιν
849 1499 898 1525 αὕη

102 1526 216 1576 τοῖν-τὰ
230 1529 259 1555 δὲ
274 1531 427 1567 πράγματα
457 1536 504 1562 καὶ
519 1537 585 1570 τοὺς
609 1539 712 1575 πόρους
734 1542 897 1576 μεταϐάλλοι

102 1574 151 1608 τῆς
166 1574 335 1624 Ἐκκλησίας
354 1580 391 1615 μὴ
404 1582 474 1614 μετὰ
500 1583 613 1619 γνώμης
628 1574 676 1613 τοῦ
698 1574 812 1624 κλήρου,
841 1591 897 1617 εισ-

956 337 1117 368 exspectans
1130 335 1261 370 quidquid
1285 337 1433 372 provinciae
1451 341 1572 375 synodus
1592 344 1748 377 pronuntia-

955 379 1036 407 verit.

990 425 1036 454 20.
1053 426 1162 464 Absque
1182 431 1286 465 synodo
1301 435 1329 458 et
1342 433 1551 468 metropolitano
1567 443 1601 462 ne
1614 435 1662 463 ﬁat
1687 437 1747 470 epi-

955 480 1066 508 scopus.
1084 474 1112 502 Si
1124 480 1214 504 autem
1227 482 1338 513 propter
1355 477 1473 513 aliquam
1490 479 1674 509 didicultatem
1692 490 1745 509 non

953 521 1130 549 convenerint
1147 529 1254 556 omnes,
1270 524 1378 552 interim
1399 525 1501 560 plures,
1519 527 1562 554 vel
1587 527 1686 555 litteris
1705 537 1746 558 as-

953 567 1116 595 sentiantur.
1129 567 1158 596 Si
1175 576 1240 597 vero
1252 577 1280 597 re
1298 571 1334 597 ita
1348 576 1457 605 peracta
1472 573 1744 610 contendantaliqni,

954 613 1070 647 plurium
1082 614 1241 650 suffragium
1258 616 1356 644 valeat.

989 706 1034 733 2i.
1051 705 1212 742 Episcopus,
1227 707 1278 736 nisi
1294 708 1319 736 vi
1335 717 1349 736 a
1363 709 1471 745 populis
1483 711 1567 745 illata,
1584 717 1610 740 et
1631 712 1666 740 ab
1687 712 1744 747 epi-

951 751 1042 786 scopis
1053 757 1174 787 cogatur,
1191 753 1219 780 in
1231 753 1311 781 aliam
1331 756 1479 789 par-(eciam
1494 765 1528 785 ne
1541 761 1675 787 transeat.

985 843 1032 871 22.
1048 843 1198 880 Episcopus
1216 852 1250 873 ex
1267 847 1334 875 urbe
1360 847 1386 875 in
1409 848 1504 876 urbem
1525 849 1559 877 ad
1577 851 1742 880 ordinandus

952 890 1058 924 aliquos
1088 898 1121 918 ue
1143 892 1239 924 abeat,
1259 897 1438 929 praterquam
1458 894 1493 923 de
1517 895 1593 924 urbis
1621 897 1741 932 episcopi

953 936 1097 964 sententia.
1108 937 1156 964 Sin
1178 945 1253 972 vero,
1271 939 1389 967 invalida
1406 945 1448 968 est
1463 941 1611 976 ordinatio,
1627 942 1740 978 ipseque

948 981 1053 1016 judicio
1067 983 1213 1012 obnoxius.

986 1028 1032 1056 25.
1046 1029 1195 1065 Episcopus
1208 1030 1234 1058 in
1250 1031 1323 1059 exitu
1333 1033 1396 1060 vitae
1412 1034 1579 1062 constitutus
1595 1034 1679 1062 alium
1692 1043 1741 1070 pro

951 1082 982 1104 sc
1009 1076 1166 1111 episcopum
1184 1084 1218 1104 ne
1238 1078 1389 1106 constituat
1404 1088 1412 1108 :
1430 1084 1573 1115 postquam
1590 1085 1680 1109 autem
1698 1081 1743 1109 ille

950 1121 1138 1155 obdormierit.
1166 1130 1227 1151 cum
1260 1131 1353 1152 eorum
1376 1125 1422 1160 qui
1450 1129 1612 1162 potestatem
1643 1127 1742 1155 habent

951 1171 1088 1195 conventu
1104 1167 1201 1204 dignus
1217 1173 1334 1198 creetur.

986 1213 1032 1241 24.
1047 1213 1108 1243 Toti
1129 1214 1202 1242 clero
1217 1223 1261 1244 res
1281 1217 1409 1246 Ecclesiae
1434 1225 1601 1253 cognoscere
1625 1218 1699 1251 licet.
1715 1225 1743 1247 ut

951 1260 1098 1289 decedente
1111 1263 1249 1297 episcopo,
1263 1263 1391 1292 Ecclesia:
1402 1272 1463 1300 quae
1483 1273 1531 1294 sua
1552 1271 1617 1294 sunt
1631 1274 1741 1295 conser-

952 1312 1048 1335 ventur
1063 1317 1070 1335 :
1088 1315 1148 1343 quae
1164 1316 1228 1337 vero
1242 1314 1307 1337 sunt
1331 1311 1450 1346 episcopi
1468 1311 1545 1346 juxta
1563 1313 1637 1341 illius
1651 1314 1742 1349 dispo-

951 1354 1077 1382 sitionem
1094 1355 1333 1385 administrentur.

984 1445 1030 1474 25.
1048 1445 1197 1482 Episcopus
1215 1455 1306 1476 rerum
1324 1448 1357 1476 ad
1376 1448 1528 1477 Ecclesiam
1546 1450 1739 1485 pertinentium

949 1495 1109 1526 potestatem
1130 1491 1240 1520 habeat.
1257 1492 1285 1520 Si
1299 1497 1391 1520 autent
1407 1501 1460 1521 non
1484 1494 1520 1522 sit
1543 1500 1690 1524 contentus
1708 1496 1741 1524 iis

950 1544 1010 1572 quae
1026 1537 1174 1570 sufﬁciunt,
1188 1546 1232 1566 res
1244 1546 1309 1567 vero
1327 1547 1359 1567 ac
1373 1540 1475 1569 reditus
1490 1540 1618 1569 Ecclesia:
1631 1542 1658 1569 in
1671 1542 1739 1569 alic-

950 1592 999 1612 nos
1020 1591 1085 1612 usus
1105 1584 1252 1613 transferat
1276 1586 1380 1622 absque
1405 1586 1471 1615 cieri
1494 1587 1620 1620 consilio,
1643 1589 1740 1624 synodi

101 1623 357 1668 πραπέσϐωδίκας
372 1627 443 1662 πρδς
457 1629 507 1663 τῆς
529 1632 654 1661 συνόδου.
685 1633 716 1661 El
741 1623 769 1662 δὲ
795 1637 842 1663 καὶ
864 1637 897 1665 τὰ

965 1629 1080 1658 udicium
1096 1631 1203 1659 subeat.
1219 1630 1248 1659 Si
1264 1639 1330 1660 vero
1345 1639 1378 1660 ea
1394 1632 1476 1660 etiam
1489 1641 1551 1668 quae
1574 1623 1740 1668 pauperibus

102 1667 220 1717 πένησιν
233 1669 399 1707 ὀφειλόμενα
416 1675 458 1707 είς
485 1676 585 1705 ἑαυτὸν
613 1681 817 1717 σφετερίζεται,
850 1685 898 1711 καὶ

100 1712 174 1740 ιῦτω
188 1716 223 1751 τῇ
237 1717 342 1754 συνόδῳ
357 1719 438 1754 λόγον
455 1722 617 1753 ἀποδιδότω.

353 1789 416 1818 Τῶν
429 1792 465 1819 ἐν
479 1793 648 1830 Λαοδικείᾳ.

127 1855 164 1881 α’.
190 1853 222 1900 Ὤ
245 1855 284 1892 μὴ
310 1856 398 1894 λάθρα
426 1860 556 1895 γαμήσας
581 1862 708 1898 δίγαμος,
737 1863 815 1900 ὀλίγα
840 1869 898 1900 τοῖς

102 1897 256 1934 ἐπιτιμίοις
268 1902 418 1937 σχολάσας,
434 1905 595 1939 ἀνεύθυνος.

131 1943 165 1978 β’.
181 1945 217 1972 Οἱ
229 1946 371 1983 διαφόροις
383 1950 559 1987 ἀγνοήμασιν
585 1953 749 1990 ἐαλωκότες,
781 1957 806 1983 εί
837 1958 897 1986 ἐπι-

101 1991 215 2023 γνόντες
236 1993 453 2030 ὲξομολογοῖντο,
475 1998 522 2026 καὶ
557 2000 697 2035 ἀναλόγως
728 2005 895 2039 μετανοοῖεν,

100 2037 308 2073 εὐπρόσδεκτοι.

130 2083 166 2120 γ’.
187 2086 218 2113 ’0
231 2088 426 2125 νεοφώτιστος,
438 2093 642 2130 ἀνιεράτευτος.

129 2174 161 2203 δ’.
181 2176 288 2210 Τόκους
303 2179 440 2215 ίερατικδς
453 2183 485 2209 οὐ
503 2183 650 2220 λαμϐάνει.

137 2230 169 2248 ε.
207 2223 241 2250 Al
256 2226 424 2260 χειροτονίαι
463 2228 508 2255 ἐπ’
545 2230 777 2267 ἀκροωμένοιςοῦ
804 2235 893 2269 γίνον-

97 2275 155 2294 ται.

133 2317 174 2345 ς’.
189 2315 344 2350 Αίρετικοτς
358 2318 389 2346 τὸ
406 2319 480 2355 ἱερὸν
495 2322 672 2352 ἀνεπίϐατον.

129 2360 165 2393 ζ’.
185 2360 354 2391 Ναυατιανοὶ
367 2365 415 2392 καὶ
430 2367 774 2406 Τεσσαρεσκαιδεκατίται,
801 2375 826 2402 ει
854 2374 892 2411 μὴ

98 2407 151 2440 τᾶς
165 2416 196 2435 τε
221 2408 304 2441 ἄλλας
317 2410 439 2447 αἱρέσεις
450 2414 690 2450 ἀναθεματίξοιεν,
716 2418 764 2445 καὶ
783 2419 831 2456 τὴν
855 2407 894 2448 ξιξ

98 2453 192 2488 κείαν,
212 2454 397 2492 ἀπρόαδεκτοι
408 2466 416 2475 ·
432 2460 504 2494 μετὰ
519 2461 612 2495 μέντοι
627 2462 658 2490 τδ
666 2463 790 2500 ἀνάθεμα
809 2453 892 2501 χριό-

100 2509 189 2534 μενοι,
203 2503 432 2532 κοινωνείτωααν.

129 2546 167 2582 η’.
181 2548 292 2583 Φρύγας
304 2552 546 2587 μεταμελομένους
556 2553 835 2590 avﬁdus-(ﬁctione!
845 2559 893 2586 καὶ

99 2594 169 2629 παρ’
185 2595 303 2629 ἐκείνοις
315 2597 521 2635 κεκλήρωνται.

130 2639 166 2666 ομ.
185 2640 215 2667 '0
240 2644 434 2679 κοιμητηρίοις
469 2645 517 2673 καὶ
553 2648 716 2684 μαρτυρίοις
745 2649 892 2686 αίρετικῶν

97 2688 297 2724 ἐπευχόμενος,
313 2690 506 2729 ἀκοινώνητος.

81 2739 84 2741 ’
128 2735 157 2763 ι’.
184 2736 370 2772 Πρεσὸυτίδες
395 2739 424 2766 ὲν
453 2740 589 2778 ἐκκλησίᾳ
633 2742 671 2778 μὴ
701 2741 892 2778 βαπτιζέσθω-

102 2790 154 2810 σαν
157 2803 164 2809 .

143 2828 187 2856 ια’.
199 2829 339 2866 Δῑρετικῷ
356 2832 394 2868 μὴ
409 2833 587 2862 συνάλλασσε.

135 2875 180 2912 ιβ’.
207 2876 239 2903 '0
252 2877 344 2904 πίστει
370 2878 418 2905 καὶ
433 2879 557 2915 πολιτεία
570 2880 755 2916 δοκιμώτατος
774 2883 820 2911 καὶ
846 2883 892 2911 λο-

101 2921 248 2955 γιώτατος,
265 2923 420 2958 ἐπιτήδειος
438 2924 478 2956 είς
494 2925 652 2953 ἐπίσκοπον.

950 1676 1085 1704 debentur
1096 1677 1150 1705 sibi
1164 1677 1214 1712 ipsi
1236 1678 1367 1711 vindicet,
1383 1678 1421 1708 ita
1437 1679 1520 1707 etiam
1535 1681 1640 1716 synodo
1653 1681 1741 1709 ratio-

950 1730 1012 1750 nem
1029 1723 1138 1751 reddat.

1203 1793 1306 1829 Synodi
1321 1793 1490 1825 Laodicenai.

984 1862 1010 1888 Ι.
1027 1860 1164 1897 Bigamus,
1181 1861 1204 1890 si
1221 1869 1275 1890 non
1290 1862 1396 1892 occulte
1410 1863 1616 1892 matrimonium
1634 1865 1737 1899 inierit,

948 1907 993 1935 ubi
1005 1907 1142 1942 paululum
1157 1914 1253 1943 poenas
1268 1908 1394 1942 subierit.
1413 1910 1509 1938 insons
1523 1910 1666 1938 habeatur.

981 1955 1010 1982 2.
1030 1954 1081 1988 Qui
1095 1955 1177 1984 variis
1193 1955 1300 1984 delictis
1313 1956 1438 1984 obstricti
1455 1961 1530 1990 sunt,
1549 1957 1572 1985 si
1591 1957 1624 1986 iis
1638 1959 1738 1992 agnitis

946 2002 1138 2036 conﬁteantur,
1164 2010 1196 2031 ac
1223 2010 1274 2039 pro
1295 2011 1389 2032 eorum
1417 2004 1522 2033 ratione
1548 2004 1737 2039 paenitentiam

946 2053 1036 2083 agant,
1051 2048 1130 2076 facile
1145 2048 1326 2084 recipiuntur.

981 2094 1008 2122 5.
1025 2093 1131 2123 Recens
1157 2094 1339 2129 illuminatus,
1354 2096 1440 2125 sacris
1459 2096 1604 2125 ordinibus
1627 2105 1680 2126 non
1696 2101 1739 2125 est

946 2140 1070 2168 idoneus.

980 2188 1008 2215 4.
1028 2186 1162 2216 Sacerdos
1178 2187 1282 2216 femora
1296 2195 1348 2216 non
1359 2188 1466 2224 accipit.

981 2234 1008 2262 5.
1024 2234 1215 2263 Ordinationes
1235 2242 1329 2264 coram
1357 2236 1533 2266 audientibus
1560 2241 1665 2266 tantum
1683 2245 1737 2266 non

947 2280 1024 2308 lium.

907 2312 932 2342 θ
981 2325 1009 2354 ϐ.
1025 2325 1165 2355 Ηκνοίῑεὶε
1179 2335 1255 2355 sacra
1273 2329 1345 2357 aedes
1361 2328 1510 2357 inaccessa.

980 2373 1006 2400 7.
1037 2372 1179 2401 Novatiani
1211 2379 1238 2401 et
1265 2373 1520 2410 Quartodecimanl,
1544 2377 1596 2404 nisi
1622 2381 1735 2404 caeteras

945 2418 1064 2447 haereses
1085 2414 1217 2456 suamque
1230 2420 1365 2456 abjnrent,
1385 2429 1437 2450 non
1461 2427 1524 2450 sunt
1541 2422 1705 2457 suscipiendi
1725 2430 1732 2450 :

943 2469 1005 2500 post
1017 2469 1106 2493 tamen
1118 2466 1314 2503 abjurationem
1334 2467 1419 2501 uncti,
1433 2469 1644 2496 communicent.

979 2557 1007 2585 8.
1019 2557 1141 2594 Phryges
1154 2559 1341 2593 ptenitentiam
1354 2565 1464 2596 agentes
1478 2560 1565 2588 denuo
1576 2560 1733 2595 baptizandi

943 2608 1018 2637 sunt,
1035 2604 1097 2631 licet
1111 2605 1182 2639 apud
1199 2604 1259 2633 illos
1271 2606 1297 2633 in
1310 2605 1413 2633 clerum
1430 2606 1548 2641 cooptati
1568 2607 1631 2634 slnt.

979 2649 1006 2678 9.
1021 2649 1071 2684 Qui
1094 2652 1122 2678 in
1145 2653 1309 2680 cmineteriis
1332 2657 1360 2680 et
1385 2652 1523 2688 martyriis
1543 2653 1732 2682 haereticorum

944 2702 1015 2730 orat,
1027 2697 1279 2725 excommunicatus
1295 2702 1348 2726 est.

980 2742 1024 2771 10.
1042 2742 1136 2770 Vidua:
1157 2743 1280 2772 seniores
1303 2744 1330 2772 in
1351 2744 1467 2772 ecclesia
1494 2753 1527 2773 ne
1551 2746 1732 2782 baptizantor.

980 2831 1024 2860 Η.
1040 2831 1107 2859 Cum
1124 2831 1249 2860 haeretico
1263 2831 1419 2861 aﬂinitatem
1437 2841 1471 2862 ne
1486 2834 1643 2864 contrahas.

981 2877 1025 2906 12.
1039 2877 1089 2910 Qui
1104 2877 1156 2905 ﬁde
1171 2886 1203 2906 ac
1220 2878 1281 2907 vitae
1303 2879 1407 2908 ratione
1422 2881 1632 2916 probatissimus
1651 2885 1733 2917 atque

945 2923 1146 2952 eruditissimus
1173 2928 1225 2959 est,
1243 2925 1357 2955 idoneus
1383 2931 1435 2961 est,
1453 2927 1499 2963 qui
1522 2928 1548 2956 in
1573 2927 1731 2963 episcopum

945 2969 1070 3005 eligatur.
