1929 3076
123 170 163 202 55
774 174 929 205 SYNOPSI

997 174 1170 206 ANONUM.
1740 178 1775 208 86

163 229 226 265 ρξε’.
243 230 370 263 Αὑλίζειν
385 231 414 257 ἐν
426 233 537 266 γάμοις,
549 231 566 266 ἢ
578 231 731 267 ὀρχεῖσθαι,
741 232 861 265 ἀνάξιον.
879 232 929 258 Τὸν

1020 233 1065 262 42.
1075 233 1151 261 Tibia
1166 240 1264 261 canere
1279 241 1306 260 tu
1324 233 1425 268 nuptiis
1437 237 1482 261 aut
1496 233 1609 265 saltare,
1624 233 1774 270 indignum.

124 277 226 310 μέντοι
239 277 381 311 ἱερατικὸν
400 277 447 305 καὶ
464 279 578 314 πρὸτῆς
596 278 717 315 θυμέλης
745 279 930 315 ἀπέρχεσθαι.

164 371 228 401 μγ’.
251 368 384 403 Ἐράνους
397 367 462 396 οὒτε
476 369 620 407 κληρικὸς,
632 369 694 397 οὔτε
706 369 801 402 tam;
822 370 932 398 ἐκτελέ-

124 422 222 442 σεται.

164 460 222 496 μδῖ
244 462 438 498 Πρεσὸύτερος
453 463 500 490 ἐπὶ
510 462 633 500 βήματος
648 464 703 499 πρὸ
714 464 762 491 τοῦ
778 465 930 492 ἐπισκόπου

122 508 178 534 οὐκ
195 507 324 541 εἴσεισιν,
338 509 398 535 οὐδὲ
411 509 540 544 κάθηται.

164 554 222 588 με’.
244 555 289 586 Ei;
304 554 426 591 κώμηνῆ
436 556 529 592 χώραν
545 557 695 588 ἐπίσκοπος
705 558 735 584 οὐ
749 556 930 584 καθίσταται·

124 600 151 626 εξ
176 601 208 627 δέ
233 610 277 633 τις
299 602 430 637 κατέστη,
448 603 515 638 μήτι
543 602 681 630 διοικείτω
709 603 755 630 τοῦ
777 605 930 631 ἐπισκόπου

125 646 191 680 δέχα
207 647 256 673 τοῦ
271 647 321 682 τῆς
335 647 451 680 πόλεως.

165 692 232 727 μές’.
254 694 448 730 Ἐπίσκοποςῆ
463 695 650 731 πρεσεῦτερος
662 697 702 728 εις
711 695 785 723 οἷκον
799 697 836 732 μὴ
849 705 932 732 προσ-

125 740 236 773 αγέτω.

165 786 223 821 μζ.
248 788 386 815 ’ἰδιωτικᾶ
404 788 495 824 βιϐλία
505 791 581 822 ναοῖς
599 791 649 817 οὐκ
665 790 893 824 ἀναγινώσκεται.

130 880 246 918 Τῶιήγέν
261 883 582 918 Κωνστίιντινουπάτει
601 883 693 915 ἁγίω-
712 884 759 909 ra!
774 886 931 918 μακαρίων

184 916 328 950 Πατάρων
339 917 397 950 ρν¹,
412 917 462 943 ἐπὶ
474 918 637 944 Θεοδοσίου
654 919 706 946 τοῦ
724 916 876 953 Μεγάλοῶ.

163 966 203 990 α’.
229 964 261 989 'ﬂ
277 964 349 990 κατὰ
367 963 484 990 Νικαιαν
498 964 590 996 πίστις
611 965 747 999 κρατείτω
761 973 767 980 ·
786 967 819 992 τὰ
835 966 862 992 δὲ
877 966 932 994 τῶν

129 1010 280 1043 αἱρέσεων,
295 1009 326 1036 τὸ
339 1009 476 1044 ἀνάθεμα.

166 1055 202 1089 β’.
231 1055 397 1091 ’Υπερόριος
415 1056 455 1087 εἰς
477 1056 646 1091 Ἐκκλησιῶν
665 1057 797 1092 σύγχυσιν
814 1059 850 1093 μὴ
863 1058 932 1085 ἔστω

130 1101 242 1137 μηδεὶς,
274 1101 343 1136 μήτε
378 1101 551 1136 χειροτονῶν.
578 1102 647 1137 μήτε
669 1103 840 1136 avem-unm.
873 1104 933 1130 Ἐπὶ

131 1148 228 1183 μέντοι
242 1147 297 1173 τῶν
314 1147 344 1173 ὲν
355 1148 412 1179 τοῖς
429 1147 535 1174 ἔθνεσιν
551 1147 733 1184 Ἑκκλησιῶν,
748 1150 765 1185 ἡ
775 1150 829 1176 τῶν
845 1150 932 1177 Πατέ-

132 1202 189 1228 ρων
205 1193 343 1228 κρατείτω
357 1194 499 1229 συνήθεια.

167 1238 206 1273 γ’.
229 1239 262 1266 '0
276 1241 594 1272 Κωνσταντινουπὸ).εως
612 1241 694 1274 εὐθὺς
715 1243 783 1278 μετὰ
798 1243 844 1270 τὸν
865 1244 933 1270 Ῥώ-

133 1294 189 1321 μης
202 1286 366 1321 τετίμηται.

168 1332 202 1360 δ’.
222 1333 349 1369 Μάξιμος
371 1335 384 1361 ό
401 1335 482 1362 Κύων
507 1335 561 1362 τῶν
585 1336 745 1363 ἐπισκόπων
770 1337 910 1373 ἀλλότριο;
925 1347 931 1354 ·

131 1380 181 1406 καὶ
197 1380 274 1412 ᾶπας
290 1380 410 1416 ἁνίερος,
428 1381 457 1413 ὃς
468 1381 566 1415 ἐκείνῳ
581 1382 767 1418 κεκλήρωται.

168 1471 202 1494 ε’.
226 1467 256 1494 '0
272 1467 395 1503 Πατέρα,
417 1468 466 1495 καὶ
487 1468 563 1501 Υἱδν,
584 1469 632 1496 καὶ
650 1469 729 1503 ἆγιον
751 1469 865 1505 Πνεῦμα
880 1470 934 1497 τῶν

134 1514 263 1540 Δυτικῶν
276 1513 361 1549 τόμος
382 1514 514 1550 ὀμοούσια
542 1516 719 1551 παρεγγυῶν,
740 1517 932 1547 εὐαπόόεκτος.

171 1607 212 1634 ς’.
229 1603 286 1630 Καὶ
305 1603 320 1630 6
337 1603 484 1637 κακόδοξος
506 1604 758 1640 πλεονεκτούμενος
781 1606 931 1640 ὲγκαλείτω

135 1649 197 1676 κατ’
222 1649 397 1677 ἐπισκόπου*
415 1651 439 1676 ει
461 1650 490 1677 δὲ
508 1651 562 1678 τῶν
589 1652 744 1686 ῐερωτὲρων
769 1653 811 1687 εἴη
833 1653 864 1680 τὸ
883 1653 932 1688 ἐγ-

133 1695 242 1730 κλημα,
266 1695 305 1731 μὴ
329 1696 446 1731 λεγέτω.
470 1697 517 1732 Μὴ
544 1697 647 1732 λεγέτω
675 1698 705 1725 δὲ
729 1699 790 1733 μηδ’
814 1699 894 1732 ἄλλος
908 1701 932 1727 εἰ

133 1742 400 1777 προκατέγνωσται·
428 1743 465 1780 μὴ
490 1745 593 1779 λεγέτω
618 1745 665 1771 καὶ
688 1746 702 1772 ό
727 1746 909 1781 ἀκοινώνητος
924 1754 931 1762 ·

135 1788 174 1823 μὴ
189 1788 296 1823 λεγέτω
311 1787 363 1816 κατ
374 1791 389 1816 ὀ
400 1790 563 1825 ἀπόὸλητος,
592 1791 638 1817 καὶ
654 1792 668 1817 ό
692 1792 933 1827 κατηγορούμενος

134 1833 164 1859 ἒν
177 1842 261 1866 τισιν,
276 1833 329 1866 ἓως
343 1834 534 1862 ἀποδύσωνται
555 1836 590 1863 τὰ
612 1837 712 1863 οἰκεῖα.
733 1837 933 1872 Κατηγορείτω

133 1882 163 1908 δὲ
192 1883 207 1908 6
227 1882 379 1918 ὀρθόδοξος,
406 1885 420 1910 ό
448 1884 617 1916 κοινωνικὸς,
634 1885 648 1911 6
668 1884 893 1918 ἀκατάγνωστος,
918 1885 933 1911 ό

134 1929 349 1964 ἁκατηγόρητος
379 1929 426 1956 καὶ
461 1930 642 1957 κοινωνεισθω
663 1932 719 1962 τοῖς
741 1930 929 1966 ὲπαρχιώταις

135 1973 166 2000 τὸ
180 1973 319 2008 ἔγκλημα.
341 1974 372 2001 Et
389 1974 411 2001 δ’
427 1975 595 2007 ἁδυνατοῑεν,
613 1976 682 2010 προς
701 1976 814 2010 μείζονα
829 1974 932 2011 τρεπέ-

136 2016 248 2044 σθωσαν
263 2018 374 2046 σύνοδον
386 2027 393 2034 ⁸
414 2019 462 2053 καὶ
476 2020 538 2054 δίχα
561 2021 705 2055 ἐγγραφῆς
727 2021 777 2055 τῆς
792 2029 933 2048 ταυτοπα-

136 2063 226 2096 θείας,
245 2064 282 2099 μὴ
297 2065 543 2093 ἁκουέσθωσαν.’0
560 2066 588 2092 δὲ
606 2066 682 2101 παρὰ
696 2066 783 2093 ταῦτα
798 2066 837 2102 τῷ
853 2066 932 2102 βασι-

135 2109 178 2136 λεῖ
193 2109 327 2146 προσιὼν,
343 2111 391 2138 καὶ
403 2111 528 2147 ἐνοχλῶν,
545 2112 746 2147 ἁποκὴρυκτος,

187 2202 222 2234 ζ’.
261 2203 292 2229 '0
325 2203 673 2239 Τεσσαρεσκαιδεκατίτης,
702 2203 716 2229 6
745 2203 895 2238 Ἀρειοινὺς,
919 2205 933 2230 6

137 2247 323 2281 Ναυστιανδς,
344 2249 359 2275 ό
383 2249 598 2281 Μακεδονιανὺς,
624 2251 638 2275 ό
657 2249 844 2281 Σαϐϐατιανὺς
865 2250 934 2284 μετὰ
950 2251 973 2278 ι)

139 2293 170 2329 [Ῑ.
190 2296 219 2321 ιι.
229 2295 280 2329 τὴν
292 2295 483 2330 μετάνοιανῖ...
497 2295 641 2323 ἀπόδεκτοι
655 2304 662 2310 ·
682 2295 822 2330 χρώμενοι
833 2295 934 2332 δηλαδὴ

139 2341 229 2368 πάντα
243 2341 279 2368 τὰ
297 2341 473 2378 αἰσθητήρια.

173 2387 211 2423 η’.
232 2388 264 2414 Οἱ
281 2388 430 2414 καταδύσει
458 2389 509 2424 μιᾷ
535 2388 700 2423 Εὐνομιανοὶ¹
728 2388 932 2424 βαπτιζόμενοι,

139 2436 187 2463 καὶ
205 2437 230 2462 οι
256 2435 409 2467 Σαιόἐλλιοι,
433 2436 480 2462 καὶ
508 2436 533 2462 οι
554 2435 670 2470 Φρύγες,
691 2435 822 2470 Ἕλληνες
847 2437 934 2462 εἰσδε-

139 2482 292 2517 χέσθωσαν.

169 2536 231 2565 Τῶν
244 2538 280 2565 ὲν
295 2537 412 2572 Ἐφέσῳ
425 2537 453 2564 ιγ’
465 2537 514 2565 ἐπὶ
532 2538 695 2566 Θεοδοσίου
707 2538 761 2565 τοῦ
777 2539 901 2572 Μιπροῦ.

174 2620 210 2644 α’.
233 2617 297 2645 Ἐὰν
318 2617 496 2651 ἀπολειφθεὶς
512 2619 526 2643 ὁ
545 2617 750 2653 μητροπολίτης
764 2618 820 2646 τῶν
848 2619 934 2645 Κελε-

140 2664 232 2690 στίνου
252 2664 398 2699 ἀντέχεται
421 2664 438 2699 ἦ
462 2664 618 2697 ἀνθέξεται,
643 2664 809 2700 ἀπόϐλητος,
833 2666 881 2692 καὶ
905 2666 934 2692 τὸ

139 2709 204 2744 ἑξῆς
219 2710 385 2745 ἀδιοίκητος.
405 2710 460 2736 Καὶ
482 2710 557 2740 ὅστις
578 2709 719 2745 Νεστορίῳ
738 2710 871 2746 σύμφρων
885 2712 935 2738 καὶ

139 2755 269 2790 όμόφρων
283 2757 442 2788 ἐπίσκοπος,
461 2758 552 2793 ἀποκή
558 2766 666 2791 ρυκτος.

176 2799 210 2835 β’.
227 2801 276 2833 ’ος
291 2801 345 2828 ὑπὸ
357 2801 507 2837 Νεστορίου
531 2803 580 2837 τῆς
600 2803 753 2839 ἱερωσύνης
769 2805 932 2840 κεκώλυται,

143 2847 290 2883 ἱερώτατος
300 2856 306 2864 ·
323 2849 337 2875 6
348 2848 377 2875 δὲ
387 2847 497 2880 δεκτέος
511 2848 620 2884 ἐκείνῳ,
639 2849 758 2886 ἀνίερος.

983 279 1016 306 At
1035 287 1099 306 vero
1122 279 1208 307 sacris
1229 279 1394 307 deservienti
1412 283 1475 307 ante
1499 278 1708 315 tbymelicorum
1734 280 1775 307 in-

982 332 1105 359 gressum
1121 326 1274 353 abeundum
1290 330 1342 353 est.

1017 369 1062 396 45.
1081 369 1211 396 Convivia
1226 378 1259 397 ex
1277 370 1384 398 collatis
1399 370 1531 406 symbolis
1552 378 1640 406 neque
1658 371 1774 399 clericus

983 423 1072 449 neque
1086 416 1171 444 laicus
1183 417 1344 445 celebrabit.

1017 460 1064 488 44.
1080 461 1228 498 Presbyter
1251 463 1277 490 iu
1300 469 1455 499 suggestum
1482 469 1545 492 ante
1569 465 1724 500 episcopum
1742 472 1775 491 ne

983 506 1159 542 ingrediatur.
1180 517 1268 543 neque
1279 511 1382 538 sedeat.

1018 554 1063 580 45.
1079 554 1106 581 In
1130 555 1199 582 vicis
1223 561 1270 583 aut
1289 558 1365 591 pagis
1391 557 1536 593 episcopus
1562 566 1615 586 non
1634 559 1776 586 constitui-

984 604 1050 627 tur:
1067 600 1089 627 si
1107 601 1168 635 quis
1189 609 1254 629 vero
1275 603 1442 631 constitutus
1464 605 1510 637 sit,
1537 605 1603 632 nihil
1628 605 1775 640 quidquun

983 646 1156 674 administrat
1171 648 1230 674 sine
1247 649 1323 684 urbis
1336 649 1475 685 episcopo.

1022 692 1061 718 46.
1077 692 1226 728 Episcopus
1238 699 1285 720 aut
1297 694 1440 730 presbyter
1454 695 1481 722 in
1492 696 1604 731 privatis
1619 696 1724 724 uadibus
1738 707 1772 725 uc

982 736 1091 764 offerat.

1019 784 1063 810 47.
1082 782 1155 810 Libri
1169 791 1182 810 a
1200 785 1312 819 privatis
1327 788 1469 822 compositi
1491 788 1516 816 iu
1537 790 1641 824 templis
1663 798 1714 816 nou
1736 791 1774 817 le-

983 835 1095 864 guutur.

985 876 1143 903 Sanctorum
1161 886 1192 904 uc
1203 880 1339 917 beatorum
1353 878 1524 917 IlatritnLCL
1543 880 1773 917 Constantinopoli

1045 918 1274 947 congregatarum,
1289 914 1434 941 Theodosio
1452 915 1550 950 Magno
1567 916 1720 951 imperante.

1019 959 1044 986 t.
1061 957 1168 986 Nicaeus
1203 960 1268 987 fides
1292 960 1416 988 obtineat
1438 967 1617 997 serveturque
1636 972 1642 990 :
1658 963 1776 991 Increses

983 1011 1059 1036 vero,
1076 1007 1234 1033 anathema.

1018 1049 1035 1076 2
1063 1049 1156 1078 Nullus
1171 1057 1313 1083 externus,
1339 1052 1372 1079 ad
1387 1052 1568 1080 Ecclesiarum
1586 1054 1775 1091 confusionem

985 1103 1072 1130 neque
1088 1096 1206 1129 ordinet,
1221 1104 1308 1132 neque
1322 1097 1348 1124 in
1364 1098 1428 1124 sede
1442 1098 1566 1125 collocet.
1580 1098 1773 1127 Verumtamen

985 1141 1010 1168 iu
1032 1141 1160 1168 Ecclesiis
1175 1150 1234 1176 qua:
1248 1149 1311 1170 sunt
1337 1143 1406 1177 apud
1432 1144 1558 1178 gentiles,
1578 1144 1687 1171 Patrum
1709 1153 1776 1173 cou-

985 1188 1101 1214 suetudo
1115 1193 1249 1216 servetur.
1555 1185 1559 1189 ’

1020 1234 1047 1260 5.
1060 1234 1378 1269 Constantinopolitanus
1402 1236 1547 1272 episcopus
1571 1237 1688 1272 primum
1715 1245 1795 1273 post.

986 1279 1078 1307 Romae
1093 1279 1248 1314 episcopqu
1267 1281 1395 1309 lionorcm
1409 1281 1542 1310 obtineat.

1019 1327 1046 1354 4.
1075 1326 1207 1353 Maximus
1233 1323 1350 1362 Cynicus
1373 1327 1408 1355 ab
1432 1328 1569 1364 episcopis
1595 1329 1725 1357 alienus:
1744 1339 1776 1358 ac

985 1373 1108 1408 quisquis
1136 1373 1170 1400 ab
1194 1380 1226 1400 eo
1250 1373 1276 1400 iu
1293 1373 1395 1401 clerqu
1421 1375 1556 1410 ascriptus
1572 1380 1625 1408 est,
1644 1375 1775 1411 profanus

986 1421 1127 1446 habeatur.

1019 1465 1046 1492 5.
1064 1464 1278 1492 Occidentalium
1297 1470 1387 1493 tomus
1413 1466 1532 1497 Patrem.
1556 1473 1583 1494 et.
1608 1467 1718 1500 Filium,
1749 1473 1776 1496 et

986 1508 1116 1544 Spiritum
1130 1516 1255 1538 sanctqu
1270 1511 1518 1540 consubstantiales
1533 1520 1671 1547 asserens,
1693 1513 1773 1541 facile

985 1557 1147 1586 admittitur.

1018 1603 1109 1637 6.Qui
1137 1604 1204 1631 mala
1231 1606 1359 1640 opinione
1385 1606 1503 1634 imbutus
1529 1611 1584 1640 est,
1598 1607 1621 1633 si
1648 1605 1776 1640 iniuriam

983 1646 1111 1684 patiatur,
1123 1656 1233 1679 accuset
1262 1661 1352 1680 coram
1366 1654 1494 1689 episcopo
1509 1661 1517 1686 ;
1536 1653 1558 1681 si
1579 1657 1670 1680 autem
1687 1660 1777 1681 sacer.

983 1696 1076 1723 dotum
1093 1697 1196 1724 crimen
1215 1699 1262 1730 sit.
1278 1706 1311 1726 ne
1329 1699 1412 1727 dicat.
1430 1699 1522 1733 Neque
1536 1699 1618 1726 etiam
1637 1699 1707 1725 alius
1726 1705 1775 1725 an-

984 1747 1025 1771 tea
1050 1744 1265 1777 condemnatus,
1285 1745 1376 1778 dicat;
1402 1752 1490 1779 neque
1513 1745 1775 1776 excommunicatus.

983 1795 1070 1824 neque
1084 1789 1216 1824 deiectus,
1233 1794 1260 1816 et
1277 1790 1322 1824 qui
1350 1790 1543 1817 nonnullorum
1566 1790 1713 1816 criminum
1730 1797 1776 1816 ac-

983 1839 1105 1867 cusatur,
1122 1835 1207 1868 dicat,
1223 1835 1309 1863 donec
1335 1835 1468 1862 intentata
1493 1835 1543 1863 sibi
1559 1835 1674 1862 crimina
1689 1836 1777 1862 dilue-

984 1881 1049 1909 rint.
1062 1882 1178 1909 Accuset
1194 1887 1284 1910 autem
1300 1881 1480 1913 ortltodoxus,
1497 1881 1699 1909 commuuiOuis
1712 1889 1776 1916 par-

984 1928 1079 1962 ticeps,
1097 1935 1148 1955 non
1171 1929 1377 1961 condemnatus,
1395 1935 1453 1955 non-
1472 1932 1618 1956 accusatus
1637 1936 1644 1954 :
1662 1935 1694 1955 ac
1710 1935 1775 1962 pro-

984 1975 1144 2003 vincialibus
1176 1977 1279 2003 crimen
1311 1975 1541 2003 communicatur.
1568 1975 1597 2003 Si
1625 1983 1691 2003 vero
1723 1983 1776 2002 non

984 2020 1096 2054 possint,
1115 2020 1150 2047 ad
1176 2021 1306 2055 majorem
1325 2029 1354 2048 se
1378 2024 1540 2048 convertant
1567 2020 1714 2056 synodum,
1743 2028 1776 2047 ac

983 2065 1050 2093 citra
1075 2062 1270 2101 professionem
1296 2067 1418 2102 ejusdem
1444 2066 1558 2094 ali'ecms
1573 2074 1606 2094 ne
1620 2066 1774 2093 audiantur.

983 2111 1034 2144 Qui
1060 2117 1149 2139 autem
1182 2117 1276 2140 contra
1301 2113 1358 2140 lucc
1384 2113 1577 2149 imperatorem
1604 2113 1671 2146 adit,
1696 2113 1775 2148 eique

985 2158 1134 2186 molestiam
1151 2159 1273 2191 exhibet,
1291 2159 1443 2187 abdicetur.

1020 2213 1045 2239 7.
1059 2212 1333 2245 Quartodeciumtus,
1360 2212 1487 2244 Ariauus,
1517 2210 1698 2243 Novatianus,
1719 2211 1777 2238 Ma-

986 2259 1162 2290 cedoniauus,
1189 2257 1383 2290 Sabbatianus,
1408 2261 1468 2291 post
1493 2256 1681 2292 paenitentiam
1705 2256 1777 2283 reci-

986 2304 1075 2338 piendi
1093 2312 1100 2330 :
1120 2303 1163 2329 ubi
1181 2303 1283 2331 scilicet
1297 2304 1389 2330 omnia
1404 2303 1538 2330 sentiendi
1558 2311 1652 2330 eorntn
1674 2302 1776 2329 instrn-

985 2355 1075 2376 tneuta
1092 2357 1171 2376 sacro
1186 2349 1246 2375 oleo
1263 2355 1344 2376 uncta
1360 2349 1472 2376 fuerint.

1021 2396 1045 2423 8.
1064 2395 1225 2422 Eunomiani
1240 2403 1293 2422 una
1320 2396 1456 2423 Iucrsione
1471 2396 1612 2430 baptizati,
1626 2395 1775 2422 Sabelliaui

985 2445 1013 2468 et
1029 2440 1160 2476 Phryges,
1178 2445 1307 2476 tanquam
1320 2441 1433 2474 gentiles
1446 2441 1627 2476 accipiantur.

986 2538 1143 2565 Sanctorum
1167 2537 1276 2564 Patrum
1305 2546 1335 2564 cc
1356 2537 1449 2568 Ephesi
1476 2542 1693 2570 congregatarum
1723 2538 1772 2562 sub

1237 2573 1381 2600 Theodosio
1410 2572 1532 2598 Junt'ore.

1021 2619 1046 2646 1.
1058 2618 1278 2654 Metropolitanus
1287 2618 1333 2653 qui
1343 2617 1489 2645 Caelestino
1497 2617 1613 2644 adhrret
1623 2621 1668 2644 aut
1681 2618 1774 2644 milia:-

986 2673 1068 2693 surus
1083 2670 1134 2697 est.
1148 2664 1323 2700 rcjicieudus,
1343 2671 1375 2690 ac
1391 2663 1518 2698 deinceps
1537 2664 1570 2689 ab
1595 2663 1773 2690 adminisn-u-

987 2712 1060 2739 tione
1075 2711 1204 2738 Ecclesia:
1219 2709 1411 2737 removendus.
1429 2710 1467 2736 Ac
1483 2709 1606 2744 quisquis
1631 2709 1774 2744 episcopus

986 2758 1111 2785 Nestorio
1128 2757 1276 2784 assentitur
1289 2755 1427 2790 favetque,
1443 2755 1609 2783 abdicandus
1622 2760 1674 2782 est.

1021 2804 1049 2831 2.
1067 2804 1227 2837 Quicunque
1239 2810 1254 2830 a
1267 2802 1392 2830 Ncstorio
1410 2801 1562 2830 sacerdotio
1574 2801 1693 2836 dejectus
1719 2805 1772 2833 est,

986 2850 1140 2878 sacerdotio
1155 2849 1331 2884 dignissimus
1345 2853 1387 2876 est
1406 2857 1413 2876 ι
1429 2848 1474 2884 qui
1489 2855 1554 2875 vero
1568 2847 1657 2875 abillo
1677 2855 1772 2876 suscc~

988 2901 1050 2932 ptns
1065 2900 1119 2929 est,
1138 2895 1277 2930 profanus.
