1929 3076
137 130 171 162 87
768 125 951 158 AltlS'rENt
971 125 1146 155 MONACIII
1735 123 1777 156 δε,

174 189 200 216 5.
215 188 264 221 Qui
279 188 312 215 ab
323 188 450 223 episcopo
467 187 675 219 condemnatus,
692 195 706 214 a
722 187 847 215 Nestorio
864 195 923 214 sus-

1011 185 1044 219 γ’.
1066 185 1096 211 '0
1108 185 1285 220 κατακριοεὶς
1303 185 1332 217 ἐξ
1349 185 1513 218 ἐπισκόπου,
1535 185 1583 212 καὶ
1596 184 1648 212 ὑπο
1663 184 1767 213 Νεστο-

137 240 231 270 ceptus
245 240 297 267 est.
313 236 338 262 id
354 235 419 262 nihil
432 235 454 263 ei
473 235 568 269 prosit.

172 281 198 308 4.
213 281 310 309 Laicus
322 281 366 316 qui
385 281 490 316 synodo
503 280 617 314 resistit,
648 281 899 309 excommunicatur
914 289 920 307 :

137 329 253 357 clericus
270 335 334 354 vero
347 328 457 361 insuper
472 327 626 355 abdicetur.

173 375 198 402 β,
217 375 366 408 Episcopus
384 373 463 401 aliam
490 382 505 401 a
529 373 641 401 Nicena
661 373 740 402 fidem
771 373 922 407 proferens,

138 422 242 448 alienus
262 420 295 447 ab
313 420 433 448 Ecclesia
452 420 587 449 habetur:
617 420 703 448 laicus
726 427 790 448 vero
812 418 922 454 expelli-

138 472 191 494 tur.

173 511 199 539 6.
224 511 375 540 Serventur
400 519 448 539 sua
470 511 569 545 cuique
596 510 745 545 provinciae
766 509 827 544 jura
856 515 923 544 pura

137 562 220 593 atque
236 558 365 586 inviolata
384 566 390 585 :
406 558 451 593 qui
465 561 556 585 autem
569 556 734 584 contrariam
750 555 792 583 his
807 554 922 582 formato

138 603 251 635 inducit.
269 604 355 632 futilis
366 608 418 631 est.

174 650 200 678 'l.
217 650 379 678 Eustathius
391 657 451 677 cum
467 649 596 677 resistere
609 647 717 676 fortiter
728 648 839 675 deberet
860 646 924 682 (hoc

138 695 211 723 enim
231 695 320 722 omnis
345 695 423 722 debet
446 695 600 730 episcopus)
632 699 706 730 terga
731 693 827 721 leviter
855 693 922 720 dans

139 741 248 776 refugit.
266 741 430 769 Theodorus
442 742 468 769 in
482 741 541 776 ejus
555 741 643 768 locum
655 740 796 768 ordinatus
810 744 861 767 est.
877 739 924 766 Ille

136 795 201 814 vero
227 786 381 822 lacrymans
405 792 486 821 atque
513 793 641 819 exorans,
672 785 802 813 honorem
828 781 925 818 repetit

136 833 181 868 qui
195 833 269 860 illius
285 833 344 860 loco
359 833 439 860 alium
458 832 605 865 ordinavit,
625 832 720 860 insons
734 835 785 863 est,
807 838 868 858 cum
892 830 925 857 il-

976 232 1033 268 ρίου
1049 232 1163 267 δεχθεὶς,
1181 232 1364 267 ἅνωφέλητος.

1008 278 1040 306 δ’.
1064 278 1257 312 Ἀκοινώνητος
1271 278 1285 305 ὁ
1300 278 1393 309 λαῖκὸς
1412 279 1426 305 6
1442 278 1639 313 ἀντοφθαλμῶν
1652 279 1683 314 τῇ
1702 287 1769 305 συν-

974 326 1026 361 όδῳ
1037 334 1044 341 ⁸
1058 327 1072 352 6
1086 325 1114 352 δὲ
1129 325 1257 360 κληρικὺς
1273 324 1313 351 ἔτι
1325 324 1530 359 ἀποκήρυκτος.

1010 374 1041 398 ε’.
1063 371 1092 397 '0
1117 371 1209 397 πίστιν
1237 371 1334 406 ἑτέραν
1359 370 1409 404 τῆς
1436 371 1465 397 ὲν
1488 370 1593 406 Νικαίᾳ
1618 370 1769 404 προσάγων

975 417 1134 449 ἐπίσκοπος,
1151 416 1331 452 ἠλλοτρίωται
1345 425 1351 432 ·
1365 415 1460 446 λαῖκὸς
1478 416 1506 442 δὲ
1534 415 1765 450 ἐξωστράκισται.

1011 511 1049 544 ς’.
1068 510 1212 546 Τηρείσθω
1234 510 1268 537 τὰ
1292 509 1395 545 ἑκάστῃ
1421 508 1544 544 ἐπαρχίᾳ
1569 509 1704 543 προσόντα
1723 508 1765 534 δί’-

975 566 1043 584 καια
1058 556 1167 592 καθαρὰ
1184 557 1233 583 καὶ
1251 556 1369 583 ἀϐίαστα
1381 563 1389 570 ·
1404 556 1419 587 6
1433 555 1461 582 δὲ
1477 554 1564 581 τύπον
1578 554 1769 589 ἀντικείμενον

976 603 1080 634 τούτοις
1096 602 1225 636 εἰσάγων,
1246 602 1384 637 ἀνόνητος.
1623 611 1627 613 ’

1012 650 1045 682 ζ’.
1065 650 1203 685 Ἀντέχειν
1216 648 1332 684 ὀφείλων
1348 648 1499 679 Εὐστάθιος
1521 646 1664 682 καρτερῶς
1678 645 1768 679 (τοῦτο

976 697 1031 731 γὰρ
1044 696 1117 728 ἅπας
1128 694 1288 730 ἐπίσκοπος)
1300 695 1371 721 νῶτα
1380 694 1441 725 δοὺς
1455 693 1563 728 ἀφελῶς
1576 693 1769 729 παρῃτήσατο.

976 742 1113 778 Θεόδωρος
1137 741 1197 768 ἀντὶ
1213 741 1310 768 τούτου
1336 740 1572 776 κεχειροτόνηταιι
1588 741 1602 766 6
1617 740 1645 766 δέ
1665 738 1769 766 κλαίων

977 789 1025 816 καὶ
1039 788 1183 821 δυσωπῶν,
1197 787 1246 823 τὴν
1268 787 1352 823 τιμὴν
1368 788 1441 814 αίτεῖ
1453 795 1459 801 ·
1475 787 1489 813 ὁ
1506 786 1565 812 ἀντ’
1585 786 1690 813 ἐκείνου
1709 794 1769 820 χει-

979 835 1124 872 ροτονήσας
1141 834 1298 865 ἀνεύθυνος,
1314 833 1385 868 ἔχων
1398 833 1500 868 δηλαδή
1511 832 1561 867 τὴν
1578 832 1685 859 ἐκείνου
1697 840 1770 867 παρ-

139 879 191 906 tius
207 879 429 907 detrectationem
445 886 496 913 pro
508 878 623 906 crimine
637 878 746 905 habeat.
763 876 819 905 Hoc
834 880 923 903 autem

991 884 1086 917 ιίτησιν
1109 881 1169 908 ἀντ’
1193 881 1386 916 ἐγκλήματοςο
1406 881 1420 907 6
1443 879 1472 906 δὲ
1492 878 1667 906 δεδικαίωται
1689 878 1770 912 μόνον

137 924 242 958 justum
258 931 319 951 esse
331 924 419 951 visum
439 928 491 956 est,
520 923 693 958 episcopatus
719 929 817 949 nomen
849 920 924 948 illum

138 969 250 1002 habere,
279 969 421 1004 ipsamque
449 968 695 997 communionem:
725 967 852 1003 quodque
873 966 926 994 hoc

137 1015 281 1050 benignius
293 1015 382 1044 visum
394 1016 440 1044 sit.

138 1071 297 1100 Sanctorum
321 1072 432 1108 Patrum
456 1081 488 1100 bc
511 1073 675 1101 Chalcedone
698 1076 924 1108 congregatarum,

375 1107 512 1136 Martiano
527 1111 683 1142 imperante.

177 1153 202 1179 1.
236 1152 287 1186 Qui
311 1153 377 1180 emit
402 1158 429 1180 et
457 1154 502 1188 qui
518 1154 610 1181 vendit
628 1152 839 1184 ordinationem,
852 1152 925 1179 circa

138 1199 238 1234 gradus
250 1199 439 1234 periclitantur
458 1208 466 1226 :
484 1199 526 1228 lex
553 1204 643 1228 autem
672 1200 755 1227 etiam
778 1206 864 1234 usque
891 1199 926 1225 ad

138 1244 321 1272 defensorem.

172 1291 200 1318 2.
216 1291 266 1324 Qui
279 1291 420 1319 domorum
438 1292 610 1320 saecularium
635 1299 729 1320 curam
760 1290 923 1325 suscipiunt,

138 1338 326 1373 corripiendi:
344 1339 395 1366 nisi
420 1339 490 1366 forte
514 1339 547 1366 ad
568 1338 680 1366 minoris
712 1337 926 1365 administratio-
943 1327 953 1338 ⁸

139 1390 199 1410 nem
225 1384 434 1412 inexcusabilein
462 1384 506 1411 lex
530 1384 681 1418 vocaverit,
705 1388 752 1410 aut
781 1383 927 1418 cpiscopus

138 1429 171 1456 ad
187 1429 349 1464 pupillorum
364 1435 392 1457 et
405 1430 548 1458 viduarum
560 1438 653 1458 curam
672 1430 837 1458 incitaverit.

173 1475 200 1503 '5.
215 1475 315 1504 Domus
327 1476 443 1505 orationi
459 1477 561 1510 dicata,
577 1481 624 1505 aut
646 1477 841 1504 monasterium
856 1476 924 1504 citra

138 1522 256 1556 episcopi
277 1522 439 1550 sententiam
458 1530 510 1550 non
532 1527 596 1550 sunt
623 1522 800 1550 exstruenda.
830 1521 926 1549 Omnis

138 1572 228 1594 autem
244 1568 394 1594 monachus
408 1567 536 1602 episcopo
553 1567 723 1602 subjiciatur,
740 1574 806 1595 nere
833 1573 848 1594 a
875 1574 923 1594 sua

139 1612 281 1640 mansione
295 1612 424 1641 discedat.
437 1612 488 1639 nisi
507 1612 541 1640 ab
552 1620 584 1640 eo
597 1612 737 1640 invitetur.

175 1659 202 1686 4.
221 1658 323 1686 Servus
337 1658 440 1693 absque
453 1658 555 1686 domini
573 1665 719 1688 cortsensu.
746 1658 924 1686 monasticam

140 1705 222 1731 vitam
240 1711 273 1732 ne
284 1704 473 1739 amplectatur.

173 1750 203 1782 5,
220 1750 269 1784 Qui
285 1758 300 1778 ο
314 1750 424 1779 civitate
439 1750 465 1777 iu
481 1750 616 1778 civitatem
630 1755 783 1784 transeunt,
810 1751 926 1778 canoni—

139 1798 188 1822 bus
204 1796 236 1823 de
251 1796 301 1823 hac
318 1803 348 1824 re
364 1796 477 1824 sancitis
489 1796 681 1831 subjiciuntur.

173 1841 201 1867 6.
215 1840 243 1867 In
256 1841 398 1876 martyriis
417 1845 464 1868 aut
477 1841 616 1872 oratoriis.
638 1842 685 1869 sed
709 1849 762 1869 non
791 1842 923 1874 absolute.

137 1884 288 1912 ordinabis.
303 1884 352 1913 Sin
371 1892 446 1919 vero,
457 1885 502 1920 qui
518 1886 659 1914 ordinatus
669 1892 722 1920 est,
743 1887 827 1922 gradu
852 1888 926 1915 exci-

139 1930 188 1957 dit.

175 1975 203 2003 7.
220 1974 270 2008 Qui
284 1974 355 2003 inter
370 1975 484 2003 clericos
495 1981 542 2004 aut
556 1979 705 2006 monachos
730 1979 844 2008 allectus
871 1986 927 2014 est,

139 2023 161 2049 si
194 2020 317 2047 militiam
349 2025 397 2048 aut
424 2021 583 2056 dignitatem
623 2028 782 2058 arroganter
807 2024 924 2060 aﬂectet,

140 2066 309 2094 Inalcdictus.

174 2113 201 2140 8.
217 2112 339 2141 Clericus
354 2113 381 2140 in
399 2114 582 2142 mendicorutn
607 2115 688 2142 domo
713 2120 759 2143 aut
774 2116 806 2144 inv
828 2124 925 2145 mona-

147 2158 230 2186 sterio
249 2159 361 2193 degens,
379 2159 498 2194 episcopi
516 2159 591 2187 urbis
609 2161 736 2195 potestati
762 2161 900 2197 subjaceat
916 2172 922 2190 :

138 2204 183 2240 qui
197 2211 261 2232 vero
275 2203 309 2232 ab
325 2211 359 2232 eo
375 2205 470 2238 resilit,
488 2213 594 2240 poenam
612 2207 718 2234 subeat.

174 2251 201 2278 9.
221 2250 318 2278 Clerici
335 2250 485 2287 litigantes,
498 2252 519 2279 si
535 2252 629 2280 relicto
640 2253 766 2288 episcopo
779 2256 812 2281 ad
840 2262 925 2283 szcou-

141 2297 207 2324 laria
219 2296 319 2331 judicia
336 2305 366 2325 se
380 2297 534 2331 conferant,
553 2299 686 2326 canonice
709 2300 866 2335 puniantur.
884 2301 922 2328 Ac

140 2344 257 2371 alcricut
279 2351 340 2371 cum
362 2344 490 2379 episcopo
513 2345 689 2378 contendens,
718 2347 849 2380 synodum
877 2354 925 2374 ex—

139 2394 262 2424 spectet:
281 2390 503 2424 motropolitanus
528 2398 591 2418 vero
617 2391 759 2426 episcopus
789 2391 822 2419 ad
845 2392 917 2419 Con-

139 2435 410 2470 stantinopolitanum
425 2441 563 2470 provocet.

175 2481 218 2509 l0.
235 2480 351 2508 Duarum
366 2482 472 2509 urbium
485 2482 609 2509 ecclesiis.
621 2482 738 2509 clericus
767 2491 818 2510 non
842 2483 920 2510 adtli-

139 2525 226 2556 citur;
242 2526 264 2553 si
279 2534 342 2554 vero
357 2527 480 2555 addictus
497 2527 590 2561 fuerit,
610 2528 643 2555 ad
658 2528 772 2563 primam
804 2534 925 2555 reverte-

139 2576 193 2597 tur.
211 2571 313 2606 Siquis
339 2578 429 2600 uutcm
453 2574 508 2608 jam
538 2574 683 2601 translatus
707 2574 798 2606 fuerit,
825 2575 925 2608 prioris

139 2617 261 2643 t'cclcsitu
276 2625 368 2645 rerum
384 2619 458 2645 nullo
474 2620 554 2647 tttodo
569 2620 703 2654 particeps
715 2621 763 2646 sit.

177 2663 218 2688 11.
240 2663 378 2697 I’anperes
400 2666 523 2700 epistolis
548 2666 683 2698 instructi,
707 2670 734 2693 at
763 2673 816 2692 non
845 2673 923 2693 com-

140 2708 312 2747 mcndatitiis
333 2710 431 2737 litteris
460 2711 512 2738 iter
544 2713 643 2739 faciant
668 2722 675 2739 :
700 2712 925 2740 conuucndntititt:

138 2754 211 2782 cuiut
225 2755 425 2783 existimatione
441 2758 561 2791 przctlitis
576 2760 683 2785 dantur.

176 2799 220 2826 12.
238 2798 266 2826 In
282 2801 350 2828 dua;
365 2803 518 2836 provincias
532 2812 582 2830 una
598 2805 737 2838 provincia
767 2815 819 2834 nou
845 2807 922 2835 scin-

141 2845 212 2872 ditur
230 2853 237 2878 ;
258 2847 302 2879 qui
320 2855 382 2875 vero
400 2849 519 2881 scidcrtt,
533 2850 687 2882 episcopatu
710 2852 842 2884 dciicitur.
860 2853 924 2885 Qua:

977 928 1066 960 τοῦτο,
1098 927 1129 954 τὸ
1155 927 1205 962 τῆς
1232 926 1386 961 ἐπισκοπῆς
1410 927 1484 962 ἔχειν
1511 926 1607 960 ὄνομα,
1637 924 1684 952 καὶ
1719 924 1769 960 τὴν

977 973 1120 1001 κοινωνίαν
1135 973 1221 1008 αὐτήν
1233 980 1240 988 ⁸
1256 973 1302 999 καὶ
1318 973 1360 998 ὅτι
1370 972 1554 1008 χρηστότερον
1562 971 1697 998 δέδοκται.

1069 1071 1131 1099 Τῶν
1145 1070 1181 1098 ἐν
1197 1070 1367 1105 Χαλκηδόνι
1383 1069 1413 1097 Χ¹
1426 1069 1475 1097 ἐπὶ
1494 1068 1675 1103 Μαρτιανοῦ.

1013 1153 1046 1180 α’.
1072 1153 1103 1179 '0
1125 1150 1309 1186 ἐξωνούμενος
1332 1149 1379 1176 καὶ
1403 1148 1569 1184 πιπράσκων
1589 1147 1771 1182 χειροτονίαν,

978 1199 1042 1234 περὶ
1056 1199 1118 1230 τοὺς
1133 1196 1255 1232 βαθμοὺς
1270 1195 1437 1222 ἐπικίνδυνοι
1452 1202 1458 1209 ·
1479 1195 1494 1220 6
1508 1194 1536 1221 δὲ
1556 1193 1638 1228 νόμος
1653 1193 1705 1224 ἕως
1720 1192 1770 1218 καὶ

978 1254 1016 1272 πα
1020 1254 1052 1280 ρα
1056 1243 1186 1280 μοναρίου
1191 1264 1198 1270 .

1015 1291 1049 1327 β’.
1069 1292 1101 1318 Οί
1124 1289 1265 1325 κοσμικῶν
1286 1290 1369 1317 οῐκων
1384 1288 1546 1324 ἐπιμέλειαν
1561 1286 1766 1322 ἀναδεχόμενοι,

979 1340 1151 1373 ἐπιτιμητὲοι
1163 1346 1170 1352 ·
1187 1337 1256 1372 πλὴν
1273 1337 1298 1363 εί
1314 1337 1352 1371 μὴ
1378 1335 1490 1363 καλέσει
1509 1335 1591 1369 νόμος
1609 1334 1650 1364 εἰς
1668 1333 1768 1368 ἁφήλι‹

978 1394 1025 1417 κος
1035 1384 1166 1420 διοίκησιν
1183 1383 1370 1418 ἀπαραίτητον
1384 1390 1391 1398 ·
1406 1382 1423 1418 ἤ
1439 1382 1453 1408 6
1470 1381 1619 1412 ἐπίσκοπος
1632 1380 1672 1411 εἰς
1680 1379 1766 1414 ὀρφα-

979 1432 1033 1459 νῶν
1045 1432 1091 1458 καὶ
1103 1430 1196 1466 χηρῶν
1213 1429 1374 1464 ἐπιμέλειαν
1386 1427 1576 1464 προτρέψειεν.

1013 1481 1047 1512 γ’.
1067 1477 1219 1512 Εὐκτήριος
1233 1473 1318 1506 οἶκος,
1338 1475 1355 1510 ἢ
1372 1475 1556 1510 μοναστήριον
1571 1473 1634 1509 δίχα
1652 1472 1766 1507 γνώμης

979 1524 1025 1551 τοῦ
1045 1523 1198 1550 ἐπισκόπου
1215 1522 1368 1549 ἀσύστατα.
1382 1522 1475 1553 ’Ἅπας
1494 1521 1522 1548 δὲ
1543 1520 1679 1555 μοναστὴς
1699 1519 1767 1546 ὑπο-

977 1570 1120 1597 τασσέσθω
1139 1570 1178 1604 τῷ
1190 1569 1346 1604 ἐπισκόπῳ,
1365 1569 1412 1596 καὶ
1428 1569 1479 1603 τῆς
1501 1568 1597 1603 μονῆς,
1607 1569 1632 1594 ει
1651 1567 1688 1603 μὴ
1699 1567 1769 1601 ιιιαρι

976 1617 1060 1644 αὑτοῦ
1078 1617 1273 1651 προτρέποιτο,
1289 1616 1326 1652 μὴ
1339 1616 1499 1650 ἀφίσταται.

1011 1663 1043 1690 δ’.
1060 1662 1169 1696 Δοῦλος,
1189 1663 1215 1689 εί
1240 1662 1277 1698 μὴ
1300 1662 1398 1698 γνώμῃ
1421 1661 1469 1688 τοῦ
1494 1661 1640 1693 δεσπότου,
1658 1659 1696 1695 μὴ
1717 1668 1765 1695 μο-

976 1710 1092 1743 Μζέτω.

1011 1756 1041 1784 ε’.
1058 1757 1089 1782 fit
1105 1754 1316 1791 μεταϐαίνοντες
1338 1754 1371 1780 ἐκ
1395 1753 1500 1784 πόλεως
1522 1753 1563 1784 είς
1590 1753 1680 1786 πόλιν,
1698 1753 1763 1784 τοὺς

977 1804 1041 1840 περὶ
1054 1803 1152 1830 τούτου
1171 1801 1288 1833 κανόνας
1299 1800 1541 1827 ὑποϐλεπέτωσαν.

1012 1854 1050 1883 ς’.
1072 1850 1134 1876 Ἐπὶ
1146 1849 1320 1885 μαρτυρίοις,
1339 1847 1356 1881 ἢ
1371 1846 1540 1882 εὑκτηρίοις,
1556 1845 1613 1872 ἀλλ’
1629 1846 1680 1872 οὐκ
1694 1845 1762 1872 ἀπο-

975 1898 1063 1929 λύτως
1090 1896 1301 1932 χειροτονήσεις.
1317 1894 1349 1921 Εἰ
1361 1894 1390 1921 δὲ
1402 1893 1451 1930 μὴ,
1467 1893 1672 1929 ἀχειροτόνητος
1687 1893 1702 1919 6
1718 1891 1764 1927 δῆ-

976 1945 1023 1972 θεν
1037 1941 1191 1980 χειροτονού
1196 1950 1287 1976 μενος.

1011 1988 1045 2022 ζ’.
1065 1988 1094 2016 '0
1110 1987 1265 2022 κληρωθεὶς
1282 1987 1300 2022 ἢ
1317 1986 1448 2022 μονάσας,
1466 1987 1490 2014 εξ
1514 1986 1560 2013 ἐπὶ
1583 1985 1728 2022 στρατείαν
1744 1985 1761 2020 ἢ

976 2036 1056 2067 ἀξίαν
1072 2034 1286 2067 ἀπαυθαδιάσει,
1302 2033 1450 2069 ἐπάρατος.

1011 2122 1046 2155 1;".
1067 2118 1096 2146 '0
1110 2119 1139 2145 ἐν
1154 2118 1295 2153 πτωχείῳ,
1312 2118 1328 2153 ἥ
1344 2118 1373 2144 ἐν
1399 2118 1517 2152 σεμνείῳ
1542 2117 1683 2151 κληρικδς,
1700 2117 1763 2152 βλε-

976 2165 1051 2192 πέτω
1060 2164 1110 2200 τὴν
1127 2165 1260 2197 ἐξουσίαν
1273 2163 1320 2191 τοῦ
1335 2163 1487 2193 ἐπισκόπου
1503 2163 1553 2197 τῆς
1569 2163 1674 2194 πόλεως
1684 2171 1692 2178 ·
1708 2164 1722 2190 6
1733 2163 1762 2190 δὲ

941 2212 962 2239 D
977 2211 1073 2238 τούτου
1087 2210 1255 2245 ἀφηνιάζων,
1271 2209 1428 2243 γινωσκέτω
1440 2208 1471 2235 τδ
1481 2209 1628 2243 ἐπιτίμιον,

1013 2255 1046 2284 θ’.
1070 2255 1204 2291 Κληρικοὶ
1229 2255 1414 2289 δικαζόμενοι,
1438 2255 1462 2281 εί
1483 2255 1616 2290 ἀφέμενοι
1636 2255 1682 2282 τὸν
1702 2255 1764 2282 ἐπί-

978 2310 1090 2333 σκοπον,
1127 2302 1270 2334 κοσμικοῖς
1293 2300 1445 2336 κριτηρίοις
1471 2301 1633 2336 ὁρμήσουσι,
1654 2309 1762 2328 κανονι-

976 2349 1032 2380 κῶς
1045 2347 1262 2374 εὐθυνέσθωσαν,
1281 2347 1336 2374 Καὶ
1352 2347 1484 2382 κληρικὺς
1507 2348 1651 2382 ἐπισκόπῳ
1667 2348 1760 2382 διαφε-

978 2394 1101 2429 ρόμενος,
1126 2392 1230 2427 μενέτω
1252 2394 1302 2428 τὴν
1323 2392 1430 2419 σύνοδον
1454 2401 1462 2409 ⁸
1490 2393 1536 2420 καὶ
1560 2393 1762 2428 μητροπολίτης

976 2429 1125 2471 ἐπίσκοπος
1137 2439 1184 2465 τδν
1198 2439 1513 2471 Κωνσταντινουπόλεως
1531 2440 1680 2474 αιτήσοιτο.

1013 2485 1038 2513 ι’.
1054 2485 1106 2512 Δύο
1126 2485 1231 2512 πόλεων
1256 2486 1330 2516 ναοῖς
1352 2485 1482 2520 κληρικὺς
1506 2485 1536 2512 οὐ
1561 2486 1741 2520 καταλέγεται
1754 2495 1761 2502 ·

976 2534 1000 2560 εἰ
1014 2533 1042 2559 δὲ
1061 2532 1255 2568 καταλεχθείη,
1269 2533 1309 2566 τῷ
1324 2535 1451 2567 προτέρῳ
1464 2533 1713 2567 ἐπιστραῳήσεται.
1731 2533 1762 2559 Εἰ

975 2578 1004 2604 δὲ
1018 2577 1149 2613 μετετέθη
1173 2587 1214 2609 τις
1237 2577 1297 2612 ήδη,
1316 2577 1354 2612 μὴ
1368 2577 1582 2604 ἐπικοινωνείτω
1610 2578 1680 2604 κατά
1701 2587 1762 2605 τινα

975 2627 1075 2660 τρόπον
1090 2625 1147 2656 τοῖς
1159 2625 1208 2659 τῆς
1226 2624 1365 2659 προτέρας
1379 2624 1543 2659 πράγμασιν
1558 2623 1718 2659 ἐκκλησίας.

1012 2674 1056 2698 ια’.
1071 2672 1103 2697 Oi
1121 2672 1236 2704 πένητες
1261 2662 1426 2703 ἐπῖστολαῖς,
1450 2670 1518 2697 ἀλλὰ
1536 2671 1573 2706 μὴ
1591 2674 1763 2702 συστατικοτς

975 2717 1141 2744 ὀδευέτωσαν
1158 2725 1165 2731 ·
1183 2717 1211 2743 al.
1226 2717 1282 2752 γὰρ
1303 2717 1466 2744 συστατικαὶ
1490 2717 1548 2748 τοῖς
1573 2718 1603 2743 ἐν
1629 2717 1762 2752 ὑπολήψει

978 2763 1153 2798 παρέχονται.

1014 2809 1057 2843 ιβ’.
1085 2809 1130 2840 Εἰς
1150 2809 1283 2844 ἐπαρχίας
1299 2809 1346 2836 δύο
1362 2810 1482 2845 ἐπαρχία
1498 2810 1546 2845 μία
1561 2810 1593 2836 οὐ
1611 2809 1739 2844 τέμνεται
1754 2818 1760 2826 ι

977 2855 990 2880 ὁ
1005 2853 1032 2880 δὲ
1048 2854 1151 2888 τεμὼν,
1168 2855 1360 2886 ἁνεπῑσκοπος.
1377 2856 1409 2883 Αἱ
1425 2856 1453 2882 δὲ
1468 2855 1613 2889 γράμματι
1629 2854 1763 2888 βασιλικῷ
