1929 3076
156 126 192 156 89
782 128 963 159 SYNOPSIS
982 127 1181 162 CANONUM.
1767 134 1802 165 90

157 183 313 219 τμηθεῖσαι
332 181 436 214 πόλεις.
453 183 504 218 τῆς
524 183 607 218 τιμῆς
630 182 845 210 ἀπολαυέτωσαν
866 183 957 219 μόνον,

1033 190 1102 211 utem
1115 185 1291 219 imperatoris
1307 186 1442 221 rescripto
1455 186 1549 214 scissa:
1574 191 1638 214 sunt
1665 187 1800 220 civitates.

159 231 209 256 καὶ
221 231 236 257 ὸ
248 230 365 257 αὐτόθεν
389 230 539 261 ἐπίσκοπος
554 236 562 244 ⁰
582 229 624 265 τῷ
639 229 668 256 δὲ
685 229 794 265 ἀληθῶς
820 238 958 265 μητροπο-

159 275 222 311 λὶτῃ
237 275 272 303 τὰ
288 277 376 302 οἰκεῖα
395 275 576 307 σωζέσοωσαν
590 275 691 302 δίκαια.

200 373 244 403 ιγ’.
270 368 412 404 Κληρικδς
435 368 498 404 δίχα
524 368 698 396 συστατικῶν
721 368 903 404 ἀκοινώνητος
920 369 960 400 εἰς

160 415 263 450 ἑτέραν
282 415 372 442 πόλιν.

200 462 242 488 ιδ’.
267 462 440 498 Ἐτερόδοξος
467 461 573 497 ψάλτης
589 461 636 488 καὶ
653 461 844 496 ἀναγνώστης,
866 462 890 488 εί
907 463 959 499 γή-

163 518 217 544 μας
231 509 378 539 ἐτέκνωσε,
395 509 529 542 προσάγει
540 509 572 543 τῇ
585 508 713 543 κοινωνίᾳ
728 508 763 534 τὰ
773 509 867 540 τέκνα,
881 509 959 543 εἴπερ

161 557 254 582 ἐκεῖσε
271 555 453 590 βεῦάπτισται
470 563 477 571 ·
495 555 519 581 εἰ
533 555 556 581 δ’
577 555 618 581 ἔτι
635 555 712 590 μένει
728 555 896 588 ἀϐάπτιστα,
913 557 960 582 οὺ-

160 604 221 630 κέτι
238 602 403 637 βαπτίζεται
417 603 473 634 τοῖς
489 603 648 637 αἰρετικοῑς.

199 696 243 720 ιε’.
258 692 426 719 Διακόνισσα
448 693 472 719 εί
492 692 528 728 μὴ
552 693 819 727 τεσσαρακονταέτις
831 693 861 719 οὐ
886 694 961 726 γίνε-

161 748 208 766 ται
220 748 228 755 ·
245 741 278 775 τῇ
300 739 328 766 δὲ
352 739 396 766 διὰ
412 738 506 774 γάμου
529 739 580 774 τὴν
603 739 777 774 λειτουργίαν
793 739 960 776 ὲξνδρισάσῃ

163 784 302 820 ἀνάθεμα.

201 835 250 864 ις’.
278 831 486 867 Μονάζοντεςῆ
511 831 677 866 μονάζουσαι
707 832 744 868 μὴ
768 820 959 867 γαμείτωσαν,

162 879 227 905 ἐπεὶ
249 878 375 905 ἔστωσαν
387 878 577 913 ἀκοινώνητοι.

202 969 247 1001 ιζ’.
275 970 426 1005 Ἐγχώριος
449 969 496 996 καὶ
519 969 668 1005 ἀγροικικὴ
685 969 827 1004 παροικία,
843 969 867 995 εί
885 977 962 1004 τρια-

163 1013 328 1040 κονταετίαν
339 1013 503 1048 ἐσχέθησαν,
520 1014 732 1048 κατεχέσθωσαν
744 1023 750 1029 ·
771 1014 796 1039 εἰ
812 1013 840 1039 δὲ
858 1013 962 1048 ταύτης

162 1060 254 1092 ἐντὸς,
281 1058 338 1087 εἷεν
360 1060 507 1087 ὑπόδικοι·
526 1061 551 1087 εἰ
569 1061 598 1087 δὲ
618 1060 791 1087 κεκαενισται
816 1059 962 1095 βασιλικῆς

163 1107 197 1132 ὲκ
213 1106 371 1138 κελεύσεως
392 1107 481 1138 πόλις,
508 1107 524 1142 ὴ
544 1105 631 1139 τάξις,
658 1107 705 1133 καὶ
720 1106 830 1138 ὁτύπος
850 1107 963 1134 ἀκολου-

164 1151 249 1178 θείτω
263 1153 320 1183 τοῖς
334 1151 484 1184 πολιτικοῖς
501 1151 655 1187 δημοσίοις,
673 1151 723 1178 καὶ
741 1151 791 1187 τῆς
813 1151 962 1186 ἐκκλησια-

164 1199 265 1233 anxi);
283 1198 440 1234 παροικίας.

201 1249 247 1280 ιη’.
268 1246 403 1280 Κληρικοὶ¹
432 1245 480 1272 καὶ
507 1244 684 1280 μονάζοντες,
714 1245 738 1271 εί
762 1244 917 1280 φωραθεῖεν
945 1246 961 1280 ἢ

163 1292 395 1326 φρατριάζοντες,
411 1291 427 1326 ἢ
441 1291 641 1326 συνομνύμενοι
655 1291 716 1318 κατ’
727 1292 891 1324 ἐπισκόπου,
907 1291 963 1319 τῶν

165 1339 284 1374 βαθμῶν
299 1339 391 1365 αὐτῶν
405 1339 553 1365 ἐκπτωτοι.

202 1385 249 1412 ιθ’.
271 1386 301 1412 ’0
314 1386 363 1420 τὴν
385 1385 490 1412 οίκείαν
506 1385 645 1417 ἀπολέσας
667 1385 798 1420 πατρίδα,
813 1385 836 1412 εί
850 1385 895 1412 ἐπ’
914 1385 963 1413 ἄλ-

164 1433 215 1468 λην
234 1432 399 1467 Ἐκκλησίαν
417 1432 558 1466 ιλήλυθεν,
572 1431 781 1466 ἀνεπιτίμητος.

201 1478 237 1506 κ’.
253 1479 421 1509 Ἐπίσκοπος
433 1479 509 1511 ξένον
529 1478 662 1514 κληρικδν
673 1478 875 1513 εῑσδεξάμενος,
892 1479 962 1514 μετὰ

164 1523 215 1550 τοῦ
229 1523 369 1558 δεχοέντος
381 1523 437 1556 ἕξει
455 1523 486 1550 τὸ
501 1523 696 1559 ἀκοινώνητον.

203 1570 261 1598 κα’.
282 1570 476 1605 ’Δδοκίμαστος
496 1570 628 1606 κληρικὸς
646 1570 662 1606 ἢ
691 1570 786 1602 tam;
812 1571 963 1599 ἐπισκόπου

166 1617 344 1652 κατηγορῶν,
362 1617 551 1649 ἀνεπίδεκτος.

202 1663 258 1700 κβ’.
281 1665 311 1691 Ὀ
325 1665 354 1697 ἐξ
368 1664 521 1700 ἀνθρώπων
538 1664 690 1690 ἐπισκόπου
713 1666 915 1700 γεγενημένου,
930 1666 964 1692 τὰ

165 1711 274 1737 ικείνου
286 1711 428 1745 ἁρπάξων,
448 1710 494 1737 τοῦ
511 1710 618 1746 βαθμοῦ
638 1711 842 1746 ἁμαρτήσεται.

204 1761 260 1792 κγ’.
281 1758 313 1784 Οἱ
339 1757 492 1784 ἐπισκόπου
523 1756 584 1792 δίχα
613 1758 646 1792 τῇ
678 1757 966 1785 Κωνσταντινουπόλει

165 1804 367 1839 διατρίϐοντες,
385 1804 433 1830 καὶ
445 1803 569 1841 ταραχὰς
584 1803 786 1840 ἁνεγείροντες,
798 1805 847 1840 τῆς
861 1805 964 1838 πόλεως

167 1850 380 1877 ἱλαυνέσθωσαν
385 1869 393 1877 .

205 1897 258 1925 κδ’.
274 1897 467 1933 Μοναστήρνον
480 1896 631 1924 ἐπισκόπου
643 1896 740 1932 γνώμῃ
757 1897 845 1931 παγὲν
860 1897 966 1932 μενέτω

166 1944 378 1980 ἀμεταποίητον
391 1952 397 1959 ·
419 1944 466 1971 καὶ
481 1945 495 1971 ὂ
508 1954 533 1971 τι
546 1945 635 1980 τούτῳ
655 1944 797 1980 ἀνήκοιτο,
813 1945 963 1980 ἀνεκποίη-

167 2002 228 2021 τον.
252 1993 283 2021 '0
296 1993 318 2020 δ’
337 1993 426 2025 ἄλλως
438 1992 600 2028 ἐπιχειρῶν,
615 1993 667 2020 οὐκ
682 1992 841 2024 ἀνεύθυνος.

208 2088 260 2116 κε’.
277 2089 350 2115 Είσω
365 2088 459 2124 μηνῶν
473 2087 559 2124 τριῶν
573 2087 602 2114 αἱ
614 2086 670 2114 τῶν
683 2086 844 2113 ἐπισκόπων
857 2085 968 2112 τελοῦν-

170 2145 220 2162 ται
236 2135 424 2170 χειροτονίαι·
441 2135 606 2169 παρατείνει
623 2134 652 2160 δὲ
675 2133 722 2161 τὸν
747 2133 844 2168 χρόνον
859 2132 967 2167 ἀνάγκη

170 2191 215 2213 τις
227 2181 429 2217 ἀπαραίτητος.
450 2181 482 2207 El
496 2181 524 2207 δὲ
542 2180 593 2215 μὴ,
613 2180 626 2206 ὁ
646 2179 807 2215 χειροτονῶν
829 2178 860 2206 τὸ
881 2178 968 2205 ὲπιτί-

1012 231 1115 259 houore
1138 231 1263 259 fruantur
1292 237 1407 266 tantum,
1434 237 1462 261 et
1483 233 1529 268 qui
1556 233 1656 260 ibidem
1679 239 1803 260 versatur

1011 279 1153 312 episcopus
1167 289 1174 307 :
1189 279 1213 306 ei
1236 287 1301 307 vero
1323 281 1368 315 qui
1395 287 1461 308 vere
1486 281 1714 316 metropolitauus
1743 284 1798 314 est,

1011 325 1120 358 propria
1138 331 1339 353 conserventur
1353 326 1426 361 jura.

1048 370 1228 398 l5.Ch-ricus
1250 372 1353 406 absque
1383 372 1614 399 commendatitiis
1649 372 1747 400 litteris
1775 372 1800 398 in

1011 416 1080 444 alius
1095 417 1170 444 urbis
1186 419 1405 445 communionem
1421 427 1473 445 non
1487 418 1629 453 recipitur.

1048 464 1090 491 14.
1105 463 1206 491 Cantor
1216 470 1243 492 et
1260 465 1344 492 lector
1357 472 1371 492 a
1389 470 1462 492 recta
1478 465 1529 491 title
1547 464 1660 495 alienus,
1677 465 1699 492 si
1720 464 1801 491 «lucta

1012 518 1096 538 uxore
1113 512 1211 539 liberos
1228 512 1380 545 sustulerit.
1397 520 1443 540 eos
1459 512 1492 539 ad
1509 512 1729 539 communionem
1754 512 1801 538 ad-

1012 558 1097 588 ducit,
1112 559 1245 593 siquidem
1264 559 1362 586 ibidem
1377 559 1504 593 baptizati
1538 558 1659 585 fuerint:
1687 558 1709 583 si
1736 565 1801 584 vero

1012 605 1129 631 nomium
1150 605 1204 632 sint
1231 605 1372 640 baptizati,
1405 612 1457 631 non
1485 604 1601 638 amplius
1629 603 1801 637 baptizantur

1012 649 1082 684 apml
1098 650 1251 677 haereticos.

1049 695 1092 722 l5.
1109 694 1277 728 Diaconissa,
1294 695 1344 722 nisi
1362 695 1540 730 quadraginta
1559 701 1644 721 annos
1664 697 1725 721 nata
1746 702 1801 721 non

1012 741 1154 767 ordinatur
1172 750 1178 768 :
1193 741 1216 768 ei
1232 746 1322 768 autem
1339 749 1398 774 qua:
1414 741 1480 768 inito
1512 739 1698 772 matrimonio,
1725 746 1803 766 sacro

1014 787 1119 813 muneri
1136 787 1253 814 dedecus
1274 787 1407 818 attulerit,
1423 787 1582 814 anathema.

1049 833 1093 860 16,
1111 832 1236 860 Mouachi
1247 837 1294 860 aut
1311 833 1445 861 moniales
1461 833 1663 860 matrimonium
1688 840 1722 860 ue
1735 840 1804 859 con-

1013 878 1144 905 trahant:
1173 878 1308 913 Eiquidem
1338 879 1391 906 hoc
1418 878 1544 912 iecerint,
1560 878 1802 906 excommunicen-

1015 929 1069 951 IUI".

1049 972 1092 999 l7.
1111 971 1257 999 Rusticaua
1270 972 1388 1006 parmcia
1403 979 1450 999 seu
1467 972 1614 1007 pagicuria,
1636 971 1658 998 si
1690 971 1802 1005 triginta

1016 1025 1102 1044 annos
1117 1024 1249 1052 possessa
1274 1017 1384 1049 fuerint,
1413 1017 1628 1051 possideantur:
1657 1017 1680 1043 si
1711 1021 1803 1042 autent

1014 1063 1086 1090 intra
1103 1063 1167 1089 illud
1189 1067 1305 1097 tempus,
1320 1063 1374 1089 sint
1386 1062 1488 1097 judicio
1502 1062 1611 1089 obnoxii
1624 1069 1716 1089 earum
1741 1068 1804 1095 pos-

1014 1117 1148 1136 sessores.
1168 1109 1196 1136 Si
1215 1116 1279 1136 vero
1296 1109 1470 1144 imperatoris
1487 1108 1565 1142 jussu
1583 1108 1648 1135 urbs
1674 1112 1804 1134 renovata

1015 1155 1109 1185 fuerit.
1129 1155 1197 1182 ordo
1209 1162 1241 1182 ac
1265 1154 1350 1181 forma
1369 1153 1497 1181 Ecclesia:
1530 1153 1684 1188 parmcialis
1710 1152 1804 1180 civiles

1015 1209 1047 1228 ac
1060 1201 1181 1235 publicas
1196 1200 1383 1227 ordinationes
1399 1204 1540 1233 sequatur.

1051 1247 1095 1275 18.
1110 1246 1208 1274 Clerici
1226 1253 1258 1273 ac
1276 1245 1400 1273 monachi
1413 1246 1436 1273 si
1454 1244 1585 1279 comperti
1615 1243 1716 1272 fuerint
1740 1251 1805 1270 con-

1015 1294 1149 1321 venticula
1166 1294 1265 1321 habere
1284 1300 1316 1320 ac
1341 1293 1485 1327 coniurare
1511 1296 1604 1319 contra
1636 1291 1805 1325 episcopum,

1015 1340 1143 1376 gradibus
1157 1341 1213 1367 suis
1227 1339 1366 1367 excidant.

1050 1387 1094 1415 l9.
1108 1386 1158 1421 Qui
1172 1387 1271 1413 amissa
1288 1385 1373 1420 patria
1383 1385 1417 1412 ad
1431 1384 1512 1411 aliam
1539 1383 1690 1410 Ecclesium
1725 1389 1806 1420 vene-

1015 1434 1060 1466 rit,
1074 1433 1330 1468 irreprebensibilis.

1049 1481 1095 1508 9.0.
1114 1480 1264 1516 Episeopus
1279 1479 1325 1514 qui
1340 1482 1500 1506 extraneum
1517 1476 1648 1504 clericum
1674 1481 1803 1510 suscepe-

976 1528 999 1558 c
1015 1525 1061 1556 rit,
1077 1532 1138 1552 cum
1157 1528 1285 1558 suscepto
1301 1521 1595 1552 exeommuuicabitur.

1052 1571 1097 1598 2i.
1119 1570 1241 1598 Clericus
1262 1573 1309 1596 aut
1330 1568 1415 1596 laicus
1441 1575 1495 1595 non
1520 1566 1650 1601 probatus
1675 1571 1807 1592 accusans

1016 1618 1182 1652 episcopum,
1196 1615 1369 1651 rejiciendus.
1672 1608 1676 1614 ”

1051 1662 1096 1689 22.
1109 1661 1160 1694 Qui
1176 1661 1303 1696 episcopo
1316 1659 1370 1686 vita
1393 1658 1497 1691 functo,
1530 1656 1603 1685 illius
1629 1656 1699 1683 bona
1727 1654 1806 1688 rapit.

1018 1708 1103 1744 gradu
1117 1707 1270 1741 dejicietur.

1051 1753 1097 1780 25.
1111 1752 1161 1785 Qui
1176 1751 1278 1786 injussu
1296 1748 1415 1785 episcopi
1428 1746 1662 1781 Constantinopoli
1686 1752 1806 1773 commo-

1019 1804 1125 1830 rantur.
1140 1806 1172 1825 ac
1189 1797 1284 1824 turbas
1300 1796 1432 1827 excitant,
1453 1795 1519 1822 urbe
1532 1793 1713 1828 expelluntur.

1052 1891 1099 1918 24.
1123 1887 1316 1918 Monasterium
1338 1887 1371 1914 de
1398 1885 1532 1914 sententia
1552 1883 1672 1918 episcopi
1702 1887 1808 1909 exstru-

1018 1943 1104 1970 ctum,
1118 1941 1225 1964 maneat
1241 1933 1410 1961 immutabile
1426 1941 1434 1960 :
1461 1937 1489 1958 et
1503 1929 1633 1965 quidquid
1664 1929 1697 1956 ad
1720 1928 1807 1962 ipsum

1019 1985 1147 2021 pertinet,
1159 1990 1193 2010 ne
1206 1982 1350 2009 alienetur.
1362 1979 1414 2012 Qui
1429 1985 1493 2005 vero
1509 1983 1590 2005 secus
1602 1975 1692 2003 facere
1712 1981 1808 2009 aurea

1019 2032 1119 2063 dietur,
1134 2037 1187 2057 non
1201 2028 1254 2056 erit
1266 2025 1404 2055 innoxius.

1054 2088 1099 2115 25.
1115 2086 1189 2113 Intra
1205 2088 1259 2112 tres
1274 2090 1382 2111 menses
1407 2082 1595 2117 episcoporum
1624 2079 1812 2107 ordinationes

1020 2133 1194 2170 perficiantur
1208 2139 1215 2157 :
1234 2136 1341 2164 tempus
1354 2136 1420 2156 vero
1435 2131 1564 2163 prorogat
1582 2125 1731 2153 necessitas
1758 2124 1809 2151 aii-

1022 2188 1074 2216 qua
1091 2178 1266 2207 inevitabilis.
1279 2177 1308 2204 Si
1322 2183 1401 2204 secus
1418 2175 1476 2206 liat,
1490 2173 1622 2202 ordinans
1649 2179 1735 2206 paena:
1758 2171 1812 2197 erit

174 2237 239 2264 μιον
264 2227 369 2255 εἴσεται
383 2235 391 2243 ο
413 2228 430 2262 ἠ
450 2227 543 2262 μέντοι
567 2226 699 2263 πρόσοδος
721 2225 826 2260 μενέτω
840 2224 880 2260 τῷ
895 2225 963 2251 οἱκο-

1033 2225 1169 2254 ιιηιοκίιιε.
1185 2222 1299 2251 Reditus
1314 2225 1404 2249 tamen
1420 2226 1504 2255 penes
1521 2218 1736 2254 dispensatorem
1751 2223 1811 2242 ma-

173 2277 259 2311 νόμῳ.

209 2330 269 2364 κς¹.
283 2330 430 2365 Οἰκονόμος
446 2330 500 2357 ἀνὰ
520 2329 610 2361 πάσας
628 2329 700 2356 ἔστω
721 2328 771 2360 τὰς
804 2328 969 2362 Ἑκκλησίας

170 2379 228 2405 ἀπὸ
242 2378 290 2404 τοῦ
305 2377 407 2413 κλήρου
420 2385 426 2392 ·
438 2378 452 2404 ὁ
466 2377 494 2403 δὲ
503 2376 600 2404 τούτου
614 2376 795 2412 καταφρονῶν
807 2375 968 2407 ἐπίσκοπος,

172 2425 226 2450 οὐκ
239 2423 419 2457 ἀνέγκλητος.

210 2481 264 2515 κζ’.
290 2480 430 2516 Κληρικὺς
455 2480 590 2516 ἁρπάξων
619 2480 758 2514 γυναῖκα,
787 2477 969 2512 ἀνεκκλησία-

175 2536 254 2560 στος·
272 2528 286 2554 ὁ
300 2527 331 2553 δὲ
345 2526 439 2558 Auito;
451 2525 524 2553 ἔστω
541 2525 672 2560 ἀνάθεμα
685 2533 692 2541 ⁵
711 2525 783 2552 κατὰ
796 2524 875 2551 τοῦτο
893 2525 941 2552 καὶ
955 2525 970 2551 ὸ

174 2572 321 2600 συναινῶν.

210 2629 265 2666 κη’.
289 2629 321 2657 '0
334 2630 384 2665 τῆς
408 2630 474 2660 νέας
497 2629 647 2661 ἐπίσκοπος
668 2627 779 2663 Ῥώμης
798 2627 838 2662 τῷ
854 2627 903 2662 τῆς
918 2636 970 2655 πα-

173 2677 321 2711 λαιοτέρας
342 2676 486 2711 ὁμότιμος,
502 2675 548 2703 διὰ
564 2675 615 2711 τὴν
636 2675 691 2702 τῶν
719 2675 868 2709 σκήπτρων
886 2673 971 2709 μετά.

177 2732 287 2751 στασι).

212 2770 266 2797 κθ¹.
283 2770 315 2796 Οἱ
337 2769 453 2801 Πόντου,
478 2768 525 2795 καὶ
550 2768 655 2800 Ἀσίας,
677 2768 725 2794 καὶ
747 2767 868 2803 Θρᾴκης,
886 2767 970 2794 καὶοί

177 2817 319 2852 Βάρϐιιροι
334 2815 373 2851 τῷ
388 2816 438 2850 τῆς
455 2816 661 2841 Κωνσταντινου
678 2814 924 2850 κεχειροτόνηνται.

214 2865 246 2892 λ’.
270 2863 299 2889 Ὀ
318 2861 513 2895 καταϐιϐάζων
539 2862 690 2888 ἐπίσκοπον
715 2862 754 2893 είς
771 2860 968 2895 πρεσϐύτερον,

1025 2275 1116 2300 neunt.

1058 2327 1293 2362 26.Dispensator
1309 2325 1336 2352 in
1364 2323 1493 2351 omnibus
1520 2321 1649 2349 Ecclesiis
1683 2320 1716 2346 de
1738 2319 1813 2352 clero

1021 2374 1224 2402 constituatur:
1241 2372 1287 2406 qui
1311 2378 1376 2398 vero
1401 2370 1454 2397 hoc
1481 2368 1632 2396 contenmit
1656 2366 1811 2401 episcopus,

1021 2420 1136 2449 crimine
1149 2426 1202 2447 non
1217 2422 1301 2446 caret.

1058 2477 1105 2506 27.
1122 2477 1244 2504 Clericus
1259 2474 1399 2502 mulierem
1423 2470 1546 2507 rapiens.
1569 2467 1689 2496 Ecclesia
1718 2465 1814 2500 ejiciaa

1023 2532 1083 2559 tur;
1099 2524 1186 2552 laicus
1201 2530 1266 2550 vero
1282 2521 1319 2549 sit
1334 2520 1500 2550 anathema;
1514 2521 1541 2544 et
1553 2516 1599 2551 qui
1623 2515 1666 2542 ltis
1695 2521 1811 2542 consent-

1023 2572 1065 2604 tit,
1081 2571 1172 2599 eidem
1193 2576 1280 2604 paenae
1297 2566 1448 2600 subjaeeat.

1055 2631 1101 2658 28.
1118 2628 1199 2655 Novae
1218 2626 1312 2654 Romae
1326 2623 1468 2658 episcopus
1492 2619 1586 2648 eodem
1614 2626 1676 2646 cum
1708 2617 1809 2645 veteris

1024 2677 1115 2704 Romre
1136 2674 1265 2710 episcopo
1290 2671 1393 2698 honore
1419 2668 1536 2700 fruatur,
1567 2670 1679 2702 propter
1702 2664 1812 2700 imperii

1023 2721 1236 2749 translationem.

1056 2766 1101 2794 29.
1119 2765 1206 2797 Ponti,
1219 2763 1290 2791 Asia:
1304 2759 1482 2794 Thraciaque
1495 2758 1614 2793 episcopi
1631 2764 1663 2784 ac
1691 2754 1810 2785 Barbarl

1023 2821 1036 2840 a
1048 2809 1347 2844 Constantinopolitano
1360 2805 1531 2834 Ordinentur.

1059 2859 1103 2886 50.
1121 2857 1172 2889 Qui
1186 2855 1343 2886 coiseooum
1359 2852 1393 2881 ad
1408 2850 1558 2884 presbyteri
1574 2850 1688 2882 xradum
1707 2846 1808 2874 demit.
