1929 3076
94 135 128 168 οι
726 134 910 166 ARISTENI
931 134 1106 165 MONACHI
1433 123 1436 125 λ
1694 137 1731 167 ςμλ

95 192 140 225 tit,
159 191 328 227 sacrilegus:
345 192 404 228 ipse
416 192 488 220 enim
510 192 596 227 culpa:
623 192 760 220 obnoxius
790 197 818 220 et
843 200 886 220 sa-

958 191 1078 224 ῖρόσυλος
1095 200 1101 207 ·
1121 193 1134 217 ὁ
1150 192 1204 226 γὰρ
1223 191 1359 223 ὑπαίτιος,
1382 192 1428 218 καὶ
1449 192 1568 227 ἀνίερος.
1589 191 1620 218 ⁸0
1634 191 1662 218 δὲ
1676 201 1730 219 κα,-

97 238 216 265 certlotio
237 239 374 274 indignus.
392 238 443 272 Qui
461 247 525 266 vero
553 239 646 267 insons
673 239 796 275 dejectus
831 243 885 271 est,

96 284 131 310 sit
141 284 297 318 episcopus.

133 329 249 357 51.5105
262 334 303 357 est
328 330 474 366 Egyptiis,
506 330 555 358 nisi
579 331 800 366 archiepiscopus
824 338 886 365 per-

98 376 211 407 miserit,
225 383 276 402 non
297 377 426 404 scribere.
445 375 504 409 Quo
523 377 551 403 lit
571 381 601 404 ut
623 377 735 404 minime
757 376 884 411 culpandi

98 421 165 452 sint,
181 422 341 448 rtunsancti
356 422 456 450 Leonis
479 422 599 456 epistolae
627 430 680 449 non
713 421 885 456 subscripse~

99 468 161 496 rinl.
178 468 263 494 donuc
279 467 501 503 arihicp'scopus
514 473 624 495 creatus
635 468 727 495 fuerit.

150 522 309 551 Sanctorum
329 524 439 551 Patrum
461 525 581 553 Sordica:
601 530 831 560 congregatarum.

134 581 162 608 L
193 581 340 615 Episcopus
366 589 398 608 ex
434 582 535 616 majore
557 582 667 609 civitate
697 582 723 609 in
755 582 886 609 minorem

100 627 217 654 transire
231 635 283 654 non
298 629 477 662 eolnperilur.
490 628 540 661 Qui
565 628 649 664 igitur
664 636 696 655 ex
713 629 807 656 humili
823 629 887 656 sede

99 674 126 700 in
155 674 340 701 sublimiorem
367 675 504 708 transilit,
540 680 668 710 tanquam
701 683 832 709 arrogans
860 680 887 701 et

99 727 200 747 avarus
216 725 383 754 compertus.
397 728 444 755 per
458 725 543 749 totum
556 721 637 749 vitam
662 720 885 750 excommunica—

101 770 152 792 llll'.

133 811 162 838 2.
174 811 324 847 Episcopus
339 806 366 839 in
381 812 450 840 alius
461 814 581 855 episcopi
600 813 694 840 urbem
711 821 745 841 ne
766 818 888 840 transeat

100 865 153 885 non
169 859 317 886 invitatus:
334 867 365 886 ac
379 860 530 895 provinciae
543 861 689 894 episcopus
713 861 736 887 si
765 860 884 894 aliquam
900 866 923 895 Β

101 903 173 930 litem
187 903 296 937 habeat,
308 904 412 932 alienos
428 906 572 941 episcopos
594 913 628 933 ne
650 911 756 936 evocet.
773 911 888 938 praetcr-

99 957 180 983 quam
198 958 212 976 a
231 949 354 977 Romano
371 950 513 985 Pontifice,
528 953 550 979 si
566 952 694 986 expedire
713 952 888 987 judicaverit.

136 995 163 1023 5.
179 995 311 1031 EpiscOpo
326 997 459 1032 deposito,
478 998 500 1025 si
516 998 633 1025 allirmet
645 1006 673 1026 se
698 998 884 1026 defensionem

100 1041 255 1074 allaturum,
281 1050 335 1070 non
364 1043 540 1071 constituitur
563 1044 642 1076 alius,
663 1045 712 1072 nisi
742 1045 886 1079 episcopus

101 1085 193 1113 Romae
205 1086 349 1115 detinierit.
366 1088 496 1123 Dispieict
509 1089 582 1116 enim
605 1088 815 1122 depositiouem.
842 1094 890 1116 aut

101 1139 150 1165 per
167 1133 286 1164 nuntios,
302 1137 351 1160 aut
363 1141 410 1168 per
427 1134 543 1162 litteras.

137 1178 166 1206 4.
180 1179 207 1206 Si
221 1179 298 1207 hicis
310 1180 464 1214 petentibus
485 1181 652 1214 episcopum,
676 1180 795 1214 episcopi
822 1188 890 1214 prac-

102 1231 194 1252 sentes
210 1226 275 1258 sint,
295 1233 365 1253 unus
377 1233 442 1254 vero
458 1227 568 1261 quidem
583 1227 665 1258 absit.
681 1233 790 1255 vocetur
807 1228 887 1254 etiam

103 1271 158 1298 ille.
173 1270 200 1297 Si
212 1278 276 1298 vero
296 1275 408 1298 vocatus
432 1279 520 1306 neque
541 1273 673 1306 scribere,
699 1281 787 1308 neque
813 1281 890 1301 acce-

102 1316 167 1343 dere
182 1317 309 1350 voluerit,
325 1317 347 1345 is
358 1317 404 1352 qui
417 1318 530 1352 petitur,
549 1319 704 1347 ordinetur.

139 1405 166 1431 5.
183 1404 249 1432 Cum
267 1406 493 1440 melropolitanus
510 1408 697 1441 constituitur,
710 1409 792 1437 vicini
809 1410 891 1438 etiam

107 1450 226 1484 episcopi
238 1451 398 1478 accersendi
414 1457 488 1480 sunt.

141 1496 168 1523 6.
184 1496 210 1523 lu
227 1504 308 1531 parva
330 1498 396 1525 urbe
411 1502 439 1525 et
458 1506 538 1533 pago,
561 1500 604 1527 cui
631 1508 701 1527 unus
720 1501 817 1528 sullicit
831 1509 893 1536 pre-

937 239 1117 271 ταὸιΰασθεὶς
1135 239 1270 270 ἀναίτιος,
1287 238 1356 267 luto
1372 239 1534 270 ὲπίπκοπος.

972 327 1024 354 λα’.
1046 328 1168 355 Εῖθισται
1183 329 1239 360 τοῖς
1255 328 1428 362 Αἰγυπτίοις,
1448 329 1472 355 εἰ
1492 328 1530 363 μὴ
1551 329 1731 364 ἀρχιεπίσκο-

937 381 988 405 πος
1005 373 1160 408 ἐπιτρέποι,
1183 375 1220 409 μὴ
1238 374 1367 409 γράφειν.
1383 374 1678 410 Ἐντεῠθενᾶμεμπτοι
1693 377 1731 411 μὴ

937 419 1157 454 ἐπιγεγραφότες
1174 420 1207 454 τῇ
1227 419 1355 455 ἐπιστολῇ
1381 418 1430 446 τοῦ
1444 419 1520 445 ὁσίου
1539 419 1664 453 Λέοντος,
1679 421 1732 453 ἕως

937 464 1154 499 ἁρχιεπίσκοπος
1167 464 1292 498 γένηται.

1201 517 1262 546 Τῶν
1277 519 1313 546 ἐν
1328 518 1471 553 Σαρδικῇ.

973 576 1008 605 α’.
1034 575 1260 611 Ἀνεξερεύνητος
1294 577 1444 608 ἐπίσκοπος
1472 576 1504 602 ἐκ
1535 577 1657 611 μείζονος
1685 577 1732 603 ἐπὶ

940 623 1034 659 μείονα
1045 623 1140 650 πόλιν·
1157 624 1171 649 ό
1185 623 1275 648 τοίνυν
1288 624 1320 649 ἐκ
1337 623 1471 657 ταπεινῆς
1494 623 1537 658 ἐφ’
1562 623 1732 658 ὑψηλοτέραν

940 669 1116 705 μεταπηδῶν,
1133 669 1172 701 ὡς
1185 668 1293 701 ἀλαζὼν
1306 669 1352 695 καὶ
1376 669 1544 704 πλεονέκτης
1576 669 1731 696 ὑποὸλεπέ-

940 724 1030 751 μενος,
1051 715 1095 742 διὰ
1112 715 1171 750 βίου
1194 714 1294 746 παντὸς
1306 714 1501 750 ἀκοινώνητος.

975 802 1008 839 β’.
1031 803 1197 830 Ἐπισκόπου
1217 803 1256 835 είς
1275 803 1351 829 πόλιν
1367 802 1483 838 ἄκλητος
1507 804 1545 839 μὴ
1568 803 1731 829 διαϐαινέτω

939 849 1089 880 ἐπίσκοπος
1106 857 1113 864 ·
1135 849 1183 874 καὶ
1203 850 1217 875 ὁ
1236 847 1410 883 ὲπαρχιὼτης
1428 849 1452 874 εἰ
1471 848 1516 874 ὲπί
1535 857 1561 874 τι
1583 849 1730 881 δικάζοιτο,

940 895 1098 930 ἀλλοτρίους
1112 894 1278 925 ἐπισκόπους
1290 895 1340 920 οὐκ
1357 894 1546 928 ὲκκαλέσεται,
1561 895 1576 930 ἧ
1593 897 1667 930 παρᾶ
1682 895 1730 921 τοῦ

945 941 1066 975 Ῥώμης,
1086 941 1110 966 εἰ
1127 940 1263 975 ἐπικρίνοι
1269 961 1276 966 .

975 991 1011 1021 γ’.
1037 988 1202 1013 Ἐπισκόπου
1219 987 1444 1022 καθαιρεθέντος,
1460 988 1508 1014 καὶ
1522 987 1732 1022 διαϐεβαιουμέ-

941 1043 986 1061 νου
1007 1034 1102 1070 φέρειν
1126 1034 1285 1068 ἀπολογίαν,
1304 1035 1328 1061 εἰ
1354 1035 1420 1070 μὴὸ
1443 1035 1553 1069 Ῥώμης
1578 1035 1677 1071 ὁρίζω,
1700 1036 1730 1061 οὐ

940 1080 1102 1114 καθίδρυται
1120 1080 1224 1114 ἕτερος.
1244 1081 1430 1116 Διασκοπήσει
1452 1081 1505 1117 γὰρ
1526 1081 1575 1116 τὴν
1602 1081 1734 1116 καθαίρε-

941 1127 1011 1161 σινῆ
1026 1127 1196 1158 ἀποστόλοις,
1213 1127 1228 1162 ἢ
1241 1127 1414 1162 γράμμασιν.

977 1171 1008 1199 δ’.
1038 1173 1068 1199 Εἰ
1092 1173 1146 1199 τῶν
1174 1173 1277 1199 λαῖκῶν
1302 1172 1507 1211 ἐπιζητούντων
1527 1174 1688 1205 ἐπίσκοπον,
1706 1175 1731 1202 οι

941 1217 1086 1245 ἐπίσκοποι
1108 1219 1350 1254 παρουσιάζουσιν,
1368 1216 1409 1250 εἷς
1423 1219 1451 1246 δέ
1466 1229 1508 1251 τις
1524 1220 1653 1253 ἐλλείποι,
1667 1229 1734 1256 προ·

941 1264 1078 1292 καλείσθω
1107 1266 1232 1296 κάκεῖνος
1260 1273 1267 1280 ·
1297 1266 1321 1291 εἰ
1348 1265 1377 1291 δὲ
1408 1266 1646 1301 προσκαλούμενος
1670 1266 1733 1293 οὒτε

941 1312 1071 1346 γράφειν,
1091 1310 1152 1338 οὗτε
1172 1312 1299 1346 ἐνδημεῖν
1317 1311 1452 1346 βούλοιτο,
1466 1313 1480 1338 ὁ
1495 1312 1660 1348 ζητούμενος
1674 1322 1732 1348 χει-

943 1357 1116 1392 ροτονείσθω.

977 1406 1009 1430 ε’.
1027 1403 1235 1438 Μητροπολίτου
1253 1404 1467 1440 καθισταμένου.
1483 1405 1530 1432 καὶ
1544 1406 1568 1432 οἱ
1580 1406 1734 1441 πλησιόχω-

943 1457 986 1484 ροι
1004 1449 1195 1483 μετάπεμπτοι
1212 1448 1328 1476 ἔσοιντο.

979 1479 1016 1527 ς’..
1034 1495 1081 1527 Εἰς
1097 1479 1190 1531 ὀλίγην
1206 1495 1293 1528 πόλιν,
1309 1495 1357 1522 καὶ
1374 1479 1481 1531 κώμην,
1538 1497 1585 1524 καὶ
1607 1495 1647 1529 εἷς
1667 1483 1735 1524 αντ-

105 1543 209 1578 αὺγιειι,
225 1543 368 1577 episcopus
385 1551 439 1570 non
453 1545 628 1572 constituitur
644 1554 651 1572 :
672 1546 695 1573 si
711 1553 776 1573 vero
791 1547 889 1581 populo

962 1550 1031 1576 ρκης
1055 1541 1255 1576 πρεσϐύτερος,
1277 1542 1427 1573 ἐπίσκοπος
1461 1543 1492 1570 οὐ
1513 1543 1690 1571 καθίσταται·
1710 1544 1735 1570 εἰ

105 1587 324 1623 frequentissima
340 1590 376 1616 sil
393 1589 468 1622 urbs,
485 1597 539 1617 non
554 1591 663 1626 indigna
684 1597 727 1619 est
747 1593 888 1628 episcopo.

143 1645 169 1672 7.
189 1645 217 1672 Si
229 1645 356 1680 pupillus,
371 1651 398 1673 et
416 1647 508 1680 vidua,
525 1653 552 1674 et
574 1648 620 1682 qui
644 1653 733 1677 tutore
751 1647 839 1680 caret.
867 1649 893 1677 vi

107 1691 310 1725 opprimantur,
338 1691 372 1719 iis
397 1693 537 1727 suppetias
561 1692 632 1720 feret
656 1694 814 1729 episcopus.
842 1696 893 1723 Ve-

107 1741 259 1764 rumtamen
276 1745 310 1764 ne
324 1737 459 1772 ejusmodi
477 1743 609 1773 prtetextu
625 1740 651 1767 in
663 1741 793 1768 comitatu
820 1744 894 1777 regio

109 1787 243 1814 versetur,
259 1783 325 1817 quin
340 1784 430 1818 potius
445 1785 575 1812 diaconus
590 1786 724 1814 mittatur.

145 1828 172 1855 8.
188 1827 223 1855 lis
240 1829 286 1862 qui
300 1830 333 1856 ad
347 1829 497 1857 Ecclesiam
512 1830 674 1866 confugiunt.
692 1833 756 1861 totis
787 1834 894 1862 viribus

109 1873 335 1900 succurrendum.

145 1917 171 1944 9.
185 1917 213 1944 Si
234 1917 318 1945 frater
339 1918 373 1945 ad
405 1918 516 1946 fratrem
543 1921 644 1952 mittat,
672 1923 896 1957 metropolitanus

111 1963 235 1990 nuntium
254 1963 354 1990 litteris
375 1965 432 1991 suis
458 1966 572 1997 muniat,
603 1968 759 2003 scribalque
781 1970 814 1996 ad
838 1978 896 2004 eos,

109 2017 178 2043 quos
192 2011 336 2044 episcopus
352 2016 428 2046 rogat
444 2016 472 2038 ut
485 2013 609 2040 nuntium
623 2019 774 2050 protegant.

147 2097 341 2131 ll).l~‘orensis,
364 2098 556 2130 scholasticus.
587 2106 634 2128 aut
663 2103 738 2131 dives
768 2104 820 2132 nisi
850 2113 898 2140 per

111 2151 204 2171 sacros
220 2144 329 2172 ordines
353 2146 499 2180 transierit,
529 2155 582 2174 non
611 2154 718 2176 creatur
741 2151 895 2186 episcopus.

943 1588 972 1614 δὲ
988 1587 1258 1624 πολυανθρωποτάτη
1272 1589 1385 1623 γένηται
1400 1588 1491 1622 πόλις,
1502 1589 1553 1616 οὐκ
1568 1590 1688 1623 ἀνάξιον.

981 1638 1013 1670 ζ’.
1030 1638 1176 1674 Ὀρφανοῠ,
1193 1638 1241 1665 καὶ
1266 1639 1365 1674 χήρας,
1386 1640 1434 1666 καὶ
1450 1640 1623 1675 ἀπροστάτου
1643 1640 1734 1675 βιαζο-

947 1685 1045 1720 μένων,
1062 1685 1100 1716 είς
1117 1685 1244 1720 βςήθειαν
1259 1686 1461 1720 κατατολμήσει
1478 1685 1630 1716 ἐπίσκοπος
1642 1694 1648 1700 ·
1665 1686 1734 1713 ἀλλὰ

945 1732 978 1766 τῇ
998 1730 1046 1766 lla.
1066 1731 1103 1765 μὴ
1128 1730 1172 1766 τῇ]
1198 1730 1310 1767 τοιαύτῃ
1333 1732 1471 1767 προφάσει
1495 1732 1631 1767 διατρίϐοι
1647 1733 1690 1764 εἰς
1704 1732 1735 1759 τὸ

947 1779 1139 1814 στρατόπεδον,
1160 1779 1228 1806 ἀλλὰ
1246 1780 1347 1814 μᾶλλον
1359 1780 1484 1812 διάκονος
1500 1780 1646 1807 στέλλοιτο.

981 1828 1016 1859 η’.
1032 1825 1095 1856 Τοῖς
1111 1825 1157 1851 ἐπὶ
1173 1825 1221 1861 τὴν
1245 1825 1411 1861 Ἐκκλησίαν
1434 1827 1638 1862 προσφεύγουσι
1654 1827 1735 1854 παντὶ

948 1870 1036 1897 σθένει
1056 1870 1214 1905 βοηθητέον.

982 1916 1015 1943 θ’.
1034 1916 1162 1951 Ἀδελφοῦ
1183 1917 1252 1952 πρὸς
1273 1918 1389 1952 ἀδελφὺν
1404 1918 1627 1951 ἀποστέλλοντος,
1642 1920 1656 1945 ὁ
1685 1929 1737 1955 μη-

946 1962 1111 1997 τροπολίτης
1135 1963 1181 1989 τὸν
1199 1963 1348 1990 ἀπόστολον
1374 1964 1499 1999 ίσχυέτω,
1525 1965 1574 1991 καὶ
1603 1965 1737 2001 γραφέτω

948 2009 1017 2044 πρὸς
1038 2009 1112 2041 τοὺς,
1136 2009 1165 2035 ὲν
1184 2007 1228 2041 οἷς
1249 2010 1266 2045 ἡ
1294 2009 1407 2041 ἀξίωσις
1432 2010 1478 2037 τοῦ
1495 2011 1660 2043 ἐπισκόπου,
1676 2011 1736 2039 »τοῦ

948 2055 1099 2083 ἀποστόλου
1114 2056 1161 2082 ἀντ
1166 2056 1207 2083 ιλοι
1211 2056 1296 2091 μὸάνε
1301 2058 1372 2084 σθαι.

985 2101 1012 2128 ι’.
1042 2102 1198 2137 Ἀγοραῖος,
1230 2102 1420 2137 σχολαστικὸς,
1449 2103 1465 2138 ἢ
1496 2103 1633 2136 πλούσιος,
1655 2104 1738 2139 εἰμὴ

949 2148 1013 2179 τοὺς
1027 2147 1117 2183 ἱεροὺς
1130 2148 1231 2174 διέλθοι
1248 2147 1382 2183 βαθμοὺς,
1400 2149 1550 2180 ἐπίσκοπος
1562 2150 1592 2175 οὺ
1608 2149 1738 2176 καθίστα-

111 2190 248 2220 Graduum
263 2196 352 2218 autem
371 2192 547 2220 interstititun
574 2201 609 2221 ne
639 2195 719 2223 nimis
743 2197 825 2224 breve
850 2199 892 2231 sitl

958 2203 1004 2221 tau.
1017 2194 1054 2220 Τὸ
1066 2194 1094 2220 δὲ
1108 2194 1163 2221 τῶν
1176 2194 1289 2229 βαθμῶν
1300 2194 1452 2229 διάστημα,
1468 2195 1498 2220 οὑ
1511 2195 1570 2221 λίαν
1579 2195 1718 2229 ὀλιγοστόν
1728 2202 1737 2210 ·

111 2243 164 2270 quo
179 2236 265 2270 major
280 2236 344 2264 ﬁdei
370 2245 531 2274 morumque
547 2241 691 2275 probitatis
719 2243 777 2277 ejus
802 2244 899 2278 proba-

113 2282 150 2309 tio
174 2282 267 2309 baberi
294 2283 391 2317 possit.
417 2283 468 2317 Qui
499 2286 572 2313 enim
604 2287 684 2315 aliter
708 2289 897 2322 constituitur,

113 2329 264 2362 ncopbytus
283 2335 337 2356 est.

148 2374 191 2401 Η.
205 2373 354 2410 Episcopus
367 2376 400 2402 ab
416 2377 541 2412 episcopo
561 2379 722 2413 accersitus,
753 2381 775 2407 si
803 2380 826 2407 is
853 2382 900 2417 qui

113 2421 228 2448 accersit
240 2422 380 2457 imperitus
394 2424 439 2456 sit,
458 2433 490 2451 ne
517 2425 599 2452 nimis
627 2427 737 2454 assiduo
751 2428 899 2455 concione-

114 2472 180 2494 tur:
216 2468 267 2495 ltoc
299 2468 371 2496 enim
397 2469 524 2504 imperito
548 2472 601 2499 erit
630 2472 768 2504 dedecori,
801 2474 900 2508 illeque

114 2513 300 2548 episcopatum
318 2515 421 2543 ambire
437 2515 583 2550 videbitur,
618 2524 648 2544 ac
669 2523 784 2553 utraque
806 2527 900 2555 repre-

115 2559 265 2587 bendenda.

151 2604 194 2632 12.
208 2605 272 2632 Sine
287 2607 361 2641 gravi
378 2608 544 2636 necessitate
559 2608 713 2636 diutissime
744 2611 901 2646 episcopum

115 2657 130 2676 ο
147 2658 194 2676 sua
208 2651 306 2678 abesse
321 2652 440 2680 Ecclesia
453 2661 535 2687 grave
549 2658 601 2680 est.

108 2765 113 2769 _
153 2740 196 2767 15,
214 2740 363 2776 Episcopus
393 2743 437 2777 qui
463 2744 649 2778 possessiones
677 2748 754 2771 extra
776 2746 902 2773 dxtecesrs

116 2794 172 2813 sua:
200 2786 300 2814 limites
329 2787 422 2820 habet,
451 2789 474 2815 si
496 2798 543 2816 eas
570 2790 706 2817 invisurus
728 2790 773 2823 sit,
794 2799 826 2818 ne
843 2796 898 2819 trcs

117 2833 232 2868 amplius
248 2833 400 2862 Dotniuicas
414 2841 545 2863 moretur.
562 2835 607 2864 Sit:
622 2836 693 2864 enim
725 2837 807 2872 ipsius
836 2846 900 2872 grex

949 2235 1025 2266 διὀὗ
1041 2240 1072 2265 τδ
1086 2239 1209 2274 δοκίμιον
1232 2240 1282 2274 τῆς
1305 2240 1434 2270 πίστεως,
1460 2241 1507 2266 καὶ
1531 2241 1738 2274 καλοκάγαθίας

951 2284 1033 2311 αὐτοῦ
1053 2284 1241 2320 δοκιμάζοιτο.
1258 2285 1289 2312 '0
1304 2285 1357 2320 γὰρ
1375 2285 1488 2320 ἑτέρως,
1504 2287 1643 2321 νεόφυτος.

988 2380 1032 2404 ια’.
1050 2377 1079 2403 Ὀ
1094 2376 1333 2412 προσκαλούμενος
1346 2377 1495 2404 ἐπίσκοπον
1508 2377 1562 2414 [Em
1578 2378 1737 2415 ἐπίσκοπος]

951 2424 981 2456 ἐξ
996 2423 1156 2455 ἐπισκόπου,
1175 2422 1221 2448 τοῦ
1238 2423 1479 2458 προσ-καλουμένου
1507 2424 1612 2450 ἰδιώτου
1636 2425 1738 2460 τυγχά-

951 2479 1053 2500 νοντος,
1071 2469 1108 2505 μὴ
1132 2471 1328 2504 συνεχέστερον
1353 2470 1536 2506 δημηγοροίη.
1560 2470 1664 2506 Μῶμος
1684 2472 1739 2507 γὰρ

951 2517 1041 2549 τοῦτο,
1065 2516 1113 2543 τοῦ
1135 2516 1252 2548 ἰδιώτου,
1284 2516 1332 2543 καὶ
1359 2517 1493 2551 μνηστεία
1516 2517 1568 2552 τῆς
1583 2517 1740 2552 ἐπισκοπῆς

953 2563 1062 2598 ἐκείνῳ·
1079 2562 1126 2589 καὶ
1141 2562 1284 2596 ἀμφότερα
1301 2562 1351 2588 οὐκ
1367 2562 1518 2598 ἀμώμητοι.

990 2607 1034 2643 ιβ’.
1057 2608 1193 2642 Ἀνάγκης
1226 2607 1287 2642 δίχα
1318 2607 1444 2643 βαρείας,
1474 2609 1606 2644 δυσχερὲς
1636 2609 1665 2635 τὸ
1695 2610 1741 2635 ἐπὶ

954 2654 1079 2680 πλεῖστον
1109 2653 1155 2679 τὸν
1182 2653 1331 2680 ἐπίσκοπον
1363 2654 1413 2688 τῆς
1444 2655 1547 2686 οἰκείας
1578 2655 1741 2690 Ἐκκλησίας

953 2698 1205 2734 ἀπολιμπάνεσθαι.

990 2748 1035 2778 ιγ’.
1061 2745 1227 2777 Ἐπίσκοπος
1244 2746 1358 2781 κτήσεις
1385 2746 1553 2780 κεκτημένος
1568 2745 1742 2780 ὑπερορίους,

955 2793 978 2818 εἰ
994 2792 1086 2826 μέλλοι
1101 2792 1216 2823 ταύταις
1227 2793 1305 2825 ἱέναι,
1324 2791 1473 2827 χρονιζέτω
1487 2792 1524 2826 μὴ
1543 2792 1624 2818 πλέον
1641 2793 1745 2826 Κυρια-

956 2838 1011 2864 κῶν
1035 2837 1119 2872 τριῶν
1137 2837 1340 2873 διαστήματοςυ
1354 2837 1425 2864 οὕτω
1444 2838 1498 2873 γὰρ
1516 2838 1532 2872 ὴ
1555 2837 1642 2864 οἰκεία
1662 2839 1740 2864 αὑτὸν
