1929 3076
215 154 252 184 ua
416 153 434 170 ο

834 160 1015 191 SYNOPSIS
1034 162 1231 194 CANONUM.
1811 167 1847 199 94

215 215 320 251 ποίμνη
348 217 582 253 καταπλουτήσει,
604 217 651 245 καὶ
679 218 759 251 αὐτὸς
784 219 886 254 ἄτυφος
913 221 1002 256 διαμέ-

1076 229 1091 249 ο
1108 223 1222 254 fruetur,
1236 223 1346 258 ipseque
1360 223 1446 252 fastus
1460 224 1614 255 suspicione
1629 225 1745 254 carebit.

216 270 300 289 νοιτο.

254 308 295 335 ιδ’.
315 308 345 336 '0
358 309 405 336 τιν
430 309 613 346 ἀκοινώνητον
632 310 744 338 ἄλλοθεν
761 312 906 344 κοινωνίας
923 312 1006 345 ἀξιῶν

218 354 289 388 μετὰ
302 355 415 388 γνῶσιν,
430 355 480 382 οὐκ
497 356 657 389 ἀνεύθυνος.

254 403 296 427 ιε’.
321 400 350 427 '0
365 401 432 437 παρ’
451 401 580 437 οξυχόλυυ
598 403 767 440 κατάκριτος
782 405 941 440 ἐπικουρίας
952 405 1007 431 δεό-

218 456 300 481 μενος
313 448 363 474 οὐκ
376 448 545 481 ἀνάκουστος
556 456 563 464 ·
582 449 647 485 ἄχρι
664 450 692 477 δέ
712 451 763 487 τῆς
784 452 943 486 ἐπικουρίας
957 451 1006 486 δη-

215 493 284 528 λαδὴ
299 493 492 529 ἀκοινώνητος.

254 543 302 571 ις’.
318 539 372 567 Τὸν
385 540 526 575 ἀλλότριον
548 541 701 577 ὑπηρέτην,
717 543 857 578 ἀλλότριος
873 543 935 578 δίχα
956 544 1005 576 τῆς

215 584 323 610 ἐκείνου
350 585 464 620 γνώμης
491 585 634 622 ἐμϐαθμον
660 588 803 622 καθιστὰς,
833 588 1003 624 καθίστησιν,

215 629 274 663 ἀλλ’
291 629 431 657 ἀϐέϐαιον.

253 685 295 719 ιζ’.
310 687 343 713 Οἱ
360 687 407 714 ἐπὶ
420 687 470 722 τῆς
497 687 552 714 τῶν
569 689 729 717 ἐπισκόπων
746 691 915 726 βραδύτητας
934 692 1004 727 ὅροι,

216 734 264 763 καὶ
284 735 332 759 ἐπὶ
355 734 550 769 πρεσϐυτέρων
585 736 631 762 καὶ
651 737 782 764 διακόνων
805 737 898 772 ἔχουσι
924 739 1004 764 δύνα-

218 787 275 812 μιν.

252 834 298 870 ιη’.
328 836 442 868 ’Λδίκως
466 838 616 870 ἐπίσκοπος
639 839 830 875 ἐλαυνόμενος,
851 841 876 866 εί
897 842 944 868 ἐπὶ
970 843 1002 877 τῇ

1094 314 1135 342 Η.
1152 313 1202 347 Qui
1221 314 1485 341 excommunicatum
1513 313 1546 341 ab
1572 314 1627 341 alio
1651 315 1841 343 communione

1056 359 1194 393 dignatur,
1210 366 1239 385 re
1252 359 1372 393 cognita,
1385 367 1437 386 non
1453 364 1494 386 est
1507 360 1610 386 insons.

1094 405 1137 431 15.
1154 404 1194 430 Ab
1209 404 1341 431 iracundo
1367 405 1563 433 condemnatus
1586 405 1607 433 si
1631 405 1733 432 auxilio
1767 406 1838 435 iudi-

1055 455 1128 485 geat.
1145 449 1296 477 audiendus
1310 455 1360 477 est.
1375 450 1520 485 Quousque
1551 458 1616 477 vero
1632 451 1763 478 auxilium
1790 451 1841 478 im-

1057 496 1215 530 petraverit,
1233 495 1485 522 excomnmnicalus
1499 500 1618 522 maneat.

1093 541 1137 568 l6.
1154 542 1276 568 Alienum
1293 541 1446 568 ministrum
1463 541 1486 569 si
1502 541 1562 575 quis
1584 542 1651 568 citra
1675 542 1747 570 illius
1774 542 1836 577 Epi-

1056 589 1131 622 scopi
1158 596 1320 616 consensum
1345 588 1370 615 in
1393 589 1483 623 aliquo
1498 589 1581 624 gradu
1600 590 1756 622 constituat,
1780 597 1844 618 con-

1056 634 1144 661 stituit
1173 635 1293 669 quidem,
1318 635 1365 662 sed
1388 634 1522 662 ordinatio
1546 634 1661 662 invalida
1679 639 1730 662 est.

1091 692 1135 719 l7.
1147 691 1184 718 Ea
1200 699 1258 726 quae
1275 693 1308 718 de
1321 691 1433 726 longiori
1454 692 1641 726 episcoporum
1672 698 1746 718 mora
1773 690 1841 718 dcli-

1056 737 1111 764 uila
1130 742 1202 770 sunt,
1215 737 1241 764 in
1259 738 1422 773 presbyteris
1439 744 1547 771 quoque
1569 742 1596 764 et
1627 737 1750 764 diaconis
1786 737 1839 763 vim

1056 784 1168 813 habent.

1091 838 1136 866 18.
1152 838 1411 873 Episcopusinjuste
1423 838 1552 873 expulsus
1566 838 1588 866 si
1625 838 1650 865 in
1675 839 1762 865 aliena
1790 838 1840 865 Ec-

215 882 345 917 ἀλλοτρίᾳ
367 883 466 917 διάγοι,
484 885 603 918 δεκτέος,
623 885 675 916 ἕως
697 886 746 921 τὴν
770 887 848 922 ὕϐριν
863 888 1002 914 ἐπανασώ-

1073 884 1138 912 lesia
1161 885 1250 919 degat,
1281 884 1469 918 suscipiendus
1498 889 1550 915 est,
1574 885 1659 911 donec
1685 885 1839 919 propulsala

216 937 300 956 σω.το-

254 988 298 1017 (θ’.
315 990 447 1021 Ἀδεκτος
461 990 475 1016 ὁ
487 989 619 1025 κληρικδς
630 990 643 1016 ὁ
664 990 701 1024 μὴ
717 988 803 1016 τελῶν
817 990 856 1021 εἰς
873 989 922 1025 τὴν
941 990 1004 1017 Ἐκ-

216 1035 342 1069 χλησίαν,
359 1036 387 1062 ἐν
404 1033 420 1072 ᾖ
437 1035 622 1070 κεκλήρωται.
646 1035 813 1070 Εὑτυχιανὸς
833 1035 926 1070 μέντοι
956 1036 1004 1062 καὶ

214 1080 355 1115 Μουσαῖος
374 1079 527 1106 ἐπισκόπου
548 1080 645 1115 κλῆσιν
666 1080 716 1107 οῦκ
734 1080 910 1115 ἐκδικήσουσι
923 1089 931 1096 ·
946 1090 1005 1107 κοι-

213 1126 314 1157 νωνίας
328 1126 420 1161 μέντοι
432 1125 503 1152 κατὰ
517 1126 579 1158 τοὺς
593 1126 717 1159 λαῖκοὺς,
735 1127 782 1153 ἐὰν
799 1126 924 1160 θέλωσιν,
940 1128 1002 1154 ἐπι-

214 1170 369 1203 τεύξονται.

250 1225 286 1264 κ’.
304 1226 337 1253 '0
350 1226 384 1253 τὰ
397 1226 498 1259 καλῶς,
514 1228 560 1255 καὶ
576 1227 730 1263 θεαρὲστως
742 1229 911 1266 ἐνηνεγμὲνα
925 1229 1002 1264 τύφῳ

214 1273 425 1308 παραπλεῦσαι
442 1274 622 1308 πειρώμενος.
641 1275 691 1302 οὐκ
702 1275 864 1307 ἐπίσκοπος.

252 1365 307 1389 κα’.
323 1361 495 1397 Τεθεαμενος
515 1362 665 1394 ἐπίσκοπος
687 1363 837 1390 ἐπίσκοπον
856 1364 1004 1399 ἐρχόμενον

215 1409 245 1435 ἐν
263 1408 448 1444 στρατοπέδῳ,
467 1408 594 1443 ἐμποδὼν
611 1409 649 1445 μὴ
665 1409 794 1443 γινέσθω,
809 1410 832 1436 εἰ
844 1410 921 1445 γνοίη
935 1411 1004 1437 κατά

214 1463 242 1480 τι
257 1454 312 1480 τῶν
323 1455 530 1489 προειρημένων
543 1455 690 1490 ἐρχόμενον
700 1463 707 1471 ι
722 1455 745 1481 εἰ
755 1455 777 1481 δ’
790 1455 888 1488 ἄλλως,
901 1465 1006 1492 προαγ-

215 1500 338 1533 γελλέτω
349 1501 378 1527 τὸ
390 1500 583 1536 ἀκοινώνητον.

458 1589 592 1616 Συνόδου
609 1590 756 1624 Ἀφρικῆς.

251 1637 284 1662 α’.
304 1635 334 1662 ὀ
350 1636 400 1670 τῆς
419 1634 522 1666 οἰκείας
537 1636 696 1671 ὁμολογίας,
712 1636 728 1672 ἢ
746 1637 911 1673 ὑπογραφῆς
925 1638 1004 1664 ἐναν-

213 1681 282 1712 τίος,
298 1678 406 1707 οἴκοθεν
424 1681 480 1713 ἔξει
497 1680 527 1707 τδ
540 1680 648 1715 ἄτιμον.

252 1725 286 1761 βι.
305 1726 335 1754 '0
352 1727 441 1761 ἱερεὺς
470 1728 617 1764 κουράτωρ
629 1730 660 1756 οὐ
677 1730 794 1764 γίνεται.

251 1775 286 1807 γ’.
307 1772 336 1799 '0
349 1773 444 1807 Ενηϐος
459 1774 638 1810 ἀναγνώστης
656 1776 671 1810 ἢ
690 1777 865 1811 ἐγκράτειαν,
887 1775 903 1812 ἤ
922 1776 1004 1808 συζυ-

214 1820 279 1854 γίαν
291 1820 474 1855 ὸμαλογείτω.

251 1864 282 1891 δ’.
303 1866 332 1891 '0
347 1865 400 1900 πρὸ
412 1865 468 1892 τῶν
481 1869 505 1892 κ’
529 1867 577 1894 καὶ
593 1866 676 1893 πέντε
690 1867 796 1904 χρόνων
818 1868 952 1900 διάκονος,
972 1868 1003 1894 οὑ

213 1909 349 1942 διάκονος.

251 1960 283 1985 ε’.
300 1956 346 1992 Τῷ
367 1957 414 1992 τοῦ
435 1958 647 1994 τελευτήσαντος
664 1958 770 1995 σώματι
787 1960 957 1995 Εὖχαριστία
972 1960 1003 1986 οὐ

212 2003 332 2030 δίδοταμ
349 2004 378 2030 οὗ
392 2003 447 2040 γὰρ
458 2005 542 2031 ἐσθίει
558 2005 574 2041 ἢ
591 2005 677 2037 πίνει.

253 2048 292 2082 ς’.
311 2051 343 2077 Οί
363 2046 474 2086 τὰνίερὰ
500 2052 697 2089 χειριζόμενοι,
714 2053 763 2080 καὶ
782 2053 837 2079 ἀπὸ
857 2053 910 2079 τῶν
934 2061 1004 2088 συμ-

217 2093 296 2132 ϐἰων,
312 2096 383 2131 κατὰ
396 2092 460 2132 eoi};
475 2097 557 2132 ίδίιιυς
575 2098 665 2133 ὄρους,
679 2099 949 2136 ἐγκρατευέσθωσαν.

253 2142 287 2174 ζ’.
307 2143 417 2177 Ἄρως,
433 2143 480 2170 καὶ
493 2141 564 2176 οἶνος
578 2143 655 2171 ὕδατι
675 2137 847 2180 κεκραμένος
869 2144 1004 2181 προσαγέ-

215 2187 285 2219 σθω,
301 2188 348 2214 καὶ
364 2188 455 2223 μόνον.

250 2236 285 2267 η’.
305 2233 336 2259 Et
353 2234 391 2270 μὴ
405 2234 459 2261 ἀπὸ
471 2235 609 2270 νηστικῶν
627 2235 693 2270 ἆγια
701 2235 733 2262 οὐ
750 2235 929 2271 προσάγεται.

251 2278 284 2306 θ’.
303 2279 411 2315 Θέατρα
436 2280 591 2316 Κυριακαϊς
618 2281 665 2308 καὶ
702 2282 811 2317 ἑορταῖς
835 2281 865 2308 οὗ
891 2281 1004 2316 συνάγει

212 2334 269 2352 ται.

252 2374 279 2397 ι’.
293 2371 334 2397 Τὰ
349 2372 381 2398 ἐκ
395 2371 445 2406 τῆς
461 2372 572 2408 ἐθνιχῆς
590 2372 686 2406 ἐθάδος
703 2373 853 2410 τελούμενα
872 2373 913 2402 ἐτι
933 2383 1004 2411 συμ-

213 2417 298 2443 πόσια
313 2418 576 2455 περιαιρείσθωσαν,

250 2461 295 2490 ια’.
309 2463 496 2500 Θυσιαστῆρια
511 2466 540 2491 ἐν
555 2465 650 2506 ἀγροῖς
666 2466 681 2504 ἢ
703 2466 848 2502 ἀμπελῶσι
878 2468 1005 2494 συνιστά-

215 2517 295 2544 μενα,
312 2511 341 2536 ἐν
372 2507 412 2541 οἷς
426 2510 456 2537 οὑ
472 2511 598 2545 λείψανον
619 2515 708 2540 κεῖται
734 2513 886 2549 μάρτυρος,
915 2515 939 2549 εἰ
967 2515 1003 2550 μὴ

213 2553 343 2589 δημόσιος
360 2555 476 2591 θόρυϐος
492 2557 609 2591 γίνεται,
628 2559 867 2594 καταστρέφεται·
888 2561 935 2587 καὶ
954 2561 1003 2588 ὅσα

213 2597 248 2625 δι’
263 2599 410 2632 ἐνυπνίων,
424 2601 472 2626 καὶ
483 2601 683 2636 ἀποκαλύψεων
695 2603 852 2639 συνίσταται
867 2603 1001 2637 ματαίων,

213 2644 354 2672 ἀσύστατα
368 2645 459 2680 ξόανα,
475 2646 549 2683 ᾇπαν
566 2648 614 2674 καὶ
629 2648 756 2676 εἴδωλον.

248 2732 294 2769 ιβ’.
313 2734 345 2761 Ol
360 2735 539 2770 γεννηθέντες
555 2735 692 2772 εὐσεϐείᾳ,
714 2736 761 2775 και
783 2737 874 2763 πίστει
892 2737 1002 2772 διατρα-

212 2779 310 2814 φέντες
339 2779 467 2815 βασιλεῖς,
488 2783 568 2816 χεῖρα
589 2783 720 2817 παρέχειν
743 2784 804 2814 ταῖς
823 2783 1002 2816 Ἐκκλησίαις

212 2825 366 2860 ὀφείλουσιν
376 2834 383 2841 ⁸
403 2827 464 2852 ἐπεὶ
474 2827 521 2854 καὶ
541 2827 648 2855 Παύλου
661 2828 801 2863 δεομένου,
819 2828 1002 2864 στρατιωτικὴ

212 2871 275 2908 χεὶρ
294 2871 344 2907 τὴν
360 2871 413 2898 τῶν
429 2872 555 2901 ἀτάκτων
569 2874 675 2900 διέλυσε
695 2874 860 2912 σύμπνοιαν.

1059 930 1159 966 injuria
1174 931 1290 965 pristino
1306 931 1389 958 slalui
1408 931 1552 957 restitutus
1566 930 1611 957 sit.

1093 989 1137 1016 l9.
1150 988 1270 1016 Clericus
1289 996 1339 1015 non
1358 989 1459 1022 degens
1474 988 1501 1015 in
1519 988 1639 1015 Ecclesia
1661 988 1688 1015 in
1716 995 1770 1022 qua
1796 995 1842 1014 or-

1056 1037 1164 1064 dinatus
1177 1040 1228 1068 est,
1245 1043 1297 1062 non
1314 1039 1355 1062 est
1379 1034 1563 1068 recipiendus.
1596 1034 1779 1069 Eutycliianus
1802 1039 1841 1059 ta-

1057 1091 1116 1110 mcn
1139 1087 1166 1109 et
1186 1082 1301 1108 Musaeus
1321 1081 1439 1115 episcopi
1469 1079 1675 1114 appellationem
1705 1087 1757 1106 non
1788 1079 1840 1107 sibi

1056 1127 1259 1154 vindicabunt:
1284 1126 1502 1153 communionem
1527 1129 1593 1152 vc'ro
1619 1131 1680 1152 cum
1706 1124 1793 1155 laicis,
1817 1124 1842 1151 si

1055 1173 1202 1205 voluerint,
1219 1177 1432 1206 consequentur.

1091 1231 1137 1259 20.
1154 1230 1283 1264 Quisquis
1308 1238 1339 1257 ea
1370 1237 1429 1263 qua-
1448 1234 1521 1256 recte
1546 1233 1572 1254 et
1593 1235 1626 1255 ex
1649 1227 1742 1254 dmno
1771 1234 1840 1261 prae-

1055 1278 1157 1311 scripto
1170 1276 1240 1304 edita
1265 1279 1328 1302 sunt
1342 1283 1389 1309 per
1410 1275 1591 1309 arrogantiam
1607 1272 1771 1300 labelactare
1792 1280 1838 1300 co-

1056 1328 1145 1353 natur,
1163 1329 1216 1349 non
1232 1328 1271 1348 est
1289 1321 1443 1355 episcopus.

1091 1367 1300 1401 2LEpiscopus
1317 1366 1339 1392 si
1375 1365 1471 1392 viderit
1498 1364 1654 1398 episropum
1686 1364 1720 1391 ad
1751 1363 1838 1390 aulam

1055 1413 1187 1450 principis
1202 1416 1321 1444 euntem,
1340 1419 1373 1438 ne
1387 1411 1422 1438 sit
1435 1412 1459 1438 ei
1479 1411 1682 1446 impedimento.
1705 1410 1839 1445 siquidem

1057 1460 1215 1496 cognoverit
1241 1466 1303 1485 eum
1332 1458 1366 1485 ob
1391 1458 1491 1492 aliquid
1515 1465 1607 1484 eorum
1633 1464 1693 1492 qua:
1714 1457 1840 1491 praedicta

1056 1512 1120 1534 sunt
1145 1505 1279 1541 proﬁcisci
1294 1526 1302 1538 ,
1324 1505 1346 1532 si
1360 1512 1448 1537 secus,
1473 1504 1782 1531 excommunicationem
1815 1502 1841 1530 ei

1018 1559 1040 1589 ο
1057 1553 1206 1581 denuntiet.

1313 1595 1413 1630 Synodi
1439 1595 1582 1630 Africanm.

1091 1646 1103 1672 l
1148 1644 1198 1677 Qui
1229 1643 1345 1677 propriae
1365 1641 1528 1668 confessioni
1564 1645 1610 1667 aut
1648 1639 1839 1674 subscriptioni

1055 1692 1227 1722 adversmur,
1245 1693 1351 1717 suomet
1366 1688 1469 1723 judicio
1482 1687 1628 1722 ignominia
1645 1686 1795 1714 notabitur.

1089 1738 1116 1764 2.
1130 1736 1264 1764 Sacerdos
1277 1743 1329 1762 non
1347 1734 1375 1761 [it
1388 1738 1508 1761 curator.

1090 1783 1117 1816 ὅτ
1137 1782 1235 1809 Lccwr
1253 1781 1337 1816 pubes
1363 1784 1409 1806 aut
1439 1778 1645 1811 continentiam,
1679 1781 1726 1804 aut
1746 1776 1841 1812 conju-

1055 1829 1127 1864 ginm
1140 1828 1310 1861 proﬁteatur.

1088 1872 1114 1899 ι.
1128 1871 1178 1903 Qui
1191 1871 1223 1897 ad
1238 1871 1412 1898 diaconatum
1429 1873 1492 1896 ante
1506 1867 1601 1902 viginti
1616 1867 1736 1903 quinque
1754 1875 1842 1895 annos

1054 1922 1197 1952 provectus
1215 1921 1266 1949 est,
1282 1924 1335 1944 non
1348 1921 1390 1944 est
1409 1916 1551 1943 diaconus.

1090 1961 1117 1991 5.
1135 1961 1257 1989 Defuncti
1275 1961 1383 1995 corpori
1402 1961 1572 1988 Eucharistia
1590 1968 1644 1987 non
1662 1961 1759 1988 datur:
1786 1967 1840 1987 non

1054 2009 1126 2035 enim
1143 2007 1260 2035 comedit
1270 2011 1316 2034 aut
1329 2007 1407 2034 bibit.

1089 2053 1116 2080 6.
1130 2052 1179 2085 Qui
1194 2060 1237 2080 res
1252 2059 1346 2079 sacras
1364 2055 1494 2084 tractant,
1509 2050 1543 2079 ab
1571 2050 1711 2082 uxoribus,
1741 2056 1841 2076 secun-

1055 2097 1118 2125 dum
1138 2101 1251 2128 statuta,
1272 2096 1435 2122 abstineant.

1090 2142 1117 2169 7.
1133 2141 1214 2169 Panis
1229 2145 1256 2169 et
1273 2142 1364 2168 vimun
1380 2131 1450 2175 aqua
1479 2139 1602 2172 mistum,
1617 2137 1747 2167 olferatur
1762 2138 1842 2173 idque

1055 2188 1154 2216 solum.

1018 2231 1041 2259 1)
1088 2233 1114 2260 8.
1128 2233 1226 2260 Sancta
1243 2232 1294 2260 nisi
1311 2232 1434 2266 aiejunis
1448 2239 1501 2258 non
1516 2230 1678 2258 oil'erunlul'.

1090 2279 1116 2306 9.
1133 2278 1250 2305 Theatra
1269 2278 1429 2310 Dominicis,
1446 2281 1495 2304 aut
1506 2276 1580 2304 festis
1594 2275 1689 2303 diebus
1705 2282 1759 2302 non
1786 2274 1841 2302 l're-

1055 2328 1232 2360 quentanlur.

1091 2371 1135 2399 l0.
1169 2371 1235 2404 Quae
1262 2378 1294 2399 ex
1317 2371 1409 2406 gentili
1440 2369 1636 2398 consuetudine
1660 2368 1748 2395 adhuc
1767 2365 1840 2394 cele-

1055 2417 1170 2444 brantur
1187 2417 1322 2448 convivia,
1339 2417 1480 2444 tollantur.

1091 2463 1134 2490 Η.
1152 2463 1255 2490 Altaria
1269 2471 1327 2497 quae
1346 2463 1372 2490 in
1401 2463 1475 2497 agris
1502 2466 1549 2489 aut
1580 2460 1666 2488 vineis
1697 2463 1836 2486 exstructa

1055 2514 1128 2542 sunt,
1155 2509 1180 2535 in
1206 2509 1305 2543 quibus
1326 2509 1456 2544 martyris
1490 2506 1605 2540 alicujus
1634 2505 1754 2539 reliquire
1783 2511 1837 2530 non

1055 2561 1119 2583 sunt
1134 2556 1269 2591 repositae,
1288 2556 1339 2582 nisi
1354 2555 1491 2590 popularis
1515 2552 1648 2580 tumultus
1674 2551 1731 2583 ﬂat,
1763 2557 1841 2577 evcr-

1055 2607 1167 2633 tuntur;
1195 2606 1222 2628 et
1249 2607 1417 2635 quaecunque
1449 2607 1496 2634 per
1531 2597 1665 2626 insomnia
1702 2602 1840 2629 vanosque

1055 2647 1235 2675 revelationes
1248 2651 1346 2674 erectae
1362 2649 1425 2672 sunt
1443 2648 1551 2676 statum,
1569 2650 1600 2671 ac
1631 2642 1769 2677 quodlibet
1799 2641 1837 2667 si-

1053 2693 1214 2724 mulacrum,
1229 2691 1374 2719 evertenda
1390 2696 1465 2718 sunt.

1090 2739 1133 2766 12.
1164 2738 1314 2772 Principes,
1342 2737 1387 2772 qui
1418 2737 1445 2764 iu
1470 2737 1571 2772 pietate
1595 2735 1692 2771 geniti,
1710 2739 1792 2768 atque
1810 2732 1836 2758 in

1053 2784 1104 2812 lide
1120 2784 1228 2811 educati
1241 2787 1315 2816 sunt,
1349 2790 1456 2810 manum
1482 2783 1602 2817 praebere
1633 2779 1764 2807 Ecclesiis
1792 2778 1839 2803 de-

1052 2831 1117 2857 bcnt
1138 2838 1144 2856 :
1168 2828 1398 2863 quandoquidem,
1426 2829 1564 2862 indigeme
1592 2826 1685 2858 Paulo,
1713 2822 1838 2850 militaria

1053 2882 1149 2903 manus
1165 2874 1341 2903 factiosorum
1353 2873 1584 2906 conspirationem
1598 2869 1752 2905 dissipavit.
