1930 3073
86 141 122 171 95
713 140 898 170 ARISTEN!
919 141 1094 171 MONACllI
1679 139 1715 171 95

121 195 164 221 13.
176 193 227 226 Qui
243 193 379 228 publicum
397 195 430 222 ab
443 194 608 229 imperatore
622 194 755 229 judicium
794 195 872 228 petit,
887 195 910 224 Α

85 249 137 267 nan
151 246 193 268 est
212 242 343 268 dicendus
356 241 508 276 cpiscopus.

120 287 163 312 Μ.
182 286 234 318 Qui
256 287 371 319 primum
390 293 530 321 parentem
548 288 708 315 dicitetiam
728 289 787 316 sine
810 296 873 322 pec-

85 337 144 358 cato
158 332 321 359 moriturum
332 331 418 360 fuisse
431 338 540 368 propter
554 339 657 362 natura:
669 335 872 369 necessitatem,

84 377 240 404 anathema.

121 423 165 450 15.
186 423 314 458 Quisquis
333 423 450 452 infantes
461 426 508 460 qtti
527 433 623 454 recens
644 427 699 454 nati
731 427 872 462 baptizan-

86 474 140 500 Iur,
162 469 227 495 dicit
244 469 311 496 nihil
330 478 362 497 ex
382 470 476 497 Atlami
508 477 618 505 peccato
653 473 771 505 trahere,
800 474 871 506 quod

86 514 219 548 baptismo
235 521 414 550 expurgatur,
434 517 618 544 exsecrandus
636 523 686 544 est.
715 517 767 545 Pcr
788 526 872 546 unum

85 560 156 586 enim
178 569 250 588 mors
268 567 293 588 et
311 568 451 596 peccattnn
469 563 494 590 in
511 568 567 590 toto
584 565 693 590 mundo.

125 606 168 632 16,
187 606 315 642 Quisquis
336 608 462 643 opinatur
483 609 530 635 Dei
553 610 665 644 gratiam
687 610 873 639 remissionem

53 651 56 653 ’
89 655 175 682 solatii
195 662 366 689 peccatorum
382 657 437 691 jam
456 658 660 685 commissorum
682 661 831 692 continere,
848 664 875 687 at

87 710 139 728 non
156 703 238 729 etiam
254 702 406 729 futurorum
423 703 565 736 auxilium,
581 704 621 730 his
636 705 804 732 maledictus.

123 748 166 775 l7.
184 748 342 783 Quicunque
362 749 502 783 praedicat,
517 749 618 785 absque
635 752 720 784 gratia
739 759 789 779 nos
806 752 874 780 (1ἱαὶ-

86 794 168 822 cilius
180 795 300 829 quidem,
314 799 431 821 attamen
449 795 596 830 adimplere
611 797 748 830 mandata,
763 803 804 825 ter
819 807 875 825 ma-

86 840 213 873 ledictus;
228 848 289 866 nam
305 840 368 867 Sine
382 849 432 873 me,
443 841 530 876 inquit
544 842 683 876 Dominus.
693 852 745 871 non
765 846 873 879 potestis

85 885 172 919 [cicere
190 884 336 920 quidquam
348 885 369 912 ¹.

123 930 259 965 Theologo
277 932 399 964 docente,
415 932 437 960 si
454 932 578 960 dicamus
595 934 665 968 quod
685 941 825 970 peccatum
848 937 873 964 in

86 976 164 1005 nobis
176 985 229 1004 non
242 982 282 1004 est
290 977 310 1011 ³,
323 985 373 1005 nos
385 979 455 1013 ipsos
466 977 591 1013 deripere
608 989 615 1007 :
630 989 662 1008 ac
674 983 718 1015 qui
733 990 873 1017 perperam

85 1023 279 1056 interpretatur
290 1023 362 1058 quod
374 1030 427 1050 non
440 1031 513 1058 vere,
527 1025 573 1052 sed
584 1033 645 1053 cum
659 1027 811 1056 humilitate
824 1029 876 1057 hoc

85 1068 194 1100 dixerit,
208 1069 365 1096 anathema.

122 1114 166 1141 18.
183 1112 234 1147 Qui
257 1115 375 1148 explicat
395 1114 460 1143 illud
483 1125 490 1144 :
515 1115 548 1144 Et
568 1117 670 1146 dimitte
693 1120 767 1146 nobis
787 1120 875 1148 debila

86 1164 186 1191 nostra,
205 1159 351 1186 multorum
370 1160 475 1194 dicens,
492 1170 544 1189 non
565 1164 670 1199 singula
692 1172 723 1192 ac
745 1166 876 1201 cujusque

87 1206 206 1240 propria,
225 1206 378 1232 anathema.
395 1206 463 1234 Cum
486 1207 580 1236 Daniel
598 1211 687 1238 videat
703 1219 764 1238 cum
787 1212 876 1240 multis

86 1254 222 1278 dicentem
245 1260 252 1278 :
275 1250 410 1286 Conﬁteor
422 1259 531 1285 peccata
548 1263 605 1282 mea
622 1261 646 1283 et
662 1263 770 1290 peccata
786 1259 875 1293 populi

86 1298 135 1324 mei
145 1297 165 1324 ³.

122 1344 164 1372 19.
182 1343 269 1374 Judex
292 1355 307 1375 a
330 1349 435 1377 duabus
455 1350 578 1385 partibus
599 1352 733 1387 expetitus
754 1353 874 1380 recusari

85 1397 139 1416 nou
157 1397 252 1425 potest.

121 1436 166 1463 20.
186 1438 332 1475 Episcopus
346 1448 427 1475 quam
444 1442 583 1477 suscipere
596 1443 674 1470 debet
685 1444 874 1473 haereticorum

87 1489 179 1509 curam
203 1485 352 1520 negligens,
370 1492 451 1521 atque
474 1488 640 1522 admonitus,
656 1486 679 1518 si
698 1491 723 1518 in
740 1499 790 1519 sua
806 1492 875 1520 dim-

961 198 1005 229 ιγ’.
1019 196 1158 230 Δημοσίαν
1177 195 1269 230 κρίσιν
1285 195 1299 220 ό
1312 193 1387 230 παρὰ
1401 193 1534 229 βασιλέως
1551 194 1647 228 αἰτῶν,
1664 195 1715 221 οὒκ

925 241 1078 273 ἐπίσκοπος

966 289 1007 315 ιδ’.
1025 289 1077 315 Τὴν
1105 287 1320 323 πρωτόπλαστον
1347 287 1362 314 ὁ
1389 286 1477 320 λέγων
1507 287 1556 314 καὶ
1583 287 1645 322 δίχα
1662 287 1712 322 τῆς

926 336 1064 372 ἁμαρτιας
1093 333 1283 368 τεθνήξεσθαι,
1308 334 1343 360 δι’
1369 333 1495 369 ἀνάγκην
1518 334 1567 369 τῆς
1594 334 1712 369 φύσεως,

924 382 1060 416 ἀνάθεμα.

962 427 1004 454 ιε’.
1020 427 1049 453 '0
1065 427 1100 453 τὰ
1113 426 1209 461 νεογνὰ
1225 425 1413 461 βαπτιζόμενα
1428 425 1516 459 λέγων
1527 424 1611 460 μηδὲν
1624 424 1716 451 ἕλκειν

925 475 957 501 ὲκ
973 474 1021 509 τῆς
1034 472 1081 499 τοῦ
1103 473 1188 507 Ἀδὰμ
1214 473 1353 507 ἁμαρτίας
1386 472 1416 497 τὸ
1439 471 1648 506 καθαιρόμενον,
1662 472 1715 498 ὲπρ

925 521 1036 555 άρατος·
1048 518 1092 546 διὰ
1106 518 1159 553 γὰρ
1168 518 1215 544 τοῦ
1229 518 1297 550 ἐνὸς,
1312 518 1359 544 καὶ
1369 519 1383 544 ὁ
1393 518 1521 549 θάνατος,
1534 518 1580 544 καὶ
1594 518 1610 552 ἡ
1623 518 1714 553 ἁμαρ-

925 565 969 591 τία
985 564 1165 598 παγκόσμιος.

963 613 1011 642 ις’.
1034 611 1063 636 '0
1075 610 1195 641 δοξάζων
1213 609 1261 644 τὴν
1281 609 1328 636 τοῦ
1344 609 1415 635 Θεοῦ
1425 608 1506 644 χάριν
1521 609 1605 644 μόνην
1617 608 1715 642 ἄφεσιν

923 656 978 682 τῶν
993 656 1044 691 ἤδη
1061 655 1340 691 πεπλημμελημὲνων
1367 656 1494 691 ὑπέχειν,
1519 655 1589 682 ἀλλὰ
1609 655 1647 692 μὴ
1667 655 1715 682 καὶ

923 703 979 728 τῶν
999 702 1152 737 μελλόντων
1167 701 1294 737 βοήθειαν
1313 723 1320 735 ,
1334 702 1375 734 δὶς
1387 703 1536 737 ἐπάρατος.

960 748 1003 780 ιζ’.
1028 749 1056 775 '0
1071 748 1230 784 κηρύσσων,
1248 749 1290 775 ὅτι
1312 748 1374 783 δίχα
1397 748 1445 782 τῆς
1460 749 1571 784 χάριτος
1581 748 1714 783 δυσχερε-

926 794 1030 829 στέρως
1045 795 1104 829 μὲν,
1122 794 1180 821 ἀλλ’
1192 790 1238 821 οὖν
1250 794 1443 829 ὲκπληροῦμεν
1455 795 1504 825 τὰς
1519 794 1640 826 ἐντολὰς,
1654 794 1715 828 τρὶς

927 840 1073 875 ἐπάρατος·
1090 841 1184 874 Χωρὶς
1199 841 1253 876 γὰρ
1266 841 1352 875 ἐμοῦ,
1364 842 1378 866 ό
1395 839 1498 874 Κύριος
1512 838 1602 872 εἶπεν,
1615 841 1651 867 οὐ
1663 840 1714 868 δύ-

925 887 1020 912 νασθε
1036 885 1133 912 ποιεῖν
1146 885 1247 913 οὐδέν.

963 930 1016 957 Τοῦ
1029 931 1159 964 Θεολόγου
1189 930 1376 964 θεολογοῦντος
1393 930 1446 962 ὃτι,
1462 930 1509 956 ἐὰν
1523 929 1646 962 εἴπωμεν
1670 930 1714 956 ὅτι

926 977 1048 1011 ἁμαρτία
1066 978 1094 1003 ἐν
1111 977 1176 1012 ἡμῖν
1195 977 1244 1003 οὐκ
1258 976 1343 1007 ἔστιν,
1360 977 1475 1006 ἑαυτοὺς
1486 976 1636 1011 ἀπαιτῶμεν
1647 984 1654 990 '
1667 977 1715 1002 καὶ

926 1025 940 1050 ὁ
952 1023 1172 1059 παρερμηνεύων
1188 1023 1229 1049 ὅτι
1245 1024 1296 1049 οὐκ
1311 1022 1430 1056 ἀληθῶς,
1452 1022 1521 1050 ἀλλὰ
1532 1022 1714 1056 ταπεινοφρό‹

926 1079 979 1102 νως
995 1071 1090 1106 εἴρηκε
1104 1069 1195 1101 τοῦτο,
1210 1068 1346 1104 ἀνάθεμα.

963 1119 1010 1151 ιη’.
1028 1116 1058 1142 ’0
1071 1115 1261 1150 παραφράζων
1277 1115 1318 1148 τὸ,
1338 1115 1431 1148 ’Ἄφες
1452 1114 1525 1149 ἡμῖν
1540 1114 1575 1141 τὰ
1597 1113 1714 1148 697mm~

924 1170 1005 1196 ματα
1020 1160 1114 1195 ἡμῶν,
1139 1161 1173 1187 τὰ
1189 1162 1243 1187 τῶν
1268 1160 1374 1187 πολλῶν
1389 1160 1477 1194 λέγων
1490 1180 1497 1192 ,
1513 1160 1563 1195 οὐχ
1585 1160 1713 1191 ἕκαστον,

927 1208 974 1235 καὶ
988 1208 1022 1234 τὰ
1038 1209 1138 1239 οἰκεῖα,
1161 1207 1295 1242 ἀνάθεμα.
1315 1207 1391 1234 Μετὰ
1407 1206 1512 1233 πολλῶν
1536 1207 1583 1233 καί
1598 1207 1643 1233 τὸν
1659 1207 1712 1232 Δα-

927 1254 986 1290 νιὴλ
1004 1254 1111 1289 βλέπων
1124 1254 1247 1288 λέγοντα,
1271 1253 1524 1287 Ἐξομολογοῦμαί
1544 1253 1598 1285 τὰς
1621 1252 1715 1287 ἀμαρ-

926 1301 992 1333 τίας
1004 1308 1074 1334 μου,
1089 1299 1138 1326 καί
1154 1299 1208 1331 τὰς
1223 1298 1369 1333 ἁμαρτίας
1383 1298 1437 1324 τοῦ
1450 1297 1528 1324 ,λαοῦ
1537 1306 1607 1332 μου.

962 1345 1005 1374 ιϐ’.
1022 1345 1124 1381 Κριτὴς
1136 1345 1313 1381 ἰιπιξητηθεὶς
1326 1345 1358 1371 ὲκ
1375 1344 1429 1372 τῶν
1447 1343 1494 1371 δύο
1510 1344 1602 1379 μερῶν
1619 1343 1716 1378 ἀπερί-

926 1401 1062 1429 γραπτος.

962 1439 997 1467 κ’.
1018 1439 1197 1475 Περιφρονῶν
1220 1438 1372 1468 ἐπίσκοπος
1388 1437 1438 1473 τὴν
1460 1437 1531 1472 ὑπὲρ
1545 1436 1600 1463 τῶν
1613 1437 1715 1471 αἱρετι-

926 1485 983 1512 κῶν
998 1485 1172 1519 ἐπιμέλειαν,
1190 1486 1236 1511 καὶ
1255 1483 1542 1519 ὑπομιμνησκόμενος,
1559 1483 1583 1509 εί
1600 1484 1646 1509 ἐπὶ
1662 1483 1714 1517 τῆς

86 1528 140 1555 cesi
161 1529 250 1564 degat,
266 1539 351 1567 usque
374 1533 406 1560 ad
430 1540 476 1560 sex
503 1541 619 1567 menses,
636 1542 710 1563 caret
730 1537 844 1566 crimine
866 1548 873 1566 :

940 1531 997 1563 δίας
1009 1531 1108 1565 διάγοι,
1126 1531 1173 1557 ὲπί
1196 1530 1227 1562 ἓξ
1244 1530 1332 1564 μῆνας
1345 1529 1491 1561 ἀνεύθυνος
1505 1536 1511 1542 ·
1533 1529 1671 1563 ἐπιμένων
1685 1527 1714 1554 δὲ

87 1575 158 1608 quod
176 1576 198 1603 si
217 1582 309 1611 postea
329 1579 356 1606 in
375 1579 477 1608 desidia
499 1582 637 1616 persistal,
654 1585 875 1612 excommunica-

87 1619 113 1646 bi
118 1625 169 1647 tur.

121 1664 166 1692 2!.
178 1665 328 1695 Accusator
339 1675 353 1696 e
367 1668 445 1696 domo
455 1677 503 1697 sua
518 1675 600 1699 testes
616 1679 668 1699 non
684 1672 816 1707 producit.

126 1754 173 1782 22.
198 1756 346 1793 Episcopus
369 1766 415 1795 qut
441 1761 631 1790 communione
654 1763 801 1798 privaverit
822 1772 875 1792 non

87 1807 255 1836 compertum
276 1804 408 1838 criminis,
426 1807 548 1841 privetur
571 1809 651 1836 etiam
673 1809 731 1843 ipse
754 1810 877 1838 similiter

88 1847 202 1876 aliorum
219 1851 422 1879 comtnunione.

212 1893 316 1922 Eorum
331 1897 376 1931 qui
392 1897 420 1923 in
439 1896 530 1925 Trulla
548 1898 752 1934 Constantinop.

125 1940 152 1966 l.
167 1940 357 1974 Apostolorum
375 1943 441 1970 ﬁdes
457 1951 490 1971 ne
506 1944 674 1972 immntetur.
688 1944 794 1973 Nicaena
809 1946 878 1973 inlc-

88 1993 135 2021 gra
154 1992 290 2021 servetur,
302 1997 362 2023 qua:
376 1990 431 2017 Arii
448 1990 600 2024 opinionem
616 1992 764 2020 divinitatis
778 1993 878 2027 gradus

88 2032 302 2061 introducentem
318 2043 366 2069 per
379 2035 522 2070 όμοούσιον
538 2039 646 2065 evertit.

123 2077 152 2105 2.
169 2078 294 2114 Synodus
313 2081 363 2108 sub
376 2081 530 2110 Theodosio
547 2083 662 2111 Maximo
680 2084 770 2112 habita
790 2085 878 2113 invio-

89 2122 141 2150 lata
156 2130 325 2159 permaneat,
337 2134 397 2161 quae
411 2127 608 2160 Macedoniam,
621 2137 729 2157 servum
743 2131 876 2159 dicentem

90 2168 222 2202 Spiritum
240 2177 376 2204 sanctum,
393 2173 477 2206 gradu
493 2173 658 2202 deturbavit.

927 1578 973 1605 καὶ
989 1577 1059 1612 μετὰ
1073 1577 1154 1603 τοῦτο
1168 1578 1202 1613 τῇ
1229 1576 1363 1612 ῥᾳθυμίᾳ,
1386 1575 1442 1608 ἕξοι
1465 1575 1496 1602 τὸ
1519 1574 1714 1610 ἀκοινώνητον.

962 1669 1015 1693 κα¹.
1039 1666 1067 1692 Ὀ
1081 1666 1232 1702 κατήγορος
1251 1666 1283 1692 ὲκ
1297 1665 1344 1693 τοῦ
1359 1665 1424 1693 ἰδίου
1438 1665 1512 1693 οἴκου
1529 1665 1670 1700 μάρτυρας
1684 1664 1714 1690 οὐ

927 1711 1103 1746 καθίστησιν.

964 1757 1015 1792 κβ¹.
1032 1758 1084 1784 Τὸν
1097 1758 1136 1793 μὴ
1160 1758 1322 1794 ἐλεγχθέντα
1336 1758 1479 1790 κοινωνίας
1502 1760 1637 1795 στερήσας
1653 1759 1715 1787 ἐπί-

929 1813 1040 1836 σκοπος,
1056 1806 1177 1839 στεροίτο
1190 1805 1236 1831 καὶ
1251 1804 1332 1837 αὐτὸς
1349 1806 1398 1840 τῆς
1414 1805 1515 1841 ἐτέρων
1527 1806 1639 1841 ὁμοίως.

930 1896 992 1924 Τῶν
1005 1897 1041 1923 ἐν
1060 1896 1100 1928 τῷ
1117 1897 1256 1931 Τρούλλῳ
1272 1895 1327 1930 τῆς
1351 1898 1714 1930 Κωνσταντινουπόλεως.

962 1942 997 1970 α’.
1014 1942 1046 1969 'H
1060 1942 1116 1969 τῶν
1128 1942 1287 1969 ἀποστόλων
1299 1942 1392 1975 πίστις
1405 1944 1618 1979 ἀκαινότμητος.
1640 1944 1674 1971 Ἦ
1685 1945 1715 1971 ὲν

926 1987 1031 2024 Νικαίᾳ.
1050 1988 1208 2023 ὁλόκληρος,
1239 1989 1257 2023 ἢ
1283 1988 1314 2015 τὸ
1340 1989 1449 2024 ’Δρείου
1479 1989 1567 2025 δόγμα
1593 1990 1715 2025 βαθμοὺς

928 2033 1037 2069 εἰσάγον
1054 2034 1180 2069 θεότητος
1190 2034 1235 2061 διὰ
1251 2035 1297 2061 τοῦ
1311 2035 1456 2070 όμοουσίου
1469 2036 1663 2072 κατέστρεψεν.

963 2079 996 2116 β’.
1017 2081 1050 2108 Ἠ
1070 2082 1118 2108 ἐπὶ
1140 2081 1279 2108 Θεοδοσίου
1295 2081 1343 2109 τοῦ
1355 2082 1494 2116 Μεγίστου
1510 2082 1618 2114 σύνοδος
1642 2083 1714 2109 ἀπα-

929 2128 1083 2164 ράτρωτος,
1113 2128 1131 2163 ἢ
1148 2128 1326 2162 Μακεδόνων,
1350 2128 1444 2156 δοῦλον
1459 2129 1570 2156 εἰπόντα
1586 2128 1615 2155 τὸ
1638 2128 1715 2163 ἅγιον

929 2174 1052 2209 Πνεῦμα,
1081 2174 1249 2210 καθῄρηκεν.

123 2214 151 2241 5.
168 2214 281 2243 Ducenti
302 2217 349 2252 qui
369 2219 419 2246 sub
434 2218 586 2247 Theodosio
602 2219 683 2249 .lunio
699 2222 768 2256 apttd
786 2222 875 2258 Ephe-

961 2219 996 2254 γ’.
1018 2221 1049 2248 Οἱ
1062 2220 1108 2248 ἐπὶ
1131 2220 1177 2247 τοῦ
1193 2220 1301 2254 Μικροῦ
1314 2219 1457 2246 Θεοδοσίου
1474 2220 1634 2254 εἰςἚφεσον
1651 2228 1714 2246 συν-

89 2269 147 2288 sum
171 2267 368 2296 convenerunt,
386 2264 576 2297 impiissimum
603 2265 769 2300 Nestorium,
788 2268 874 2296 homi-

88 2315 148 2334 nem
164 2309 290 2342 scorsim,
304 2317 336 2336 ac
353 2309 437 2337 Deum
453 2311 564 2338 seorsim
579 2312 722 2340 Dominum
738 2313 873 2343 dicentem

86 2353 260 2387 expulerunt.

124 2398 151 2424 4.
168 2398 218 2432 Qui
236 2400 305 2435 apud
324 2400 524 2429 Chalcedonem
542 2410 603 2430 cum
622 2403 757 2433 Marciano
776 2413 874 2434 conve-

90 2450 185 2471 uerunt
202 2451 311 2474 tolerate
329 2447 466 2475 memoria:
484 2448 566 2482 digni,
584 2448 730 2485 Eutychem
747 2451 874 2486 opinione

88 2495 194 2518 tantum
216 2498 354 2527 peractum
378 2501 439 2522 esse
459 2502 586 2530 magnum
609 2497 766 2532 mysterium
784 2498 875 2526 dicere

88 2545 183 2564 ausum
200 2538 383 2573 deposuerunt
404 2547 413 2566 :
436 2547 468 2568 ac
490 2540 642 2569 Nestorium
661 2548 688 2570 et
704 2542 872 2576 Dioscorum,

88 2584 135 2616 qui
150 2584 247 2611 similia
265 2593 280 2612 e
296 2585 427 2614 diametro
444 2593 570 2620 perverse
587 2588 739 2616 ratiocinati
756 2589 873 2616 fuerant.

125 2631 152 2657 5.
164 2630 241 2666 Apud
255 2632 356 2667 regiam
373 2635 467 2661 urbem
480 2640 587 2662 centum
604 2636 742 2670 sexaginta
757 2635 875 2670 quinque

90 2675 245 2705 Iustiniano
270 2677 420 2712 imperante
444 2686 642 2712 convenerunt,
663 2682 708 2716 qui
730 2681 873 2716 Origcncm

89 2729 234 2756 corporum
272 2723 477 2760 animarumque
511 2726 643 2754 circuitus
677 2726 873 2760 aﬂirmantem,

91 2776 194 2796 necnon
209 2769 290 2796 etiam
305 2769 496 2799 Thcoduritum
513 2777 605 2800 contra
622 2773 764 2800 duodecim
781 2773 872 2807 Cyrilli

91 2815 180 2850 capita
196 2816 324 2844 audacter
339 2817 485 2851 invectum,
500 2819 673 2847 anathemate
692 2819 872 2852 perculerunt.

127 2861 135 2876 ‘
149 2860 224 2889 luna.
238 2869 282 2894 xv,
296 2862 321 2890 Pi.
361 2865 370 2879 ¹
384 2864 392 2890 1
408 2863 485 2891 Joan.
498 2866 517 2895 i.
528 2863 556 2893 ξ’.
593 2864 604 2881 ³
616 2864 680 2892 Dx-o.
695 2865 788 2894 11.9.0.

930 2266 1013 2298 om;
1046 2271 1068 2293 σν
1093 2267 1275 2294 ἀσεὸἐστατον
1286 2266 1446 2300 Νεστόριον,
1461 2265 1608 2302 ἄνθρωπον
1625 2266 1717 2298 ἰδικῶς

930 2314 978 2340 καὶ
988 2313 1055 2340 Θεδν
1070 2312 1162 2345 ἰδικῶς
1175 2312 1288 2339 εἰπόντα
1304 2311 1350 2338 τὸν
1367 2311 1481 2346 Κύριον,
1498 2311 1644 2347 ἐξήλασαν.

963 2403 994 2431 δ’.
1011 2403 1043 2429 Οἱ
1057 2401 1128 2429 κατὰ
1148 2400 1196 2436 τὴν
1209 2400 1370 2437 Χαλκηδόνα
1384 2400 1423 2436 τῷ
1435 2400 1589 2436 Μαρκιανῷ
1602 2400 1715 2436 συνελη-

927 2449 1036 2480 λυθότες
1055 2447 1229 2482 ὰείμνηστοι,
1246 2447 1370 2482 Εὑτυχὲα
1390 2446 1500 2483 δοκήσει
1514 2446 1674 2481 τελεσθῆναι
1685 2448 1715 2472 τὸ

929 2495 1000 2529 μέγα
1025 2493 1176 2528 μυστήριον
1202 2493 1307 2529 φράσαι
1335 2492 1513 2528 τολμήσαντα
1532 2491 1715 2523 καθελόντες·

927 2541 975 2567 καὶ
988 2539 1148 2575 Νεστόριον,
1160 2540 1208 2566 καὶ
1223 2539 1380 2576 Διόσκορον,
1392 2540 1456 2571 τοὺς
1467 2539 1500 2566 ὲκ
1515 2539 1666 2574 διαμέτρου
1682 2537 1716 2564 τὰ

928 2585 974 2613 ῐσα
985 2586 1238 2621 παραλογίσαντας.

963 2632 993 2659 ε’.
1013 2631 1060 2663 Εἰς
1075 2631 1125 2666 τὴν
1140 2632 1336 2666 βασιλεύουσαν
1351 2635 1371 2658 ε’
1384 2632 1433 2659 καὶ
1448 2631 1470 2666 ξ’
1483 2632 1530 2659 καὶ
1545 2630 1569 2668 ρ’
1583 2632 1630 2659 ἐπὶ
1647 2633 1714 2659 Ίου-

928 2678 1064 2705 στινιανοῠ
1093 2677 1320 2713 συνεληλύθασιν,
1356 2678 1381 2704 οἳ
1411 2678 1552 2714 Ὠριγένην
1580 2678 1716 2713 σωμάτων

928 2725 975 2751 καὶ
989 2724 1083 2759 ψυχῶν
1102 2724 1244 2759 περιόδους
1265 2724 1488 2760 ἀποφηνάμενον,
1511 2725 1559 2751 καὶ
1573 2723 1715 2759 Θεοδώρη-

928 2779 973 2797 τον
984 2772 1055 2796 κατὰ
1070 2770 1125 2797 τῶν
1141 2769 1175 2805 ιβ’
1190 2769 1347 2806 κεφαλαίων
1362 2770 1499 2806 Κυρίλλου
1514 2769 1712 2805 θρασυνθὲντα,

927 2817 1188 2853 ἀναθεματίσαντες.
