1930 3073
169 112 203 143 ‘J'l
794 109 973 141 SYNOPSIS
994 109 1192 139 CANONUM.
1766 107 1803 138 r98

208 169 246 202 ς’.
265 169 327 196 Ἐπὶ
346 169 397 205 τὴν
415 167 553 201 Βύζαντον
582 168 635 196 ὑπὸ
649 169 858 196 Κωνσταντίνου
875 169 950 195 συνεί

1050 168 1077 194 6.
1097 166 1219 202 Byzantii
1247 174 1261 193 a
1285 165 1466 193 Constantino
1490 168 1583 192 coacta
1609 169 1651 192 est
1675 166 1804 200 synodus,

169 215 264 242 λεκται
289 215 409 247 σύνοδος,
432 216 450 251 ἢ
483 215 613 250 Ὀνώριον
627 215 673 242 τὸν
693 215 814 250 Ῥώμης,
830 215 877 241 καὶ
893 215 959 249 Σέρ-

170 271 230 296 γιον
259 262 305 288 τὸν
336 263 387 297 τῆς
414 261 751 293 Κωνσναντινουπόλεως,
795 261 823 286 ἒν
854 260 960 296 θέλημα

170 309 217 335 καὶ
233 308 298 342 μίαν
311 308 455 343 ἐνέργειαν
468 307 689 342 δογματίσαντας
704 306 906 342 ἀποϐέϐληκεν.

204 354 237 385 ς’.
254 353 294 380 Τὰ
315 353 393 386 παρὰ
417 352 472 380 τῶν
497 352 661 388 ἑτεροδόξων
682 352 854 387 κλοπιμαίως
876 352 960 388 ἐμϐε-

169 397 293 433 ϐλημένα
307 399 368 430 ταῖς
383 398 427 426 διὰ
446 398 607 434 Κλήμεντος
623 398 678 426 τῶν
692 399 850 426 ἀποστόλων
865 398 960 426 διατά-

170 444 255 476 ξεσιν,
268 445 357 480 ἀποκή
362 453 459 480 ρυκτα.

204 493 240 525 η’.
260 490 351 525 Ἰερεῖς
364 490 486 525 δίγαμοι,
500 491 548 518 καὶ
560 491 764 526 ἀμεταμέλητοι
774 491 959 526 καθῄρηνται·

169 537 195 562 οι
209 536 237 563 δὲ
257 537 288 562 τὸ
303 537 390 564 κακὸν
412 537 611 570 ἀπελάσαντες,
639 539 689 572 τῆς
714 537 888 572 λειτουργίας
915 537 961 563 ἐπὶ

171 582 253 617 ῥητὸν
270 583 423 610 παύσονται
439 583 555 618 χρόνον·
581 584 630 610 οὐκ
649 583 757 617 εὐλογετ
770 585 823 618 γὰρ
842 585 856 609 ό
877 591 962 618 τραυ-

172 628 282 663 ματίας,
294 629 348 655 Καὶ
363 629 389 655 οί
402 629 571 666 παρανόμως
584 629 773 665 γαμήσαντες,
791 631 838 656 καὶ
853 631 878 656 οἱ
893 630 962 665 μετὰ

169 673 220 709 τὴν
234 673 349 709 χηρείαν
365 674 540 709 συζυγέντες,
555 676 624 710 μετὰ
635 675 680 702 τὸν
693 675 775 711 ῥητὸν
788 675 883 710 χρόνον
899 675 963 706 τοὺς

171 719 292 754 βαθμοὺς
303 720 522 756 γνωριζέτωσαν,
544 722 697 757 ἁπρόκοποι
708 721 846 757 μένοντες,
862 722 962 757 δηλαδὴ

170 764 220 799 τὴν
235 765 369 800 συζυγίαν
388 767 540 802 ἀφέμενον
562 768 588 794 οι
611 768 640 794 δὲ
657 768 728 802 μειά
752 767 798 794 τὸν
814 768 888 802 ὅρον,
913 769 961 794 καὶ

171 808 310 846 λυόμενοι,
321 813 370 840 καὶ
385 813 573 850 καθῃρημένοι
591 814 761 849 μενέτωσαν.

209 945 241 974 θ’.
260 947 400 983 Κληρικδς
419 948 514 986 νύμφῃ
535 950 639 986 Κυρίου
658 950 874 986 συναπτόμενος,
891 951 961 978 καθ-

173 992 304 1028 αιρείσθω
313 1002 320 1009 ·
333 995 427 1027 λαῐκὸς
437 996 476 1028 δὲ,
492 996 677 1032 ἁφοριζέσθω.

207 1040 234 1066 ι’.
251 1039 306 1065 Kal.
321 1040 449 1075 εὐνοῦχος
469 1041 570 1076 ἱερεὺς,
596 1042 835 1078 θεραπαινίδας,ἢ
852 1042 960 1078 ἑτέρας,

173 1081 242 1118 ’.ὶήν
251 1083 305 1110 τῶν
322 1084 487 1113 ἀνυπόπτων
504 1086 543 1122 μὴ
559 1087 705 1122 κεκτήσθω
714 1086 882 1123 προσώπων.

209 1127 256 1156 ια’.
275 1130 306 1157 Ὀ
323 1131 539 1167 χειροτονηθεὶς,
557 1133 584 1159 ει
601 1132 650 1160 καὶ
676 1132 835 1167 ζεύγνυται,
865 1132 962 1160 καθαι-

174 1176 272 1209 ρείται.

210 1221 254 1257 ιβ’.
271 1223 326 1250 Καὶ
341 1223 472 1258 όφφίκιον
499 1224 570 1260 ἔχων
585 1224 720 1258 διάκονος,
736 1225 762 1252 el
782 1225 819 1261 μὴ
846 1234 962 1262 τοποτη-

175 1269 262 1304 ρητὴς
324 1270 537 1306 πατριάρχου,ἢ
562 1271 713 1298 ἐπισκόπου
733 1271 787 1307 πρὸ
810 1272 866 1299 τῶν
892 1280 962 1307 πρε-

174 1316 315 1352 σὸυτέρων
339 1317 538 1353 καθεζόμενος,
567 1317 695 1346 ἁπάντων
712 1317 902 1353 ἑσχατὼτατος
933 1318 962 1344 ἔ-

175 1369 258 1389 σοιτο-

212 1407 258 1441 ιγ’.
276 1402 395 1435 Εῐσιέναι
412 1408 558 1444 καπηλείῳ
579 1408 735 1437 κεκώλυται
753 1410 896 1445 κληρικδς,
914 1411 961 1437 καὶ

174 1454 247 1490 ἔχειν
260 1455 449 1490 κωλυθήσεται
470 1455 586 1490 μᾶλλον.

210 1500 251 1527 ιδ’.
269 1501 382 1536 ’Λζυμα
402 1501 539 1529 Ἰουδαίων
559 1501 741 1529 ἀπόπτυστα·
759 1503 773 1528 ό
800 1501 828 1528 δὲ
853 1502 900 1528 καὶ
922 1502 963 1528 ία-

173 1546 258 1581 τροὺς
286 1547 387 1579 αὐτοὺς
410 1547 670 1583 προσκαλούμενος,
696 1548 713 1583 ἢ
742 1547 958 1582 συλλουόμενος,

174 1593 324 1625 εκπτωτος.

211 1643 252 1667 ιε’.
266 1640 298 1666 Et
311 1641 358 1667 καὶ
378 1640 505 1667 λέλεκται
524 1640 562 1676 μὴ
585 1640 727 1667 ὲκδάλλειν
745 1641 876 1674 γυναῖκα,
893 1639 961 1666 ἀλλὰ

174 1685 225 1720 τῆς
248 1686 294 1712 ἐπὶ
308 1685 339 1712 τδ
354 1687 481 1721 κρεῖττον
497 1686 644 1722 προκοπῆς
668 1684 901 1721 προμηθούμενοι,
923 1683 962 1719 τῷ

174 1730 408 1765 χειροτονουμένῳ
430 1730 557 1766 προέδρῳ
574 1730 676 1766 μηκέτι
698 1730 833 1756 συνοικεῖν
852 1729 961 1763 γυναικὶ

175 1777 415 1812 παραγγέλλομεν.

212 1826 260 1855 ις’.
283 1823 347 1849 Ἐὰν
367 1823 392 1849 οἱ
409 1823 544 1858 Ῥωμαῖοι
565 1822 610 1850 τὸν
625 1823 666 1855 εἰς
685 1822 811 1850 διάκονον
836 1824 884 1850 καὶ
897 1830 962 1858 πρεη

176 1869 308 1902 σὸὑτερον
331 1868 520 1904 προαγόμενον
540 1869 649 1904 ἀφεῖναι
667 1869 716 1904 τὴν
734 1870 852 1903 γυναῖκα
869 1869 963 1905 βεῆού-

175 1915 272 1950 ληνται
284 1921 292 1928 ⁶
307 1914 388 1949 ἡμεῖς
403 1914 542 1950 ἐρρῶσθαι
554 1914 589 1941 τὰ
615 1914 749 1941 διακόνων
763 1915 811 1941 καὶ
841 1915 963 1950 πρεσϐυ-

175 1960 265 1995 τέρων
275 1960 428 1995 βουλόμεθα
440 1960 598 1987 συνοικέσια
609 1968 616 1975 ·
630 1960 644 1986 ό
657 1960 686 1987 δὲ
695 1959 857 1996 βιαζόμενος
871 1960 962 1994 λῦσαι,

176 2004 381 2040 καθῃρημένος.

213 2049 256 2080 ιζ’.
272 2049 461 2084 Πρεσϐύτερος
475 2049 697 2083 τριακονταετίας
711 2049 819 2081 ἑνδέων,
836 2049 885 2075 καὶ
906 2048 964 2076 διά-

176 2102 257 2126 κονος
283 2095 558 2127 είκοσαπενταετίας,
575 2095 621 2121 καὶ
645 2094 805 2121 διακόνισσα
830 2103 965 2130 τεσσαρα-

177 2141 350 2173 κονταιτίας,
368 2141 415 2168 καὶ
432 2140 605 2172 εἰκοσαετίας
627 2141 819 2173 ὐποδιάκονος,
835 2141 965 2168 eamea:-

177 2195 262 2222 ρετοι.
390 2209 395 2213 .

213 2231 258 2267 ιη’,
268 2233 428 2260 Γινωσκέτω
436 2233 450 2260 ὁ
465 2233 551 2267 λέγων
563 2233 632 2260 ἑπτὰ
641 2234 781 2265 διακόνους
796 2231 877 2266 εἶναι,
891 2235 962 2262 κατὰ

176 2279 206 2305 τὶ
216 2280 362 2315 εἰρημένον
375 2281 436 2310 ταῖς
451 2279 601 2314 Πράξεσιν,
621 2280 662 2306 ὅτι
678 2280 708 2306 οὐ
723 2279 788 2314 περὶ
801 2279 856 2306 τῶν
871 2280 963 2307 διακο-

176 2327 294 2354 νούντων
305 2327 363 2358 τοῖς
378 2327 539 2362 μυστηρίοις
551 2327 564 2354 ὁ
577 2326 666 2361 λόγος,
679 2327 748 2353 ἀλλὰ
761 2326 823 2362 περὶ
838 2326 892 2353 τῶν
904 2328 962 2359 ταῖς

175 2371 327 2406 τραπέζαις
342 2370 565 2406 ὑπηρετούντων.

214 2417 257 2443 ιϐ’.
277 2417 305 2443 '0
321 2416 540 2451 προσδεχόμενος
561 2415 637 2448 ξένον
652 2416 796 2452 κληρικὺν,
811 2416 858 2442 καὶ
873 2424 965 2451 χειρο-

176 2462 271 2496 τονῶν,
290 2462 339 2489 σὺν
351 2462 390 2497 τῷ
402 2462 496 2494 κακῶς
511 2462 729 2498 χειροτονηθέντι
744 2462 910 2498 καθῄρηται.

214 2508 250 2535 κ’.
278 2508 307 2535 '0
332 2508 377 2536 διὰ
404 2508 578 2544 βαρϐαρικὴν
603 2509 756 2544 ἐπιδρομὴν
778 2509 962 2544 μετανάστης,

176 2553 358 2588 παυσαμένης
376 2553 426 2589 τῆς
450 2553 614 2589 ἐπιδρομῆς,
631 2553 828 2580 παλινοστείτω
849 2554 883 2588 τῇ
901 2551 962 2578 καθ’

176 2600 210 2634 ἣν
226 2599 392 2635 Ἐκκλησίαν
401 2599 587 2635 κεκλήρωται·
602 2600 662 2627 είδὲ
677 2600 726 2635 μὴ,
742 2599 811 2635 μετὰ
819 2598 865 2626 τοῦ
878 2606 964 2634 προσ-

176 2643 322 2680 ειληφότος
336 2643 520 2681 ἁφοριζέσθω.

211 2689 265 2717 ια’.
283 2691 314 2717 '0
328 2691 470 2727 προεστὼς
486 2691 653 2727 Ἐκκλησίας
667 2691 730 2719 κατ’
739 2690 889 2726 ἐξαίρετον,
901 2690 963 2722 ταίς

175 2737 333 2773 κυριακαῖς
361 2737 514 2765 διδασκέτω
538 2738 573 2765 τὰ
600 2738 742 2774 δόγματα,
770 2738 817 2764 καὶ
849 2736 965 2772 διερμη-

175 2782 279 2808 νευέτω
293 2782 331 2820 μὴ
345 2783 463 2818 οἴκοθεν,
483 2784 541 2811 ἀλλ’
553 2784 591 2815 ὠς
611 2784 636 2810 οἱ
653 2783 720 2810 Θεῐοι
738 2783 859 2819 Πατέρες
873 2782 963 2810 διέλα-

157 2848 159 2850 τ
175 2828 233 2857 εον.

1012 220 1072 247 quae
1087 213 1234 240 llonorium
1249 212 1351 244 nonne,
1363 219 1395 239 ac
1408 211 1532 246 Sergium
1544 211 1803 246 Constantinoptﬂis,

1012 260 1153 293 episcopos
1173 266 1253 286 unam
1272 257 1436 286 voluntatem
1462 265 1597 293 unamque
1619 258 1802 292 operationem

1015 306 1187 339 dogmatibus
1202 305 1258 332 suis
1272 305 1400 332 docentes
1416 304 1505 339 ejecit.

1049 353 1074 379 7.
1105 353 1169 386 Quae
1203 351 1387 386 apostolorum
1420 351 1625 384 sanctionibus,
1656 350 1804 378 Clemenlis

1013 406 1095 433 opera
1124 398 1224 431 editis,
1250 397 1344 425 furtim
1371 397 1407 426 ab
1432 397 1566 425 haereticis
1594 397 1697 425 inserta
1725 402 1803 428 sunt,

1014 444 1193 478 repudianda.

1049 490 1075 517 8.
1095 489 1260 518 Sacerdotes
1278 488 1376 524 bigami
1396 492 1477 523 alque
1497 487 1697 522 impmnitentes
1719 485 1804 522 gradu

1013 536 1078 563 moti
1093 541 1156 563 sunt
1171 545 1177 562 :
1194 536 1240 570 qni
1253 542 1319 562 vero
1337 534 1438 561 malum
1453 541 1469 560 a
1485 540 1515 561 se
1530 537 1712 565 removerunt,
1726 540 1804 560 sacro

1015 590 1128 615 munere
1144 589 1229 616 usque
1246 582 1278 609 ad
1296 586 1399 609 certum
1418 585 1522 615 tempus
1541 579 1716 607 ahstinebunt
1732 587 1739 606 :
1757 587 1805 605 nc—

1014 637 1066 663 que
1083 628 1155 654 cnim
1174 628 1309 655 benedicit
1323 627 1490 655 vulneratus.
1507 626 1540 653 Et
1554 626 1599 660 qui
1616 630 1712 653 contra
1730 625 1806 659 leges

1014 665 1216 704 umtriiMm
1233 678 1436 706 contraxerunt,
1454 678 1481 700 et
1498 673 1544 708 qui
1563 677 1624 707 post
1639 671 1799 699 viduitatem

1013 719 1168 754 conjugium
1191 720 1320 750 inierunt.
1338 724 1398 754 post
1419 723 1524 746 certum
1549 724 1654 753 tempus
1674 718 1805 753 gradibus

1013 767 1070 793 suis
1097 766 1291 799 restituantur,
1313 766 1347 792 ita
1375 770 1481 798 tamen,
1504 770 1534 792 ut
1557 765 1590 791 ad
1616 764 1724 791 altiores
1749 771 1804 792 non

1014 816 1234 846 promoveantur,
1258 811 1384 846 coniugio
1401 811 1504 838 scilicet
1527 811 1649 838 dimisso.
1671 809 1722 843 Qui
1741 817 1805 838 ver)

1013 859 1094 886 etiam
1117 863 1178 894 post
1197 858 1338 886 deﬁnitum
1361 862 1479 892 tempus,
1496 857 1620 885 dissoluti
1642 862 1669 884 et
1688 857 1804 892 depositi

1013 910 1149 931 maneant.
1723 926 1731 934 ,

1047 950 1074 976 9.
1089 950 1211 977 Clericus
1225 957 1285 977 cum
1300 949 1407 977 Domini
1424 957 1522 985 sponsa
1536 946 1807 984 matrimonio'copu-

1014 995 1095 1027 latus.
1109 997 1259 1029 deponatur
1273 996 1382 1023 :~laicus
1396 1003 1459 1023 vero
1475 996 1738 1024 excommunicetur.

1049 1040 1092 1068 {0.
1106 1041 1254 1068 Eunuchus
1268 1043 1394 1069 sacerdos
1407 1042 1520 1069 ancillas
1535 1046 1581 1068 aut
1593 1042 1670 1074 alias,
1682 1043 1803 1077 exceptis

1013 1088 1136 1122 personis
1150 1095 1212 1121 quae
1226 1087 1379 1122 suspicione
1394 1092 1501 1120 vacant,
1514 1095 1549 1114 ne
1562 1087 1671 1115 habeat.

1052 1133 1094 1160 ll.
1109 1132 1267 1166 Ordinatus,
1282 1134 1334 1162 etsi
1349 1134 1523 1161 matrimonio
1535 1134 1648 1169 junctus
1661 1133 1708 1168 sit,
1722 1135 1804 1169 depo-

1013 1179 1099 1205 nitur.

1049 1224 1093 1250 12.
1110 1223 1244 1251 Diaconus
1259 1223 1342 1251 etiam
1358 1223 1475 1251 oﬂlcium
1492 1224 1606 1258 habens,
1619 1225 1671 1253 nisi
1686 1225 1806 1253 vicarius

1015 1269 1051 1297 sit
1078 1270 1241 1305 patriarchae
1266 1274 1313 1297 aut
1336 1270 1474 1305 episcopi,
1495 1270 1517 1298 si
1544 1275 1606 1298 ante
1631 1271 1805 1307 presbyteros

1015 1315 1118 1348 sedeat,
1134 1315 1170 1342 sit
1184 1315 1304 1343 omnium
1320 1321 1484 1350 postremus.

1050 1405 1092 1433 15.
1112 1404 1218 1441 lngredi
1245 1413 1396 1441 cauponam
1421 1406 1574 1441 prohibitus
1600 1410 1643 1435 est
1666 1406 1801 1440 clericus.

1014 1452 1100 1486 magis
1115 1453 1196 1479 etiam
1213 1453 1312 1480 habere
1329 1453 1528 1488 prohibebitur.

1049 1499 1093 1525 M.
1110 1498 1211 1533 Azyma
1227 1498 1379 1539 Judzeorum
1397 1500 1547 1534 respuenda
1564 1508 1572 1528 :
1587 1500 1631 1535 qui
1644 1507 1708 1527 vero
1722 1499 1802 1527 etiam

1015 1545 1132 1571 medicos
1149 1545 1222 1579 ipsos
1235 1545 1268 1571 ad
1286 1552 1316 1572 se
1329 1550 1420 1577 vocat,
1438 1551 1483 1573 aut
1498 1553 1560 1573 cum
1577 1547 1610 1575 iis
1622 1547 1740 1579 lavatur,
1753 1546 1806 1582 eji-

1014 1589 1128 1618 ciendus
1142 1595 1195 1618 est.

1048 1636 1092 1662 l5.
1108 1635 1163 1663 Etsi
1180 1635 1280 1663 dictum
1298 1636 1334 1663 sit
1349 1644 1402 1663 non
1419 1643 1481 1664 esse
1499 1636 1658 1670 ejiciendam
1676 1644 1800 1669 uxorem,

1011 1685 1100 1708 tamen
1115 1681 1247 1716 profectui
1263 1681 1289 1708 in
1305 1682 1401 1708 melius
1414 1682 1619 1717 prospicientes,
1631 1684 1739 1718 praesidi
1753 1685 1800 1718 qui

1011 1726 1161 1760 ordinatur,
1176 1734 1210 1754 ne
1224 1727 1340 1762 amplius
1357 1735 1419 1754 cum
1435 1735 1521 1755 uxore
1537 1728 1642 1756 habitet
1655 1729 1803 1756 denuntia-

1013 1781 1083 1800 mus.

1052 1819 1095 1847 16.
1114 1819 1242 1852 Quamvis
1259 1819 1372 1846 Romani
1391 1825 1451 1846 cum
1469 1819 1513 1854 qui
1532 1819 1565 1846 ad
1582 1819 1753 1847 diaconatum
1774 1825 1806 1848 et

1013 1867 1229 1901 presbyteratum
1246 1869 1429 1900 promovetur,
1440 1872 1550 1892 uxorem
1565 1865 1700 1893 dimittere
1710 1866 1801 1894 volue-

1014 1912 1079 1944 rint,
1102 1919 1150 1938 nos
1180 1911 1354 1938 diaconorum
1382 1919 1414 1939 ac
1430 1912 1647 1947 presbyterorum
1666 1912 1801 1940 connubia

1014 1957 1103 1984 valere
1119 1957 1257 1991 volumus;
1273 1957 1319 1993 qui
1335 1961 1426 1985 autem
1440 1957 1589 1985 dissolvere
1606 1958 1739 1993 coegerit,
1754 1958 1805 1986 de-

1014 2006 1139 2037 ponetur.

1021 2048 1024 2054 ’
1050 2048 1095 2074 l7.
1112 2047 1256 2083 Presbyter
1277 2047 1386 2082 triginta
1409 2048 1487 2075 annis
1509 2047 1606 2081 minor,
1625 2052 1652 2075 et
1671 2048 1806 2077 diaconus

1016 2093 1111 2128 viginti
1129 2094 1259 2128 quinque,
1274 2098 1301 2121 et
1315 2094 1466 2121 diaconissa
1482 2094 1673 2130 quadraginta,
1688 2102 1718 2123 ac
1735 2097 1805 2124 sub-

1016 2140 1147 2167 diaconus
1161 2139 1266 2174 viginti,
1281 2140 1433 2174 deponendi
1448 2144 1521 2168 sunt.

1049 2235 1092 2263 l8.
1107 2235 1157 2269 Qui
1172 2235 1236 2263 dicit
1249 2241 1351 2271 septem
1366 2235 1495 2273 diacopos
1509 2243 1581 2269 esse,
1594 2235 1671 2270 juxta
1687 2236 1713 2263 id
1727 2235 1805 2270 quod

1015 2281 1042 2310 iu
1057 2281 1170 2309 Actibus
1184 2281 1284 2308 dictum
1296 2284 1347 2314 est,
1359 2282 1437 2312 sciat,
1449 2289 1501 2309 non
1516 2281 1549 2309 de
1563 2282 1595 2309 iis
1607 2282 1652 2316 qui
1667 2283 1806 2317 mysteriis

1015 2327 1181 2359 deserviunt,
1194 2327 1241 2354 sed
1256 2327 1289 2354 de
1304 2327 1338 2354 iis
1351 2328 1397 2362 qui
1413 2328 1514 2355 mensis
1530 2328 1728 2360 ministrabant,
1743 2335 1806 2356 scr—

1015 2379 1120 2399 monem
1137 2378 1207 2399 esse.

1050 2417 1094 2444 l9.
1107 2416 1158 2450 Qui
1174 2417 1289 2452 suscipit
1301 2422 1442 2446 externum
1459 2418 1586 2445 clericum
1600 2424 1714 2453 eumque
1726 2418 1803 2445 ordi-

1014 2468 1072 2494 nat,
1087 2470 1148 2490 cum
1167 2463 1237 2490 male
1251 2463 1373 2491 ordinato
1388 2463 1544 2498 deponitur.

1050 2509 1099 2536 20.
1116 2510 1166 2542 Qui
1184 2515 1294 2544 propter
1308 2509 1490 2537 Barbarorum
1509 2509 1691 2536 incursionem
1709 2509 1803 2536 locum

1016 2553 1141 2586 mulavit,
1157 2553 1203 2580 ubi
1221 2554 1367 2582 cessaverit
1385 2554 1512 2586 incursio,
1526 2558 1675 2581 revertatur
1691 2554 1724 2581 ad
1740 2562 1804 2581 caris

1015 2598 1163 2628 Ecclesiatn
1183 2599 1210 2626 in
1230 2599 1306 2633 cujus
1327 2600 1428 2627 clerum
1448 2599 1549 2626 ascitus
1569 2603 1612 2626 est
1632 2608 1639 2627 :
1663 2600 1705 2627 sin
1724 2607 1803 2632 ven»,

1016 2652 1076 2673 cum
1093 2651 1126 2672 eo
1141 2644 1186 2679 qui
1203 2645 1289 2680 ipsum
1307 2646 1424 2680 suscepit
1439 2649 1605 2681 segregetur.

1049 2689 1160 2723 2|.Qui
1177 2689 1304 2718 Ecclesiae
1320 2691 1421 2719 eximio
1435 2691 1552 2726 quodam
1572 2691 1653 2719 modo
1671 2692 1802 2726 pra-posi-

1016 2741 1060 2764 tus
1076 2741 1130 2770 est,
1145 2736 1291 2764 Dominicis
1307 2735 1405 2764 doceat
1419 2737 1556 2772 dogmata,
1571 2743 1653 2772 atque
1669 2739 1802 2770 interpre-

1017 2787 1088 2810 tetur
1103 2791 1156 2810 non
1175 2789 1224 2810 suo
1243 2787 1339 2816 marte,
1357 2784 1402 2810 sed
1421 2785 1491 2812 sicut
1507 2785 1592 2811 sancti
1611 2784 1703 2811 I‘ntrcs
1719 2791 1800 2810 exuo-

1016 2833 1138 2856 suerunt.
