1929 3076
126 93 161 125 99
753 89 939 120 ARISTENI
959 89 1133 120 MONACHI

1709 91 1757 122 lCO

161 149 208 177 22.
225 148 275 182 Qui
292 148 318 175 in
334 152 492 183 perpetuum
507 146 646 182 depositus
661 150 713 178 est,
729 151 809 181 atque
825 146 852 173 iu
869 146 916 172 lai-

1005 146 1058 180 κβ¹.
1077 145 1108 175 Τ
1129 146 1259 181 Fin-.2413;
1276 146 1481 182 καθῃρημένος,
1498 145 1546 173 καὶ
1560 146 1600 178 εἰς
1616 145 1679 177 τοὺς
1698 146 1758 172 λαῖ-

126 203 222 223 cnrum
239 195 362 222 ordinem
379 194 516 226 redactus,
530 193 650 228 pteuitus
668 191 824 224 tondeatur,
836 191 918 226 idque

126 242 213 269 solum
229 250 236 268 :
254 241 296 268 sin
314 247 389 272 vero,
403 247 508 267 comam
526 239 639 266 nutriat.

164 286 210 313 ‘25.
228 286 260 313 Et
279 285 325 320 qui
352 285 555 312 immaculatam
579 284 794 311 communionem
819 284 919 318 imper-

129 334 218 360 ticudo
233 333 342 359 obolmu
357 332 451 367 exigit,
463 335 510 358 aut
522 331 602 357 aliam
617 330 747 364 speciem,
759 330 919 364 deponatur.

164 378 209 404 24.
233 378 357 405 Clericus
383 378 429 412 qui
456 377 490 404 ad
521 377 659 404 circenses
685 375 853 407 ascenderit,
873 379 919 403 aut

130 422 283 458 thymelicis
296 423 329 449 ad
345 422 454 457 nuptias
467 421 633 456 ingrcssuris
647 428 698 448 non
715 420 827 451 recedit,
838 419 919 454 depo-

129 475 219 495 natur.
704 466 706 468 ’

164 515 210 542 25.
227 515 382 543 Rusticume
402 519 430 541 et
447 521 508 549 quae
528 513 556 541 in
574 513 640 540 vicis
660 516 725 540 sunt
741 510 882 546 parmciae,
897 510 920 538 si

129 569 176 594 rer
189 561 297 595 triginta
310 567 395 588 annos
407 567 538 595 possessa:
551 558 663 590 fuerim,
674 562 817 585 teneantur
829 565 836 583 :
851 555 920 584 infra

130 610 204 636 vero,
217 603 404 631 controversia
419 605 452 631 de
466 604 499 631 iis
514 603 616 630 moveri
633 603 742 636 poterit.

165 649 210 676 26.
225 649 372 684 Presbyter
387 650 432 684 qui
450 649 478 676 in
497 648 620 675 illicitum
640 647 766 674 inciderit
782 646 921 673 matrimo-

130 696 216 728 nium,
229 696 367 730 depositus
379 695 516 723 cathedra:
530 694 617 722 solum
634 695 770 729 particeps
785 693 831 726 sil,
846 693 920 720 Ortini

131 743 236 777 piaculo
250 746 425 778 expurgatus.

166 788 211 815 27.
228 788 291 816 Uvae
312 797 326 815 a
347 787 508 823 quihusdam
529 788 672 815 incruento
689 787 825 815 sacriﬁcio
843 786 921 814 adhi-

970 192 1034 221 κοὺς
1047 192 1194 224 ἀπωσθεὶς,
1209 193 1432 227 μεταμελόμενος
1448 192 1584 227 κειρέσθω
1594 191 1642 218 καὶ
1659 191 1741 226 μόνον
1751 198 1758 205 ·

969 237 994 262 εἰ
1011 237 1039 263 δὲ
1056 237 1105 272 μὴ,
1121 238 1171 273 τὴν
1185 238 1275 272 κόμην
1289 237 1471 273 ἐπιτρεφέτω.

1006 287 1060 317 κγ’.
1084 284 1138 311 Καὶ
1162 285 1176 310 ὁ
1197 284 1246 319 τῆς
1266 284 1402 319 ἀχράντου
1427 283 1586 319 μεταδιδοὺς
1604 283 1759 314 κοινωνίας,

970 330 1064 357 ὀϐολὸν
1079 330 1216 363 ἀπαιτῶν,
1234 330 1251 365 ἢ
1264 330 1359 366 ἕτερον
1374 327 1456 361 εἶδος,
1471 329 1667 364 καθαιρείσθω.

1008 374 1057 404 κδ’.
1075 377 1215 412 Κληρικὸς
1238 376 1432 412 ἱπποδρομίαις
1455 375 1549 408 ἀνιὼν,
1575 376 1761 411 ἢμελλόντων

972 423 1087 449 εἰσιέναι
1103 422 1258 458 θυμελικῶν
1276 423 1305 449 ὲν
1322 422 1405 457 γάμῳ
1424 421 1461 457 μὴ
1481 422 1677 456 ἀφιστάμενος,
1692 423 1760 449 καθ-

973 469 1115 504 αιρείσθω.

1009 514 1058 541 κε’.
1080 515 1254 550 Ἀγροικικαὶ
1264 515 1312 542 καὶ
1329 514 1459 550 ἐγχώριοι
1476 514 1620 549 παροικίαι
1637 522 1764 549 τριακον-

971 560 1084 587 ταετίιν
1106 560 1248 596 ἐχόμεναι,
1270 561 1484 596 κατεχέσθωσαν
1497 568 1504 576 ’
1523 560 1597 587 ενδον
1614 559 1654 590 δὲ,
1672 559 1701 586 τὸ
1715 560 1764 593 ἀμ-

973 606 1177 645 φιᾳῦητήσιμον
1193 606 1298 638 ἕξουσι.

1012 654 1067 686 κς’.
1084 654 1272 690 Πρεσϐύτερος
1286 653 1401 688 aeta“,
1413 653 1571 686 περιπεσὼν
1589 651 1681 687 γάμῳ,
1699 652 1766 679 καθ-

973 701 1093 736 αιρεθεὶς
1125 700 1262 735 καθέδρας
1297 699 1436 735 μετεχέτω
1461 699 1510 727 καὶ
1546 699 1638 734 μόνον,
1663 698 1767 730 παντὸς

972 746 1109 778 διαλυθεὶς
1122 745 1170 772 τοῦ
1189 745 1358 781 μιάσματος.

1009 793 1061 825 κζ’.
1083 792 1220 827 Σταφυλαὶ
1245 792 1315 827 πρός
1333 799 1414 819 τινων
1432 792 1466 827 τῇ
1493 791 1658 827 ἀναιμάκτῳ
1686 790 1768 825 θυσίᾳ

131 835 230 862 bentur
245 844 251 862 :
271 836 322 862 hoc
337 842 402 863 vero
416 835 562 870 quominus
580 834 723 869 quisquam
741 833 858 868 amplius
875 841 923 860 au-

986 840 1179 866 mva’tmoveat'
1206 838 1238 865 τὸ
1259 838 1288 865 δὲ
1312 838 1412 873 μηκέτι
1427 837 1592 873 τολμᾶσθαι,
1610 837 1764 873 διώρισται.

131 882 203 914 deat,
218 882 328 908 decreto
343 887 451 914 cantum
467 885 520 908 est.

167 929 202 955 28
227 928 382 964 Presbyteri
401 928 446 963 qui
464 928 491 954 in
509 927 690 954 Barbarorum
713 925 843 954 Ecclesiis
860 934 922 953 ver-

130 980 235 1007 santur,
253 974 304 1002 etsi
328 982 444 1002 uxorum
468 973 633 1001 commercio
655 973 688 999 ad
710 977 816 1007 tempus
839 972 923 999 absti-

131 1026 228 1053 neant,
247 1025 337 1047 tamen
362 1027 396 1046 ne
422 1019 537 1053 amplius
559 1026 620 1045 cum
646 1017 679 1045 iis
702 1017 822 1052 quolibet
844 1017 924 1044 tnodo

131 1066 353 1094 consuetudinem
370 1066 497 1092 habeant.

165 1113 212 1141 29.
231 1112 340 1139 Patrum
362 1110 482 1138 nonnulli
500 1109 544 1137 die
561 1110 657 1137 divinae
673 1108 764 1136 Caenis
781 1113 923 1144 postquam

132 1162 298 1190 manassent,
311 1156 462 1184 offerebant
475 1164 483 1183 :
497 1156 586 1183 visum
599 1160 640 1183 est
656 1155 739 1190 igitur
755 1155 859 1189 synodo
873 1154 924 1181 hoc

132 1213 186 1232 non
203 1204 320 1239 amplius
337 1203 405 1230 ileri.

168 1249 213 1277 ιο.
230 1249 286 1277 Nisi
303 1257 363 1276 cum
380 1255 513 1275 consensu
528 1247 660 1282 episcopi,
676 1247 703 1274 in
718 1247 839 1275 oratorio
853 1246 924 1282 quod

133 1300 174 1323 est
191 1296 260 1322 intra
278 1295 398 1326 domum,
417 1302 471 1322 non
487 1293 595 1321 olTeres.

169 1341 214 1368 5i.
231 1341 341 1373 Eorum,
355 1341 401 1375 qui
423 1339 509 1367 solam
531 1347 626 1374 aquam
648 1340 674 1366 in
695 1336 859 1367 sacriﬁcium
879 1339 927 1366 ad-

134 1387 274 1420 hibebant,
291 1386 418 1413 haeresim
443 1386 540 1413 tollens
555 1385 778 1420 Chrysostomus,
796 1385 923 1419 Quando,

134 1431 232 1467 inquit,
245 1438 342 1465 passus
356 1434 398 1457 est
413 1430 543 1457 Dominus
560 1434 587 1456 et
604 1429 763 1462 resurrexit,
779 1431 841 1456 vino
858 1435 925 1455 usus

132 1482 184 1504 cst.
204 1476 261 1504 Hoc
283 1480 396 1511 accepto
418 1475 539 1502 Armenii
564 1475 656 1502 vinum
681 1476 766 1503 solum
789 1475 923 1506 oll’erunt,

133 1523 285 1550 nescientes
301 1523 389 1556 ipsum
404 1522 485 1549 etiam
501 1521 723 1556 Chrysostomum
740 1526 768 1549 et
782 1520 921 1553 Basilium,

133 1575 164 1594 ac
181 1566 312 1594 Jacobum
331 1566 394 1593 vino
412 1573 480 1600 aqua
501 1566 583 1592 misto
602 1573 666 1592 usos
683 1565 777 1597 fuisse,
794 1565 925 1598 nobisque

134 1618 162 1639 ut
179 1612 214 1638 ita
232 1612 394 1639 olTerremus
411 1611 565 1638 tradidisse.
581 1612 610 1638 Si
626 1611 688 1646 quis
706 1611 787 1646 igitur
802 1615 848 1638 aut
861 1612 925 1639 vino

131 1658 200 1691 solo,
216 1663 261 1685 aut
282 1665 351 1692 aqua
376 1657 445 1689 sola,
459 1664 512 1684 non
533 1664 598 1684 vero
619 1658 699 1685 mista
719 1661 821 1690 utatur,
838 1657 922 1692 depo-

132 1708 197 1730 natu
202 1711 224 1730 Γ.

170 1749 215 1776 52.
232 1748 410 1777 Ordinatione
427 1748 534 1783 dignus,
547 1751 575 1775 et
593 1748 638 1783 qui
657 1749 683 1775 in
702 1755 781 1776 sacro
798 1752 926 1776 censetur

132 1801 249 1828 genere,
267 1799 350 1828 atque
374 1793 442 1824 alio.
459 1793 600 1821 ordinetur
623 1800 630 1819 :
654 1793 700 1827 qui
721 1801 784 1821 vero
807 1801 861 1820 non
885 1797 926 1820 est

135 1846 286 1887 tonst‘ac
298 1840 511 1868 benedictionem
527 1845 690 1866 consacutus
704 1845 756 1871 cst,
770 1839 796 1866 in
810 1840 925 1867 amboue

133 1886 382 1914 sat'ros'sermones
399 1893 453 1913 non
471 1886 551 1920 leget.

167 1932 213 1959 53.
233 1931 368 1966 Episcopo
391 1933 446 1959 vita
472 1932 637 1964 excedente,
655 1931 745 1959 clerus
770 1937 830 1960 acta
855 1932 926 1960 illius

133 1978 252 2004 servabit
267 1984 274 2003 :
291 1977 312 2004 si
329 1982 418 2004 autem
433 1985 486 2004 non
503 1977 613 2005 relictus
629 1982 671 2005 cst
684 1977 810 2011 clericus,
825 1984 925 2006 metro-

136 2023 273 2058 politauus
293 2023 350 2058 ipsa
374 2024 508 2051 custodiet
526 2031 611 2058 usque
630 2025 663 2051 ad
684 2024 753 2053 alius
774 2026 925 2053 ordinatio-

133 2076 206 2096 nem.

167 2119 212 2148 34.
230 2119 379 2156 Episcopus
396 2122 440 2157 qui
459 2126 569 2157 propter
585 2121 769 2150 Barbarorum
792 2123 926 2151 incursio-

1008 930 1063 965 κη’.
1080 924 1140 957 ’Καὶ
1149 931 1173 956 οί
1191 929 1220 956 ὲν
1237 928 1418 964 βαρϐαρικαῖς
1439 928 1618 963 Ἐκκλησίαις
1630 928 1722 962 ἱερεῖς,
1742 929 1767 955 εί

973 976 1023 1010 τῆς
1041 976 1094 1002 τῶν
1115 975 1238 1010 συμδίων
1265 974 1438 1010 προσκαίρου
1459 974 1569 1008 ὁμιλίας
1591 974 1741 1009 ἀπὲχτινται
1755 983 1763 990 ⁶

975 1021 1031 1048 ἀλλ’
1052 1018 1099 1047 οὖν
1121 1020 1219 1056 μηκέτι
1247 1020 1358 1051 ταύταις
1383 1020 1442 1047 καθ’
1458 1018 1648 1055 οἰονδηποτοῦν
1668 1020 1766 1055 ὁμιλεῖ-

973 1075 1065 1094 τωσαν
1080 1066 1193 1101 τρόπον.

1010 1112 1062 1139 κθ’.
1088 1112 1168 1142 Τινὲς
1182 1111 1236 1138 τῶν
1260 1111 1392 1145 Πατὲρων
1416 1111 1466 1146 τὴν
1491 1111 1599 1147 ἡμέραν
1624 1111 1673 1138 τοῦ
1693 1111 1766 1138 οείου

975 1158 1087 1185 Δείπνου
1109 1158 1178 1193 μετὰ
1192 1158 1223 1184 τὸ
1237 1158 1382 1193 δειπνῆσαι
1402 1158 1542 1193 προσῆγον
1555 1167 1562 1174 ·
1581 1158 1655 1191 ἔδοξε
1675 1158 1767 1185 τοίνυν

975 1207 1008 1241 τῇ
1027 1205 1131 1240 συνόδῳ
1144 1205 1223 1232 τοῦτο
1242 1206 1279 1240 μὴ
1293 1204 1429 1239 γίνεσθαι.

1009 1250 1042 1277 λ’.
1064 1250 1096 1277 Ει
1117 1251 1154 1286 μὴ
1174 1251 1244 1285 μετὰ
1265 1250 1380 1286 γνώμης
1404 1250 1567 1283 ἐπισκόπου,
1590 1251 1664 1278 ἔνδον
1690 1252 1765 1279 οἴκου

976 1296 1016 1327 εἰς
1032 1296 1190 1331 εὐκτήριον,
1202 1296 1233 1322 οὐ
1252 1297 1416 1331 προσάγεις.

1012 1342 1064 1369 λα’.
1082 1343 1137 1377 Τῆν
1149 1342 1203 1369 τῶν
1221 1343 1473 1379 ὑδροπαραστατῶν
1491 1343 1613 1378 ἀναιρῶν
1632 1343 1739 1379 αἰρεσιν
1753 1346 1768 1372 ό

976 1389 1181 1424 Χρυσόστομος,
1200 1388 1308 1421 Ἡνίκα,
1325 1388 1547 1423 φησὶ.πέπονθεν
1563 1389 1577 1414 ὁ
1591 1389 1704 1424 Κύριος,
1720 1390 1768 1415 καὶ

977 1435 1144 1469 ἐγήγερται,
1166 1434 1230 1469 οἴνῳ
1248 1435 1394 1469 ἐχρήσατο.
1414 1434 1499 1461 Τοῦτο
1516 1434 1644 1466 λαϐόντες
1658 1435 1682 1461 οἱ
1707 1435 1768 1470 ’Δρ-

979 1481 1078 1516 μένιοι,
1093 1478 1165 1507 οἶνον
1178 1480 1345 1514 προσάγουσι
1360 1480 1452 1514 μόνον,
1464 1480 1514 1508 οὐκ
1528 1481 1628 1512 εἰδότες
1645 1482 1694 1508 καὶ
1708 1482 1763 1508 αὐ-

975 1527 1021 1553 τὸν
1039 1528 1085 1552 τὸν
1102 1526 1308 1561 Χρυσόστομον,
1327 1527 1375 1552 καὶ
1390 1526 1545 1559 Βασίλειον,
1567 1528 1614 1554 καὶ
1639 1526 1768 1554 Ἰάκωϐον

976 1572 1040 1607 οἴνῳ
1056 1571 1221 1607 μεμιγμένῳ
1237 1572 1313 1599 ὕδατι
1328 1573 1529 1608 κεχρημένους,
1545 1574 1594 1599 καὶ
1609 1573 1676 1607 ἡμῖν
1695 1571 1768 1600 οὕτω

976 1617 1204 1652 παραδεδωκότας
1221 1618 1385 1653 προσάγειν.
1406 1618 1440 1645 Et
1457 1627 1500 1650 τις
1514 1616 1561 1645 οὖν
1575 1619 1590 1654 ἢ
1605 1618 1668 1654 οἴνῳ
1682 1619 1767 1654 μόνῳ,

976 1663 993 1698 ἢ
1007 1662 1084 1689 ὕδατι
1096 1663 1180 1698 μόνῳ,
1202 1663 1260 1689 ἀλλ’
1279 1663 1340 1699 οὐχὶ
1358 1663 1522 1699 μεμιγμένῳ
1546 1664 1646 1699 χρῷτο,
1669 1664 1768 1692 καθαι-

978 1708 1090 1743 ρείσθω.

1011 1751 1062 1787 λβ’.
1083 1752 1111 1779 '0
1126 1753 1298 1788 χειροτονίας
1311 1753 1436 1787 ὲπὰξιος,
1451 1754 1500 1781 καὶ
1519 1754 1549 1788 ἐξ
1566 1754 1708 1789 ίερατικοῦ
1725 1763 1771 1781 τε-

976 1795 1030 1823 λῶν
1043 1796 1148 1830 γένους,
1165 1797 1213 1823 καὶ
1228 1797 1258 1830 ὲξ
1278 1798 1384 1833 ἐτέρου,
1401 1798 1612 1834 χειροτονείσθω
1623 1806 1631 1814 ·
1650 1799 1664 1825 ὁ
1680 1799 1709 1825 δὲ
1731 1799 1770 1834 μὴ

977 1843 1159 1878 κεκαρμένος,
1181 1843 1229 1870 καὶ
1243 1843 1369 1877 εὐλογίας
1393 1844 1493 1879 τυχὼν,
1519 1845 1562 1871 ἐπ’
1584 1844 1712 1880 ἄμδωνος
1726 1845 1768 1871 ἰε-

977 1889 1042 1923 ροὺς
1055 1888 1152 1922 λόγους
1164 1890 1215 1915 οὐκ
1226 1889 1431 1924 ἀναγνώσεται.

1012 1934 1063 1969 λγ’.
1081 1935 1269 1967 Τελευτῶντος
1285 1936 1450 1968 ἐπισκόπου,
1465 1937 1479 1962 ὁ
1493 1935 1594 1971 κλῆρος
1608 1936 1768 1970 διαφυλάξει

976 1980 1011 2007 τὰ
1028 1980 1181 2016 πράγματα
1193 1989 1201 1996 ·
1219 1982 1243 2008 ει
1269 1981 1297 2007 δὲ
1312 1981 1351 2016 μὴ
1368 1981 1564 2008 ὑπολέλειπται
1594 1982 1736 2017 κληρικὸς,
1755 1983 1769 2009 ὁ

978 2027 1183 2063 μητροπολίτης
1198 2027 1271 2055 αὐτὰ
1283 2027 1444 2062 διαφυλάξει
1461 2028 1514 2061 ἕως
1531 2027 1581 2063 τῆς
1599 2028 1696 2063 ἑτέρου
1712 2037 1771 2063 χει·

979 2074 1114 2110 ροτονίας.

1011 2121 1057 2149 λδν.
1078 2121 1108 2148 '0
1122 2121 1167 2148 διὰ
1177 2121 1327 2156 Βαρὸἀρων
1340 2121 1436 2155 ἔφοδον
1451 2121 1488 2156 μὴ
1499 2120 1615 2152 ἐπιστὰς
1625 2120 1664 2156 τῷ
1681 2121 1769 2157 θρόνῳ

133 2175 193 2194 nem
209 2168 307 2194 throno
322 2176 374 2195 non
392 2168 530 2203 praesidet,
543 2169 678 2203 propriam
694 2169 786 2196 sedem
802 2170 923 2197 obtineat

986 2167 1134 2199 πίσκοπος.
1155 2169 1201 2194 καὶ
1227 2167 1365 2202 καθέδραν
1390 2168 1439 2203 τὴν
1466 2167 1571 2193 οἰκείαν
1596 2167 1695 2202 ἐχέτω,
1720 2168 1769 2193 καὶ

132 2213 303 2249 ordinetque,
317 2219 400 2248 atque
416 2215 508 2242 omnia
523 2214 669 2243 sacerdotii
687 2222 798 2242 munera
814 2215 923 2243 validis-

132 2259 202 2285 sime
217 2258 355 2293 fungatur.

170 2306 217 2334 55.
234 2306 383 2335 Monachus
404 2307 537 2336 decennio
560 2307 709 2335 solitariam
730 2308 811 2334 vitam
834 2308 922 2343 deget.

131 2351 208 2380 Licet
229 2353 300 2381 enim
325 2354 404 2381 divus
428 2353 545 2381 Basilius
569 2362 631 2382 eam
658 2362 718 2390 quae
744 2355 854 2382 detonsa
882 2359 925 2381 est

132 2399 326 2433 seplemdecim
344 2407 430 2427 annos
447 2400 557 2435 exigere
572 2400 726 2434 censuerit,
744 2407 837 2428 verum
854 2407 923 2434 quo-

132 2445 217 2476 niam,
226 2446 399 2480 praecipiente
407 2446 546 2480 Apostolo,
555 2447 663 2473 viduam
678 2447 703 2473 in
718 2446 837 2474 Ecclesia
847 2454 925 2473 sexa-

133 2493 206 2524 ginta
223 2498 309 2519 armos
329 2497 419 2518 natam
437 2492 588 2527 eligendam
607 2499 668 2519 esse
678 2491 701 2524 ’⁵,
719 2491 813 2518 Patres
831 2490 924 2518 diaco-

133 2537 235 2563 nissam
258 2537 501 2572 quadragenariam
526 2538 583 2565 ﬂeri
608 2538 736 2565 dixerunt
759 2545 766 2563 ι
793 2538 925 2565 validiore

134 2582 204 2609 facta
222 2581 354 2616 Ecclesia,
369 2591 417 2611 nos
435 2591 545 2619 quoque
561 2584 642 2611 citius
657 2583 774 2618 sigillum
792 2584 924 2611 monacho

135 2628 308 2661 imponimus.
454 2636 458 2640 λ

166 2673 212 2699 56.
226 2673 276 2706 Qui
293 2674 472 2703 includendus
485 2681 539 2708 est,
554 2675 700 2704 triennium
717 2674 743 2701 in
759 2673 924 2701 monasterio

131 2718 207 2752 prius
231 2719 326 2754 degat,
354 2728 386 2749 ac
410 2722 568 2758 priusquam
594 2722 746 2750 includatur
772 2721 817 2748 ubi
842 2721 924 2748 alium

170 2809 200 2837 ‘l
216 2810 317 2845 Tim.v,
331 2813 357 2841 9.

975 2213 1175 2249 χειροτονείτω,
1195 2214 1242 2240 καὶ
1257 2207 1347 2239 πάντα
1364 2213 1398 2239 τὰ
1415 2212 1466 2246 τῆς
1481 2212 1635 2247 ἱερωσύνης
1649 2213 1770 2247 ἐνεργεί-

975 2268 1015 2286 τω
1027 2259 1200 2295 βεϐαιότατα.

1012 2304 1058 2332 λε’.
1084 2305 1113 2332 '0
1130 2305 1266 2341 μονάζων,
1286 2304 1399 2339 μονάσει
1414 2304 1558 2339 δεκαετὴς.
1575 2304 1606 2330 Εἰ
1622 2304 1677 2338 γὰρ
1692 2303 1741 2331 καὶ
1755 2305 1770 2331 ὀ

976 2352 1047 2383 θεῖος
1065 2352 1204 2383 Βασίλειος
1229 2352 1279 2388 τὴν
1307 2352 1534 2387 ἀποκειραμένην
1564 2351 1610 2379 τὸν
1636 2353 1770 2379 ἑπτακαι-

975 2398 1090 2424 δέκατον
1119 2398 1213 2425 ἀνύειν
1239 2398 1336 2434 χρόνον
1364 2399 1525 2434 ἀπέφηνεν·
1554 2399 1613 2426 ἀλλ’
1627 2399 1688 2426 ἐπεὶ
1720 2398 1768 2425 τοῦ

981 2441 1147 2469 Ἀποστόλου
1178 2443 1363 2479 ὲξηκονταετῆ
1387 2441 1472 2471 οὖσαν
1492 2443 1542 2480 τὴν
1566 2445 1596 2471 ὲν
1620 2444 1768 2480 Ἐκκλησία

975 2489 1066 2524 χήραν
1080 2488 1246 2522 ἐγγυῶντος,
1265 2491 1289 2516 οἱ
1310 2491 1434 2525 Πατέρες
1450 2490 1500 2526 τὴν
1515 2490 1690 2517 διακόνισσαν
1702 2499 1768 2516 τεσ-

977 2536 1183 2571 σαρακονταετῆ
1202 2536 1340 2570 γίνεσθαι,
1372 2537 1575 2573 κραταιοτέρας
1591 2538 1641 2572 τῆς
1656 2536 1770 2571 Ἐκκλη-

976 2581 1037 2612 eia;
1054 2581 1256 2616 γεγενημένης,
1268 2583 1318 2609 καὶ
1330 2583 1411 2617 ἡμεῖς
1421 2582 1550 2618 ὀξύτερον
1563 2583 1614 2619 τὴν
1633 2581 1771 2617 σφραγίδα

976 2626 1015 2661 τῷ
1033 2627 1177 2662 μονάζοντι
1197 2637 1230 2663 ση
1236 2628 1404 2663 μαινόμεθα.

1012 2672 1067 2706 λς’.
1089 2673 1119 2700 ’0
1141 2673 1406 2710 ὲγκλεισθησόμενος
1422 2675 1546 2711 τριετίαν
1569 2674 1725 2711 προδιάγων
1741 2676 1770 2700 ἐν
1815 2690 1823 2699 ι

976 2719 1014 2754 τῷ
1035 2721 1222 2756 μοναστηρίῳ,
1247 2722 1295 2748 καὶ
1320 2721 1372 2756 πρὸ
1401 2721 1446 2756 τῆς
1468 2721 1648 2756 ἑγκλείστρας
1676 2721 1770 2756 ἕτερον
