1929 3076
118 122 169 154 103

113 181 200 216 iaceat
216 189 223 208 :
239 183 332 209 eodem
347 180 427 209 modo
441 185 468 209 et
483 180 530 216 qui
542 179 695 215 iuramenta
711 183 866 214 extorquet.

152 271 197 299 55.
212 271 262 304 Qui
276 270 483 298 circulamribns
497 273 524 297 et
539 268 718 297 nebulonibus
732 268 861 299 adimeret,
875 275 907 295 ae

115 317 170 344 fato
185 321 213 344 et
225 316 341 343 fortunae
357 316 455 349 credit,
468 316 502 343 ab
516 314 644 342 Ecclesiae
660 319 796 342 conventu
813 321 908 341 arcen-

115 365 165 392 dus
179 368 231 390 est.

150 411 195 437 56.
212 409 234 436 A
253 409 372 436 ﬁdelium
389 408 451 435 vita:
467 407 573 434 ratione
590 406 750 434 auferantur
765 413 863 441 pascua
880 411 908 433 et

115 456 259 488 brumalia,
272 459 298 481 et
313 455 471 483 saltationes
486 454 512 481 in
527 454 638 481 deorum
654 453 785 479 honorem
801 459 907 479 necnon

116 503 240 533 conuictu,
254 502 370 530 satirica:
385 505 412 528 et
429 500 536 534 tragicae
551 506 685 535 personas,
702 502 782 533 atque
799 499 908 525 invoca-

117 548 155 574 tio
177 547 274 575 Bacchi
298 547 325 574 in
350 545 541 577 torcularibus,
557 535 683 578 risusque
702 544 729 570 in
751 543 840 571 doliis.
857 543 907 576 Qui

115 602 181 621 vero
200 599 260 628 post
272 594 344 621 hunc
360 599 492 620 eanoneni
510 591 536 618 in
551 590 594 618 his
611 589 787 626 perstiterint.
801 590 907 617 crimini

115 643 195 666 eriint
213 638 334 666 obnoxii.

151 685 195 712 57.
213 684 336 712 Couiicla
358 692 373 711 a
395 683 497 712 Grzecis
520 681 721 718 Martyrologia,
737 680 764 708 in
785 680 909 709 ecclesiis

116 740 150 759 ne
166 732 325 759 recitcntur.

153 777 198 805 58.
212 777 310 804 Laieus
326 784 360 804 ne
374 777 470 805 doceat
482 786 489 804 :
503 783 555 804 non
567 775 640 804 enim
652 781 747 803 omnes
758 775 908 809 propheirc,

116 831 204 858 neque
221 830 316 850 omnes
333 823 455 858 apostoli.

151 868 196 896 59.
213 867 281 903 [ζοεὶ
300 868 345 902 qui
363 868 389 895 in
408 867 529 895 tabernis
546 866 693 894 noviluniis
715 869 906 896 exstruuntur.
924 859 946 887 Β

115 914 218 949 quique
235 921 282 941 cos
300 913 466 946 transiliunt,
481 912 656 947 abrogentur.

152 1003 198 1031 60.
209 1003 276 1031 Tota
289 1008 350 1038 post
360 1000 787 1035 Resurrectionemhebdomada,
796 1000 910 1035 quilibet

117 1050 205 1077 fidelis
222 1050 409 1077 ecclesiastico
425 1049 572 1076 conveniui
589 1047 708 1075 intersit.

154 1097 197 1124 6|.
215 1096 337 1124 Clericus
360 1096 520 1130 sanguinem
544 1095 713 1122 inanducaiis
734 1093 880 1129 deponitur
901 1103 908 1121 :

117 1143 203 1170 laicus
219 1149 283 1170 vero
300 1142 563 1170 excommunicatur.

155 1189 200 1216 62.
215 1188 273 1216 Νοη
290 1195 448 1222 corrumpes
460 1187 582 1215 divinum
599 1188 732 1222 codicem,
746 1195 834 1223 neque
850 1195 912 1214 cor-

121 1234 302 1269 rumpctidum
318 1234 404 1267 dabis,
417 1233 468 1261 nisi
484 1241 596 1268 prorsus
610 1234 713 1262 inutilis
727 1234 763 1261 sit
778 1233 910 1261 redditus.

155 1279 205 1306 65.
224 1278 324 1305 Practer
346 1279 547 1313 imperatorem,
562 1278 652 1307 nullus
672 1279 800 1307 laicorum
822 1278 912 1313 propi-

120 1326 259 1353 tiatorium
278 1325 439 1359 ingreditur.

154 1373 198 1400 64.
216 1373 373 1400 lilulieribus
396 1372 468 1406 loqui
495 1372 520 1399 in
539 1371 656 1400 ecclesia
674 1380 728 1401 non
748 1372 910 1408 permissum

119 1423 173 1446 est.

155 1464 200 1492 65.
229 1464 488 1492 Excominunicatur
517 1463 708 1499 iegisperitus,
748 1464 794 1499 qui
837 1470 912 1490 more

120 1512 211 1548 gentili
227 1512 321 1544 utitur,
335 1519 367 1539 ac
386 1511 501 1538 theatris
515 1511 626 1539 adhibet
640 1516 667 1539 et
681 1518 742 1539 sese
758 1511 874 1538 volutat.

156 1559 202 1586 66.
224 1558 376 1586 lnvalidnin
395 1566 456 1585 cum
470 1557 606 1585 haereticis
622 1558 844 1590 matrimonium;
865 1557 910 1591 qui

121 1609 211 1631 autem
236 1609 316 1631 antea
343 1604 550 1637 contraxerunt,
567 1603 589 1630 si
607 1603 699 1635 velint,
716 1602 742 1630 in
760 1610 792 1630 eo
809 1610 914 1629 uerma-

121 1655 215 1678 neant.

156 1695 202 1723 67.
224 1696 296 1723 Crux
313 1695 373 1723 solo
388 1695 534 1730 impressa,
549 1694 735 1722 oblitteratur.

155 1743 200 1771 68.
240 1744 340 1777 Agapie
368 1747 394 1769 et
426 1740 566 1769 accubitus
591 1740 744 1768 Dominicis
772 1747 825 1767 non
852 1746 914 1774 per-

121 1792 251 1824 aguntur.

155 1843 202 1871 69.
218 1842 380 1872 lnconditus
404 1841 508 1869 clamor
521 1839 646 1868 canentis
662 1839 842 1875 impudenter,
854 1837 914 1873 qui-

120 1897 174 1924 que
195 1896 227 1916 ea
247 1896 307 1923 quae
333 1889 360 1916 in
387 1886 506 1916 ecclesia
529 1887 658 1914 dicuntur
682 1885 780 1918 elIert,
806 1884 916 1912 minime

123 1938 289 1969 congruunt.

160 1990 205 2017 70.
230 1989 303 2016 Intra
320 1994 428 2016 sacrum
450 1990 558 2022 septum
573 1993 698 2021 caupona
719 1984 849 2012 constitui
863 1991 915 2012 non

123 2036 227 2064 debet:
245 2043 277 2062 ac
299 2034 398 2062 ibidem
415 2032 493 2060 cibos
514 2032 605 2064 vendi,
624 2032 757 2066 ineptum.

159 2092 206 2118 Ἠ.
223 2089 396 2117 Christianus
408 2096 471 2129 cum
490 2087 650 2114 mulieribus
665 2093 719 2114 non
736 2085 853 2113 lavatur.

159 2136 204 2163 72.
233 2135 404 2162 llluininatus
421 2134 516 2168 quinta
537 2132 715 2160 hebdomade:
737 2131 816 2159 ﬁdem
834 2130 918 2166 proli-

124 2187 224 2210 tentur.

161 2239 205 2266 75.
238 2237 500 2266 Excommunicalur
524 2236 569 2271 qui
594 2239 655 2270 post
681 2234 778 2262 festum
797 2234 917 2269 Deipara:

125 2286 246 2313 similam
263 2290 310 2311 aut
334 2284 406 2311 aliud
425 2287 548 2318 apparat,
566 2287 676 2317 propter
688 2288 721 2309 ea
738 2289 798 2315 quae
816 2289 916 2308 vocan-

123 2338 170 2360 tur
187 2338 248 2367 pOSl
264 2336 370 2366 partum
388 2335 577 2365 piirgaiitenta.

164 2380 209 2406 74.
228 2378 256 2405 Si
271 2379 333 2413 quis
345 2378 413 2405 citra
429 2377 619 2405 necessitatem
636 2383 684 2410 per
696 2379 751 2402 tres
763 2373 917 2401 Doniinicas

125 2425 160 2454 ab
174 2426 287 2454 ecclesia
302 2425 385 2458 absit,
403 2423 665 2452 excounnunicatur.

162 2475 206 2502 75.
223 2474 272 2508 Qui
288 2474 320 2501 ad
337 2473 477 2508 Trisagion
495 2473 626 2508 hymnum
641 2470 732 2504 adjicit
745 2470 809 2496 illud
827 2478 834 2497 :
850 2468 918 2496 Cru-

127 2522 235 2556 ciﬁrm,
252 2520 396 2547 haereticus
413 2523 550 2546 censetur.

163 2567 207 2594 76.
231 2566 288 2592 Non
308 2566 415 2600 sctiipes
433 2572 529 2600 agnum
547 2565 573 2590 iii
595 2564 708 2598 ﬁguram
726 2561 847 2595 Christi,
871 2561 918 2588 sed

128 2613 202 2639 illum
225 2613 324 2646 ipsum.

164 2659 207 2685 77.
227 2658 328 2685 Servus
350 2666 365 2684 a
385 2657 495 2684 domino
511 2656 692 2683 manumissus
716 2661 808 2681 coram
826 2653 915 2680 tribus

130 2705 257 2736 testibus,
273 2703 413 2730 servitutis
431 2710 530 2738 expers
545 2703 590 2729 sit.

167 2751 210 2777 78.
236 2751 285 2783 Qui
313 2756 460 2785 congregat
484 2750 641 2777 meretrices
656 2749 683 2775 in
698 2747 846 2783 perniciem
859 2747 918 2773 ani-

130 2805 248 2830 marum,
262 2797 522 2824 excommunicatur.

166 2845 211 2873 79.
238 2845 303 2878 Quae
320 2853 334 2873 a
363 2845 420 2873 viro
449 2844 483 2872 ad
512 2844 596 2872 alium
611 2851 640 2871 se
656 2841 779 2875 confert,
795 2841 918 2869 adultera

741 118 926 150 ARISTENI
947 118 1124 150 MONACHI

1696 115 1747 147 104

920 183 940 209 Α
957 180 1079 206 πιπτέτω
1091 187 1097 194 ’
1113 178 1183 205 κατὰ
1199 178 1285 204 tam
1299 177 1347 204 καὶ
1358 178 1372 204 ὁ
1387 177 1485 213 ἄρτους
1500 175 1550 213 [αι.
1565 174 1674 212 ὅρκους]
1688 176 1748 202 ἐπι-

959 226 1119 260 συρόμενος.

992 274 1040 299 νε¹.
1060 271 1091 298 '0
1115 270 1259 305 γυτευταῖς
1277 269 1325 296 καὶ
1349 268 1544 303 νεφοδιώκταες
1560 259 1747 303 κολλώμενος,

957 317 1004 345 καὶ
1028 317 1184 353 εἱμαρμένῃ
1207 317 1254 343 καὶ
1268 316 1339 352 τύχῃ
1356 315 1502 346 πιστεύων,
1519 315 1568 349 τῆς
1584 313 1748 349 Ἐκκλησίας

957 365 1184 398 ἀποσυνάγωγος.
1598 381 1602 384 ι

994 413 1052 443 νς’.
1074 409 1274 445 Περιαιρείσθω
1293 409 1342 444 τῆς
1356 407 1412 435 τῶν
1426 407 1529 433 πιστῶν
1542 406 1576 433 τὰ
1594 405 1658 441 βοτὰ
1673 406 1749 432 πολι·

958 455 1049 489 τείας,
1071 456 1119 482 καὶ.
1141 456 1175 481 τὰ
1197 454 1366 490 βρουμάλια,
1388 453 1435 480 καὶ
1457 453 1486 479 αἱ
1508 453 1636 487 ὀρχήσεις
1659 452 1686 478 at
1709 452 1748 482 ei;

959 502 1054 534 θεοὺς,
1072 501 1119 529 καὶ
1135 501 1169 528 τὰ
1185 501 1313 536 κωμικὰ,
1332 500 1379 527 καὶ
1398 499 1549 534 σατυρικὰ,
1565 498 1612 525 καὶ
1628 497 1663 524 τὰ
1679 498 1748 533 τρσ.’-

958 548 1024 583 γικὰ
1041 548 1185 584 πρόσωπα,
1204 548 1252 574 καὶ
1267 548 1284 582 ἡ
1304 547 1351 574 ἐπὶ
1367 547 1459 582 ληνοῖς
1476 544 1522 572 τοῦ
1539 544 1669 570 Διονύσου
1688 543 1750 569 ἐπί-

959 594 1075 629 κλησις,
1093 595 1141 621 καὶ
1161 594 1176 620 ὁ
1196 593 1242 620 ἐπὶ
1259 594 1315 624 τοῖς
1332 592 1424 624 πίθοις
1441 592 1539 626 γέλως.
1557 591 1588 617 Οί
1605 590 1634 617 δὲ
1651 589 1749 624 ἐπιμέ-

959 649 1051 671 νοντες
1069 639 1140 674 μετὰ
1154 639 1202 666 τὸν
1217 639 1330 669 κάνονα,
1347 638 1506 664 ὑπεύθυνοι.

994 685 1042 718 νζ.
1064 687 1104 713 Τὰ
1125 686 1170 720 ὑφ’
1189 685 1324 720 Ἑλλήνων
1343 683 1556 719 συμπλασθέντα
1580 681 1749 718 μαρτυρολό-

959 743 1018 770 για,
1035 735 1073 770 μὴ
1089 733 1309 769 ἐκκλησιάζοιτο.

995 780 1047 814 νη’.
1067 780 1168 811 Λαῖκδς
1187 779 1225 814 μὴ
1242 778 1381 806 διδάσκοι·
1400 776 1437 813 μὴ
1454 776 1509 812 γὰρ
1525 776 1625 808 πάντες
1641 776 1750 811 προφῆ-

959 835 1015 859 ται,
1033 826 1071 861 μὴ
1083 826 1184 858 πάντες
1199 825 1353 853 ἀπόστολοι.

994 873 1042 899 νϐ’.
1063 874 1095 899 Al
1115 873 1143 899 ὲν
1159 874 1216 904 τοῖς
1236 872 1430 908 ἐργαστηρίοις
1451 872 1480 898 ὲν
1498 878 1658 906 νουμηνιαις
1678 878 1748 904 πυρ-

959 918 1056 951 καῖαὶ,
1082 919 1129 945 καὶ
1156 919 1180 944 οἱ
1208 918 1310 950 ταύτας
1336 917 1571 953 ὐπεραλλόμενοι,
1597 915 1748 951 καταργεί-

961 964 1081 991 σθωσαν.
1204 969 1207 972 ‘

996 1010 1028 1042 ξ’.
1039 1009 1094 1045 Τὴν
1105 1009 1173 1044 μετὰ
1187 1009 1235 1045 τὴν
1256 1009 1417 1036 Ἀνάστασιν
1431 1007 1568 1042 ὲῆδομάδα
1582 1007 1683 1038 πᾶσαν,
1698 1006 1750 1036 πᾶς

961 1055 1184 1091 ὲκκλησιαζὲσθω
1200 1055 1306 1086 πιστός.

997 1101 1046 1134 ἔρι’.
1065 1101 1095 1128 ’0
1118 1101 1247 1136 κληρικδ;
1267 1098 1337 1135 αἷμα
1357 1099 1454 1127 ἐσθίων
1476 1098 1666 1134 καϐαιρεῐται·
1688 1097 1702 1122 ό
1724 1096 1752 1122 δὲ

960 1147 1063 1179 λαῖκὸς,
1079 1145 1250 1181 ἀφορίζεται.

997 1193 1047 1229 ξβν.
1068 1193 1106 1219 Οὐ
1125 1192 1282 1227 διαφθερεῖς
1300 1192 1372 1218 θεῖον
1392 1190 1506 1226 βιϐλίον,
1524 1189 1585 1217 οὔτε
1605 1188 1678 1223 δοίης
1695 1187 1751 1222 διᾳ-

961 1239 1109 1275 φθαρῆναι,
1126 1239 1149 1265 εί
1165 1239 1203 1273 μὴ
1217 1238 1308 1265 τέλεον
1324 1236 1537 1273 κατηχρείωται.

997 1285 1048 1321 ξγ’.
1068 1285 1098 1312 El
1116 1285 1153 1321 μὴ
1170 1284 1308 1320 βασιλεὺς,
1322 1284 1395 1316 οὔτις
1409 1284 1462 1310 τῶν
1474 1282 1575 1309 λαῖκῶν
1588 1282 1628 1312 είς
1642 1280 1752 1314 ἱλαστή-

962 1341 1020 1369 ριον
1034 1331 1160 1358 εἴσεισιν.

998 1378 1045 1411 ξδ’.
1065 1377 1175 1410 Γυναιξὶ
1196 1377 1287 1404 λαλεῖν
1307 1376 1350 1402 ἐπ’
1367 1374 1517 1410 ἐκκλησίας
1537 1373 1587 1400 οὐκ
1608 1371 1752 1406 ἐπιτέτρα-

963 1434 1038 1453 πται.

999 1471 1045 1505 ξε’.
1065 1471 1240 1507 ’Δφορίζεται
1260 1469 1418 1505 νομομαθὴς
1439 1467 1494 1494 ἔθει
1513 1464 1662 1501 Ἑλληνικῷ
1683 1463 1753 1499 χρώ-

965 1525 1056 1552 μενος,
1073 1518 1121 1544 καὶ
1136 1517 1261 1551 θεάτροις
1278 1514 1460 1549 ἐπαγόμενος,
1477 1514 1523 1540 καὶ
1538 1512 1649 1540 κυλίων.

997 1562 1052 1595 Eg’.
1071 1563 1190 1597 ’Ᾱκυρος
1204 1562 1217 1588 ὁ
1234 1561 1304 1596 μετὰ
1315 1560 1369 1586 τῶν
1384 1558 1530 1596 αῑρετικῶν
1541 1558 1630 1593 γάμος
1641 1564 1648 1572 ·
1676 1556 1700 1582 oi.
1724 1555 1754 1581 δὲ

965 1608 1150 1644 προλαῦὀντες
1164 1608 1189 1634 εἰ
1209 1606 1339 1638 ἐθέλοιεν,
1352 1607 1470 1641 μένοιεν.

998 1695 1048 1728 ξξ¹.
1068 1695 1097 1722 '0
1113 1696 1141 1722 ὲν
1155 1695 1250 1729 ἐδάφει
1265 1695 1393 1730 σταυρὸς,
1410 1693 1586 1729 ἀφανίζεται.

998 1740 1049 1777 ξη¹.
1074 1741 1194 1776 Ἀγάπαι
1215 1740 1263 1768 καὶ
1283 1740 1420 1767 ἀκούὸιτα
1433 1741 1590 1775 Κυριακπῐς
1617 1738 1648 1766 οὐ
1667 1739 1754 1766 τελεῖο

966 1797 1024 1815 ται.

998 1844 1047 1878 ἔθ’.
1074 1844 1209 1876 Ἀτακτος
1220 1844 1330 1880 κραυγὴ
1345 1844 1392 1871 τοῦ
1405 1844 1552 1880 ψάλλοντος
1570 1843 1696 1876 ἀναιδῶς,
1705 1843 1754 1869 καὶ

966 1892 981 1918 ὁ
1000 1890 1136 1926 ἐπιλέγων
1155 1891 1190 1919 τὰ
1203 1891 1252 1926 τῆς
1264 1890 1427 1926 ἐκκλησίας,
1440 1890 1613 1926 ἀνάρμοστα.

998 1995 1029 2018 ο¹.
1051 1991 1096 2017 Ἔν
1114 1989 1180 2025 ῑερῷ
1194 1988 1335 2024 περιὸὀλῳ
1352 1987 1502 2022 καπηλεῖον
1518 1987 1671 2014 ἀσύστατον
1685 1994 1692 2001 ³
1706 1986 1756 2013 καὶ

968 2036 1133 2071 πωλούμενα
1150 2034 1299 2070 βρώματα,
1313 2034 1430 2069 μάταια.
1448 2061 1454 2066 ρ

1003 2097 1054 2121 οαν,
1071 2092 1236 2128 Χριστιανὸς
1252 2091 1378 2126 γυναιξὶν
1395 2092 1424 2117 οὐ
1444 2091 1612 2119 συλλούεται.

1002 2140 1053 2176 οβ’.
1074 2140 1104 2167 '0
1130 2139 1278 2174 φωτισοεὶς
1307 2139 1357 2174 τὴν
1385 2138 1478 2164 πίστιν
1503 2137 1700 2172 ἀπαγγελλέτω
1720 2140 1753 2174 τῇ

933 2207 955 2234 D
970 2187 1083 2222 πέμπτῃ
1095 2186 1144 2221 τῆς
1158 2185 1315 2220 ἑϐδομάδος.

1002 2249 1053 2280 ογ’.
1075 2243 1276 2279 Ἀφορὶζεταιό
1305 2241 1376 2277 μετὰ
1389 2241 1439 2276 τὴν
1452 2241 1550 2277 ἑορτὴν
1576 2242 1627 2278 τῆς
1657 2242 1756 2269 Θεοτέ-

968 2300 1018 2318 κου
1042 2289 1195 2325 σεμίδαλιν,
1222 2288 1286 2315 ἄλλο
1323 2286 1465 2318 σκευάζων
1488 2287 1535 2314 διὰ
1560 2287 1595 2314 τὰ
1622 2287 1756 2323 λεγόμενα

967 2337 1061 2371 λάχεια
1066 2357 1072 2363 .

996 2380 1044 2408 οδ’.
1073 2380 1105 2406 Ei.
1137 2379 1176 2414 μὴ
1203 2378 1238 2405 δι’
1264 2377 1389 2412 ἀνάγκην
1417 2378 1640 2413 ἀπολιμπάνεταί
1651 2387 1693 2410 τις
1707 2380 1757 2414 τῆς

969 2427 1116 2462 ἐκκλησίας
1131 2427 1178 2453 ἐπὶ
1193 2427 1267 2462 τρισὶ
1279 2428 1444 2462 Κυριακαίς,
1454 2426 1650 2462 ἀκοινώνητος.

992 2476 1038 2500 οε¹.
1055 2472 1102 2507 Τῷ
1114 2472 1255 2508 Τρισαγίῳ
1272 2472 1352 2508 ὕμνῳ
1362 2473 1376 2499 6
1391 2472 1535 2499 συνάπτων
1555 2473 1585 2499 τό
1596 2480 1603 2487 ⁸
1624 2474 1757 2506 Σταυρω-

969 2520 1040 2552 Οεὶς,
1057 2518 1223 2553 ἑτερόδοξος.

997 2569 1053 2599 ος¹.
1075 2567 1112 2592 Οὺ
1127 2565 1258 2601 χαράξεις
1274 2565 1360 2600 ἀμνὸν
1377 2566 1418 2597 εἰς
1430 2565 1515 2592 τύπον
1539 2564 1674 2601 Χριστοῦ,
1698 2564 1757 2591 ἀλλ’

969 2611 1073 2638 ἐκεῖνον
1085 2611 1177 2638 αὐτόν.

996 2656 1045 2689 οξ.
1078 2655 1325 2692 Ἑλευθεροὺμενος
1353 2656 1407 2683 ὑπὸ
1435 2658 1482 2683 τοῦ
1503 2656 1635 2683 δεσπότου
1665 2655 1757 2687 δοῦλος

971 2702 1018 2728 ἐπὶ
1028 2702 1103 2738 τρισὶ
1118 2701 1267 2737 μάρτυσιν,
1296 2701 1340 2736 εἴη
1366 2701 1529 2733 ἁδούλωτος.

1005 2747 1057 2782 οη’.
1078 2747 1108 2774 '0
1120 2746 1245 2781 συνάγων
1260 2749 1364 2781 πόρνας
1386 2747 1430 2773 ἐπ’
1453 2746 1552 2781 ὀλίσθῳ
1575 2746 1679 2781 ψυχῶν,
1705 2745 1758 2782 ἀφ-

970 2793 1105 2828 ορίζεται.

1005 2839 1054 2866 σθ’.
1075 2839 1108 2865 Ἦ
1132 2839 1162 2870 ἐξ
1203 2839 1300 2874 ἀνδρδς
1329 2837 1372 2864 ἐπ’
1401 2838 1479 2866 ἄλλον
1510 2838 1598 2872 ἰοῦσα,
1614 2838 1759 2870 μοιχαλίς·
