1929 3076
136 122 190 155 105

766 119 948 152 smorsrs
966 106 1165 154 CANO'NUM.

1734 122 1786 156 106

136 181 211 208 καὶὸ
227 180 284 209 ἀπὸ
297 180 446 215 .γυναικὺς
474 180 518 206 ἐπ’
536 179 632 214 ἄλλην,
645 179 717 206 κατὰ
742 178 789 206 τὸν
824 178 940 214 Κύριον,

1025 185 1035 206 ι
1051 189 1056 206 :
1074 185 1101 207 et
1115 180 1160 216 qui
1177 180 1210 207 ab
1226 187 1311 208 uxore
1326 179 1359 206 ad
1375 179 1456 207 aliam
1479 185 1509 206 se
1531 178 1667 214 applicat.
1680 185 1712 205 ex
1732 178 1786 207 Do-

137 227 254 263 ὁμοίως.

172 273 211 301 π’.
235 272 324 309 Ἱεροῦ
341 272 420 299 ἔνδον
437 272 488 299 οὐκ
504 272 646 306 εἰσάγεται
664 271 774 307 κτῆνος,
791 272 817 298 εἰ
839 271 878 308 μὴ
891 280 942 298 κα-

138 324 320 358 ταλαϐούσης
331 324 361 350 ὲν
371 323 426 359 ὁδῷ
441 323 574 359 μεγίστης
591 323 727 358 ἀνάγκης.

167 370 286 404 πα’.Τῷ
301 370 427 404 μεγίστῳ
449 368 587 404 Σαΰῦάτῳ
623 369 689 404 περὶ
722 367 810 404 μέσας
842 367 943 400 νύκτας

139 418 173 451 τῇ
189 415 306 451 νηστείᾳ
320 415 514 450 διαρκεστέον.

167 462 226 497 πβ¹.
244 462 324 490 Μετὰ
339 462 389 497 τὴν
402 460 551 496 ἑσπερινὴν
581 460 685 488 εἴσοδον
709 459 757 486 τοῦ
788 460 942 492 Σαδδάτου,

142 511 182 546 μὴ
202 511 270 543 γόνυ
283 507 391 545 κλινῃς.

174 560 234 591 πγ’.
248 557 304 583 Καὶ
320 555 334 582 ὁ
348 556 450 588 διδοὺς,
465 557 514 583 καὶ
529 556 546 591 ὴ
577 554 757 591 λαμόἀνουσα
786 554 944 590 ἀμελωορί-

141 604 197 635 δια,
213 602 385 638 ἀνδροφόνοι.

175 648 231 677 τπδ’.
245 650 357 685 Ἀνδρδς
373 649 597 684 ἀφαντουμένου,
619 649 636 684 ἡ
663 648 717 682 πρὸ
729 648 777 675 τοῦ
793 648 943 683 πεισθῆναι

143 697 279 729 ὶαδοῦσα,
297 697 446 732 μοιχᾶται·
459 698 472 723 ὁ
487 696 516 723 δὲ
532 695 701 731 ἐπιστρέψας
725 696 796 730 ἀνὴρ
822 697 846 722 εί
877 703 944 729 προ-

145 745 270 780 εἴρηται,
287 744 400 779 λήψοιτο
411 743 510 779 αὑτήν.

178 837 234 861 κε’.
255 835 285 861 '0
302 834 471 869 Ἑλληνικῶς
485 833 651 873 ὀμνύμενος,
668 834 859 868 ὲπιτιμητέος.

175 884 236 913 πς¹.
255 881 290 907 Ol
304 881 354 913 τὰς
369 881 459 917 κόμας
474 882 504 908 ὲν
519 880 625 917 πλοκῆς
643 881 754 916 ἐπινοίᾳ
770 881 839 917 πρὸς
851 880 941 916 λύμην

146 925 331 961 ἐργαζόμενοι
348 926 404 953 τῶν
419 926 558 962 ὁρώντων,
575 926 747 961 ἀφοριστέοι.

176 973 235 1006 πζν.
253 972 284 999 '0
309 971 487 1007 ὑπογύναιος,
505 972 556 999 καὶ
571 970 819 1007 καταφρονητικῶς
855 970 945 1006 μένων

147 1020 177 1045 ὲν
194 1019 274 1055 ιερῷ,
286 1018 442 1052 ἐξωθείσθω
458 1019 506 1046 καὶ
520 1018 575 1046 τῶν
588 1017 813 1053 κατηχουμένων.

191 1114 252 1146 πη¹.
265 1111 425 1142 Ἰουδαϊκῶς
435 1118 509 1142 τινες
523 1111 553 1136 ἰν
571 1110 658 1144 ίεροῖς
680 1109 788 1145 ἐψησαν
803 1109 876 1144 μέλι.
894 1110 943 1141 ’ος

149 1157 198 1184 οὖν
209 1157 293 1184 τοῦτο
307 1158 525 1192 συγχωρήσειεν,
540 1156 557 1191 ἢ
572 1156 650 1183 λάϐοι
674 1155 809 1187 τοιοῦτον,
830 1155 879 1190 οὐχ
909 1155 946 1181 ιε-

151 1203 228 1238 ρεύς.
246 1203 278 1229 Εἰ
292 1203 321 1229 δέ
341 1211 383 1234 τις
400 1201 511 1229 οἴκοθεν
523 1201 597 1236 ἄγοι,
610 1201 625 1228 ὸ
639 1201 668 1229 δὲ
695 1200 768 1229 κατὰ
791 1200 823 1228 τὸ
843 1199 946 1237 ἀρκοῦν

151 1249 200 1275 τοῦ
212 1249 404 1284 προσάγοντος
418 1248 543 1284 λήψοιτο.

183 1294 241 1322 πΘ’.
258 1296 291 1322 Al
305 1295 374 1330 πρὸς
385 1295 420 1321 τὰ
435 1293 539 1330 αἰσχρὰ
552 1292 677 1321 κινοῦσαι
688 1293 738 1330 τὴν
750 1293 847 1330 ὅρασιν
877 1302 947 1329 γρα-

153 1342 217 1376 φαὶ,
228 1341 439 1376 ἁζωγράφητοι.

186 1387 224 1421 ιζ.
241 1387 297 1419 Τὰς
310 1387 442 1422 παλάμας
458 1386 499 1417 εις
524 1385 643 1421 σταυρὸν
656 1386 739 1412 τυποῖ
766 1385 780 1411 ὁ
794 1384 948 1420 μεταληψό-

156 1443 240 1470 μενος
250 1442 258 1449 ·
273 1434 287 1460 ὁ
303 1433 332 1460 δὲ
343 1433 448 1469 δοχεϊον
461 1431 593 1468 χρυσοῦν,
638 1431 655 1467 ἦ
685 1431 769 1467 ἄλλην
793 1431 861 1467 ὓλην
886 1431 948 1458 ἀντὶ

155 1481 252 1516 χειρὸς
268 1479 422 1513 σχευάζων,
437 1479 609 1515 ἀφοριστέος.

189 1569 247 1605 ια’.
267 1570 301 1597 Ἦ
312 1570 364 1605 τῆς
375 1570 514 1605 ἁμαρτίας
528 1568 576 1595 ἐπὶ
588 1568 657 1596 πᾶσι
670 1569 812 1596 σκοπείται
826 1573 949 1602 ποιοτης,

156 1618 208 1644 καὶ
229 1616 414 1652 ἡέπιστροφὴ
425 1615 599 1651 καθορᾶται·
630 1615 679 1643 καὶ
706 1614 779 1642 οὓτω
805 1614 951 1649 μετρεῖται

157 1662 188 1689 τὸ
198 1663 285 1694 ἕλεος.

375 1707 432 1735 Τοῦ
450 1706 723 1743 ἁγίουμΒασιλειου.

191 1753 228 1782 α’.
243 1753 401 1789 Δίρετικδς,
418 1754 432 1780 ὀ
447 1753 518 1780 κατὰ
529 1753 580 1789 τὴν
596 1752 689 1779 πίστιν
701 1751 843 1786 ἀλλότριος
857 1758 865 1766 ⁶
881 1750 896 1777 ὁ
923 1749 952 1776 δὲ

158 1800 234 1828 κατᾶ
244 1809 270 1827 τι
282 1800 392 1833 ἰάσιμον
407 1800 531 1835 ζήτημα,
557 1798 750 1834 σχισματικὸς.
768 1797 802 1825 Οἱ
824 1796 852 1823 δὲ
870 1797 952 1824 συνά-

158 1855 257 1882 γοντες
279 1846 466 1873 ἀνυπότακτοι
493 1845 605 1876 τούτους
632 1845 765 1876 ἐκείνους,
791 1842 950 1878 παρασυνὰ-

159 1900 260 1926 γωγοι.

199 1936 232 1972 β’.
249 1936 285 1962 ἰὸ
300 1935 330 1968 ὲξ
349 1934 489 1974 αἱρετικοῦ
520 1934 673 1969 βάπτισμα,
697 1933 828 1960 ἄδεκτονσ
858 1932 952 1959 δεκτὸν

159 1981 190 2006 δὲ
207 1980 238 2006 τὸ
252 1979 362 2015 σχιστοῦ
379 1981 426 2006 καὶ
448 1978 700 2014 παρασυναγώγου.

199 2025 236 2060 Υ.
269 2026 450 2061 Παράκλητον
478 2026 502 2052 οἱ
534 2022 705 2058 Πεπουζηνοὶ
735 2023 782 2050 τὸν
813 2023 953 2050 Μοντανδν

160 2072 345 2107 ὀνομάζουσιν
360 2079 367 2087 ⁸
387 2071 448 2098 ὅθεν
466 2072 510 2098 καὶ
523 2071 561 2102 είς
581 2069 663 2096 αὑτὸν
678 2069 842 2097 ἀδάπτιστοι
853 2069 953 2105 βαπτι-

161 2118 284 2152 ζὸμενοι.

199 2164 238 2191 δ’.
254 2164 291 2190 Τὸ
306 2163 361 2190 τῶν
378 2162 518 2197 καθαρῶν,
535 2162 582 2189 καὶ
624 2161 885 2197 ὑδροπαραστατῶν,
905 2161 952 2189 καὶ

994 225 1059 252 mini
1073 226 1221 258 sententia,
1239 226 1322 253 simili
1340 225 1453 253 crimine
1470 229 1588 253 tenetur.

1028 272 1073 299 80.
1092 271 1163 300 Intra
1193 272 1322 306 templum
1353 279 1435 306 pecus
1449 279 1502 298 non
1522 271 1716 305 introducitur,
1733 272 1786 300 nisi

995 318 1112 345 maxima
1129 318 1279 346 necessitas
1295 319 1321 345 in
1338 317 1380 345 via
1397 318 1553 352 contigerit.

1031 366 1076 394 81.
1103 366 1222 394 Maximo
1252 367 1372 394 Snbbato
1400 366 1472 394 circa
1492 366 1609 394 mediam
1632 371 1739 395 noctem
1758 366 1784 395 in

992 411 1097 447 jejunio
1113 413 1346 448 perseverandum
1362 417 1414 440 est.

1032 457 1077 485 82.
1096 458 1161 486 l‘ost
1175 458 1358 494 vespertinum
1373 458 1525 494 ingressum
1539 458 1705 492 Sabbati,ne
1715 466 1785 495 genu

995 502 1099 531 ﬂectas.

1032 550 1078 579 85.
1096 551 1163 577 Tum
1178 551 1223 586 qui
1241 550 1288 578 dat
1300 571 1307 584 ,
1324 555 1379 578 tum
1399 558 1460 586 qua:
1475 550 1575 586 accipit
1590 551 1729 579 abortivos
1744 551 1784 579 fe-

997 600 1039 624 tus
1047 617 1055 629 ,
1072 597 1224 625 homicidae.

1033 643 1078 671 84.
1111 643 1177 676 Viro
1199 651 1251 671 non
1278 647 1467 678 comparente,
1486 650 1546 678 quae
1569 643 1727 678 priusquam
1752 642 1786 670 de

997 689 1069 717 illius
1086 690 1161 717 obitu
1176 690 1242 717 certi
1259 690 1361 724 aliquid
1378 690 1562 724 compererit,
1579 689 1623 716 alii
1650 689 1784 724 nupserit,

997 736 1168 769 moechatur;
1185 736 1226 762 vir
1240 740 1330 762 autem
1343 736 1388 770 qui
1406 743 1532 764 reversus
1544 735 1636 769 fuerit,
1652 736 1786 770 siquidem

997 783 1157 817 praedictum
1176 781 1220 812 sit,
1245 781 1361 815 accipiat
1375 781 1472 816 ipsam.

1034 828 1080 856 85.
1097 827 1148 860 Qui
1164 828 1257 863 gentili
1276 826 1447 860 morejurat,
1466 827 1627 862 puniendus.

1033 874 1080 902 86.
1107 874 1158 907 Qui
1182 874 1295 908 capillos
1318 873 1473 901 artiﬁciosis
1492 874 1606 902 nexibus
1630 875 1788 909 intorquent

996 921 1030 949 ad
1047 921 1227 957 spectantium
1245 920 1404 955 perniciem,
1420 921 1685 948 excommunicandi.

1033 966 1078 994 87.
1098 967 1182 995 Uxori
1199 967 1342 999 addictus,
1359 973 1391 993 ac
1408 973 1456 1001 per
1475 971 1656 1001 contemptum
1675 975 1788 996 manens

998 1013 1024 1040 in
1042 1013 1154 1048 templo,
1169 1012 1320 1048 expellatur
1335 1012 1416 1040 etiam
1431 1019 1446 1040 e
1461 1004 1718 1041 catechuuienorum
1735 1022 1782 1042 or-

997 1057 1071 1085 dine.

1035 1103 1082 1132 88.
1100 1104 1213 1136 Quidam
1238 1102 1354 1131 Judaico
1381 1110 1456 1130 more
1480 1102 1506 1130 in
1525 1103 1632 1138 templis
1655 1109 1788 1133 coierunt

999 1150 1060 1178 mel.
1081 1151 1132 1184 Qui
1150 1149 1231 1184 igitur
1244 1150 1296 1177 hoc
1319 1149 1491 1184 permiserit,
1508 1155 1554 1176 aut
1572 1150 1624 1177 tale
1640 1151 1789 1186 acceperit,

999 1203 1053 1223 non
1080 1201 1122 1224 est
1154 1195 1295 1223 habendus
1320 1196 1463 1223 sacerdos.
1489 1195 1517 1223 Si
1540 1196 1601 1231 quis
1619 1204 1683 1224 vero
1709 1198 1790 1225 domo

1000 1242 1134 1275 attulerit,
1154 1242 1210 1277 ipse
1225 1246 1305 1277 prout
1322 1241 1421 1270 subicit
1435 1242 1575 1277 ode-renti,
1592 1244 1717 1279 accipiat.

1035 1288 1078 1317 89.
1096 1288 1212 1316 Pictura:
1226 1295 1285 1323 qua:
1298 1288 1331 1315 ad
1347 1288 1434 1323 turpia
1447 1294 1585 1324 aspectum
1603 1295 1721 1325 movent,
1737 1300 1790 1320 non

999 1339 1062 1363 sunt
1075 1334 1228 1370 pingendm.

1036 1380 1082 1409 90.
1114 1381 1209 1409 Manus
1238 1382 1265 1409 in
1292 1382 1383 1410 crucis
1410 1382 1523 1418 ligurum
1556 1383 1713 1418 componit,
1744 1386 1790 1420 qui

1001 1427 1203 1455 Eueltaristiam
1232 1432 1393 1463 sumpturus
1414 1432 1467 1456 est.
1505 1427 1555 1461 Qui
1578 1437 1644 1457 vero
1669 1434 1791 1466 recepta-

1001 1473 1094 1500 culum
1112 1481 1223 1502 aureum
1239 1494 1247 1507 ,
1274 1478 1321 1501 aut
1348 1474 1429 1502 aliam
1457 1474 1599 1502 materiam
1614 1475 1673 1503 vice
1694 1484 1791 1505 manus

963 1523 986 1555 ε
1003 1524 1089 1554 parat,
1102 1519 1389 1549 excommunicandus.

1039 1565 1085 1593 9|.
1111 1565 1207 1593 Delicti
1231 1566 1349 1602 qualitas
1375 1567 1402 1594 in
1429 1567 1556 1596 erunibus
1590 1569 1789 1602 consideratur,

1002 1612 1200 1647 conversioque
1226 1613 1413 1648 perspicitur:
1432 1618 1515 1649 atque
1544 1615 1581 1642 ita
1605 1614 1792 1644 misericordia

1004 1658 1036 1686 ad
1059 1665 1213 1686 mensuram
1229 1659 1366 1687 tribuitur.

1197 1705 1289 1734 Sancti
1311 1707 1410 1735 Basilii
1427 1706 1549 1744 Epistula
1567 1709 1594 1737 1.

1040 1754 1066 1781 1.
1085 1752 1236 1781 llmreticus
1253 1759 1316 1785 est.
1339 1755 1384 1789 qul
1408 1762 1423 1782 a
1444 1755 1497 1783 ﬁde
1518 1756 1644 1785 alienus:
1658 1757 1703 1793 qui
1726 1765 1792 1786 vero

1004 1799 1076 1826 circa
1096 1798 1214 1834 aliquam
1238 1799 1389 1827 sanabilem
1414 1801 1592 1835 quaestionem
1613 1807 1700 1835 errat.
1718 1803 1793 1830 schi-

1003 1845 1145 1872 smaticus.
1162 1843 1351 1874 Iuobedientes
1363 1853 1429 1874 vero
1445 1847 1490 1881 qui
1504 1847 1553 1875 hos
1568 1853 1743 1884 congregant,
1757 1850 1792 1877 ab

1004 1890 1132 1918 Ecclesiae
1144 1895 1277 1919 conventu
1291 1891 1400 1920 arcendi
1415 1898 1488 1920 sunt.

1039 1937 1066 1964 2.
1087 1936 1212 1965 llaaretici
1228 1938 1362 1972 baptisma
1374 1958 1382 1972 ,
1407 1938 1584 1974 rejiciendum
1599 1949 1607 1974 ;
1626 1942 1791 1971 schismatici

1004 1990 1067 2010 Vero
1080 1988 1162 2017 atque
1177 1982 1212 2010 ab
1226 1983 1346 2012 Ecclesia
1362 1984 1454 2018 alieni,
1469 1985 1665 2020 recipiendum.

1040 2029 1066 2055 5.
1087 2028 1256 2056 Paracletum
1267 2028 1413 2065 Pepusiani
1425 2029 1582 2058 Montanum
1596 2037 1704 2062 vocant.
1717 2033 1794 2062 Unde

1004 2079 1031 2100 et
1053 2074 1099 2108 qui
1117 2074 1143 2102 in
1159 2074 1246 2109 ipsum
1263 2075 1452 2110 baptizantur,
1470 2084 1524 2104 non
1542 2084 1688 2106 censentur
1704 2079 1792 2115 bapti-

1005 2126 1067 2148 lall.

1041 2171 1070 2198 ι.
1091 2171 1273 2201 Catiiarorum
1285 2192 1293 2206 ,
1310 2172 1601 2209 Hydroparastatarum
1613 2197 1621 2210 ,
1641 2181 1722 2212 atque
1741 2178 1794 2206 En-

161 2210 338 2246 ἑγκρατιτῶν
355 2209 545 2244 βάπτισμα,εί
564 2209 612 2235 καὶ
640 2208 752 2235 ἄδεκτον
773 2208 816 2235 διὰ
830 2208 861 2234 τὸ
889 2208 949 2234 ἑπι-

1022 2218 1169 2245 ratitarum
1188 2218 1340 2252 baptisma,
1367 2221 1492 2254 quamvis
1517 2229 1570 2248 non
1599 2223 1792 2259 recipiendum,

160 2256 255 2291 λεῖψαι
269 2255 362 2287 αὐτοῖς
375 2254 480 2286 τούτοις
495 2254 526 2281 τὸ
537 2254 651 2289 Πνεῦμα
669 2254 699 2280 τὺ
717 2253 804 2288 ἅγιον,
832 2254 891 2280 ἀλλ’
904 2252 952 2280 οὖν

160 2301 321 2336 οἰκονομίας
334 2301 415 2337 χάριν
429 2301 616 2327 ἐστωδεκτόν.

199 2350 233 2374 ε’.
255 2347 289 2373 Ἦ
306 2347 369 2374 κατ’
381 2347 555 2382 ἐπιτήδευσιν
569 2346 715 2383 φθείρασα,
732 2346 776 2373 ὅτε
791 2346 825 2374 ἂν
842 2346 953 2382 φθείρῃ,

161 2393 262 2429 φονεύτ
266 2402 281 2428 ρ
286 2401 323 2420 ια.

200 2443 239 2472 ς’.
258 2440 389 2471 Διάκονος
403 2438 571 2474 πορνεύσας,
587 2439 629 2470 εἰς
654 2440 701 2465 τὸν
718 2439 772 2465 τῶν
785 2438 888 2466 λαῐκῶν
904 2447 955 2473 με-

162 2486 267 2518 ταστὰς
282 2486 375 2518 τόπον,
388 2485 459 2512 ἔστω
475 2485 525 2520 τῆς
539 2485 682 2516 κοινωνίας
695 2486 847 2517 ἀκώλυτος,

199 2534 233 2565 ζ’.
250 2533 319 2559 Ἕνα
338 2533 434 2568 χρόνον
446 2532 463 2568 ἢ
474 2532 523 2559 δύο
536 2532 699 2568 ἀφορίζεται
727 2533 844 2568 δίγαμος
855 2540 861 2546 “
880 2532 955 2567 τρεῖς

162 2579 192 2604 δὲ
207 2579 254 2605 καὶ
269 2578 589 2614 τέσσαραςότρίγαμος,
616 2579 664 2606 καὶ
684 2579 777 2611 πέντε,
806 2578 876 2605 κατὰ
905 2577 956 2614 τὴν

162 2625 228 2660 ἄρτι
243 2625 401 2661 συνήθειαν.

200 2714 236 2750 η’.
253 2715 398 2750 Αίρετικὺς
416 2716 485 2750 πρὸς
517 2715 557 2750 τῷ
582 2716 656 2743 τέλει
684 2715 832 2751 μετανοῶν,
860 2715 956 2748 δεκτὸς

165 2762 227 2798 μετ’
243 2762 425 2798 ἐπικρίσεως.

200 2807 235 2836 θ’.
258 2809 288 2836 '0
300 2809 456 2843 κανονικὺς,
475 2810 500 2836 εῐ
516 2818 568 2836 που
595 2809 642 2836 καὶ
663 2807 820 2843 ζεύγνυται,
845 2807 954 2840 διαζεύ-

161 2863 274 2891 γουται.

324 2904 460 2936 ΡΑτιιοι..
477 2904 535 2935 Gn.
558 2902 714 2935 CXXXIII

1006 2267 1116 2298 propter
1133 2263 1253 2298 Spiritus
1276 2265 1364 2293 sancti
1378 2266 1449 2301 apud
1468 2274 1515 2294 cos
1529 2267 1663 2297 defectum
1676 2289 1684 2302 ,
1704 2274 1793 2298 tamen

1005 2309 1219 2344 dispensationis
1234 2311 1320 2346 gratia
1337 2312 1493 2347 recipiatur.

1040 2354 1067 2382 5.
1084 2354 1150 2387 Qua:
1177 2355 1210 2383 de
1235 2356 1367 2385 industria
1393 2357 1475 2385 fetum
1501 2359 1643 2395 corrupit,
1671 2361 1793 2396 quando-

1005 2407 1112 2435 cunque
1127 2402 1291 2436 corruperit,
1308 2403 1454 2431 homicidio
1471 2409 1589 2434 tenetur.

1042 2446 1070 2473 6.
1095 2445 1230 2475 Diaconus
1247 2448 1294 2483 qui
1325 2449 1475 2478 fornicatus
1496 2450 1596 2485 fuerit,
1615 2452 1640 2480 in
1662 2452 1792 2483 laicorum

1007 2492 1095 2520 locum
1113 2491 1260 2528 relegatus,
1273 2495 1465 2523 communione
1477 2504 1510 2524 ne
1524 2497 1711 2532 prohibeatur.

1042 2537 1068 2564 7.
1089 2536 1177 2564 Unum
1192 2544 1239 2566 aut
1253 2539 1322 2567 duos
1336 2548 1424 2568 annos
1448 2543 1698 2571 excommunicatur
1720 2545 1793 2581 biga-

1008 2588 1067 2607 mus
1081 2600 1087 2611 .
1114 2585 1170 2608 tres
1186 2589 1250 2610 vero
1264 2588 1292 2610 et
1310 2589 1428 2618 quatuor
1446 2585 1578 2621 trigamus
1591 2606 1599 2620 ,
1616 2592 1697 2623 atque
1711 2591 1792 2620 etiam

1007 2628 1137 2661 quinque,
1162 2627 1241 2662 juxta
1266 2631 1492 2658 consuetudinem
1508 2639 1568 2661 aute
1594 2632 1724 2663 hactenus
1750 2637 1793 2665 in-

1007 2672 1101 2699 valuit.

1043 2718 1070 2745 8.
1085 2718 1234 2746 Haereticus
1257 2719 1282 2747 in
1299 2719 1352 2747 line
1366 2721 1426 2748 vita:
1448 2721 1584 2756 paenitens
1595 2743 1603 2757 ,
1617 2724 1792 2760 _discretionc

1008 2764 1129 2791 adhibita
1151 2765 1351 2799 suscipiendus.

1045 2810 1070 2836 9.
1089 2809 1245 2838 Canonicus
1259 2812 1280 2839 si
1297 2813 1469 2842 matrimonio
1485 2813 1596 2848 junctus
1613 2815 1650 2844 sit
1661 2837 1669 2850 ,
1686 2816 1793 2853 disjun-

1009 2856 1091 2890 gitur.

1571 2909 1590 2940 4
