1929 3076
169 132 219 164 1θῖ

791 141 969 174 ARISTENl
993 144 1166 175 MONACHI

1740 149 1790 179 108

201 192 245 222 10.
270 191 453 222 uasculorum
482 194 695 230 animaliumque
709 203 893 233 corruptores,
911 204 931 225 εις

1039 200 1065 228 ι’.
1090 201 1394 238 ’Δρρενοφοόρους,καὶ
1422 202 1604 239 ζωοφῢύρους.
1629 203 1677 230 καὶ
1689 206 1789 239 φονεῖς,

163 246 215 272 que
227 239 366 268 homicidae
374 244 401 268 et
412 240 524 268 veneﬁci
534 248 565 269 ac
574 241 719 270 idololatra:
726 245 802 278 juxta
811 245 931 280 antiqua:

1001 249 1048 275 καὶ
1063 250 1238 285 φαρμακοὺς,
1250 250 1299 278 καὶ
1314 249 1512 288 είδωλολάτρας
1526 251 1598 279 κατὰ
1612 252 1659 279 τὸν
1674 252 1789 278 παλαιὸν

162 284 277 316 fortnam
293 285 468 326 suscipiendi.

137 336 148 349 σν
199 332 241 359 Η,
260 326 400 359 Homicida
421 337 474 366 est,
490 333 536 368 qui
550 340 665 368 uxorem
684 334 771 364 iratus
784 337 873 365 securi
889 345 950 372 per-

142 388 144 390 '
160 379 284 406 cusserit.

195 424 239 451 l2.
266 424 466 454 lnvolttntarius
492 427 627 456 homicida
656 433 718 461 est,
736 429 781 464 qui
808 430 895 464 lapide
919 430 946 458 in

159 478 253 498 canem
270 472 363 505 misso,
383 472 520 502 hominem
548 479 692 503 assecutus
705 481 766 509 est,
782 481 811 504 et
827 477 872 511 qui
890 477 947 503 loro

158 525 190 545 ac
216 518 317 546 vimine
340 520 464 555 corripit.
491 521 542 554 Qui
567 529 632 549 vero
653 521 682 549 in
702 522 759 549 rixa
785 523 875 555 fuste,
901 527 947 550 aut

159 571 240 591 manu
258 564 358 593 lothale
373 566 471 594 vulnus
488 567 615 596 inﬂixerit
629 573 710 603 atque
722 569 899 602 interfecerit,
913 570 945 597 ad

159 611 344 639 voluntarium
363 620 447 648 prope
462 614 577 642 accedit.

193 657 238 685 15.
256 657 308 690 Qui
323 658 429 693 gladio,
447 665 493 686 aut
507 660 598 695 aliquo
615 660 746 693 eiusmodi
765 661 945 689 instrumento

157 710 223 730 usus
236 703 330 736 fuerit,
344 711 455 739 prorsus
465 705 636 733 veluntarius
652 712 695 734 est
710 707 857 735 homicida.
878 707 944 735 Item

154 750 241 783 latro,
262 751 357 783 hostis,
371 756 398 778 et
413 752 457 786 qui
474 758 583 787 propter
593 753 672 780 aliam
688 760 798 781 causam
812 759 944 781 venenum

154 795 260 823 dederit
277 801 361 831 atque
388 797 574 832 interfecerit,
600 799 789 833 voluntarius,
817 807 867 827 nec
889 807 943 827 non

154 841 239 869 etiam
255 850 314 876 qua:
329 842 469 871 abortivus
482 843 553 872 fetus
566 844 631 872 dant
642 849 669 872 et
683 844 829 880 accipiunt.

999 294 1084 322 τύπον
1094 295 1252 329 είσδέδεξαι.

1037 341 1082 369 ια’.
1096 343 1207 376 Φονεὺς,
1225 343 1240 370 ὁ
1254 343 1326 371 κατὰ
1340 343 1392 379 τῆς
1403 343 1536 378 γυναικὸς
1548 343 1593 372 διὰ
1608 337 1694 380 θυμὸν
1709 343 1789 380 ἀξίνῃ

999 386 1152 422 χρώμενος.

1036 431 1080 467 ιβ’.
1103 433 1245 466 Ἀκούσιος
1256 435 1367 469 φονεὺς,
1390 436 1404 462 ό
1433 435 1508 462 λίθον
1539 436 1620 469 ἀφεὶς
1640 436 1688 462 ἐπὶ
1707 435 1788 468 κύνα,

998 479 1046 505 καὶ
1060 479 1205 515 ἀνθρώπου
1219 480 1320 516 τυχὼν,
1350 481 1399 509 καὶ
1420 481 1435 508 ὸ
1454 481 1593 509 παιδεύων
1619 482 1710 516 ἱμάντι
1741 484 1788 509 καὶ

997 524 1072 560 λύγῳ
1083 533 1091 542 ”
1105 528 1118 552 ὀ
1131 526 1159 552 δὲ
1171 527 1199 553 ὲν
1208 527 1283 564 μάχῃ
1297 527 1396 564 ξύλῳῆ
1414 529 1486 564 χειρὶ
1494 528 1555 560 δοὺς
1567 529 1613 555 ἐπὶ
1627 528 1661 556 τὰ
1679 529 1784 564 καίρια,

997 572 1046 598 καὶ
1060 571 1175 605 ἀνελὼν,
1192 572 1257 608 ἄγχι
1272 574 1318 600 τοῦ
1339 575 1476 601 ἑκουσίου.

1036 660 1081 696 ιγ’.
1103 662 1133 689 ’0
1152 662 1225 697 ξίφει
1238 663 1426 699 χρησάμενος,
1441 664 1458 700 ἦ
1474 664 1589 698 τοιούτῳ
1616 665 1681 698 τινὶ,
1721 665 1787 692 πάν-

995 716 1050 740 τως
1061 708 1186 740 ἑκούσιος
1204 717 1211 725 ·
1230 709 1302 736 καὶὸ
1317 709 1430 745 λῃστὴς,
1448 709 1496 736 καὶ
1513 710 1527 735 ὁ
1547 709 1687 744 πολέμιος,
1705 711 1752 736 καὶ
1772 712 1786 737 ὁ

995 754 1028 781 δι’
1057 755 1141 790 ἄλλην
1157 755 1249 783 αἰτίαν
1260 756 1371 788 ἐπιδοὺς
1386 757 1546 792 φάρμακον,
1559 757 1582 784 εί
1596 757 1689 795 ἀνέλῃ,
1706 757 1785 785 ἑκού‹

996 808 1052 834 ato:
1063 810 1069 817 ·
1085 802 1133 829 καὶ
1145 802 1173 829 αί
1186 803 1221 829 τὰ
1235 802 1430 839 ἀμϐλωθρίδια
1458 803 1582 830 διδοῦσαι
1607 804 1654 830 καὶ
1680 804 1785 839 λαμϐάο

994 856 1100 876 νουσαι.

190 887 235 914 14.
251 887 331 915 Juxta
350 888 456 916 Domini
475 896 628 916 sermonem
639 911 647 922 ,
670 891 710 917 vir
726 895 754 917 et
776 889 872 917 mulier
886 889 931 918 fort

1024 895 1064 922 ιδ’.
1080 895 1160 922 Κατὰ
1174 896 1220 924 τὸν
1233 896 1281 924 τοῦ
1299 896 1405 932 Κυρίου
1421 897 1513 931 λόγον,
1541 897 1607 929 ἴσως
1636 897 1785 924 καταδικά-

154 934 301 961 nicationis
326 942 409 962 causa
436 935 552 969 separati
574 936 680 970 pariter
701 935 943 963 condemnamur:

154 982 322 1009 consuetudo
337 988 401 1009 vero
415 982 568 1009 adulterum
590 987 618 1010 et
633 982 825 1010 I'oruicatorem
841 991 856 1010 a
876 991 944 1011 con-

135 1027 261 1065 Jugihus
279 1035 331 1055 non
353 1027 492 1062 disiungit.
520 1028 548 1055 Si
577 1035 629 1063 qna
659 1032 749 1056 autem
777 1029 875 1056 mulier
901 1030 945 1056 di-

153 1074 237 1101 misso
245 1072 279 1100 al)
290 1081 374 1101 uxore
386 1074 443 1101 viro
453 1074 546 1108 juncta
562 1073 655 1107 fuerit,
674 1081 728 1101 non
745 1078 788 1102 est
801 1075 941 1108 adultera;

155 1120 233 1154 culpa
250 1120 323 1147 enim
342 1117 370 1147 in
385 1127 444 1147 eam
466 1128 526 1155 qua:
548 1120 609 1147 sine
632 1121 739 1148 ratione
758 1120 863 1148 dimisit
879 1121 941 1155 reji-

153 1167 249 1194 cienda
265 1172 306 1194 est
328 1176 334 1195 :
353 1174 414 1201 quin
429 1167 509 1194 etiam
535 1166 657 1194 adultera
684 1171 743 1200 est,
770 1167 791 1194 si
808 1175 869 1194 cum
888 1168 941 1194 alio

148 1214 295 1248 iungatur,
319 1213 449 1240 dimissus
475 1220 558 1245 vero,
586 1212 664 1240 venia
695 1212 792 1247 dignus
820 1218 870 1240 est.
889 1213 939 1246 Qui

152 1266 216 1285 vero
232 1258 325 1285 relicta
341 1266 426 1285 uxore
442 1258 476 1285 ad
502 1258 582 1285 aliam
615 1263 645 1285 se
672 1257 778 1285 confert
791 1276 799 1290 ,
817 1257 940 1286 imm-ltus

150 1304 210 1339 ipse
225 1308 277 1337 est,
296 1308 377 1338 atque
390 1303 477 1338 ipsam
492 1304 623 1332 maschari
641 1304 717 1336 facit,
731 1311 763 1332 ea
778 1305 860 1331 etiam
875 1313 938 1344 cum

149 1355 203 1385 qua
222 1350 446 1378 consuetudinem
465 1351 557 1378 habet.

184 1395 229 1423 15.
246 1395 306 1424 Non
323 1402 403 1431 coges
417 1403 479 1424 eum
492 1415 501 1430 ,
519 1397 566 1432 qui
587 1404 619 1424 se
635 1404 688 1424 non
704 1396 860 1424 ordinatum
877 1405 937 1426 esse

145 1441 289 1476 iuraverit.

184 1487 230 1515 i6.
244 1488 445 1516 lnvoluntarius
460 1488 595 1517 homicida
615 1488 750 1518 decennio
766 1489 936 1525 ptenitentiae

148 1534 310 1569 Subjacebit.

181 1581 224 1609 Π.
244 1581 371 1616 Bigamus
388 1589 441 1609 non
459 1586 501 1610 est
516 1582 542 1610 in
560 1582 661 1610 clerum
678 1583 860 1618 recipiendus.

180 1627 225 1655 18.
246 1627 360 1656 Pietatis
389 1628 476 1656 hostis
503 1629 624 1657 trienttio
648 1630 818 1665 paenitentiae
844 1630 936 1666 οιιιῄίιΔ

143 1673 243 1701 ciatur.

381 1733 508 1768 Ejusdem
524 1733 635 1768 epistola
653 1733 682 1760 2.

178 1788 205 1816 l.
235 1788 382 1825 Presbyter
414 1788 514 1816 Bianor
541 1796 603 1816 cunt
634 1789 766 1824 iuraverit
789 1796 821 1817 ac
846 1790 931 1825 panti-

146 1835 257 1863 tentiam
281 1835 367 1870 egerit
378 1854 386 1869 ,
404 1841 515 1870 propter
532 1835 604 1863 illius
618 1835 766 1870 juratttenti
781 1836 928 1871 levitatem,

140 1880 338 1915 suscipiendus.

177 1928 210 1956 2.
234 1927 356 1963 Virgines
370 1933 430 1962 post
445 1926 639 1962 professionem
649 1927 739 1963 lapsas
751 1932 845 1956 exacto
859 1935 929 1956 anno

142 1973 236 2001 Patres
257 1973 435 2008 recipiebant.
466 1973 599 2006 Quoniam
617 1978 707 2000 autent
726 1973 841 2000 validior
858 1974 927 2000 facta

138 2024 180 2047 est
196 2018 315 2046 Ecclesia
329 2038 337 2052 ,
352 2025 410 2046 eam
426 2026 486 2054 quae
504 2019 686 2054 virginitatem
705 2018 827 2055 professa
852 2019 928 2054 lapsa

137 2070 190 2098 est,
206 2064 355 2092 adulteram
372 2072 511 2099 vocamus,
530 2070 555 2093 et
571 2064 616 2100 qui
632 2065 711 2093 talem
729 2066 841 2099 detinet,
860 2073 928 2093 mo:-

137 2112 228 2140 chum.

169 2159 198 2187 ὕ.
227 2157 416 2193 Virginitatem
444 2157 607 2193 proﬁtetur,
632 2165 693 2193 qua:
718 2164 779 2193 post
809 2165 926 2196 septem-

133 2204 219 2232 decim
233 2211 319 2232 annos
336 2205 447 2239 probata
461 2224 468 2238 ,
490 2207 519 2232 ut
533 2204 559 2231 in
575 2212 607 2232 eo
625 2206 687 2232 vitae
710 2206 835 2234 instituto
861 2215 924 2241 per-

133 2255 242 2277 maneat
257 2250 428 2284 deprecatur.
592 2248 610 2255 ί

168 2296 195 2323 4.
221 2296 271 2329 Qui
299 2296 399 2323 seculo
425 2295 562 2323 renuntiat
587 2296 780 2331 interrogetur,
804 2304 836 2324 ac
859 2305 922 2332 pero

131 2342 223 2377 spicue
243 2348 269 2369 et
282 2342 355 2369 clare
371 2342 540 2378 proﬁteatur,
556 2346 585 2370 ut
606 2343 629 2371 si
647 2344 808 2371 sententiam
824 2348 919 2377 mutet,

128 2388 304 2422 corripiatur.

163 2434 190 2461 5.
210 2434 290 2469 Virgo
315 2442 374 2468 quae
401 2435 426 2461 itt
447 2434 571 2462 haeresim
596 2435 670 2470 lapsa
697 2441 759 2469 est,
785 2444 817 2464 ac
840 2437 917 2465 dein-

127 2488 190 2515 ceps
218 2481 350 2515 resipuit,
378 2485 460 2515 atque
476 2481 596 2515 accipit,
623 2488 702 2516 paena
735 2489 789 2509 non
817 2483 916 2510 multa-

127 2532 180 2553 tur.

111 2419 123 2440 tu

111 2451 119 2473 ι

162 2578 189 2606 6.
209 2577 302 2606 Virum
319 2579 365 2614 qui
389 2578 541 2607 fornicatus
555 2578 638 2608 fuerit
652 2599 660 2612 ,
687 2589 755 2609 uxor
780 2579 890 2618 recipiet
905 2593 912 2612 :

124 2624 294 2660 inquinatam
313 2632 378 2652 vero
393 2625 527 2653 adulterio
546 2626 687 2654 mulierem
710 2629 752 2656 vir
783 2631 911 2659 remittet.

123 2671 284 2700 Fortticator
298 2673 382 2706 enim,
400 2681 451 2700 non
467 2674 590 2701 moechus
604 2694 611 2707 ,
630 2676 675 2709 qui
703 2677 779 2704 uxori
802 2677 913 2711 junctus

123 2724 184 2745 cunt
197 2717 285 2744 soluta
301 2725 357 2744 rem
372 2718 509 2747 habuerit.

158 2776 184 2804 7.
202 2775 253 2809 Qui
270 2776 461 2812 desponsatam
479 2778 562 2813 rapit,
576 2786 675 2813 sponso
688 2787 748 2808 eam
764 2783 907 2817 restituet,

122 2823 145 2850 si
173 2830 237 2850 νοω
252 2831 304 2850 tton
321 2826 515 2859 desponsatam
526 2844 533 2857 ,
549 2826 606 2852 suis
623 2826 717 2853 reddet
732 2847 740 2860 ,
769 2833 849 2864 atque
876 2837 910 2858 es

121 2877 214 2898 eorum
241 2871 375 2898 sententia
404 2871 583 2899 contrahetur
617 2874 819 2904 matrimonium
836 2896 844 2910 ,
872 2877 910 2905 si.

995 940 1074 971 ζεται
1088 942 1137 968 καὶ
1148 941 1219 976 ἀνὴρ
1237 942 1284 968 καὶ
1298 942 1379 978 γυνὴ,
1397 943 1443 970 διὰ
1461 943 1594 979 πορνείαν
1607 942 1782 977 ἀποζευγνύ-

995 995 1071 1021 μενοι
1089 995 1095 1000 ·
1110 988 1127 1023 ἡ
1142 987 1170 1014 δὲ
1187 989 1318 1024 συνήθεια
1331 989 1377 1017 τὸν
1394 990 1502 1025 μοιχὸν,
1518 990 1564 1017 καὶ
1580 990 1627 1018 τὸν
1640 990 1740 1025 πόρνον
1750 989 1781 1017 οὐ

994 1033 1170 1067 διαζεύγνυσι
1182 1035 1238 1061 τῶν
1257 1035 1382 1070 συμὸίων
1400 1044 1408 1052 ·
1426 1037 1451 1063 ει
1465 1037 1494 1063 δέ
1520 1045 1563 1069 τις
1587 1037 1680 1072 ἀφέτῳ
1703 1036 1782 1071 ἀνδρὶ

994 1078 1167 1116 συξευχθείη,
1182 1080 1233 1107 οὐκ
1252 1080 1291 1107 ἔνι
1305 1081 1441 1116 μοιχαλίς.
1454 1082 1490 1108 Τὸ
1504 1082 1559 1117 γὰρ
1570 1082 1656 1109 αττιον
1670 1082 1715 1109 ἐπὶ
1731 1083 1780 1118 τὴν

992 1124 1099 1158 ἀλόγως
1112 1126 1275 1160 ἁφήσασαψ
1288 1126 1304 1162 ἢ
1319 1127 1375 1162 [tm
1391 1127 1421 1162 ἡ]
1439 1126 1486 1154 καὶ
1499 1127 1635 1162 μοιχαλὶς,
1661 1128 1686 1154 εί
1711 1127 1778 1163 πρὸς

992 1171 1085 1207 ἕτερον
1100 1171 1248 1207 ζεύγνυται
1264 1180 1271 1188 ⁸
1286 1173 1338 1201 ὁδὲ
1356 1173 1482 1209 ἀφεθεὶς,
1498 1175 1672 1209 συγγνωστός
1682 1182 1688 1190 ’
1715 1175 1729 1200 ὁ
1749 1173 1777 1200 δὲ

990 1218 1040 1253 τὴν
1054 1221 1175 1253 γυναῖκα
1189 1219 1288 1253 λιπὼν,
1305 1221 1352 1248 καὶ
1370 1220 1414 1247 ἐπ’
1427 1221 1513 1256 ἄλλην
1532 1221 1590 1254 ίὼν,
1618 1221 1667 1248 καὶ
1695 1220 1777 1252 αὐτὸς

992 1266 1096 1300 μοιχὸς,
1114 1266 1162 1292 καὶ
1178 1266 1264 1301 αὐτὴν
1277 1266 1480 1302 μεμοιχεῦσθαι
1492 1267 1577 1301 ποιεῖ,
1595 1267 1643 1294 καὶ
1665 1266 1682 1302 ἡ
1702 1265 1777 1300 αὐτῷ

991 1311 1155 1338 συνοικοῦσα
1170 1313 1250 1348 γυνή.

1021 1401 1062 1429 ιε’.
1079 1402 1137 1430 Οὐκ
1152 1402 1321 1437 ἀναγκάσεις
1335 1401 1384 1430 τὸν
1399 1403 1437 1439 μὴ
1453 1403 1689 1440 ’χειροτονηθῆναι
1709 1403 1775 1439 ὁμό-

988 1457 1083 1477 σαντα.
1764 1464 1769 1467 ⁷

1018 1493 1065 1527 ις’.
1099 1494 1244 1528 Ἀκούσιος
1267 1497 1401 1534 φονευτὴς
1413 1496 1558 1529 δεκαετίας
1574 1495 1772 1531 ,ὑποπιπτέτω

1016 1585 1061 1618 ις’.
1087 1585 1117 1613 '0
1124 1585 1252 1622 δίγαμος,
1268 1586 1317 1615 καὶ
1334 1587 1510 1623 ἁκλήρωτος.

1013 1632 1058 1668 ιη’.
1080 1632 1110 1660 ’0
1127 1633 1296 1669 πολεμιστὴς
1310 1635 1344 1670 τῇ
1374 1635 1506 1662 εὐσεϐεία
1528 1634 1652 1670 τριετίαν
1671 1634 1772 1661 ὑποπι-

982 1679 1084 1708 πτέτω.

1189 1720 1191 1722 ι
1212 1738 1268 1766 Τοῦ
1283 1739 1376 1766 αὑτοῦ
1400 1740 1550 1775 ἐπιστολὴ
1563 1740 1603 1773 β’.

1010 1795 1044 1822 α’.
1080 1795 1270 1831 Πρεσϐύτερος
1294 1796 1402 1833 Βιάνωρ
1424 1798 1538 1833 ὀμόσας,
1564 1798 1611 1825 καὶ
1648 1805 1769 1832 μεταμε-

979 1841 1104 1877 λόμενος,
1120 1841 1163 1869 διὰ
1186 1841 1236 1877 τὴν
1251 1842 1381 1870 εὐκολίαν
1407 1844 1513 1871 ἐκείνου
1540 1843 1586 1871 τοῦ
1606 1844 1699 1879 ὅρκου,
1725 1843 1769 1869 δΞ⁴

950 1918 956 1925 I
980 1888 1072 1921 κτέος.

939 2238 962 2266 D

1006 1934 1040 1972 β’.
1053 1936 1121 1964 Μετ’
1142 1937 1267 1964 ἐνιαυτὸν
1284 1937 1335 1970 τὰς
1364 1938 1438 1973 μετὰ
1466 1938 1517 1974 τὴν
1546 1937 1693 1973 ὁμολογίαν
1722 1938 1768 1964 ὲκ-

978 1982 1133 2015 πιπτούσας
1152 1983 1308 2018 παρθένους
1331 1984 1356 2010 oi
1382 1984 1503 2019 Πατέρες
1524 1984 1660 2020 ἐδέχοντο·
1679 1984 1724 2010 διὰ
1738 1983 1766 2010 δὲ

977 2028 1007 2056 τὸ
1023 2029 1221 2065 κραταιοτέραν
1236 2030 1364 2063 γενέσθαι
1376 2030 1426 2066 τὴν
1446 2030 1621 2066 Ἐκκλησίαν,
1640 2029 1764 2065 μοιχαλί-

975 2075 1009 2102 δσ.
1021 2075 1070 2111 τὴν
1086 2076 1237 2111 παρθενίαν
1246 2076 1463 2123 ὁμολογήσασαν
1486 2076 1659 2112 ὀνομάζομεν
1688 2084 1766 2111 περι-

976 2121 1140 2156 πίπτουσαν,
1156 2122 1202 2148 καὶ
1215 2122 1309 2158 μοιχὸν
1322 2123 1368 2149 τὸν
1395 2121 1524 2157 τοιαύτην
1537 2122 1696 2157 κατέχοντα.

1011 2165 1047 2202 γ’.
1075 2167 1220 2202 Ὁμολογεῖ
1237 2168 1389 2203 παρθενίαν
1400 2169 1417 2204 ἡ
1435 2170 1505 2203 μετὰ
1519 2169 1554 2195 τὰ
1574 2168 1761 2195 ἑπτακαίδεκα

976 2213 1024 2250 ἔτη
1042 2214 1259 2250 ἀνακρινομένη,
1276 2215 1324 2241 καὶ
1338 2217 1508 2250 παραμένειν
1527 2213 1725 2249 ἑκλιπαροῦσα.

1003 2307 1103 2335 δ’.Καὶ
1131 2309 1146 2335 ὁ
1169 2307 1393 2344 ἀποτασσόμενος
1421 2308 1580 2344 ἑρωτάσθω,
1609 2309 1656 2335 καὶ
1684 2308 1765 2345 ἐναρ-

975 2353 1030 2388 γῶς
1048 2355 1224 2390 όμολογείτω,
1246 2355 1289 2381 ἵνα
1305 2354 1518 2390 μετατιθέμενος
1537 2356 1708 2390 ἐπιτιμᾶται.

1009 2448 1040 2472 ε’.
1059 2445 1106 2478 Εἰς
1120 2446 1224 2481 αἰρεσιν
1233 2443 1300 2473 οὖσα
1318 2446 1464 2482 παρθένος,
1487 2446 1547 2474 εἶτα
1579 2448 1761 2483 parnt/055:,

971 2491 1020 2518 καὶ
1039 2491 1228 2526 λαμϐάνουσα,
1244 2492 1293 2519 οὐκ
1309 2492 1465 2520 εὐθύνεται.

1004 2591 1042 2624 ς’.
1057 2592 1160 2627 ’Δνδρα
1189 2593 1400 2628 πεπορνευκότα
1425 2594 1441 2628 ἡ
1471 2593 1524 2620 ἰδία
1551 2594 1759 2630 παραλήψεται⁹

970 2639 1132 2674 μιανθεῖσαν
1144 2639 1172 2665 δὲ
1189 2642 1305 2672 γυναῖκα
1317 2640 1407 2675 ὁὰνὴρ
1423 2640 1621 2675 ἀποπέ,..ψεται
1638 2648 1646 2656 '
1661 2636 1761 2677 πόρνος

968 2685 1033 2720 γὰρ,
1049 2686 1080 2711 οὑ
1109 2685 1213 2720 μοιχὸς,
1257 2687 1270 2712 ὁ
1301 2687 1342 2718 είς
1369 2686 1516 2723 ἐλευθέραν
1543 2687 1669 2714 ἐκπεσὼν
1692 2688 1760 2715 ὑπο-

971 2731 1087 2765 (ὑναιος.

1003 2788 1037 2819 ζ’.
1065 2789 1094 2815 '0
1120 2790 1338 2824 μνηστευθετσαν
1364 2791 1507 2826 ἁρπάζων,
1536 2793 1758 2829 ἀποκαταστήσει

964 2833 1003 2869 τῷ
1016 2837 1264 2870 μνηστευσαμένῳ·
1281 2838 1305 2864 εἰ
1319 2837 1347 2863 δὲ
1357 2837 1559 2873 ἀμνήστευτον,
1573 2840 1630 2870 τοῖς
1640 2840 1756 2872 οἰκείοις

964 2881 1179 2917 ὲγκαταστήσει,
1192 2883 1240 2912 καὶ
1255 2883 1328 2911 κατὰ
1342 2884 1391 2919 τὴν
1406 2884 1520 2913 ἐκείνων
1550 2886 1666 2923 γνώμην
1690 2896 1757 2923 προ-
