1929 3076
135 187 184 224 ,111

550 189 734 221 ABISTENI
756 188 931 220 MONACHI
949 185 1130 219 SYNOPSIS
1151 183 1345 216 CANONUM.

1711 185 1760 218 112

167 247 214 275 ι26.
229 246 313 274 Filius
329 249 414 280 patris
425 245 553 278 potestati
567 244 701 278 subditus,
709 249 737 272 et
748 251 845 272 servus
854 234 921 271 citra

1009 242 1066 276 κς’.
1085 244 1116 271 ’0
1131 244 1294 277 ὑπεξούσιος
1310 243 1378 276 υίὸς,
1397 243 1444 269 καὶ
1461 242 1555 274 δοῦλος
1569 242 1630 278 δίχα
1644 242 1699 270 τῶν
1712 252 1761 269 κυ-

132 294 303 321 dominorum
320 298 484 319 consensum
495 310 504 324 ,
524 291 726 319 matrimonium
744 290 919 323 contrahens,

131 339 216 374 eulpae
228 338 337 367 obnoxii
349 342 424 365 sunt.

165 384 211 413 27.
242 384 293 418 Qui
321 382 485 418 percusserit
510 383 544 410 ad
570 387 702 415 mortem,
737 387 795 410 tum
818 382 863 417 qui
879 380 920 408 la-

130 430 221 463 cessit,
232 434 286 457 tum
303 429 348 464 qui
366 429 522 462 ulciscitur,
542 429 689 456 homicida.

165 474 210 503 28.
238 475 399 503 Diaconissa
422 482 484 502 cum
512 475 607 510 gentili
631 474 780 504 fornicata.
804 480 837 500 ac
861 479 920 508 pm-

130 522 244 550 nitentia
280 522 359 551 ducta
380 541 388 554 ,
412 522 555 556 septennio
593 519 759 556 poenitentiae
787 519 918 555 subjicia-

129 573 184 596 tur.

167 614 214 642 29.
244 613 416 642 Christianus
443 612 608 641 contumelia
624 611 763 640 Christum
780 611 917 646 afﬁciens,

130 660 234 689 nullum
255 659 373 688 fructum
394 666 427 687 ex
444 659 587 687 vocatione
601 666 651 688 sua
666 659 808 694 percipiat.

164 709 209 736 '50.
220 707 316 743 Nupsit
330 708 452 743 quzedam
462 713 510 743 per
523 707 705 742 ignorantiam
716 708 776 736 viro
787 707 918 740 dimisso;

130 755 231 783 deinde
257 754 341 790 priori
368 754 426 789 ipse
453 753 596 782 restitutus
624 758 683 787 est;
705 753 763 789 ipsa
790 761 854 783 vero
875 754 919 782 di-

131 802 212 828 missa
224 820 232 834 ,
249 805 370 828 scortum
387 804 528 836 reputatur
553 807 601 835 per
626 799 825 836 ignorantiam,
840 807 873 828 ac
895 800 917 828 si

132 848 214 880 velit,
231 847 334 875 nubere
351 852 450 882 potest,
466 845 563 876 melius
579 853 654 879 vero,
672 846 695 874 si
712 853 765 874 non
781 845 874 873 nubat.

164 894 211 922 31.
225 893 401 926 Encratitas-,
421 892 607 927 Sarcophoros
618 912 626 925 ,
642 897 723 927 atque
747 891 918 927 Apotactitas

129 941 218 969 denuo
237 940 399 976 baptizabis.
426 939 555 973 Quamvis
568 939 640 966 enim
666 939 758 966 dicant
773 946 804 966 se
817 938 844 966 in
866 937 918 965 Pa-

129 993 217 1020 trem,
243 992 272 1016 et
298 987 414 1018 Filium,
430 990 458 1013 et
484 984 615 1020 Spiritum
639 989 764 1012 sanctum
786 991 847 1012 esse
871 985 918 1012 ba-

129 1034 261 1069 ptizatos,
273 1036 461 1061 verumtamen
477 1030 605 1066 quoniam
625 1030 757 1058 malorum
779 1035 917 1058 auctorem

130 1082 215 1108 Deum
229 1080 310 1115 impie
322 1082 449 1106 asserunt
460 1077 537 1112 juxta
556 1075 722 1106 Marcionem
736 1096 745 1112 ,
761 1076 813 1105 nisi
830 1077 919 1104 denuo

129 1125 310 1161 baptizentur,
326 1131 380 1152 non
397 1127 461 1151 sunt
474 1122 633 1157 recipiendi.

163 1172 209 1199 '52.
227 1171 292 1205 Qua:
307 1177 322 1198 a
337 1170 397 1198 viro
411 1168 524 1197 dimissa
537 1171 589 1201 est,
607 1167 647 1196 sic
659 1173 786 1201 nianeat;
806 1169 830 1196 si
845 1168 918 1196 enim

130 1218 294 1250 machetur,
309 1216 386 1252 juxta
405 1214 510 1243 Domini
533 1220 697 1247 sermonem,
711 1214 779 1243 alius
796 1222 918 1243 commu-

129 1265 210 1292 nione
224 1263 389 1292 excluditur.

165 1310 210 1338 3'5.
230 1309 376 1345 Corruptio
391 1317 439 1345 per
463 1310 516 1338 vim
532 1311 651 1339 admissa
665 1330 673 1344 ,
699 1310 813 1338 crimine
828 1313 917 1343 vacat,

130 1361 211 1392 atque
234 1355 339 1385 ancilla:
355 1356 380 1385 si
405 1357 460 1385 vim
484 1357 607 1393 patiatur
629 1364 644 1384 a
664 1357 796 1391 domino,
822 1356 917 1384 insons

129 1407 181 1432 est.

165 1450 213 1478 54.
231 1449 283 1485 Qui
299 1449 408 1478 tertium
432 1448 635 1477 matrimonium
653 1449 788 1477 contrahit
800 1469 807 1482 ,
821 1452 916 1477 contra

128 1498 203 1533 leges
225 1501 332 1532 peccat.
358 1495 442 1523 Prout
462 1500 552 1524 autem
579 1495 707 1524 Ecclesia:
736 1503 780 1524 res
797 1503 870 1524 nunc
886 1502 917 1524 se

129 1543 254 1576 habent,
278 1541 412 1577 ejusmodi
435 1540 577 1574 facinora,
603 1540 626 1569 si
656 1548 710 1568 non
727 1541 834 1575 publice
861 1545 917 1568 tra-

130 1589 266 1616 ducantur
278 1608 289 1622 ,
317 1587 448 1615 dissoluta
468 1586 651 1615 fornicatione
677 1586 857 1615 tolerabiliora
870 1585 914 1622 ju-
928 1599 951 1631 ε

129 1635 263 1664 dicantur.

340 1677 467 1713 Ejusdem
483 1678 593 1713 epistola
616 1678 704 1707 Ierlt'a.

165 1727 192 1754 L
217 1724 316 1754 Clerici
339 1725 385 1760 qui
412 1724 438 1752 in
461 1724 589 1752 delictum
615 1724 761 1757 incidunt,
779 1724 918 1758 'gradibus

129 1772 302 1808 dejiciuntur,
318 1771 375 1799 sive
390 1770 554 1803 ministrent,
571 1771 628 1798 sive
643 1769 760 1797 ordinati
776 1770 841 1798 sint.

163 1863 192 1892 Ξ,
210 1863 276 1897 Quae
293 1862 376 1890 fetum
394 1861 552 1897 neglexerit,
577 1866 720 1899 propterea
736 1862 806 1897 quod
823 1863 919 1892 amicis

130 1913 268 1945 rebusque
288 1909 323 1936 ad
348 1909 429 1936 vitam
451 1908 616 1936 necessariis
634 1908 763 1936 destituta
786 1910 844 1942 sit,
865 1910 919 1938 cri-

130 1957 211 1985 minis
226 1963 323 1989 expers
338 1958 389 1982 est.
468 1954 471 1955 ⁷

165 2003 194 2030 5.
221 2001 281 2029 Non
308 2009 435 2037 magnum
457 2002 561 2030 crimen
587 2008 629 2031 est
653 2004 758 2033 ancilla:
775 2005 879 2039 viduae,
895 2006 918 2033 si

131 2049 165 2076 ad
179 2048 312 2077 secundas
327 2048 436 2083 nuptias
447 2048 586 2084 rapiatur:
601 2049 728 2085 bigamiaz
739 2057 802 2078 vero
810 2058 917 2086 poenam

130 2094 214 2121 subii.

167 2140 195 2167 4.
219 2138 424 2167 Homicidarum
450 2145 537 2174 poeitae
552 2160 560 2172 ,
586 2146 636 2175 pro
651 2139 918 2170 circumstantiarum

131 2186 246 2218 ratione,
256 2190 390 2220 augentur
405 2190 451 2212 aut
469 2186 636 2214 minuuntur.

166 2232 193 2259 5.
211 2229 385 2258 Voluntarius
402 2230 538 2258 homicida
563 2231 657 2267 viginti
676 2239 762 2260 annos
782 2233 918 2267 peniten-

972 291 1039 326 ρίων
1053 289 1248 326 ζευγνύμενος,
1258 290 1309 317 οὐκ
1321 289 1476 318 ἀνεύθυνοι.

1002 381 1054 414 κζ’.
1077 381 1107 407 ’0
1122 381 1229 417 πλήξας
1241 381 1311 417 πρὸς
1327 381 1455 415 θάνατον,
1471 381 1518 410 καὶ
1534 381 1697 418 ἀρχόμενος,
1713 382 1761 408 καὶ

970 427 1155 463 ἀμυνόμενος,
1170 427 1347 464 ἀνδροφόνος.

1004 472 1058 509 κη’,
1068 475 1198 506 Διάκονος
1211 474 1325 509 Ἕλληνι
1334 473 1524 510 πορνευθεῖσα,
1534 473 1581 500 καὶ
1589 472 1761 509 μεταγνοῦσα

970 519 1119 547 ἑπταετίαν
1135 519 1325 547 ὑποπιπτέτω.

1002 612 1056 639 κθ’.
1077 611 1214 647 ’Υῦρίζων
1233 612 1399 647 Χριστιανὸς
1410 612 1456 639 τὸν
1470 612 1599 648 Χριστὸν,
1633 611 1686 639 ἀπὺ
1710 612 1760 648 τῆς

969 659 1093 695 κλήσεως
1104 659 1290 695 ἀνωφέλητος.

1000 706 1189 742 λ¹.“Εγήματό
1200 715 1243 738 τις
1270 705 1349 742 ἀνδρὶ
1373 705 1445 733 κατά
1471 706 1584 740 ἄγνοιαν
1609 706 1760 741 ἀφεμένω·

970 751 1031 781 εἶτα
1045 754 1080 789 τῇ
1095 753 1220 790 προτέρᾳ
1235 753 1372 788 ἀνέφηνεν
1386 760 1393 768 ·
1412 752 1429 788 ἡ
1445 751 1469 779 δ’
1480 752 1580 787 ἀφείθη
1597 759 1605 767 ο
1618 752 1706 787 πόρνη
1717 751 1761 777 λο-

970 802 1080 837 γίζεται
1108 801 1181 829 κατά
1191 803 1317 837 ἄγνοιαν,
1348 799 1397 828 καὶ
1422 799 1448 826 εἰ
1475 799 1560 833 θέλοι,
1591 797 1758 834 ζεύγνυται·

970 849 1082 875 κάλλιον
1092 848 1132 880 δὲ.
1142 849 1166 875 ει
1185 848 1223 884 μὴ
1239 847 1398 882 ζεύγνυται.

1001 895 1052 922 λα’.
1074 895 1268 930 Ἐγκρατίτας,
1281 895 1329 921 καὶ
1354 893 1556 930 σαρκοφόρους,
1583 892 1631 920 καὶ
1656 892 1761 919 ἀποτα-

969 943 1065 972 κτίτας
1080 940 1297 972 ἀνασαπτίσεις·
1314 941 1338 967 εἰ
1369 940 1424 975 γὰρ
1452 939 1500 967 καὶ
1524 939 1629 973 λέγοιεν
1657 939 1698 966 ὅτι
1719 939 1761 970 είς

969 987 1090 1023 Πατέρα,
1108 987 1157 1014 καὶ
1171 987 1247 1018 Υίδν,
1278 987 1324 1014 καί¹
1351 986 1430 1020 ἀγιον
1453 985 1569 1020 Πνεῦμα
1595 984 1762 1020 έὸαπτίσθη-

970 1042 1031 1067 σαν,
1059 1033 1118 1060 ἀλλ’
1145 1032 1208 1059 ἐπεὶ
1225 1032 1321 1059 κακῶν
1347 1031 1465 1067 ποιητὴν
1494 1030 1542 1058 τὸν
1586 1030 1654 1057 Θεδν
1679 1030 1761 1065 βλασ-

969 1080 1092 1116 φημοῦσι
1124 1080 1196 1107 κατὰ
1234 1079 1399 1114 Μαρκίωνα,
1431 1079 1469 1114 μὴ
1496 1077 1759 1111 ἀναὸαπτιζόιιενοι,

968 1128 1091 1155 ἀδεκτοι.

997 1172 1048 1208 λβ’.
1067 1172 1100 1199 Ἦ
1124 1172 1191 1207 παρ’
1216 1171 1314 1207 ἀνδρὸς
1342 1170 1489 1205 ἀφεθεῖσα,
1518 1169 1626 1206 μενέτω
1651 1169 1758 1201 οὕτως·

968 1219 992 1246 εί
1004 1219 1059 1255 γὰρ
1080 1219 1222 1255 μοιχᾶται,
1232 1217 1304 1245 κατὰ
1314 1219 1360 1244 τὶν
1371 1217 1419 1244 τοῦ
1453 1217 1558 1253 Κυρίου
1589 1216 1682 1252 λόγον⁹
1707 1216 1759 1252 τῆς

968 1266 1039 1302 πρὸς
1053 1267 1147 1302 ἓτερον
1162 1265 1283 1292 κλείεται
1299 1264 1457 1296 κοινωνίας.

996 1310 1048 1346 λγ’.
1077 1311 1169 1347 Φθορά
1191 1309 1456 1346 κατηναγκασμένη,
1501 1308 1668 1341 ἀνεύθυνος·
1708 1307 1759 1334 καὶ

968 1356 1050 1392 δούλη
1091 1355 1242 1392 βιαζομένη
1288 1355 1367 1391 παρὰ
1407 1354 1553 1389 δεσπότου,
1600 1353 1758 1385 ἀνεύθυνος.

1001 1450 1048 1478 λδ’.
1070 1449 1099 1476 '0
1112 1449 1259 1485 τρῑγαμος,
1271 1449 1372 1484 ἄνομος
1386 1457 1392 1463 ³
1407 1448 1445 1480 ὡς
1473 1448 1502 1475 δὲ
1527 1448 1607 1483 ῥέπει
1623 1447 1674 1483 τῆς
1694 1445 1758 1474 Ἑκ-

968 1495 1087 1546 κλησίας
1097 1496 1131 1523 τὰ
1139 1495 1256 1523 τοιαῦτα
1266 1494 1434 1530 βλεπόμενα,
1448 1494 1632 1530 ἀστηλίτευτα
1640 1494 1758 1530 κρείττω

967 1543 1016 1580 τῆς
1031 1542 1179 1579 ἀνειμένης
1193 1542 1323 1578 πορνείας
1339 1542 1501 1578 κρινόμενα.

1156 1679 1211 1707 Τοῦ
1229 1678 1322 1707 αὐτοῦ
1333 1678 1481 1713 ἐπιστολὴ
1496 1679 1591 1713 τρίτη.

996 1725 1030 1753 α’.
1050 1727 1081 1753 Ol
1094 1726 1223 1762 κληρικοὶ
1238 1725 1477 1761 παραπίπτοντες,
1495 1725 1550 1753 τῶν
1564 1725 1678 1761 βαθμῶν
1689 1727 1757 1753 ἀπο-

969 1771 1128 1806 πίπτουσιν,
1162 1772 1217 1799 εῐεε
1260 1772 1454 1808 ὑπηρετοῦσιν,
1498 1772 1553 1798 εἴτε
1602 1772 1757 1808 κεχειροτό-

969 1827 1075 1855 νηνται.

1000 1865 1034 1900 β’.
1052 1865 1085 1892 Ἦ
1113 1865 1279 1901 άμελήσασα
1301 1865 1348 1892 τοῦ
1368 1866 1508 1900 κυήματος
1542 1865 1576 1892 δι’
1607 1864 1755 1901 ἐρημίανῆ

969 1911 1088 1948 ἀπορίαν
1099 1912 1154 1940 τῶν
1169 1904 1344 1948 έπιτηδείων,
1357 1912 1514 1945 ἀνεύθυνος.

1003 2000 1040 2037 γ’.
1058 2002 1095 2029 Οὐ
1110 2002 1183 2038 μέγα
1199 2003 1325 2038 πταῖσμα
1341 2004 1372 2039 τῇ
1401 2005 1473 2039 χήρᾳ
1488 2003 1568 2039 δούλῃ
1580 2003 1650 2039 πρὸς
1664 2002 1756 2030 δεύτε-

971 2056 1017 2084 ρον
1033 2048 1123 2083 γάμον
1137 2048 1319 2085 ἁρπαζομένῃ
1331 2057 1337 2064 ·
1354 2048 1385 2076 τὸ
1396 2049 1425 2075 δὲ
1451 2049 1501 2084 τῆς
1511 2048 1645 2085 διγαμίας
1665 2050 1754 2076 ἐπιτί-

972 2102 1034 2128 μιον
1049 2093 1116 2126 ἕξοι.

999 2141 1031 2170 δ’.
1042 2142 1103 2169 Τῶν
1119 2142 1291 2177 φονευόντων
1308 2142 1343 2170 τὰ
1356 2143 1495 2179 ἐπιτίμια,
1513 2144 1583 2171 κατὰ
1596 2143 1627 2170 τὸ
1657 2143 1756 2179 ἰδίωμα

969 2187 1020 2223 τῆς
1035 2189 1226 2223 περιστάσεως
1242 2188 1419 2222 ἐπιτείνεται,
1436 2190 1452 2225 ἢ
1470 2189 1591 2224 ὑφίεται.

1001 2232 1032 2261 ε’.
1055 2233 1084 2260 ’0
1097 2233 1221 2266 ἑκούσιος
1233 2234 1365 2269 φονευτὴς
1377 2235 1548 2262 ιίκοσαετίαν
1558 2235 1737 2263 ὑποπιπτέτω
1747 2244 1755 2252 ·

132 2277 176 2305 tia:
202 2277 382 2311 subjiciatur;
399 2277 612 2308 involuntarius,
629 2278 720 2305 decem
744 2285 845 2310 annos;
862 2279 916 2307 for-

1004 2278 1134 2311 ἀκούσιος
1157 2279 1300 2307 δεκαετίαν
1315 2288 1323 2297 ·
1353 2281 1368 2307 ό
1396 2282 1497 2316 πόρνος
1540 2281 1688 2310 ἑπταετίαν
1703 2290 1711 2299 ’
1726 2283 1755 2309 αἱ

129 2323 248 2356 nicator,
273 2321 455 2357 septennium.
483 2322 608 2357 Virgines
636 2328 695 2357 post
723 2323 915 2358 professionem

129 2368 220 2403 lapsae,
238 2368 392 2402 quindecim
411 2374 508 2395 annos.

166 2415 194 2443 6.
209 2413 261 2447 Qui
276 2414 382 2442 furatus
403 2419 445 2442 est
462 2421 494 2442 ac
510 2415 639 2450 resipuit,
657 2423 757 2443 annum
782 2417 918 2451 paeniten-

107 2496 112 2501 '
130 2462 196 2488 tiam
216 2464 289 2496 agat,
303 2460 445 2488 convictus
461 2467 535 2494 vero,
551 2460 621 2487 duos
635 2468 730 2488 annos.

109 2521 114 2529 ι
165 2509 192 2534 7.
221 2507 402 2535 Mascnlorum
428 2507 598 2539 concubitor,
623 2507 693 2534 sicut
722 2506 837 2534 adulter.
866 2507 916 2541 Qui

129 2558 225 2582 contra
243 2553 377 2581 rationem
394 2557 521 2580 versatus
536 2557 576 2580 est
590 2573 598 2585 ,
625 2553 762 2580 similiter.
778 2553 916 2588 Perjurus,

126 2600 271 2628 decennio.
297 2600 454 2627 lncantator
474 2605 502 2627 et
532 2599 691 2632 veneﬁcus,
718 2605 747 2627 ut
770 2600 915 2628 homicida.

128 2645 179 2678 Qui
195 2646 320 2680 sepulcra
345 2646 525 2681 depraedatur,
543 2645 683 2673 decennio.
709 2645 759 2678 Qui
784 2654 844 2673 cum
871 2655 917 2675 so-

129 2699 191 2719 rore
218 2691 358 2724 miscetur,
382 2697 411 2719 ut
437 2692 581 2720 homicida.
600 2691 770 2719 Prohihitum
799 2692 826 2719 in
849 2700 916 2720 con-

970 2326 1194 2363 mpanlmoucat
1206 2327 1274 2362 μετά
1286 2328 1336 2363 τὴν
1350 2327 1498 2363 ὁμολογίαν
1513 2329 1656 2364 παρθένοι,
1672 2330 1755 2356 πέντε

972 2374 1020 2399 καὶ
1036 2373 1179 2399 δεκαετίαν
1186 2372 1506 2414 ’[πεντακαιδεκαετίανι.

997 2423 1035 2452 ς’.
1055 2420 1086 2446 'O
1095 2420 1196 2455 κλέψας
1207 2421 1254 2448 καὶ
1279 2421 1443 2456 μεταγνοὺς,
1456 2422 1581 2449 ἐνιαυτόν
1597 2430 1604 2439 ·
1617 2422 1756 2458 ἐλεγχθεὶς

969 2466 1008 2499 δὲ,
1024 2465 1120 2500 ἓτερον
1132 2466 1192 2493 ἕνα.

994 2512 1029 2544 ζ’.
1056 2513 1275 2549 Ἀρσενοκοίτης,
1296 2515 1336 2546 ὼς
1363 2515 1467 2550 μοιχός.
1486 2515 1516 2542 ’0
1545 2516 1754 2551 ἀλογευόμενος,

969 2559 1070 2593 ὁμοίως
1083 2566 1090 2574 ·
1101 2559 1116 2585 ό
1125 2559 1267 2594 ἐπίορκος,
1277 2559 1423 2587 δεκαετίαν
1440 2569 1448 2576 ·
1474 2562 1489 2588 ὸ
1514 2561 1582 2596 γόης
1596 2564 1642 2588 καὶ
1655 2563 1670 2588 ὁ
1685 2571 1756 2597 φαρα

970 2605 1068 2639 μακὸς,
1086 2605 1149 2636 ὼςό
1170 2606 1281 2640 φονεύς.
1301 2606 1333 2634 ΪΟ
1355 2607 1552 2643 τυμϐωρύχος,
1582 2608 1727 2635 δεκαετίαν
1742 2617 1751 2624 ·

968 2651 982 2676 ό
997 2650 1207 2686 ἀδελφόμικτος,
1220 2653 1257 2683 ὡς
1273 2653 1370 2687 φονεύς
1380 2661 1387 2669 ·
1405 2654 1419 2680 ό
1432 2654 1621 2690 ἀπειρημένος
1635 2656 1664 2681 έν
1688 2663 1754 2689 συγ-

973 2697 1068 2732 γενείᾳ
1084 2697 1182 2733 γάμος,
1199 2700 1269 2726 κατὰ
1282 2700 1386 2735 μοιχόν.

128 2737 312 2772 sanguinitate
327 2738 529 2766 matrimonium
542 2757 550 2770 .
565 2738 661 2766 eadem
685 2746 738 2773 qua
753 2738 914 2767 adulterium
934 2749 1015 2777 ptena
1032 2745 1192 2772 vindicatur.

161 2786 188 2813 8.
210 2783 309 2813 Lector
326 2787 371 2821 qui
388 2792 451 2814 ante
465 2787 573 2821 nuptias
590 2794 645 2815 rem
662 2787 816 2814 habetcum
831 2795 913 2823 spon-

127 2839 167 2862 sa.
185 2837 293 2859 maneat
317 2832 412 2866 lector,
436 2833 473 2860 ita
491 2836 520 2860 ut
545 2832 579 2860 ad
598 2832 715 2867 majores
736 2834 837 2867 gradus
859 2842 913 2862 non

127 2882 317 2911 promoveatur
343 2879 413 2913 :qni
443 2886 507 2906 vero
523 2878 652 2906 furtivum
679 2879 739 2906 iniit
766 2880 908 2907 matrimo-

127 2923 212 2957 nium,
233 2925 393 2959 expellatur.

1003 2795 1039 2825 η’.
1059 2792 1089 2818 '0
1105 2793 1158 2828 πρὸ
1171 2793 1262 2829 γάμου
1277 2795 1475 2823 συναλλάσσων
1490 2796 1670 2832 ἀναγνώστης
1686 2805 1756 2832 μνη-

968 2839 1027 2873 στῇ,
1046 2839 1152 2872 μενέτω
1178 2840 1357 2876 ἀναγνώστης
1383 2843 1540 2877 ἀπρόκοπος
1557 2851 1564 2859 ·
1581 2843 1753 2879 κλεψίγαμος

966 2884 994 2911 δὲ
1009 2884 1184 2912 ἀπωθεῖσθω.
