1929 3076
112 99 170 130 121

803 104 1036 135 ‘DISPUTATIO
1059 105 1083 136 Ι.

1707 101 1759 134 ῙἩ

115 151 224 192 κλησίᾳ
239 155 285 186 καὶ
299 157 333 191 τῇ
348 155 472 191 βασιλείᾳ
489 164 551 191 μου.
569 156 623 184 Καὶ
639 157 751 184 δύναται
765 158 781 194 ἡ
795 159 918 194 ὑμετέρα

978 160 1109 194 mpientiae
1127 164 1222 188 vestra:
1246 159 1325 188 ﬁdem
1341 160 1432 188 verbis
1458 158 1596 190 adhibere,
1616 166 1677 194 quae
1690 167 1761 195 pra:-

117 201 234 233 σύνεσις
249 201 397 228 πιστεῦσαι
414 203 470 233 τοῖς
490 203 556 238 παρ’
567 203 659 239 αὐτῶν
671 203 916 239 λαληθησομένοις¹

117 248 216 280 καλῶς
228 247 416 282 γινώσκουσα,
433 249 471 280 ὠς
487 248 535 275 ἐὰν
553 249 626 275 οὕτω
646 250 759 285 ποιῆσαι
771 250 916 286 θελήσητε,

115 295 171 321 καὶ
184 294 235 330 τῆς
249 294 401 330 δρθοδόξων
418 294 593 330 Χριστιανῶν
603 295 713 330 μερίδος
729 296 858 330 γενέσθαι
872 298 920 324 καὶ

116 339 241 373 τάξεως,
255 340 354 376 πρῶτα
378 340 427 375 μὲν
444 341 477 375 τῇ
499 340 547 366 τοῦ
571 340 639 367 Θεοῦ
656 341 848 377 φιλανθρωπίᾳ
869 341 919 377 τὴν

117 386 266 422 σωτηρίαν
280 386 336 413 τῶν
353 386 448 422 ψυχῶν
465 385 542 422 ὑμῶν
557 387 776 423 προχειροτάτην
789 389 837 415 καὶ
849 383 921 415 ἕτοι-

119 440 176 467 μον
189 432 325 468 εύρήσετε
335 441 342 448 ⁸
353 429 384 459 οἵ)
401 432 429 459 τί
443 433 550 466 γένοιτο
565 433 599 460 ἂν
613 434 670 465 τοῖς
685 433 774 470 ὀρθῶς
790 434 919 470 φρονοῦσι

117 479 251 513 κρεῖττον
267 478 313 505 καὶ
329 478 515 514 τιμιώτερον;
531 476 584 505 εἷθ’
598 479 685 512 οὕτως
703 480 752 507 καὶ
774 479 825 516 τῆς
839 481 920 517 χάρεο

118 533 168 556 τος
183 526 234 560 τῆς
247 524 388 560 βασιλείας
411 533 462 560 μου
488 524 647 557 πολλαπλῆς
671 526 839 562 εὐμοιρῆσαί
856 527 920 563 ὑμῖν

119 571 272 605 γενήσεται
297 571 340 605 ἐφ’
356 569 398 602 οἷς
421 570 455 598 ἂν
474 571 561 605 αὐτῆς
585 571 711 606 δεηθῆτε.
742 573 839 605 Καλῶς
862 573 919 608 ἔχε.

121 616 170 650 Τῷ
185 617 255 656 μηνὶ.
267 616 415 652 Νοεμϐρίῳ
433 617 599 648 ίνδικτιῶνος
621 617 727 653 τρίτης.
745 619 779 645 δι’
797 619 920 654 ὲρυθρῶν

119 661 303 695 γραμμάτων
317 661 366 696 τῆς
386 661 528 697 βασιλικῆς
543 663 645 697 χειρός.
663 678 697 683 --
716 664 747 690 Ἡ
760 665 918 700 ἑπιγρατρίγ

121 707 273 733 Βασιλικὸν
290 708 330 739 είς
344 708 391 734 τδν
408 708 574 743 τιμιώτατον
587 709 633 735 καὶ
651 709 848 737 εὐλαϐέστατον
862 711 919 738 Κα-

122 753 236 780 θολικδν
252 753 308 780 τῶν
327 753 478 790 Ἀρμενίων
497 755 546 790 (Ι).

447 810 615 838 ΔΙΑΛΕΞΙΣ.

163 867 210 894 Ἑν
219 867 276 894 ἔτει
288 867 343 894 ἀπὸ
350 867 466 900 κτίσεως
474 868 577 903 κόσμου
593 872 688 904 γςχοηπ
701 868 756 895 ἔτει
767 869 795 896 δὲ
808 870 923 905 εἰκοστῷ

124 913 215 947 ὀγδόῳ
239 913 290 948 τῆς
319 913 538 948 αὐτοκρατορίας
551 913 599 940 τοῦ
615 914 643 940 ὲν
661 914 818 949 βασιλεῦσιν
844 915 923 942 εὐσε-

126 960 264 986 ίιπάτου
285 959 333 986 καὶ
363 958 548 995 φιλοχρίστου,
577 961 624 987 καὶ
647 960 812 988 θεοστέπτου
836 962 922 996 κυροῦ

125 1005 282 1040 Μανουὴλ,
317 1005 364 1032 τοῦ
391 1006 656 1042 Πορφυρογεννήτου
682 1009 731 1035 καὶ
757 1010 899 1045 Κομνηνοῦ
914 1031 921 1042 ,

127 1051 298 1084 ίνδικτιῶνος
308 1053 415 1088 τρίτης,
441 1054 513 1080 κατὰ
528 1053 578 1089 τὴν
594 1054 712 1089 δεκάτην
729 1055 859 1092 πέμπτην
874 1057 922 1084 τοῦ

126 1099 220 1126 Μαΐου
236 1099 321 1134 μηνὸς
346 1100 533 1136 κατελάὸομεν
563 1101 613 1128 σὺν
631 1102 691 1137 Θεῷ
702 1103 757 1129 τῶν
780 1103 923 1139 Ῥωμαίων

126 1145 214 1172 κουλά
227 1155 234 1162 ·
251 1146 301 1174 καὶ
311 1147 523 1182 χαιρετίσαντες
538 1147 584 1174 τὸν
600 1148 746 1175 καθολικδν
777 1150 832 1176 τῶν
857 1151 922 1185 Ἀρ-

128 1193 245 1227 μενίων,
269 1194 366 1229 κύριον
382 1194 528 1229 Νορσέσιν,
545 1195 577 1221 ὲκ
590 1195 637 1222 τοῦ
668 1195 770 1231 μέρους
784 1197 831 1223 τοῦ
856 1206 925 1232 κρα-

126 1239 208 1266 ταιοῦ
224 1240 272 1266 καὶ
299 1240 379 1274 ἁγίου
408 1240 488 1276 ἡμῶν
510 1240 657 1275 βασιλέως,
680 1242 923 1278 δεδώκαμεναύτῴ

127 1286 159 1312 τὸ
170 1286 242 1321 πρδς
254 1286 336 1313 αὐτὸν
349 1286 490 1322 βασιλικὸν
501 1286 574 1314 θεῖον
588 1288 720 1323 γράμμα,
749 1288 925 1321 ἀναδιδάξαν-

127 1340 177 1363 τις
204 1332 288 1359 αὐτὸν
306 1332 354 1359 καὶ
368 1332 399 1359 τὺ
414 1332 517 1367 ἀγαθὸν
529 1333 647 1368 θέλημα,
663 1332 677 1360 ὅ
696 1333 764 1368 πρὸς
781 1334 863 1360 αὐτὸν
879 1334 925 1361 κέ-

127 1385 230 1411 κτηται
246 1378 260 1404 ὸ
283 1377 414 1412 κραταιὸς
444 1378 492 1405 καὶ
524 1378 602 1413 ᾶγιος
626 1378 705 1414 ἡμῶν
722 1378 862 1414 βασιλεύς·
878 1381 924 1406 καὶ

128 1425 173 1451 ὅτι
185 1423 229 1450 δι”
240 1424 364 1458 ἐφέσεως
380 1423 450 1459 ἔχων
466 1424 599 1459 πλείστης
616 1424 666 1460 τὴν
690 1425 786 1458 αὑτοῦ,
804 1425 852 1452 καὶ
868 1425 924 1452 τῶν

130 1470 179 1496 ὑπ’
196 1471 365 1505 αύτὺν,πρὸς
392 1471 442 1506 τὴν
458 1470 540 1505 ἁγίαν
571 1471 720 1507 καθολικὴν
744 1473 792 1498 καὶ
808 1473 924 1498 ἀποστο-

131 1514 212 1550 λικὴν
231 1515 395 1550 Ἐκκλησίαν
420 1505 535 1548 ἕνωσιν,
563 1505 758 1549 ἐξαπέστειλεν
776 1518 851 1552 ἡμᾶς
861 1518 924 1549 τοὺς
938 1505 959 1533 c

131 1561 296 1595 ἐλαχίστους
323 1561 433 1592 δούλους
463 1561 564 1594 αὐτοῦ,
591 1561 636 1589 διὰ
657 1562 788 1589 τοσούτου
817 1563 925 1598 μακροῦ

131 1606 330 1642 διαστήματος,
362 1609 408 1634 καὶ
435 1607 507 1635 οὓτω
537 1609 660 1644 σκληρᾶς
687 1609 758 1642 ὀδοῦ,
781 1610 851 1645 πρὸς
878 1609 926 1645 τὴν

133 1652 259 1688 μεγάλην
276 1653 433 1689 ἁγιωσύνην
456 1663 514 1682 σου.
532 1653 641 1681 Τούτων
657 1655 791 1690 κατήκοος
806 1656 927 1690 γεγονὼς

131 1698 146 1724 ὁ
161 1697 318 1731 καθολικὺς,
333 1699 384 1735 ἔφη
396 1699 464 1734 πρὸς
474 1701 549 1736 ἡμᾶς
561 1709 568 1715 ·

168 1745 397 1781 Εὖχαριστοῠμεν
424 1745 464 1781 τῷ
488 1746 598 1781 βασιλεῖ
622 1747 662 1782 τῷ
693 1747 774 1782 ἁγίῳ,
802 1746 843 1774 ὅτι
860 1754 928 1781 προ.

131 1791 236 1816 νοεῖται
246 1791 293 1817 καὶ
307 1791 397 1826 ἡμῶν,
412 1791 467 1819 τῶν
483 1793 635 1828 ἐλαχίστων
650 1792 769 1828 εὐχετῶν
784 1792 834 1827 τῆς
847 1792 927 1826 ἁγίας

133 1836 218 1863 αὐτοῦ
254 1836 408 1872 βασιλείαςο
436 1839 484 1865 καὶ
501 1839 542 1866 ὃτι
567 1839 618 1874 τῆς
639 1839 803 1874 οἰκουμένης
817 1838 928 1872 ἁπάσης

133 1882 205 1917 ἔχων
217 1883 268 1914 τὰς
286 1884 442 1918 φροντίδας,
458 1885 519 1912 οὐδὲ
533 1885 611 1920 ἡμῶν
626 1885 787 1912 ἐπελάθετο.

171 1929 213 1965 Τῇ
228 1929 362 1964 ἐπαύριον
376 1931 636 1966 μετακαλεσάμενος
658 1932 744 1966 ἡμᾶς,
758 1931 834 1958 εἶπεν
848 1931 926 1966 ἡμῖν·

135 1977 286 2011 ’Δναγνοὺς
296 1977 328 2003 τὸ
345 1977 415 2012 πρὸς
433 1977 483 2012 ἐμὲ
501 1978 642 2013 βασιλικὸν
669 1979 716 2005 καὶ
745 1977 818 2004 θεῖον
841 1977 929 2013 γράμ-

135 2031 175 2058 μα
189 2022 239 2049 τοῦ
254 2023 475 2059 θεοπροὸλὴτου,
492 2025 540 2051 καὶ
567 2024 742 2059 θεοστεφοῠς,
757 2025 804 2052 καὶ
816 2017 929 2051 εὐσεϐε-

136 2068 238 2095 στὰτου
255 2068 400 2103 βασιλέως,
429 2069 567 2104 ἀνέμαοον
584 2070 613 2096 τδ
633 2069 743 2105 θέλημα
768 2069 863 2102 αὐτοῦ,
881 2069 929 2096 καὶ

133 2115 184 2148 τῆς
194 2114 276 2148 ἁγίας
295 2115 351 2141 τῶν
375 2114 518 2150 Ῥωμαίων
536 2115 711 2151 Ἐκκλησίας,
728 2116 769 2142 ὄτι
786 2116 834 2142 ἐὰν
849 2115 930 2150 θελή-

971 206 1035 233 dicti
1049 206 1171 234 homines
1185 206 1255 240 apud
1269 213 1317 234 vos
1331 206 1441 233 facient.
1455 206 1535 233 Certe
1552 206 1602 233 hoc
1615 206 1691 233 vobis
1701 214 1762 240 per-

969 259 1082 279 suasum
1101 260 1161 280 esse
1188 253 1280 287 cupio,
1306 252 1377 287 quod
1403 259 1499 287 nempe
1526 252 1549 279 si
1576 252 1613 280 ita
1638 253 1761 286 egeritis,

970 304 1051 334 atque
1065 299 1224 327 ortltodoxis
1242 299 1459 328 Christianorum
1477 300 1612 335 {partibus
1627 300 1762 335 classique

970 346 1149 379 aceesseritis,
1164 347 1280 381 primum
1294 347 1402 381 quidem
1417 347 1561 374 miserante
1578 346 1633 375 Deo
1647 347 1761 375 salutent

970 392 1122 420 animarum
1143 399 1294 422 vestrarum
1317 398 1373 421 tute
1391 402 1423 421 ac
1448 394 1528 422 facile
1553 395 1760 427 nanciscemini,

971 438 1035 473 (qua
1044 438 1171 473 quidnam
1189 444 1263 466 recte
1276 439 1456 467 sentientibus
1469 440 1565 467 melius
1581 441 1761 475 pretiosiusre

970 482 1094 510 accidere
1114 482 1233 518 potest?)
1258 483 1356 511 deinde
1382 492 1449 511 mea:
1471 491 1579 520 quoque
1605 485 1759 519 maiestatis

970 529 1084 564 gratiam
1102 529 1246 564 plurimam
1265 529 1299 558 ad
1313 529 1405 557 omnia
1426 537 1486 564 quae
1508 530 1680 565 postulabitis
1695 537 1761 558 con-

970 573 1130 608 sequemini.
1143 573 1217 602 Vale.
1232 574 1324 602 Mense
1343 573 1500 607 Novembri.
1514 575 1660 602 indictione
1671 575 1760 602 tertia.

971 618 1079 653 Scripta
1099 620 1188 647 rubris
1212 619 1311 647 litteris
1337 628 1419 647 manu
1444 620 1529 655 regia.
1549 619 1760 655 Superscriptio:

971 664 1054 700 Regia
1070 666 1183 700 epistola
1202 665 1234 692 ad
1256 665 1514 693 reverendissimum
1539 673 1697 700 summeque
1716 673 1763 693 co-

971 710 1079 738 lendum
1089 710 1247 738 Generalem
1258 711 1459 740 Armeniorum.

1257 811 1477 841 DISPUTATIO.

1009 871 1088 898 Anno
1101 870 1135 897 ab
1149 871 1216 898 orbe
1231 870 1340 898 condito
1357 870 1426 897 6678
1443 870 1492 906 ('2).
1519 869 1625 904 imperii
1648 869 1763 904 piissimi

974 921 1000 944 et
1016 917 1180 948 Christiani,
1200 922 1226 944 et
1240 916 1370 944 divinitus
1385 916 1507 944 coronati
1528 916 1630 944 domini
1650 915 1762 942 llanuc-
1795 916 1801 919 “

973 965 1018 996 iis,
1035 964 1061 991 in
1080 964 1217 999 porpltyra
1242 962 1310 994 nati,
1333 962 1478 995 Conmeni,
1499 962 1631 989 vicesimo
1649 966 1761 994 octavo;

974 1011 1122 1040 indictiOne
1132 1010 1220 1042 tertia,
1233 1010 1276 1037 die
1290 1009 1324 1037 15
1340 1009 1442 1037 mensis
1460 1008 1534 1040 Maii,
1554 1008 1699 1043 adjuvante
1713 1015 1763 1034 nos

975 1056 1040 1088 Deo,
1055 1056 1155 1083 limites
1173 1055 1359 1082 Romanorum
1374 1055 1526 1089 attigimus.
1542 1053 1665 1088 Cumque
1679 1060 1762 1087 gene-

975 1102 1025 1130 rali
1042 1102 1248 1134 Armeniorum,
1265 1101 1376 1128 domino
1397 1100 1521 1133 Norsesi,
1546 1100 1722 1136 praepotentis
1736 1103 1764 1126 et

974 1148 1060 1175 sancti
1078 1146 1250 1181 imperatoris
1279 1146 1367 1174 nostri
1392 1146 1501 1173 nomine
1513 1145 1630 1173 salutem
1646 1145 1761 1172 dixisse-

976 1201 1036 1221 mus
1051 1201 1058 1220 :
1076 1194 1154 1220 datas
1170 1192 1203 1220 ad
1221 1192 1308 1226 ipsum
1331 1192 1524 1227 imperatorias
1541 1199 1636 1219 sacras
1659 1190 1765 1218 litteras

975 1239 1000 1267 ei
1024 1239 1211 1270 reddidimus,
1234 1238 1357 1272 exposita
1377 1237 1459 1265 simul
1477 1238 1593 1273 benigna
1610 1237 1763 1268 voluntate,

974 1293 1058 1321 quam
1072 1292 1136 1319 erga
1153 1285 1241 1320 ipsum
1262 1290 1416 1320 praepotens
1429 1288 1456 1312 et
1481 1289 1593 1312 sanctus
1616 1284 1765 1318 imperator

976 1336 1068 1359 noster
1093 1337 1219 1365 gereret;
1242 1335 1270 1358 et
1298 1331 1371 1365 quod
1397 1332 1518 1357 maximo
1543 1329 1681 1362 desiderio
1708 1333 1763 1356 tam

975 1378 1059 1413 ipsius
1070 1385 1152 1413 quant
1168 1377 1341 1405 subditorum
1371 1378 1431 1413 ejus
1449 1377 1576 1404 unionem
1594 1385 1654 1406 eum
1670 1381 1764 1404 sancta

976 1423 1124 1451 universali
1153 1429 1181 1451 et
1206 1424 1354 1459 apostolica
1382 1423 1503 1451 Ecclesia
1531 1428 1682 1458 expetens,
1714 1430 1765 1450 nos

976 1469 1103 1497 tninimos
1119 1477 1215 1498 servos
1228 1477 1292 1497 suos
1311 1474 1364 1497 tant
1389 1470 1468 1504 longo
1485 1470 1606 1497 locorum
1625 1477 1658 1497 ex
1682 1469 1764 1495 inter-

978 1518 1056 1552 vallo,
1073 1523 1101 1546 et
1117 1518 1185 1547 adeo
1197 1518 1265 1546 duro
1279 1519 1388 1551 itinere,
1403 1519 1436 1545 ad
1453 1518 1587 1553 insignem
1604 1517 1689 1552 ipsius
1705 1524 1765 1544 sau-

977 1567 1101 1594 ctitatem
1128 1567 1294 1602 ablegasset.
1322 1566 1357 1593 Ea
1385 1573 1446 1594 cum
1475 1564 1611 1600 generalis
1634 1563 1766 1596 audisset,

978 1612 1035 1640 haec
1047 1613 1080 1640 ad
1099 1620 1149 1641 nos
1165 1612 1271 1641 locutus
1286 1616 1328 1640 est
1345 1621 1352 1640 :

1015 1751 1128 1785 Agimus
1147 1748 1305 1783 imperatori
1326 1751 1423 1776 sancto
1443 1746 1556 1782 gratias,
1579 1746 1651 1781 quod
1673 1751 1701 1774 et
1718 1753 1767 1774 no-

978 1797 1026 1825 stri
1039 1804 1132 1823 curam
1150 1793 1418 1831 gerat,minimorum
1435 1801 1466 1820 ex
1491 1793 1524 1820 iis
1538 1793 1584 1827 qui
1605 1800 1655 1828 pro
1672 1797 1768 1819 sancto

979 1843 1065 1878 ipsius
1085 1841 1202 1877 imperio
1225 1847 1322 1875 preces
1341 1839 1474 1872 i‘umlunt;
1491 1843 1517 1865 et
1535 1839 1605 1872 quod
1621 1838 1695 1865 orbis
1706 1838 1768 1865 nni-

977 1889 1050 1917 Versi
1066 1896 1146 1915 curas
1158 1887 1308 1919 sustinens,
1323 1885 1409 1913 nostri
1423 1888 1531 1919 quoque
1543 1892 1595 1912 non
1611 1885 1646 1912 sit
1657 1885 1767 1912 oblitus.

1015 1935 1148 1963 Postridie
1159 1934 1238 1961 nobis
1246 1932 1396 1964 arcessitis,
1407 1932 1492 1958 dixit:
1505 1930 1682 1965 Posteaquam
1691 1930 1768 1958 datas

979 1983 1012 2009 ad
1031 1989 1075 2009 me
1098 1979 1288 2015 imperatorias
1300 1983 1328 2006 et
1347 1985 1440 2005 sacras
1455 1977 1574 2005 ordinati
1591 1977 1770 2009 coronatique

978 2027 1128 2060 divinitus,
1155 2030 1183 2053 et
1200 2024 1316 2058 piissimi
1335 2023 1509 2058 imperatoris
1524 2023 1628 2051 litteras
1644 2024 1744 2058 perlegi
1760 2031 1767 2056 ;

980 2078 1034 2101 tam
1049 2073 1135 2107 ipsius
1151 2079 1234 2108 quam
1250 2075 1352 2098 sanetae
1372 2069 1557 2097 Romanorum
1575 2068 1704 2096 Ecclesia}
1721 2076 1770 2095 vo-

980 2120 1111 2147 luntatem
1123 2117 1248 2153 perspexi
1264 2125 1271 2144 :
1290 2115 1363 2152 quod
1380 2115 1518 2148 videlicet,
1537 2115 1559 2143 si
1576 2120 1684 2143 nostros
1696 2114 1768 2142 circa

137 2169 232 2195 σωμεν
255 2160 458 2196 διορθώσασθαι
476 2162 511 2188 τὰ
539 2162 604 2197 περὶ
619 2162 668 2197 τὴν
680 2161 821 2197 ὀροόδοξον
836 2161 924 2188 πίστιν

982 2165 1062 2192 ﬁnem
1079 2164 1259 2191 orthodoxam
1273 2169 1382 2191 errores
1398 2162 1540 2196 corrigere
1558 2161 1672 2188 velimus
1689 2168 1769 2195 para-

135 2207 284 2241 σφεὶλματα
298 2207 388 2242 ἡμῶν,
405 2208 521 2241 ἑτοίμως
535 2208 593 2242 ἔχει
616 2208 629 2234 ὅ
651 2216 680 2234 τε
698 2207 775 2242 ἅγιος
788 2207 924 2242 βασιλεὺς,

134 2253 182 2279 καὶ
210 2254 226 2287 ἡ
253 2252 319 2286 ἁγία
340 2252 483 2288 καθολικὴ-
498 2253 545 2279 καὶ
559 2252 728 2288 ἀποστολικὴ
765 2252 925 2287 Ἐκκλησία,

137 2298 343 2333 παραδέξασθαι
359 2300 434 2334 ἡμᾶς
453 2318 461 2331 ,
490 2299 527 2330 ὡς
547 2299 689 2333 ἀδελφούς.
706 2298 863 2333 Βουλόμεοα
879 2298 927 2325 οὖν

137 2344 357 2380 ἀναδιδαχθῆναι,
382 2346 442 2372 τίνα
459 2346 539 2378 εἰσὶν,
554 2345 663 2380 ἃὴμεῖς
694 2346 734 2376 είς
761 2344 812 2380 τὴν
836 2345 928 2371 πίστιν

136 2391 390 2427 παρασφαλλόμεθα
398 2399 405 2409 ⁸
413 2392 461 2418 καὶ
472 2393 497 2418 εί
511 2392 684 2427 ἐλεγχθὼμεν
699 2391 848 2421 κανονικῶς
858 2392 927 2426 μετὰ

136 2438 281 2472 γραφικῶν
300 2439 464 2471 ἀποδείξεων
488 2439 535 2466 καὶ
547 2439 676 2474 εὐλόγως,
692 2438 839 2474 προθύμως
854 2438 928 2472 δείξό⁴

140 2484 209 2520 μεθα
222 2484 273 2520 τὴν
286 2485 442 2520 διόρθωσιν.
714 2498 718 2502 -
825 2495 833 2503 ο

178 2531 208 2558 Ὀ
223 2531 323 2558 ΘΕΩΡ.
336 2532 494 2566 Παρακαλῶ
505 2531 553 2567 τὴν
568 2531 689 2566 μεγάλην
700 2531 855 2566 ἁγιωσύνην
867 2539 926 2564 σου,

139 2577 264 2613 δέχεσθαι
290 2577 337 2605 τὸν
371 2577 508 2613 ἡμέτερον
535 2577 616 2612 λόγον
646 2577 717 2613 μετὰ
740 2578 790 2614 τῆς
804 2577 926 2613 ἐμφύτου

173 2652 211 2687 (l)
221 2651 283 2679 Haec
290 2651 495 2687 superscriptio,
508 2651 658 2687 βασιλικὸν,
667 2651 837 2686 etc.,legilnr
845 2651 926 2687 etiam

138 2688 215 2715 initio
231 2688 424 2722 disputationis
441 2686 539 2718 prioris
556 2687 581 2713 in
595 2687 714 2714 editione
732 2686 887 2722 Lennclnvii
901 2692 928 2713 et

138 2721 327 2756 sequentibus.
358 2722 412 2749 Cur
440 2723 485 2755 id,
514 2723 644 2756 inquam?
670 2722 738 2755 Quia
772 2721 927 2748 Leuuclavii

139 2759 223 2785 codex
247 2758 394 2792 acepltalus
410 2762 485 2790 erat,
509 2758 545 2784 ila
567 2763 596 2784 ut
622 2758 645 2784 ei
669 2760 773 2784 deesset
795 2756 927 2784 Manuelis

138 2793 262 2825 epistola,
278 2792 355 2825 cujus
366 2792 423 2819 [nec
435 2793 622 2820 tantummodo
633 2794 792 2820 extremitas
803 2792 873 2826 (qua:
885 2797 928 2819 est
958 2807 966 2814 κ

138 2828 346 2865 superscriptio)
367 2828 546 2863 superfuerat.
565 2828 739 2857 Leuttclavius
765 2833 865 2860 autem,
880 2828 926 2855 dc<

979 2216 1024 2238 tus
1038 2211 1073 2238 sit
1092 2215 1118 2237 et
1135 2214 1246 2237 sanctus
1262 2208 1421 2242 imperator,
1437 2211 1463 2234 et
1477 2212 1571 2234 sancta
1586 2206 1722 2241 generalis
1737 2213 1769 2233 ac

979 2257 1127 2291 apostolica
1145 2255 1278 2286 Ecclesia,
1304 2261 1354 2281 nos
1369 2257 1498 2288 tanquam
1514 2251 1616 2279 fratres
1634 2252 1767 2286 recipere.

978 2302 1108 2330 Volumus
1122 2308 1187 2336 ergo
1202 2301 1303 2334 doceri,
1321 2306 1445 2333 quamam
1473 2299 1518 2325 illa
1541 2298 1607 2331 sint,
1624 2299 1649 2325 in
1669 2297 1767 2332 quibus

980 2356 1029 2376 nos
1049 2348 1179 2375 adversus
1201 2347 1280 2373 iidem
1296 2345 1453 2372 aberremus
1472 2353 1480 2373 :
1501 2352 1533 2372 ac
1553 2345 1575 2371 si
1597 2345 1707 2378 quidem
1733 2351 1766 2370 ex

979 2394 1104 2422 instituto
1126 2400 1261 2420 canonum
1293 2399 1342 2426 per
1367 2398 1505 2418 sacrarum
1533 2390 1684 2417 litterarum
1700 2409 1707 2421 ,
1741 2394 1768 2416 et

986 2444 1185 2468 consentaneas
1204 2437 1452 2464 demonstrationes
1484 2435 1599 2462 convicti
1619 2434 1765 2467 fuerimus,

978 2485 1198 2514 emendationem
1216 2484 1288 2510 illam
1306 2483 1437 2510 alacriter
1453 2480 1664 2515 acceptabimns.

1014 2528 1245 2558 TllEORlANUS.
1275 2528 1395 2556 Obsecro
1420 2526 1547 2553 eximiam
1566 2524 1640 2551 illaut
1658 2524 1762 2551 sancti-

977 2583 1060 2607 tatem
1075 2582 1159 2610 tuam,
1176 2581 1205 2603 ut
1217 2575 1368 2602 oratimicm
1392 2575 1512 2600 nostram
1534 2578 1601 2613 cum
1613 2570 1694 2598 insita
1713 2571 1765 2598 sibi

978 2652 1049 2679 fectu
1067 2657 1119 2678 non
1142 2649 1244 2680 agnito,
1261 2655 1318 2674 rem
1343 2645 1483 2674 ridiculam
1507 2644 1589 2677 l'ecil,
1608 2645 1671 2672 dum
1695 2645 1765 2672 hanc

978 2693 1127 2715 exlremam
1159 2680 1288 2711 lacunam
1321 2682 1397 2717 quasi
1414 2681 1520 2709 titulum
1549 2680 1676 2717 editionis
1710 2688 1766 2717 sum

979 2723 1078 2763 posuit,
1093 2728 1153 2748 cum
1173 2726 1268 2753 reapse
1283 2716 1397 2753 epistola
1417 2717 1490 2753 regia
1514 2716 1586 2752 apud
1604 2724 1665 2745 eum
1690 2716 1763 2744 nulla

980 2762 1051 2828 suis)
1066 2789 1166 2819 Christi
1184 2788 1264 2817 mo.
