1929 3076
156 96 208 130 123

856 96 1071 127 TIIEORIANI

1729 102 1776 134 Hi

155 155 363 184 mansuetudine
375 155 510 190 excipiat;
526 162 576 182 nec
590 161 686 190 graves
699 162 730 182 ac
748 156 880 182 molestas
891 154 941 182 sibi

1003 154 1063 189 ιὺτῃ
1088 155 1254 189 πραότητος,
1280 156 1327 182 καὶ
1354 155 1390 190 μὴ
1414 156 1546 190 φορτικὰς
1581 155 1707 191 ἡγεῖσθαι
1734 161 1783 191 τὰς

155 208 265 230 nostras
278 203 503 237 interrogationes
519 202 611 229 ducat.
627 201 693 229 Esto
705 207 794 229 autem
806 203 941 230 constitu-

155 255 212 276 tum
227 249 296 276 inter
310 255 370 281 nos,
395 247 468 275 velut
480 254 513 275 ex
529 246 658 282 stipulam
671 250 697 273 et
710 247 843 281 promisso
855 247 942 281 panis

152 296 304 329 utriusque,
314 295 372 322 utsi
382 295 446 330 quid
456 294 653 327 audiverimus,
662 294 734 329 quod
742 294 880 321 adversari
896 300 941 321 re-

153 348 204 370 cta:
214 342 353 369 sententiae
366 342 503 373 videatur;
518 349 571 368 non
582 340 710 368 continuo
724 340 940 375 prouuntienms,

153 389 180 416 id
195 387 351 415 haereticum
368 395 428 414 esse
443 395 450 414 :
465 388 512 414 sed
527 387 670 422 diligenter
682 387 893 420 interrogemus,
909 394 941 413 ac

153 433 314 461 erudiamur
330 433 362 460 de
377 434 452 461 vocis
476 433 609 468 cujusque
627 433 781 467 signiﬁcato
795 452 803 464 .
817 437 844 460 et
870 432 941 460 illius

153 485 256 513 mente,
272 481 317 515 qui
334 487 364 508 ea
380 480 416 508 sit
431 487 506 508 usus.
524 480 680 507 Cavendum
695 486 801 514 quoque
826 478 902 506 nohis
927 486 940 505 a

153 525 274 552 ruditale
291 525 459 559 interpretis,
481 525 526 559 qui
551 533 602 551 non
629 524 718 551 solum
735 524 940 559 grammaticam

153 580 207 599 non
224 573 314 604 novit,
331 571 379 599 διιά
394 580 428 599 ne
444 571 559 598 solutam
576 571 685 605 quidem
697 571 850 598 orationem
864 570 940 598 Gra-

153 624 212 644 cam
224 622 298 644 recte
317 621 390 644 tenet
407 625 414 645 :
431 623 467 644 ne
484 617 728 651 ipsiusignorantia
739 617 779 644 vel
791 617 881 652 lapsus
891 624 942 644 uo-

152 662 195 689 bis
212 663 370 697 imputetur.

187 709 267 736 GEN.
288 708 373 736 Recte
389 709 428 737 ais
444 717 451 737 :
469 709 504 737 ita
518 709 574 736 ﬁat.

197 754 324 782 THEOB.
352 754 425 783 Misit
450 756 592 791 epistolam
623 756 655 783 ad
690 761 884 791 praepotentem
914 760 942 783 et

153 804 278 827 sanctqu
299 802 491 836 imperatorem
507 802 605 829 eximia
620 803 749 829 sanctitas
767 807 823 834 tua,
840 809 895 837 qua
908 802 942 829 de

152 847 315 881 quibusdam
341 848 403 876 ﬁdei
422 848 567 883 capitibus,
584 853 611 875 et
633 849 878 876 consuetudinibus
898 856 942 875 cc-

159 892 333 925 clesiasticis,
350 898 458 920 tractat.
477 893 571 927 Itaque
594 893 765 920 sanctitatem
786 898 858 921 tuam
883 895 942 921 exi-

153 937 235 964 miam
252 938 400 974 interrogo,
417 940 490 967 itane
503 939 615 972 sentiat,
630 944 657 966 ut
676 940 702 967 in
715 947 745 967 ea
763 941 942 975 perscriptum

152 987 213 1015 est;
230 990 263 1009 an
279 983 380 1017 aliquid
396 990 501 1015 eorum,
518 992 578 1019 qua:
594 985 621 1012 in
640 985 686 1012 illa
704 986 856 1020 perscripta
869 989 942 1018 sunt,

152 1028 254 1056 nullius
269 1031 399 1058 momenti
416 1030 519 1057 ducat?

188 1073 266 1102 GEN.
287 1075 326 1102 ita
343 1081 398 1103 tum
416 1077 579 1110 sentiebam,
600 1082 627 1105 et
647 1077 684 1105 ita
700 1079 798 1111 sentio,
816 1079 887 1107 sicut
910 1079 937 1107 in

153 1128 185 1148 ea
200 1123 358 1156 perscripsi.

188 1168 316 1196 THEOR.
338 1169 410 1203 Quas
427 1171 544 1206 synodos
561 1171 683 1206 recipis?

189 1214 269 1242 GEN.
287 1215 424 1243 Nica‘nam
447 1223 604 1245 sanctorum
627 1218 679 1246 518
716 1219 826 1246 Patrqu
846 1227 853 1246 :
873 1218 944 1247 Con-

153 1262 436 1296 stantinopolitanam,
460 1270 614 1291 sanctorum
638 1269 665 1290 et
694 1265 824 1292 instinctu
850 1265 943 1294 divino

147 1306 361 1341 gubernatorum
377 1307 429 1335 {50
455 1308 586 1343 Patrum;
602 1314 627 1337 ct
642 1309 817 1345 Epltesinam,
833 1316 943 1338 sancto-

153 1360 212 1379 rum
227 1351 279 1379 200
311 1353 434 1386 Patrum,
451 1354 477 1381 in
499 1362 552 1389 qua
573 1354 718 1383 Nestorius
741 1357 776 1384 ab
793 1355 882 1384 oﬁicio
896 1364 941 1384 re-

153 1404 241 1426 motus
256 1397 318 1426 fuit.

190 1443 317 1473 THEOR.
336 1445 456 1478 Quorum
472 1446 615 1474 doctorum
633 1445 737 1483 scripta
756 1453 784 1476 et
804 1449 941 1478 doctrinas

153 1491 304 1525 approbas?
835 1530 838 1531 ν

192 1537 273 1565 GEN.
293 1536 382 1573 Magni
410 1539 482 1567 illius
509 1539 673 1573 Athanasii,
700 1541 786 1569 sancti
817 1541 940 1577 Gregorii

151 1582 293 1619 Theologi,
319 1584 410 1612 Basilii
438 1585 538 1621 Magni,
564 1588 651 1614 sancti
674 1587 798 1623 Gregorii
813 1587 940 1624 Nysseni,

153 1630 241 1657 sancti
257 1630 368 1658 Joannis
382 1631 564 1667 Chysostomi,
585 1633 670 1661 sancti
685 1633 833 1668 Ephrzemi,
851 1634 941 1662 sancti

152 1676 247 1712 Cyrilli
263 1676 438 1705 Alexandrini
457 1678 596 1712 antistitis,
613 1679 795 1707 etmultorum
812 1680 942 1708 aliorum.

188 1773 317 1801 THEOB.
344 1772 415 1809 Ergo
440 1775 586 1802 lectionem
608 1775 732 1811 epistola
754 1780 808 1805 tua:
830 1777 943 1806 inchoe-

155 1826 227 1852 mus,
255 1825 282 1848 et
300 1821 420 1856 capitum
443 1822 470 1849 in
489 1828 520 1849 ea
539 1823 800 1857 comprehensorum
825 1828 943 1852 mentem

156 1866 275 1895 fraterne
291 1868 515 1902 consideremus;
540 1876 575 1896 an
592 1868 736 1903 praedictos
751 1869 828 1898 divos
849 1870 943 1899 Patres

156 1919 185 1942 et
197 1919 306 1943 sanctas
322 1915 441 1950 synodos
454 1921 595 1951 sequatur.

188 1961 268 1989 GEN.
284 1961 369 1989 Recte
381 1962 467 1995 dicis;
481 1964 517 1990 ita
529 1962 588 1991 ﬁat.

189 2006 259 2034 Tum
288 2007 472 2043 perlegentes.
497 2008 531 2036 ad
551 2016 615 2036 eum
642 2008 732 2037 locum
748 2010 882 2044 venimus,
898 2011 944 2040 ubi

153 2052 284 2086 scriptum
299 2057 357 2079 erat
372 2062 379 2080 :
398 2053 519 2081 Dicimus
544 2054 571 2080 iu
585 2053 695 2082 Christo
709 2060 838 2082 naturam
860 2064 943 2084 unam

153 2104 225 2130 esse,
244 2106 299 2125 non
311 2099 459 2127 secundum
485 2098 633 2134 Eutychen)
658 2099 878 2135 confundentes;
894 2108 944 2129 nec

154 2144 303 2172 secundum
316 2145 511 2178 Apollinarium
525 2146 716 2174 detrahentes:
729 2148 778 2175 sed
792 2148 942 2176 secundum

993 199 1143 234 ἐρωτήσεις
1163 199 1252 234 ἡμῶν.
1284 201 1376 228 Ἔστω
1393 201 1421 228 δὲ
1437 203 1505 236 ἡμῖν
1535 202 1572 233 ὡς
1588 203 1617 235 ἐξ
1640 204 1781 238 Empta-ri].

994 253 1062 276 σεως
1077 245 1124 272 καὶ
1136 246 1282 280 ὁμολογίας
1305 248 1477 282 ἀμφοτέρων,
1492 248 1557 275 ὅταν
1573 249 1737 284 ἀκούσωμέν
1754 259 1781 277 τι

992 291 1041 317 οὐκ
1051 291 1133 326 ὀρθῆς
1144 290 1214 320 εἶναι
1223 294 1329 325 ἐννοίας
1336 290 1563 330 εἷναιδοκοῦν,μη
1573 294 1653 326 εὐθὺς
1664 295 1783 330 ἀποφαί-

992 337 1096 371 νεσθαι,
1110 338 1151 364 ὅτι
1164 339 1244 366 τοῦτο
1255 340 1393 374 stips-rtde
1411 340 1497 372 ἐστιν,
1509 340 1568 368 ἀλλ’
1592 342 1699 376 ἐρωτᾷν
1718 342 1782 368 ἑπι-

994 381 1092 416 μελῶς,
1107 383 1154 409 καὶ
1166 383 1341 411 διδάσκεσθαι
1367 384 1417 421 τὴν
1450 385 1589 420 σημασίαν
1605 386 1653 420 τῆς
1669 386 1781 419 λέξεως,

993 427 1039 452 καὶ
1056 428 1102 454 τὸν
1115 427 1178 454 νοῦν
1193 429 1241 455 τοῦ
1269 430 1411 464 χρωμένου
1421 430 1502 466 αὐτῇ.
1517 431 1783 466 Παραφυλάττεσοαι

992 473 1020 498 δὲ
1035 473 1075 500 δεῖ
1088 474 1163 509 ἡμᾶς
1180 476 1228 502 καὶ
1240 476 1289 510 τὴν
1302 476 1447 511 ἀγροικίαν
1477 477 1523 503 τοῦ
1538 477 1691 512 ἑρμηνέως,
1707 477 1736 509 ὃς
1751 477 1781 504 οὗ

994 519 1078 554 μόνον
1104 520 1145 547 ὅτι
1172 522 1371 557 γραμματικὴν
1403 523 1453 549 οὐκ
1479 520 1564 556 οἶδεν,
1580 523 1639 550 ἁλλ’
1658 522 1720 550 οὐδὲ
1733 522 1783 557 τὴν

1000 564 1143 600 Ἑλληνίδα.
1167 566 1252 602 πεζὴν
1269 567 1410 595 διάλεκτον
1425 568 1518 599 καλῶς
1538 568 1711 602 ἐξεπίσταται
1722 577 1730 586 ι
1745 569 1782 604 μή

993 619 1054 642 πως
1068 611 1098 637 τὸ
1109 611 1215 639 ἐκείνου
1231 613 1397 650 ἀγνόημα,ἢ
1418 614 1567 650 ὀλίσθημα,
1584 615 1719 651 ἡμέτερον
1735 615 1782 642 λο-

993 656 1086 692 γισοῇ.

1033 702 1065 730 '0
1079 704 1161 731 ΚΑΘ.
1173 702 1211 732 Εὖ
1227 705 1317 740 λέγεις
1329 715 1335 722 υ
1354 706 1426 733 οὕτω
1441 707 1573 741 γενέσθω.

1034 747 1063 775 '0
1075 749 1172 778 ΘΕΩΡ.
1198 752 1404 789 ’Δπέστειλενή
1434 755 1541 790 μεγάλη
1568 755 1707 790 ἁγιωσύνῃ
1733 764 1781 782 σου

994 795 1062 828 πρὸς
1076 797 1121 823 τὸν
1135 798 1266 833 κραταιὸν
1278 800 1324 825 καὶ
1336 800 1414 833 ἅγιον
1428 800 1507 835 ἡμῶν
1524 800 1638 835 βασιλέα
1669 802 1781 828 ἐπιστο-

994 840 1052 875 λὴν,
1137 843 1320 879 διαλαμϐάνει
1347 846 1413 881 περί
1432 855 1515 874 τινων
1543 847 1700 881 κεφαλαίων
1730 849 1783 883 τῆς

995 887 1113 919 πίστεως
1154 889 1200 916 καὶ
1230 890 1303 925 ἠθῶν
1336 891 1581 927 ὲκκλησιαστικῶν.
1606 893 1720 928 Ἐρωτῶ
1734 893 1782 920 οὖν

993 933 1044 968 τὴν
1061 934 1181 970 μεγάλην
1196 935 1352 972 ἁγιωσύνην
1367 945 1425 969 σου,
1445 939 1469 965 εί
1485 938 1556 965 οὕτω
1573 941 1679 975 φρονεῖ.
1693 939 1731 971 ὡς
1748 941 1778 966 ὲν

994 980 1064 1015 αὐτῇ
1097 981 1264 1017 γέγραπται,
1281 982 1297 1018 ἤ
1312 991 1339 1009 τι
1355 983 1408 1010 τῶν
1430 984 1459 1011 ὲν
1479 984 1549 1021 αὐτῇ
1577 985 1782 1021 γεγραμμένων

994 1025 1096 1054 ἀθετεῖ.

1036 1072 1064 1098 '0
1079 1073 1159 1100 ΚΑΘ.
1172 1070 1266 1106 Οὕτως
1285 1074 1426 1110 ἐφρόνουν,
1440 1076 1487 1102 καὶ
1502 1074 1573 1102 οὕτω
1589 1077 1690 1112 φρονῶ,
1704 1076 1740 1109 ὡς
1753 1077 1783 1105 ὲν

994 1116 1063 1155 αὑτῇ
1076 1118 1194 1155 ἔγραψα.

1034 1164 1064 1190 '0
1079 1164 1175 1192 ΘΕΩΡ.
1190 1166 1273 1198 Ποίας
1293 1167 1419 1200 συνόδους
1434 1168 1498 1204 δέχῃ
1511 1176 1519 1200 ;

1036 1210 1065 1237 '0
1084 1211 1167 1239 ΚΑΘ.
1191 1212 1247 1248 Τὴν
1261 1215 1290 1240 ὲν
1304 1214 1408 1251 Νικαίᾳ
1437 1215 1492 1241 τῶν
1507 1218 1560 1250 τιη¹
1583 1215 1670 1249 ἁγίων
1695 1217 1782 1244 Πατέ-

995 1267 1049 1293 ρων
1064 1267 1072 1275 ·
1089 1260 1135 1286 καὶ
1154 1261 1204 1295 τὴν
1219 1262 1248 1288 ὲν
1265 1262 1553 1290 Κωνσταντιτουπόλει
1567 1263 1620 1290 τῶν
1641 1263 1678 1299 ρν¹
1693 1264 1782 1298 ἁγίων

994 1303 1133 1341 θεοφὸρων
1168 1307 1310 1342 Πατέρων·
1339 1309 1386 1335 καὶ
1404 1309 1454 1344 τὴν
1481 1310 1511 1336 ἐν
1526 1309 1633 1346 Ἐφέσῳ
1653 1313 1675 1337 σ¹
1694 1311 1781 1345 ἁγίων

994 1351 1135 1386 Πατέρων,
1156 1353 1185 1380 ἐν
1229 1353 1376 1390 Νεστόριος
1397 1354 1548 1391 καθῃρέθη.

1034 1444 1064 1472 '0
1082 1445 1179 1474 ΘΕΩΡ.
1193 1446 1282 1473 Ποίων
1298 1447 1468 1476 διδασκάλων
1486 1449 1615 1485 στέργεις
1638 1450 1689 1482 τὰς
1712 1459 1783 1486 γρα-

953 1505 977 1537 c
994 1491 1046 1526 φὰς
1063 1493 1110 1520 καὶ
1123 1493 1318 1526 διδασκαλίας,

1034 1540 1064 1566 '0
1089 1540 1168 1568 ΚΑΘ.
1195 1541 1248 1568 Τοῦ
1276 1542 1396 1578 μεγάλου
1427 1542 1603 1576 Ἀθανασίου,
1635 1544 1683 1572 τοῦ
1700 1545 1780 1579 ἁγίου

992 1587 1145 1622 Γρη·,-ορίου
1171 1588 1218 1615 τοῦ
1245 1588 1390 1623 Θεολόγου,
1417 1589 1468 1617 τοῦ
1487 1582 1610 1625 μεγάλου
1626 1591 1780 1624 Βασιλείου,

993 1633 1040 1659 τοῦ
1057 1633 1138 1668 ἁγίου
1176 1635 1331 1670 Γρηγορίου
1346 1636 1469 1672 Νύσσης,
1485 1636 1533 1663 τοῦ
1546 1637 1627 1671 ἁγίου
1656 1638 1780 1664 Ἰωάννου

991 1680 1040 1706 τοῦ
1075 1680 1284 1717 Χρυσοστὸμου,
1312 1682 1359 1708 τοῦ
1387 1682 1466 1716 ἁγίου
1491 1682 1622 1718 Ἐφραῒμ,
1640 1683 1687 1710 τοῦ
1701 1683 1780 1717 ἁγίου

993 1726 1127 1761 Κυρίλλου
1137 1727 1349 1764 Ἀλεξανδρείας,
1366 1729 1414 1756 καὶ
1428 1729 1518 1756 ἄλλων
1534 1729 1650 1756 πολλῶν.

1037 1773 1066 1799 ⁸0
1082 1773 1179 1801 ΘΕΩΡ.
1191 1774 1356 1810 Ἀρξώμεθα
1372 1775 1465 1802 λοιπὸν
1476 1775 1526 1810 τῆς
1538 1774 1720 1810 ἀναγνώσεως
1732 1775 1781 1811 τῆς

994 1817 1044 1853 σῆς
1058 1819 1212 1854 ἐπιστολῆς,
1240 1820 1288 1847 καὶ
1310 1819 1479 1856 σκεψώμεθα
1504 1821 1659 1855 “deum;
1673 1821 1728 1848 τῶν
1750 1822 1780 1849 ἐν

993 1864 1061 1899 αὐτῇ
1078 1864 1234 1899 κεφαλαίων
1245 1865 1290 1893 τὸν
1305 1865 1378 1899 νοῦν,
1394 1866 1418 1893 εί
1434 1867 1490 1898 τοῖς
1504 1867 1683 1903 προρρηθεῖσιν
1697 1867 1781 1900 θείοις

993 1910 1129 1945 Πατράσι,
1150 1911 1198 1938 καὶ
1213 1913 1272 1944 ταῖς
1290 1912 1382 1947 ἁγίαις
1400 1913 1519 1945 συνόδοις
1534 1913 1641 1940 ἕπεται.

1037 1957 1068 1984 '0
1085 1957 1167 1984 ΚΑΘ.
1186 1957 1223 1984 Εὖ
1241 1957 1331 1992 λέγεις
1342 1965 1349 1973 ⁸
1382 1958 1454 1985 οὕτω
1467 1958 1597 1993 γενέσθω.

1029 2003 1084 2031 Καὶ
1118 2004 1294 2038 ἀναγνόντες,
1326 2005 1444 2040 ἠλθομεν
1471 2006 1510 2037 είς
1524 2006 1570 2032 τὸν
1596 2002 1734 2038 chromati;
1747 2003 1782 2042 ἦν

993 2050 1202 2086 γεγραμμένον·
1219 2050 1344 2086 Λέγομεν
1357 2050 1422 2086 μίαν
1436 2051 1518 2086 φύσιν
1538 2052 1579 2084 είς
1592 2051 1638 2079 τὸν
1652 2053 1779 2088 Χριστὸν,

994 2097 1024 2123 οὐ
1035 2097 1107 2125 κατὰ
1131 2097 1177 2124 τὸν
1205 2097 1328 2133 Εὐτυχὲα
1355 2098 1531 2133 συγχέοντες,
1559 2098 1622 2125 οὕτε
1650 2099 1720 2127 κατὰ
1735 2100 1784 2127 τὸν

1001 2143 1193 2179 ’Δπολινάριον
1228 2143 1417 2175 ἑλαττοῦντες,
1449 2143 1518 2170 ἀλλὰ
1550 2144 1623 2172 κατὰ
1648 2145 1783 2181 Κύριλλον

152 2188 368 2217 Alexandrinum
387 2191 537 2219 antistitem
553 2191 696 2227 Cyrillum,
715 2192 741 2220 in
762 2193 939 2227 orthodoxia,

1003 2190 1039 2216 τὸν
1053 2189 1260 2226 ’Δλεξανδρείας
1291 2190 1320 2216 ὲν
1348 2189 1498 2225 ὀρθοδοξίᾳ,
1523 2190 1605 2217 ἅτινα
1620 2190 1739 2226 ἔγραψεν
1754 2193 1784 2218 ἐν

153 2243 214 2270 quae
230 2236 256 2263 iu
272 2237 340 2264 libro
353 2242 450 2265 contra
466 2237 619 2266 Nestorium
643 2238 765 2274 scripsit,
785 2247 866 2267 unam
883 2247 943 2271 esse

153 2286 277 2309 natnrmn
295 2281 435 2310 Sermonis
449 2283 628 2310 incarnatam.

190 2328 318 2356 THEOR.
352 2329 471 2357 Sanctus
493 2330 612 2365 Cyrillus
639 2337 692 2357 non
720 2330 790 2357 dixit
814 2338 894 2357 unam
916 2330 942 2358 in

152 2376 261 2406 Christo
276 2382 400 2406 naturam
420 2385 469 2405 nec
490 2385 571 2405 uuam
592 2377 696 2405 Christi
721 2381 867 2410 naturam;
895 2378 942 2405 sed

153 2431 234 2450 unam
258 2427 384 2450 naturam
407 2422 566 2456 Sermonis;
581 2430 613 2450 ac
636 2422 733 2451 deinde
757 2422 877 2458 subjicil,
902 2423 944 2450 in-

147 2463 306 2498 carnatam.
320 2470 377 2498 Tua
392 2477 455 2498 vero
472 2470 603 2498 sanctitas
626 2470 718 2497 nescio
733 2477 787 2505 quo
802 2475 881 2505 pacto
901 2470 944 2497 in-

152 2517 307 2552 cogitanter
322 2521 348 2544 et
362 2516 447 2544 libere
462 2521 586 2543 naturam
602 2524 681 2543 unam
698 2516 725 2544 in
737 2516 847 2544 Christo
863 2517 942 2545 dixit.

152 2564 192 2591 Ac
209 2564 296 2597 miror
311 2565 445 2600 equidem,
462 2571 513 2591 cur
529 2555 624 2591 vocem
641 2571 657 2591 a
671 2569 768 2592 sancto
795 2565 854 2592 viro
869 2565 944 2599 posi-

152 2616 207 2638 tam
224 2615 328 2638 mutare
341 2611 376 2638 sit
393 2619 471 2639 ausa.

188 2653 268 2684 GEN.
284 2656 342 2684 Non
362 2659 474 2686 mutavi.
503 2658 570 2687 Nam
592 2659 663 2686 idem
688 2658 824 2694 signiﬁcat
845 2662 943 2685 natura

154 2703 267 2736 Christi,
283 2709 312 2732 et
326 2711 424 2732 natura
441 2705 583 2736 Sermonis
601 2706 753 2734 incarnata.

189 2747 317 2776 THEOR.
337 2749 396 2777 Non
421 2750 490 2778 idem
507 2751 656 2786 signiﬁcat,
674 2751 765 2778 absit!
784 2758 845 2778 nam
862 2749 941 2777 Chri-

153 2795 190 2824 sti
207 2803 317 2829 nomen,
334 2802 480 2833 utrumque
497 2798 674 2833 conjunctum
691 2797 835 2832 signiﬁcat,
860 2796 943 2824 Deum

156 2841 277 2871 simulet
291 2843 428 2872 hominem
442 2852 449 2871 :
471 2849 614 2879 propterea
629 2843 754 2878 dicimus,
770 2842 865 2872 Sermo
881 2851 945 2871 caro

994 2238 1026 2272 τῇ
1044 2236 1132 2273 βίῦλῳ
1163 2236 1246 2264 αὑτοῦ
1272 2237 1344 2264 κατὰ
1369 2237 1537 2272 Νεστορίου.
1550 2237 1591 2264 ὅτι
1613 2239 1663 2271 μία
1679 2239 1752 2266 iactv
1766 2239 1783 2273 ὴ

995 2284 1076 2319 φύσις
1090 2283 1138 2311 τοῦ
1152 2284 1239 2318 Λόγου
1253 2283 1462 2319 σεσαρκωμένη.

1035 2329 1066 2358 ’0
1081 2330 1178 2357 ΘΕΩΡ.
1199 2330 1229 2357 '0
1240 2330 1317 2364 ἆγιος
1331 2329 1466 2365 Κύριλλος
1478 2331 1529 2357 οὐκ
1543 2328 1604 2357 εἷπε
1622 2331 1687 2366 μίαν
1701 2331 1783 2366 φύσιν

992 2378 1034 2408 είς
1051 2377 1097 2403 τὸν
1111 2376 1240 2412 Χριστὸν⁴
1256 2376 1318 2403 οὔτε
1334 2377 1400 2412 μίαν
1416 2376 1499 2411 φύσιν
1512 2377 1560 2404 τοῦ
1570 2377 1700 2413 Χριστοῦ,
1714 2377 1783 2404 ἀλλὰ

997 2422 1061 2458 μίαν
1072 2422 1154 2457 φύσιν
1174 2423 1222 2450 τοῦ
1234 2422 1335 2456 Λόγου,
1358 2422 1406 2450 καὶ
1435 2423 1495 2450 τότε
1518 2423 1653 2458 ἐπήγαγε,
1674 2424 1714 2455 τὸ,
1737 2432 1783 2450 σε-

995 2467 1196 2503 σαριωμένην..
1215 2468 1248 2494 Ὶὶ
1261 2468 1290 2494 δὲ
1314 2468 1455 2503 ἁγιωσύνῃ
1487 2477 1534 2495 σου
1559 2468 1610 2495 οὐκ
1628 2467 1677 2496 οἶδ’
1709 2469 1784 2502 ὁπως

995 2513 1224 2550 ἀπεριμερίμνω;
1246 2515 1294 2541 καὶ
1315 2514 1404 2546 ἀδεῶς
1423 2513 1485 2541 εἷπε
1497 2515 1564 2549 μίαν
1582 2515 1663 2549 φύσιν
1676 2517 1718 2548 εις
1736 2517 1783 2543 τὸν

993 2560 1123 2595 Χριστόν.
1144 2562 1198 2588 Καὶ
1218 2561 1360 2596 θαυμάζω,
1380 2561 1438 2593 πῶς
1459 2562 1609 2597 ἐτόλμησεν
1627 2562 1779 2598 ἐναλλαγὴν

995 2606 1109 2641 ποιῆσαι
1121 2607 1172 2642 τῆς
1194 2606 1269 2641 παρὰ
1283 2607 1321 2642 τῷ
1335 2607 1405 2642 ἁγίῳ
1424 2607 1550 2641 τεοείσης
1566 2607 1676 2640 λέξεως,

1037 2655 1065 2680 '0
1080 2653 1162 2681 ΚΑΘ.
1190 2653 1247 2680 Οὐκ
1262 2653 1375 2689 ἤλλαξα.
1391 2653 1498 2681 Ταύτδν
1510 2654 1565 2689 γὰρ
1592 2654 1720 2689 σημαίνει
1731 2655 1784 2689 φύ-

997 2710 1038 2733 σις
1056 2700 1175 2736 Χριστοῦ
1187 2702 1234 2727 καὶ
1245 2699 1325 2735 φύσις
1341 2698 1388 2727 τοῦ
1402 2700 1491 2734 Λόγου
1506 2701 1718 2736 σεσαρκωμένη.

1037 2749 1067 2775 '0
1077 2748 1175 2775 ΘΕΩΡ.
1187 2748 1224 2774 Οὐ
1235 2747 1482 2783 σημαίνειταὺτόνυ
1496 2747 1534 2781 μὴ
1548 2747 1668 2781 γένοῐτοί
1687 2747 1717 2774 τὸ
1730 2748 1784 2783 γὰρ

996 2794 1115 2830 Χριστὸς
1126 2795 1224 2829 δνομα,
1241 2793 1344 2829 κυρίως
1355 2793 1386 2820 τὺ
1394 2793 1604 2828 συναμφότερον
1616 2793 1700 2828 δηλοῖ.
1717 2794 1786 2821 Θιὺν

996 2842 1065 2878 ὁμοῦ
1092 2841 1139 2868 καὶ
1172 2840 1333 2876 ἄνθρωπον·
1354 2839 1405 2873 διδ,
1424 2839 1453 2867 '0
1462 2839 1549 2873 Λόγος
1574 2839 1643 2876 σὰρξ
1665 2840 1786 2876 ἔγέκετο,
