1930 3073
200 96 251 129 127

907 99 1124 131 THEORIANI

1773 97 1824 131 128

194 153 393 182 nniversaiibus
416 154 576 190 act-ipimus,
602 161 748 190 personam
773 162 839 184 vero
854 161 881 185 et
900 157 986 192 hypo-

1053 158 1085 185 πὶ
1098 156 1153 185 τῶν
1176 156 1292 185 καθόλου
1309 157 1497 193 λαμϐάνομεν,
1511 157 1542 185 τδ
1564 157 1594 184 δὲ
1609 157 1758 193 πρόσωπον
1776 157 1825 185 καὶ

194 201 278 229 stasin
297 201 331 228 de
346 201 538 235 singularibus.

232 246 361 274 TiiEOR.
394 246 482 275 Macte
505 248 614 282 animo,
643 249 800 278 beatissime
821 250 922 284 Pater,
948 250 984 278 ob

199 293 272 320 hanc
297 291 514 321 satisfactionem
541 303 548 321 :
571 295 669 329 qubet
691 296 741 323 hac
765 295 790 323 in
818 300 895 330 parte
922 303 984 323 eum

197 338 301 365 sanctis
316 338 444 366 Patribns
460 340 608 367 eonsentis.
634 340 703 373 Quid
728 341 831 374 igitur?
852 341 986 370 horumne

199 383 340 411 ﬁnitiones
355 391 387 411 ae
401 384 613 413 declarationem
632 393 808 421 exponemus,
838 395 873 414 an
898 388 985 415 solum

199 429 250 457 hoc
280 430 359 458 nobis
386 430 524 464 sntiiciet,
555 432 626 466 quod
653 433 805 460 substantia
830 437 858 460 et
887 438 985 461 natura

199 476 326 510 quiddam
346 476 500 505 universale
525 478 598 512 sint;
624 479 778 514 hypostasis
803 482 832 507 et
858 486 985 514 persona,

199 521 356 557 singulare?

234 568 313 596 GEN.
332 569 360 596 Si
377 569 425 597 tibi
439 570 580 598 molestum
596 578 648 599 non
663 571 873 605 eritexponere,
889 571 987 600 lubens

200 614 326 648 equidem
342 615 462 642 audiam.

237 658 365 687 THEOR.
381 660 454 687 Nihil
467 668 518 696 ego
532 669 620 689 meum
635 662 783 697 proferam,
793 663 841 691 sed
853 663 985 699 quidquid

201 704 257 739 ipsa
277 713 326 733 nos
336 705 465 734 Ecclesiae
482 707 585 735 lumina
604 708 767 736 docuerunt.

235 750 314 779 GEN.
337 751 410 778 idem
423 757 451 779 et
464 752 522 788 ipse
538 760 702 789 cognoscere
716 753 814 789 gestio,
829 755 893 790 quid
911 755 989 783 nimi-

200 803 261 824 rum
276 797 403 825 Ecclesiae
418 799 542 826 doctores
556 800 737 828 tradiderunt.

237 842 367 870 TiiEUit.
390 843 484 871 Sancti
507 843 602 872 Patres
618 845 655 872 ita
676 845 856 873 substantiam
875 846 988 874 deﬁnie-
1006 834 1027 861 Β

203 894 266 915 runt
281 897 288 916 :
307 889 467 917 Sttbstantia
481 889 598 925 primum
617 896 644 919 et
665 892 775 926 proprie
790 897 843 925 est,
857 891 988 927 quidquid

203 942 252 968 per
265 942 294 962 se
307 935 444 967 subsistit.
461 943 513 964 nec
526 944 587 964 esse
603 945 680 964 suum
700 938 782 965 habet
798 939 824 966 in
838 939 900 966 alio.
918 937 988 972 Quid

203 985 295 1008 autent
315 981 340 1008 id
356 982 428 1017 quod
444 990 492 1017 per
520 990 551 1010 se
569 983 710 1011 subsistit?
729 985 802 1020 qttod
821 992 868 1020 per
889 992 921 1012 se
935 989 989 1018 est,

203 1033 236 1053 ac
250 1032 430 1062 non'propter
443 1028 527 1062 aliud,
540 1029 581 1056 vel
599 1029 626 1056 in
643 1030 696 1056 alio
711 1037 789 1057 suum
807 1037 867 1058 esse
891 1031 989 1064 habet;

208 1071 260 1098 hoc
277 1073 403 1106 estquod
417 1080 469 1100 nou
482 1077 543 1108 eget
557 1073 669 1101 alterius
683 1074 799 1110 alicujus
816 1080 892 1104 extra
908 1083 938 1104 se
955 1076 991 1104 ad

204 1117 256 1144 hoc
282 1121 312 1145 ut
335 1119 460 1150 exsistat,
487 1120 567 1154 quale
590 1121 719 1154 quiddam
746 1125 789 1149 est
814 1122 898 1155 color,
928 1127 991 1157 puta

205 1163 282 1198 niger
312 1169 359 1191 aut
388 1165 466 1192 albus
483 1174 491 1192 :
507 1172 566 1200 quae
579 1174 627 1201 per
648 1174 678 1194 se
700 1172 838 1203 nequeunt
859 1169 993 1195 exsistere

206 1209 266 1236 sine
292 1217 406 1244 corpore
429 1212 500 1246 quod
524 1219 555 1239 ea
574 1213 703 1248 recipiat,
723 1221 755 1241 ac
774 1219 925 1248 ,propterea
945 1222 994 1242 co-

206 1253 292 1282 lorem
306 1262 358 1282 non
373 1255 488 1283 dicimus
505 1264 566 1285 esse
589 1258 781 1286 substantiam.
804 1259 896 1294 ipsum
929 1268 994 1287 vero

207 1306 320 1334 corpus,
335 1301 377 1328 cui
396 1301 472 1328 color
484 1302 565 1336 inest,
583 1304 616 1330 ad
630 1304 683 1332 hoc
706 1305 807 1333 coloris
825 1305 896 1333 haud
923 1306 993 1333 indi-

207 1350 263 1381 get.
281 1351 312 1374 ut
324 1354 422 1382 corpus
448 1348 493 1375 sit.
517 1349 572 1376 itno
597 1350 708 1378 mutatis
732 1351 883 1384 coloribus,
906 1352 994 1387 ipsum

207 1399 262 1419 non
288 1397 421 1420 mutatur.
447 1393 514 1422 Nam
530 1403 563 1423 ex
585 1396 648 1424 albo
671 1396 777 1432 nigrum
791 1397 836 1431 iit,
855 1405 889 1425 ex
917 1398 995 1433 nigro

208 1438 318 1472 flavum,
333 1439 451 1468 aliumve
466 1442 585 1470 colorem
603 1442 713 1476 induit:
746 1445 834 1478 ipsum
849 1451 914 1472 vero
927 1452 997 1472 sem—

208 1492 257 1523 per
288 1485 324 1518 id,
344 1488 414 1521 quod
439 1492 493 1521 est,
521 1493 623 1516 manet.
653 1488 747 1524 itaque
764 1495 874 1524 propter
897 1498 996 1526 corpus

209 1531 288 1559 color
302 1538 354 1565 est,
380 1538 410 1560 ut
434 1534 460 1561 id
486 1534 576 1562 colore
602 1535 697 1569 tingat,
721 1543 774 1563 non
792 1541 881 1564 autem
899 1544 997 1572 corpus

211 1582 322 1612 propter
347 1578 478 1612 colorem,
505 1579 551 1607 sed
573 1587 606 1607 ex
625 1580 727 1615 seipse.
747 1581 828 1609 Color
853 1581 946 1609 itidem
971 1582 997 1610 in

211 1629 325 1657 corpore
351 1631 429 1651 suum
446 1631 507 1653 esse
532 1625 624 1659 habet,
650 1633 750 1659 corpus
774 1631 864 1654 autem
893 1635 946 1655 non
971 1627 997 1654 in

210 1667 314 1700 colore,
331 1668 378 1696 sed
395 1669 423 1696 in
438 1669 528 1706 seipso
544 1670 662 1698 exsistit.
685 1669 750 1698 Eam
770 1672 805 1699 ob
830 1679 887 1700 rem
902 1679 999 1707 corpus

212 1713 394 1742 substantiam
411 1723 549 1749 vocamus,
568 1723 628 1744 cum
651 1724 700 1752 per
719 1717 838 1753 seipsum
856 1717 998 1752 subsistat,

212 1764 240 1786 et
254 1759 282 1787 in
297 1761 399 1796 seipse,
420 1769 478 1789 non
493 1762 520 1790 in
544 1762 598 1791 alio
614 1770 693 1790 suum
709 1770 770 1791 esse
792 1763 900 1792 habeat.
917 1763 1000 1798 Quid-

212 1804 276 1838 quid
289 1812 354 1840 ergo
370 1813 419 1841 per
433 1814 463 1834 se
477 1807 613 1841 subsistit,
631 1813 658 1835 et
672 1808 698 1835 in
717 1809 819 1844 seipse,
835 1817 888 1836 non
906 1809 933 1836 in
947 1810 1000 1837 alio

214 1850 332 1884 exsistit,
354 1857 397 1879 est
417 1853 583 1891 substantia.
608 1854 678 1881 Sunt
704 1860 796 1882 autem
824 1856 880 1883 haec
902 1856 943 1883 vel
966 1863 1000 1884 ex

212 1897 334 1929 materie,
357 1897 399 1925 vel
424 1898 545 1933 expertia
575 1899 707 1927 materiei.
736 1899 886 1928 Materiaiia
926 1905 999 1933 sunt,

213 1946 296 1973 terra,
310 1949 389 1976 aqua,
416 1949 474 1974 aer,
497 1943 567 1978 ignis
581 1952 588 1970 :
605 1948 633 1972 et
651 1951 697 1972 res
714 1951 748 1972 ex
778 1945 820 1973 his
834 1946 1000 1980 compositae,

213 1988 292 2022 lapis,
305 1989 385 2016 arbor
397 2008 404 2020 .
417 1996 516 2024 corpus
532 1990 692 2018 animatum.
714 1990 841 2026 Expertia
867 1992 999 2024 materiei.

213 2033 304 2060 anima
334 2034 442 2062 ratione
478 2035 614 2069 praedita,
647 2036 771 2071 angelus.
798 2036 860 2064 Haec
895 2037 1001 2072 igitur,

215 2079 253 2106 uti
277 2080 357 2108 modo
378 2080 505 2114 aiebam,
541 2080 692 2109 substantia
727 2082 865 2110 dicuntur.
899 2082 1003 2118 Quippe

214 2125 285 2152 Dens
323 2126 582 2155 ultrasubstantiaiis
612 2134 664 2161 est,
700 2135 782 2163 supra
821 2135 930 2156 omnem
951 2136 1002 2164 po-

1032 204 1082 239 τὴν
1096 203 1256 237 ὑπόστασιν,
1266 203 1312 231 ἐπὶ
1322 203 1377 230 τῶν
1392 203 1464 231 κατὰ
1484 203 1578 239 μέρος.

1074 250 1104 277 '0
1119 249 1216 278 ΘΕΩΡ.
1242 249 1314 284 Εὖγέ
1343 259 1385 277 σοι
1410 250 1459 285 τῆς
1496 249 1659 284 ἀπολογίας,
1684 249 1826 284 μακαριώ-

1033 304 1098 323 τατε
1114 296 1217 332 Πάτερ·
1243 295 1378 330 σύμφρων
1398 296 1451 323 κάν
1478 294 1566 330 τούτῳ
1584 295 1641 327 τοῖς
1665 295 1754 328 ἁγίοις
1770 295 1828 321 [Ian

1034 342 1114 377 τράσι
1143 341 1299 377 τυγχάνεις.
1321 341 1354 368 Τί
1370 341 1447 374 οὒν;
1474 340 1582 367 τούτων
1610 340 1736 374 εἴπωμεν
1762 340 1827 372 τοὺς

1034 388 1115 423 ὅρους
1126 387 1173 414 καὶ
1185 389 1236 422 τὴν
1250 386 1400 422 ἑρμηνείαν
1412 395 1420 420 ;
1432 386 1449 422 ἢ
1464 386 1554 422 τούτῳ
1562 386 1636 421 μόνῳ
1649 384 1825 420 ἀρκούμεθα,

1035 433 1075 460 ὅτι
1102 434 1119 469 ἡ
1132 432 1213 460 οὐσία
1240 433 1315 468 καὶὴ
1331 432 1413 467 φύσις
1434 431 1550 459 καθόλου
1575 431 1662 458 ἐστίν·
1680 431 1740 467 ἠδὲ
1761 430 1829 457 ὑπό-

1037 487 1131 511 στασις
1146 479 1195 506 καὶ
1209 479 1240 505 τὸ
1251 478 1408 514 πρόσωπον,
1427 477 1597 506 καθέκαστον
1610 486 1617 510 ;

1082 568 1113 595 Ὀ
1142 568 1224 596 ΚΑΘ.
1241 567 1274 594 Εἴ
1299 576 1341 594 σοι
1364 567 1493 603 φορτικὸν
1511 567 1562 594 οὐκ
1581 565 1639 593 ἔστι
1652 565 1754 605 λέγειν,
1775 565 1831 600 ἐγὼ

1037 614 1123 650 ἡδέως
1136 614 1301 650 ἀκούσομαι.

1080 660 1110 687 ’0
1125 659 1222 687 esse.
1244 659 1315 694 Ἐγὼ
1329 659 1397 695 ὲμδν
1422 659 1473 696 μὲν
1499 659 1577 686 οὐδὲν
1593 658 1659 694 ὲρῶ,
1676 658 1734 685 ἀλλ’
1759 658 1830 693 ὅπερ

1037 706 1063 734 oi
1078 706 1128 742 τῆς
1145 706 1309 741 Ἐκκλησίας
1323 707 1465 741 φωστῆρες
1479 706 1554 741 ἡμᾶς
1569 705 1776 738 έξεπαίδευσαν.

1079 752 1110 780 '0
1127 753 1208 780 ΚΑΘ.
1224 751 1310 788 Κάγὼ
1334 751 1415 780 τοῦτο
1429 751 1557 788 ἐπιθυμῶ
1583 751 1690 788 μαθεῖν,
1707 751 1733 778 τι
1745 751 1832 783 ἐστιν,

1039 800 1109 834 ὅπερ
1126 799 1151 825 oi
1168 799 1218 834 τῆς
1238 798 1404 834 Ἐκχλησίας
1417 797 1495 825 εἷπον
1510 798 1677 825 διδάσκαλοι.

1084 845 1115 872 '0
1127 844 1225 872 ΘΕΩΡ.
1239 845 1271 871 οι
1282 844 1355 879 ἅγιοι
1364 843 1486 880 Πατέρες
1495 844 1545 879 τὴν
1559 843 1655 871 οὐσίαν
1666 843 1752 874 οὕτως
1766 842 1834 878 ὡρί-

1044 899 1134 918 σαντο.
1166 890 1252 918 Οὐσία
1278 890 1337 917 ἐστὶ
1365 889 1482 925 πρώτως
1506 897 1536 916 τε
1565 889 1612 916 καὶ
1641 889 1755 924 κυρίως,
1778 889 1835 914 πᾶν

1043 938 1138 973 ὅτιπερ
1170 936 1376 964 αὺθυπόστατον
1404 936 1535 971 ὑπάρχει,
1558 935 1605 962 καὶ
1630 935 1668 969 μὴ
1691 935 1720 960 ὲν
1748 933 1836 968 ἑτέρῳ

1043 982 1101 1017 ἔχει
1122 982 1153 1009 τὸ
1178 980 1259 1009 εῖναι.
1289 982 1322 1008 Τί
1341 981 1369 1008 δέ
1390 982 1464 1008 ἐστιν
1487 981 1713 1013 αὑθυπόστατονς
1739 979 1753 1006 ὁ
1773 979 1835 1006 καθ’

1044 1029 1124 1055 ἑαυτὸ
1143 1028 1213 1061 ἔστι,
1240 1028 1289 1055 καὶ
1305 1029 1335 1054 οὺ
1350 1028 1385 1054 δι’
1410 1027 1486 1059 ἄλλο,
1498 1027 1570 1061 ξοῠτε
1588 1028 1617 1054 ὲν
1632 1027 1718 1061 ἑτέρῳ
1734 1025 1791 1060 ἔχει
1805 1025 1837 1052 τὸ

1045 1074 1131 1101 εἶναι·
1157 1074 1309 1105 τουτέστιν,
1327 1074 1341 1101 ὃ
1354 1075 1392 1110 μὴ
1408 1073 1505 1110 χρῄζει
1535 1074 1607 1105 τινὸς
1635 1073 1714 1100 ἄλλου
1735 1072 1837 1104 ἕξωῦεν

1045 1120 1128 1148 αὐτοῦ
1145 1120 1186 1152 εἰς
1215 1120 1246 1146 τδ
1277 1119 1423 1155 ὑπάρχειν·
1453 1117 1509 1146 οἷόν
1523 1127 1550 1145 τι
1571 1118 1645 1152 λέγω
1669 1117 1700 1144 τὸ
1723 1116 1837 1152 χρῶμα,

1045 1166 1169 1193 τουτέστι
1194 1166 1225 1193 τὸ
1240 1165 1338 1192 λευκὸν
1362 1165 1411 1192 καὶ
1432 1165 1463 1192 τὸ
1475 1165 1559 1200 μέλαν
1572 1173 1579 1181 ·
1606 1165 1654 1191 καὶ
1671 1164 1706 1191 τὰ
1723 1162 1838 1190 τοιαῦτα

1046 1211 1076 1237 οὗ
1089 1210 1219 1238 δύνανται
1245 1210 1307 1237 καθ’
1335 1210 1422 1237 ἑαυτὰ
1447 1208 1530 1242 εῖναι,
1546 1210 1633 1245 χωρὶς
1648 1209 1774 1244 σώματος
1788 1207 1837 1235 τοῦ

1046 1257 1193 1293 δεχομένου
1212 1256 1283 1284 αὑτά
1294 1265 1301 1272 ·
1315 1257 1364 1283 καὶ
1382 1255 1428 1283 διὰ
1440 1256 1520 1282 τοῦτο
1534 1255 1596 1282 οὐδὲ
1611 1255 1707 1281 οὐσίαν
1720 1253 1838 1288 λέγομεν

1048 1300 1118 1330 εῖναι
1130 1301 1162 1328 τὸ
1183 1301 1294 1337 χρῶμα.
1318 1300 1356 1327 Τδ
1370 1300 1398 1327 δὲ
1415 1300 1496 1335 σῶμα
1525 1299 1601 1332 αὐτὸ,
1629 1300 1658 1325 ὲν
1685 1296 1707 1333 ᾧ
1731 1299 1791 1324 ἐστι
1807 1297 1838 1324 τδ

1048 1346 1157 1383 χρῶμα,
1175 1346 1205 1372 οὺ
1222 1345 1313 1372 δέεται
1328 1343 1376 1372 τοῦ
1391 1344 1548 1380 χρώματος,
1563 1344 1604 1375 είς
1614 1342 1645 1369 τὸ
1656 1340 1728 1369 εἶναι
1745 1341 1838 1376 σῶμα⁹

1049 1393 1147 1428 ἀμέλει
1171 1391 1220 1419 καὶ
1250 1391 1305 1418 τῶν
1334 1391 1489 1427 χρωμάτων
1515 1389 1746 1424 άλλασσομένων.
1771 1387 1839 1414 αὐτὸ

1048 1440 1099 1467 οῦκ
1116 1438 1288 1467 ἀλλάσσεται
1301 1445 1309 1452 ·
1323 1438 1372 1465 καὶ
1387 1436 1442 1472 γὰρ
1459 1437 1491 1463 ἐκ
1507 1435 1604 1462 λευκοῦ
1624 1435 1728 1470 γίνεται
1742 1433 1838 1468 μέλαν,

1050 1484 1097 1511 καὶ
1112 1483 1144 1510 ὲκ
1170 1482 1286 1518 μέλανος
1299 1482 1404 1515 ξανθὸν,
1416 1482 1433 1517 ἢ
1445 1481 1540 1516 ἕτερον
1556 1481 1653 1516 χρῶμα
1683 1479 1840 1514 μεταμφιάο

1049 1531 1141 1563 ςεται·
1167 1529 1235 1556 αὐτὸ
1250 1529 1279 1556 δὲ
1298 1528 1395 1566 μένει,
1415 1529 1483 1562 ὅπερ
1509 1527 1596 1559 ἐστὶν,
1613 1526 1666 1553 ἀεί.
1684 1526 1779 1552 Ἔστιν
1791 1523 1839 1552 οὖν

1048 1577 1079 1605 τὺ
1097 1577 1146 1613 μὲν
1161 1577 1262 1613 χρῶμα
1288 1576 1333 1603 διὰ
1353 1575 1385 1602 τδ
1414 1575 1495 1610 σῶμα
1508 1575 1552 1602 ἶνα
1564 1573 1659 1610 χρώζῃ
1675 1572 1752 1600 αὐτό·
1766 1571 1796 1598 τὸ
1810 1571 1839 1598 δὲ

1050 1624 1131 1659 σῶμα
1161 1623 1192 1650 οὗ
1224 1623 1269 1650 διὰ
1298 1623 1328 1649 τὸ
1352 1622 1462 1658 χρῶμα,
1490 1620 1558 1648 ἀλλὰ
1575 1620 1608 1647 δι’
1634 1619 1726 1646 ἑαυτό·
1752 1617 1841 1645 καὶτὸ

1051 1670 1102 1704 μὲν
1124 1669 1225 1706 χρῶμα
1251 1669 1281 1696 ὲν
1305 1667 1344 1703 τῷ
1372 1667 1480 1702 σώματι
1505 1666 1561 1702 ἔχει
1587 1665 1617 1693 τὸ
1643 1662 1734 1692 εἶναι·
1757 1663 1790 1690 τὸ
1812 1663 1841 1690 δὲ

1051 1714 1132 1749 σῶμα
1159 1713 1210 1740 οὐκ
1239 1713 1268 1739 ἐν
1290 1712 1330 1747 τῷ
1365 1712 1503 1748 χρώματι,
1526 1711 1584 1739 ἀλλ’
1608 1711 1637 1738 ἐν
1662 1709 1752 1745 ἑαυτῷ
1783 1709 1842 1743 ἔχει

1049 1761 1081 1787 τὸ
1105 1757 1185 1787 εἶναι.
1202 1758 1252 1785 Διὰ
1280 1757 1360 1785 τοῦτο
1388 1756 1436 1785 οὖν
1464 1757 1496 1784 τὸ
1527 1757 1608 1792 σῶμα
1624 1756 1719 1784 οὐσίαν
1744 1754 1843 1782 καλοῦ-

1053 1813 1112 1840 μεν,
1138 1803 1232 1838 ἐπειδὴ
1247 1803 1450 1830 αὺθυπόστατόν
1474 1804 1544 1835 ἐστι,
1566 1802 1614 1829 καὶ
1631 1803 1660 1828 ὲν
1674 1800 1775 1835 ἑαυτῷ,
1790 1801 1842 1826 οὐκ

1051 1852 1080 1877 ἐν
1098 1850 1183 1885 ἑτέρῳ
1210 1849 1268 1884 ἔχει
1295 1849 1326 1876 τὺ
1349 1847 1430 1876 εἶναι.
1456 1848 1561 1876 Οὐκοῦν
1586 1848 1642 1874 πᾶν
1660 1848 1756 1881 ὅτιπερ
1777 1845 1844 1872 αὐο-

1052 1897 1205 1924 υπόστατόν
1221 1904 1251 1922 τε
1277 1895 1407 1932 ὑπάρχει,
1431 1895 1478 1922 καὶ
1495 1895 1524 1921 ἐν
1547 1893 1647 1929 ἑαυτῷ,
1672 1893 1720 1920 καὶ
1751 1892 1789 1926 μὴ
1814 1891 1844 1918 ἑν

1052 1943 1138 1979 ἑτέρῳ
1162 1942 1292 1978 ὑπάρχει,
1320 1941 1409 1970 οὐσία.
1428 1941 1508 1968 Ἐστι
1537 1939 1566 1967 δὲ
1595 1938 1683 1966 ταῦτα
1704 1938 1722 1971 ἦ
1751 1938 1843 1971 ὑλικὰ,

1052 1990 1068 2026 ἢ
1083 1990 1164 2022 άῡλα,
1179 1989 1261 2016 emat
1276 1988 1337 2024 μὲν,
1351 1988 1399 2023 γῆ,
1417 1987 1500 2023 ὕδωρ,
1529 1987 1595 2023 ἀὴρ,
1618 1986 1687 2022 πῦρ,
1701 1987 1749 2013 καὶ
1762 1986 1797 2013 τὰ
1811 1986 1844 2012 ἐκ

1052 2035 1158 2063 τούτων
1172 2035 1314 2068 συνθέντα,
1329 2034 1413 2068 λίθος,
1423 2033 1518 2069 φυτὸν,
1534 2033 1656 2069 ἔμψυχον
1670 2033 1760 2068 σῶμα·
1773 2033 1845 2060 άῡλα

1053 2082 1093 2115 δὲ,
1109 2082 1182 2118 ψυχὴ
1197 2081 1305 2118 λογικὴ,
1320 2081 1447 2116 ἄγγελος.
1463 2081 1557 2108 Ταῦτα
1572 2080 1622 2116 μὲν
1635 2078 1693 2114 οὖν,
1709 2080 1747 2111 ὡς
1765 2079 1844 2114 Εφην,

1053 2127 1134 2156 οὐσία
1146 2128 1343 2156 καλοῦνται.’0
1351 2127 1407 2163 γὰρ
1416 2126 1845 2162 Θεδς,ὑπερούσιοςρπερέκεινά

214 2170 282 2198 situs
314 2171 482 2206 essentiam,
507 2178 534 2200 et
563 2173 585 2200 si
610 2173 676 2207 quid
701 2173 744 2201 his
769 2173 852 2201 etiam
874 2174 997 2202 ulterius.

1054 2176 1146 2211 πάσης
1158 2177 1265 2208 οὐσίας,
1279 2176 1327 2203 καὶ
1339 2176 1366 2203 εῑ
1378 2184 1405 2202 τι
1418 2174 1522 2202 τούτων
1533 2173 1702 2209 πορρωτέρω
1715 2171 1846 2208 ὑπάρχει.

215 2217 302 2251 Atque
313 2217 364 2245 hoc
379 2218 458 2246 modo
473 2218 531 2252 jam
551 2218 688 2253 cognitum
704 2218 847 2252 habemns,
862 2220 927 2254 quid
938 2220 1003 2248 sub-

215 2263 314 2291 stantia
331 2263 375 2291 sit.
392 2264 492 2291 Natura
509 2272 582 2297 vero,
595 2270 635 2292 est
660 2264 756 2292 horum
779 2265 922 2300 cujusque,
945 2266 1002 2301 jam

218 2312 425 2344 recensitorum,
437 2317 525 2340 motus
539 2317 565 2340 et
579 2313 677 2347 quietis
689 2313 860 2348 principium,
871 2319 1004 2349 quatenus

217 2358 243 2385 in
261 2358 325 2392 ipsis
347 2359 441 2393 primis
465 2358 581 2392 exsistit,
609 2367 661 2386 non
688 2359 837 2387 secundum
866 2360 1001 2388 accidens.

219 2405 296 2433 Verbi
313 2405 409 2439 gratia,
425 2408 497 2432 terra
513 2406 621 2439 quidem
644 2410 777 2439 movetur,
796 2410 928 2440 quatenus
944 2414 1004 2442 ger-

217 2451 291 2478 Iuina
306 2451 441 2486 producit,
458 2455 485 2478 et
500 2451 583 2483 fetus,
598 2452 764 2486 omninoque
788 2451 919 2479 aiteratur
937 2460 1004 2487 qua-

217 2500 296 2524 tenus
309 2496 457 2523 secundutn
471 2497 526 2524 haec
544 2497 599 2532 ipsa
614 2497 641 2525 in
657 2497 683 2525 id
700 2502 828 2530 mutatur,
841 2498 889 2525 sed
909 2499 1003 2525 eadem

217 2541 341 2575 quiescit,
361 2541 432 2575 quod
450 2540 484 2568 ad
511 2542 700 2569 transitionem
727 2541 761 2569 de
785 2541 845 2569 ioco
861 2542 894 2567 ad
917 2540 1004 2568 locum

218 2586 449 2630 attinenlomnino
464 2586 611 2615 immobilis
625 2592 651 2614 et
667 2587 773 2616 itineris
789 2594 898 2623 expers.
913 2586 1007 2621 Itaque

220 2637 311 2661 motus
326 2637 353 2660 et
368 2633 468 2668 quietis
482 2633 634 2669 hujusmodi
649 2634 824 2669 principium,
842 2633 912 2668 quod
929 2637 1007 2660 terra:

219 2679 434 2707 aubstantiaiiter
451 2680 533 2712 inest,
548 2687 598 2707 nec
619 2687 653 2708 ex
668 2687 750 2707 causa
776 2679 892 2714 quadam
913 2686 1007 2707 acces-

220 2725 267 2757 sit,
296 2730 420 2753 naturam
434 2733 575 2755 vocamus.
598 2726 688 2760 ipsum
712 2733 776 2753 vero
791 2730 893 2753 natura:
907 2732 1007 2753 nomen

223 2771 257 2800 ab
269 2774 404 2801 nascendo
412 2772 513 2801 factum
527 2776 580 2806 est,
589 2772 615 2801 id
625 2775 666 2801 est
676 2773 710 2800 ab
722 2772 888 2800 cxsistendo.
899 2771 959 2805 Quo
967 2771 1006 2804 iit,

224 2824 253 2846 ut
269 2818 427 2848 substantia:
452 2825 609 2854 natumque
638 2827 736 2847 nomen
760 2818 828 2848 iticrvt
855 2818 1005 2854 signiticet:

1053 2221 1086 2249 Ti
1103 2222 1152 2258 μὲν
1165 2221 1211 2249 οὖν
1224 2223 1297 2249 ἔστιν
1313 2221 1402 2254 οὐσία,
1415 2220 1512 2256 ἔχομεν
1524 2218 1706 2254 ἐγνωσμένον.
1719 2219 1804 2250 Φύσις
1818 2218 1848 2245 δέ

1054 2268 1127 2295 ἔστιν
1143 2267 1213 2303 ἀρχὴ
1228 2266 1276 2300 τῆς
1291 2265 1408 2294 ἑκάστου
1422 2265 1477 2291 τῶν
1491 2262 1730 2300 άτπιριθμημένων
1745 2261 1849 2288 τούτων

1054 2311 1188 2346 κινήσεώς
1211 2319 1241 2337 τε
1265 2311 1314 2337 καὶ
1337 2309 1468 2345 ἠρεμίας,
1494 2309 1523 2335 ἐν
1546 2305 1587 2341 οἷς
1612 2308 1732 2344 πρώτοις
1755 2307 1849 2339 αὐτοῖς

1056 2358 1188 2392 ὑπάρχει,
1206 2356 1254 2383 καὶ
1268 2355 1299 2382 οὐ
1315 2355 1388 2382 κατὰ
1404 2353 1590 2390 συμϐεϐηκός.
1606 2351 1670 2380 Οἴόν
1684 2361 1711 2379 τι
1725 2351 1798 2386 λέγω
1808 2360 1814 2367 ·
1831 2353 1848 2386 ἡ

1027 2438 1034 2444 κ
1055 2404 1090 2438 γῆ
1106 2404 1220 2430 κινεῖται
1239 2402 1300 2437 μὲν,
1315 2402 1387 2429 κατὰ
1402 2401 1431 2428 τὸ
1446 2401 1616 2436 βλαστάνειν,
1631 2400 1679 2426 καὶ
1693 2399 1849 2433 ζωογονεῖν,

1056 2450 1104 2477 καὶ
1118 2449 1148 2476 τὸ
1164 2449 1223 2476 ὅλον
1239 2448 1431 2480 ἀλλοιοῦσθαι,
1449 2447 1520 2474 κατὰ
1535 2445 1622 2473 ταῦτα
1639 2445 1708 2472 αὐτὰ
1726 2446 1766 2476 εἰς
1783 2444 1851 2471 αὐτὸ

1058 2496 1297 2532 μετασαλλομένηο
1318 2495 1419 2531 ἠρεμεῖ
1435 2494 1464 2521 δὲ
1483 2493 1555 2521 κατὰ
1571 2493 1621 2528 τὴν
1637 2493 1691 2519 ἀπὸ
1708 2491 1791 2519 τόπου
1810 2491 1850 2523 είς

1055 2543 1139 2570 τόπον
1154 2541 1315 2578 μετάϐασιν,
1331 2541 1461 2575 ἀκίνητος
1475 2539 1542 2566 οὖσα
1557 2538 1697 2569 παντελῶς
1723 2538 1770 2564 καὶ
1783 2537 1852 2563 ἀπό-

1058 2595 1163 2622 ρευτος.
1181 2586 1236 2622 Τὴν
1253 2583 1299 2613 οὖν
1314 2585 1401 2621 ἀρχὴν
1416 2585 1465 2620 τῆς
1479 2583 1608 2618 τοιαύτης
1622 2582 1742 2618 ἠρεμίας
1756 2590 1786 2608 τε
1803 2581 1852 2608 καὶ

1057 2633 1204 2668 κινήσεως,
1225 2631 1364 2662 οὺσιωδῶς
1385 2631 1418 2667 τῇ
1440 2631 1476 2666 γῇ
1499 2630 1724 2666 ἐνυπάρχουσαν,
1747 2629 1798 2655 οὐκ
1818 2628 1851 2654 ἐκ

1057 2687 1129 2710 τινος
1151 2678 1180 2706 δὲ
1201 2677 1292 2710 αἰτίας
1313 2676 1382 2712 αὐτῇ
1408 2676 1574 2712 γενομένην,
1598 2675 1679 2711 φύσιν
1701 2674 1850 2708 καλοῦμεν.

1058 2724 1202 2760 Παρῆκται
1223 2723 1253 2751 δὲ
1273 2722 1340 2751 αὐτὸ
1360 2723 1392 2750 τὺ
1413 2723 1502 2757 ὄνομα
1523 2722 1573 2758 τῆς
1596 2721 1703 2757 φύσεως
1725 2720 1802 2755 παρὰ
1821 2719 1853 2746 τὸ

1059 2770 1221 2805 πεφυκέναι,
1240 2768 1380 2796 τουτέστιν
1401 2769 1545 2804 ὑπάρχειν.
1559 2769 1642 2795 Ὥστε
1662 2767 1692 2794 τὸ
1712 2766 1780 2794 αὐτὸ
1803 2775 1852 2801 ση-

1062 2816 1151 2852 μαίνει
1167 2818 1195 2843 ab
1211 2816 1295 2852 δνομα
1310 2815 1360 2851 τῆς
1376 2814 1469 2848 οὐσίας
1485 2815 1531 2842 καὶ
1546 2814 1596 2850 τῆς
1611 2814 1718 2849 φύσεως
1732 2821 1738 2828 ·
1756 2813 1786 2840 τὸ
1802 2813 1851 2848 μὲν
