1930 3073
108 138 171 172 1°29

795 135 1027 168 DISPUTATIO
1047 135 1073 165 Ι.

1701 138 1753 171 130

112 197 197 232 παρὰ
212 195 243 223 τδ
258 194 341 230 εἶναι,
355 196 385 222 τὸ
400 195 429 222 δὲ
443 195 520 231 παρὰ
534 195 565 222 τὸ
582 195 742 231 πεφυκέναι.
758 195 913 230 ’Λμφύτερα

974 197 1110 227 uruntque
1133 191 1277 220 deductum
1299 200 1314 221 ι
1337 193 1427 222 verbis
1452 194 1527 229 paria
1549 193 1753 229 denotantibus.

109 243 145 270 δὲ
161 243 275 278 δηλοῦσι
293 244 343 279 τὴν
360 242 487 278 ὕπαρξιν.
504 242 542 269 Οὐ
561 243 641 277 μόνον
656 242 685 269 δὲ
701 242 830 277 ὀνόματι,
847 241 914 267 ἀλλὰ

111 290 165 316 καὶ
173 289 425 325 πράγματιταυτόν
437 290 513 316 ἐστιν
527 289 543 323 ἡ
557 289 638 315 οὐσία
654 288 702 315 καὶ
717 288 811 323 φύσις,
825 287 842 322 ἢ
859 287 873 314 ὅ
886 295 913 313 τι

111 335 213 370 ἐγγύς.
232 336 270 362 Οὐ
290 335 344 370 γὰρ
361 335 411 370 τὴν
431 335 539 369 κίνησιν
559 334 644 370 αὐτὴν
662 334 708 360 καὶ
728 333 776 368 τὴν
795 333 914 368 ἠρεμίαν

111 381 171 406 τῶν
187 382 361 415 πραγμάτων
377 380 460 414 φύσιν
474 381 628 415 εἰρήκαμεν
639 399 646 410 ,
661 379 729 406 ἀλλὰ
743 379 791 414 τὴν
806 378 894 413 ἀρχὴν
904 397 912 410 ,

112 426 242 452 τουτέστι
261 426 311 459 τὴν
330 425 431 457 αίτίαν,
454 425 514 451 καθ’
526 425 560 460 ἢν
580 425 611 452 οὐ
632 419 703 451 ῖιιτὰ
725 423 913 458 συμϐεϐηκὸς,

113 469 329 501 ἀλλὀὑσιωδῶς
352 470 380 496 αί
402 470 494 496 οὐσίαι
516 468 657 496 κινοῦνται
682 469 730 496 καὶ
752 468 912 504 ἠρεμοῦσιν.

121 515 294 547 ’Υπόσντασις
311 515 340 542 δέ
357 517 415 542 ἐστι
433 516 556 553 πρᾶγμα.
569 514 693 550 ὑφεστώς
707 523 736 541 τε
755 514 801 541 καὶ
818 513 915 540 οὐσιῶ-

115 562 175 593 δες,
193 562 222 587 ἐν
238 559 259 595 ᾧ
274 562 303 588 τὸ
316 562 371 588 τῶν
386 562 599 596 συμὸεϐηκότων
613 560 761 596 ἄθροισμα,
778 561 816 591 ὡς
830 561 858 587 ἐν
875 560 915 587 ἐνὶ

115 608 313 643 ὑποκειμένῳ,
341 609 487 643 πράγματι
516 608 563 634 καὶ
594 608 719 643 ἐνεργείᾳ
749 606 912 641 ὑφέστηκεν.

117 654 219 680 Ἔστιν
231 653 278 680 οὗν
291 656 306 689 ἡ
322 654 401 682 οὐσία
414 655 482 681 αὐτὸ
495 655 524 681 τὸ
536 654 566 681 ὃν
581 655 710 689 πρᾶγμα,
725 654 741 688 ἡ
754 653 782 680 δὲ
797 653 916 680 ὑπόστα-

116 707 162 731 σις
181 700 230 726 καὶ
244 700 311 727 αὐτὸ
324 702 353 727 τὺ
367 700 407 734 δν,
422 701 469 727 καὶ
483 701 517 727 τὰ
530 701 627 734 τούτῳ,
641 700 680 732 ὡς
693 700 764 726 κατὰ
779 699 916 734 συμδιΰη-

116 746 179 778 κὸς,
195 746 429 782 ἐπιθεωρούμενα.
450 747 600 784 Πρόσωπον
619 746 647 773 δέ
661 747 746 779 ἐστιν,
766 746 780 772 ὃ
798 745 843 772 διὰ
860 745 915 772 τῶν

116 792 231 818 οἰκείων
254 792 451 828 ἐνεργημάτων
474 801 505 819 τι
534 793 582 820 καὶ
609 792 763 828 ἰδιωμάτων
787 792 914 827 ἀρίδηλον

116 837 169 863 καὶ
189 840 413 875 περιωρισμένην
432 839 486 866 τῶν
505 839 635 875 ὁμοφυῶν
654 839 738 865 αὑτοῦ
763 839 914 874 παρέχεται

117 883 172 917 τὴν
190 884 353 918 ἐμφάνειαν.
371 883 434 912 υἷον
451 885 562 921 Μιχαὴλ
580 886 594 911 ό
614 885 796 922 ἀρχάγγελος,
814 885 858 912 ὅτε
875 884 916 920 τῷ
933 881 953 911 Β

117 929 238 965 διαὸόλῳ
253 930 401 966 διεκρίνετο
415 932 481 966 περὶ⁵
495 931 542 958 τοῦ
558 932 699 964 Μωῡσέως
716 931 852 965 σώματος,
867 931 914 957 καὶ

119 974 166 1000 ὅτε
185 975 235 1006 τὰς
256 976 331 1008 θείας
348 977 456 1008 ἐκείνας
474 979 640 1012 προρρήσεις
658 977 790 1011 ἐνέπτησε
807 975 845 1011 τῷ
862 977 914 1002 Δα-

119 1020 193 1056 νιὴλ,
209 1020 240 1047 ἐν
255 1022 401 1056 πρόσωπον
416 1023 636 1058 ἀπςκεκριμένον
650 1023 703 1049 τῶν
717 1021 817 1048 λοιπῶν
832 1023 916 1057 ἀγγέ-

119 1065 176 1092 λων
190 1066 255 1093 δντα
269 1067 334 1102 ἡμῖν
349 1068 465 1095 ἐδείκνυ.
483 1068 517 1094 Ἥ
531 1068 577 1094 οὖν
591 1068 636 1095 διὰ.
650 1068 699 1103 τῆς
712 1067 852 1103 ἐνεργείας
868 1070 914 1102 ἐγ-

118 1111 254 1146 γινομένη
269 1112 340 1144 τινδς
356 1114 423 1148 ἡμῖν
438 1113 538 1148 γνῶσις
555 1114 701 1149 πρόσωπον
714 1114 793 1141 τοῦτο
806 1114 871 1140 αὑτὸ
885 1115 915 1140 τὸ

119 1156 252 1191 ἐνεργοῦν
267 1158 360 1184 καλεῖν
376 1158 451 1193 ἡμᾶς
470 1158 634 1185 ἐκδιδάσκει.
651 1158 706 1185 Καὶ
722 1157 801 1184 τοῦτο
817 1157 849 1184 ὲκ
865 1157 914 1192 τῆς

121 1203 185 1228 κατ’
198 1202 326 1239 αἴσθησιν
346 1206 473 1238 γνώσεως
495 1205 542 1232 ἐπὶ
559 1205 608 1240 τὴν
628 1205 690 1231 κατ’
705 1204 810 1231 ἐννοιαν
830 1204 915 1239 μετή-

120 1247 175 1283 χθη
187 1249 218 1275 τὸ
231 1249 326 1285 ὅνομα.
341 1251 452 1287 Ἐπειδὴ
465 1251 520 1286 γὰρ
532 1252 597 1282 τοὺς
609 1250 672 1277 καθ’
684 1251 798 1278 ἕκαστον
811 1250 915 1285 ἀνθρώ-

121 1303 191 1326 πους
204 1296 237 1322 ἐκ
248 1296 298 1331 τῆς
311 1298 526 1333 ἐπιφαινομένης
538 1297 647 1332 ἑκάστῳ
661 1297 733 1329 ἰδέας
745 1297 799 1324 τῶν
812 1296 915 1331 προσώ-

121 1349 184 1367 πων
203 1341 258 1368 τὼν
279 1342 379 1369 λοιπῶν
400 1342 553 1378 ἀνθρώπων
573 1343 758 1379 διακρίνομεν,
776 1343 846 1370 κατὰ
866 1342 916 1377 τὴν

123 1386 256 1422 ἐπιϐολὴν
273 1388 327 1423 τῆς
342 1389 466 1424 ὁράσεως
478 1398 484 1405 ·
502 1388 599 1416 τούτου
619 1389 699 1424 χάριν
719 1389 766 1415 καὶ
784 1389 814 1416 τὸ
831 1388 865 1415 δι’
876 1389 916 1415 οί-

125 1433 208 1460 κείων
231 1434 377 1469 ἐνεργειῶν
401 1443 431 1460 τε
454 1435 503 1462 καὶ
527 1435 666 1470 ἰδιοτήτων
688 1435 742 1462 τῶν
765 1434 916 1469 δμοουσίων

123 1479 315 1515 διαιρούμενον
337 1480 482 1516 πρόσωπον
501 1481 683 1515 ἐκαλέσαμεν.
704 1481 757 1507 Καὶ
776 1480 846 1515 αὕτη
867 1481 916 1516 μὲν

126 1526 145 1560 ἠ
166 1526 214 1552 τοῦ
235 1526 381 1562 προσώπου
404 1527 569 1562 ὑπογραφήι
589 1527 664 1553 δοκεῖ
685 1526 714 1554 δέ
738 1535 798 1558 πως
818 1526 915 1553 ταυτὸν

127 1573 274 1608 σημαίνειν
287 1574 320 1608 τῇ
336 1573 495 1606 ὑποστάσει,
511 1573 527 1608 ἢ
544 1572 651 1608 μικρὸν,
668 1572 685 1608 ἢ
701 1571 777 1599 οὐδὲν
791 1571 918 1599 διαλλάτ-

124 1626 195 1646 τειν.
210 1619 312 1646 Τούτου
330 1620 557 1655 προεγνωσμένου
574 1620 657 1654 ἡμῖν,
667 1619 716 1646 ,ὅτι
731 1618 828 1646 ταυτόν
844 1619 918 1646 ἐστιν

125 1665 207 1692 οὐσία
222 1667 254 1701 τῇ
271 1666 363 1700 φύσει,
379 1666 427 1693 καὶ
443 1669 459 1700 ἡ
475 1665 624 1697 ὑπόστασις
641 1665 680 1702 τῷ
695 1665 852 1700 προσώπῳ,
869 1665 920 1691 ὃσα

127 1712 193 1746 περὶ
208 1713 258 1747 τῆς
276 1713 370 1744 οὐσίας
389 1712 566 1748 λεχθήσεσθαι
588 1712 700 1747 μέλλει,
718 1711 805 1738 ταῦτα
825 1711 870 1738 καὶ
885 1712 919 1747 τῇ

128 1759 210 1793 φύσει
235 1762 478 1795 προσαρμοστέον,
502 1760 550 1787 καὶ
571 1760 622 1786 ὅσα
644 1759 708 1794 περὶ
729 1758 917 1791 ὑποστάσεως,

128 1804 217 1832 ταῦτα
232 1806 278 1832 καὶ
291 1805 330 1841 τῷ
346 1805 497 1842 προσώπῳ.

172 1851 202 1877 Ὀ
232 1851 313 1878 ΚΑΘ.
344 1852 551 1888 Ἐπιστημόνως
579 1852 604 1879 οἱ
633 1851 757 1886 Πατέρες
786 1851 922 1886 ὡρίσαντο

129 1897 228 1929 ταῦτα,
248 1898 294 1924 καὶ
313 1898 545 1934 διηυκρινημένην
564 1899 614 1934 τὴν
635 1897 738 1925 τούτων
759 1897 922 1933 ἐποιήσαντο

131 1944 292 1980 ἑρμηνείαν.
318 1944 391 1980 Πλὴν
417 1944 512 1982 ἢθελον
534 1946 581 1972 καὶ
605 1945 719 1980 χρήσεις
744 1943 851 1976 αὐτῶν,
878 1943 922 1969 ἵνα

131 1990 206 2024 γνῶ,
230 1990 289 2022 πῶς
309 1991 397 2018 ταῦτα
419 1991 575 2026 ἐκδέχονται
600 1989 805 2025 θεολογοῦντες,
827 1989 865 2020 ὡς
889 1989 922 2016 ἂν

133 2035 205 2062 κατὰ
219 2035 265 2063 τὸν
283 2036 384 2063 σκοπὸν
403 2035 494 2063 αὐτῶν
510 2037 558 2062 καὶ
576 2036 658 2071 ἡμεῖς
677 2033 858 2070 ποιησώμεθα
872 2034 923 2070 τὴν

132 2081 262 2114 διάλεξιν.
920 2106 928 2113 .

178 2129 207 2155 '0
230 2129 327 2156 ΘΕΩΡ.
350 2129 382 2155 Οἱ
405 2127 560 2155 διδάσκαλοι
581 2127 630 2162 τῆς
652 2126 816 2162 Ἐκκλησίας
838 2125 922 2156 οὕτως

134 2175 205 2203 αὐτὰ
219 2174 449 2210 ἐκλαμϐάνουσιν,
463 2175 501 2206 ὡς
516 2172 593 2200 εἶπεν
607 2174 624 2209 ἠ
641 2172 779 2208 ἁγιωσύνη
794 2180 841 2198 σου
854 2172 924 2198 ἀνω-

135 2222 209 2257 τέρω
221 2229 228 2236 -
245 2222 294 2256 τὴν
310 2221 360 2256 μὲν
375 2220 470 2247 οὐσίαν
485 2221 533 2247 καὶ
547 2221 596 2255 τὴν
611 2219 694 2254 φύσιν
708 2219 755 2245 ἐπὶ
769 2217 824 2246 τῶν
840 2218 923 2244 καοό-
940 2235 962 2263 D

135 2269 202 2301 λου,
224 2267 272 2302 τὴν
295 2266 444 2294 ὑπόστασιν
464 2266 494 2293 δι
515 2265 563 2293 καὶ
583 2265 614 2292 τὺ
635 2265 783 2300 πρόσωπον
806 2264 852 2291 ἐπὶ
871 2263 926 2291 τῶν

135 2314 198 2341 καθ’
211 2313 338 2341 ἕκαστον.

178 2360 208 2386 Ὀ
224 2359 305 2386 ΚΑΘ.
322 2359 393 2386 Δὺτδ
410 2358 489 2386 τοῦτο
508 2357 582 2393 ζητῶ
601 2355 740 2393 δειχθῆναι
760 2364 806 2392 μοι
821 2357 854 2383 ἐκ
870 2355 926 2383 τῶν

138 2406 279 2442 χρήσεων,
293 2406 340 2432 καὶ
358 2405 429 2440 μετὰ
442 2404 531 2432 ταῦτα
547 2405 594 2431 σὺν
608 2403 668 2439 Θεῷ
683 2402 824 2439 ἀρξόμεθα
841 2400 926 2437 συζη-

138 2454 196 2480 τεῖν
209 2454 274 2488 περὶ
285 2450 324 2480 ὧν
337 2451 567 2487 συνεληλύθαμεν.

181 2500 211 2525 ’0
234 2499 333 2525 ΘΕΩΡ.
357 2497 479 2525 Γενέσθω
501 2497 549 2524 καὶ
569 2496 660 2530 τοῦτο,
683 2497 745 2523 ἐπεί
768 2504 809 2522 σοι
832 2495 926 2522 δοκεῖ·

139 2547 187 2572 καὶ
200 2546 306 2581 παρίτω
320 2546 360 2577 είς
376 2545 458 2580 μέσον
470 2544 485 2570 ὁ
495 2543 534 2579 τῷ
549 2543 605 2571 ὄντι
621 2542 842 2577 φιλοσοφώτατος
855 2541 927 2571 θεῖος

140 2592 289 2623 Βασίλειος.
306 2589 388 2622 Οὗτος
403 2591 470 2626 γὰρ,
486 2590 554 2626 πρὸς
568 2590 710 2625 Τερέντιον
725 2589 849 2623 γράφων,
865 2587 927 2614 τάδε

141 2639 207 2673 φησί
220 2647 227 2653 ·
247 2638 314 2673 Περὶ¹
329 2637 357 2663 δὲ
372 2637 420 2664 τοῦ
436 2635 504 2663 Θεοῦ
520 2636 560 2663 ὅτι
576 2635 653 2661 οὐσία
668 2634 716 2661 καὶ
732 2634 881 2664 ὑπόστασις
896 2633 926 2659 οὑ

140 2685 240 2713 ταύτόν
254 2686 323 2717 ἐστι,
337 2684 385 2711 καὶ
397 2682 486 2716 αὐτοὶ,
500 2683 539 2714 ὡς
553 2680 667 2717 νομίζω,
682 2681 891 2715 ἐπεσημήναντο
903 2679 927 2706 οί

141 2733 194 2759 ἀπὸ
213 2732 264 2767 τῆς
281 2731 383 2762 δύσεως
400 2730 519 2764 ἀδελφοί.
537 2729 574 2756 Τὸ
590 2728 683 2755 στενὸν
699 2728 753 2762 γὰρ
770 2727 820 2761 τῆς
838 2725 928 2752 αὑτῶν

141 2777 264 2813 γλώττης
284 2776 465 2813 ὑφορώμενοι,
485 2775 514 2802 τὸ
533 2774 584 2810 τῆς
602 2773 695 2805 οὐσίας
714 2773 800 2807 ὄνομα
819 2772 853 2807 τῇ
870 2771 929 2797 Έλο

142 2824 202 2851 λάδι
215 2826 290 2859 φωνῇ
307 2822 541 2858 παραδεδώκασιν,
554 2821 598 2848 ἵνα
609 2820 636 2846 εἰ
646 2828 688 2851 τις
699 2820 741 2854 εἴη
752 2817 869 2853 διαφορὰ
880 2817 929 2852 τῆς

143 2871 259 2905 ἐννοίας,
276 2872 388 2903 σώζοιτο
403 2871 471 2905 αὑτῇ
487 2871 516 2896 ἐν
529 2870 560 2904 τῇ
577 2868 697 2903 εὐκρινεί
711 2865 855 2901 ἁσυγχύτῳ
869 2864 928 2891 δια-

965 244 993 266 ct
1020 239 1166 266 exsistendi
1201 239 1426 274 signiﬁcationem
1455 239 1627 268 habentibus.
1661 239 1754 276 Neque

967 290 1068 312 tantum
1084 286 1191 313 nomine
1207 291 1283 313 tenus
1297 286 1367 313 idem
1379 293 1420 314 est
1435 287 1585 314 substantia
1604 292 1632 314 et
1647 293 1754 322 natura,

965 332 1012 359 sed
1026 332 1108 359 etiam
1125 339 1172 365 re;
1188 337 1235 360 aut
1255 332 1349 360 saltem
1366 333 1520 367 proximum
1536 333 1674 368 quiddam.
1693 334 1754 362 Non

965 378 1037 405 enim
1062 383 1164 405 tnotutu
1184 378 1282 413 ipsum,
1305 383 1332 406 et
1353 379 1471 414 quietem
1497 387 1602 412 rerum,
1629 385 1754 408 naturam

965 431 1025 451 esse
1051 424 1195 452 diximus:
1226 425 1274 452 sed
1300 424 1481 460 principium,
1508 425 1559 453 hoc
1578 430 1619 453 est
1644 433 1756 454 causmn

966 472 1116 498 secundttnt
1134 478 1214 506 quam
1233 478 1285 498 non
1302 470 1496 504 accidentarie,
1515 471 1562 498 sed
1588 471 1757 499 substantia-

965 516 1028 544 liter
1044 522 1188 544 moventur
1202 522 1229 545 et
1246 517 1389 551 quiescunt
1413 517 1582 544 substantias.
1599 517 1756 553 llypostasis

965 568 1068 595 autem,
1084 567 1126 591 est
1143 570 1188 590 res
1214 563 1351 590 exsistens
1373 569 1399 590 ct
1425 563 1623 596 substantialis,
1651 564 1679 590 in
1704 572 1757 598 qua

964 610 1104 645 congeries
1122 611 1322 643 accidentiutn',
1340 615 1466 644 tanquam
1492 610 1521 638 in
1546 618 1601 638 uno
1623 611 1757 646 subjecto,

966 663 995 683 re
1008 660 1035 684 et
1048 656 1142 684 etl‘ectu
1158 656 1275 684 exsistit.
1293 656 1383 690 Itaque
1396 656 1546 683 substantia
1562 661 1604 683 est
1621 657 1679 691 ipsa
1698 665 1754 692 res,

965 710 1024 737 qum
1045 703 1172 735 exsistit;
1189 703 1344 738 liypostasis
1360 709 1435 736 vero,
1451 707 1506 729 tum
1533 703 1559 730 id
1581 703 1653 737 quod
1679 704 1756 731 exsi-

966 750 1023 783 stit,
1050 754 1105 777 tum
1118 757 1179 785 quae
1194 750 1220 776 in
1237 757 1269 776 eo
1284 748 1365 776 veluti
1379 755 1427 782 per
1439 748 1567 776 accidens
1583 749 1760 777 consideran-

967 801 1020 824 tur.
1038 795 1073 823 At
1101 803 1217 831 persona
1240 798 1292 828 est,
1311 795 1336 822 id
1352 794 1423 830 quod
1448 803 1496 829 per
1519 794 1641 823 actiones
1653 800 1681 823 et
1693 803 1758 831 pro-

966 843 1096 878 prietates
1120 850 1194 874 suas.
1212 841 1388 869 manifestum
1411 845 1437 868 et
1461 841 1621 869 distinctum
1638 841 1673 869 ab
1686 842 1760 876 aliis,

967 888 1087 922 ejusdem
1110 892 1215 915 natura:
1228 887 1413 921 consortibus,
1438 887 1568 914 indicium
1586 888 1627 914 sui
1645 888 1758 922 praebet.

969 934 1057 962 Veluti
1073 933 1221 961 Michaelus
1234 932 1424 968 arcliangelus,
1434 939 1495 959 cum
1508 932 1541 960 de
1551 939 1666 966 corpore
1676 933 1760 961 Mosi:

969 981 1100 1008 adversus
1119 979 1257 1007 diabolum
1274 978 1454 1012 disceptabat.
1471 983 1499 1005 et
1517 985 1577 1004 cum
1597 978 1688 1006 divina
1707 978 1760 1006 Da-

969 1026 1033 1054 nieli
1059 1026 1168 1053 oracula
1195 1025 1345 1059 pandebat‘,
1363 1032 1442 1051 unam
1460 1032 1491 1052 se
1508 1024 1586 1052 nobis
1602 1032 1758 1059 personam,

969 1081 984 1100 a
996 1073 1101 1100 caneris
1116 1076 1247 1099 secretam
1271 1071 1384 1107 angelis,
1403 1071 1581 1098 monstrabat.
1599 1071 1691 1106 Itaque
1712 1079 1761 1100 co-

969 1118 1054 1153 gnitio
1070 1117 1200 1152 alicujus,
1216 1124 1297 1152 quam
1326 1123 1358 1143 ex
1383 1115 1481 1144 effectu
1505 1117 1713 1151 consequimur,
1730 1122 1761 1144 ut

969 1163 1027 1197 ejus
1052 1162 1140 1190 etfecti
1172 1167 1313 1189 auctorem
1337 1169 1482 1196 personam
1507 1169 1644 1196 vacemus,
1670 1163 1760 1191 docet.

969 1210 1057 1243 Atque
1080 1208 1133 1237 hoc
1151 1216 1249 1236 nomen
1264 1215 1278 1235 a
1293 1208 1460 1243 cognitione,
1475 1216 1536 1243 quae
1558 1216 1641 1236 sensu
1669 1209 1708 1243 tit,
1724 1210 1759 1237 ad

955 1261 1039 1286 .eatn,
1055 1262 1115 1289 qua:
1145 1254 1174 1281 ﬁt
1203 1259 1305 1286 mente,
1331 1253 1493 1280 translatum
1520 1258 1572 1280 est.
1594 1253 1662 1281 Cum
1686 1254 1759 1282 enim

968 1300 1090 1335 singulos
1107 1300 1244 1332 homines,
1262 1306 1310 1333 per
1325 1298 1518 1333 aspectabilem
1534 1299 1656 1326 vultuum
1671 1298 1761 1333 cujus-

969 1354 1023 1382 que
1042 1346 1166 1379 tormam,
1179 1353 1213 1385 es
1226 1345 1367 1372 oculorum
1385 1345 1484 1372 intuitu
1498 1344 1612 1380 reliquis
1626 1345 1658 1371 ab
1672 1345 1760 1373 homi-

969 1393 1049 1420 nibus
1063 1399 1259 1420 secernamus:
1277 1392 1380 1419 idcirco
1394 1396 1422 1419 et
1437 1392 1475 1424 id,
1488 1392 1560 1426 quod
1577 1398 1624 1426 per
1640 1391 1761 1419 actiones

969 1446 1001 1466 ac
1018 1438 1199 1473 proprietates
1210 1445 1275 1465 suas
1287 1438 1320 1465 ab
1333 1437 1451 1470 ejusdem
1464 1437 1627 1464 substantia:
1646 1444 1761 1464 consor-

971 1484 1042 1512 tibus
1071 1484 1233 1519 scjungitur,
1261 1491 1403 1519 personam
1434 1483 1643 1518 appellavimus.
1673 1483 1762 1517 Atque

971 1529 1027 1556 [me
1043 1536 1163 1564 persona:
1175 1528 1320 1562 descriptio
1337 1532 1390 1556 est.
1409 1527 1523 1555 Videtur
1537 1533 1627 1555 autem
1642 1529 1759 1563 quodam

970 1575 1050 1602 modo
1063 1575 1133 1602 idem
1146 1574 1311 1609 signiﬁcare,
1323 1574 1394 1608 quod
1408 1573 1565 1608 hypostasis
1577 1581 1584 1599 :
1596 1577 1643 1599 aut
1653 1579 1761 1606 parum,

970 1625 1017 1648 aut
1032 1620 1098 1648 nihil
1114 1619 1233 1647 dimrre.
1248 1618 1328 1647 Hisce
1344 1619 1528 1654 prarcoguitis,
1547 1618 1617 1646 idem
1630 1617 1760 1646 nimirum

970 1672 1031 1693 esse
1046 1665 1241 1698 substantiam,
1258 1664 1330 1699 quod
1353 1669 1489 1697 naturam,
1505 1664 1576 1691 idem
1592 1664 1761 1699 hypostasin,

970 1711 1040 1745 quod
1050 1718 1195 1745 personant
1207 1732 1215 1743 ,
1230 1717 1398 1745 quaecunque
1412 1711 1446 1737 de
1458 1710 1613 1737 substantia
1624 1708 1761 1743 dicentur,

973 1757 1090 1790 aptanda
1115 1761 1219 1783 natum
1233 1765 1240 1784 :
1254 1759 1281 1784 et
1296 1762 1465 1790 quaecunque
1488 1756 1522 1783 de
1534 1755 1684 1790 bypostasi,
1699 1762 1763 1790 per-

973 1810 1058 1830 δοὶὶω.

1007 1848 1086 1877 ΟΕΝ.
1114 1847 1187 1876 Sane
1210 1855 1292 1882 quam
1320 1847 1428 1875 erudite
1454 1846 1549 1874 Patres
1579 1847 1636 1873 haec
1652 1845 1765 1874 deﬁnie-

972 1899 1037 1923 runt
1062 1900 1091 1922 et
1122 1895 1265 1930 perspicue
1300 1893 1481 1922 declararunt.
1500 1892 1554 1920 Sed
1581 1892 1704 1927 equidem
1736 1897 1765 1920 et

973 1940 1150 1968 auctoritates
1179 1940 1302 1974 ipsorum
1336 1938 1464 1973 dictaque
1491 1937 1621 1972 requiro,
1658 1941 1687 1964 ut
1710 1943 1765 1971 quo

973 1990 1052 2020 pacto
1067 1986 1125 2014 haec
1148 1985 1182 2012 de
1204 1985 1258 2013 Deo
1274 1988 1473 2020 pertractantes
1497 1982 1645 2017 accipiant,
1664 1982 1764 2009 intelli-

972 2039 1032 2067 gam
1050 2039 1057 2059 :
1076 2037 1104 2059 et
1131 2038 1182 2058 nos
1200 2030 1397 2066 quoquejuxta
1416 2025 1664 2064 scopum‘eorum,
1680 2027 1766 2056 collo-

974 2079 1066 2110 quium
1082 2077 1134 2105 hoc
1148 2077 1339 2105 instituamus.

1009 2123 1137 2151 THEOR.
1165 2123 1293 2151 Ecclesize
1325 2123 1449 2150 doctores
1483 2121 1541 2148 hate
1568 2120 1617 2152 ita,
1645 2120 1684 2147 uti
1701 2127 1767 2147 san-

975 2167 1056 2196 ctitas
1077 2172 1122 2194 tua
1144 2174 1226 2202 supra
1261 2167 1349 2200 dixit,
1386 2165 1546 2201 accipiunt;
1583 2164 1766 2192 substantiam

976 2213 1090 2247 scilicet,
1109 2220 1141 2240 ac
1158 2217 1283 2240 naturam
1307 2213 1340 2240 de
1366 2211 1587 2244 universalilius;
1606 2209 1766 2246 hypostasin

976 2263 1004 2288 et
1017 2267 1175 2295 personant,
1188 2259 1223 2286 de
1236 2258 1434 2295 singularibus.
1711 2257 1715 2259 “

1011 2350 1092 2384 GEN.
1110 2353 1167 2383 Hoc
1183 2353 1271 2390 ipsum
1289 2352 1357 2381 mibi
1382 2353 1416 2380 de
1442 2351 1554 2380 Patrum
1578 2351 1660 2379 dictis
1687 2357 1766 2377 nion-

977 2402 1059 2430 strari
1082 2401 1173 2436 cupio,
1195 2408 1229 2428 ac
1254 2400 1351 2428 deinde
1378 2399 1433 2427 Deo
1458 2398 1576 2433 propitio
1601 2396 1768 2431 cotloquide

978 2446 1011 2474 iis
1027 2445 1197 2480 incipiemus,
1213 2450 1329 2479 quorum
1342 2450 1425 2471 causa
1440 2442 1628 2470 convenimus.

1012 2491 1139 2520 THEOR.
1154 2491 1215 2518 Fiat
1239 2491 1265 2518 id
1293 2496 1401 2525 quoque
1421 2489 1528 2522 quando
1553 2488 1593 2516 sic
1618 2487 1665 2514 tibi
1690 2486 1767 2515 vide-

978 2544 1021 2567 tur
1051 2547 1058 2566 :
1090 2538 1210 2573 adeoque
1234 2537 1347 2573 prodeat
1381 2537 1408 2563 in
1445 2535 1564 2563 medium
1593 2532 1768 2561 doctissimus

979 2593 1074 2621 reapse
1085 2585 1164 2613 divus
1178 2584 1222 2611 ille
1242 2582 1368 2610 Basilius.
1381 2581 1451 2608 Nam
1474 2580 1545 2615 ejus,
1560 2579 1592 2606 ad
1608 2578 1767 2606 Terentium

978 2631 1133 2663 scribentis,
1158 2631 1214 2657 haec
1241 2629 1320 2656 verba
1345 2631 1432 2655 sunt:
1462 2625 1520 2653 Non
1546 2625 1616 2652 idem
1642 2632 1714 2657 esse,
1735 2625 1770 2652 de

980 2680 1035 2707 Deo
1059 2686 1119 2706 cum
1147 2677 1294 2712 loquimur.
1322 2674 1501 2702 substantiam
1526 2676 1554 2699 et
1580 2671 1764 2708 bypostasin:

979 2725 1059 2752 etiam
1074 2722 1137 2758 ipsi,
1155 2729 1213 2749 nica
1237 2720 1347 2756 quidem
1364 2718 1501 2753 opinione,
1518 2717 1614 2745 fratres
1634 2717 1770 2745 Occiden-

980 2769 1047 2797 tales
1063 2769 1228 2796 indicarunt.
1243 2765 1310 2794 Nam
1324 2765 1424 2800 lingua:
1437 2771 1494 2791 suae
1516 2763 1669 2798 angustiam
1691 2771 1770 2790 reve-

980 2816 1036 2848 riti,
1052 2816 1139 2850 ipsum
1155 2813 1222 2842 usiaa
1236 2819 1332 2840 nomen
1347 2811 1438 2846 lingua
1458 2810 1551 2838 Graeca
1578 2812 1770 2842 repomerunt,

981 2867 1009 2890 ut
1021 2862 1044 2890 si
1057 2862 1129 2897 quod
1145 2861 1173 2889 in
1189 2867 1270 2888 sensu
1285 2858 1431 2886 discrimen
1448 2861 1532 2888 esset,
1548 2855 1574 2882 id
1589 2855 1613 2882 ei
1627 2853 1772 2889 perspicua
