1929 3076
101 142 154 175 133

783 143 1015 174 DISPUTATIO
1036 144 1062 175 Ι.

1685 144 1736 178 136

102 199 201 232 ζισθαι
215 199 266 232 τὰς
283 199 373 236 ἀρχὰς
383 200 536 236 εἰληφέναι,
555 200 601 227 τοῦ
619 200 762 236 ὁμοουσίου
778 201 828 236 τὴν
839 199 892 227 8ιᾶ-

949 201 1000 229 sibi
1021 200 1226 231 subministrata
1245 200 1397 236 principia;
1418 201 1488 229 male
1501 201 1605 230 scilicet
1625 207 1737 230 senten-

99 255 177 273 νοιαν
197 246 293 278 κακῶς
312 247 511 282 ἐξηγούμενος.
529 247 584 273 Καί
607 254 681 278 τινες
696 247 750 273 τῶν
767 247 821 273 ἀπὸ
843 247 894 282 τῆς

99 293 205 324 δύσεως
217 293 248 319 τὸ
263 292 310 319 τοῦ
326 293 388 328 [τῆς
406 292 567 325 δυσσεϐείας
589 293 660 330 τοῦ],
676 293 777 324 Λίϐυος
794 293 895 320 Σαϐελ-

99 337 170 369 λίου,
192 337 347 365 ὑπόστασιν
366 339 413 365 καὶ
438 338 534 366 οὐσίαν
550 338 649 366 ταύτὸν
673 336 744 367 εῖναι
771 339 895 373 ὑπολαμ-

99 383 242 416 ϐάνοντες,
260 383 368 410 ἐκεῖθεν
395 384 505 411 ἕλκουσι
530 385 579 416 τὰς
602 384 732 421 ἀφορμὰς
758 384 827 420 πρὸς
845 383 895 418 τὴν

98 429 278 465 κατασκευὴν
291 430 340 464 τῆς
364 429 469 457 ἑαυτῶν
488 430 677 467 βλασφημίας,
695 431 728 457 ὲκ
742 430 790 457 τοῦ
811 430 893 465 ἐγγε-

98 475 226 510 γράφθαι
245 478 279 511 τῇ
301 477 405 509 πίστει,
430 477 472 503 ὄτι
485 477 533 503 ἐάν
554 485 596 508 τις
612 477 680 513 λέγῃ
693 477 724 509 ἐξ
738 477 834 512 ἑτέρας
847 476 894 503 οὑ-

99 522 162 553 σίας
178 521 194 556 ἢ
212 522 392 554 ὑποστάσεως
415 522 461 548 τὸν
476 522 542 548 Υίὸν
561 521 608 548 τοῦ
621 522 700 555 Θεοῦ,
719 522 814 548 τοῦτον
826 522 893 548 ἀνα-

100 568 275 604 θεματίζειή
294 569 360 602 ἁγία
373 567 507 604 καθολικὴ
529 568 686 604 Ἐκκλησία.
706 568 743 595 Οῡ
759 568 814 604 γὰρ
827 568 894 595 ταὺ-

98 614 145 640 τὺν
162 612 242 641 εἷπον
260 615 320 642 ἐκεῖ
332 615 428 642 οὐσίαν
444 615 493 641 καὶ
517 615 688 642 ὑπόστασιν·
702 615 734 642 Εἰ
756 615 810 650 γὰρ
828 614 893 650 μίαν

99 662 146 687 καὶ
160 660 212 696 τὴν
228 660 314 696 αὐτὴν
330 660 442 695 ὲὸήλουν
462 660 569 688 ἔννοιαν
583 660 612 686 αί
638 661 738 694 φωναὶ,
754 659 796 692 τίς
811 659 893 695 χρεία

97 704 131 742 ἦν
144 707 289 742 ἑκατέρων
302 715 310 740 ;
332 706 411 735 Ἀλλὰ
424 707 515 742 δῆλον,
528 706 566 738 ὡς
580 706 634 733 τῶν
653 706 703 742 μὲν
717 706 894 742 ἀρνουμένων

98 754 127 779 τὸ
144 754 177 780 ὲκ
191 755 241 788 τῆς
254 753 349 785 οὐσίας
364 752 433 780 εἶναι
454 753 502 779 τοῦ
520 753 639 789 Πατρὸς,
659 752 747 780 ἄλλων
762 752 791 779 δὲ
803 752 895 787 λεγόν-

97 808 152 825 των
180 799 210 831 ἐξ
231 799 316 835 ἄλλης
332 799 406 831 τινὸς
422 799 612 830 ὑποστάσεως.
630 799 713 827 Ὥστε
736 798 826 825 έκεῖνο
843 798 894 834 μὲν

97 846 188 872 κεῖται
204 844 249 871 ἐπ’
264 845 406 880 ἀναιρέσει
418 844 466 871 τοῦ
483 845 602 880 πονηροῦ
617 844 804 881 φρονήματος,
814 843 893 871 τοῦτο

947 248 1011 275 tiam
1038 247 1162 276 vocabuli
1193 248 1427 276 consubstantith
1461 255 1611 283 exponens.
1641 247 1736 276 Itidem

946 294 1018 323 illius
1033 294 1100 329 jAfri
1123 293 1232 322 Sabellii
1253 295 1364 329 quidam
1395 294 1527 330 impietati
1553 295 1736 330 adhaerentes,

945 339 1009 367 dum
1024 340 1091 368 idem
1104 341 1260 376 liypostasin
1274 345 1300 368 et
1308 341 1491 369 substantiam
1505 341 1651 375 opinantur
1662 349 1734 376 esse,

946 385 1009 413 hinc
1022 387 1176 415 astruendae
1189 387 1364 421 blasphemiae
1378 395 1433 415 sua:
1445 388 1602 416 occasiones
1614 388 1734 423 rapiunt,

946 432 1017 467 quod
1033 433 1059 459 in
1076 432 1128 459 fide
1146 432 1327 468 perscriptum
1345 432 1398 459 sit:
1417 431 1444 458 Si
1463 431 1524 466 quis
1549 431 1615 459 dicit
1629 438 1663 459 ex
1682 431 1735 458 alia

946 484 1006 505 esse
1018 477 1171 505 substantia
1191 477 1233 505 vel
1248 477 1383 513 hypostasi
1401 477 1498 505 Filium
1512 477 1570 511 Dei,
1587 477 1660 506 hunc
1672 484 1736 503 ana-

946 523 1105 552 thematizat
1126 529 1220 552 sancta
1241 524 1406 552 universalis
1430 523 1562 552 Ecclesia.
1581 523 1637 551 Non
1664 524 1735 550 enim

946 569 981 596 ibi
994 569 1132 603 dixerunt,
1151 570 1221 597 idem
1238 577 1298 597 esse
1317 569 1494 597 substantiam
1516 574 1543 596 et
1568 569 1735 604 hypostasin.

946 613 1051 651 Quippe
1064 616 1086 643 si
1105 624 1186 643 unum
1201 620 1227 644 et
1241 616 1311 644 idem
1330 623 1411 643 voces
1429 617 1470 643 hae
1485 615 1655 647 denotarent,
1672 613 1736 649 quid

945 669 1013 696 opus
1026 666 1085 689 erat
1109 667 1252 698 utramque
1272 662 1356 697 poni?
1371 661 1543 690 Manifestum
1574 660 1677 690 scilicet
1694 664 1738 687 est

946 707 972 735 id
988 715 1047 735 eam
1073 707 1108 734 ob
1133 715 1242 735 causam
1269 707 1382 740 factum,
1408 708 1480 743 quod
1505 707 1549 734 alii
1580 706 1676 733 Filium
1703 706 1737 732 de

945 752 1097 781 substantia
1113 752 1203 781 Patris
1218 760 1279 780 esse
1301 758 1442 788 negarent,
1459 753 1504 780 alii
1524 753 1559 781 de
1579 752 1631 780 alia
1651 752 1737 788 hypo-

945 799 1011 826 stasi
1038 806 1098 826 esse
1124 798 1311 834 perbiberent.
1339 798 1434 833 Itaque
1457 799 1573 833 positum
1602 798 1665 826 illud
1685 804 1736 833 est,

947 845 980 872 ad
1008 846 1177 874 eversionem
1209 853 1299 881 pravae
1332 845 1498 879 sementim;
1535 844 1586 873 hoc
1616 844 1736 874 salubris

96 890 124 916 δὲ
141 890 298 926 φανέρωσιν
320 890 435 925 ἔχειτοῦ
450 891 585 925 σωτηρίου
595 889 743 925 δόγματος.
756 889 788 917 El
807 889 836 917 δὲ
852 889 892 917 δεῖ

944 891 1072 919 doctrina!
1107 890 1320 919 declarationem
1361 891 1493 919 continet.
1530 890 1608 924 Quod
1641 891 1664 918 si
1702 891 1737 918 de

95 938 144 964 καὶ
167 938 221 963 ἀπὺ
235 937 289 964 τῶν
304 937 392 964 ἄλλων
406 937 492 971 ἁγίων
511 937 666 973 μαρτυρίας
685 936 891 974 παρασχέσθαι,

95 983 200 1011 ἐλθέτω
214 985 228 1010 ὁ
243 984 327 1015 πολὺς
338 984 374 1013 τὰ
388 983 447 1010 θεῖα
461 983 611 1019 Γρηγόριος
623 982 846 1019 [Ναζιανζηνὺς],
863 983 893 1014 ὃς

95 1031 124 1056 ὲν
136 1030 178 1066 τῷ
192 1029 295 1065 πρώτῳ
309 1029 380 1063 Περὶ
402 1029 559 1064 θεολογίας
587 1029 760 1064 συντάγματι
787 1030 833 1056 ἐπὶ
847 1029 892 1055 λέ-

97 1076 165 1109 ξεως
180 1076 243 1102 τάδε
262 1075 331 1111 φησί
344 1084 351 1091 ·
369 1076 516 1110 Μεσότητα
528 1075 592 1102 ὅταν
603 1077 684 1108 εἴπω,
699 1076 748 1111 τὴν
761 1075 892 1111 ἀλήθειαν

96 1123 179 1157 λέγω,
201 1123 272 1159 πρὸς
290 1123 324 1159 ἢν
340 1123 451 1158 βλέπειν
465 1123 556 1155 καλῶς
578 1123 636 1159 ἔχει
656 1123 749 1158 μόνον,
767 1123 815 1150 καὶ
841 1123 893 1158 τὴν

97 1170 205 1204 φαύλην
221 1169 380 1204 συναίρεσιν
393 1169 644 1205 παραιτουμένους,
656 1169 704 1196 καὶ
719 1169 771 1204 τὴν
786 1170 893 1196 ἀτοπω-

95 1217 181 1251 τέραν
203 1216 351 1251 διαίρεσιν,
368 1215 439 1242 ὥστε
467 1215 505 1251 μὴ
527 1217 566 1246 είς
583 1216 647 1250 μίαν
663 1215 811 1243 ὑπόστασιν
828 1224 891 1243 συν-

98 1262 246 1298 αιρεθέντα
268 1261 313 1288 τὸν
340 1261 420 1295 λόγον
439 1261 494 1287 δέει
507 1261 664 1293 πολυθεῖας,
677 1261 744 1296 ψιλὰ
761 1262 827 1297 ἡμῖν
842 1271 892 1289 κα-

95 1309 225 1335 ταλιπεῖν
237 1309 272 1336 τὰ
285 1308 418 1344 ὀνόματα,
434 1307 481 1335 τδν
502 1307 583 1335 αὑτὸν
606 1308 728 1344 Πατέρα,
755 1309 803 1336 καὶ
816 1308 890 1343 Υἱὶν,

97 1356 147 1382 καὶ
162 1355 241 1390 ἆγιον
258 1354 372 1390 Πνεῦμα
384 1354 619 1389 ὑπολαμϐάνουσι.
635 1355 692 1381 Καὶ
708 1355 767 1389 μετ’
778 1355 870 1389 ὀλίγον
882 1364 890 1372 ο

101 1396 220 1438 Ἐπειδὴ
233 1401 285 1437 χρὴ
306 1401 352 1428 καὶ
369 1401 414 1428 τὸν
430 1400 478 1427 ἕνα
490 1400 556 1427 Θεὸν
569 1401 676 1435 τηρεῖν,
691 1401 738 1427 καὶ
751 1402 799 1432 τὰς
817 1402 890 1437 τρεῖς

97 1447 266 1478 ὑποστάσεις
294 1446 447 1481 ὁμολογεῖν,
466 1446 550 1481 ἤγουν
573 1444 636 1481 τρία
657 1445 803 1480 πρόσωπα,
823 1446 890 1472 ἑκά-

98 1502 167 1530 στην
182 1493 254 1529 μετὰ
276 1492 324 1519 τοῦ
342 1493 498 1528 ίδιὼματος.
519 1492 636 1527 Τηροῑτο
651 1490 674 1517 δ’
685 1490 728 1524 ἂν,
742 1491 780 1523 ὡς
791 1492 810 1520 ὸ
825 1491 891 1526 ἐμὸς

96 1540 187 1574 λόγος,
217 1537 258 1571 εἷς
282 1539 332 1574 μὲν
359 1538 435 1570 Θεὸς,
452 1539 494 1569 είς
522 1537 551 1564 ἓν
569 1536 658 1564 αἴτιον
685 1537 733 1564 καὶ
758 1537 825 1566 Υἱοῦ
843 1537 890 1564 καὶ

945 937 1006 966 aliis
1041 945 1149 974 quoque
1173 937 1276 968 sanctis
1299 937 1455 965 hominibus
1489 937 1645 965 testimonia
1669 944 1736 972 sup-

944 985 1088 1019 peditanda
1121 990 1207 1018 sunt,
1241 991 1356 1019 magnus
1391 983 1437 1011 ille
1470 983 1569 1011 divinis
1598 983 1624 1010 in
1657 984 1736 1013 rebus

944 1029 1092 1067 Gregorius
1108 1031 1233 1065 prodeat,
1251 1029 1331 1066 cujus
1355 1029 1383 1057 in
1403 1028 1473 1056 libro
1495 1028 1533 1056 De
1561 1028 1704 1065 Theologia
1727 1036 1736 1056 ι

945 1077 1001 1103 haec
1018 1077 1074 1111 ipsa
1090 1077 1172 1104 verba
1186 1080 1268 1105 sunt:
1290 1075 1406 1103 Medium
1431 1082 1493 1103 eum
1508 1076 1578 1108 dico,
1594 1077 1736 1103 veritatem

944 1121 1084 1157 intelligo:
1097 1121 1131 1148 ad
1148 1128 1228 1156 quam
1243 1121 1327 1148 solam
1343 1121 1365 1148 si
1380 1120 1570 1156 respiciamus,
1583 1125 1611 1148 et
1623 1127 1736 1154 pravam

944 1167 1015 1194 illam
1036 1155 1283 1201 contractionem,
1311 1155 1554 1202 absurdioremque
1580 1166 1631 1194 hac
1652 1167 1736 1194 etiam

944 1214 1103 1242 divisionem
1124 1214 1286 1247 vitabimus,
1307 1220 1380 1242 recte
1406 1214 1560 1242 faciemus:
1580 1219 1609 1241 ut
1632 1222 1685 1242 nou
1703 1215 1737 1242 ad

943 1268 1025 1289 unam
1043 1261 1202 1297 hypostasiu
1219 1261 1307 1288 Oratio
1329 1265 1423 1289 nostra
1439 1265 1561 1296 cogatur,
1576 1261 1657 1296 idque
1683 1261 1735 1288 hoc

943 1308 1001 1336 solo
1017 1312 1101 1340 metu,
1128 1315 1162 1335 ne
1185 1308 1251 1335 deos
1278 1307 1370 1344 plures
1395 1307 1614 1340 constituamus;
1629 1315 1661 1336 ex
1683 1315 1738 1342 quo

944 1355 1030 1387 ﬁeret,
1048 1359 1078 1382 ut
1091 1355 1163 1382 nuda
1180 1355 1257 1382 nobis
1272 1356 1381 1382 nomina
1400 1354 1627 1391 relinquerentur,
1641 1355 1737 1382 existi.

943 1401 1079 1428 mantibus
1112 1400 1234 1433 Patrem,
1262 1399 1359 1427 Filium
1394 1405 1421 1428 et
1451 1399 1583 1435 Spiritum
1612 1406 1736 1428 sanctum

942 1449 1068 1474 eumdem
1101 1453 1172 1474 esse.
1196 1446 1263 1474 Item
1292 1446 1371 1481 paulo
1398 1451 1458 1482 post
1486 1455 1493 1474 :
1518 1446 1635 1474 Omnino
1652 1447 1735 1476 Deum

943 1499 1025 1518 unum
1039 1492 1204 1519 retineamus
1218 1497 1330 1518 necesse
1353 1496 1405 1524 est,
1425 1496 1480 1519 tres
1496 1492 1657 1528 hypostases
1679 1493 1737 1519 sive

945 1543 999 1565 tres
1031 1545 1162 1573 personas
1193 1544 1252 1565 esse
1287 1537 1481 1572 profiteantur,
1511 1543 1621 1566 servata
1653 1537 1736 1566 etiam

98 1569 261 1622 Πνεὺματος
274 1569 490 1620 ἀναφερομένου,
511 1584 571 1610 οὐδὲ
593 1583 807 1619 συντιθεμένων,
830 1583 890 1609 οὐδὲ

945 1583 1159 1619 uniuscujusque
1203 1583 1381 1618 proprietate.
1421 1582 1609 1611 Betiuebimus
1646 1588 1736 1612 autem

99 1632 342 1668 συναλειφομένων
354 1640 360 1646 ·
377 1631 507 1658 καὶκατὰ
519 1631 550 1657 τὸ
563 1629 592 1656 ἓν
608 1630 655 1657 καὶ
670 1630 753 1656 ταυτὸ
764 1630 813 1664 τῆς
830 1628 891 1655 θεό-

96 1687 192 1716 τητος,
207 1679 242 1706 ἶν’
257 1678 345 1708 οὕτως
358 1676 497 1712 ὀνομάσω,
516 1675 622 1711 κίνημά
638 1684 667 1702 τε
689 1675 737 1702 καὶ
754 1675 889 1710 βούλημα,

98 1727 146 1754 καὶ
159 1727 211 1762 τὴν
225 1725 274 1761 τῆς
290 1724 385 1756 οὐσίας
401 1723 553 1759 ταυτότητα
566 1731 574 1738 ·
592 1722 621 1749 al.
635 1721 664 1749 δὲ
678 1723 754 1758 τρεῖς
771 1722 891 1749 ὑποστὰ-

99 1783 167 1807 σεις,
191 1772 327 1809 μηδεμιᾶς
343 1770 543 1806 ὲπινοουμένης
565 1769 744 1804 συναλοιφῆς,
758 1769 775 1804 ἢ
789 1767 891 1795 ἀναλύ-

99 1829 181 1853 σεως,
202 1820 220 1855 ἢ
238 1818 410 1854 συγχύσεως.
429 1816 488 1844 Ἵνα
507 1815 544 1852 μὴ
570 1817 602 1843 τὸ
623 1816 678 1844 πᾶν
701 1814 842 1851 καταλυθῇ
858 1814 891 1842 δι’

98 1867 135 1897 ίιτν
147 1868 177 1895 τδ
197 1866 229 1894 ἓν
241 1865 403 1901 σεμνύνεται
417 1863 498 1890 πλέον
512 1863 528 1899 ἦ
548 1858 640 1894 καλῶς
654 1863 721 1898 ἔχει.
743 1861 825 1888 ’Δλλὰ
843 1862 893 1889 καὶ

98 1915 128 1943 ἓν
143 1913 183 1950 τῷ
212 1911 385 1946 συντακτικῷ
411 1910 485 1946 λόγῳ
507 1909 522 1936 ὁ
541 1909 629 1945 μέγας
643 1906 722 1940 οὗτος
746 1909 793 1936 καὶ
819 1907 893 1940 θεῖος

100 1962 194 1998 ἁνήρ·
218 1960 397 1993 Πιστεύομεν,
424 1958 519 1992 φησιν,
548 1957 588 1988 εἰς
611 1955 731 1992 Πατέρα,
750 1956 798 1983 καὶ
816 1955 891 1988 Υίδν,

99 2006 148 2034 καὶ
164 2005 242 2040 ᾶγιον
257 2003 381 2039 Πνεῦμα,
397 2001 530 2038 ὁμοούσιά
549 1999 580 2027 τε
600 2002 646 2028 καὶ
662 2000 789 2037 ὁμόδοξα,
808 2001 837 2028 ἐν
852 1999 893 2034 οἷς

98 2054 148 2081 καὶ
164 2052 195 2080 τὸ
209 2051 352 2087 βάπτισμα
370 2048 513 2076 τελείωσιν
529 2048 597 2083 ἔχει,
614 2047 642 2075 εν
663 2056 693 2074 τε
714 2048 828 2084 ὀνόμασι
846 2049 894 2075 καὶ

99 2101 262 2136 πράγμασιν
273 2095 369 2134 (οἶδας,
384 2097 397 2123 ὁ
412 2095 540 2132 μυηθεὶς)
550 2094 666 2130 ἄρνησις
680 2094 709 2121 ὃν
725 2095 831 2129 ἀθεῖας,
845 2096 894 2123 καὶ

98 2145 231 2182 ὁμολογία
259 2145 402 2180 θεότητος·
431 2143 480 2170 καὶ
506 2141 579 2170 οὕτω
605 2141 840 2177 καταρτιζόμεθα,
863 2142 894 2168 τὸ

99 2195 151 2229 μὲν
164 2192 193 2219 ἓν
207 2193 241 2228 τῇ
257 2191 339 2227 οὐσία
352 2189 544 2224 γινώσκοντες,
561 2190 610 2217 καὶ
623 2189 662 2225 τῷ
677 2189 821 2225 ἀμερίστῳ
842 2189 894 2224 τῆς

98 2238 332 2274 προσκυνήσεως·
349 2236 383 2263 τὰ
404 2236 435 2263 δὲ
455 2235 529 2272 τρία,
551 2237 613 2268 ταῖς
634 2236 828 2270 ὑποστάσεσιν,
849 2237 891 2272 ἥτ’
908 2248 931 2277 ο

98 2286 146 2314 οὖν
161 2285 329 2323 προσώποις,
342 2284 357 2310 ὅ
366 2292 420 2311 τισι
435 2283 524 2318 φίλον.
536 2283 611 2319 Μηδὲ
626 2283 680 2319 γὰρ
689 2283 714 2310 οι
728 2284 795 2319 περὶ
804 2283 893 2311 ταῦτα

100 2330 321 2369 ζυγομαχοῦντες
342 2329 596 2366 ἀσχημονείτωσαν,
619 2329 715 2366 ὥσπερ
731 2330 760 2356 ὲν
775 2329 892 2366 ὀνόμασι

100 2379 233 2413 κειμένης
262 2377 329 2413 ἡμῖν
352 2375 402 2411 τῆς
422 2375 576 2408 εὐσεϐείας,
601 2374 660 2402 ἀλλ’
681 2375 732 2402 οὐκ
748 2375 777 2403 ὲν
800 2375 893 2411 πράγ-

101 2433 181 2462 μασι.
199 2424 231 2452 Τί
249 2424 303 2459 γάρ
321 2431 401 2457 φατε,
415 2423 440 2448 ot
455 2421 504 2453 τὰς
519 2422 594 2457 τρεῖς
615 2421 784 2453 ὑποστάσεις
798 2422 893 2456 εισφὲ-

102 2478 215 2506 ροντες;
239 2469 287 2504 Μὴ
314 2468 388 2503 τρεῖς
413 2467 508 2497 οὐσίας
536 2466 789 2501 ὑπολαμϐάνοντες,
813 2466 894 2494 τοῦτο

101 2518 214 2553 lixas;
239 2515 319 2550 Μέγα
342 2513 402 2541 οἴδα
415 2515 456 2541 ὅτι
486 2512 600 2548 βοήσετε
629 2512 701 2540 κατὰ
726 2511 780 2538 τῶν
806 2511 893 2543 οὕτως

102 2563 294 2601 ὑπειληφότων
308 2570 315 2577 ·
339 2562 401 2596 μίαν
422 2560 478 2596 γὰρ
498 2561 544 2587 καὶ
568 2559 618 2595 τὴν
632 2559 719 2594 αὐτὴν
735 2558 790 2585 τῶν
807 2558 893 2593 τριῶν

100 2610 293 2647 δογματίζετε.
312 2608 345 2635 Τί
364 2607 393 2634 δὲ
415 2607 440 2634 οἱ
461 2607 496 2634 τὰ
511 2606 669 2641 πρόσωπα;
685 2605 732 2641 Μὴ
748 2605 779 2632 ἓν
794 2603 851 2632 οἷόν
867 2614 894 2632 τι

102 2660 231 2686 σύνθετον
245 2655 447 2687 ἀναπλάσσετε,
461 2653 509 2680 καὶ
531 2653 737 2688 τριπρόσωπον,
753 2652 770 2689 ἢ
784 2652 893 2688 ἀνθρω-

100 2705 244 2740 πόμορφον
268 2701 361 2734 autc;
387 2699 494 2734 ἄπαγεί
520 2699 568 2726 καὶ
594 2699 674 2735 ὑμεῖς
695 2699 891 2735 ἀντιϐοήσετει

103 2751 170 2787 μηδὲ
184 2749 344 2785 πρόσωπον,
360 2747 409 2773 ὅτι
424 2746 490 2773 ποτέ
504 2746 590 2779 ἐστιν,
605 2745 655 2772 ίδοι
672 2745 750 2779 Θεοῦ,
765 2745 793 2776 ὃς
805 2745 893 2777 οὑτως

101 2799 168 2835 ἔχει.
183 2797 216 2824 Τί
234 2793 281 2823 οὖν
300 2795 328 2821 αἱ
343 2794 508 2824 ὑποστάσεις
524 2794 590 2828 ἡμῖν
607 2793 761 2828 βούλονται,
781 2794 798 2829 ἢ
826 2795 892 2829 ὑμῖν

101 2845 135 2873 τὰ
152 2844 308 2880 πρόσωπας
326 2840 537 2876 Προσερήσομαι
550 2840 591 2873 τὸ,
607 2840 671 2876 τρία
685 2838 758 2868 εῖναι
773 2841 806 2868 τὰ
822 2841 893 2869 διαι-

101 2893 232 2928 ρούμενα,
261 2890 293 2917 οὑ
323 2889 449 2925 φύσεσιν,
475 2887 709 2925 ἀλλ’μίδιότησιν·
736 2888 892 2925 ὑπέρευγεο

943 1632 1026 1660 Deum
1044 1640 1127 1659 unum
1150 1632 1183 1660 de
1198 1631 1249 1658 mei
1267 1631 1377 1666 quidem
1391 1630 1488 1667 judicii
1509 1630 1654 1663 sententia,
1672 1630 1694 1657 si
1710 1634 1738 1657 et

942 1678 1027 1708 Filius
1043 1683 1070 1706 et
1089 1678 1208 1713 Spiritus
1225 1677 1257 1705 ad
1276 1685 1355 1704 unam
1378 1685 1490 1705 causam
1507 1677 1673 1709 referantur,
1689 1684 1739 1704 ne-

942 1733 995 1761 que
1012 1730 1100 1754 tamen
1118 1725 1161 1752 vel
1180 1725 1401 1760 compingantur,
1417 1724 1458 1751 vel
1481 1725 1712 1752 commisceantur
1727 1729 1736 1753 :

944 1776 999 1800 tum
1024 1771 1132 1799 ratione
1148 1771 1227 1798 unius
1241 1775 1267 1799 et
1282 1770 1403 1806 ejusdem
1421 1770 1447 1797 in
1470 1770 1610 1797 divinitate
1631 1771 1672 1805 (ut
1697 1771 1738 1800 sic

943 1818 1049 1854 loquar)
1067 1818 1193 1846 motionis
1212 1817 1420 1853 voluntatisque,
1435 1821 1491 1843 tum
1512 1816 1597 1851 ipsius
1611 1816 1739 1843 substan-

945 1861 1173 1889 titeidentitatis:
1190 1866 1245 1889 tres
1270 1868 1335 1890 vero
1361 1862 1522 1896 liypostases
1547 1860 1738 1894 retinebimus,

944 1909 966 1935 si
979 1907 1080 1936 nullam
1093 1907 1177 1934 animi
1191 1908 1283 1935 nostri
1297 1907 1525 1940 commisﬁonem,
1538 1906 1581 1934 vel
1597 1905 1739 1934 resolutio-

943 1961 1019 1987 nem,
1035 1953 1077 1981 vel
1101 1952 1288 1981 confusionem
1314 1953 1491 1988 cogitabuut:
1509 1960 1543 1980 ue
1563 1952 1628 1980 dum
1647 1952 1738 1980 unita-

943 2004 998 2027 tem
1014 1999 1131 2034 amplius
1143 2007 1318 2031 veneramur,
1329 2006 1410 2036 quam
1429 2003 1531 2026 rectum
1545 1997 1637 2032 fuerit,
1651 2003 1736 2026 tatam

944 2046 971 2073 in
986 2045 1098 2073 nihilum
1121 2046 1286 2080 redigamus.
1302 2045 1374 2073 Idem
1394 2052 1509 2081 magnus
1520 2052 1552 2073 ac
1566 2045 1674 2073 divinus
1686 2043 1739 2076 vir,
1768 2052 1770 2055 '

945 2091 971 2119 in
986 2091 1120 2124 oratione,
1137 2099 1190 2125 qua
1213 2098 1307 2126 pacein
1332 2091 1486 2125 composuit
1502 2099 1508 2117 :
1523 2090 1678 2131 Credimus,
1693 2089 1738 2118 in—

944 2138 1013 2173 quit,
1028 2137 1056 2164 in
1076 2137 1196 2170 Putrem,
1212 2141 1241 2164 et
1256 2135 1366 2169 Filium,
1389 2140 1416 2163 et
1440 2135 1571 2170 Spiritum
1602 2139 1739 2169 sanctum,

943 2185 1064 2220 ejusdem
1093 2183 1252 2213 substantia:
1276 2190 1308 2210 ac
1339 2181 1502 2218 maiestatis,
1530 2181 1557 2208 in
1582 2181 1682 2224 quibus
1710 2185 1739 2208 et

945 2229 1079 2262 baptismo
1097 2237 1146 2257 sua
1164 2227 1295 2263 perfectio
1318 2231 1435 2260 constat,
1454 2231 1508 2254 tam
1532 2226 1558 2254 in
1583 2225 1738 2254 nominibus

945 2283 1026 2311 quam
1052 2276 1079 2303 in
1101 2275 1182 2304 rebus
1213 2274 1298 2310 (nosti
1321 2274 1390 2307 haec,
1412 2273 1536 2310 quisquis
1562 2280 1593 2300 ea
1617 2272 1740 2300 initiatus

945 2331 999 2366 es},
1020 2331 1120 2367 quippe
1134 2331 1204 2367 quod
1220 2329 1355 2365 abjuratio
1375 2333 1416 2357 est
1438 2329 1521 2357 Deum
1546 2329 1669 2364 negantis
1685 2328 1739 2354 im-

945 2379 1072 2414 pietatis,
1089 2378 1296 2413 divinitatisque
1319 2376 1467 2406 confessio.
1492 2377 1580 2410 Atque
1598 2376 1634 2402 ita
1649 2374 1739 2409 perfe-

945 2425 1064 2453 ctionem
1079 2424 1268 2459 adipiseimur,
1281 2431 1364 2451 unum
1378 2423 1500 2458 quidem,
1514 2422 1586 2456 quod
1602 2421 1635 2449 ad
1649 2427 1741 2449 esseu-

947 2472 1011 2498 tiam
1041 2476 1067 2498 et
1094 2471 1260 2499 individuam
1300 2470 1500 2501 adorationem,
1536 2471 1739 2503 agnoscentes;

946 2519 997 2545 tria
1019 2525 1102 2551 vero,
1118 2524 1249 2554 quantum
1269 2518 1303 2545 ad
1333 2518 1514 2552 hypostases,
1532 2514 1574 2541 vcl
1594 2520 1739 2548 personas.

946 2570 976 2592 ut
994 2565 1105 2601 quidam
1124 2564 1197 2600 loqui
1218 2564 1330 2592 malunt.
1342 2562 1399 2590 Nec
1420 2561 1492 2590 enim
1515 2560 1642 2587 indecore
1654 2566 1684 2586 se
1694 2567 1741 2594 ge-
1769 2559 1771 2561 ’

945 2618 1018 2645 rant,
1031 2613 1065 2640 de
1075 2613 1117 2640 his
1127 2612 1174 2647 qui
1189 2611 1314 2638 rixantur
1331 2608 1444 2644 perinde
1467 2614 1499 2636 ac
1512 2606 1534 2633 si
1550 2606 1637 2641 pietas
1659 2605 1739 2633 nobis

945 2660 972 2687 in
990 2658 1158 2691 nominibus,
1174 2665 1226 2692 non
1243 2657 1269 2684 iu
1294 2657 1374 2684 rebus
1391 2653 1566 2692 consisteret.
1584 2651 1653 2686 Quid
1668 2650 1741 2678 enim

947 2706 1048 2739 dicitis,
1058 2705 1103 2740 qui
1118 2709 1172 2733 tres
1190 2705 1348 2739 bypostases
1364 2699 1491 2728 effertis?
1506 2706 1540 2725 an
1559 2699 1610 2725 hoc
1625 2704 1657 2724 eo
1671 2695 1741 2723 dici-

946 2754 992 2786 tis,
1005 2752 1076 2787 quod
1087 2757 1141 2778 tres
1151 2750 1286 2777 essentias
1302 2746 1488 2775 existimetis?
1504 2745 1569 2774 Scio
1581 2751 1629 2772 vos
1643 2744 1743 2773 adver_

945 2807 991 2827 sus
1018 2806 1075 2831 eos,
1094 2799 1141 2834 qui
1166 2797 1206 2824 sic
1231 2795 1399 2827 existimant,
1425 2794 1562 2828 ingentem
1591 2791 1739 2818 clamorem

944 2845 1122 2874 excitaturos.
1139 2842 1226 2871 Unam
1250 2843 1322 2869 enim
1338 2846 1366 2869 et
1387 2841 1509 2868 eamdem
1536 2840 1633 2866 horum
1659 2837 1741 2882 trium

944 2891 1090 2920 essentiam
1105 2889 1234 2919 statuitis.
1252 2888 1322 2922 Quid
1339 2895 1399 2920 vos,
1418 2887 1463 2921 qui
1480 2889 1612 2920 personas
1628 2881 1744 2915 dicitis?
