1929 3076
166 110 218 142 i35

880 101 1098 139 THEORIANI

1747 101 1798 134 136

162 167 231 195 Num
260 174 342 195 unum
370 165 453 195 veluti
485 165 613 201 quiddam
632 165 814 200 compositum
842 165 955 200 ﬁngitis,

1021 164 1069 196 πῶς
1085 163 1118 190 ἄν
1132 171 1205 195 τινες
1224 161 1408 196 συμφρονοῖεν
1428 159 1539 194 μᾶλλον,
1556 157 1605 185 καὶ
1619 157 1649 184 τὸ
1670 157 1737 184 αὐτὸ
1753 157 1802 184 λέ-

163 213 234 248 quod
258 217 313 239 trcs
336 211 426 239 vultus
449 215 495 238 aut
522 211 669 239 humanam
696 210 808 238 omnino
835 209 955 238 iormam

164 258 283 286 habent?
297 256 352 285 Vas
372 264 480 292 quoque
507 256 701 289 reclamabitis,
724 256 815 284 absit:
835 263 884 283 nec
908 255 956 283 Del

164 304 272 336 faciem,
285 310 464 339 quaecumque
474 304 582 330 tandem
602 301 647 329 illa
660 306 713 334 est,
726 309 843 336 unquam
854 300 955 332 videat,

164 349 209 384 qui
226 349 261 375 ila
279 348 372 376 sentit.
387 347 458 381 Quid
477 355 541 383 ergo
563 347 635 383 (nam
657 351 684 375 et
709 347 760 375 hoc
786 347 958 381 interrogare

164 395 248 429 lubet)
265 398 311 421 aut
325 394 403 422 nobis
426 395 585 430 hypostases
602 394 732 421 denotant
747 397 793 420 aut
810 391 885 420 vobis
898 399 960 427 pcr-

165 441 261 469 sonm?
282 440 411 468 nimirum
437 448 498 468 esse
528 441 590 473 tria,
617 447 678 474 quae
703 439 878 472 dividantur;
906 446 958 466 non

165 486 281 520 naturis,
291 486 340 514 sed
349 486 572 521 proprietatibus.
581 485 700 521 Optime.
710 485 770 518 Quo
783 490 862 519 pacto
875 485 959 520 magis

166 532 250 567 aliqui
267 532 453 565 consentiant,
473 537 501 559 ct
517 532 589 559 idem
612 532 713 563 dicant,
731 539 814 566 quam
835 539 896 558 cum
923 531 960 557 ita

167 580 295 612 sentiunt,
312 579 412 614 alioqui
430 579 541 614 syllabis
566 579 762 613 discrepantes.
783 578 917 605 Similiter
935 582 962 604 et

168 625 194 652 in
209 626 332 652 oratione
357 633 409 660 qua
434 625 527 652 laudat
554 624 744 656 Athanasium,
771 624 962 651 Alexandrinae

168 671 257 699 lumen
274 671 396 699 ecclesiae
409 677 416 700 ι
430 671 498 698 Cum
518 671 604 704 enim,
625 671 672 704 ait,
691 678 743 697 una
760 667 922 703 substantia,
936 675 963 698 et

169 721 226 745 tres
239 718 401 752 hypostases
415 725 429 744 a
446 717 525 744 nobis
548 717 592 752 pie
610 716 783 750 dicerentur,
805 716 877 752 quod
893 715 962 742 allc-

168 769 229 789 rum
241 762 389 791 divinitatis
404 767 543 795 naturam,
555 761 672 789 alterum
686 769 864 797 personarum
882 761 961 788 trium

169 807 350 843 proprietates
364 808 501 844 ,declaret,
521 814 553 836 ac
582 807 662 835 simili
686 808 796 842 quidem
825 807 906 834 modo
927 806 962 834 ab

1006 219 1093 246 γοιεν,
1111 210 1128 246 ἢ
1148 209 1235 240 οὓτως
1253 207 1372 243 ἔχοντες,
1388 205 1439 233 κᾶν
1459 207 1520 237 ταῖς
1533 204 1680 236 συλλαϐαῖς
1706 204 1800 238 διαφέ-

1008 265 1111 292 ρωσιν;
1134 255 1252 290 Ὁμοίως
1277 254 1324 280 καὶ
1349 253 1378 279 ὲν
1411 249 1451 284 οἷς
1480 251 1650 286 ἐγκωμιάζει
1679 250 1725 276 τὺν
1749 250 1802 284 τῆς

1015 300 1214 336 Ἀλεξανδρέων
1240 299 1373 334 φωστῆρα
1388 297 1536 332 γενόμενον
1555 295 1728 335 Ἀθανάσιον,
1747 295 1801 322 πά-

1010 348 1052 375 λιν
1067 347 1152 383 φησί’
1169 346 1226 382 Τῆς
1242 346 1297 380 γὰρ
1313 345 1378 380 μιᾶς
1390 344 1495 375 οὐσίας,
1510 343 1555 369 καὶ
1566 343 1622 368 τῶν
1634 342 1719 377 τριῶν
1735 342 1802 368 ὐπο-

1010 392 1131 420 στάσεων
1149 391 1306 426 λεγομένων
1323 389 1368 425 ὑφ’
1384 389 1462 424 ὑμῶν
1484 387 1607 420 εὐσεὸὦς
1627 388 1667 422 (τὸ
1680 388 1731 423 μὲν
1748 387 1802 423 γὰρ

1009 439 1060 475 τὴν
1074 438 1155 474 φύσιν
1175 437 1251 473 δηλοῖ
1271 437 1321 472 τῆς
1339 435 1478 470 θεότητος,
1500 435 1530 462 τὸ
1542 435 1571 462 δὲ
1585 434 1634 466 τὰς
1649 434 1703 461 τῶν
1718 434 1802 470 τριῶν

1012 485 1170 520 ἰδιότητας),
1187 483 1342 519 νοουμένων
1351 482 1398 509 καὶ
1409 481 1485 517 παρὰ
1495 482 1551 513 τοῖς
1565 481 1678 512 Ἰταλοῖς
1689 480 1801 515 ὁμοίως,

1011 531 1070 557 ἀλλ’
1090 531 1121 557 οὐ
1137 529 1295 564 δυναμένων
1309 528 1352 555 διὰ
1367 527 1581 563 τὴνρτενότητα
1598 526 1648 562 τῆς
1669 526 1735 562 παρ’
1753 526 1804 552 αὑ-

1011 578 1068 608 τοῖς
1082 576 1217 611 γλώττης,
1233 576 1280 602 καί
1293 575 1344 609 τὴν
1354 575 1408 601 τῶν
1423 574 1564 609 ὀνομάτων
1582 573 1689 606 πενίαν,
1704 572 1804 599 διελεῖν

1012 622 1065 649 ἀπὸ
1076 623 1125 657 τῆς
1141 622 1236 653 οὐσίας
1249 621 1297 657 τὴν
1312 621 1472 652 ὑπόστασιν,
1487 620 1535 647 καὶ
1543 619 1587 647 διὰ
1596 619 1676 646 τοῦτο
1692 619 1802 646 ἀντεισ-

1011 667 1131 702 αγούσης
1148 667 1182 693 τὰ
1198 666 1343 701 πρόσωπα,
1367 666 1412 693 ἵνα
1437 665 1476 700 μὴ
1495 665 1573 700 τρεῖς
1593 664 1683 691 οὐσίαι
1708 673 1802 699 παρα-

1011 713 1153 749 δεχθῶσιν.
1174 712 1282 747 Ἀμέλει
1295 713 1347 738 κάν
1369 711 1408 746 τῷ
1423 711 1465 743 είς
1489 711 1525 738 τὰ
1541 711 1620 737 Φιῦτα
1641 709 1713 746 λόγῳ
1731 710 1805 737 οὕτω

1012 760 1079 795 φησί
1092 768 1098 775 ·
1119 759 1187 786 Θεοῦ
1207 759 1235 786 δὲ
1257 759 1321 786 ὅταν
1335 759 1415 790 εῐπω,
1432 758 1471 785 ἐνὶ
1488 757 1559 792 φωτὶ
1576 756 1805 793 περιηστράφθην

1012 806 1061 832 καὶ
1088 805 1171 841 τρισί.
1197 804 1279 840 Τρισὶ
1303 804 1353 839 μὲν
1380 804 1451 831 κατὰ
1476 804 1525 836 τὰς
1548 803 1694 839 ἰδιότητας,
1719 803 1806 839 ἤγουν

173 853 247 881 ltalis
265 853 491 890 intelligerentur,
507 860 601 885 verum
617 853 650 880 ob
667 852 764 887 lingua:
789 852 861 880 illius
879 859 966 887 angu-

1021 851 1181 883 ὑποστάσεις
1196 849 1415 887 [ὑποστάσεσιν],
1435 851 1448 878 ὅ
1468 858 1524 877 τισι
1545 850 1621 886 φίλον
1637 850 1741 883 καλεῖν,
1755 848 1806 877 εἴτ’

169 899 261 932 stiam,
278 899 478 934 verborumque
497 899 629 934 inopiam,
645 898 804 934 hypostasin
823 898 857 925 ab
871 904 964 925 essen-

171 946 207 972 tia
224 946 391 980 distinguere
407 953 459 973 non
478 949 600 981 possent,
614 951 700 980 eaque
713 945 745 972 de
758 951 839 972 causa
852 944 878 971 in
891 943 963 971 illius

172 992 261 1019 locum
293 999 472 1027 personarum
501 991 672 1019 induxissent
705 997 816 1023 nomen,
844 997 878 1017 ne
908 995 964 1018 tres

171 1038 330 1066 substantia:
364 1038 593 1071 admitterentur,
617 1042 645 1065 et
676 1042 784 1064 caatera.
812 1036 904 1064 Itidem
936 1037 963 1063 in

172 1085 299 1112 oratione
325 1085 358 1112 de
381 1084 549 1116 Luminibus,
565 1084 676 1118 inquit:
701 1082 785 1110 Deum
809 1091 870 1110 cum
891 1083 964 1116 dico,

174 1137 227 1157 uno
244 1130 346 1164 pariter
365 1135 391 1157 et
411 1130 509 1166 triplici
533 1129 635 1157 lumine
655 1129 849 1164 perstringor;
868 1128 966 1164 triplici

174 1175 296 1210 quidem,
313 1180 443 1211 quantum
466 1175 498 1203 ad
517 1175 708 1211 proprietates,
725 1175 782 1202 sive
796 1174 967 1210 hypostases,

176 1221 213 1248 uti
233 1221 342 1256 quidam
373 1220 510 1256 appellare
537 1220 650 1253 malunt,
664 1219 721 1248 sive
746 1226 879 1255 personas
900 1219 968 1251 (nec

175 1267 248 1294 enim
264 1267 297 1295 de
311 1267 467 1295 nominibus
492 1266 693 1298 contendimus,
714 1266 834 1301 quandiu
859 1266 969 1302 syllaba:

1013 895 1060 924 οὖν
1082 896 1241 932 προσώποις
1266 897 1353 932 (οὐδὲν
1381 897 1435 932 γὰρ
1460 896 1525 932 περὶ
1542 896 1595 923 τῶν
1607 896 1747 932 ὀνομάτων
1758 895 1807 928 ζυ-

1014 943 1205 979 γομαχοῦμεν,
1228 943 1281 976 ἓως
1308 942 1341 970 ἃν
1373 945 1442 978 πρὸς
1465 943 1515 980 τὴν
1547 942 1633 978 αὐτὴν
1653 942 1759 970 ἔννοιαν
1773 942 1804 969 αἱ

1015 990 1147 1018 συλλαϐαὶ
1159 990 1291 1026 φέρωσιν)
1304 998 1313 1007 σ
1327 990 1366 1017 ἑνὶ
1383 989 1422 1024 δὲ,
1442 989 1515 1017 κατὰ
1530 990 1576 1017 τὸν
1594 989 1643 1025 τῆς
1656 989 1749 1021 οὐσίας
1761 989 1808 1015 λό-

1014 1045 1074 1072 γον,
1091 1037 1180 1064 εῖτουν
1203 1036 1341 1072 θεότητος.
1362 1036 1486 1069 Ἱκανῶς,
1514 1033 1604 1070 οἴμαι,
1625 1035 1650 1062 οί
1671 1035 1808 1070 παρόντες

1015 1083 1209 1110 ιὺκλεέστατοι
1243 1082 1402 1110 διδάσκαλοι
1433 1082 1499 1118 περὶ
1532 1081 1586 1109 τῶν
1616 1081 1809 1117 προκειμένων

1015 1130 1081 1166 ἡμῖν
1108 1129 1321 1165 ἐνομοθέτησαν,
1345 1130 1439 1162 οὐσίας
1464 1138 1495 1157 τε
1524 1129 1599 1165 πέρι,
1631 1129 1678 1157 καὶ
1700 1129 1809 1164 φύσεως

1016 1175 1197 1208 ὑποστάσεως
1208 1185 1237 1202 τε
1252 1177 1297 1204 καὶ
1309 1175 1459 1212 προσώπου
1470 1183 1477 1190 '
1494 1176 1588 1211 σαφῶς
1605 1185 1635 1203 τε
1648 1175 1809 1211 παραδεδώ-

1016 1229 1108 1254 κασιν,
1129 1222 1169 1248 ὅτι
1182 1221 1211 1249 ai
1226 1222 1276 1257 μὲν
1289 1221 1321 1248 τὸ
1335 1221 1451 1248 καθόλου
1468 1221 1650 1258 σημαίνουσιν
1660 1230 1667 1237 ·
1684 1221 1714 1248 αἱ
1728 1220 1768 1253 δὲ.
1778 1220 1810 1248 τὸ

1018 1266 1081 1293 καθ’
1099 1266 1226 1294 ἕκαστον.

176 1311 210 1338 ad
227 1312 349 1340 eamdem
366 1312 529 1340 sententiam
544 1312 677 1347 tendunt),
694 1319 747 1339 uno
776 1317 878 1345 autem,
912 1317 1044 1346 quantum
1077 1313 1111 1340 ad
1135 1312 1309 1346 substantiae,
1334 1313 1386 1341 hoc
1417 1316 1470 1348 est,
1494 1312 1643 1340 divinitatis
1664 1311 1809 1344 rationem,

177 1357 260 1390 Satis,
284 1359 391 1393 Opinor,
408 1358 435 1385 hi
467 1359 638 1387 celeberrimi
667 1359 792 1387 doctores
821 1359 854 1386 de
883 1359 964 1386 rebus
983 1359 1063 1386 modo
1083 1359 1241 1395 propOsitis,
1258 1360 1385 1388 nimirum
1413 1360 1446 1388 de
1481 1359 1633 1387 substantia
1650 1364 1678 1387 et
1695 1364 1806 1391 natura,

176 1405 211 1432 de
241 1404 377 1438 hypOstasi
403 1409 431 1430 et
458 1411 586 1439 persona,
615 1405 693 1432 nobis
721 1404 964 1439 pmscripserunt;
984 1408 1132 1441 aperteque
1166 1405 1347 1440 tradiderunt,
1378 1406 1438 1434 illas
1462 1405 1623 1433 universalis
1650 1405 1687 1434 rei
1703 1406 1810 1441 signiti-

178 1450 312 1478 cationem
329 1449 441 1483 habere,
457 1450 505 1477 has
519 1450 674 1484 singularis.

213 1497 293 1525 GEN.
314 1496 374 1525 .Iam
390 1502 497 1533 tempus
513 1496 606 1531 fuerit,
619 1502 648 1525 ut
663 1498 838 1526 auctoritates
860 1497 887 1526 in
908 1505 964 1525 mc-

1057 1498 1086 1527 '0
1100 1499 1180 1528 ΚΑΘ.
1197 1499 1299 1535 Καιρδς
1315 1499 1376 1536 ἤδη,
1391 1499 1441 1532 τὰς
1453 1501 1567 1536 χρήσεις
1581 1500 1622 1532 είς
1632 1499 1715 1534 μέσον
1724 1508 1808 1536 προσ-

179 1543 254 1570 dium
278 1543 422 1578 proferas,
450 1543 483 1571 de
511 1543 609 1578 quibus
640 1548 797 1571 sanctorum
825 1543 966 1571 hominum

181 1595 298 1618 mentem
326 1589 536 1625 perspiciamus.
564 1589 669 1624 Quippe
702 1590 736 1617 de
766 1589 919 1617 substantia
943 1594 970 1617 et

179 1641 288 1669 natura,
299 1636 334 1664 de
345 1636 483 1672 hypostasi
498 1640 525 1663 et
539 1643 665 1671 persona.
678 1635 882 1669 consentimus;
896 1635 968 1662 nulla

181 1683 291 1718 penitus
317 1682 344 1709 in
368 1689 399 1710 re
425 1682 601 1710 dissidentes.
629 1682 696 1709 Nam
723 1681 767 1709 illa
790 1681 866 1717 prius
887 1681 969 1709 etiam

182 1737 263 1764 quam
278 1729 327 1756 abs
345 1733 371 1756 te
382 1729 547 1761 dicerentur,
561 1727 780 1763 intelligehamus
794 1736 802 1755 :
815 1728 863 1755 sed
876 1734 910 1755 ex
923 1734 971 1755 Ore

172 1779 231 1802 .tuo
247 1775 358 1803 lubebat
377 1775 483 1808 audire,
502 1782 627 1811 quaenam
650 1774 684 1802 de
711 1774 752 1802 his
778 1777 868 1801 vestra
896 1776 971 1801 esset

183 1818 329 1850 sententia.
354 1820 433 1849 Nunc
454 1829 517 1856 ergo
543 1820 638 1853 dicito,
658 1821 784 1855 quisnam
813 1824 970 1847 sanctorum

183 1867 294 1896 Patrum
310 1872 422 1895 naturas
438 1867 505 1894 duas
527 1871 590 1902 post
612 1867 761 1894 unitionem
778 1866 917 1894 statuerit.

220 1913 349 1941 THEOR.
363 1913 495 1946 Primum,
511 1921 559 1940 ceu
571 1917 692 1948 tempore
704 1913 834 1948 primum,
845 1918 970 1947 maguum

184 1957 259 1986 illum
274 1958 453 1985 Athanasium
469 1957 591 1992 proferre
609 1965 660 1993 par
680 1961 733 1990 est,
749 1957 827 1992 cujus
843 1957 901 1984 hinc
915 1956 972 1991 ipsa

185 2004 268 2032 verba
285 2007 348 2030 sunt
375 2004 400 2030 in
423 2003 536 2037 epistola
554 2003 587 2030 ad
603 2002 756 2038 Epictetum
770 2002 895 2030 Corinthi
911 2002 972 2037 epi-

185 2057 318 2085 scopum:
338 2049 376 2076 Ex
395 2049 446 2077 hoc
460 2049 653 2077 ahsurditatem
683 2049 834 2085 perspicere
849 2048 972 2084 potestis.

187 2094 216 2122 Si
236 2102 326 2123 sermo
341 2095 421 2122 unius
452 2100 494 2122 est
518 2094 677 2122 substantiae
705 2102 766 2122 cum
792 2101 915 2129 corpore,
941 2094 974 2121 de

188 2145 260 2167 terra
279 2145 401 2167 naturam
432 2147 508 2167 suam
533 2139 672 2167 habente:
695 2139 772 2174 sique
794 2139 972 2166 consubstan-

1020 1544 1117 1579 θεῖναι,
1132 1545 1175 1573 ἵνα
1193 1546 1225 1573 ὲκ
1238 1546 1342 1573 τούτων
1358 1546 1404 1573 τδν
1419 1546 1483 1573 νοῦν
1515 1546 1737 1582 καταθρήσωμεν
1752 1546 1808 1573 τῶν

1021 1590 1117 1625 ἁγίων.
1140 1591 1209 1627 Περὶ
1228 1591 1282 1626 γὰρ
1297 1591 1393 1624 οὐσίας
1421 1593 1470 1618 καὶ
1487 1591 1606 1626 φύσεως,
1628 1591 1808 1624 ὑποστάσεώς

1020 1643 1051 1661 τε
1066 1638 1114 1663 καὶ
1138 1635 1297 1672 προσώπου,
1317 1636 1458 1671 σύμφωνοι
1472 1636 1567 1672 ἐσμεν,
1585 1636 1647 1664 κατ’
1662 1636 1740 1663 οὐδὲν
1751 1637 1810 1664 οὐδ’

1021 1681 1089 1714 ὅλως
1102 1682 1308 1718 διαφερόμενοι.
1332 1682 1427 1710 Ταῦτα
1444 1682 1500 1718 γὰρ
1519 1683 1567 1709 καὶ
1585 1682 1639 1717 πρὸ
1654 1681 1701 1709 τοῦ
1724 1691 1754 1709 σε
1771 1683 1812 1709 εἰ·
1823 1687 1829 1692 ‘

1022 1728 1093 1762 πεῖν,
1122 1727 1327 1763 ἔγινώσκομεν·
1350 1729 1409 1755 ἀλλ’
1432 1728 1607 1764 ἠθελήσαμεν
1638 1728 1755 1756 ἀκοῦσαι
1778 1729 1813 1757 ἐκ

1020 1775 1068 1801 τοῦ
1094 1774 1228 1809 στόματός
1248 1783 1306 1807 σου,
1324 1774 1383 1806 πῶς
1400 1783 1465 1801 ποτε
1486 1775 1554 1813 περὶ.
1565 1775 1670 1802 τούτων
1684 1775 1812 1810 φρονεῖτε

1022 1821 1113 1855 ὑμεῖς.
1131 1820 1189 1847 Νῦν
1203 1818 1249 1848 οὖν
1263 1821 1335 1852 εἰπὲ,
1351 1820 1393 1852 τίς
1405 1820 1460 1848 τῶν
1474 1821 1562 1855 ἁγίων
1573 1821 1620 1848 δύο
1629 1820 1726 1856 φύσεις
1739 1820 1814 1856 μετᾴ

1021 1867 1071 1902 τὴν
1086 1867 1182 1894 ἕνωσιν
1198 1867 1377 1901 ἐδογμάτισεν
1386 1875 1393 1900 ;

1063 1912 1092 1939 '0
1106 1913 1204 1940 ΘΕΩΡ.
1228 1913 1351 1948 Πρῶτον,
1373 1913 1411 1944 ὡς
1438 1913 1549 1948 πρῶτον
1574 1913 1612 1948 τῷ
1635 1913 1734 1949 χρόνῳ,
1764 1913 1814 1942 τὸν

1025 1959 1113 1995 μέγαν
1134 1958 1293 1986 ’Δθανάσιον
1319 1960 1539 1994 παρεισαγαγεῖν
1566 1958 1651 1991 ἄξιον,
1670 1958 1707 1990 ὡς
1723 1959 1753 1987 ὲν
1775 1961 1812 1996 τῇ

1023 2007 1091 2040 πρὸς
1099 2005 1261 2040 Ἑπίκτητον
1274 2005 1427 2032 ἐπίσκοπον
1435 2005 1571 2041 Κορίνθου
1582 2005 1710 2041 ἐπιστολῇ
1720 2006 1814 2034 τοιάδε

1023 2051 1162 2087 γράφοντα
1178 2052 1250 2078 κατὰ
1264 2051 1338 2084 λέξιν
1348 2059 1355 2066 ·
1371 2052 1426 2078 Καὶ
1441 2053 1543 2088 γὰρ’ὲκ
1557 2051 1654 2078 τούτου
1668 2051 1699 2078 τὸ
1712 2052 1815 2079 άτοπον

1024 2097 1136 2133 θεωρεῖν
1144 2098 1219 2133 ἡμᾶς
1235 2097 1352 2137 ἔξεστιν.
1369 2098 1400 2124 Et
1415 2097 1556 2132 ὁμοούσιος
1571 2098 1586 2124 ὁ
1602 2097 1690 2132 Λόγος
1705 2098 1744 2133 τῷ
1760 2098 1817 2125 σῶ-

1027 2152 1101 2178 ματι,
1122 2144 1154 2170 ὲκ
1175 2143 1228 2179 γῆς
1240 2144 1329 2178 ἔχοντι
1345 2143 1395 2179 τὴν
1415 2143 1511 2178 φύσιν
1529 2144 1670 2180 όμοούσιος
1683 2145 1712 2171 δὲ
1731 2145 1745 2171 ό
1760 2145 1817 2172 Λό-

187 2185 259 2213 tialis
274 2190 315 2213 est
328 2184 400 2212 Patri
411 2184 519 2218 Sermo,
530 2185 607 2220 juxta
619 2185 817 2213 confessionem
832 2184 944 2212 Patrum
961 2192 966 2211 :

1028 2198 1074 2224 γος
1088 2189 1126 2225 τῷ
1153 2190 1251 2225 Πατρὶ,
1268 2189 1342 2216 κατὰ
1357 2189 1407 2225 τὴν
1428 2189 1483 2216 τῶν
1504 2190 1636 2225 Πατέρων
1651 2190 1815 2225 ὁμολογίαν·

187 2232 268 2259 etiam
290 2231 346 2266 ipse
371 2230 451 2258 Pater
472 2232 552 2258 unius
581 2232 634 2259 erit
655 2231 815 2259 substantiae
840 2238 900 2258 cum
915 2238 976 2258 cor-

188 2285 253 2313 pore
277 2279 310 2305 de
335 2283 407 2305 terra
424 2277 506 2305 tacto.
527 2279 559 2305 Et
574 2285 622 2305 cur
645 2278 755 2305 Arianis
782 2277 975 2313 indignemini,

189 2324 284 2353 Filium
299 2325 451 2353 dicentibus
462 2333 523 2353 esse
539 2330 705 2359 creaturam,
720 2333 780 2353 cum
804 2325 855 2358 ipsi
869 2325 976 2358 dicatis,

189 2371 296 2399 Patrem
317 2371 397 2399 unius
413 2379 474 2399 cum
491 2372 626 2400 creaturis
639 2379 700 2400 esse
723 2371 901 2399 substantia?

225 2415 305 2444 GEN.
322 2417 391 2450 Quid
406 2416 440 2444 ad
453 2417 614 2452 nosﬁictum
630 2416 713 2451 istud,
725 2415 907 2452 philosophe?

224 2517 353 2546 THEOR.
375 2517 501 2546 Graviter
525 2523 573 2544 eos
590 2515 686 2551 tangit,
697 2514 744 2551 qui
763 2515 869 2549 dicunt,
895 2521 976 2542 unam

188 2573 249 2594 esse
263 2570 386 2592 naturain
404 2563 544 2591 Sermonis
552 2567 580 2590 et
596 2562 699 2590 carnis.
712 2564 751 2590 Ac
762 2562 835 2595 vide,
851 2562 976 2594 obsecro,

190 2620 272 2648 quam
291 2611 447 2640 admirabili
477 2610 583 2638 ratione
612 2613 723 2637 sanctus
745 2608 788 2635 vir
812 2608 978 2636 Athanasius

191 2661 220 2687 in
246 2659 328 2686 tertia
342 2658 439 2693 ,θείη-ο
460 2657 647 2692 syllogismum
671 2659 773 2683 nectat.
799 2653 903 2688 Quippe
921 2654 977 2688 jam

191 2710 270 2733 antea
290 2711 340 2739 pro
357 2702 484 2731 confesso
510 2703 637 2734 habetur,
664 2706 835 2734 quiscunque
856 2701 889 2727 de
912 2699 978 2726 sub-

192 2751 293 2778 stantia
309 2749 425 2778 dicenda
439 2748 561 2780 veniant,
582 2747 679 2775 eadem
695 2750 723 2773 et
748 2750 853 2772 naturae
869 2751 978 2773 accom-

191 2796 338 2824 modanda.
355 2795 475 2823 lloccine
490 2794 517 2821 in
532 2793 657 2822 confesso
671 2796 723 2827 est,
737 2799 771 2819 an
784 2791 855 2819 non?

228 2842 305 2870 GEN.
328 2842 444 2872 Omnino
460 2841 487 2869 id
505 2840 625 2876 quidem.

1026 2235 1169 2269 ὁμοούσιος
1187 2234 1264 2261 ἔσται
1290 2235 1337 2260 καὶ
1351 2233 1433 2265 αὐτὸς
1454 2234 1468 2260 ὁ
1482 2233 1578 2269 Πατὴρ
1591 2234 1630 2269 τῷ
1643 2234 1762 2270 σώματι,
1774 2235 1816 2271 τῷ

1027 2282 1059 2307 ἐκ
1087 2281 1140 2316 γῆς
1165 2280 1353 2316 γεγενημένῳ.
1383 2281 1440 2307 Καὶ
1461 2281 1488 2307 τί
1514 2280 1555 2307 ἔτι
1590 2281 1733 2316 μέμφεσθε
1757 2282 1818 2314 τοῖς

1027 2327 1191 2362 Ἀρειανοῖς,
1207 2326 1316 2360 λέγουσι
1332 2325 1378 2353 τὸν
1390 2326 1455 2352 Υίδν
1469 2326 1584 2362 κτίσμα,
1595 2326 1720 2361 λέγοντες
1735 2327 1817 2354 αὐτοὶ

1027 2373 1075 2399 καὶ
1091 2373 1136 2399 τὸν
1155 2373 1265 2407 Πατέρα
1281 2371 1423 2408 όμοούσιον
1437 2373 1494 2404 τοῖς
1507 2373 1638 2408 κτίσμασι
1651 2381 1658 2405 ς

1069 2419 1098 2445 ’0
1114 2418 1195 2447 ΚΑΘ.
1212 2418 1268 2445 Kal.
1281 2419 1308 2445 τί
1321 2418 1391 2455 πρὸς
1406 2419 1480 2454 ἡμᾶς
1496 2419 1514 2454 ἡ
1529 2419 1626 2454 χρῆσις
1641 2418 1724 2454 αὕτη,
1740 2418 1820 2454 φιλό-

1029 2473 1095 2499 σοφε
1105 2474 1112 2499 ;

1071 2512 1100 2538 '0
1112 2511 1210 2539 ΘΕΩΡ.
1222 2510 1329 2546 Σφόδρα
1344 2510 1515 2537 καθάπτεται
1526 2509 1582 2536 τῶν
1598 2509 1735 2544 λεγόντων
1749 2510 1818 2546 μίαν

1029 2557 1111 2591 φύσιν
1125 2556 1172 2584 τοῦ
1185 2557 1273 2591 Λόγου
1285 2557 1331 2583 καὶ
1345 2556 1396 2592 τῆς
1410 2556 1521 2592 σαρκός.
1538 2556 1593 2583 Καὶ
1607 2555 1659 2591 ὅρα
1683 2556 1740 2587 πῶς
1752 2556 1820 2582 θαυι

1031 2603 1137 2638 μασίως
1151 2603 1248 2630 πλέκει
1260 2603 1306 2630 τὸν
1320 2602 1501 2638 συλλογισμὸν
1517 2603 1545 2629 ὲν
1558 2602 1644 2638 τρίτῳ
1659 2602 1783 2638 σχήματι
1803 2601 1819 2628 ὁ

1029 2651 1058 2676 ἐν
1073 2649 1162 2684 ἁγίοις
1177 2650 1347 2681 Ἀθανάσιος.
1373 2650 1603 2685 Προομολογεῖται
1616 2649 1681 2684 γὰρ,
1704 2649 1746 2676 ὅτι
1768 2648 1821 2676 ὅσα

1030 2695 1096 2730 περὶ
1108 2695 1161 2730 τῆς
1183 2694 1278 2726 οὐσίας
1293 2694 1475 2730 λεχθήσεσθαι
1491 2694 1595 2729 μέλλει,
1616 2694 1703 2722 ταῦτα
1722 2694 1771 2721 καὶ
1783 2695 1821 2730 τῇ

1030 2741 1110 2776 φύσει
1127 2741 1363 2776 προσαρμοστέον.
1383 2740 1576 2776 Ὦμολόγηται,
1592 2740 1608 2776 ἢ
1624 2739 1655 2767 οὗ
1669 2748 1677 2774 ;

1073 2834 1102 2859 '0
1119 2833 1196 2860 ΚΛΘ.
1217 2833 1291 2860 Πάνυ
1309 2832 1358 2868 μὲν
1372 2831 1428 2860 οὖν.
