1929 3076
146 109 201 141 145

827 113 1056 144 DlSl—‘U'l‘ATlO
1077 113 1100 142 I.

1728 108 1783 142 116

145 166 258 201 χρόνον,
285 166 337 193 ὅσα
368 167 471 195 σπάνιά
497 167 550 195 εἱσι
577 169 624 196 καὶ.
643 169 803 206 δυσεύρετα.
829 171 896 206 Περὶ
914 169 940 196 δὲ

994 175 1083 204 egent,
1103 176 1163 203 qua:
1179 176 1239 196 rara
1250 173 1322 202 sunt,
1342 173 1369 196 et
1384 168 1493 195 inventu
1511 166 1640 194 dilucilia.
1653 166 1692 195 De
1708 167 1757 194 dua
1769 183 1776 187 γ

145 212 204 238 τῶν
232 212 280 238 δύο
306 212 428 246 φύσεων,
452 214 483 240 οὐ
499 216 618 248 σπάνις,
642 216 711 242 ἀλλὰ
725 217 841 249 πλοῦτος
855 218 942 253 ὑπερ-

147 258 258 290 σολικδς
271 259 318 286 καὶ
329 259 457 294 δαψίλεια
470 261 500 286 ἐν
509 261 586 297 πάσῃ
603 263 636 297 τῇ
647 263 823 298 θεοπνεύστῳ
833 265 941 300 Γραφῇ,

148 305 200 339 ὅση
215 304 297 339 ἀέρος
316 305 405 340 χύσις.
430 306 460 333 Εἰ
476 305 524 334 οὖν
539 309 586 334 καὶ
602 309 735 336 πλειόνων
749 310 808 346 δέῃ,
825 311 943 346 ἑτοίμως

148 349 206 386 ἔχω
221 351 270 378 καὶ
289 352 374 382 ἄλλας
402 355 588 388 παραγαγεῖν.
617 355 723 382 Αὐτίκα
743 356 810 390 γοῦν
837 356 943 390 ἔξεστιν

150 396 271 424 ἀκοῦσαι
287 399 336 425 καὶ
358 398 406 425 τοῦ
435 400 556 434 μεγάλου
577 401 724 435 φιλοσόφου
738 403 785 429 καὶ
802 402 944 438 μάρτυρος

154 443 316 477 Ἰουστίνου,
346 446 412 480 περὶ
441 446 497 473 τῶν
522 447 614 473 αὐτῶν
629 447 755 482 λέγοντος
768 449 796 475 ὲν
814 448 853 484 τῷ
872 449 944 484 Περὶ

154 489 279 522 Τριὰὃος
293 491 478 525 συντάγματι,
498 493 568 519 κατὰ
583 494 613 520 τὸ
628 493 661 526 ιζ’
679 495 830 529 κεφάλαιον
845 495 942 528 οὕτως·

149 535 238 562 Ὅταν
265 536 388 574 ἀκούσῃς
405 538 471 573 περὶ
495 538 544 565 τοῦ
564 540 625 571 ἐνὸς
648 540 714 567 Tia-3
747 541 797 572 τὰς
819 542 944 574 ἐναντίας

152 582 259 614 φωνὰς,
275 583 337 609 κατ’
356 584 482 619 ἀλλήλων
506 585 603 621 μέριξε
626 587 687 620 ταῖς
704 587 800 622 φύσεσι
816 588 851 615 τὰ
869 588 944 622 λεγό-

149 628 287 661 μενα-ἂν
318 629 370 664 μέν
398 638 425 656 τι
463 632 536 666 μέγα
560 632 609 659 καὶ
633 632 715 665 θεῖον,
736 634 770 669 τῇ
787 633 847 669 θείᾳ
861 633 943 668 φύσει

149 674 319 708 προσνέμων
332 683 339 689 ·
360 675 395 704 ἂν
413 675 442 702 δέ
464 684 491 703 τι
509 677 609 712 μικρὸν
629 678 677 705 καὶ
703 679 888 715 ἀνθρώπινον,
909 681 943 716 τῇ

147 720 311 757 ἀνθρωπεία
322 721 499 758 λογιζόμενος
517 724 609 758 φύσει.
622 724 701 751 Οὕτω
717 725 772 760 γὰρ
787 726 835 753 καὶ
848 726 878 753 τδ
888 725 945 752 τῶν

150 767 251 800 φωνῶν
269 768 438 803 ἀσύμφωνον
454 769 603 805 διαφεύξη,
634 771 754 806 ἑκάστης
785 771 804 799 ἃ
837 772 943 806 πέφυκε

148 810 297 846 δεχόμενος
312 811 436 846 φύσεως·
448 814 496 841 καὶ
506 814 552 841 τὸν
566 815 631 842 Υῑδν
646 815 695 843 ενα
706 816 754 842 καὶ
770 817 822 852 πρὸ
834 817 943 844 πάντων

149 855 270 888 αἰώνων,
289 858 336 884 καὶ
355 859 525 893 πρόσφατον,
551 861 622 888 κατὰ
653 863 704 894 τὰς
724 848 800 895 θειπᾷ
829 864 942 899 Γραφὰς
959 848 979 875 Β

149 903 343 938 ὁμολογήσεις.
355 905 408 932 Καὶ
421 906 507 933 ταῦτα
521 907 572 942 μὲν
585 909 598 935 ό
615 908 688 940 θεῖος
708 908 863 942 Ἰουστίνος.
874 912 903 938 '0
916 912 944 938 δὲ

149 951 269 984 χρυσοῦς
292 951 342 986 τὴν
360 952 485 986 γλῶτταν
507 955 635 989 Ἰωάννης
649 957 677 981 ἐν
692 957 725 990 τῇ
743 956 878 993 ἑρμηνείᾳ
895 957 943 992 τῆς

153 996 224 1029 πρὸς
239 997 374 1031 Τιμόθεον
391 998 564 1035 Ἐπιστολῆς,
582 1001 653 1028 οὕτω
672 1002 812 1036 φησίν·’0
830 1004 944 1039 μεσίτης

150 1042 324 1078 ἀμφοτέροις
340 1048 476 1078 κοινωνεῖ,
489 1044 528 1073 ὧν
546 1047 604 1073 ἐστι
622 1048 748 1082 μεσίτης,
758 1049 878 1076 Μεσίτου
889 1051 943 1085 γὰρ

149 1088 233 1115 τοῦτό
251 1090 320 1122 ἐστι,
337 1092 366 1117 τὺ
378 1093 512 1128 ἐκατέρου
526 1094 667 1129 ἐχόμενον,
687 1092 724 1122 ὧν
741 1097 799 1122 ἐστι
816 1097 942 1132 μεσίτης,

150 1137 306 1162 κοινωνεῖν.
322 1137 376 1164 Καὶ
391 1139 448 1173 μετ’
467 1139 572 1174 ὀλίγον’
587 1140 618 1166 Εί
631 1141 723 1168 τοίνυν
740 1141 777 1178 μὴ
792 1142 883 1178 ἔχεται
895 1144 943 1179 τῆς

150 1181 198 1207 τοῦ
223 1182 330 1218 Harpe;
346 1183 471 1218 φύσεως,
491 1186 543 1212 οὐκ
567 1186 625 1213 ἔστι
650 1188 775 1222 μεσίτης,
801 1188 869 1215 ἀλλὰ
892 1190 944 1216 ὰπ-

148 1227 328 1262 εσχοίνισται.
348 1229 453 1264 Ὥσπερ
468 1231 521 1265 γὰρ
541 1231 591 1266 τῆς
607 1232 761 1267 ἀνθρώπων
775 1233 867 1267 ἔχε-ται
887 1234 939 1268 φύ-

149 1279 234 1303 σεως,
255 1272 350 1308 ἐπειδὴ
369 1273 437 1308 πρὸς
453 1275 615 1310 ἀνθρώπους
639 1276 759 1310 ἤρχετο·
793 1277 865 1304 οὕτω
895 1279 943 1305 καὶ

149 1318 198 1351 τῆς
223 1318 271 1344 τοῦ
289 1318 369 1351 Θεοῦ,
391 1321 485 1356 ἐπειδὴ
511 1321 589 1356 παρὰ
605 1322 673 1349 Θεοῦ
697 1323 808 1358 ἤρχετο.
831 1323 942 1356 Τούτοις

148 1366 206 1396 τοῖς
221 1365 310 1399 ἁγίοις
323 1367 447 1401 Πατρὰσι
464 1369 650 1402 συμφωνοῦσα
661 1371 677 1404 ή
694 1370 759 1404 ἁγία
776 1371 881 1405 μεγάλη
893 1371 942 1398 καὶ

148 1411 333 1447 οἰκουμενιχὴ
344 1413 455 1445 σύνοδος
471 1414 487 1448 ὴ
504 1414 533 1440 ἐν
546 1415 702 1450 Χαλκηδόνι
716 1416 942 1451 συναθροισθεῖσα

149 1457 220 1483 Θεοῦ
241 1457 369 1493 νεύματι,
391 1460 438 1486 καὶ
466 1460 574 1487 εὖσεὸεἰ
601 1460 735 1495 βασιλέων
762 1462 941 1497 θεσπίσματι,

149 1503 199 1529 ἕνα
216 1504 264 1530 καὶ
278 1504 324 1530 τὸν
339 1506 421 1532 αὑτὸν
436 1507 565 1542 Χριστὸν,
582 1507 657 1538 Υὶὸν,
673 1508 775 1541 Κύριον
794 1510 938 1544 μονογενῆ,
953 1523 975 1552 c

150 1550 179 1576 ἐν
196 1550 246 1576 δύο
260 1551 375 1585 φύσεσιν
392 1553 569 1587 ὰσυγχύτως,
586 1554 750 1588 ἀτρέπτως,
766 1554 938 1590 ἀδιαιρέτως,

151 1596 317 1631 ἀχωρίστως
334 1598 539 1633 γνωριζόμενον
553 1600 745 1634 ἐδογμάτισεν,
758 1601 879 1636 οὐδαμοῦ
891 1602 940 1636 τῆς

149 1641 206 1667 τῶν
222 1641 331 1676 φύσεων
344 1643 479 1678 διαφορᾶς
492 1645 695 1681 ἀναιρουμένης
712 1646 757 1672 διὰ
771 1647 821 1682 τὴν
832 1646 938 1674 ἕνωσιν·

151 1686 311 1722 σωζομένης
335 1689 364 1715 δὲ
382 1690 485 1724 μᾶλλον
500 1690 549 1725 τῆς
575 1691 708 1726 ἰδιότητος
732 1692 868 1728 ἑκατέρας
888 1694 940 1727 φύ-

150 1741 232 1764 σεως,
247 1734 294 1760 καὶ
307 1735 345 1764 είς
357 1734 386 1760 ἓν
403 1736 551 1770 πρόσωπον
566 1737 613 1763 καὶ
632 1738 698 1772 μίαν
714 1738 866 1765 ὑπόστασιν
879 1748 940 1766 συν-

148 1779 321 1814 τρεχούσης⁶
343 1781 394 1807 οὐκ
419 1782 459 1814 εἰς
483 1781 529 1808 δύο
555 1784 692 1818 πρόσωπα
722 1785 901 1820 μεριζόμενον
921 1785 937 1820 ἢ

148 1824 353 1860 διαιρούμενον,
377 1827 446 1854 ἀλλὰ
470 1827 517 1854 ἕνα
535 1830 583 1856 καὶ
610 1830 655 1856 τὸν
673 1831 754 1857 αὑτὸν
778 1831 842 1857 raw
862 1840 941 1866 μονο-

149 1873 229 1906 γενῆ,
246 1872 314 1899 Θεὸν
329 1873 426 1907 Λόγον,
446 1874 549 1910 Κύριον
568 1876 673 1911 Ἰησοῦν
694 1877 822 1912 Χριστόν.

189 2003 223 2030 Ὅ
243 2005 325 2032 ΚΑΘ.
347 2005 435 2037 ὐλως
463 2006 492 2032 τὸ
517 2007 608 2040 λέγειν
626 2007 674 2034 δύο
695 2007 802 2042 φύσεις.
820 2009 940 2044 ἔμφασιν

148 2052 257 2084 ιέσάγει
273 2052 449 2087 διαιρέσεως·
466 2053 514 2080 καὶ
529 2053 647 2086 δέδοικα,
674 2055 772 2090 μήπως
792 2056 939 2090 φεύγοντες

148 2100 180 2126 τὸ
200 2099 249 2125 τοῦ
266 2099 404 2134 Εὐτυχοῦς
426 2100 455 2126 τὸ
473 2100 539 2135 μίαν
563 2101 644 2135 φύσιν
667 2101 767 2135 λέγειν,
791 2104 831 2134 είς
845 2103 875 2129 τὸ
890 2103 938 2130 τοῦ

149 2145 300 2180 Νεπορίου
313 2145 479 2180 ἐμπέσωμεν
495 2145 641 2181 βάραθρον.
660 2147 704 2174 διὰ
717 2148 766 2179 τὰς
782 2148 829 2174 δύο
841 2148 938 2183 φύσεις

146 2191 195 2218 δύο
206 2192 341 2226 πρόσωπα
353 2192 580 2226 παρεισάγοντος.

193 2237 223 2264 ’0
242 2239 340 2266 ΘΕΩΡ.
369 2239 439 2266 Ἀλλ’
455 2239 469 2265 ὁ
496 2239 643 2274 Νεστὸριος
665 2240 712 2266 δύο
740 2240 837 2274 φύσεις
860 2241 937 2274 ἔλεγε

147 2285 367 2319 κεχωρισμένας,
384 2285 433 2320 οὺχ
446 2285 589 2320 ἡνωμένας
604 2286 643 2316 είς
659 2286 804 2322 πρόσωπον
827 2287 866 2314 ἓν.
883 2288 938 2314 Καὶ

146 2330 226 2356 τοῦτο
237 2330 325 2365 δηλῶν
339 2331 353 2357 ὁ
368 2332 397 2357 ἐν
410 2331 498 2365 ἁγίοις
514 2331 652 2366 Κύριλλος
662 2352 669 2363 ,
683 2333 713 2358 ἐν
724 2334 756 2368 τῇ
771 2333 839 2368 πρὸς
853 2333 938 2360 Εὐλό-

146 2385 206 2411 γιον
223 2377 352 2412 ἐπιστολῇ
372 2386 470 2413 φησιν·
488 2377 568 2405 Οὕτω
588 2379 635 2405 καὶ
652 2379 698 2406 ἐπὶ
712 2379 937 2415 Νεστορίου,’κᾶν

146 2423 222 2457 λέγει
237 2423 283 2450 δύο
299 2424 405 2458 φύσεις,
423 2424 565 2459 σημαίνων
577 2425 627 2459 τὴν
654 2426 787 2462 διαφορὰν
804 2427 855 2462 τῆς
871 2435 938 2462 σαρ-

148 2470 196 2501 κὸς
209 2469 255 2496 καὶ
267 2470 314 2496 τοῦ
329 2469 396 2496 Θεοῦ
408 2471 508 2504 Λόγου,
522 2470 615 2506 (ἑτέρα
626 2472 680 2505 γὰρ
694 2473 709 2506 ἡ
724 2471 770 2498 τοῦ
781 2472 868 2506 Λόγου
884 2473 936 2506 φῦ-

148 2524 202 2548 σις,
228 2516 275 2542 καὶ
297 2516 379 2550 ἑτέρα
401 2517 418 2551 ἡ
441 2517 492 2551 τῆς
525 2517 625 2551 σαρκός
636 2517 655 2552 ο)
683 2518 741 2544 ἀλλ’
769 2520 861 2545 οὐκέτι
883 2520 932 2554 τὴν

146 2562 244 2589 ἕνωσιν
258 2561 386 2596 ὁμολογεῖ
401 2562 462 2597 μεθ’
477 2563 566 2597 ἡμῶν.
586 2563 682 2598 Ἡμεῖς
705 2564 759 2599 γὰρ
784 2565 937 2596 ἑνώσαντες

146 2609 262 2640 ταύτας,
286 2609 335 2634 ινα
351 2608 481 2643 Χριστὸν,
503 2609 551 2635 Eva
568 2609 642 2641 Υἰδν,
657 2610 706 2637 ἕνα
720 2610 822 2646 Κύριον
838 2611 936 2646 ὁμολο-

147 2655 262 2690 γοῦμεν,
278 2654 326 2681 καὶ
348 2655 414 2690 μίαν
435 2655 517 2690 φύσιν
538 2655 586 2682 τοῦ
599 2656 687 2690 Λόγου
709 2658 934 2694 σεσαρκωμένην,

148 2701 245 2734 Βάδζε
275 2698 323 2728 οὖν
342 2701 386 2734 σὺ,
406 2702 478 2728 κατὰ
504 2702 556 2737 τὴν
581 2702 628 2728 τοῦ
653 2703 737 2737 σοφοῦ
764 2703 936 2739 Σολομῶντος

146 2750 351 2785 παραγγελίαν.
369 2750 437 2785 μήτε
452 2749 491 2780 εις
506 2749 539 2776 τὰ
556 2749 642 2783 δεξιὰ,
659 2751 728 2786 μήτε
756 2751 796 2782 είς
815 2751 850 2778 τὰ
875 2752 936 2787 ἀρι-

147 2796 242 2831 στερὰ,
252 2795 321 2822 ἀλλὰ
331 2795 382 2830 τὴν
393 2788 479 2830 μέσην
494 2795 542 2822 καὶ
558 2795 703 2832 βασιλικὴν
715 2797 785 2824 ὁδόν.
794 2798 935 2834 Τέσσαρες

145 2844 200 2871 γὰρ
219 2844 287 2870 εἰσιν
310 2843 430 2876 αἱρέσεις
447 2843 478 2870 ἐκ
494 2844 641 2877 διαμέτρου
666 2844 797 2878 ἀλλήλαις
814 2846 932 2881 μαχόμε-

995 217 1045 244 hns
1060 222 1149 243 autem
1165 215 1268 243 naturis
1288 223 1339 243 non
1353 215 1475 250 penuria.
1502 215 1548 241 sed
1573 221 1655 248 supra
1671 214 1779 240 modum

995 262 1090 296 ingens
1119 261 1282 288 abundantia
1311 261 1443 295 copiaque
1472 260 1605 294 reperitur
1631 259 1657 285 in
1677 258 1779 286 omnia

994 307 1097 340 Spiritu
1117 307 1162 334 Dei
1178 307 1297 342 profecta
1328 307 1480 342 Scriptura,
1497 311 1596 341 quanta
1622 305 1725 333 scilicet
1739 309 1780 331 cst

995 355 1066 381 aeris
1082 354 1136 381 late
1147 353 1236 382 dimisi
1249 354 1408 388 amplitudo.
1425 354 1516 387 Quare
1529 353 1550 381 si
1565 353 1646 380 etiam
1659 351 1781 386 pluribus

993 408 1060 435 opus
1077 401 1124 431 sit,
1151 406 1261 436 paratus
1277 408 1336 428 sum
1354 403 1378 427 et
1396 400 1462 428 alias
1477 399 1608 433 proferre.
1625 399 1658 426 Et
1672 398 1779 434 quidem

994 454 1056 474 mox
1087 447 1150 474 licet
1176 448 1319 474 audiamus
1335 455 1459 481 magnum
1490 447 1564 473 illum
1591 446 1780 480 philosophum

993 497 1074 527 atque
1100 498 1244 528 martyrem
1262 492 1409 525 Justinum.
1422 493 1454 520 de
1469 493 1563 520 iisdem
1582 492 1734 525 loquentem
1755 491 1781 517 in

993 540 1063 568 libro
1080 541 1116 568 De
1144 541 1284 574 Trinitate,
1313 541 1402 575 capite
1428 540 1533 567 devium
1561 540 1677 575 septimo
1694 539 1780 566 :Cutn

994 579 1122 620 audieris,
1137 588 1234 621 inquit,
1249 588 1281 615 de
1293 595 1346 614 uno
1363 587 1432 615 Filio
1448 594 1526 613 \‘oces
1539 586 1700 617 contrarias,
1715 593 1783 612 cou—

994 634 1134 661 venienter
1151 634 1254 668 partire
1284 635 1389 662 naturis
1414 641 1445 661 ea
1477 641 1537 668 qua:
1568 633 1692 660 dicentur
1719 640 1726 659 :
1760 631 1782 657 si

997 686 1122 713 magnum
1137 686 1169 706 ac
1195 679 1318 706 divinum
1342 679 1454 713 aliquid,
1471 678 1569 706 divinae
1585 682 1689 704 natura:
1704 676 1783 703 attri-

994 723 1096 756 buens;
1127 724 1168 750 sin
1197 724 1323 758 exiguum
1347 728 1372 750 et
1399 724 1557 755 humanum,
1585 723 1617 749 ad
1634 723 1781 749 humanam

995 773 1118 794 naturam
1155 769 1286 795 referens.
1319 767 1364 795 Sic
1382 768 1454 795 enim
1483 773 1509 794 et
1536 767 1655 802 ipsarum
1684 774 1781 794 vocum

995 813 1209 847 discrepantiam
1232 812 1341 845 vitabis,
1358 817 1453 839 natura
1467 811 1587 846 qualibet
1602 811 1653 838 sibi
1668 815 1783 846 cognata

996 859 1142 892 recipiente
1157 867 1163 884 :
1178 863 1205 885 et
1223 866 1307 885 unum
1335 858 1431 885 Filium
1452 862 1506 884 lam
1532 862 1594 883 ante
1621 856 1711 883 omnia
1731 863 1783 882 sx-

995 903 1065 935 cula,
1077 911 1158 938 quam
1175 910 1270 931 recens
1285 903 1460 937 ortumjuxta
1475 902 1593 930 Litteras
1609 909 1702 929 sacras
1715 909 1766 928 con
1780 919 1783 921 ›

997 949 1128 977 ﬁteberis.
1144 949 1207 977 Haec
1223 949 1331 976 divinus
1349 950 1392 977 ille
1404 949 1539 977 Justinus.
1557 948 1676 975 Joannes
1693 953 1783 974 autem

995 995 1215 1032 Citrysostomus,
1240 996 1266 1023 in
1286 995 1414 1031 Epistolze
1425 995 1458 1023 ad
1475 995 1646 1022 Timotheum
1675 993 1786 1026 scriptor

996 1043 1221 1078 interpretatione
1252 1043 1293 1070 sic
1316 1043 1354 1070 ait
1371 1051 1378 1070 :
1397 1041 1530 1069 Mediator
1549 1041 1690 1068 amborum
1717 1048 1783 1066 ron-

995 1096 1055 1116 sors
1069 1093 1127 1120 est,
1163 1096 1279 1123 quorutn
1312 1088 1418 1116 scilicet
1443 1091 1483 1116 est
1509 1087 1651 1114 mediator.
1679 1087 1783 1121 Quippe

995 1135 1150 1162 mediatoris
1167 1140 1217 1168 est,
1244 1141 1272 1162 ut
1289 1135 1450 1169 coniunctus
1466 1142 1559 1162 eorum
1583 1135 1699 1169 utrique,
1717 1142 1784 1168 quo-

996 1189 1055 1207 rum
1081 1182 1214 1208 mediator
1234 1186 1287 1214 est,
1314 1181 1467 1216 participet.
1491 1180 1529 1208 Ac
1544 1180 1624 1215 paulo
1641 1185 1700 1214 post
1724 1189 1730 1207 :
1753 1181 1781 1206 Si

994 1234 1060 1262 ergo
1088 1235 1142 1253 non
1161 1227 1322 1262 conjunctus
1338 1231 1378 1254 est
1394 1234 1456 1254 cum
1475 1231 1570 1254 natura
1598 1226 1699 1259 Patris,
1727 1233 1781 1253 non

994 1275 1035 1299 est
1050 1271 1196 1305 mediator,
1225 1272 1272 1299 sed
1285 1276 1326 1298 est
1351 1272 1385 1299 ab
1415 1279 1447 1298 eo
1463 1276 1615 1303 separatus.
1645 1271 1783 1305 Quemad—

995 1318 1103 1344 modum
1118 1318 1191 1344 ettim
1213 1325 1272 1345 cum
1289 1318 1429 1345 hominum
1443 1323 1538 1344 natura
1553 1318 1715 1352 conjunctus
1729 1324 1785 1353 est,

994 1365 1122 1399 quoniam
1139 1363 1171 1391 ad
1191 1364 1315 1391 homines
1328 1365 1399 1391 venit
1414 1371 1421 1390 :
1439 1364 1474 1391 ita
1493 1368 1520 1391 et
1535 1371 1595 1391 cum
1613 1364 1658 1391 Dei
1673 1370 1781 1396 natura,

995 1410 1122 1444 quoniatn
1140 1417 1154 1436 a
1173 1409 1227 1437 Deo
1241 1410 1325 1437 venit.
1355 1410 1421 1437 Cum
1439 1410 1514 1438 hisce
1538 1411 1641 1438 sanctis
1656 1411 1780 1438 Patribus

993 1456 1166 1483 consentiens
1186 1460 1279 1483 sancta
1309 1455 1363 1487 illa,
1390 1462 1542 1490 magnaque
1564 1460 1591 1482 et
1619 1456 1782 1482 universalis

993 1503 1122 1537 synodus,
1140 1501 1310 1529 Chalcedone
1326 1506 1390 1528 Iuttu
1418 1500 1465 1528 Dei
1490 1502 1587 1535 pioque
1600 1501 1710 1529 decreto
1726 1502 1781 1527 Au-

992 1551 1131 1580 gustorum
1145 1550 1318 1581 congregata,
1341 1546 1436 1574 statuit
1449 1554 1530 1572 unum
1541 1550 1568 1573 et
1584 1547 1708 1573 eumdem
1722 1553 1783 1572 esse

992 1592 1140 1624 Christum,
1154 1591 1263 1624 Filium,
1282 1591 1437 1625 Dominum,
1454 1591 1615 1627 Unigenam,
1633 1593 1658 1618 in
1677 1592 1781 1619 naturis

992 1638 1096 1664 duabus
1109 1638 1177 1665 citra
1193 1638 1391 1670 confusionem,
1404 1639 1590 1670 minutionem,
1607 1638 1780 1669 divisionem,

992 1684 1191 1717 separatiOnem
1209 1684 1365 1720 adagnitum
1392 1693 1400 1712 :
1426 1691 1596 1719 nequaquam
1622 1691 1783 1711 naturarum

992 1730 1147 1757 discrimine
1173 1730 1278 1757 sublato
1305 1735 1416 1765 propter
1443 1731 1602 1763 nnitionem,
1635 1731 1681 1758 sed
1707 1731 1781 1758 salva

992 1775 1080 1808 potius
1106 1775 1272 1809 proprietate
1297 1775 1436 1810 utriusque
1460 1780 1572 1808 naturae,
1597 1783 1629 1803 ac
1647 1776 1673 1803 in
1699 1784 1778 1802 unam

992 1828 1133 1856 personam
1160 1826 1188 1848 et
1210 1829 1291 1848 unam
1315 1821 1472 1857 hypostasin
1500 1827 1615 1850 coeunte
1639 1830 1646 1849 :
1669 1831 1720 1850 non
1752 1824 1780 1850 in

992 1867 1059 1894 duas
1075 1874 1204 1901 personas
1220 1868 1350 1909 par‘titum
1370 1867 1410 1895 vel
1436 1868 1562 1900 divisum,
1587 1869 1635 1896 sed
1652 1877 1733 1896 unum
1752 1875 1780 1897 et

991 1913 1114 1940 eumdem
1129 1913 1227 1940 Filium
1243 1914 1399 1948 unigenam,
1426 1914 1509 1942 Deutn
1532 1914 1700 1948 Sermonem,
1727 1916 1777 1943 Do-

990 1961 1094 1987 minum
1109 1959 1201 1988 Jcsum
1216 1960 1367 1989 Christum.

1027 2013 1106 2041 GEN.
1138 2013 1352 2047 Omninogduas
1385 2014 1476 2043 dicere
1500 2020 1631 2050 naturas,
1661 2017 1778 2052 speciem

990 2061 1134 2095 quamdam
1147 2061 1287 2088 divisionis
1302 2061 1450 2089 introducit
1465 2069 1472 2088 :
1492 2069 1523 2089 ac
1539 2069 1631 2089 vereor
1643 2064 1778 2098 equidem,

991 2115 1025 2135 ne
1043 2108 1160 2135 devitato
1177 2107 1359 2143 Entychetisis
1374 2108 1515 2142 barathro,
1539 2110 1611 2144 quod
1631 2115 1673 2138 est
1697 2119 1777 2138 uuam

990 2160 1114 2182 naturam
1134 2155 1234 2188 dicere,
1262 2155 1287 2181 in
1312 2154 1429 2182 Nestorii
1444 2156 1599 2183 barathrum
1616 2157 1777 2191 incidamus,

950 2200 977 2230 D
992 2209 1040 2236 per
1053 2201 1120 2228 duas
1137 2205 1258 2232 naturas,
1271 2200 1338 2228 duas
1351 2209 1481 2236 personas
1497 2202 1709 2231 introducenles.

1025 2246 1153 2274 THEOR.
1177 2246 1318 2274 Nestorins
1334 2255 1399 2275 vero
1415 2248 1483 2275 duas
1502 2254 1614 2276 naturas
1640 2255 1778 2283 separatas

989 2293 1088 2325 aiebat,
1114 2300 1165 2320 non
1192 2293 1282 2320 unitas
1304 2293 1330 2320 in
1354 2301 1434 2320 unam
1450 2301 1603 2328 personam.
1620 2294 1707 2329 Atque
1726 2295 1777 2323 hoc

989 2347 1055 2367 sane
1084 2340 1216 2367 denotatis
1243 2340 1425 2368 sanctus'ille
1453 2339 1623 2376 Cyrillus,ln
1650 2341 1777 2374 epistola,

988 2394 1069 2421 quam
1086 2386 1119 2413 ad
1134 2386 1274 2421 Eulogium
1301 2387 1421 2422 scripsit,
1446 2388 1507 2414 ait:
1529 2386 1575 2414 Sic
1600 2387 1668 2414 etin
1696 2395 1776 2416 causa

987 2430 1116 2458 Nt-storii.
1133 2431 1264 2464 Quamvis
1280 2432 1347 2459 duas
1365 2438 1487 2464 naturas,
1515 2433 1661 2460 discrimen
1687 2435 1777 2462 carnis

988 2481 1015 2503 et
1032 2476 1173 2504 Sermonis
1193 2478 1361 2513 signiﬁcans,
1376 2479 1447 2506 dicat
1463 2478 1525 2514 (alia
1540 2487 1654 2514 namque
1678 2486 1779 2508 natura.

988 2522 1129 2550 Sermonis
1140 2529 1191 2556 est,
1205 2525 1256 2551 alia
1269 2524 1380 2560 carnis),
1394 2525 1518 2552 unionem
1533 2530 1621 2553 tamen
1634 2526 1777 2553 nobiscum

988 2577 1040 2595 non
1058 2570 1211 2597 conﬁtetur.
1236 2569 1290 2598 Nos
1303 2571 1375 2596 enim
1392 2570 1434 2597 his
1456 2570 1554 2602 unitis,
1587 2579 1669 2598 unum
1696 2571 1776 2599 Cl'tri-

988 2618 1072 2647 stum.
1098 2623 1180 2642 unum
1194 2614 1304 2648 Filium,
1321 2623 1403 2643 unmn
1428 2615 1572 2642 Dominum
1594 2616 1774 2650 conﬁtemur;

986 2668 1068 2688 uuam
1094 2661 1209 2696 denique
1232 2666 1356 2688 naturam
1376 2661 1517 2689 Sermonis
1539 2662 1775 2702 incarnatam‘a'l'u

986 2707 1079 2742 igitur,
1093 2707 1171 2743 juxta
1195 2707 1325 2742 sapientis
1339 2707 1411 2736 illius
1435 2709 1587 2738 Salomonis
1614 2701 1777 2739 admonitio-

986 2761 1058 2787 nem,
1075 2761 1125 2781 nec
1141 2753 1177 2780 ad
1188 2753 1326 2780 sinistram
1341 2752 1486 2783 incesseris
1496 2775 1504 2788 ,
1521 2756 1568 2784 sed
1584 2755 1672 2783 media
1687 2756 1775 2790 regia-

985 2806 1038 2834 que
1053 2799 1107 2826 via.
1129 2798 1199 2826 Sunt
1215 2799 1287 2827 enim
1304 2805 1421 2836 quatuor
1435 2801 1558 2830 horreses-
1581 2809 1615 2830 ex
1641 2802 1776 2830 diametro

985 2846 1056 2872 ii-tt‘r
1071 2853 1100 2872 se
1133 2850 1283 2879 pugnantes
1305 2855 1311 2873 :
1328 2847 1388 2874 time
1403 2847 1435 2875 de
1449 2847 1599 2878 divinitate.
1623 2854 1654 2875 ac
1672 2847 1730 2876 dure
1743 2848 1777 2874 de
