1929 3076
113 76 164 108 147

820 79 1038 110 ΤΗΕΟΗΙΛΝῙ

1695 76 1746 110 148

111 134 231 162 humana
243 132 388 161 naturaJn
399 133 678 164 divinitateSabellins
692 135 801 170 quidem
815 136 904 162 aiebat

962 146 1003 164 ναι
1013 145 1020 151 ·
1033 135 1079 162 vitio
1098 136 1146 162 ἐπὶ
1166 135 1215 170 τῆς
1230 134 1358 170 θεότητος
1368 155 1376 167 ,
1391 134 1441 162 καὶ
1456 134 1502 162 δύο
1516 133 1561 161 ἐπὶ
1578 133 1627 168 τῆς
1641 133 1748 168 ἁνῦρω-

109 187 170 207 esse
182 183 306 206 naturam
319 187 411 212 unam,
427 185 453 207 ct
467 188 546 207 unam
559 181 715 216 hypostasin
729 189 736 214 ;
750 182 830 208 Arius
841 189 905 207 vero

111 231 166 254 tres
178 228 352 261 hypostases,
366 235 398 254 ac
410 232 466 255 tres
477 232 589 255 naturas
600 227 721 255 diversas
738 231 766 254 et
779 227 904 253 alicnasa

110 281 140 302 se
158 274 287 302 invicem.
304 273 358 301 Nos
378 281 443 301 vero
461 281 510 302 nec
526 274 552 302 in
574 282 658 301 unum
675 274 727 301 tria
745 274 906 301 commisce—

110 327 172 347 mus
199 328 234 348 ne
259 320 369 348 Sabellii
404 321 498 348 morbo
527 321 691 353 laboremus,
721 329 769 348 nec
793 321 820 348 in
854 321 904 348 tria

108 366 253 400 peregrina
284 371 312 394 et
346 367 432 394 aliena
471 367 543 394 inter
579 375 609 395 se
640 367 785 395 dividimus
812 375 845 394 ne
880 368 905 394 in

111 412 168 438 Arii
196 411 315 440 furorem
345 413 516 446 incidamus;
545 414 591 441 sed
613 419 736 441 naturam
766 421 846 439 tinam
879 413 905 440 in

111 459 197 486 tribus
240 460 433 495 liypostasibus
475 461 662 495 praedicamus.
707 461 824 487 Rursum
873 460 906 488 de

111 505 300 533 inexirnatione
334 507 379 534 Dei
420 507 559 534 Sermonis
593 507 668 534 velut
706 514 739 533 ex
773 506 907 533 diametro

111 552 183 579 inter
197 561 225 580 se
242 553 396 588 pugnabant
424 552 564 580 Nestorius
578 558 605 580 et
638 553 781 588 Eutychos.
802 552 907 586 Quippe

112 598 252 627 Nestorius
279 599 370 626 aiebat
392 600 460 626 duas
483 605 593 626 naturas
620 604 760 633 separatas
785 604 813 625 et
841 599 907 627 duas

113 653 256 679 personas,
284 651 312 673 et
339 647 405 673 duos
421 646 555 677 Christos,
579 650 607 675 et
623 645 691 673 duos
704 645 806 673 Filios:
822 645 906 680 Euty-

113 692 179 719 ches
192 700 255 720 vero
272 696 398 720 naturam
421 701 501 719 unam
519 697 544 719 et
568 700 647 719 tinam
665 692 833 728 hypostasin.
853 691 907 719 Nos

113 742 204 764 autem
219 738 334 764 dicimus
358 746 440 765 unam
460 738 630 773 hypostasin,
654 745 737 764 unum
756 736 906 768 Christum,

114 791 197 811 unum
214 783 324 815 Filium,
353 784 380 811 in
398 784 503 812 duabus
515 783 642 819 perfectis
659 784 778 816 naturis,
805 783 906 811 divini-

115 834 180 862 tate,
198 830 322 864 inquam,
338 835 364 858 et
376 830 554 862 immanitate.
568 829 785 864 inseparabiliter
796 834 823 856 et
838 829 905 856 citra
924 820 943 847 Β

115 875 302 904 confusionem
321 876 413 902 unitis.
426 876 520 911 itaque
540 875 636 903 semita
659 875 745 902 media
766 874 904 909 regiaque,

115 922 194 953 sicuti
210 922 340 953 diximus,
361 922 480 949 incedito
505 922 742 958 (quemadmodum
760 922 907 956 Gregorius

115 967 160 994 ille
178 968 332 1003 Thcologus
358 969 394 994 ait
411 977 418 995 :
434 968 549 995 Mutiillnt
575 976 636 995 cum
661 969 733 1001 dico,
764 969 906 995 veritatem

114 1014 247 1048 intelligo,
260 1015 293 1041 ad
308 1023 388 1049 quam
402 1015 486 1042 solam
502 1015 524 1042 si
540 1015 727 1048 respiciemus,
739 1020 812 1042 recte
825 1015 909 1043 facie-

118 1061 204 1094 mus),
220 1068 268 1088 nec
287 1067 329 1089 est
346 1062 417 1096 quod
438 1069 579 1090 numerum
595 1062 712 1089 duorum
734 1061 905 1089 rel'onni-les.

116 1106 347 1140 Quemadmodum
369 1108 452 1140 enim,
471 1116 532 1135 cum
551 1108 733 1136 indivinitate
750 1113 805 1136 tres
823 1109 908 1143 hypo-

116 1157 204 1178 stases
221 1152 346 1183 dicimus.
360 1152 459 1180 nullam
476 1158 580 1180 natura:
594 1154 754 1181 divisionem
768 1154 884 1181 facimus
899 1162 907 1181 :

116 1199 156 1225 sic
170 1202 197 1226 et
211 1199 239 1225 in
257 1199 306 1227 hac
323 1199 535 1234 dispensatione,
549 1208 611 1227 cum
629 1201 697 1228 duas
715 1204 826 1229 naturas
840 1201 909 1227 dici-

118 1253 188 1278 mus,
216 1245 317 1272 nullam
334 1246 418 1280 ipsius
435 1247 587 1282 hypostasis
605 1247 766 1274 divisionem
782 1247 906 1274 facimus.

117 1293 205 1326 Atque
235 1293 286 1320 hoc
309 1293 375 1322 illud
403 1299 455 1326 est,
481 1294 551 1328 quod
582 1293 729 1327 Gregorius
757 1294 909 1328 Theologus

117 1339 144 1365 in
162 1346 180 1366 n
208 1339 240 1366 ad
265 1339 425 1366 Cledonium
441 1340 511 1366 lihro
525 1340 591 1367 dicit
609 1349 616 1366 :
641 1340 705 1366 itico
727 1345 817 1366 autem
835 1340 908 1366 aliud

117 1390 200 1420 atque
211 1386 294 1416 aliud.
313 1394 389 1414 versa
404 1387 464 1414 vice
476 1391 557 1422 atque
571 1387 598 1414 in
612 1386 744 1414 Trinitate
758 1394 801 1415 res
816 1387 908 1414 habet.

117 1433 173 1460 lllic
189 1433 260 1460 enim
276 1433 346 1464 alius
359 1438 440 1468 atque
455 1433 537 1464 aiius.
559 1440 593 1460 ne
613 1433 773 1468 hypostases
795 1431 910 1458 coniun-
926 1444 929 1445 ν

957 184 1084 218 πότητος.
1103 183 1165 209 Ἐπὶ
1195 183 1244 219 μὲν
1256 183 1305 218 τῆς
1319 182 1457 217 Θεότητος,
1487 182 1501 209 ὁ
1534 182 1583 217 μὲν
1600 181 1746 212 Σαῦέλλιος

957 230 1034 264 ἔλεγε
1051 230 1115 265 μίαν
1130 229 1222 264 φύσιν,
1235 228 1283 255 καὶ
1296 228 1362 264 μίαν
1374 228 1524 255 ὑπόστασιν
1535 236 1541 242 ·
1559 228 1573 254 ὁ
1584 228 1612 254 δὲ
1625 228 1746 261 Ἄρειος,

955 278 1031 312 τρεῖς
1044 276 1278 308 ὑποστάσεις,κα“ι
1290 275 1365 310 τρεῖς
1378 274 1474 309 φύσεις
1487 273 1634 308 ἐκφύλους.
1650 273 1747 308 Ἡμεῖς

956 324 984 353 δὲ
1008 324 1070 350 οὔτε
1095 323 1135 354 εἰς
1161 322 1190 349 ἓν
1208 324 1241 350 τὰ
1266 323 1332 357 τρία
1353 321 1572 355 συναλείφομεν,
1589 321 1631 347 ἵνα
1647 320 1684 355 μὴ
1699 319 1747 346 τοῦ

956 370 1102 397 Σαϐελλίου
1127 370 1206 396 νόσον
1234 370 1411 404 νοσήσωμεν,
1438 368 1500 395 οἱτε
1527 367 1686 402 διαιροῦμεν
1706 367 1746 398 είς

955 418 1020 453 τρία
1035 417 1140 451 ἔκφυλα
1157 418 1204 443 καὶ
1227 416 1366 451 ἀλλότρια,
1391 415 1436 441 ἵνα
1457 414 1494 449 μὴ
1514 414 1548 440 τὰ
1568 413 1674 448 ’Λρείον
1693 421 1748 446 μα-

955 464 1064 498 νῶμεν³
1083 463 1151 490 ἀλλὰ
1169 462 1232 497 μίαν
1256 462 1337 497 φύσιν
1354 462 1384 487 ὲν
1399 461 1474 496 τρισὶ
1493 458 1748 496 κηρύττομενὺπο-

956 511 1079 537 στάσεσι.
1104 510 1188 536 Πάλιν
1214 509 1261 536 ἐπὶ
1288 509 1338 543 τῆς
1365 507 1602 542 ὲνανθρωπήσεως
1617 505 1664 532 τοῦ
1679 504 1749 532 Θεοῦ

957 556 1045 591 Λόγου
1057 555 1152 590 ὥσπερ
1166 555 1198 581 ὲκ
1211 542 1359 590 διαμέτρου
1378 553 1514 588 ἐμάχοντο
1529 551 1598 587 πρὸς
1613 542 1749 587 ἆλλήλους

956 603 1007 630 ὅτε
1020 602 1169 636 Νεστόριος
1184 602 1232 629 καὶ
1250 601 1265 627 ὁ
1280 599 1454 635 Εὑτυχής.’0
1472 598 1521 634 μὲν
1533 599 1588 634 γὰρ
1600 598 1748 631 Νεστόριος

956 649 1034 683 ἔλεγε
1047 648 1095 675 δύο
1109 647 1205 682 φύσεις
1222 646 1444 682 κεχωρισμένας,
1467 644 1515 677 καὶ
1539 644 1586 670 δύο
1600 643 1747 678 πρόσωπα.

957 696 1006 724 καὶ
1024 695 1071 722 δύο
1087 695 1235 730 Χριστοὺς,
1260 694 1309 721 καὶ
1337 693 1384 720 δύο
1400 692 1492 724 υἱούς·
1521 692 1535 718 ό
1557 690 1587 718 δὲ
1613 689 1748 724 Εὺτνχὴς.

959 743 1024 778 μίαν
1039 742 1132 778 φύσιν,
1166 741 1214 768 καὶ
1238 741 1304 776 μίαν
1332 739 1495 769 ὑπόστασιν.
1518 739 1615 773 Ἡμεῖς
1634 737 1663 766 δὲ
1683 737 1749 771 μίαν

959 791 1121 820 ὑπόστασιν.
1136 789 1184 815 ἕνα
1198 788 1328 823 Χριστὸν,
1347 787 1395 814 ἕνα
1408 787 1473 815 Υἱὺν
1489 787 1517 813 ὲν
1532 785 1578 812 δύο
1594 783 1692 819 φύσεσι
1706 792 1748 810 τε·

959 837 1056 869 λείαις,
1069 835 1177 870 Θεότητι
1191 834 1264 868 λέγω
1296 833 1343 860 καὶ
1370 831 1574 867 ἁνθρωττότητι,
1588 830 1749 865 ἁχωρίστως

958 884 1005 911 καὶ
1035 883 1198 918 ἁσυγχὺτως
1224 881 1390 916 ὴνωμέναις.
1423 878 1520 911 Βάδιζε
1536 877 1582 904 οὖν
1595 877 1644 912 τὴν
1661 875 1749 911 μέσην

959 930 1008 957 καὶ
1039 928 1196 965 βασιλικὴν,
1220 928 1257 959 ὡς
1288 926 1414 960 εἴπομεν,
1442 924 1537 959 τρίϐον
1564 923 1612 957 (ὥς
1634 930 1716 958 φησιν
1737 921 1751 946 ὁ

959 975 1092 1009 Θεολόγος
1111 974 1282 1010 Γρηγόριος·
1303 972 1449 1006 Μεσότητα
1474 970 1501 996 δὲ
1518 970 1582 996 ὅταν
1598 969 1677 998 εἴπω,
1699 967 1751 1003 τὴν

959 1023 1088 1057 ἀλήθειαν
1105 1021 1188 1054 λέγω,
1205 1019 1273 1054 πρὸς
1287 1019 1320 1054 ἢν
1335 1017 1446 1053 βλέπειν
1472 1015 1563 1046 καλῶς
1584 1014 1684 1049 ἔχομεν
1700 1013 1750 1047 μό-

960 1068 1032 1104 νην),
1061 1068 1100 1103 μὴ
1127 1066 1259 1102 φοϐηθεὶς
1283 1065 1328 1091 τὸν
1350 1062 1468 1098 ἀριθμὸν
1492 1062 1547 1088 τῶν
1569 1060 1626 1087 δύο.
1644 1060 1750 1093 Ὥσπερ

960 1115 1015 1149 γὰρ
1031 1114 1079 1140 sui:
1093 1113 1145 1147 τῆς
1174 1111 1311 1146 Θεότητος
1331 1111 1407 1145 τρεῖς
1432 1107 1598 1138 ὑποστάσεις
1613 1106 1750 1140 λέγοντες,

959 1162 990 1189 οὗ
1017 1160 1148 1195 ποιοῦμεν
1175 1158 1307 1192 διαίρεσιν
1324 1155 1451 1189 φύσεως·
1468 1153 1540 1182 οὕτω
1571 1153 1616 1180 καὶ
1633 1153 1680 1178 ἐπὶ
1700 1151 1752 1186 τῆς

960 1207 1116 1242 οἰκονομίας
1133 1205 1180 1232 δύο
1202 1204 1300 1238 φύσεις
1314 1203 1452 1236 λέγοντες,
1472 1201 1502 1227 οὑ
1524 1199 1656 1234 ποιοῦμεν
1680 1198 1752 1224 διαί-

961 1263 1037 1290 ρεσιν
1051 1252 1239 1283 ὑποστάσεως.
1254 1250 1310 1278 Καὶ
1321 1249 1401 1276 τοῦτό
1415 1247 1578 1280 ὲστιν,ὃπερ
1589 1248 1604 1273 ὁ
1619 1245 1752 1279 Θεολόγος

961 1300 1112 1336 Γρηγόριος
1137 1300 1167 1325 ὲν
1195 1297 1233 1332 τῷ
1257 1296 1326 1332 πρὸς
1359 1295 1506 1329 Κληδόνιον
1532 1292 1652 1327 δευτέρῳ
1680 1291 1752 1325 λόγῳ

961 1347 1046 1382 φησί·
1070 1346 1151 1379 Λέγω
1167 1344 1195 1370 δὲ
1210 1343 1286 1374 ἄλλο,
1312 1341 1433 1376 ἔμπαλιν
1456 1340 1472 1375 ἢ
1491 1339 1538 1366 ἐπὶ
1561 1338 1608 1373 τῆς
1635 1337 1752 1373 Τριάδος

962 1393 1031 1426 ἔχει.
1052 1391 1127 1417 Ἐκεῖ
1143 1391 1192 1424 μὲν
1210 1389 1265 1423 γὰρ
1293 1387 1373 1418 ἄλλος
1391 1387 1438 1413 καὶ
1463 1385 1554 1415 ἄλλος.
1584 1384 1629 1410 Eva.
1645 1385 1682 1417 μὴ
1702 1381 1753 1413 τὰς

962 1437 1127 1468 ὑποστάσεις
1148 1436 1319 1470 συγχέωμεν,
1337 1434 1389 1460 οὐκ
1409 1433 1475 1460 ἄλλο
1497 1431 1526 1458 δὲ
1544 1431 1592 1457 καὶ
1620 1430 1702 1457 ἄλλο’
1723 1428 1754 1454 ἓν

117 1480 233 1512 damus;
264 1486 317 1506 non
341 1484 430 1506 autem
453 1479 526 1506 aliud
546 1483 630 1512 atque
655 1478 748 1510 aliud;
776 1477 837 1512 quia
858 1477 909 1504 tria

962 1484 1015 1520 γὰρ
1039 1483 1074 1511 τὰ
1095 1482 1171 1518 τρία,
1202 1481 1249 1508 καὶ
1266 1479 1363 1507 ταυτὸν
1378 1480 1412 1515 τῇ
1430 1478 1548 1513 Θεότητι.
1575 1476 1630 1502 Καὶ
1654 1474 1753 1502 σκόπει

118 1530 182 1553 Sunt
202 1533 283 1552 unum
297 1531 324 1553 ct
343 1525 413 1552 idem
439 1524 529 1559 quoad
551 1524 731 1552 divinitatem.
745 1523 830 1551 Recte
847 1531 911 1550 vero

118 1572 261 1608 quamlibet
307 1571 400 1598 seriem
421 1572 565 1599 verborum
591 1571 711 1606 religiosi
731 1570 811 1604 hujus
837 1570 912 1596 theo-

119 1619 172 1654 logi
188 1618 349 1647 considera:
366 1618 440 1650 Dico,
457 1618 555 1652 inquit,
568 1617 594 1644 in
608 1616 730 1648 Christo,
747 1617 819 1643 aliud
830 1621 912 1649 atque

121 1664 204 1691 aliud.
227 1663 295 1691 Nam
322 1663 393 1690 aliud
411 1667 507 1689 neutro
522 1669 621 1697 genere
638 1662 769 1696 positum.
785 1664 910 1687 naturam

120 1711 274 1744 significat;
304 1710 426 1743 adeoque
447 1709 528 1735 aliam
545 1713 624 1743 atque
638 1709 719 1734 aliam
743 1711 867 1734 naturam
885 1707 911 1733 in

119 1757 229 1784 Christo
243 1756 320 1783 dicit.
332 1755 410 1782 Alius
422 1763 485 1784 vero
505 1754 641 1789 signiﬁcat
656 1754 823 1789 hypostasin.
849 1754 913 1780 Ideo

120 1803 238 1836 subjecit
262 1811 268 1829 ι
294 1802 351 1829 Νοιι
370 1802 438 1828 alius
462 1806 543 1834 atque
575 1801 655 1830 alius.
680 1799 850 1827 Etiam-illud
869 1799 914 1826 in-

120 1851 220 1884 ενὶεεε
244 1849 326 1876 Versa
340 1849 400 1876 vice
427 1854 509 1882 atque
537 1848 564 1874 in
589 1847 724 1886 Trinitate
752 1854 796 1874 res
822 1846 912 1875 habet.

122 1897 190 1923 Nam
207 1895 234 1923 in
257 1895 393 1922 Trinitate
412 1902 465 1921 una
486 1898 581 1925 natura
605 1898 656 1925 est.
677 1893 724 1921 sed
741 1901 791 1919 non
820 1893 912 1920 itidem

123 1953 174 1972 una
203 1943 366 1980 hypostasis.
397 1942 426 1969 In
442 1942 551 1969 Christo
570 1946 658 1968 autem
686 1947 739 1967 una
761 1940 914 1975 hypostasis

121 1995 176 2021 est,
192 1995 219 2016 at
233 1997 287 2016 non
308 1989 400 2016 itidem
419 1995 472 2015 Una
491 1992 598 2014 natura.
622 1987 677 2014 lloc
689 1986 792 2013 scilicet
805 1987 914 2012 denotat

121 2036 203 2063 illud:
219 2034 285 2062 Vice
294 2042 382 2062 versa.
394 2033 461 2062 Nam
473 2034 507 2060 ibi
524 2037 619 2060 natura
633 2041 686 2059 una
697 2038 790 2064 eSI,ac
802 2037 856 2059 tres
866 2032 915 2066 hy-

122 2087 246 2116 postases
261 2089 268 2107 :
282 2081 325 2108 hic
339 2085 429 2108 autem
442 2087 494 2106 una
509 2080 675 2115 hypostasis,
685 2083 712 2106 et
727 2078 786 2105 dum
797 2081 913 2105 natum.

962 1531 1054 1563 καλῶς
1074 1529 1193 1564 ἑκάστην
1208 1527 1285 1560 τάξιν
1299 1526 1349 1554 τοῦ
1363 1525 1438 1561 ιεροῦ
1464 1524 1602 1557 θεολόγου.
1618 1523 1699 1556 Λέγω
1712 1521 1751 1552 δὲ,

964 1578 1058 1613 φησὶν,
1075 1577 1122 1602 ἐπὶ
1136 1575 1184 1602 τοῦ
1203 1573 1324 1609 Χριστοῦ
1339 1572 1404 1600 ἄλλο
1421 1571 1468 1599 καὶ
1479 1570 1554 1598 ἄλλο.
1567 1569 1604 1596 Τὸ
1618 1569 1672 1603 γὰρ
1688 1567 1755 1594 ἄλλο

963 1621 1113 1655 οὐδετέρως
1129 1619 1282 1654 τιθέμενον,
1295 1617 1345 1653 τὴν
1360 1616 1442 1651 φύσιν
1458 1615 1544 1650 δηλοῖ,
1572 1615 1633 1648 ἦτοι
1655 1613 1755 1648 ἑτέραν

963 1669 1012 1696 καὶ
1039 1667 1136 1702 ἑτέραν
1162 1666 1244 1701 φύσιν
1271 1665 1319 1691 ἐπὶ
1339 1663 1386 1691 τοῦ
1408 1661 1528 1698 Χριστοῦ
1553 1661 1645 1695 λέγει’
1672 1659 1703 1686 τὺ
1723 1658 1754 1685 δὲ

964 1713 1055 1746 ἄλλος,
1070 1713 1199 1748 σημαίνει
1211 1712 1261 1746 τὴν
1277 1711 1437 1738 ὑπόστασιν.
1462 1709 1506 1736 Διὸ
1531 1708 1680 1743 ἐπήγαγεν·
1696 1706 1755 1733 Οὐκ

964 1761 1043 1792 ἀλλος
1058 1761 1106 1788 καὶ
1119 1760 1209 1791 ἄλλος.
1225 1759 1297 1794 Ὅρα
1327 1758 1356 1785 δὲ
1378 1757 1426 1784 καὶ
1451 1756 1492 1789 τὸ,
1512 1754 1651 1790 Ἐμπαλιν
1671 1754 1687 1788 ἦ
1708 1753 1756 1779 ἐπὶ

964 1807 1014 1839 τῆς
1029 1807 1145 1843 Τριάδος
1162 1806 1229 1841 ἔχει.
1253 1805 1317 1832 Ἐπὶ
1342 1804 1392 1839 μὲν
1409 1803 1464 1838 γὰρ
1492 1802 1543 1838 τῆς
1571 1801 1687 1837 Τριάδος
1706 1800 1755 1835 μία

965 1852 1046 1887 φύσις
1068 1852 1144 1878 ἐστὶν
1155 1871 1162 1882 ,
1179 1851 1237 1878 ἀλλ’
1256 1850 1317 1886 οὐχ).
1344 1850 1391 1877 καὶ
1411 1849 1460 1885 μία
1476 1848 1627 1877 ὑπόστασις
1638 1855 1645 1861 ·
1662 1845 1709 1872 ἐπὶ
1726 1844 1755 1871 δὲ

965 1900 1012 1927 τοῦ
1032 1899 1164 1935 Χριστοῦ,
1197 1898 1244 1933 μία
1274 1897 1435 1928 ὑπόστασις,
1466 1895 1524 1922 ἀλλ’
1546 1894 1607 1929 οὐχὶ
1633 1893 1681 1919 καὶ
1707 1892 1756 1926 μία

966 1947 1059 1984 (ῥύσις.
1077 1947 1132 1973 Καὶ
1144 1946 1223 1972 τοῦτό
1237 1946 1296 1971 ἐστι
1312 1944 1356 1976 τδ,
1383 1942 1514 1978 ἔμπαλιν.
1539 1942 1616 1968 Ἐκεῖ
1633 1940 1683 1975 μὲν
1702 1939 1756 1973 γὰρ

969 1994 1019 2029 μία
1035 1993 1127 2028 φύσις,
1148 1992 1196 2019 καὶ
1213 1992 1290 2026 τρεῖς
1309 1990 1493 2020 ὑποστάσεις·
1519 1986 1638 2014 ἐνταῦθα
1656 1985 1684 2012 δὲ
1706 1984 1757 2019 μία

967 2040 1119 2071 ὑπόστασις
1139 2039 1187 2065 καὶ
1206 2038 1254 2064 δύο
1273 2037 1381 2072 φύσεις.

159 2174 206 2201 llis
226 2173 316 2205 dictis,
343 2171 566 2207 religiosissimus
589 2171 732 2206 episcopus
753 2169 909 2205 Gregorius,

1001 2163 1113 2191 Τούτων
1145 2162 1302 2198 ῥηθέντων,
1333 2162 1347 2188 ὁ
1376 2158 1575 2188 εὑλαόέστατος
1608 2155 1765 2188 ἐπίσκοπος

123 2220 286 2250 sanctissimi
309 2220 452 2248 Generalis
468 2218 658 2252 consobrinus,
674 2225 740 2245 voce
754 2224 849 2250 magna
864 2223 913 2242 ex-

123 2267 257 2294 clamabat
273 2275 280 2293 :
299 2265 355 2301 Ego
369 2265 507 2292 Romanus
524 2272 597 2291 sum.
631 2264 784 2291 Anathcma
805 2269 856 2289 non
870 2261 912 2288 di-

122 2314 194 2341 centi
203 2314 271 2340 duas
287 2313 315 2340 in
327 2312 434 2340 Christo
446 2311 575 2339 naturas!

161 2403 294 2431 Postridie
321 2402 542 2436 religiosissimus
560 2400 677 2435 Sappirii
708 2401 851 2433 cpiscopus
865 2399 915 2425 ad-

123 2451 198 2478 venit
213 2458 220 2476 :
242 2450 332 2484 itaque
350 2456 412 2476 cum
430 2447 476 2475 illo
491 2446 634 2474 Generalis
649 2453 772 2473 seorsum
794 2451 825 2471 ea
842 2451 916 2471 com-

124 2497 303 2526 municabat,
330 2502 390 2530 qute
423 2495 456 2521 de
483 2492 622 2528 proposita
659 2491 809 2526 qumstione
845 2490 914 2517 dicta

123 2543 248 2570 fuissent.
264 2541 352 2569 Etiam
375 2540 495 2568 ostendit
519 2540 542 2566 ci
557 2544 735 2573 quascunque
759 2540 914 2563 sanctorum

124 2589 264 2617 hominum
292 2581 468 2616 auctoritates
497 2586 623 2617 habebat,
647 2584 713 2612 duas
742 2583 770 2611 in
808 2582 916 2610 Christo

125 2640 238 2662 naturas
263 2635 420 2662 dicentium.
438 2634 474 2661 At
489 2633 521 2666 is,
535 2631 608 2666 quod
628 2630 747 2659 disertus
772 2634 854 2662 esset,
883 2629 916 2655 ad

124 2682 229 2709 libitum
256 2688 333 2708 suum
361 2688 407 2708 eas
435 2679 614 2713 pervertebat.
634 2677 727 2712 itaque
748 2684 809 2704 ctnn
827 2675 916 2704 Gene-

125 2728 191 2755 ralis
208 2736 270 2755 eum
295 2727 371 2754 valde
391 2727 574 2757 resistentent,
596 2734 629 2752 ac
647 2728 841 2759 repugnantem
868 2723 916 2750 de-

124 2775 308 2810 prehendeget
320 2794 327 2805 ,
355 2781 405 2806 nos
430 2773 599 2802 arcessebat,
615 2776 644 2798 et
659 2772 701 2798 his
717 2771 806 2798 verbis
824 2769 916 2796 uteba-

125 2824 170 2847 tur
187 2819 301 2847 2Petrus
317 2820 358 2848 hic
375 2820 529 2853 episcopus,
545 2817 590 2851 qui
603 2825 722 2850 praesens
734 2821 786 2850 est,
798 2815 915 2848 colloqui

966 2211 1130 2247 Γρηγόριος,
1159 2210 1173 2236 ὁ
1201 2208 1248 2235 τοῦ
1275 2207 1430 2242 ἁγιωτάτου
1464 2203 1609 2232 καθολικοῦ
1635 2201 1756 2236 ἀνεψιὸς,

965 2258 1065 2293 ἐϐόησε
1090 2257 1168 2292 φωνῇ
1191 2255 1316 2291 μεγάλῃ’
1339 2253 1410 2288 Ἐγὼ
1429 2251 1566 2287 Ῥωμαῖός
1589 2251 1668 2285 ειμι·
1688 2248 1755 2275 ἀνά-

966 2304 1038 2339 θεμα
1053 2303 1091 2338 τῷ
1108 2302 1146 2338 μὴ
1160 2301 1268 2336 λέγοντι
1295 2299 1341 2327 δύο
1353 2299 1450 2333 φύσεις
1463 2298 1495 2323 ὲν
1510 2297 1550 2332 τῷ
1562 2294 1683 2331 Χριστῷ.

1002 2396 1043 2430 Τῇ
1069 2393 1201 2429 ἐπαύριον
1228 2389 1310 2428 ἦλθεν
1338 2391 1352 2416 ὸ
1379 2389 1579 2419 εὐλαϐέστατος
1604 2386 1756 2416 ἐπίσκοπος

968 2441 1132 2476 Σαππιρίου.
1164 2438 1378 2466 Ἀνεκοινώσατο
1407 2435 1453 2462 οὖν
1474 2434 1550 2470 αὐτῷ
1572 2433 1586 2459 ὁ
1613 2431 1756 2462 καθολικὺς

967 2489 1050 2524 χωρὶς
1065 2487 1143 2521 ἡμῶν
1155 2486 1188 2512 τὰ
1202 2484 1353 2520 λαληθέντσ.
1370 2484 1431 2517 περὶ
1445 2481 1492 2508 τοῦ
1506 2480 1688 2516 προκειμένου
1707 2478 1757 2513 ζη-

967 2536 1098 2569 τήματος.
1126 2532 1230 2564 Ἔδειξε
1255 2531 1288 2570 δὲ’
1308 2530 1382 2564 αὑτῷ
1403 2529 1451 2556 καὶ
1478 2528 1544 2558 ὅσας
1566 2524 1623 2561 εἶχε
1645 2525 1758 2560 χρήσεις

968 2582 1064 2616 ἁγίων,
1088 2580 1135 2607 δύο
1158 2578 1291 2613 λεγούσας
1312 2577 1409 2612 φύσεις
1430 2577 1459 2602 ὲν
1474 2575 1513 2610 τῷ
1540 2573 1661 2609 Χριστῷ.
1684 2572 1714 2599 '0
1729 2572 1759 2599 δὲ

967 2629 1127 2663 διέστρεφεν
1142 2627 1238 2658 αὑτὰς,
1259 2625 1349 2659 λόγιος
1366 2624 1414 2654 ὣν.
1430 2624 1468 2652 εἰς
1483 2622 1513 2649 τδ
1524 2621 1624 2649 ἑαυτοῦ
1641 2621 1758 2655 Θέλημα.

974 2675 1018 2706 Ὡς
1034 2674 1079 2701 οὖν
1093 2670 1172 2708 ε’ὑρεν
1188 2672 1269 2699 αὑτὸν
1283 2672 1297 2699 ὁ
1312 2670 1457 2702 καθολικὸς
1474 2668 1597 2704 σφοδρῶς
1614 2667 1759 2702 ἐνιστάμε-

969 2731 1013 2748 νον
1041 2721 1089 2747 καὶ
1113 2718 1337 2749 ἀντιπαλαίοντα,
1364 2716 1568 2750 μετεκαλέσατο
1598 2715 1685 2749 ἡμᾶς.
1711 2714 1760 2740 καί

969 2776 1037 2802 φησι
1054 2766 1122 2801 πρὸς
1140 2766 1213 2799 ἡμᾶς
1225 2772 1232 2779 ”
1256 2764 1285 2790 ’0
1308 2763 1406 2798 παρὼν
1429 2762 1578 2792 ἐπίσκοπος
1595 2760 1700 2794 Πέτρος
1714 2759 1760 2784 θέ-

969 2813 1008 2841 λει
1034 2813 1103 2846 μετὰ
1129 2810 1176 2838 σοῦ
1201 2810 1376 2844 διαλεχθῆναι
1402 2808 1466 2842 περὶ
1495 2807 1578 2842 μέσον
1606 2805 1685 2841 ἡμῶν
1711 2805 1759 2832 καὶ
