1929 3076
131 95 185 128 149

129 153 210 188 ὑμῶν
234 150 402 180 ὑποθέσεως.
423 149 520 183 Ἔλεγε
544 154 600 184 γαρ
625 147 665 174 ὅτι
679 147 692 174 ὁ
705 147 734 173 ὲν
756 146 845 181 ἁγίοις
866 144 924 172 Κύ-
940 150 963 177 Α

131 198 223 233 ριλλος
239 197 305 232 μίαν
321 196 403 230 φύσιν
415 195 491 229 λέγει
502 195 572 230 μετὰ
579 193 629 230 τὴν
641 193 749 221 ἕνωσιν.

173 287 202 315 '0
216 287 314 314 ΘΕΩΡ.
337 286 394 313 Ποῦ
411 286 484 320 λέγει
499 285 589 318 τοῦτο,
606 284 726 312 δέσποτα
747 283 893 316 ἐπίσκοπε,
914 284 928 309 ὁ

129 334 209 368 ἅγιος
226 334 381 369 Κύριλλοςς

172 381 202 407 '0
223 381 348 408 'EIIIEK.
377 381 422 408 'Ev
437 382 470 415 τῇ
486 380 600 416 δευτέρᾳ
613 381 682 414 πρὸς
699 379 848 407 Σοῦκενσον
864 380 927 406 ἑπι-

130 428 226 462 στολῇ,
250 427 322 454 κατὰ
340 427 395 453 τῶν
417 427 554 461 λεγόντων
567 436 575 443 σ
593 428 624 454 El
653 427 702 462 μία
729 427 811 460 φύσις
827 426 926 461 γέγονε

131 474 203 507 μετὰ
221 473 271 507 τὴν
287 473 394 504 ἕνωσιν,
415 473 522 508 ἀνάγκη
540 473 635 500 παθεῖν
646 473 728 500 αὐτὸν
741 474 780 502 εἰς
793 472 842 508 τὴν
859 472 928 499 ἰδίαν

130 519 216 554 φύσιν
233 528 240 535 ·
256 518 328 545 οὕτω
347 519 417 545 κατὰ
443 519 518 554 ῥῆμά
544 527 622 553 φησι.
644 519 712 545 Ποῖα
724 518 814 545 τοίνυν
829 517 927 545 παθεῖν

130 566 216 593 αὑτὸν
241 566 352 601 ἀνάγκη
369 567 410 598 εἰς
439 566 507 593 ἰδίαν
524 567 606 601 φύσιν
625 567 650 593 εἱ
664 566 771 601 λέγοιτο
792 567 862 601 μετὰ
878 566 928 602 τὴν

129 613 231 638 ἒνωσιν
258 611 307 646 μία
333 613 414 646 φύσις
436 612 502 638 Υἱοῦ
528 613 748 649 σεσαρκωμένη;
774 613 857 649 Ὁρᾷς
885 613 927 639 ὅτι

131 658 203 693 μετὰ
217 658 267 694 τὴν
278 659 378 685 ἕνωσιν
397 658 462 694 μίαν
481 658 565 693 φύσιν
582 658 670 693 λέγει.

174 747 206 775 '0
222 748 320 774 ΘΕΩΡ.
339 749 394 775 Καὶ
408 749 474 775 ποία
491 749 566 776 ἐστὶν
583 750 599 786 ἡ
617 750 670 776 ἰδία
685 750 767 785 φύσις
781 751 829 778 τοῦ
847 751 924 785 Υῐοῦ,

130 795 174 826 εις
188 794 222 830 ἣν
235 795 284 820 οὐκ
296 794 371 821 ἐστιν
387 795 495 830 ἀνάγκη
510 796 607 823 παθεῖν
622 797 704 823 αὑτόν
716 806 724 830 ;

175 841 206 867 '0
226 841 353 868 ‘EUIEK.
372 841 405 868 Ἠ
417 841 514 876 θεότης
533 842 581 869 τοῦ
600 842 676 871 Υἱοῦ.

174 886 204 914 '0
218 886 318 914 ΘΕΩΡ.
360 887 419 914 Οὐκ
445 887 548 915 ἔπαθεν
580 888 627 915 οὖν
658 890 673 916 ὁ
699 889 764 922 Υἱὸς
794 890 834 923 εἱς
859 891 929 919 Ιδίαν

132 941 355 996 φἸῗόνκΙΞΣΠΙΣΙΩ
369 969 415 1004 Μὴ
430 969 553 1003 γένοιτοι
567 971 584 1006 ἡ
599 972 654 1007 γὰρ
663 971 723 998 θεία
739 973 820 1008 φύσις
834 973 863 999 οὐ
881 974 930 1000 πέ-

133 1022 204 1048 φυκε
222 1015 348 1049 πάσχειν.

179 1059 211 1086 Ὀ
225 1060 325 1088 ΘΕΩΡ.
344 1061 451 1089 Ἐπαοε
467 1062 496 1089 δὲ
515 1062 592 1099 ὅμως
606 1064 668 1090 κατ’
688 1064 820 1101 ἀλήθειαν
832 1066 846 1093 ό
859 1066 928 1102 Χρι-

134 1106 198 1137 στός
209 1115 217 1139 ς
792 1130 801 1134 -

177 1152 207 1180 '0
230 1153 356 1182 ‘EHIZK.
375 1155 439 1189 Ναὶ,
463 1156 522 1183 ἀλλ’
536 1158 576 1190 εἰς
599 1158 650 1194 τὴν
676 1157 815 1195 ἡμετέραν
835 1159 926 1195 φύσιν·

133 1198 203 1234 αὕτη
221 1200 277 1236 γὰρ
287 1200 394 1235 πέφυκε
410 1203 540 1238 πάσχειν.

177 1247 208 1272 '0
225 1247 393 1276 BEﬂPuAdo
405 1247 453 1275 οὖν
470 1249 550 1285 ἔσχεν
564 1250 578 1278 ὀ
595 1251 713 1287 Χριστὸς
733 1252 838 1287 φύσεις,
863 1254 928 1289 μίαν

134 1295 294 1328 πεφυκυῖαν
316 1295 443 1331 πάσχειν,
468 1297 516 1323 καὶ
545 1297 611 1331 μίαν
631 1298 668 1333 μὴ
692 1300 848 1334 πεφυκυῖαν
873 1300 928 1327 πά-

135 1347 223 1374 σχειν.

176 1387 223 1414 Ἐν
237 1387 344 1420 τούτοις
362 1389 409 1416 τοῦ
436 1389 637 1418 εὖλαϐεστάτου
657 1392 763 1428 Πέτρου
787 1393 927 1428 φιμωθέν-

134 1441 191 1464 τος.
205 1434 328 1467 ἀναστὰς
347 1436 361 1461 ὁ
375 1436 478 1464 ἄνωθεν
493 1437 588 1472 ῥηθεὶς
605 1438 802 1471 εὺλαῧέστατος
816 1440 928 1467 ἐπίσχο-

135 1487 186 1528 ξος
198 1480 360 1528 Γρηγόριος.
376 1481 428 1517 ἔφη
444 1491 451 1498 ·
467 1481 540 1516 Ἐγὼ
554 1483 690 1519 Ῥωμαῖός
708 1485 775 1520 ειμι,
792 1485 839 1512 καὶ
850 1485 888 1518 ὡς
902 1487 928 1513 οι
941 1497 964 1528 c

138 1523 271 1560 Ῥωμαῖοι
285 1527 389 1562 φρονῶ.

943 825 963 855 Β

171 1572 226 1598 Καὶ
243 1574 304 1608 μεθ’
319 1574 427 1610 ἡμέρας
452 1576 499 1603 δύο
516 1577 597 1604 πάλιν
616 1578 832 1614 μετακληθέντες
843 1580 926 1615 ἀνήλ-

135 1618 219 1654 θομεν
234 1621 274 1651 εἰς
290 1621 321 1647 τὺ
337 1621 463 1657 ὑπερῷον
479 1624 549 1658 πρὸς
571 1624 618 1651 τὸν
638 1624 791 1659 ἁγιώτατον
807 1626 927 1653 Καθολι-

134 1664 193 1696 κδν,
217 1666 266 1692 καὶ
283 1667 473 1695 καθεσθέντων
496 1668 586 1704 ἡμῶν,
614 1667 674 1696 εἷπε
702 1671 770 1706 πρὸς
800 1670 904 1704 πάντας
918 1680 926 1688 ·

134 1711 193 1738 Οὐκ
213 1711 290 1739 ἐστιν
307 1713 420 1748 οὐδεμία
433 1715 595 1749 ἀμφιϐολία,
612 1716 659 1742 δύο
679 1716 777 1751 φύσεις
795 1717 886 1752 λέγειν
899 1719 927 1745 ἐν

133 1757 173 1792 τῷ
187 1758 312 1794 Χριστῷ,
326 1759 374 1786 ἐὰν
389 1761 533 1795 ἡνωμένας
548 1761 650 1793 ταύτας
660 1762 837 1797 ὁμολογῶμεν
852 1764 928 1790 ἀδια-

134 1805 266 1836 σπάστως
292 1807 334 1837 εἰς
361 1807 425 1842 μίαν
449 1807 610 1838 ὑπόστασιν.
633 1808 706 1835 καθά
720 1817 803 1843 φησιν
817 1810 830 1835 ὁ
850 1810 927 1843 ἅγιος

133 1851 281 1886 Κύριλλος,
294 1851 323 1878 έν
342 1854 376 1889 τῇ
402 1853 497 1889 πρώτῃ
514 1854 582 1888 πρὸς
603 1854 752 1881 Σούκενσον
785 1856 925 1891 ἐπιστολῇ,

133 1899 241 1926 Οὐκοῦν
255 1901 317 1927 ὅσον
336 1900 386 1935 μὲν
398 1899 466 1936 ἧκεν
482 1902 523 1933 εἰς
541 1901 648 1929 ἔννοιαν
665 1902 713 1928 καὶ
732 1902 773 1934 εἰς
798 1903 881 1937 μόνον
897 1905 926 1930 τὸ

132 1947 202 1981 όρᾷν
217 1947 273 1978 τοῖς
286 1948 336 1982 τῆς
348 1947 438 1982 ψυχῆς
452 1947 558 1983 δμμασι
583 1947 645 1974 τινα
671 1949 771 1984 τρόπον
787 1949 925 1985 ὲνηνθρώς

133 2000 224 2026 πησεν
243 1993 257 2018 ὁ
280 1993 447 2028 Μονογενὴς,
473 1993 523 2025 τὰς
549 1994 595 2020 δύο
618 1993 715 2029 φύσεις
738 1993 810 2022 εῐναί
835 2005 926 2031 φαμεν

132 2037 284 2069 ἑνωθεῑσας
297 2045 304 2053 ·
318 2039 366 2065 ἕνα
381 2039 409 2065 δὲ
429 2039 557 2074 Χριστὸν.
578 2040 625 2066 καὶ
647 2040 721 2072 Υῐὸν,
744 2041 790 2068 καὶ
811 2042 925 2078 Κύριον,

133 2084 182 2110 τὸν
196 2084 244 2111 τοῦ
261 2084 330 2110 Θεοῦ
344 2085 433 2118 Λόγον
450 2085 705 2121 ὲνανθρωπήσαντα
720 2087 768 2114 καὶ
784 2096 927 2124 σεσαρκω-

133 2131 229 2165 μένον.
255 2131 336 2158 Ἀλλὰ
350 2131 381 2166 δὴ
400 2132 448 2158 καὶ
464 2132 564 2165 πάντες
576 2133 600 2159 οἱ
616 2133 665 2168 τῆς
686 2134 852 2169 Ἐκκλησίας
865 2144 924 2170 φω-

132 2177 247 2211 στῆρες,
272 2175 309 2204 ὧν
326 2178 383 2205 ἄνω
400 2179 414 2205 ὁ
436 2179 582 2213 φιλόσοφος
605 2179 654 2208 τὰς
685 2180 799 2216 χρήσεις
822 2181 922 2216 ἤγαγε,
941 2177 963 2205 Ι)

129 2223 214 2251 τοῦτο
228 2224 380 2261 διαρρήδην
396 2225 490 2261 βοῶσι.
506 2227 561 2253 Καὶ
577 2226 671 2254 λοιπὸν
685 2228 743 2259 τοῖς
771 2229 923 2263 προφανέσι

131 2271 181 2298 καὶ
201 2273 332 2307 φανεροῖς
347 2273 559 2309 ὰντιμάχεσθαι,
583 2274 631 2301 καὶ
644 2274 784 2309 ἀληθέσιν,
800 2276 851 2302 οὐκ
866 2276 923 2302 ἔστι

130 2318 312 2352 Χριστιανοΰ.
337 2319 393 2345 Καὶ
408 2320 473 2355 περὶ
489 2319 538 2355 μὲν
553 2320 659 2347 τούτων
677 2321 731 2347 ἀπὸ
752 2321 799 2347 τοῦ
813 2321 861 2348 νῦν
876 2331 922 2349 κο-

130 2364 198 2399 πτᾷν
216 2363 246 2390 οὐ
261 2363 340 2398 θέμις
351 2371 357 2378 ·
373 2364 440 2391 ἀλλὰ
455 2364 481 2391 τί
496 2365 597 2392 κωλύει
607 2367 654 2392 καὶ
665 2365 710 2392 δύο
719 2367 814 2399 φύσεις
827 2367 922 2402 ὁμολο-

130 2411 202 2444 γεῖν,
219 2409 266 2436 ἐπὶ
283 2409 329 2436 τοῦ
348 2410 408 2442 ἐνὸς
429 2410 559 2444 Χριστοῦ,
583 2412 629 2438 καὶ
649 2413 712 2448 μίαν
730 2413 821 2448 φύσιν,
833 2414 876 2441 διὰ
892 2415 923 2441 τὸ

129 2456 288 2491 ἀδιαίρετον
314 2456 361 2483 καὶ
395 2456 548 2492 ἀχώριστον
570 2458 620 2492 τῆς
645 2459 698 2485 τῶν
722 2459 832 2493 φύσεων
854 2460 916 2487 ἐνὼ-

131 2513 221 2536 σεωςς
247 2503 413 2539 εὑρίσκομεν
435 2504 488 2540 γὰρ
514 2505 560 2531 τὸν
576 2504 654 2539 ἅγιον
682 2506 816 2540 Κύριλλον
836 2508 865 2534 ὲν
888 2509 921 2543 τῇ

129 2551 248 2586 δευτέρᾳ
268 2550 339 2586 πρὸς
351 2550 501 2577 Σούκενσον
517 2551 656 2587 ιὲπιστολῇ
673 2552 745 2578 οὓτω
769 2553 863 2588 σαφῶς
879 2553 923 2580 λέ-

129 2606 236 2633 γονται
260 2598 298 2625 Οὑ
318 2597 374 2632 γὰρ
391 2597 438 2624 ἐπὶ
456 2597 547 2632 μόνων
569 2598 623 2625 τῶν
639 2598 733 2625 ἁπλῶν
754 2599 826 2626 κατὰ
842 2599 922 2635 φύσιν

127 2647 159 2673 τὸ
173 2644 203 2673 ἓν
218 2645 330 2680 ἀληθῶς
345 2645 466 2679 λέγεται,
489 2644 557 2671 ἀλλὰ
577 2645 622 2671 καὶ
640 2645 687 2671 ἐπὶ
704 2644 758 2672 τῶν
773 2646 844 2673 κατὰ
859 2646 922 2673 σύν-

128 2694 205 2719 οεσιν
226 2692 417 2727 συνηγμένων.
448 2691 557 2718 ὐποτόν
579 2700 604 2718 τι
627 2691 723 2726 χρῆμά
747 2692 823 2719 ἐστιν
847 2692 861 2719 ὁ
877 2692 924 2719 ἄν-

128 2740 239 2775 Θρωπος
254 2740 286 2765 ἑκ
299 2738 390 2773 ψυχῆς
402 2737 449 2764 καὶ
465 2737 602 2772 σώματος.
625 2737 780 2773 Ἐτεροειδῆ
806 2739 854 2773 μὲν
868 2738 922 2774 γὰρ

127 2783 162 2808 τὰ
183 2782 310 2812 τοιαῦτα,
334 2781 382 2808 καὶ
400 2782 528 2816 ἀλλήλοις
552 2782 600 2817 οὐχ
617 2783 749 2817 discedet:
763 2791 769 2797 '
788 2783 923 2810 ἑνωθέντα

130 2839 160 2863 γε
177 2829 244 2865 μὴν,
258 2829 325 2864 μίαν
338 2827 486 2863 ἀνθρώπου
509 2827 590 2862 φύσιν
612 2829 790 2857 ἀπετέλεσαν,
815 2830 924 2865 Ἐπειδὴ

810 87 1043 120 DlSPUTATIO
1064 86 1084 117 ῐ.

1719 80 1770 112 150

980 148 1067 171 tecum
1097 149 1130 169 ac
1157 149 1326 176 argumento,
1344 139 1415 175 quod
1437 138 1509 166 inter
1530 145 1580 165 nos
1608 141 1769 168 tractamus,

979 191 1063 226 cupit.
1076 190 1121 217 Ait
1139 189 1231 223 enim,
1259 193 1383 217 sanctum
1410 187 1498 213 virum
1524 184 1656 221 Cyrillum
1685 193 1766 210 unum

978 238 1071 266 dicere
1090 242 1214 264 naturam
1236 241 1296 270 post
1309 235 1467 263 unitionem.

1014 283 1142 311 THEOR.
1164 282 1278 310 Ubinam
1296 282 1358 316 hoc,
1372 281 1480 309 domine
1496 280 1634 316 episcope,
1659 281 1770 305 sanctus

978 328 1095 363 (iyriltns
1110 327 1195 355 dicit?

1016 374 1125 403 EPISC.
1150 375 1177 402 ln
1205 374 1324 402 secunda
1340 375 1373 401 ad
1392 374 1554 402 Successum
1573 372 1699 408 epistola,
1719 370 1769 397 ad-

978 429 1073 450 versus
1100 429 1148 449 eos
1177 422 1223 457 qni
1245 421 1360 450 dicunt:
1377 421 1404 448 Si
1435 428 1488 447 una
1510 423 1607 446 natura
1633 419 1703 445 facta
1726 421 1769 445 est

978 473 1039 503 post
1067 469 1229 502 unitionem,
1258 476 1369 497 necesse
1396 471 1437 496 est
1456 475 1518 495 eum
1548 467 1575 494 in
1598 471 1694 494 natura
1718 473 1768 494 sua

977 524 1103 551 passum;
1130 517 1168 545 sic
1194 517 1228 545 ad
1254 515 1366 544 verbum
1393 515 1429 543 ait
1458 513 1578 548 :Qualia
1607 520 1671 541 vero
1707 519 1770 547 pas-

978 572 1037 592 sum
1067 564 1154 599 ipsum
1182 553 1223 591 in‘
1242 569 1338 591 natura
1366 561 1474 598 propria
1504 567 1614 587 necesse
1649 563 1710 590 est,
1745 558 1768 585 si

979 616 1038 645 past
1055 611 1214 643 nnitionem,
1232 620 1282 637 una
1299 610 1357 638 Filii
1374 612 1469 636 natura
1487 607 1592 634 dicatur
1606 604 1771 634 incarnata‘i

979 656 1115 688 Videsne,
1148 657 1218 690 quod
1246 661 1306 690 post
1332 656 1498 686 unitionem,
1530 660 1610 680 unam
1644 655 1768 679 naturam

979 702 1074 730 dicat?

1015 747 1141 776 'l‘ilEOlt.
1158 749 1190 776 Et
1201 756 1323 783 qumnaut
1338 752 1380 774 est.
1395 747 1440 774 illa
1456 747 1566 782 propria
1584 744 1646 773 Filii
1659 749 1770 778 natura,

980 795 1006 822 ἰιι
1020 804 1070 828 qua
1088 803 1199 823 necesse
1212 803 1264 822 non
1283 800 1333 828 est,
1352 802 1412 822 eum
1434 802 1493 822 esse
1506 792 1636 829 passum?

1016 840 1123 868 EPISC.
1143 841 1277 868 Divinitas
1293 840 1364 868 Filii.

1016 885 1144 914 THEOR.
1161 886 1232 923 Ergo
1257 887 1341 914 Filius
1357 886 1383 914 in
1407 890 1503 912 natura
1529 884 1636 920 propria
1660 887 1771 911 nonest

980 941 1078 968 passus
1090 933 1101 960 ?

1017 979 1125 1008 EPISC.
1154 979 1233 1007 Absit
1253 979 1321 1007 hoc!
1352 978 1458 1014 Quippe
1477 982 1573 1006 natura
1604 977 1695 1005 divina
1731 975 1770 1004 sic

979 1031 1136 1062 comparata
1153 1034 1205 1054 non
1221 1021 1275 1060 est,=
1291 1032 1321 1053 ιιι
1332 1026 1386 1061 pati
1403 1026 1500 1061 possit.

1016 1071 1144 1101 THEOR.
1163 1072 1266 1101 Tamen
1279 1079 1375 1108 reapse
1390 1071 1516 1101 Christus
1533 1078 1630 1108 passus
1644 1075 1697 1099 est.

1015 1162 1123 1190 EPISC.
1140 1162 1219 1195 Vere,
1234 1163 1282 1190 sed
1295 1162 1322 1189 in
1335 1166 1432 1190 natura
1447 1164 1551 1194 nostra.
1567 1169 1628 1196 qua:
1638 1160 1678 1189 sic
1691 1154 1768 1189 com-

979 1214 1069 1246 parata
1083 1214 1135 1241 est.
1150 1213 1181 1236 ut
1198 1209 1327 1243 patiatur.

1015 1257 1143 1286 THEOR.
1171 1257 1241 1292 Ergo
1265 1255 1392 1284 Christus
1418 1260 1530 1283 naturas
1558 1255 1625 1282 duas
1639 1254 1767 1288 habebat,

979 1311 1059 1331 tmam
1083 1304 1122 1331 sic
1141 1307 1336 1338 comparatam,
1361 1307 1388 1330 ut
1415 1306 1554 1338 pateretur
1569 1310 1577 1329 :
1592 1301 1721 1334 alteram.
1739 1304 1770 1329 nt

980 1357 1032 1377 non
1050 1353 1197 1384 pateretur.
1592 1344 1600 1351 ⁸

1015 1396 1063 1424 His
1072 1404 1133 1422 cum
1151 1396 1308 1423 obturatum
1323 1399 1397 1423 esset
1411 1402 1441 1422 os
1455 1394 1659 1430 religiosissimo
1674 1393 1769 1427 Petro,

980 1442 1155 1477 supradictus
1190 1442 1412 1477 religiosissimus
1449 1441 1594 1476 episcopus
1622 1441 1770 1472 Gregorius

979 1497 1094 1523 surgens
1112 1498 1117 1516 :
1139 1489 1194 1523 Ego
1209 1489 1346 1516 Romanus
1358 1496 1430 1521 sum,
1446 1488 1544 1524 inquit.
1555 1493 1582 1515 et
1592 1496 1652 1515 cum
1669 1486 1770 1514 Roma-

981 1536 1022 1564 nis
1033 1537 1129 1563 sentio.

1015 1583 1079 1610 Post
1107 1584 1217 1610 bidunm
1249 1590 1344 1610 rursus
1373 1581 1517 1612 arcessiti,
1542 1580 1712 1607 ascendimus
1742 1578 1775 1606 in»

979 1629 1161 1661 ('aenacnlnm,
1177 1629 1211 1656 ad
1223 1627 1424 1655 sanctissimum
1435 1626 1617 1663 ‘Generelent.
1647 1624 1771 1659 Cumque

979 1673 1208 1706 consedissemus,
1219 1680 1314 1700 omnes
1333 1673 1372 1700 sic
1387 1672 1520 1700 allocutus
1537 1676 1598 1700 est:
1617 1670 1690 1698 Nihil
1710 1678 1770 1698 am-

980 1720 1052 1754 higui
1068 1725 1119 1751 est.
1146 1717 1259 1747 duas'in
1282 1719 1392 1747 Christo
1416 1723 1528 1747 naturas
1551 1718 1651 1749 dicere.
1667 1718 1689 1745 si
1704 1724 1771 1745 con-

981 1769 1106 1794 titeatnnr
1120 1772 1168 1793 eas
1183 1766 1273 1793 unitas
1293 1764 1514 1800 inseparabiliter
1538 1765 1564 1791 in
1582 1771 1662 1791 unam
1683 1763 1770 1798 hypo-

979 1814 1075 1846 stasin,
1118 1813 1349 1847 quemadmodum
1384 1815 1495 1839 sanctus
1522 1811 1567 1839 ille
1588 1811 1706 1846 Cyrillus
1741 1811 1768 1838 in

978 1860 1065 1893 prima
1081 1859 1113 1886 ad
1139 1858 1303 1887 Successum
1326 1858 1441 1893 epistola
1465 1857 1603 1892 loquitur:
1619 1857 1768 1891 Quantum,

979 1906 1116 1941 inquiens,
1135 1912 1223 1933 mente
1235 1910 1315 1941 atque
1331 1905 1417 1933 oculis
1429 1904 1661 1933 animi’dunlaxat
1675 1903 1770 1930 videre

979 1960 1133 1987 possumus.
1151 1960 1204 1987 quo
1211 1957 1290 1987 pacto
1300 1951 1462 1987 Unigenitus
1471 1951 1515 1979 ille
1526 1951 1612 1979 factus
1621 1951 1657 1978 sit
1668 1951 1749 1978 homo
1759 1957 1770 1976 τ

979 1999 1046 2026 duas
1057 2007 1117 2026 esse
1135 2004 1250 2027 naturas
1272 1998 1391 2025 dicimus
1408 1998 1509 2029 unitas,
1534 2002 1563 2025 at
1588 2004 1669 2024 unum
1687 1996 1770 2024 Chri-

978 2050 1049 2072 stum
1069 2050 1094 2072 et
1111 2044 1222 2076 Filium.
1242 2048 1270 2072 et
1290 2044 1446 2075 Dominum,
1471 2044 1529 2071 Dei,
1538 2043 1708 2076 Sermonem,
1723 2042 1773 2077 qui

979 2091 1060 2119 homo
1088 2092 1176 2118 factus
1197 2095 1224 2118 et
1253 2092 1411 2118 incarnatus
1427 2096 1479 2117 est.
1498 2090 1651 2123 Quinetiam
1678 2089 1772 2116 omnia

979 2137 1023 2165 illa
1053 2137 1157 2165 lumina
1183 2137 1321 2170 Ecclesiae,
1348 2143 1462 2172 quorum
1486 2137 1663 2164 auctoritates
1687 2140 1768 2163 antea

979 2183 1156 2218 philosophus
1180 2183 1303 2217 adduxit,
1322 2183 1374 2211 hoc
1390 2183 1477 2218 ipsum
1489 2190 1618 2217 expresse
1636 2183 1768 2210 clamant.

978 2230 1073 2264 itaque
1086 2229 1239 2257 manifestis
1268 2234 1296 2256 et
1322 2230 1425 2264 apertis
1461 2233 1489 2256 et
1520 2229 1592 2257 veris
1617 2229 1769 2261 adversari,

979 2283 1031 2303 non
1048 2278 1091 2303 est
1111 2275 1228 2303 hominis
1244 2275 1398 2303 christiani.
1414 2275 1453 2302 Ac
1469 2276 1501 2303 de
1517 2275 1558 2302 his
1573 2276 1680 2310 quidem
1694 2279 1770 2308 post-

978 2321 1029 2348 hac
1054 2320 1166 2347 minime
1192 2320 1380 2348 laborandum.
1415 2319 1485 2353 Quid
1515 2325 1605 2348 autem
1633 2320 1775 2355 prohiliet,_

978 2367 1124 2399 quominus
1141 2371 1167 2393 et
1182 2367 1249 2394 duas
1270 2373 1383 2396 naturas
1398 2368 1423 2395 in
1438 2373 1492 2395 uno
1514 2367 1633 2399 Christo,
1645 2371 1672 2394 et
1687 2375 1771 2394 unam-

978 2417 1116 2446 naturam,
1137 2418 1248 2448 propter
1268 2419 1405 2447 expertem
1424 2412 1566 2440 divisionis
1578 2416 1606 2438 et
1619 2412 1777 2445 scparatio-~

977 2459 1021 2486 nis
1039 2464 1197 2486 naturarum
1212 2459 1353 2491 unionem.
1375 2459 1573 2487 conliteamnr?
1587 2458 1690 2493 Quippe
1706 2466 1770 2485 san-

977 2511 1051 2535 ctum
1078 2506 1154 2534 illum
1173 2505 1304 2542 Cyrillum
1319 2506 1346 2534 in
1363 2506 1446 2533 altera
1465 2506 1500 2533 ad
1518 2506 1683 2533 Successum
1711 2504 1777 2539 epim

977 2554 1060 2585 stola,
1077 2554 1116 2581 sic
1132 2554 1234 2581 diserte
1255 2554 1401 2585 dicentem,
1413 2553 1563 2587 reperimus
1578 2562 1585 2580 :
1603 2552 1659 2579 Non
1682 2552 1715 2580 de
1734 2551 1777 2578 iis

978 2601 1130 2634 duntaxat,
1153 2607 1214 2635 qua;
1240 2604 1336 2627 natura
1351 2599 1486 2634 simplicia
1504 2603 1579 2630 sunt.
1602 2606 1683 2626 unum
1705 2605 1777 2626 verer

978 2645 1077 2673 dicitur
1094 2655 1100 2673 :
1121 2645 1168 2673 sed
1184 2645 1267 2675 etiam
1280 2645 1313 2672 de
1326 2645 1377 2671 illis
1392 2652 1452 2680 qua:
1467 2644 1665 2680 compositione
1683 2651 1769 2679 copu-

978 2693 1032 2720 lata
1047 2698 1121 2720 sunt.
1150 2692 1234 2725 Quale
1257 2691 1385 2726 quiddam
1399 2696 1440 2719 est
1453 2692 1544 2724 homo,
1568 2699 1600 2719 ex
1623 2691 1715 2719 animo
1740 2694 1771 2718 et

977 2746 1092 2773 corpore
1108 2743 1246 2765 constans.
1262 2737 1328 2763 Nam
1340 2744 1369 2762 ea
1383 2737 1496 2764 diversm
1513 2742 1576 2764 sunt
1595 2735 1700 2768 hirtum,
1716 2743 1769 2763 nec

978 2784 1099 2819 ejusdem
1125 2785 1196 2810 inter
1216 2790 1246 2809 se
1264 2781 1425 2809 substantiae
1440 2791 1448 2808 :
1463 2791 1555 2810 verum
1582 2783 1668 2814 unita,
1687 2785 1768 2809 natu-

981 2838 1037 2857 rzim
1062 2829 1180 2857 hominis
1195 2837 1277 2856 unam
1306 2829 1460 2857 absolvunt.
1480 2830 1611 2862 Quoniam
1637 2828 1717 2863 igitur
1733 2834 1774 2855 Cl
