1929 3076
135 92 186 123 155

827 87 1041 118 THEUltlANl

1709 86 1762 119 156
1781 126 1793 135 ἱ

133 150 263 176 adversus
281 148 456 182 Apollinarim
473 148 585 182 scripto,
601 147 699 174 clamat
715 156 721 174 :
749 145 776 173 Si
802 153 868 179 ergo
894 145 920 171 in

978 143 1121 175 ἱδιώμασιν
1143 145 1289 180 ήοατέρηυ
1306 143 1410 171 τούτων
1436 144 1579 180 οεωρεῖται
1603 145 1683 179 φύσις
1711 147 1762 179 τῆς

133 196 343 223 adversantibus
358 196 409 222 sihi
427 195 649 230 proprietatibus,
668 196 763 221 Imrtlttt
779 194 920 226 utriusque

134 247 230 269 natura
255 242 387 274 cernitur,
416 241 518 271 carnis.
544 242 671 275 inqttam,
699 245 726 267 et
749 239 918 266 divinitatis:

133 289 270 323 quomodo
284 289 343 315 dum
356 292 420 315 sunt
434 288 508 315 una?
528 287 611 314 Divus
630 294 739 322 qttoque
754 286 918 321 Chrysosto—

133 342 192 361 mus
217 335 242 361 in
265 335 344 369 epist.
372 335 404 360 ad
426 334 553 360 Acacium
570 333 730 360 monachum
754 334 790 358 a‘t
805 340 812 358 :
829 331 917 359 Unntn

133 379 241 412 Filium,
271 388 352 406 unam
377 380 437 408 dico
458 387 612 414 personam.
635 384 750 413 utraque
774 377 918 411 copulata;

132 433 194 460 quae
230 431 318 452 tamen
347 425 414 453 citra
465 425 653 453 confusionem
691 433 723 452 ac
758 425 918 452 diviSiont-m

132 476 320 505 agnoscatur:
339 479 390 498 non
414 472 439 499 in
463 479 515 499 una
538 472 594 499 sola
618 475 726 502 natura,
752 471 799 497 scd
815 471 840 497 in
856 479 918 505 pcr-

132 515 210 543 fectis
228 517 332 545 naturis
348 517 460 544 duabus.
482 517 552 550 Quid
565 517 597 544 ad
610 517 668 543 hzec
680 516 742 543 ais?

167 563 246 591 GEN.
264 564 322 591 Non
339 564 394 598 jam
412 565 462 591 hoc
481 563 688 598 pronuntianda:
705 563 857 593 sententiae.
873 564 919 590 sed

131 608 320 636 exercitationi
334 609 412 636 modo
428 609 591 637 destinatum
605 613 711 643 tempus
722 614 772 635 est.
788 609 842 635 Suo
855 615 920 636 vero

133 657 258 688 tempore
287 653 351 687 quid
383 654 449 680 mihi
477 653 619 687 videatur,
648 654 767 682 adhibita
795 656 920 682 cautione

132 700 304 726 coth-nienti
321 705 346 726 (ιι
362 705 492 727 accurato
505 700 620 736 judicio,
644 701 836 735 pronuntiabo.
860 701 918 729 Cte-

133 749 218 771 terum
237 746 258 771 si
277 745 374 778 placet,
391 745 525 779 promisso
543 745 585 773 fac
602 747 678 773 satis.

167 789 294 818 THEOR.
313 790 362 818 Cui
375 791 387 818 ?

166 835 246 863 GEN.
268 837 381 863 Causam
401 837 494 869 (lit‘llo,
515 841 626 871 propter
648 844 729 871 quam
753 837 917 872 prohibitum

131 881 178 912 sit,
197 889 276 908 unam
294 883 320 909 in
335 881 447 909 Christo
464 887 587 909 naturam
603 883 704 910 dicere.

158 925 297 954 ,TllEOR.
313 927 433 960 Quorum
447 935 497 954 una
513 933 608 954 natura
623 933 676 961 est,
694 936 787 955 eorum
802 933 828 955 et
843 936 919 955 com-

133 973 223 999 numis
239 978 282 999 est
300 973 380 1006 ratio,
395 981 509 1008 quortun
527 981 593 1002 vero
609 974 679 1001 ratio
696 979 739 1002 est
754 976 919 1009 communis,

131 1026 224 1046 eorum
240 1024 267 1046 et
284 1019 406 1054 ejusdem
422 1020 582 1047 substantia;
597 1022 825 1055 estjexsistentia‘.
843 1021 920 1049 Nun-

132 1073 214 1100 quam
231 1073 295 1092 vero
310 1066 412 1094 Christi
426 1067 555 1094 divinitas
570 1067 690 1101 ejusdem
706 1073 748 1096 est
761 1068 921 1097 substantia:

132 1119 193 1138 cum
204 1111 262 1146 ejus
280 1112 396 1139 humana
409 1118 506 1140 natura
524 1122 531 1140 :
548 1114 640 1148 itaque
651 1122 704 1141 non
722 1120 808 1148 potest
825 1115 919 1142 horum

133 1164 186 1184 tilla
212 1165 273 1185 esse
302 1159 381 1186 ratio.
407 1159 526 1192 Quorum
548 1167 612 1186 vero
627 1167 766 1194 nunquam
783 1168 834 1187 una
852 1161 921 1188 ratio

132 1208 184 1234 est,
213 1210 307 1230 eorum
332 1209 443 1231 naturas
464 1212 571 1239 semper
586 1213 600 1232 a
615 1206 775 1233 seinvicem
800 1206 920 1236 diﬂ‘erre.

132 1249 219 1276 cuivis
233 1254 274 1277 est
289 1250 471 1285 perspicuum.
497 1251 602 1286 Quippe
617 1252 687 1289 sicut
705 1254 811 1288 neganti
835 1260 920 1287 oppo-

134 1296 207 1322 nitur
220 1296 307 1329 aiens,
322 1298 361 1323 sic
377 1298 476 1330 dicerc,
490 1297 627 1324 Chtistttnt
640 1304 752 1326 naturas
767 1307 826 1326 esse
840 1300 920 1334 duas,

133 1344 280 1378 opponitur
295 1343 343 1376 illi,
361 1343 498 1370 Christum
516 1352 576 1371 esse
594 1349 718 1371 naturam
735 1353 828 1373 ttnam.
846 1347 921 1374 Nun-

133 1397 214 1423 quam
231 1397 296 1416 vero
313 1398 416 1425 negans
434 1395 460 1417 et
476 1391 553 1418 aiens
568 1391 601 1418 dc
627 1392 719 1418 eodem
738 1392 839 1425 pariter
857 1401 920 1421 vera

134 1439 208 1461 sunt.
225 1435 296 1468 Ergo
312 1443 449 1470 nunquam
467 1436 525 1462 duae
538 1441 601 1463 sunt
614 1444 676 1463 una.
691 1436 768 1469 Quod
785 1438 807 1464 si
823 1437 920 1472 placet,

135 1482 219 1508 etiam
235 1483 314 1509 modo
329 1483 422 1518 logica:
435 1483 583 1515 disciplina:
600 1484 684 1518 magis
700 1483 922 1513 acc'conimodato
936 1496 957 1526 ο

134 1528 271 1554 theorcma
291 1529 460 1563 propositum
477 1530 678 1557 cxaminemus.

168 1585 249 1613 GEN.
266 1586 357 1613 Placet
372 1588 495 1614 omnino.

170 1641 298 1669 THEOR.
310 1642 443 1677 Quidquid
456 1643 572 1673 exsistit.
586 1643 608 1670 si
622 1652 704 1670 unum
729 1650 768 1671 est
789 1650 815 1672 et
834 1646 921 1680 plura,

137 1696 190 1715 non
206 1689 355 1715 secundum
372 1689 396 1715 id
414 1697 496 1716 unum
514 1694 566 1721 est,
584 1690 732 1717 secundum
747 1692 816 1723 quod
828 1692 920 1726 plura:

135 1734 183 1761 sed
199 1735 221 1760 si
237 1739 279 1761 est
295 1743 375 1761 unum
389 1739 416 1762 et
428 1735 515 1769 plura,
527 1736 673 1763 secundum
685 1736 757 1764 aliud
773 1742 814 1764 est
827 1745 921 1771 unum,

134 1784 163 1807 et
177 1781 325 1808 secundum
340 1781 412 1807 aliud
429 1782 516 1816 plura.
533 1782 613 1808 Plura
629 1789 694 1809 vero
707 1783 777 1813 dico,
792 1791 851 1818 qua:
865 1784 923 1818 plus

135 1835 189 1854 uno
211 1831 292 1859 sunt;
314 1827 385 1854 sicut
409 1828 524 1862 exctnpli
549 1829 633 1863 gratia
651 1829 774 1856 videmus
789 1830 815 1857 in
829 1838 922 1858 sacru-

134 1878 226 1900 sancta
251 1873 397 1906 'l‘riuitate,
420 1881 480 1907 qme
496 1882 577 1900 unmn
601 1880 644 1902 est
668 1880 695 1902 et
717 1876 792 1909 plura
810 1885 817 1903 :
838 1884 923 1903 unum

135 1924 244 1949 natura.
259 1919 337 1954 plura
352 1921 487 1954 personis.
511 1921 593 1953 Igitur
606 1921 718 1949 alterius
732 1927 868 1956 respectu,
881 1927 922 1950 est

135 1974 238 1999 unum;
257 1971 284 1991 et
300 1966 422 1996 alterius.
439 1967 527 2000 plura.
545 1967 643 2001 Nequit
659 1975 724 2002 ergo
738 1968 807 2000 fieri,
825 1974 853 1995 ut
877 1976 922 1996 ea-

134 2015 214 2039 tenus
238 2011 315 2046 plura
342 2012 387 2044 sit,
413 2016 547 2045 quatenus
572 2017 614 2040 est
629 2020 711 2039 unum
727 2022 734 2040 :
753 2013 795 2040 vel
809 2017 922 2042 eatenus

134 2065 229 2088 unum,
244 2061 377 2091 quatenus
391 2057 479 2092 plura.
501 2057 569 2085 Nam
584 2059 605 2085 si
619 2058 677 2086 ﬁeri
702 2063 800 2093 potest,
813 2064 871 2088 esto
881 2061 922 2088 di-

134 2103 235 2130 vinitas
257 2105 405 2130 secundum
429 2104 592 2139 hypostases
617 2113 699 2132 unum
723 2106 850 2139 quiddam
865 2107 923 2141 (ne-

134 2149 195 2184 quit
214 2153 303 2176 autem
325 2149 376 2176 hoc
387 2151 472 2184 esse).
490 2149 533 2177 vel
553 2151 673 2177 vicissim
698 2152 844 2178 secundum
859 2154 922 2179 sub-

973 191 1074 226 σαρκδς
1087 191 1169 224 λέγω.
1184 192 1229 218 καὶ
1242 192 1290 226 τῆς
1306 191 1433 226 Θεότητος
1446 201 1453 207 ·
1471 192 1529 223 πῶς
1547 193 1596 226 μία
1609 192 1638 218 αἱ
1658 192 1704 218 δὺυ
1720 192 1761 217 εἱ-

971 239 1013 264 σὶν
1024 247 1030 271 ;
1051 238 1130 266 Ἀλλὰ
1137 241 1183 266 καὶ
1196 241 1209 266 6
1223 240 1294 271 θεῖος
1305 239 1498 276 Χρυτόστομος
1511 241 1540 267 ἐν
1548 241 1580 275 τῇ
1595 241 1662 275 πρὸς
1681 240 1762 266 ’Λκά-

971 293 1029 312 κιον
1053 286 1098 313 τὸν
1121 286 1238 322 μοναχὸν
1263 286 1393 322 ἐπιστολῇ
1420 291 1503 322 φησιν
1521 294 1528 302 σ
1547 286 1617 313 Ἕνα
1643 286 1707 312 Yt’rx
1730 286 1761 312 ἓν

971 332 1117 367 πρόσωπον
1143 332 1177 359 τὰ
1197 333 1403 368 συναμφότερα,
1425 331 1627 367 γνωριζόμενον
1650 332 1700 367 μέν
1719 341 1762 358 τοι

970 381 1143 415 ἀσυγχύτως,
1155 379 1328 415 ἀδιαιρέτως,
1343 379 1413 412 λέγω
1428 388 1434 395 '
1447 379 1496 405 οὐκ
1513 379 1542 404 ὲν
1559 379 1608 414 μιᾷ
1626 379 1694 413 μόνῃ
1709 378 1761 413 φέλ-

972 435 1023 459 σει,
1039 427 1096 454 ἀλλ’
1110 427 1139 454 ἐν
1155 427 1217 452 δυσὶ
1231 427 1360 458 τελείαις.
1379 426 1412 452 Τί
1432 426 1501 461 πρὸς
1516 425 1604 452 ταῦτα
1622 425 1693 460 φής;

1011 561 1041 588 '0
1059 560 1139 587 ΚΑΒ.
1158 561 1215 587 Οὐκ
1229 559 1287 586 ἐστι
1307 558 1403 594 καιρὸς
1420 558 1468 584 νῦν
1488 557 1691 592 ἀποφαίνεσοαῐ
1715 566 1762 591 με,

971 608 1042 635 ἀλλὰ
1087 608 1169 642 μόνον
1181 605 1344 640 γυμνάζειν.
1385 605 1471 631 Ὅταν
1500 603 1529 631 δὲ
1564 603 1606 638 εῐη
1644 603 1761 638 καιρῆτς.

973 654 1043 690 μετὰ
1070 654 1118 689 τῆς
1143 653 1338 688 προσηκούσης
1363 650 1514 687 ἀσφαλείας
1545 650 1592 677 καὶ
1618 649 1762 684 ἀκριόεῐας

970 701 1001 726 τὸ
1015 700 1110 728 δοκοῦν
1127 709 1171 735 μοι
1185 695 1391 733 ἀποφανοῦμαι.
1413 696 1526 728 ’Δλλῖεῑ
1544 695 1676 729 κελεύεις,
1693 695 1764 729 πλή-

973 757 1060 784 ρωσον
1076 748 1125 778 τὴν
1139 746 1298 780 ὑπόσχεσιν.

1012 796 1041 822 Ὀ
1055 795 1153 821 ΘΕΩΡ.
1172 794 1255 819 Ποίαν
1266 802 1272 823 ;

1011 842 1042 869 '0
1062 841 1190 868 ΚΑΘΟΛ.
1211 839 1279 866 Εἰπὲ
1295 838 1346 874 τὴν
1374 838 1464 864 αἰτίαν
1489 837 1524 863 δι’
1546 836 1580 872 ἥν
1608 833 1764 861 κεκώλυται

969 888 1060 921 λέγειν
1079 888 1143 922 μίαν
1160 886 1252 920 φύσιν,
1267 885 1312 911 ἐπὶ
1325 884 1371 912 τοῦ
1387 884 1515 918 Χριστοῦ.

1006 935 1037 961 Ὀ
1051 934 1148 961 ΘΕΩΡ.
1164 929 1278 966 Ὠνῗμῐα
1298 930 1389 965 φύσις,
1410 929 1499 960 κοινὸς
1525 928 1539 955 6
1549 928 1639 961 λόγος,
1656 924 1694 954 ὧν
1707 926 1736 954 δὲ
1749 928 1764 953 6

970 980 1059 1012 κοινὸς
1075 979 1165 1014 λόγος,
1178 977 1253 1012 καὶὴ
1270 975 1385 1012 ὖπαρξις
1401 974 1553 1010 ὁμοούσιος.
1577 973 1714 1000 Οὐδέποτε
1734 972 1764 999 δέ

970 1029 1045 1055 ἐστιν
1053 1025 1220 1062 ὁμοούσιοςὴ
1233 1024 1328 1058 θεότης
1338 1021 1385 1049 τοῦ
1399 1020 1519 1056 Χριστοῦ
1527 1021 1560 1055 τῇ
1572 1019 1620 1046 ἀνθ
1626 1018 1764 1062 ρωπότητι

971 1073 1054 1101 αὑτοῦ
1069 1061 1077 1089 λ
1095 1072 1145 1099 οὐκ
1160 1071 1213 1106 ἄρα
1230 1067 1272 1101 εἷς
1285 1077 1351 1096 ποτε
1383 1067 1486 1095 τούτων
1518 1067 1532 1093 6
1555 1065 1645 1100 λόγος.
1664 1061 1714 1091 Ὧν
1734 1063 1764 1089 δὲ

973 1121 1109 1157 μηδέποτε
1119 1116 1160 1150 εἷς
1176 1119 1189 1145 6
1204 1117 1299 1151 λόγος,
1315 1116 1356 1143 ὅτι
1371 1114 1474 1141 τούτων
1483 1113 1526 1140 ἀεὶ
1544 1113 1572 1140 αἱ
1588 1111 1684 1147 φύσεις
1702 1110 1763 1137 διά-

971 1176 1063 1202 φοροι,
1079 1165 1161 1193 παντί
1173 1173 1225 1191 που
1242 1162 1444 1197 δῆλον.”Ωσπερ
1455 1160 1510 1195 γὰρ
1525 1158 1679 1193 καταφάσει
1696 1157 1757 1184 ἀπό

971 1223 1054 1249 φασις
1066 1212 1228 1242 ἀντίκειται,
1251 1209 1324 1237 οὕτω
1339 1207 1432 1235 καὶτὸ
1460 1207 1561 1240 λέγειν,
1584 1204 1637 1231 Δύο
1665 1202 1765 1249 φύσεις

971 1247 1046 1288 ἐστὶν
1056 1260 1070 1285 ὁ
1088 1257 1217 1294 Χριστὸς,
1227 1255 1265 1290 τῷ
1281 1255 1383 1288 λέγειν,
1397 1253 1464 1280 Μία.
1479 1251 1615 1278 Οὐδέποτε
1631 1249 1660 1275 δὲ
1675 1247 1762 1274 κατά-

972 1316 1054 1342 φασις
1069 1306 1116 1332 καὶ
1128 1303 1266 1338 ἀπόφασις
1281 1301 1352 1328 κατὰ
1360 1299 1408 1326 τοῦ
1422 1298 1504 1325 αὐτοῦ
1520 1295 1762 1331 συναληθεύουσιν.

971 1340 1107 1381 ὺὺδέποτε
1121 1352 1175 1386 ἄρα
1191 1351 1218 1377 αἱ
1232 1349 1290 1380 δύο,
1311 1347 1369 1382 μία,
1385 1345 1433 1372 καὶ
1463 1345 1487 1371 εἰ
1508 1344 1592 1376 δοκεῖ,
1612 1340 1763 1376 λογικώτε-

955 1401 959 1405 ”
972 1409 1019 1438 ρον
1037 1398 1229 1433 βασανίσωμεν
1240 1395 1270 1422 τδ
1284 1392 1372 1428 παρὸν
1390 1392 1530 1427 θεώρημα.

1013 1592 1045 1621 '0
1060 1590 1141 1619 ΚΑΘ.
1153 1588 1229 1616 Πάνυ
1246 1586 1294 1622 μὲν
1307 1580 1365 1611 οὖν.

1009 1649 1041 1676 '0
1051 1648 1150 1674 ΘΕΩΡ.
1162 1645 1220 1672 Πᾶν
1230 1643 1270 1673 ὃν.
1285 1640 1379 1668 εῐέστι
1396 1638 1427 1665 ἓν
1441 1636 1490 1664 καὶ
1513 1635 1610 1666 πολλὰ,
1641 1634 1692 1661 οὐκ
1703 1633 1762 1660 ἔστι

973 1696 1033 1724 κατ’
1048 1694 1114 1722 αὐτὸ
1130 1693 1158 1719 ἓν
1173 1690 1234 1718 καθ’
1246 1690 1259 1716 6
1275 1688 1323 1715 καὶ
1339 1685 1442 1713 πολλά·
1456 1683 1513 1711 ἀλλ’
1528 1683 1552 1709 ιι
1583 1681 1656 1708 ἐστιν
1671 1681 1700 1706 ἓν
1715 1679 1764 1706 καὶ

973 1741 1069 1773 πολλὰ,
1083 1739 1144 1767 κατ’
1159 1739 1224 1765 ἄλλο
1240 1736 1313 1762 ἐστὶν
1323 1734 1363 1766 ἓν,
1397 1732 1444 1758 καὶ
1473 1728 1549 1773 κατξ
1574 1727 1638 1755 ἄλλο
1666 1726 1762 1753 πολλὰ.

973 1787 1063 1815 Πολλὰ
1077 1784 1197 1817 δὲλέγω,
1217 1782 1250 1808 τὰ
1263 1780 1346 1806 πλέον
1363 1777 1410 1805 τοῦ
1428 1776 1489 1808 ἑνός
1500 1783 1507 1791 ·
1528 1772 1584 1802 οἷον
1596 1774 1662 1809 φέρε
1675 1774 1764 1799 ειπεῖν

974 1834 1021 1861 ἐπὶ
1036 1833 1085 1868 τῆς
1099 1830 1182 1864 ἁγίας
1210 1827 1326 1863 Τριάδος
1343 1833 1350 1841 ’
1378 1823 1447 1858 αὐτὴ
1474 1821 1528 1857 γὰρ
1559 1821 1588 1847 ἓν
1617 1820 1676 1868 ἐστι
1715 1817 1765 1868 καὶ

973 1864 1072 1908 mna;
1102 1877 1131 1903 ἓν
1161 1876 1210 1910 μὲν
1237 1875 1271 1909 τῇ
1309 1873 1402 1907 φύσει,
1424 1869 1510 1896 πολλὰ
1523 1868 1552 1894 δὲ
1564 1867 1625 1897 ταῖς
1641 1864 1764 1891 ὑποστά-

973 1934 1043 1953 σεσι.
1061 1923 1130 1951 Κατ’
1143 1909 1208 1950 ἄλλο
1218 1918 1364 1955 τοιγαροῦν
1375 1918 1448 1944 ἐστιν
1463 1915 1503 1945 ἓν,
1525 1913 1572 1941 καὶ
1608 1911 1669 1939 κατ’
1698 1909 1765 1937 ἄλλο

974 1971 1071 1999 πολλά.
1094 1968 1238 1997 Ἀδύνατον
1253 1965 1346 1992 λοιπὸν
1376 1963 1437 1991 κατ’
1462 1962 1549 1988 ἐκεῖνο
1580 1956 1764 1989 εἶναιπολλὰ,

973 2020 1034 2048 καθ’
1051 2019 1065 2046 ὃ
1078 2020 1154 2046 ἐστιν
1164 2017 1205 2050 ἓν,
1219 2015 1305 2050 ﬁxa-.3
1315 2014 1404 2040 ἐκεῖνο
1419 2009 1489 2037 εἶναι
1503 2009 1543 2041 ἓν,
1559 2007 1619 2035 καθ’
1635 2006 1649 2033 ὂ
1665 2005 1763 2033 πολλά.

973 2066 1006 2094 El
1016 2065 1071 2100 γὰρ
1090 2063 1215 2094 δυνατὸν,
1233 2061 1304 2088 ἔστω
1317 2060 1333 2094 ὴ
1346 2058 1441 2092 θεότης
1458 2055 1506 2082 καὶ
1527 2055 1576 2085 τὰς
1597 2051 1764 2100 ὐποστᾴσεις

973 2112 1004 2138 ἓν
1023 2098 1254 2147 (ἀλλ’ἀμήχανον)
1268 2114 1274 2122 ⁸
1289 2106 1306 2142 ἣ
1323 2105 1415 2137 πάλιν,
1433 2102 1503 2129 ἔστω
1520 2101 1590 2147 κατὰ
1603 2100 1653 2134 τὴν
1668 2098 1765 2147 auctae

975 2143 1063 2184 πολλὰ
1081 2164 1088 2172 ·
1105 2143 1230 2183 ἀλλὰκαὶ
1245 2152 1325 2180 τοῦτο
1350 2150 1504 2185 ἀμήχανον.
1539 2146 1617 2173 Οὕτω
1644 2144 1693 2171 καὶ
1716 2143 1764 2170 ἐπὶ

134 2196 261 2224 stantiam
280 2196 362 2222 multa
383 2196 430 2229 sit,
449 2197 521 2231 quod
541 2197 629 2231 ipsum
645 2204 752 2232 quoque
768 2205 822 2224 non
834 2203 920 2232 potest

978 2202 1022 2230 τοῦ
1037 2202 1157 2237 Χριστοῦ
1168 2200 1342 2235 ὁμολογεῖται
1352 2197 1381 2224 ἓν
1396 2194 1477 2226 εἶναι,
1493 2193 1562 2220 κατά
1580 2191 1630 2227 τὴν
1646 2191 1765 2237 ὑπέσπα-

134 2249 204 2268 csse.
232 2241 278 2268 Sic
294 2242 369 2268 etde
396 2241 519 2275 Christo,
546 2250 595 2277 pro
611 2243 737 2271 confesso
759 2249 812 2276 est,
839 2252 922 2272 unum

135 2288 201 2322 quid
215 2295 276 2315 esse
287 2288 437 2316 secundum
454 2288 623 2324 hypostasin.
636 2288 740 2317 Rursus
756 2290 782 2316 ia
799 2290 922 2318 confesso

134 2338 186 2368 est,
201 2335 277 2369 juxta
293 2340 448 2364 sanctorum
461 2334 573 2362 Patrum
583 2335 770 2368 auctoritates,
783 2335 920 2364 Christum

134 2389 195 2409 esse
213 2381 277 2414 duo,
306 2386 429 2415 respectu
448 2386 619 2409 naturarum.
639 2380 738 2416 Nequit
765 2389 830 2417 ergo
853 2383 921 2416 ﬁeri,

135 2433 164 2455 ut
192 2435 276 2455 unum
304 2430 363 2459 sit,
404 2428 492 2462 quoad
521 2433 644 2456 naturas.
672 2428 809 2463 Quidquid
842 2429 924 2463 igitur

134 2475 252 2506 exsistit,
269 2473 291 2502 si
311 2482 394 2502 unum
420 2479 464 2503 est
496 2480 524 2502 et
542 2475 631 2509 plura,
672 2480 798 2510 respectu
814 2475 925 2503 alterius

135 2528 218 2548 unum
244 2525 296 2553 est,
317 2525 345 2549 et
373 2520 485 2549 alterius
509 2525 633 2555 respectu
656 2521 732 2555 plura
750 2529 757 2547 :
775 2521 847 2555 quod
878 2522 925 2549 de-

977 2257 1030 2275 σιν.
1041 2235 1126 2275 Πάλιν
1143 2245 1317 2281 ὁμολογεῖται
1329 2243 1401 2270 κατὰ
1420 2242 1470 2272 τὰς
1486 2239 1599 2275 χρήσεις
1613 2237 1667 2264 τῶν
1676 2235 1764 2269 ἁγίων

976 2294 1117 2329 Πατέρων,
1137 2292 1184 2319 δύο
1200 2289 1271 2318 εἶναι
1284 2290 1329 2316 τὴν
1346 2287 1474 2323 Χριστὸν,
1491 2285 1562 2312 κατὰ.
1588 2283 1637 2315 τὰς
1655 2281 1762 2329 φύσεις.

980 2327 1123 2367 Ἀδύνατον
1135 2337 1238 2369 λοιπὸν,
1255 2337 1283 2364 ἓν
1308 2334 1377 2362 εἶναι
1399 2333 1470 2361 κατὰ
1492 2332 1540 2362 τὰς
1576 2330 1680 2364 φύσεις.
1706 2327 1764 2354 Πᾶν

975 2387 1030 2422 ἄρα
1040 2386 1081 2419 ὃν,
1096 2387 1120 2412 si.
1135 2385 1209 2411 ἐστιν
1223 2384 1252 2411 ἓν
1267 2384 1315 2411 καὶ
1335 2381 1433 2415 πολλὰ,
1459 2379 1520 2407 κατ’
1532 2377 1596 2406 ἄλλο
1618 2375 1692 2403 ἐστὶν
1723 2374 1762 2406 ἓν,

976 2433 1025 2460 καὶ
1041 2432 1103 2459 κατ’
1119 2431 1183 2459 ἄλλο
1199 2430 1297 2462 πολλὰ,
1310 2430 1380 2464 ὅπερ
1397 2427 1452 2455 ἔδει
1465 2424 1563 2458 δεῖξαι,
1574 2423 1619 2450 ἵνα
1629 2422 1677 2449 καὶ
1694 2429 1765 2455 γεω-

979 2477 1116 2513 μετρικῶς
1123 2476 1256 2512 εἴπωμεν.
1268 2475 1323 2502 Καὶ
1333 2475 1387 2509 γὰρ
1398 2471 1600 2508 γεωμετρικαῖς
1617 2467 1762 2502 ἀνάγκαις.

976 2524 1006 2551 τὸ
1017 2524 1050 2558 δὴ
1064 2524 1224 2558 λεγόμενον,
1239 2521 1430 2549 ἀποδέδεικται
1443 2519 1473 2546 τὸ
1489 2517 1634 2553 θεώρημα.

137 2569 342 2597 monstrandum
363 2573 439 2601 erat,
464 2572 495 2596 ut
520 2573 721 2603 geometrarum
739 2575 814 2596 more
837 2568 988 2604 loquamur.
1025 2571 1078 2599 Per
1101 2570 1281 2607 geometricas
1302 2568 1375 2597 enim
1396 2567 1584 2598 necessitates.
1617 2569 1683 2598 quas
1717 2567 1766 2587 V0-

136 2622 210 2649 cant,
227 2615 367 2655 theoretna
383 2615 600 2643 demonstratum
611 2620 663 2643 est.

172 2672 252 2701 GEN.
272 2673 326 2708 Ego
351 2679 477 2702 naturam
502 2681 582 2700 unam
611 2673 673 2702 dico
700 2678 826 2708 respectu
850 2673 922 2701 iudi-

138 2724 250 2753 remptte
265 2719 385 2752 unionis,
405 2727 438 2747 ne
453 2719 580 2748 Christus
605 2720 630 2747 in
650 2720 717 2747 duos
738 2718 863 2747 Christos
880 2719 923 2746 di-

137 2766 256 2792 vidntur.

176 2821 304 2850 TllEOR.
326 2823 421 2851 Utram
442 2830 506 2859 ergo
532 2827 656 2852 naturam
683 2822 774 2852 dicis?
797 2823 926 2855 divinam.

1019 2672 1050 2699 '0
1065 2672 1145 2699 ΚΑΘ.
1168 2669 1239 2705 Ἐγὼ
1259 2669 1323 2705 μίαν
1338 2669 1419 2704 φύσιν
1433 2667 1506 2696 κατὰ
1518 2667 1568 2703 τὴν
1581 2666 1767 2693 ἀδιάσπαστον

979 2719 1052 2754 λέγω
1067 2718 1175 2751 ἕνωσιν,
1189 2717 1234 2743 ἵνα
1251 2717 1289 2752 μὴ
1305 2716 1345 2748 εις
1366 2715 1414 2742 δύο
1445 2713 1563 2750 μερισθῇ
1590 2713 1726 2749 Χριστοὺς
1751 2713 1766 2738 6

981 2765 1109 2800 Χριστός.

1020 2822 1050 2848 '0
1061 2822 1158 2849 ΘΕΩΡ.
1172 2820 1302 2855 Ποταπὴν
1314 2821 1396 2854 φύσιν
1411 2819 1480 2850 τέως
1495 2818 1585 2853 λέγεις
1601 2828 1608 2851 ;
1641 2817 1727 2849 θείαν,
1749 2816 1765 2851 ἦ
