1930 3073
160 109 215 144 150

194 167 274 195 GEN.
289 166 497 202 Sapientissime
512 167 641 203 loqueris.
658 167 757 195 Verum
773 168 810 195 uti
828 171 855 194 tu
869 167 950 199 dicis,
967 170 988 197 Α

158 213 314 249 exemplum
332 213 384 240 hoc
402 214 519 241 hominis
537 222 570 241 eo
586 219 690 241 tantum
713 223 727 242 a
744 215 845 242 sanctis
860 214 950 242 Patri-

160 262 210 289 bt.s
228 266 398 296 usurpatum,
419 265 449 288 ut
471 261 639 293 ostendatur,
663 261 892 295 quemadmodum
917 268 950 287 ex

160 308 249 335 aninta
269 313 296 335 et
313 315 424 342 corpore
443 315 513 334 unus
530 307 611 334 houto
627 313 744 340 constet,
771 307 806 334 ita
823 311 849 334 et
869 307 950 334 Citri-

160 359 231 381 stum
259 361 341 380 unum
359 361 391 380 rx
408 353 548 380 divinitate
565 353 787 388 lutmanitateque
803 358 927 380 constare
942 361 951 381 ε

159 400 200 428 sic
214 406 240 427 et
256 400 313 434 ipse
329 400 419 426 dicere
437 407 557 434 possum,
573 407 620 426 eos
638 401 669 427 ad
685 401 736 427 hoc
753 407 861 427 sumere
881 401 951 427 istud

160 447 279 474 hominis
303 447 467 480 exemplum.
496 451 523 472 ut
550 447 705 478 ostendant,
735 447 846 481 perinde
872 451 953 480 atque

160 492 250 518 anima
269 496 295 517 et
310 499 407 525 corpus
425 499 506 518 unam
525 491 641 518 ltominis
660 495 782 518 naturam
799 491 951 524 absolvant,

161 539 198 565 uti
214 544 324 565 sanctus
339 538 455 572 Cyrillus
478 537 607 572 loquitur,
641 539 676 565 ita
700 538 781 565 etiam
797 546 829 564 ex
852 538 952 565 divini-

161 589 217 611 tate
233 589 313 617 atque
337 583 504 610 humanitate
527 588 650 610 naturam
666 592 745 610 uuam
762 591 822 610 esse
844 583 954 611 absolu-

161 635 228 662 tam,
247 637 297 656 nec
314 629 340 656 in
358 629 467 656 homine
489 629 666 657 mutationem
691 634 850 657 naturarum
875 630 953 657 dein-

160 683 224 710 ceps
242 676 453 710 compositarum
468 676 636 709 comitatam,
653 683 700 702 nec
715 676 741 703 in
757 676 874 703 Christo.

196 721 323 748 Tillio“.
341 721 396 748 Nisi
412 721 577 756 prohibitqu
591 726 662 749 esset
676 729 690 748 a
704 722 804 748 sanctis
817 721 953 754 Pati-ibus,

162 776 194 795 ne
210 776 289 795 unam
306 767 331 794 in
346 767 456 804 Christo
472 772 607 799 naturam,
623 773 683 802 post
696 768 795 794 faciant
813 768 952 800 unionem,

162 816 282 842 dicamus
297 824 304 842 :
319 814 444 842 fortassis
463 822 545 842 ausus
569 813 666 842 fuisset
683 814 780 848 aliquis
803 815 905 847 itidem,
926 819 955 841 ut.

165 866 191 888 tu
210 855 293 892 dicis;
310 861 360 888 hoc
377 861 528 895 exemplum
548 861 736 894 interpretari;
754 861 817 887 licet
837 861 894 894 ipsa
914 868 955 887 re-
971 854 991 881 Β

163 915 220 934 rum
240 912 334 934 natura
358 907 398 935 sic
419 907 483 934 illud
499 907 585 945 aceipi
613 915 666 934 non
684 908 833 941 permittat,
851 907 888 933 uti
906 908 954 934 de-

162 954 368 980 monstrabitur.
385 953 461 980 Nunc
476 961 537 981 cum
556 953 622 981 tales
636 961 667 980 ac
683 958 721 980 tot
737 954 822 981 sancti
839 955 888 982 viri
904 957 955 981 hoc

162 999 350 1032 prohibuerint
387 1003 517 1033 tanquam
556 999 718 1032 sacrilegum
746 998 839 1034 (qum,
867 999 955 1034 inquit

162 1045 240 1071 divus
265 1044 307 1070 ille
331 1044 500 1077 Ambrosius,
522 1049 626 1071 tantum
653 1045 824 1078 sacrilegium
849 1044 954 1072 inferna

163 1090 361 1124 vomuerunt?)
399 1098 448 1117 ceu
473 1090 545 1124 piunt
565 1091 696 1124 recipere,
736 1091 854 1118 hominis
882 1091 953 1118 nulla

163 1141 253 1162 metite
271 1136 374 1169 prmditi
396 1136 487 1163 fuerit.

198 1180 277 1208 GEN.
297 1181 392 1208 Dixisti
410 1190 502 1215 supra,
521 1189 553 1208 ne
571 1181 655 1216 ipsam
678 1182 783 1215 quidem
801 1190 890 1209 rerum
907 1190 956 1208 na—

163 1231 251 1254 turam
271 1227 335 1261 pati,
356 1232 385 1253 ut
404 1226 443 1254 sic
466 1228 624 1261 accipiatur.
650 1226 784 1260 Quidnam
809 1228 890 1263 igitur
914 1234 955 1254 est

165 1272 375 1304 impedimento?
398 1279 484 1306 quove
512 1277 590 1306 pacto
618 1278 713 1299 natura
743 1280 832 1299 rerum
860 1273 885 1299 iu
913 1273 954 1300 his

163 1317 340 1344 adversatur?

198 1363 325 1391 THEOR.
343 1364 444 1391 Natura
462 1365 494 1391 de
509 1365 707 1392 universalibtts
722 1370 749 1392 et
765 1364 955 1392 communibus

163 1410 270 1442 dicitur,
291 1419 343 1437 non
369 1411 401 1438 de
419 1411 628 1444 particularibus
651 1416 678 1438 et
699 1411 854 1438 individuis.
868 1410 955 1437 llomo

162 1455 289 1490 quiddam
305 1460 346 1482 est.
361 1456 523 1483 universale.
540 1455 605 1482 Nam
623 1456 653 1482 de
669 1456 758 1488 Petro,
773 1460 799 1482 et
814 1455 907 1488 Paulo,
928 1459 955 1481 et

876 108 1095 140 THEORIANI

1041 166 1070 191 ’0
1087 164 1166 191 ΚΑΘ.
1184 163 1333 198 Σοφώτατα
1350 163 1452 199 λέγεις.
1461 164 1532 192 Ἀλλ’
1546 165 1643 201 ὥσπερ
1655 166 1688 192 σὺ
1696 166 1798 200 λέγεις.

1003 212 1045 238 ὅτι
1062 211 1191 246 εἴληπται
1206 212 1263 242 τοῖς
1278 211 1368 244 ἁγίοις
1380 211 1411 237 τὺ
1437 211 1485 238 τοῦ
1501 211 1647 246 ἀνθρώπου
1668 213 1802 247 παράδει-

1003 266 1062 292 γμα
1076 257 1145 293 πρὸς
1168 258 1249 290 μόνον
1264 257 1294 283 τὸ
1311 257 1408 290 δεῖξαι,
1421 258 1461 284 ὅτι
1475 257 1571 293 ὥσπερ
1586 259 1617 285 ὲκ
1648 258 1738 293 ψυχῆς
1753 260 1801 286 καί

1005 305 1132 340 σώματος
1147 304 1292 339 ἄνθρωπος
1305 302 1356 337 εἷς,
1373 305 1461 335 οὕτως
1477 305 1510 330 ὲκ
1526 305 1656 340 Θεότητος
1682 307 1730 332 καὶ
1756 307 1800 332 ἀν-

1004 350 1180 385 θρωπότητος
1190 347 1230 381 εἷς
1240 349 1358 385 Χριστός
1372 357 1379 364 ·
1396 349 1468 375 οὕτω
1478 348 1594 383 δύναμαι
1609 348 1687 383 κάγὼ
1700 351 1799 382 εἰπεῖν,

1007 396 1048 422 ὃτι
1065 397 1104 426 είς
1119 395 1201 422 τοῦτο
1216 395 1465 430 παραλαμϐάνουσι
1483 396 1513 421 τὸ
1548 395 1726 431 παράδειγμα
1751 396 1799 422 τοῦ

1004 441 1163 477 ἀνθρώπου,
1178 443 1218 474 είς
1233 442 1264 468 τὸ
1278 442 1376 474 δεῖξαι,
1395 443 1435 468 ὅτι
1449 441 1546 477 ὥσπερ
1560 442 1635 476 ψυχὴ
1654 443 1701 468 καὶ
1719 443 1800 478 σῶμα

1007 489 1072 524 μίαν
1086 488 1233 522 ἀνθρώπου
1244 488 1326 523 φύσιν
1339 488 1521 522 ἀπετέλεσαν,
1536 488 1573 520 ὥς
1587 498 1670 523 φησιν
1689 490 1702 516 ό
1722 490 1801 524 ἅγιος

1007 535 1153 571 Κύριλλος.
1167 535 1240 562 οὕτω
1256 537 1303 562 καὶ
1317 536 1350 562 ἐκ
1366 535 1494 570 θεότητος
1504 536 1552 562 καὶ
1589 536 1801 572 ἁνθρωπότητος

1008 582 1057 617 μία
1070 581 1153 616 φύσις
1166 581 1347 616 ἀπετελέσθη,
1363 582 1411 608 καὶ
1434 581 1497 608 οὔτε
1527 583 1557 608 ἐν
1591 582 1629 617 τῷ
1664 582 1802 617 ἀνθρώπῳ

1005 629 1096 664 τροπὴ
1110 629 1164 655 τῶν
1180 628 1243 663 ἑξῆς
1257 628 1437 655 συντεθεισῶν
1449 630 1558 663 φύσεων
1591 628 1802 664 παρηκολούθη-

1007 683 1063 706 σεν,
1080 674 1142 701 οὔτε
1157 675 1187 702 ἐν
1202 674 1240 709 τῷ
1258 674 1380 710 Χριστῷ.

1043 721 1074 749 ’0
1093 721 1192 749 ΘΕΩΡ,
1207 722 1238 748 El
1257 721 1294 756 μὴ
1307 721 1462 748 ἐκεκώλυτο
1477 721 1553 756 παρὰ
1578 721 1634 748 τῶν
1646 721 1730 756 ἁγίων
1744 722 1800 749 Πα-

1006 767 1105 802 τέρων,
1122 768 1154 794 τὸ
1166 767 1257 802 λέγειν
1272 767 1337 801 μίαν
1353 767 1400 794 ἐπὶ
1425 766 1472 793 τοῦ
1503 767 1623 802 Χριστοῦ
1653 768 1723 803 μετὰ
1751 769 1800 803 τὴν

1007 815 1108 842 ἕνωσιν
1124 814 1217 849 φύσιν,
1241 814 1306 846 ίσως
1322 814 1355 841 ἂν
1374 814 1510 850 ἐτόλμησέ
1525 823 1568 846 τις
1581 815 1626 841 καὶ
1653 815 1750 847 οὕτως,
1763 816 1801 847 ὡς

1007 862 1038 888 σὺ
1053 862 1117 897 φῂς,
1132 860 1260 888 ἐκλαϐεῖν
1276 861 1306 887 τδ
1318 861 1500 896 παράδειγμα
1513 869 1520 876 ·
1556 860 1608 887 κᾶν
1624 862 1640 896 ὴ
1656 861 1711 887 τῶν
1727 870 1800 896 πρα-

1007 910 1124 942 γμάτων
1145 907 1227 941 φύσις
1242 907 1328 937 οὕτως
1344 906 1411 932 αὐτὸ
1434 906 1659 941 ἐκλαμϐάνΞσθαι
1683 907 1733 933 οὐκ
1759 908 1801 941 ἐᾷ,

1006 952 1044 983 ὡς
1059 953 1238 987 δειχθήσεται
1256 960 1263 966 ·
1280 952 1340 978 νυνὶ
1358 951 1386 978 δὲ
1402 951 1540 977 τοσούτων
1557 952 1603 977 καὶ
1631 951 1802 986 τηλικούτων

1007 998 1103 1032 ἁγίων,
1115 999 1152 1030 ὡς
1162 998 1334 1033 βλάσφημον,
1348 998 1413 1024 αὐτὸ
1427 998 1608 1025 κωλυσάντων
1621 998 1707 1032 (ποῖος
1721 998 1800 1034 ᾅδης.

1007 1045 1089 1079 φησὶν
1101 1045 1114 1070 ὁ
1130 1044 1200 1075 θεῖος
1209 1045 1236 1070 Ἀ
1244 1044 1373 1079 μὸρόσιος
1384 1065 1391 1076 ,
1407 1043 1537 1078 τοιαύτην
1549 1043 1726 1078 βλασφημίαν
1736 1044 1801 1079 ἐξή-

1008 1091 1115 1126 μεσεν;)
1132 1090 1170 1122 ὼς
1184 1090 1298 1122 εὐσεϐὲς
1326 1090 1542 1125 παραδέχεσθαι,
1563 1090 1710 1126 ἀνθρώπου
1737 1091 1802 1117 νοῦν

1007 1138 1058 1164 οὐκ
1076 1137 1196 1172 ἔχοντος,
1216 1138 1277 1164 οὐδὲ
1297 1138 1410 1172 φρένας,
1427 1139 1512 1165 ἐστίν.

1047 1184 1076 1210 '0
1098 1184 1178 1211 ΚΛΘ.
1198 1182 1286 1215 Εἶπας
1299 1185 1365 1217 ἄνω,
1382 1184 1496 1211 arioli-.5
1512 1186 1527 1219 ἡ
1544 1186 1625 1220 φύσις
1648 1185 1701 1211 τῶν
1729 1194 1801 1220 πρα-

1006 1231 1120 1264 γμάτων
1137 1230 1222 1262 οὕτως
1244 1231 1276 1266 ἐᾷ
1302 1231 1536 1266 ἐκλαμϐάνεσθαι.
1568 1232 1601 1258 Τί
1622 1232 1668 1258 οὖν
1691 1233 1750 1258 ἐστι
1771 1231 1802 1258 τὸ

1007 1275 1113 1302 κωλύον
1128 1284 1134 1308 ;
1153 1277 1200 1302 καὶ
1213 1276 1271 1307 πῶς
1288 1276 1304 1311 ἡ
1320 1277 1401 1310 φύσις
1416 1277 1471 1302 τῶν
1485 1277 1659 1312 πραγμάτων
1688 1278 1717 1303 ὲν
1739 1277 1802 1304 τού-

1005 1330 1062 1352 τοις
1070 1321 1224 1347 ἀντίκειται
1236 1330 1244 1356 ;

1042 1367 1072 1393 '0
1085 1367 1228 1394 ΘΕΩΡ.”Η
1243 1367 1324 1401 φύσις
1339 1368 1386 1394 ἐπὶ
1399 1369 1453 1395 τῶν
1467 1369 1584 1395 καθόλου
1597 1369 1644 1399 καὶ
1653 1370 1749 1396 κοινῶν
1759 1369 1801 1394 λέ-

1006 1422 1097 1447 γεται,
1115 1414 1165 1440 οὐκ
1177 1415 1223 1441 ἐπὶ
1238 1414 1291 1441 τῶν
1312 1415 1434 1451 μερικῶν
1447 1416 1495 1442 καὶ
1505 1416 1626 1450 ἀτόμων.
1652 1417 1681 1442 '0
1696 1415 1742 1442 οὖν
1756 1416 1802 1442 ἄν·

1007 1460 1115 1496 θρωπος
1132 1461 1248 1488 καθόλου
1265 1462 1333 1489 ἐστί.
1354 1461 1432 1489 Κατὰ
1446 1462 1501 1498 γὰρ
1517 1463 1632 1497 Πέτρου,
1662 1463 1709 1489 καὶ
1723 1463 1798 1489 ﬂati-

162 1502 289 1529 omnibus
305 1502 442 1536 Sigillulltll
461 1503 614 1529 hominibus
638 1503 809 1536 praedicatur.
828 1502 953 1537 Quapro-

1009 1508 1063 1540 λου,
1080 1509 1127 1534 καὶ
1144 1508 1254 1534 πάντων
1267 1508 1321 1534 τῶν
1333 1509 1406 1535 κατὰ
1428 1509 1513 1544 μέρος
1542 1508 1698 1543 ἀνθρώπων
1714 1517 1800 1541 κατη-

163 1554 222 1582 pter
245 1554 273 1575 et
290 1557 341 1575 una
367 1555 459 1575 natura
486 1549 594 1576 dicitur.
619 1548 719 1576 Omnes
736 1549 809 1575 enim
833 1549 956 1576 homines

162 1601 195 1620 cx
214 1594 302 1620 auitna
321 1595 423 1622 ratione
439 1595 550 1629 prmdita
573 1599 599 1621 et
619 1602 732 1629 corpore
753 1600 890 1628 constant,
906 1595 956 1621 ho-

163 1640 297 1674 minisque
321 1640 505 1667 dcﬁnitiOnem
533 1640 680 1675 recipiunt.
706 1640 834 1667 nimirum
858 1640 953 1668 hanc:

163 1686 271 1713 Animal
296 1686 399 1714 ratione
423 1687 574 1721 praeditum,
599 1686 720 1714 nun-tale.
747 1686 869 1713 Definitio
892 1694 955 1713 vero

164 1738 288 1759 naturam
306 1733 343 1759 rei
360 1733 488 1767 subjectae
502 1734 678 1760 demonstrat.
694 1732 778 1765 Quam
794 1734 828 1759 ob
844 1741 953 1760 causam

165 1778 301 1806 individua
320 1779 455 1813 propriam
472 1779 656 1806 deﬁnitionem
679 1786 731 1806 non
748 1779 858 1806 habent.
874 1779 953 1806 Chri-

165 1832 222 1853 stus
239 1831 327 1853 autem
354 1834 402 1853 nec
425 1826 589 1857 universale,
606 1835 654 1853 nec
668 1834 812 1854 connuune
827 1828 953 1862 quiddam

164 1877 216 1899 est.
232 1872 289 1900 Utta
304 1874 430 1900 nimiunn
444 1879 484 1899 est
501 1874 664 1908 hyposmsis,
680 1882 730 1899 una
747 1882 871 1908 persona,
888 1881 955 1908 qua-

163 1919 241 1953 sique
261 1920 437 1947 individuum.
457 1919 514 1946 Non
538 1920 609 1947 enim
634 1921 678 1946 alii
700 1920 800 1947 Christi
826 1926 900 1950 sunt,
921 1929 953 1947 ex

163 1965 304 1993 divinitate
321 1971 404 1998 atque
427 1966 594 1993 humanitate
617 1971 788 1997 constantes,
809 1967 842 1993 de
866 1967 899 1993 iis
925 1972 954 1994 ut

163 2007 334 2047 pra-dicetur.
352 2013 503 2047 Eapropter
519 2020 570 2039 una
587 2013 679 2046 nequit
692 2020 751 2039 esse
766 2017 869 2039 natura.
885 2011 952 2039 Nam

162 2058 336 2092 partirularis
358 2064 385 2086 et
409 2059 547 2086 individua
574 2063 670 2085 natura
696 2058 810 2092 reperiri
836 2059 951 2092 nequit:

163 2108 209 2135 sed
229 2110 318 2135 omnis
345 2113 442 2135 natura
467 2107 628 2135 universalis
646 2112 698 2140 est,
720 2107 807 2142 deque
832 2106 954 2141 pluribus

162 2154 269 2181 dicitur.
290 2153 347 2180 Non
364 2154 441 2189 longe
463 2155 604 2181 abeamus.
624 2153 725 2181 Natura
743 2154 832 2181 divina
857 2154 952 2188 praedi-

161 2204 238 2227 catur
261 2200 295 2228 de
323 2200 413 2232 Patre.
441 2201 474 2228 de
501 2199 580 2233 Filio,
598 2205 625 2226 et
642 2199 745 2233 Spiritu
769 2205 863 2227 sancto
880 2207 887 2225 :
907 2199 952 2226 iti-

162 2247 277 2280 demque
297 2246 452 2280 angelorum
468 2251 563 2273 natura
582 2247 614 2273 de
628 2245 771 2277 Michaelo,
785 2245 915 2278 Gabrieli,
926 2249 953 2272 et.

162 2293 195 2321 de
207 2293 332 2320 ueteris:
349 2293 487 2320 hominum
508 2293 634 2327 denique,
645 2293 677 2319 de
690 2292 812 2324 Socrate,
830 2292 952 2322 Platone,

162 2340 195 2368 de
209 2339 319 2375 reliquis
333 2340 515 2374 particulatim
529 2340 694 2367 hominibus.
709 2339 841 2366 Similiter
851 2345 877 2366 et
892 2339 950 2370 bos.

162 2390 189 2412 ct
212 2393 298 2419 equus
315 2385 421 2419 aliaque
439 2385 514 2417 talia,
537 2385 570 2412 de
593 2385 718 2412 omnibus
735 2385 784 2411 sub
807 2392 836 2411 se
854 2384 952 2410 indivi-

162 2431 233 2459 duis.
251 2432 384 2465 Quoniam
401 2439 466 2466 ergo
481 2431 712 2465 naturajquiddam
729 2435 770 2457 est
786 2430 949 2462 universale,

161 2478 287 2506 Christus
307 2483 397 2506 autem
418 2478 547 2512 quiddam
567 2478 719 2504 universale
737 2485 789 2503 non
812 2481 868 2506 est.
898 2484 954 2502 ma-

162 2524 261 2552 nifesto
284 2529 368 2559 patet,
395 2524 517 2551 homines
541 2529 613 2551 recte
641 2523 789 2550 sentientes
816 2529 952 2556 nunquam

162 2571 285 2598 dicturos
301 2578 382 2598 unam
397 2575 531 2598 naturam.
546 2570 639 2604 Itaque
658 2577 719 2596 cum
735 2573 762 2596 et
775 2569 809 2596 ab
829 2569 885 2602 ipsa
907 2575 954 2594 ua-

164 2622 224 2644 tura
242 2624 344 2649 rerum,
355 2621 382 2644 et
399 2625 414 2644 a
432 2617 533 2644 sanctis
553 2616 618 2644 viris
636 2615 807 2643 interdictum
823 2614 859 2642 sit
874 2623 882 2643 :
899 2621 953 2642 non

165 2663 244 2690 modo
254 2670 495 2697 supervacaneum.
508 2662 555 2692 sed
568 2662 648 2690 nimis
660 2662 748 2691 audax
768 2668 876 2696 quoque
893 2668 953 2688 mea

166 2709 247 2736 fuerit
283 2709 420 2743 opinione,
452 2717 532 2737 unam
564 2709 590 2737 in
625 2708 735 2736 Christo
757 2713 880 2735 naturam
911 2706 954 2734 dl-

169 2763 240 2783 cere.

206 2799 284 2827 GEN.
302 2799 389 2828 Meum
406 2808 470 2828 vero
484 2801 602 2829 animum
616 2801 709 2838 Cyrilli
723 2801 846 2830 verberat
862 2805 955 2828 aucto-

173 2847 251 2880 ritas,
274 2855 333 2874 cutn
358 2847 420 2876 ait:
440 2847 497 2875 Una
522 2854 619 2876 natura
644 2847 783 2876 Sermonis
809 2847 954 2875 incantati.

1007 1555 1141 1589 γορείται.
1159 1555 1204 1580 Διδ
1224 1554 1271 1581 καὶ
1286 1555 1336 1589 μία
1352 1555 1434 1588 φύσις
1447 1554 1568 1588 λέγεται.
1586 1555 1691 1586 Πάντες
1704 1554 1757 1590 γὰρ
1775 1555 1799 1581 οι

1007 1600 1146 1634 ἄνθρωποι
1159 1600 1191 1626 ἐκ
1204 1600 1294 1635 ψυχῆς
1312 1599 1426 1635 λογικῆς
1444 1601 1499 1626 εἶσι
1524 1600 1572 1626 καὶ
1597 1599 1732 1634 σώματος,
1751 1601 1800 1626 καὶ

1006 1647 1051 1672 τὸν
1068 1646 1130 1680 ὅρον
1147 1645 1194 1672 τόὖ
1213 1646 1358 1680 ἀνθρώπου
1373 1646 1556 1681 ἐπιδέχονται,
1586 1646 1615 1677 ὃς
1630 1647 1699 1679 ἐστι,
1723 1647 1798 1673 Ζῶον

1006 1691 1124 1725 λογικῗυν,
1139 1692 1246 1726 θνητόν.
1267 1692 1300 1718 '0
1313 1692 1340 1718 δὲ
1356 1692 1418 1726 ὅρος
1429 1693 1478 1726 τὴν
1493 1691 1574 1726 φύσιν
1587 1691 1634 1718 τοῦ
1649 1692 1799 1726 ὑποκειμέ-

992 1747 1052 1765 ινου
1068 1739 1232 1773 πράγματος
1248 1738 1333 1773 δηλοῖ.
1351 1738 1401 1765 Διὰ
1415 1738 1495 1765 τοῦτο
1510 1738 1543 1764 τὰ
1554 1739 1642 1774 ἄτομα
1653 1739 1719 1766 ἴδιον
1735 1739 1799 1775 ὅρον

1006 1785 1055 1811 οὐκ
1068 1785 1185 1819 ἔχουσιν.
1207 1785 1237 1811 '0
1257 1785 1284 1811 δὲ
1299 1786 1415 1820 Χριστδς
1440 1785 1489 1811 οὐκ
1506 1785 1563 1812 ἐστι
1591 1785 1718 1818 καθόλου,
1739 1785 1800 1812 οὐδὲ

1005 1831 1113 1856 κοινόν⁸
1133 1830 1182 1865 μία
1197 1831 1252 1866 γὰρ
1269 1831 1417 1861 ὑπόστασις
1438 1831 1505 1863 ἐστι,
1524 1831 1571 1857 καὶ
1595 1831 1623 1857 ἒν
1641 1832 1798 1867 πρόσωπον,

1006 1877 1052 1903 καί
1069 1877 1180 1909 ἄτομον.
1197 1877 1234 1902 Ού
1248 1877 1302 1912 γάρ
1319 1877 1389 1903 εἰσιν
1406 1877 1482 1915 ἄλλοι
1494 1877 1608 1912 Χριστοὶ
1624 1878 1656 1903 ἐκ
1669 1877 1801 1911 θεότητος

1006 1923 1052 1962 κοιλ
1067 1923 1289 1958 ἁνθριυπότητος,
1306 1923 1350 1949 ἵνα
1378 1923 1439 1950 κατ’
1468 1924 1582 1950 ἐκείνων
1607 1925 1799 1960 κατηγορηθῇ.

1005 1968 1051 1994 Διὸ
1064 1969 1125 1995 οὐδὲ
1143 1968 1193 2002 μία
1207 1968 1288 2003 φύσις
1299 1968 1412 1996 δύναται
1430 1967 1512 1995 εἶναι.
1541 1969 1664 2004 Μερικὴν
1679 1971 1734 2004 γὰρ
1748 1971 1800 2005 φύ-

1005 2024 1060 2047 σιν,
1078 2015 1126 2042 καὶ
1137 2015 1250 2050 ἄτομον,
1268 2015 1411 2050 ἀμήχανον
1423 2016 1514 2051 εὑρεῖν
1530 2025 1536 2032 ·
1566 2016 1636 2043 ἀλλὰ
1656 2017 1732 2043 πᾶσα
1745 2016 1799 2050 φύ-

1006 2070 1048 2092 σις
1064 2060 1179 2087 καθόλου
1192 2061 1267 2092 ἐστὶ,
1281 2062 1327 2087 καὶ
1344 2061 1416 2088 κατὰ
1430 2061 1562 2088 πλειόνων
1573 2062 1694 2095 λέγεται.
1710 2062 1800 2095 Εὐθὺς

1005 2107 1059 2142 γὰρ
1074 2108 1089 2143 ἠ
1104 2107 1164 2133 θεία
1180 2107 1262 2142 φύσις
1276 2109 1474 2142 κατηγορεῖται
1501 2108 1572 2134 κατά
1598 2108 1646 2134 τοῦ
1678 2108 1798 2144 [ἰατρὸς.

1005 2153 1053 2180 καὶ
1069 2153 1116 2179 τοῦ
1129 2153 1205 2185 Υἰοῦ,
1219 2154 1266 2180 καὶ
1282 2152 1329 2180 τοῦ
1346 2153 1424 2190 ἁγίου
1440 2154 1602 2188 Πνεύματος
1616 2162 1623 2170 ν
1645 2155 1694 2181 καὶ
1711 2155 1728 2190 ὴ
1742 2155 1799 2180 τῶν

1006 2200 1130 2235 ἀγγέλων
1145 2201 1238 2234 φύσις,
1259 2200 1329 2227 κατὰ
1348 2189 1471 2236 Μιχαὴλ,
1490 2202 1538 2227 καὶ
1568 2201 1702 2236 Γαϐριὴλ,
1723 2189 1726 2190 ν
1747 2203 1795 2228 καὶ

1006 2247 1060 2273 τῶν
1073 2247 1195 2274 λοιπῶν⁵
1214 2247 1292 2280 καὶὴ
1313 2247 1368 2273 τῶν
1390 2247 1556 2282 ἀνθρώπων,
1586 2248 1657 2274 κατὰ
1685 2247 1800 2283 Σωκρά-

1006 2302 1080 2325 τους.
1097 2293 1145 2319 καὶ
1157 2293 1312 2325 Πλάτωνος,
1322 2294 1368 2319 καὶ
1379 2294 1434 2320 τῶν
1446 2294 1516 2319 κατὰ
1533 2293 1614 2328 μέρος
1628 2293 1796 2327 ἀνθρώπων.

1011 2339 1132 2373 Ὁμοίως
1157 2339 1206 2366 καὶ
1233 2338 1307 2373 βοῦς.
1332 2339 1380 2365 καὶ
1393 2338 1488 2371 ἵππος,
1512 2339 1559 2364 καὶ
1585 2339 1707 2367 τοιαῦτα.
1727 2339 1799 2365 κατὰ

1008 2385 1118 2411 πάντων
1129 2384 1184 2410 τῶν
1199 2385 1245 2411 ὑπ’
1262 2385 1332 2412 αὐτὰ
1346 2384 1466 2418 ἀτόμων,
1497 2385 1575 2410 Ἐπεὶ
1599 2382 1646 2410 οὖν
1675 2384 1691 2419 ἠ
1717 2384 1799 2418 φύσις

1007 2430 1125 2457 καθόλου
1138 2431 1223 2462 ἐστὶν,
1236 2431 1249 2457 ὁ
1261 2430 1289 2456 δὲ
1305 2430 1426 2465 Χριστὸς
1443 2431 1493 2456 οὐκ
1506 2429 1564 2456 ἔστι
1581 2430 1698 2456 καθόλου
1711 2437 1716 2443 ·
1731 2430 1799 2464 πρό-

1006 2476 1098 2510 δηλον,
1110 2476 1150 2502 ὅτι
1169 2476 1218 2512 μία
1235 2476 1316 2511 φύσις
1331 2476 1403 2503 κατὰ
1437 2476 1491 2502 τῶν
1519 2475 1728 2510 εὐφρονούντων
1746 2476 1797 2502 οὐκ

1008 2526 1041 2553 ἂν
1056 2533 1121 2552 ποτε
1131 2525 1295 2561 ῥηθήσεται.
1309 2524 1390 2551 Ἐπεὶ
1402 2524 1494 2551 τοίνυν
1507 2525 1555 2550 καὶ
1575 2523 1654 2559 παρὰ
1679 2524 1732 2558 τῆς
1747 2523 1799 2557 φύ-

1008 2580 1077 2603 σεως
1092 2572 1185 2604 αὐτοῖς
1198 2571 1253 2598 τῶν
1272 2569 1456 2606 πραγμάτων,
1473 2570 1519 2596 καὶ
1535 2569 1612 2605 παρὰ
1641 2569 1696 2596 τῶν
1711 2569 1799 2604 ἁγίων

1008 2617 1174 2651 κεκώλυται,
1199 2617 1231 2643 οὐ
1248 2615 1378 2653 περιττὸν
1389 2616 1482 2654 μόνον,
1509 2616 1579 2643 ἀλλὰ
1596 2616 1645 2642 καὶ
1662 2615 1800 2652 τολμηρὸν

1007 2664 1103 2700 ἔμοιγε
1116 2665 1187 2696 τέως
1197 2664 1283 2698 δοκεῖ,
1294 2664 1360 2700 μίαν
1376 2664 1458 2700 φύσιν
1470 2664 1562 2699 λέγειν
1591 2665 1638 2692 hri
1664 2663 1712 2690 τοῦ
1731 2663 1801 2698 Χρι-

1008 2711 1084 2738 στοῢ.

1043 2801 1073 2827 Ὀ
1088 2800 1171 2827 ΚΛΘ.
1192 2800 1290 2827 κλονεῖ
1303 2808 1353 2834 μου
1369 2800 1415 2826 τὸν
1427 2799 1518 2834 νοῦνὴ
1533 2800 1632 2834 χρῆσις
1645 2800 1692 2825 τοῦ
1707 2807 1796 2834 μακα-

1010 2846 1068 2881 ρίου
1085 2846 1235 2881 Κυρὶλλου,
1251 2846 1268 2879 ἡ
1283 2845 1411 2878 λέγουσα,
1430 2846 1486 2872 Μία
1499 2846 1578 2878 φύσις
1604 2845 1651 2871 τοῦ
1689 2852 1796 2877 σαρκω-
