1929 3076
155 155 203 187 16'.)

830 146 1064 178 DISPUTATIO
1086 148 1108 176 Ι.

1738 144 1788 176 1το

151 212 235 248 Τριάς
245 212 331 242 ἐστιν,
342 209 373 236 οὺ
387 207 520 244 δεχομένη
535 206 705 242 προσθήκην,
718 205 778 232 οὑδέ
787 205 941 239 ἀφαίρεσιν,

1007 202 1121 229 tmlcsles
1138 207 1229 237 portas
1247 201 1344 229 evasit.
1358 201 1477 229 Trinitas
1495 201 1604 236 quidem
1632 207 1705 229 certe
1727 202 1790 228 Tri-

152 258 210 285 ἀλλ’
226 258 270 284 ἀεὶ
300 256 392 283 τελεία
409 255 479 286 ἐστὶ,
500 254 548 281 καὶ
560 255 590 280 ἐν
609 253 703 288 Τριάδι
728 254 777 287 μία
788 252 890 285 Θεότης
902 257 946 284 γι-

151 305 298 331 νώσκεται.
336 303 391 330 Καὶ
417 302 505 332 οὕτως
523 301 553 327 ἐν
578 301 611 334 τῇ
631 298 781 333 Ἐκκλησία
810 296 850 329 εἷς
881 296 946 327 Θεὸς

152 351 318 387 κηρύττεται
335 348 407 376 ὁτοῦ
442 347 530 381 Λόγου
561 346 667 381 Πατήρ.
697 344 832 379 Ἀκὴκοας
857 343 915 374 πῶς
934 343 947 368 ό

154 397 291 432 μακάριος
307 394 469 425 ’Λθανάσιος
486 393 570 425 ζήλου
588 393 678 419 πνέων
701 391 795 418 ἐνθέου
810 390 948 417 καθάπτε-

152 450 198 468 ται
226 441 282 467 τῶν
304 440 441 474 λεγόντων
472 438 616 474 ὁμοούσιον
636 436 675 473 τῷ
705 437 784 472 Λόγῳ
799 437 830 463 τδ
849 435 946 470 adipe;

156 486 382 522 Ἐρυθριάσουσι,
398 485 477 520 φησί.
498 484 553 512 Καὶ
575 485 667 511 πάλιντ
689 483 728 510 Οὐ
744 482 862 515 νοοῦσιν,
875 483 948 513 ὅπως

153 533 263 563 ἑαυτοῖς
285 531 495 566 περιπίπτουσι.
528 531 583 558 Kal
594 529 673 561 αὖθις
686 537 694 545 ·
713 529 770 564 Τὴν
790 528 948 564 ἀφροσύνην

153 579 246 605 αὐτῶν
271 577 359 610 ἔξεστι
380 576 513 613 καθορᾷν.
542 577 598 603 Καὶ
616 577 749 612 ἀνοήτους
765 575 813 602 καὶ
827 575 948 610 ἄφρονας

155 625 255 657 αὐτοὺς
278 624 425 651 ἀποκαλεῖ.
457 623 538 650 Ἀλλὰ
565 623 651 650 ταῦτα
678 623 727 658 μὲν
743 624 756 649 ὁ
775 623 846 658 ίερδς
866 622 950 648 ’Δϐασι

157 669 259 700 νάσιος.
282 668 379 704 Ἡμεῖς
390 668 418 695 δὲ
434 668 624 703 ἁπελέγξομεν
647 669 693 695 καὶ
713 668 812 700 ἄλλως,
827 669 851 694 εἰ
864 668 947 698 δοκεῖ,

157 714 204 750 τὴν
215 714 327 742 ἐκείνων
351 714 492 741 ἀσέϐειαν.

199 843 229 871 ’0
243 844 324 872 ΚΑΘ.
343 843 423 880 Ἐμοὶ
450 844 520 876 τέως
543 844 628 878 δοκεῖ,
644 844 682 880 μὴ
706 844 811 871 δεῖσθαι
828 843 950 876 πλείονος

158 890 273 925 ἐλέγχου
290 891 329 921 εἰς
348 890 379 917 τὸ
408 890 594 926 γνωρισθῆναι
609 890 641 916 τὺ
655 890 777 917 τοιοῦτον
797 889 946 926 ὀλίσθημα.

163 936 192 962 ‘0
209 936 263 970 γὰρ
287 935 328 971 τῷ
357 935 426 971 ἁγίῳ
451 935 604 967 Ἀθανασίῳ
623 936 768 972 πεισθῆναι
794 936 832 972 μὴ
854 936 950 972 βουλη-

158 982 224 1014 οεὶς,
240 981 298 1016 εἴγε
312 982 382 1013 τέως
396 981 447 1016 τῆς
473 982 527 1008 τῶν
550 981 725 1016 Χριστιανῶν
760 983 860 1018 μοίρας
882 990 949 1016 τυγ-

157 1027 234 1062 χάνει
247 1027 297 1060 ὢν,
312 1028 432 1054 τοσαῦτα
462 1027 665 1063 καταϐοήσαντι
694 1028 746 1063 τῆς
781 1028 874 1060 ἀνοίας
895 1027 950 1054 τῶν

157 1075 304 1111 δμοοὺσιον
329 1075 370 1110 τῷ
393 1075 473 1110 Λόγῳ
492 1076 523 1102 τὸ
543 1075 625 1110 σῶμα
661 1075 884 1110 φληναφούντων,
903 1074 952 1101 καὶ

157 1122 277 1158 τετράδα
293 1121 354 1149 ἀντὶ
370 1122 487 1157 Τριάδος
504 1122 555 1158 τὴν
575 1122 697 1157 Θεότητα
717 1122 841 1156 γίνεσθαι
863 1122 952 1157 ληρω-

157 1168 288 1201 δούντων,
305 1168 356 1195 οὐκ
380 1167 440 1195 οῐῦα
469 1168 522 1195 τίνι
540 1169 596 1195 τῶν
616 1168 662 1195 ἐπὶ
676 1168 729 1203 γῆς
743 1167 789 1194 νῦν
806 1168 891 1194 ὄντων
906 1167 953 1194 ἁν-

159 1213 278 1248 θρώπων
291 1213 480 1250 πεισθήσεται.
499 1214 573 1249 Πλὴν
592 1214 655 1241 ἐπεὶ
671 1213 764 1241 πολλοὶ
781 1213 864 1249 ἢούδ’
884 1213 952 1245 ὅλως

158 1260 379 1294 ἀναγινώσκουσι
393 1260 443 1292 τὰς
457 1260 533 1292 θείας
558 1260 682 1295 Γραφὰς,
698 1259 715 1294 ἢ
731 1259 954 1301 ἀναγινώσκουσι

162 1307 303 1344 μὲν,πλὴν
313 1307 383 1335 ἀλλὰ
394 1308 553 1343 παρέργως,
564 1309 612 1335 καὶ
626 1309 676 1335 οὐκ
687 1307 836 1342 ἐπιμελῶς·
851 1307 897 1333 καὶ
909 1306 953 1333 διὰ

160 1353 244 1380 τοῦτο
259 1354 306 1381 τὸν
320 1354 351 1380 ἐν
367 1353 443 1389 βάθει
460 1353 523 1381 νοῦν
554 1354 646 1381 αὐτῶν
676 1354 831 1388 ἀγνοοῦσιψ
855 1354 881 1380 εἴ
912 1361 954 1380 σοι

159 1401 235 1427 δοκεί
261 1400 308 1426 καὶ
329 1399 443 1427 δύνασαι
468 1400 516 1427 καὶ
542 1399 630 1432 ἄλλως
652 1400 703 1435 τὴν
717 1399 830 1426 ἐκείνων
845 1399 954 1434 ἐλέγξαι

162 1448 280 1482 πλάνην,
293 1445 323 1473 εὖ
339 1447 389 1482 ἔσῃ
409 1447 505 1481 ποιῶν,
523 1447 571 1474 καὶ
587 1447 664 1482 φίλον
675 1446 746 1482 Θεῷ,
759 1447 806 1474 καὶ
823 1446 889 1482 ἡμῖν
905 1455 956 1473 κα-

163 1494 304 1529 ταοὺμιον.

1000 249 1068 276 nitas
1081 254 1132 281 est,
1146 248 1252 275 etiamsi
1269 248 1365 275 Sermo
1378 255 1475 282 corpus
1491 255 1524 275 ex
1532 247 1620 280 Malia
1631 249 1787 282 sumpserit,

1000 295 1099 322 nullam
1117 302 1166 321 nec
1185 295 1372 322 accessionem
1390 295 1547 327 admittens,
1564 302 1614 322 nec
1628 295 1789 322 diminutio-

1000 345 1060 365 ncm
1079 345 1086 364 :
1101 338 1149 365 sed
1166 337 1285 371 perfecta
1311 345 1418 373 semper
1429 342 1482 370 est,
1499 343 1526 365 et
1541 346 1594 365 una
1611 339 1636 365 in
1656 338 1790 367 Trinitate

999 384 1133 411 Divinitas
1146 384 1312 417 agtutscitnr.
1325 385 1413 418 Atque
1427 385 1479 412 hoc
1494 385 1574 412 modo
1591 386 1660 413 Deus
1677 394 1747 412 unus
1762 386 1789 414 in

1001 427 1120 455 Ecclesia
1138 429 1307 462 prmdicatnr,
1323 429 1403 456 Pater
1419 429 1463 456 ille
1474 430 1625 458 Sermonis.
1641 431 1725 459 Audis
1736 440 1789 466 quo

1000 479 1080 509 pacto
1099 475 1195 502 beatus
1210 475 1387 507 Athanasius.
1403 476 1524 503 divinum
1540 477 1683 511 quemdam
1698 478 1787 506 zelum

1001 521 1118 555 spirans,
1129 528 1176 548 eos
1194 525 1297 557 tangat,
1316 522 1361 556 qui
1387 529 1486 556 corpus
1501 523 1621 556 ejusdem
1648 532 1708 552 esse
1723 525 1789 551 sub-

1001 568 1108 595 stantia:
1136 575 1198 595 cum
1214 567 1347 596 Sermone
1372 569 1478 597 dicunt.
1501 569 1607 597 Pudore
1628 570 1789 603 adicientur.

1001 613 1055 644 ait;
1066 613 1148 640 item:
1165 612 1223 641 Non
1234 614 1354 648 cogitant
1367 621 1422 649 quo
1439 619 1518 648 pacto
1533 617 1638 650 seipsos
1657 621 1790 643 evertant.

1002 658 1032 684 Et
1045 666 1162 686 rursus:
1185 659 1365 687 Stolidilatem
1388 660 1508 694 ipsorum
1538 663 1693 696 perspicere
1718 662 1790 690 licet.

1002 702 1164 737 lusipientes
1187 709 1214 731 et
1231 704 1328 731 stultos
1349 709 1438 732 vocat.
1456 705 1489 732 Et
1510 707 1567 734 haec
1581 707 1690 741 quidem
1705 707 1793 735 Alba-

1003 749 1106 776 nasius.
1129 749 1184 777 Nos
1207 755 1297 778 autem
1321 750 1374 777 alio
1404 759 1512 787 quoque
1534 754 1623 786 modo,
1641 754 1663 780 si
1693 754 1790 788 placet,

1003 796 1169 831 impietatem
1190 804 1284 824 eorum
1303 798 1506 833 redarguemus.

1038 841 1118 870 GEN.
1128 842 1193 870 Mihi
1209 844 1404 877 sane_videtur,
1418 845 1451 871 ad
1463 845 1596 879 ejusmodi
1606 847 1708 875 erroris
1719 850 1794 883 agni-

1003 889 1117 921 tionem,
1135 898 1188 917 nou
1207 897 1268 918 esse
1291 898 1359 926 opus
1380 891 1503 926 ampliori
1535 892 1707 921 refutatione.
1726 894 1792 922 Nam

1003 935 1048 970 qui
1065 937 1194 964 assentiri
1211 942 1308 964 sancto
1325 937 1386 964 viro
1401 937 1548 965 Athanasio
1565 946 1617 966 non
1634 939 1700 972 vult,
1714 942 1794 968 modo

1001 981 1177 1010 Christianus
1193 987 1246 1016 est,
1265 987 1408 1017 tantopere
1423 984 1586 1012 occlamanti
1601 992 1695 1012 eorum
1716 993 1792 1013 vesa-

1004 1029 1065 1060 nia},
1083 1029 1129 1063 qui
1145 1036 1245 1064 corpus
1267 1029 1389 1064 ejusdem
1413 1036 1475 1056 esse
1499 1037 1559 1057 cum
1580 1031 1710 1058 Sermone
1731 1032 1794 1059 sub—

1003 1076 1111 1103 stantiae
1133 1081 1280 1110 nuganlur,
1304 1081 1331 1102 et
1357 1076 1564 1110 quaternionem
1591 1077 1618 1104 in
1648 1077 1795 1106 Divinitate

1004 1122 1064 1150 loco
1078 1121 1232 1160 Trinitatis,
1251 1122 1309 1155 fieri
1322 1123 1459 1150 somniant
1473 1131 1480 1150 :
1496 1123 1605 1150 cuinam
1626 1125 1793 1156 mortalium,

1005 1169 1116 1197 nuncin
1136 1169 1217 1196 terris
1240 1169 1394 1202 exsisteuti,
1416 1170 1452 1197 sit
1477 1177 1651 1202 assensurus,
1668 1171 1795 1206 equidem

1006 1223 1058 1242 non
1075 1215 1165 1243 video.
1181 1215 1248 1248 Quia
1266 1221 1355 1242 tamen
1366 1215 1530 1249 complures.
1548 1220 1595 1242 aut
1614 1217 1726 1244 omnino
1738 1217 1796 1244 Lit-

1006 1266 1079 1289 teras
1093 1269 1186 1288 sacras
1200 1268 1252 1288 non
1268 1261 1372 1295 legunt,
1391 1266 1438 1288 aut
1453 1261 1544 1296 legunt
1558 1261 1593 1287 illi
1608 1262 1729 1296 quidem.
1746 1263 1793 1290 sed

1006 1307 1079 1335 aliud
1102 1308 1182 1343 quasi
1206 1311 1331 1342 ageutes,
1355 1315 1409 1334 non
1436 1308 1576 1340 studiose;
1592 1316 1643 1342 qua
1661 1310 1695 1336 de
1713 1317 1796 1336 causa

1007 1362 1126 1384 mentem
1141 1363 1235 1384 earum
1257 1356 1380 1382 intimam
1396 1355 1542 1388 ignorant:
1556 1360 1630 1383 recte
1643 1355 1752 1390 feceris,
1770 1362 1798 1384 et

1006 1408 1147 1438 acceptum
1165 1403 1231 1435 Deo,
1249 1402 1383 1436 nobisque
1403 1407 1508 1436 gratum
1528 1403 1698 1436 praestiteris,
1714 1403 1736 1431 si
1754 1411 1799 1431 er-

1008 1456 1097 1477 rorem
1113 1456 1206 1476 eorum
1234 1448 1437 1482 confutaveris;
1458 1449 1539 1476 modo
1564 1449 1590 1476 id
1609 1449 1657 1476 tibi
1680 1449 1797 1484 placeat,

1007 1502 1035 1524 et
1050 1496 1102 1523 alia
1117 1495 1208 1523 facere
1227 1495 1268 1522 via
1282 1496 1380 1530 possis.

202 1541 232 1567 '0
245 1540 343 1567 ΘΕΩΡ.
366 1539 461 1566 Πολλοὶ
484 1539 530 1567 τοῦ
543 1539 710 1575 χαιρεκάκου
734 1540 781 1566 καὶ
800 1539 953 1576 μισανθρώ-

1044 1541 1171 1569 THEOR.
1189 1541 1263 1569 Multi
1291 1541 1410 1575 Satanae,
1426 1541 1473 1576 qui
1491 1541 1569 1569 malis
1593 1541 1754 1574 oblectatur,
1772 1548 1800 1571 et

162 1597 214 1614 που
228 1587 318 1614 Σατὰν
332 1585 456 1622 μαθηταὶ
471 1586 619 1620 γεγόνασιν
629 1586 646 1621 ἢ
663 1585 763 1621 μᾶλλον
776 1585 883 1620 ὄργανα
913 1587 954 1619 είς

161 1635 304 1662 ἀπώλειαν
329 1633 446 1666 πολλῶν,
469 1629 526 1664 οἷος
550 1629 586 1668 ἧν
609 1632 624 1658 ὁ
640 1632 772 1667 Θεήλατος
789 1632 922 1668 Σέὸηρος,
940 1633 954 1658 ό

160 1681 209 1708 τοῦ
226 1681 324 1716 ϐρόνου
339 1681 388 1715 τῆς
415 1678 583 1714 Ἀντιοχείας
607 1680 751 1714 κρατήσας
771 1679 953 1714 τυραννικῶς,

161 1728 191 1760 ὃς
208 1728 246 1763 μὴ
266 1727 397 1762 φοϐηθεὶς
411 1726 460 1762 τὴν
477 1726 638 1762 φάσκουσαν
666 1726 788 1761 ἐντολὴν,
808 1726 955 1753 Ἐπικατά-

162 1783 244 1809 ρατος
261 1774 276 1800 ὁ
293 1773 404 1799 πλανῶν
419 1772 520 1811 stt-{.le
536 1773 563 1798 ἐν
578 1771 641 1808 ὀδῷ,
659 1772 804 1804 πλείστους
833 1772 883 1806 τῆς
910 1772 956 1798 εὑ-

162 1821 239 1853 Θείας
269 1820 469 1854 ἀποπλανήσας
492 1819 565 1852 ὀδοῦ,
587 1820 628 1851 είς
656 1819 792 1854 βάραθρον
817 1819 956 1850 ἀπωλείας

163 1867 292 1899 ἐλεεινῶς
311 1866 531 1901 κατεκρήμνισε,
546 1865 701 1901 τοῦμπαλιν
715 1865 833 1899 ὀφείλων
856 1866 955 1896 ποιεῖν,

163 1915 197 1940 ἐκ
225 1913 276 1948 τῆς
307 1913 410 1947 πλάνης
438 1911 615 1947 ἐπιστρέφειν
640 1910 709 1946 πρὸς
740 1911 789 1946 τὴν
805 1910 955 1945 ίάλήοειαν.

163 1959 252 1986 Τοῦτο
267 1959 324 1994 γὰρ
338 1957 437 1994 ἀπῄτει
449 1958 497 1984 καὶ
510 1958 527 1993 ἠ
547 1957 678 1993 προεδρία
695 1956 791 1984 αὑτοῦ.
817 1956 847 1983 ὐ
874 1956 903 1983 δέ
923 1958 956 1983 ἐκ

164 2007 216 2041 τῆς
231 2007 317 2041 ἀκοῆς
336 2004 430 2036 αὑτοῦ,
447 2003 536 2038 πολλῷ
555 2003 584 2029 δὲ
606 2003 687 2029 πλέον
708 2004 740 2029 ἐκ
764 2004 814 2038 τῆς
842 2003 957 2038 καρδίας

164 2054 199 2080 τὰ
212 2053 372 2086 ἐντάλματα
386 2051 434 2077 τοῦ
449 2049 516 2076 Θεοῦ
532 2050 726 2083 ἀπωσάμενος,
741 2049 777 2076 τὰ
796 2049 957 2081 οὑτωσίπως

165 2097 378 2133 διακελευόμενα
390 2105 396 2111 ·
413 2095 582 2130 Πορεύεσθε
597 2095 647 2122 διὰ
674 2095 734 2122 τῶν
757 2094 863 2122 πυλῶν
885 2104 956 2130 μου,

167 2146 215 2172 καί
231 2143 433 2176 οδω-ποιήσατε
445 2142 485 2175 τῷ
495 2141 572 2175 λαῷ,
587 2142 636 2169 καὶ
648 2141 721 2175 τοὺς
735 2142 840 2175 λίθους
855 2142 888 2169 ἐκ
902 2141 958 2176 τῆς

169 2191 240 2218 ὀδοῦ
255 2190 451 2225 διαῤῥιψατεο
472 2188 573 2222 λίθους,
597 2190 627 2215 οὐ
651 2189 719 2224 πρὸς
737 2189 882 2225 οἰκοδομὴν
910 2188 957 2216 τοῦ

168 2236 352 2270 ζῶντοςναοῦ,
367 2236 436 2271 πρὸς
460 2235 565 2262 πτῶσιν
591 2235 620 2261 δὲ
651 2235 763 2270 μᾶλλον,
791 2237 839 2262 καὶ
870 2237 957 2272 πρόσ-
973 2226 996 2254 Ῐ)

168 2293 263 2319 κομμα
276 2283 393 2316 πολλῶν,
409 2282 539 2318 ἐμϐαλεῖν
551 2283 580 2309 ἐν
589 2284 622 2318 τῇ
634 2282 694 2318 γόδῷ
705 2283 756 2318 τῆς
777 2283 851 2318 ζωῆς
872 2284 959 2319 ἀφρό-

169 2339 221 2362 νως
241 2329 406 2361 ἐσπούδακε,
421 2329 470 2355 καὶ
489 2328 534 2355 διὰ
548 2329 627 2363 λόγου
642 2329 689 2356 καὶ
703 2329 748 2356 διὰ
762 2330 877 2365 γραφῶν
892 2331 958 2365 μίαν

168 2377 252 2412 φύσιν
270 2376 319 2403 τοῦ
356 2375 534 2411 Ἑμμανουὴλ
557 2375 736 2410 ἐδογμάτισε·
766 2376 894 2409 δεδοικὼς
921 2377 959 2412 μὴ

169 2424 269 2458 τετρὰς
284 2423 345 2449 ἀντὶ
356 2422 466 2457 τριάδος
485 2423 600 2457 γένηται
615 2423 631 2458 ή
644 2422 730 2457 Τριάς
741 2430 749 2438 ’
768 2423 819 2449 οὑκ
841 2423 957 2456 ἐννοῶν,

169 2469 207 2500 ὡς
218 2469 319 2501 ἔοικεν,
336 2468 351 2494 ὁ
377 2467 481 2499 ἄθλιος,
503 2467 545 2494 ὅτι
566 2467 597 2493 τὸ
626 2467 706 2503 τριὰς
737 2468 886 2504 πρόσρημα
910 2469 961 2496 οὑκ

171 2515 230 2542 εστι
251 2515 300 2550 τῆς
311 2513 420 2549 φύσεως
439 2514 620 2548 σημαντικὸν,
643 2513 713 2540 ἀλλὰ
730 2514 776 2540 τοῦ
800 2514 884 2540 ποσοῦ
906 2515 960 2541 τῶν

172 2561 359 2588 ὑποστάσεων.
375 2559 438 2592 Πῶς
451 2558 499 2586 οὖν
513 2560 617 2591 ἐκεῖνος
627 2560 731 2595 συνῆγε
739 2561 867 2596 τετράδα,
881 2561 961 2596 ἡμῶν

173 2609 210 2644 μὴ
229 2606 435 2643 ὁμολογούντων
457 2606 609 2633 ὑπόστασιν
634 2606 812 2641 ἀνειληφέναι
838 2607 885 2633 τὸν
913 2606 960 2633 τοῦ

171 2655 240 2682 Θεοῦ
257 2654 354 2688 Λόγον,
370 2653 430 2680 ἀλλ’
446 2654 476 2680 ἐν
491 2653 581 2688 ἐαυτῷ
593 2652 799 2688 ὑποστήσασθαι
811 2653 842 2679 τὸ
862 2653 963 2688 ἡμέτε-

173 2709 220 2736 ρον
232 2708 240 2734 ;
256 2699 314 2728 Καὶ
327 2700 394 2735 μίαν
406 2699 566 2732 ὑπόστασιν,
584 2699 632 2725 καὶ
643 2699 692 2725 ἕνα
705 2698 770 2725 Υίδν
781 2698 961 2734 δογματιζόν-

170 2755 225 2774 ⁴τιον
243 2746 288 2773 τὸν
310 2745 488 2780 Ἐμμανουήλ
501 2754 508 2779 ;
522 2745 553 2771 El
572 2746 621 2780 μὲν
634 2744 681 2772 οὖν
697 2746 711 2772 ό
724 2745 817 2777 καινὸς
836 2745 961 2780 θεολόγος

171 2794 246 2830 τρεῖς
259 2792 358 2829 φύσεις
375 2792 421 2818 ἐπὶ
434 2791 485 2826 τῆς
508 2791 588 2826 ἁγίας
610 2791 725 2826 Τριάδος
741 2792 879 2827 ὁμολογεῖ,
900 2791 960 2820 εἶτα

208 2885 218 2901 ⁷
233 2884 334 2913 Jcrem.
348 2892 374 2914 ι,
391 2883 438 2911 26.

335 2931 473 2960 Ριτιιοῐι.
493 2932 550 2960 Gn.
575 2929 734 2960 CXXXIII.

1005 1596 1092 1624 genus
1101 1588 1250 1615 humanum
1267 1588 1335 1618 odit.
1349 1588 1479 1614 exstitere
1490 1588 1625 1622 discipuli,
1641 1588 1682 1615 vel
1699 1589 1800 1616 instru-

1007 1639 1096 1662 menta
1112 1634 1212 1668 potius,
1236 1633 1270 1660 ad
1286 1633 1431 1660 multorum
1454 1634 1614 1667 perniciem.
1629 1634 1722 1667 Qualis
1740 1639 1800 1662 erat

1006 1680 1198 1708 abominabilis
1219 1679 1263 1707 ille
1283 1679 1412 1711 Severus,
1437 1681 1482 1714 qui
1504 1680 1654 1707 Antiochia:
1671 1681 1798 1707 thronum

1007 1733 1055 1759 per
1068 1723 1239 1760 tyrannidem
1255 1724 1382 1752 obtinuit.
1390 1724 1416 1750 Is
1431 1724 1539 1751 minime
1554 1730 1718 1759 praeceptum
1734 1725 1798 1752 illud

1007 1772 1153 1801 reveritus.
1166 1779 1220 1806 quo
1243 1771 1342 1798 dicitur
1356 1779 1363 1797 :
1382 1770 1577 1802 Exsccrabilis,
1591 1772 1637 1805 qui
1657 1771 1683 1797 in
1700 1771 1798 1798 itinere

1007 1825 1079 1845 caeco
1095 1823 1204 1844 causam
1220 1816 1322 1843 erroris
1347 1815 1458 1850 prabet,
1488 1815 1618 1850 plurimos
1634 1817 1658 1842 in
1675 1823 1796 1843 errorem

1009 1874 1022 1893 a
1039 1871 1113 1893 recta
1130 1865 1276 1893 devocatos
1294 1865 1349 1897 via,
1367 1865 1394 1891 in
1418 1865 1547 1899 perniciei
1573 1866 1729 1892 barathrum
1748 1868 1799 1892 ml-

1009 1913 1161 1941 serabiliter
1186 1911 1386 1948 praecipitavit;
1404 1919 1465 1939 cum
1484 1912 1573 1939 facere
1596 1912 1734 1939 diversum
1752 1914 1800 1940 dc-

1010 1961 1093 1993 beret,
1115 1960 1243 1987 nimirum
1269 1960 1303 1986 ab
1322 1966 1416 1986 errore
1437 1959 1470 1986 ad
1493 1959 1635 1987 veritatem
1653 1961 1799 1987 divertere.

1009 2007 1085 2041 Quod
1100 2007 1210 2042 quidem
1234 2010 1260 2033 et
1282 2005 1442 2040 pratsulatus
1465 2005 1549 2039 ipsius
1570 2006 1603 2031 ab
1619 2013 1652 2031 eo
1676 2005 1800 2039 require-

1010 2055 1065 2082 bat.
1081 2053 1182 2082 Verum
1198 2057 1225 2080 et
1240 2052 1274 2080 ab
1292 2051 1422 2082 auribus.
1439 2055 1465 2078 et
1480 2051 1562 2078 multo
1580 2051 1666 2086 magis
1685 2060 1699 2078 ιι
1718 2052 1801 2078 corde

1011 2101 1116 2134 rejectis
1139 2099 1186 2126 Dei
1214 2098 1366 2130 mandatis,
1389 2104 1449 2132 qua:
1474 2097 1510 2123 ita
1539 2097 1727 2131 praecipiunt:
1747 2097 1800 2124 Per

1010 2150 1099 2181 portas
1116 2153 1187 2172 mens
1206 2144 1384 2179 ingredimini,
1405 2148 1429 2170 et
1441 2143 1490 2170 iter
1506 2142 1602 2176 populo
1619 2143 1737 2175 sternite,
1755 2144 1802 2170 de-

1010 2201 1060 2229 que
1069 2193 1110 2220 via
1124 2192 1224 2226 lapides
1233 2190 1378 2223 amovete",
1391 2189 1416 2216 id
1428 2196 1538 2224 operam
1555 2190 1640 2220 dedit;
1658 2195 1686 2216 ut
1703 2197 1754 2216 non
1767 2191 1801 2216 ad

1011 2245 1177 2269 structuram
1207 2238 1279 2266 illius
1299 2237 1351 2264 vivi
1381 2237 1483 2270 templi.
1511 2237 1558 2263 sed
1577 2238 1664 2271 potius
1682 2237 1715 2263 ad
1746 2237 1803 2264 rui-

1014 2295 1076 2314 nam
1103 2291 1131 2314 et
1158 2284 1336 2313 offensionem
1362 2283 1491 2318 plurium,
1518 2283 1622 2318 lapides
1636 2283 1661 2309 in
1675 2283 1716 2309 via
1739 2285 1802 2309 vitae

1013 2340 1062 2367 per
1077 2331 1216 2358 infantiam
1233 2333 1383 2365 spargeret,
1401 2329 1522 2362 adeoque
1540 2328 1630 2355 verbis
1643 2333 1669 2354 et
1692 2329 1802 2362 scriptis

1014 2383 1137 2404 naturam
1160 2375 1344 2403 Emmanuelis
1371 2382 1451 2401 unam
1477 2373 1606 2406 tradidit;
1634 2375 1738 2401 veritus
1769 2381 1802 2401 ne

1015 2423 1156 2450 Trinitatis
1167 2422 1226 2450 loco
1240 2421 1381 2456 quaternio
1398 2420 1493 2452 ﬂeret;
1514 2420 1585 2446 haud
1604 2420 1727 2454 cogitans
1749 2420 1802 2447 mi-

1015 2477 1069 2502 ser,
1087 2470 1126 2497 uti
1142 2469 1251 2504 quidem
1267 2467 1385 2498 vitletur,
1401 2473 1497 2493 nomen
1517 2465 1660 2493 Trinitatis
1681 2474 1734 2492 nou
1751 2467 1802 2493 ha-

1016 2518 1080 2544 bere
1094 2515 1321 2551 signiﬁcationem
1345 2517 1462 2545 naturae,
1478 2512 1524 2539 sed
1546 2512 1652 2538 numeri
1674 2519 1804 2546 persona-

1016 2571 1074 2590 rum
1090 2562 1132 2590 vel
1156 2561 1353 2597 hypostasium.
1368 2560 1426 2593 Quo
1444 2559 1526 2593 igitur
1541 2559 1622 2585 modo
1636 2557 1742 2592 collegit
1758 2559 1804 2585 ille

1015 2608 1232 2644 quateruionem,
1259 2614 1320 2634 cum
1343 2613 1392 2633 nos
1419 2605 1530 2632 minime
1555 2605 1733 2632 conllleamur
1755 2604 1804 2632 Dei

1017 2655 1176 2683 Sermonem
1185 2652 1366 2686 assumpsisse
1375 2650 1594 2686 hypostasin,sed
1605 2655 1726 2676 uosmnn
1737 2649 1804 2677 illud

1016 2702 1042 2729 iu
1054 2701 1143 2736 seipso
1158 2698 1353 2726 constituisse?
1370 2699 1492 2731 adeoque
1514 2701 1676 2727 statuamus,
1693 2695 1805 2722 Emma-

1016 2747 1122 2775 uuelem
1149 2751 1210 2772 esse
1232 2751 1312 2770 unam
1339 2742 1510 2778 bypostasin,
1530 2747 1558 2769 et
1585 2749 1667 2768 unum
1686 2740 1805 2768 Filium?

1015 2793 1094 2827 Quod
1106 2792 1129 2820 si
1146 2798 1230 2819 novus
1247 2798 1278 2818 ac
1300 2797 1384 2817 vanus
1403 2790 1448 2817 ille
1468 2790 1609 2825 theologus
1627 2794 1682 2816 tres
1693 2794 1805 2816 naturas

1607 2923 1626 2958 β
