1929 3076
137 130 190 161 ’ΠΙ
854 130 926 159 ΤΙῙΕ

989 129 1069 158 lANl

1725 131 1775 164 172

139 189 165 214 in
181 192 275 215 Sancta
298 187 431 215 Trinitate
454 187 609 219 conﬁtetur.
624 187 723 215 deinde
747 192 843 215 natura
859 187 925 214 Em-

988 187 1029 222 ;ὴν
1046 187 1111 223 πρὸς
1128 187 1207 223 ἡμῶν
1218 187 1441 224 ὁμολογουμένην
1461 188 1637 224 ἀνθρωπίνην
1651 189 1734 224 φύσιν
1745 190 1776 217 ἐν

140 237 272 263 inanuelis
292 237 519 269 humanahquam
544 242 594 262 nos
615 234 788 267 conl‘ttemur,
812 235 845 261 ad
862 241 927 262 suas

140 282 197 308 illas
217 287 272 308 tres
297 287 409 308 naturas
431 280 568 314 adjuncta,
589 287 638 314 pro
662 273 796 307 Trinitate
817 285 929 314 quater-

140 329 247 355 iuiouem
269 327 326 353 ﬁeri
355 325 518 353 concludit:
543 326 645 360 optime
672 325 698 352 id
721 325 830 360 quidem
853 325 928 352 facit.

139 374 243 407 Quippe
261 372 379 406 scipsum
394 371 541 399 artiﬁciose
558 371 700 406 periteqtte
713 375 819 405 separat
829 371 864 398 ab
875 377 928 398 uno

137 420 194 446 solo
211 419 275 450 Deo,
286 421 312 444 et
329 417 362 444 ad
379 417 534 451 opinionem
549 417 581 444 de
594 416 716 452 pluribus
731 417 782 444 diis
797 415 926 444 deﬂectit.

139 465 186 490 Sin
215 470 294 489 unam
321 462 474 489 divinitatis
499 467 622 489 naturam
645 467 673 489 et
697 463 754 497 ipse
770 462 927 495 conﬁtetur,

137 511 258 544 duasque
274 514 386 535 naturas
411 509 438 535 in
460 508 568 536 Christo
585 517 592 535 :
611 508 747 536 undenain
772 509 797 535 ei
817 514 926 535 natura-

137 564 196 583 rum
208 555 352 590 quaternio
369 554 566 587 proticiscatur,
580 554 651 581 scire
666 561 782 588 nequeo.
795 553 849 581 Nec
862 554 926 581 item

137 601 195 628 ﬁeri
209 606 308 636 potest,
322 604 349 626 ut
360 599 495 627 Trinitale
508 599 714 634 quaternionem
727 600 927 635 hyposlasium,

137 649 239 682 alisque
253 647 364 674 alterius
381 646 533 681 hypostasis
546 646 706 673 accessione
717 647 878 681 cogitemus.

170 693 220 721 llis
235 694 315 721 dictis
326 713 333 725 ,
347 693 441 720 oculos
456 692 597 720 Generalis
616 692 644 719 in
661 692 759 728 Syrum
773 693 848 720 illuin
868 693 927 728 epi-

136 749 248 776 scopum
265 740 392 775 coniecit.
405 739 529 774 Cumque
546 738 650 766 videret
663 747 725 766 eutn
740 739 816 766 vultu
830 739 856 766 in
870 744 925 766 ter-

136 794 194 814 rain
224 787 329 819 deﬁxo,
345 782 516 821 nequaquam
543 786 694 821 suspicere,
721 793 867 814 conversus
893 785 927 813 ad

135 834 334 865 Theorianuin,
354 833 484 861 innuebat
497 834 534 867 ei,
555 833 653 869 Syrum
671 833 711 860 uti
731 833 877 868 aspiceret.
891 833 927 859 At

982 233 1021 267 τῷ
1040 233 1217 269 Ἐμμανουὴλ
1230 234 1290 265 ταῖς
1309 233 1393 260 αὐτοῦ
1418 233 1548 269 προσθεὶς
1573 236 1696 270 τριτταῖς
1720 235 1757 269 ei}
1770 251 1776 256 -

982 288 1054 310 σεσι,
1069 279 1253 315 συμπεραίνει
1268 281 1330 307 ἀντὶ
1357 280 1474 314 Τριάδος
1494 281 1614 315 τετράδα
1636 281 1774 316 γίνεσθαι,

984 325 1086 360 ἄριστα
1099 324 1179 351 τοῦτο
1192 326 1274 352 ποιεῖ.
1287 325 1431 360 Εὐτέχνως
1445 326 1501 361 γὰρ
1521 326 1568 353 καὶ
1581 327 1773 363 ἐπιστημόνως

980 372 1170 406 ὰποσχοινίζει
1181 371 1278 398 ἐαυτὸν
1286 371 1333 398 τοῦ
1341 372 1424 406 μόνου
1433 371 1513 404 Θεοῦ,
1523 372 1571 398 καὶ
1580 373 1621 405 εἰς
1627 373 1774 401 πολυθεϊαν

981 416 1222 453 ὲξοστρακίζεται.
1243 418 1273 444 El
1286 417 1314 444 δὲ
1328 418 1393 452 μίαν
1413 417 1542 452 θεότητος
1571 418 1653 453 φύσιν
1678 421 1774 455 ὁμολο-

980 465 1026 497 γεῖ
1041 464 1088 490 καὶ
1109 463 1203 496 αὐτὸς,
1226 463 1272 490 δύο
1289 464 1317 490 δέ
1336 463 1432 498 φύσεις
1449 465 1495 490 ἐπὶ
1508 463 1556 491 τοῦ
1569 465 1700 501 Χριστοῦ,
1722 466 1773 492 οὐκ

979 508 1049 544 οἶδα,
1066 511 1150 538 πόθεν
1162 511 1237 546 αὑτῴ
1252 512 1268 547 ἡ
1281 512 1381 547 τετρὰς
1398 512 1453 538 τῶν
1475 511 1584 546 φύσεων
1612 513 1775 548 ἐπεισέρχε-

980 565 1036 583 ται.
1058 555 1254 584 ’Υποστάσεων
1271 558 1295 584 δ’
1313 555 1347 584 αὖ
1371 557 1499 593 τετράδα,
1526 558 1588 594 δίχα
1613 560 1774 594 προσθήκης

979 603 1076 637 ἐτέρας
1091 603 1280 637 ὑποστάσεως,
1294 603 1343 639 τὴν
1356 603 1461 639 Τριάδα
1482 605 1564 635 νοεῖν,
1581 605 1734 640 ἀμήχανον.

1015 694 1128 722 Τούτων
1152 693 1225 721 οὓτω
1255 693 1405 729 ῥηθέντων,
1422 695 1439 721 ὁ
1470 694 1623 725 Καθολικὸς
1642 694 1682 730 τῷ
1693 694 1773 730 Σύρῳ

979 740 1124 775 ἐπισχότιῳ
1136 740 1304 775 ἐνητένισεν.
1325 740 1369 771 Ὠς
1381 739 1428 767 οὖν
1444 740 1518 776 ἐώρα
1540 741 1638 767 τοῦτον
1653 742 1695 772 εἰς
1720 742 1773 776 γῆν

978 786 1077 821 ἔχοντα
1094 786 1125 812 τὺ
1139 786 1218 821 ὄμμα
1234 785 1282 812 καὶ
1292 786 1428 821 μηδαμῶς
1442 786 1619 818 ἀνανεύοντα,
1641 787 1774 823 στραφεὶς

979 833 1049 868 πρὸς
1065 832 1111 859 τὸν
1129 832 1298 868 Θεωριανὸν,
1325 833 1448 859 ἐνένευεν
1477 833 1553 867 αὐτῷ
1576 831 1675 867 βλέψαι
1704 832 1773 866 πρὸς

136 881 173 913 is,
191 880 289 915 Syium
308 880 433 910 intuitus,
450 879 581 911 subrisit;
601 883 629 906 et
644 878 677 905 ad
695 878 854 906 Generalem
869 878 925 905 ait:

988 878 1023 905 ;ὸν
1038 878 1135 913 Σύρον.
1160 878 1190 905 '0
1214 879 1243 905 δὲ
1268 878 1380 914 βλέψας,
1408 878 1608 914 ὑπεμειδίασε·
1628 879 1675 905 καί
1704 886 1772 913 φησι

136 925 192 957 Est,
209 925 336 958 domine,
351 925 423 959 quod
442 924 575 959 insignem
598 923 770 951 sanctitatem
792 928 866 951 tuam
884 924 927 951 iu-

136 977 285 1005 terrogeni;
311 975 390 1004 teque
415 970 528 997 obsecro
557 977 591 996 ne
615 970 663 996 tibi
698 976 779 1004 grave
801 970 838 997 sit
868 969 927 1005 ejus

135 1017 255 1043 indicare
271 1016 446 1042 solutionem.

169 1061 248 1090 GEN.
264 1062 291 1089 Si
307 1061 377 1088 Deus
392 1061 557 1089 intellectum
571 1055 638 1096 "ejus
655 1061 722 1088 mihi
739 1061 856 1094 dederit,
871 1069 926 1089 non

133 1109 267 1145 gravabor
287 1109 360 1136 illam
374 1109 422 1136 tibi
437 1116 587 1144 exponere.

171 1155 299 1184 THEOR.
317 1156 377 1183 Sint
404 1155 459 1188 hic,
475 1155 550 1182 velut
565 1155 590 1182 in
617 1155 774 1191 hypothesi,
793 1155 844 1182 tria
866 1155 927 1190 igne

135 1204 250 1238 potiora,
261 1210 320 1237 quae
335 1207 425 1229 tamen
443 1202 523 1229 unius
540 1206 645 1229 naturte
657 1202 722 1235 sint,
735 1202 794 1230 aurl
810 1201 924 1232 scilicet,

133 1248 163 1276 Si
178 1249 274 1276 horum
289 1256 371 1276 unum
393 1249 420 1276 in
438 1249 527 1282 ignem
544 1248 697 1283 conjecero,
714 1249 795 1284 plane
813 1248 926 1283 ignitum

132 1293 200 1321 illud
228 1294 340 1320 duarum
365 1298 526 1319 naturarum
555 1293 628 1325 erit,
646 1293 726 1328 ignis,
753 1293 875 1327 inquam,
899 1296 927 1319 et

129 1340 206 1366 auri.
233 1338 334 1366 Deinde
360 1339 413 1366 hoc
437 1338 512 1365 unito
540 1338 652 1372 reliquis
678 1338 783 1365 duobus
811 1337 924 1365 necduiu

134 1385 238 1421 ignitis,
253 1386 400 1419 interrogo,
416 1387 546 1419 quolnam
558 1384 613 1411 sint
625 1384 683 1411 haec
699 1383 803 1418 ignita?
814 1383 925 1416 Triane,

135 1439 185 1460 ceu
205 1430 300 1466 prius?
314 1437 348 1456 an
374 1434 487 1464 propter
516 1429 586 1465 ignis
611 1435 739 1456 naturain
764 1428 833 1456 facta
862 1435 927 1456 sunt

135 1476 274 1512 quatuor?

170 1521 251 1550 GEN.
275 1520 361 1556 Hujus
383 1520 606 1557 interrogationis
626 1520 792 1548 solutionem
808 1525 960 1572 exponatc

135 1567 253 1597 Joannes
270 1567 494 1602 religiosissimus
506 1567 651 1602 episcopus
668 1566 806 1594 Cessnuii.

173 1614 300 1642 TIlEOR.
330 1614 399 1647 Quid
422 1621 486 1640 vero
515 1614 667 1640 sanctitatis
699 1619 750 1640 tua:
783 1614 925 1648 prudentia

135 1664 224 1692 dicit?
250 1663 359 1699 lgnisne
379 1667 476 1689 natura
494 1669 639 1689 numerum
663 1662 720 1689 sive
745 1663 925 1697 quantitati-un

135 1711 217 1738 trium
234 1710 340 1737 illorum
355 1709 441 1740 auxit,
456 1709 567 1736 annon?

170 1755 249 1784 GEN.
263 1755 327 1783 Mihi
345 1756 452 1790 quidem
470 1763 524 1782 non
542 1755 652 1783 auxisse
667 1755 784 1782 videtur.

171 1800 300 1829 THEOR.
316 1801 399 1834 Atqui
415 1800 490 1834 prius
515 1801 572 1827 haec
590 1800 641 1827 tria
655 1801 737 1828 unius
751 1805 831 1827 erant
849 1805 928 1828 natn-

135 1855 182 1880 τω,
199 1855 272 1874 nunc
287 1847 314 1874 in
328 1854 382 1874 uno
394 1847 453 1873 dum
469 1851 571 1873 natura:
588 1846 807 1881 conspiciuntur.

171 1891 251 1920 GEN.
271 1891 327 1919 lloc
343 1898 452 1926 quoque
468 1891 495 1918 in
514 1889 638 1918 confesso
651 1896 704 1918 εει.

172 1937 300 1965 THEOR.
315 1937 373 1965 Non
391 1938 473 1973 igitur
488 1942 530 1964 est
544 1943 667 1968 necesse,
700 1938 850 1965 trinitatem
866 1937 927 1965 illo-

136 1993 196 2012 rum
209 1985 279 2020 ignis
298 1985 323 2011 vi
341 1985 487 2019 potiorum,
506 1983 563 2010 ﬁeri
581 1984 798 2017 quaternionein,
818 1989 928 2018 propter

136 2032 250 2058 alteram
267 2030 339 2057 illam
352 2034 490 2062 naturam,
508 2028 637 2056 videlicet
655 2027 724 2063 ignis
739 2028 751 2054 ’ἶ

171 2075 250 2105 GEN.
265 2076 322 2103 Non
339 2080 381 2103 est
395 2083 515 2103 necesse.

173 2121 301 2149 THEOll.
324 2120 460 2155 lneptiunt
480 2128 555 2156 ergo,
570 2120 617 2156 qui
640 2121 748 2154 dicunt,
774 2121 928 2148 necessario

136 2169 213 2198 nobis
231 2169 437 2203 quaternionem
460 2174 509 2201 pro
534 2165 670 2196 'l‘rinitate
693 2167 886 2201 conﬁtendam,
904 2168 925 2195 si

137 2220 246 2243 naturas
262 2214 329 2241 duas
342 2214 370 2240 in
383 2213 494 2241 Christo
508 2215 615 2241 demus.

174 2267 222 2295 His
235 2267 325 2298 dictis,
341 2273 455 2302 surgens
484 2266 530 2294 ille
559 2265 645 2302 Syrus
669 2267 826 2302 episcopus,
853 2267 928 2294 nullo

136 2315 218 2343 verbo
249 2313 370 2348 prolato,
399 2313 539 2341 caenaculo
569 2321 631 2341 cuin
660 2315 848 2341 sacerdotibus
871 2314 929 2341 suis

134 2367 260 2396 egressus
285 2365 335 2387 est.
361 2359 549 2393 Interrogatus
574 2364 663 2386 autem
693 2366 710 2386 a
738 2359 927 2386 sacerdotibus

135 2408 202 2440 suis,
220 2413 270 2432 cur
287 2405 353 2432 nihil
369 2413 431 2432 cuin
451 2404 612 2439 philosopho
637 2405 744 2432 loeutus
757 2409 831 2432 esset
850 2413 857 2432 :
873 2413 925 2432 non

135 2453 186 2481 sibi
218 2452 300 2479 licere
327 2451 406 2483 dixit,
422 2450 447 2477 in
472 2450 559 2477 aliena
585 2452 689 2486 synodo
713 2451 746 2477 de
772 2449 926 2485 hujusniodi

136 2500 218 2526 rebus
238 2496 322 2531 loqui.
343 2496 401 2523 sine
417 2496 544 2522 mandato
565 2495 728 2530 patriarcha:
744 2495 795 2523 sui.

171 2543 246 2570 Tunc
274 2548 425 2576 exsurgens
451 2540 608 2575 Stephanus
634 2542 728 2568 doctor
754 2540 790 2567 ait
815 2549 823 2568 :
851 2541 926 2577 Rogo

135 2589 305 2616 sanctitatem
320 2592 437 2615 vestram
449 2593 477 2614 ut
493 2594 638 2622 parumper
651 2595 693 2614 me
707 2588 834 2615 audiatis.
846 2587 925 2616 Post-

134 2641 216 2669 quam
242 2633 265 2660 ei
293 2632 369 2667 copia
396 2632 503 2659 dicendi
524 2633 584 2658 data
611 2632 808 2665 estzQuidam,
827 2634 921 2667 inquit,

130 2678 324 2713 Iuditnagister
351 2679 433 2712 (cepit
461 2679 602 2713 puerulum
629 2682 755 2711 edocure.
783 2681 926 2715 aiebatque

136 2727 185 2761 ipsi
198 2725 364 2758 ιυίειὶίμΙια,
382 2725 406 2752 ls
423 2731 512 2752 autem
529 2725 638 2752 nolebat
654 2726 755 2753 dicere.
770 2727 874 2755 BurSus
887 2729 926 2754 ln-

139 2774 296 2808 uin.agister
313 2772 403 2800 aiebat
417 2773 466 2808 ipsi
479 2782 485 2799 :
498 2772 545 2799 Dic
555 2773 650 2807 Alplm.
671 2772 695 2799 Is
713 2780 776 2800 vero
800 2774 926 2802 similiter

979 923 1046 959 πρὸς
1061 923 1108 950 τὸν
1126 923 1279 950 Καθολικὸν
1292 932 1298 938 ·
1314 923 1450 956 Δέσποτα,
1466 925 1598 959 ἐρώτημα
1621 923 1675 958 ἔχω
1703 923 1773 958 πρὸς

977 969 1028 1005 τὴν
1045 969 1169 1004 μεγάλην
1195 969 1353 1005 ἁγιωσύνην
1371 978 1428 1002 σου,
1464 969 1511 996 καὶ
1540 969 1705 1004 παρακαλῶ,
1734 970 1772 1005 μὴ

977 1015 1152 1051 γατοκνήσῃς
1166 1016 1255 1042 εἰπεῖν
1273 1024 1318 1050 μοι
1333 1015 1382 1050 τὴν
1395 1014 1491 1041 τούτου
1503 1014 1592 1042 λύσιν.

1019 1060 1049 1087 Ὀ
1064 1060 1144 1088 ΚΑΘ.
1169 1061 1234 1088 Ἐὰν
1247 1063 1261 1088 ὁ
1275 1061 1341 1093 Θεὸς
1351 1061 1432 1088 δώσει
1461 1070 1507 1096 μοι
1516 1062 1566 1096 τὴν
1585 1060 1681 1087 τούτου
1701 1060 1773 1095 γνῶ-

979 1116 1033 1139 σιν,
1059 1108 1089 1135 οὐ
1105 1108 1272 1143 κιτοκνήσω
1289 1107 1394 1142 ταύτην
1410 1108 1497 1134 εἰπεῖν
1515 1116 1570 1134 σοι,

1019 1154 1051 1182 '0
1064 1155 1165 1182 ΘΕΩΡ.
1201 1155 1344 1182 Ἔστωσαν
1373 1155 1409 1186 ὡς
1434 1156 1462 1182 ἐν
1497 1154 1628 1181 ὑποθέσει
1655 1154 1773 1181 ἐνταῦθα

978 1201 1124 1237 ὕπέρπυρα
1141 1201 1216 1236 τρία,
1235 1203 1300 1236 μιᾶς
1318 1202 1384 1229 ὄντα
1400 1203 1520 1237 φύσεως,
1549 1201 1651 1237 χρυσοῦ
1670 1201 1769 1237 δηλον-

977 1247 1029 1275 ότι.
1065 1247 1191 1287 Ἐὰν-οὖν
1213 1248 1317 1274 τούτων
1341 1248 1370 1274 ἓν
1393 1249 1574 1283 πυρακτήσω,
1598 1248 1675 1275 ἔσται
1700 1248 1772 1275 πάν-

977 1302 1031 1325 τως
1045 1293 1076 1320 τὸ
1091 1295 1348 1330 πεπυρακτωμένον
1363 1293 1410 1320 δύο
1429 1293 1549 1328 φύσεων,
1569 1294 1642 1327 λέγω
1667 1293 1699 1329 δὴ
1720 1303 1772 1320 πυ-

978 1339 1025 1375 ρὸς
1050 1340 1097 1365 καὶ
1122 1339 1237 1374 χρυσοῦ.
1268 1337 1336 1366 Εἶτα
1367 1339 1473 1371 ἐνώσας
1492 1339 1573 1365 τοῦτο
1592 1340 1650 1370 τοῖς
1666 1338 1772 1370 λοιποῖς

976 1385 1037 1411 δυσὶ
1067 1387 1122 1417 τοῖς
1143 1386 1181 1421 μὴ
1205 1385 1483 1420 πεπυρακτωμένοις,
1510 1385 1607 1421 ἐρωτῶ
1624 1385 1697 1412 πόσα
1724 1385 1772 1411 νῦν

977 1432 1031 1458 εἱσι
1047 1431 1134 1459 ταῦτα
1149 1433 1184 1459 τὰ
1195 1432 1343 1467 ὑπέρπυρα
1360 1440 1368 1464 ;
1392 1432 1471 1466 Τρία,
1487 1432 1525 1463 ὡς
1540 1431 1656 1467 πρώην,
1682 1431 1699 1466 ῆ
1727 1430 1772 1458 διὰ

976 1477 1025 1513 τὴν
1043 1478 1124 1513 φύσιν
1141 1478 1187 1505 τοῦ
1208 1478 1294 1514 πυρὸς
1308 1477 1435 1512 ἐγένοντο
1455 1478 1575 1513 τέσσαρα
1589 1486 1597 1511 ;

1021 1524 1050 1551 '0
1075 1524 1156 1551 ΚΑΘ.
1176 1524 1278 1550 Τούτου
1295 1523 1342 1550 τοῦ
1361 1524 1542 1559 ἐρωτήματος
1565 1523 1578 1549 ὖ
1603 1523 1771 1550 εὐλαϐέστα-

978 1578 1024 1602 τος
1044 1571 1193 1601 ἐπίσκοπος
1207 1570 1373 1596 Κεσσουνίου
1391 1569 1517 1605 Ἰωάννης
1530 1568 1595 1605 εἴπῃ
1611 1569 1661 1605 τὴν
1681 1570 1770 1595 λύσιν.

1021 1617 1050 1643 '0
1071 1616 1169 1643 ΘΕΩΡ.
1190 1616 1222 1642 Ἦ
1235 1616 1344 1647 σύνεσις
1360 1616 1388 1642 δέ
1410 1616 1460 1652 τῆς
1478 1616 1636 1652 ἁγιωσύνης
1667 1625 1714 1642 σου
1742 1616 1770 1641 τί

977 1663 1075 1697 λέγει;
1108 1663 1139 1689 'H
1169 1662 1250 1697 φύσις
1278 1662 1325 1689 τοῦ
1356 1661 1443 1697 πυρὸς
1474 1660 1578 1697 ηὔξησε
1594 1662 1640 1689 τὸν
1653 1662 1771 1697 ἀριθμὸν

978 1710 1037 1745 ἢτοι
1051 1709 1081 1736 τὸ
1095 1709 1176 1736 ποσὸν
1186 1709 1239 1735 τῶν
1253 1708 1350 1744 τριῶν,
1362 1708 1379 1744 ἦ
1392 1707 1422 1734 οὗ
1437 1717 1445 1742 ;

1020 1755 1049 1781 ’0
1071 1755 1150 1781 ΚΑΘ.
1171 1755 1287 1789 Ἔμοιγε
1311 1754 1378 1785 τέως
1395 1754 1487 1798 δοκεῖ1⁵
1501 1754 1542 1780 ὅτι
1566 1755 1618 1781 ούκ
1639 1753 1770 1789 ηὔξησεν.

1019 1801 1048 1827 '0
1064 1800 1160 1828 ΘΕΩΡ.
1188 1801 1242 1828 Καὶ
1269 1801 1324 1836 μὴν
1347 1801 1443 1836 πρώην
1471 1802 1536 1836 μιᾶς
1565 1798 1637 1836 ἦσαν
1662 1801 1771 1835 φύσεως

978 1848 1012 1874 τὰ
1028 1849 1103 1884 τρία,
1125 1848 1184 1874 νυνὶ
1195 1848 1223 1874 δέ
1243 1849 1271 1874 ἐν
1285 1847 1323 1883 τῷ
1340 1848 1380 1874 ἐνὶ
1397 1847 1444 1874 δύο
1458 1847 1632 1883 καθορῶνται
1661 1848 1771 1883 φύσειε.

1019 1894 1049 1921 '0
1065 1894 1144 1921 ΚΛΘ.
1174 1894 1361 1929 Ὀμολογεῐται
1373 1893 1420 1920 καὶ
1434 1893 1522 1921 τοῦτο.

1020 1939 1049 1967 '0
1072 1940 1170 1968 ΘΕΩΡ.
1200 1940 1257 1967 Οὐκ
1270 1941 1378 1975 ἀνάγκη
1399 1940 1492 1966 λοιπὸν
1520 1940 1569 1974 τὴν
1597 1940 1693 1975 τριάδα
1715 1949 1770 1966 των

978 1987 1147 2022 ὑπερπύρων
1162 1986 1280 2021 τετράδα
1295 1986 1423 2020 γενέσθαι
1437 1986 1482 2012 διὰ
1497 1986 1545 2021 τὴν
1562 1987 1660 2022 ἑτέραν
1675 1986 1770 2021 φύσιν,

978 2032 1038 2068 ἦτοι
1054 2032 1102 2058 τοῦ
1120 2033 1204 2067 πυρός
1218 2041 1225 2065 ;

1019 2078 1050 2105 '0
1066 2077 1147 2105 ΚΛ-θ.
1164 2079 1221 2106 υὺχ
1242 2079 1360 2114 ἀνάγκη.

1018 2123 1048 2151 '0
1061 2124 1159 2152 ΘΕΩΡ.
1177 2125 1417 2160 Περιττολογοῧσιν
1431 2125 1486 2161 ἆρα
1499 2125 1525 2151 al
1552 2124 1687 2158 λέγοντες,
1717 2125 1764 2151 Ἀ-

979 2173 1067 2209 νάγκη
1079 2173 1196 2208 τετράδα
1205 2173 1266 2199 ἀντὶ
1279 2173 1395 2209 Τριάδος
1409 2172 1563 2208 ὁμολογεῖν,
1577 2173 1601 2198 εἰ
1612 2171 1659 2198 δύο
1672 2171 1771 2206 φύσεις

942 2217 967 2248 D
980 2220 1008 2246 ἐν
1025 2221 1064 2254 τῷ
1086 2219 1197 2255 Χριστῷ
1208 2219 1343 2254 δώσομεν.

1014 2265 1123 2292 Τούτων
1131 2264 1203 2292 οὕτω
1214 2265 1364 2301 ῥηθέντων,
1380 2265 1394 2291 ὁ
1411 2265 1496 2301 Σύρος
1521 2265 1671 2297 ἐπίσκοπος
1702 2265 1755 2292 ἀνα
1768 2283 1771 2286 ~

979 2312 1045 2343 στὰς
1062 2311 1158 2347 ἐξῆλθε
1174 2312 1222 2338 τοῦ
1236 2312 1374 2347 ἁνωγαιου
1411 2312 1479 2347 μετὰ
1499 2312 1553 2338 τῶν
1567 2313 1663 2348 ἱερέων
1674 2312 1769 2345 αὐτοῦ,

979 2357 1063 2393 μηδὲν
1077 2357 1209 2384 ἐπειπών.
1231 2358 1398 2393 Ἐρωτηθεὶς
1415 2358 1444 2383 δὲ
1465 2358 1542 2393 παρὰ
1558 2357 1613 2384 τῶν
1629 2358 1711 2384 αὑτοῦ
1731 2359 1770 2384 ιε-

982 2403 1063 2438 ρέων,
1075 2403 1119 2430 διὰ
1136 2404 1162 2430 τί
1177 2404 1227 2430 οὐκ
1242 2404 1378 2439 ὲλάλησὰς
1390 2413 1416 2430 τι
1429 2405 1497 2439 πρὸς
1521 2404 1567 2430 τὸν
1602 2404 1748 2439 φιλόσοφον
1762 2413 1768 2437 ;

981 2448 1120 2481 εἷπενότι,
1139 2450 1196 2477 Ούκ
1230 2449 1320 2482 ἔξεστι
1339 2459 1384 2485 μοι
1395 2450 1424 2476 ἐν
1437 2450 1567 2486 ἀλλοτρίᾳ
1586 2451 1688 2486 συνόδῳ
1706 2452 1771 2486 περὶ

979 2496 1034 2523 τῶν
1049 2496 1180 2522 τοιούτων
1196 2496 1289 2522 λαλεῖν
1305 2496 1344 2531 (l)
1361 2496 1425 2522 ἄνευ
1442 2495 1490 2523 τοῦ
1507 2496 1574 2531 ἐμοῦ
1586 2497 1771 2533 πατριάρχου.

1015 2542 1061 2568 Ἐν
1074 2541 1179 2573 τούτοις
1194 2541 1315 2574 ἀναστὰς
1341 2542 1479 2576 Στέφανος
1489 2543 1503 2568 ὁ
1517 2542 1676 2574 διδάσκαλος
1691 2541 1752 2569 εἶπε
1763 2550 1770 2557 ·

980 2587 1142 2622 Παρακαλῶ,
1164 2588 1213 2623 τὴν
1240 2587 1398 2623 ἁγιωσύνην
1415 2588 1493 2622 ὑμῶν
1515 2588 1632 2615 ἀκοῦσαί
1657 2597 1709 2623 μου
1725 2598 1772 2625 μι-

981 2634 1057 2668 κρὸν.
1081 2633 1124 2665 Ὧς
1140 2634 1168 2660 δὲ
1189 2633 1332 2668 ἐπετράπη
1342 2633 1419 2668 αὐτῷ
1434 2634 1561 2668 λαλῆσαι,
1582 2633 1660 2661 εἷπε·
1693 2635 1773 2662 Διδά-

980 2679 1079 2709 σκαλός
1089 2688 1132 2710 τις
1146 2679 1249 2715 ἤρξατο
1266 2679 1432 2715 μαθητεύειν
1447 2680 1605 2716 παιδάριον,
1617 2681 1666 2708 καὶ
1678 2681 1773 2715 ἔλεγεν

982 2727 1068 2763 αὐτῷ,
1079 2727 1147 2754 Εἰπὲ
1157 2727 1251 2763 ἄλφα.
1263 2728 1300 2754 Τὸ
1314 2728 1342 2754 δέ
1358 2728 1408 2755 οὐκ
1425 2729 1522 2764 ἤθελεν
1537 2730 1634 2756 εἰπεῖν.
1652 2730 1705 2756 Καὶ
1725 2731 1774 2756 πά-

983 2775 1024 2801 λιν
1038 2777 1051 2802 ὁ
1068 2775 1229 2807 διδάσκαλος
1252 2775 1345 2810 ἔλεγεν
1360 2775 1452 2810 αὐτῷ.
1480 2776 1547 2802 Εἰπὲ
1567 2776 1660 2810 ἄλφα.
1681 2776 1717 2802 Τὸ
1742 2776 1772 2803 at
1813 2811 1815 2814 ⁴

175 2862 213 2897 ιι)
229 2861 365 2889 Hactenus
379 2861 473 2890 editio.
492 2861 612 2895 Pergunt
627 2861 725 2890 deinde
742 2862 848 2890 codices
868 2860 1008 2896 Vaticani.
