1929 3076
205 142 259 176 Π3

896 141 1126 173 DlSPUTATlO
1146 142 1167 171 Ι.

1787 141 1838 175 174

203 200 306 235 ὁμοίως
330 198 450 226 ἐσιώπα.
476 196 543 226 Εἶτα
574 199 771 235 ἀγανακτήσας
798 199 812 225 ὁ
837 197 997 229 διδάσκαλος

1057 197 1158 224 silebat.
1175 195 1242 223 Tum
1262 196 1451 232 ludimagister
1470 195 1646 223 stomachans
1661 196 1699 224 ait
1715 198 1839 231 puerulo:

203 246 278 280 λέγει
293 245 333 281 τῷ
348 246 498 281 παιδαρίῳ,
516 246 566 272 Διὰ
589 246 616 272 τι
634 246 665 273 οὐ
683 246 792 280 λέγεις;
814 245 850 271 Τὸ
877 244 904 271 δὲ
933 245 996 279 ἔφη,

203 292 342 327 Φοϐοῦμαι
357 293 447 319 εἰπεῖν
459 292 553 327 ἄλφα,
573 292 617 319 ἵνα
631 293 668 328 μή
686 301 720 328 με
732 292 892 327 ἀναγκάσῃς
910 292 998 318 εἰπεῖν

203 341 251 368 καὶ
265 340 300 367 τὰ
318 340 393 375 ἑξῆς.
408 339 494 366 Τοῦτο
504 340 576 374 λέγω
593 339 683 373 κάγὼ,
706 339 769 365 Ἐὰν
783 338 999 374 ὁμολογήσωμεν

202 386 251 414 δύο
269 386 367 420 φύσεις
395 387 425 411 ἐν
451 385 489 421 τῷ
515 385 640 421 Χριστῷ,
661 385 769 420 ἀνάγκη
793 385 902 415 πάντως
924 384 999 419 ἡμᾶς

203 433 252 459 καὶ
264 433 312 459 δύο
323 433 477 468 ἐνεργείας,
489 433 536 459 καὶ
548 432 595 458 δύο
604 432 745 467 Θελὴματα
756 433 855 458 εἰπεῖν·
867 431 912 458 καὶ
921 431 999 458 ἔσται

204 481 218 506 ὁ
236 477 275 511 εἴ,
292 480 412 515 Χριστὸς
429 479 513 506 Θέλων
537 479 585 506 καὶ
609 480 647 515 μὴ
664 479 749 506 θέλων
770 479 800 505 τὺ
818 478 886 505 αὐτὸ
902 478 950 505 καὶ
970 477 999 504 ἓν

205 527 334 561 πρᾶγμα,
355 526 455 558 καίτις
474 526 548 562 μάχη
569 525 630 552 καθ’
644 525 742 552 ἑαυτοῦ
757 524 835 552 ἔσται
863 523 903 559 τῷ
933 523 974 550 ἑνί
990 531 997 538 ·

203 573 218 599 ὃ
232 572 295 599 οὐδὲ
318 572 358 608 τῷ
381 572 493 607 τυχόντι
517 571 656 608 ἀνθρώπῳ
682 571 823 607 συμὸἧναι
849 571 957 606 πρέπον
980 570 997 606 ἦ

204 619 380 655 ἐνδεχόμενον
393 619 465 646 εἴποι
479 628 522 652 τις
536 620 582 647 ἂν.

240 709 339 736 ΘΕΩΡ.
354 708 409 736 Τοῦ
424 709 551 744 λέγοντος
563 709 609 736 δύο
624 709 768 746 θελήματα
783 710 910 746 ἀλλήλοις
923 710 1000 736 ἐναν-

204 754 347 790 τιούμενα,
369 758 417 782 καὶ
437 755 485 782 δύο
513 755 653 790 ἐνεργείας
688 755 849 791 μαχομένας
869 756 999 791 ἀλλήλαις

205 802 234 828 ἐν
243 800 282 837 τῷ
299 802 338 828 ἑνὶ
353 802 474 838 Χριστῷ,
487 799 509 829 ὦ
522 802 678 835 διδάσκαλε,
693 802 754 829 οὐδὲ
769 802 889 829 ἀκοῦσαι
905 803 999 834 ποσῶς

203 847 370 883 ἀνεχόμεθα.
388 847 450 883 Εῐχε
468 850 518 884 μὲν
527 849 581 884 γὰρ
596 849 626 876 τὸ
635 849 787 883 πεφυκέναι
805 849 893 876 θέλειν
905 850 920 876 ὁ
932 857 1000 885 σαρι

1045 244 1104 272 Cur
1118 251 1170 272 non
1186 244 1318 280 loqueris?
1331 244 1376 278 qui
1392 243 1644 279 respondit_:fAlpIm
1655 244 1746 272 dicere
1758 253 1841 280 expa‘

1049 297 1141 323 vesco,
1155 297 1189 317 ne
1203 297 1245 316 me
1267 289 1394 324 deinceps
1407 295 1519 317 caeteras
1534 283 1643 325 quoque
1658 289 1764 317 litteras
1776 298 1840 325 pro-

1049 335 1176 364 nuntiare
1189 343 1282 370 cogas.
1299 335 1398 363 Eadem
1413 343 1464 370 ego
1481 337 1659 371 responsione
1680 341 1751 364 uter.
1773 335 1840 362 Nam

1049 383 1072 410 si
1085 382 1152 410 duas
1168 382 1194 410 in
1211 382 1319 410 Christo
1333 381 1481 410 fatebimur
1505 388 1628 415 naturas,
1645 390 1755 418 prorsus
1773 389 1841 416 opus

1049 430 1102 457 erit
1115 430 1183 456 duas
1195 437 1304 464 quoque
1317 429 1410 456 dicere
1425 429 1598 462 operationes
1614 433 1643 456 et
1662 429 1729 456 duas
1743 429 1841 456 volun-

1051 480 1121 503 tates
1136 484 1143 502 :
1157 480 1237 511 atque
1252 475 1290 503 ita
1303 483 1373 502 unus
1393 475 1519 510 idemque
1527 474 1653 502 Christus
1669 482 1751 502 unam
1765 482 1826 502 eam
1836 488 1844 495 ν

1050 522 1167 557 demque
1176 530 1233 550 rem
1243 523 1314 550 volet
1321 527 1349 550 et
1357 522 1440 552 nolet,
1449 526 1477 549 et
1487 530 1574 557 pugna
1582 523 1704 557 quantam
1713 522 1844 550 adversus

1050 576 1080 596 se
1096 569 1183 604 ipsum
1199 570 1245 596 uni
1260 570 1384 605 subjecto
1399 570 1453 598 erit
1468 578 1474 598 :
1489 569 1560 604 quod
1575 570 1684 605 quidem
1711 577 1744 597 ne
1761 570 1842 598 cuili-

1051 614 1095 642 bet
1111 616 1220 649 quidem
1235 615 1337 643 homini
1353 616 1477 643 accidere
1494 615 1535 642 vel
1549 623 1700 652 congruum
1719 615 1761 644 vel
1775 623 1840 650 pro-

1052 660 1140 687 babile
1152 661 1289 696 quispiam
1305 661 1413 688 dixerit.

1087 705 1191 734 THER.
1215 708 1281 735 Eum
1298 708 1342 742 qui
1367 708 1439 736 dicat
1456 708 1524 735 duas
1551 708 1666 735 invicem
1691 703 1858 737 contrarias-

1051 753 1215 785 voluntates,
1230 758 1257 780 et
1277 754 1343 781 duas
1361 754 1501 782 discordes
1525 755 1552 782 in
1579 754 1689 783 Christo
1705 757 1843 790 operatio-

1051 809 1110 835 nes,
1125 810 1141 830 ο
1157 803 1262 836 doctor,
1277 810 1311 830 ne
1326 803 1458 838 tantisper
1471 805 1580 838 quidem
1595 805 1688 832 audire
1697 806 1841 840 patiemur.

1052 849 1119 876 Nam
1132 855 1159 876 et
1186 855 1321 884 quatenus
1340 851 1420 878 homo
1434 851 1537 879 volendi
1556 851 1686 879 facultate
1699 853 1842 888 pru'ditnm

203 894 306 926 κωοεὶς
324 895 412 928 Λόγος
427 894 465 926 ὡς
475 895 631 930 ἄνθρωπος,
653 895 693 931 τῷ
712 896 788 931 αὑτῷ
811 895 896 932 θεῖκῷ
917 896 997 932 θελή-

1057 901 1110 924 :rat
1135 896 1306 924 incarnatqu
1325 897 1464 932 Verbum;
1486 898 1531 925 illa
1557 904 1646 926 tamen
1673 907 1687 926 a
1706 900 1844 928 voluntate

204 948 270 974 ματι
283 940 447 975 κινούμενόν
462 949 491 966 τε
511 942 559 968 καὶ
577 941 762 975 τυπούμειον,
785 942 835 968 οὐκ
859 942 999 969 ἐναντιού-

205 992 298 1019 μενον.
316 985 353 1012 Τὸ
371 985 426 1021 γὰρ
443 986 549 1013 ἐκείνου
566 986 665 1019 Θέλειν,
685 988 770 1022 φησὶν
792 988 805 1014 ὁ
839 987 908 1019 θεῖος
933 987 1001 1023 Γρη-

203 1032 307 1066 γόριος,
321 1032 397 1059 οὐδὲν
420 1033 580 1060 ὑπεναντίον
607 1033 677 1068 Θεῷ,
698 1033 800 1060 θεωοὲν
826 1034 897 1060 ὅλον.
915 1034 946 1060 El.
969 1034 999 1060 δὲ

202 1077 375 1114 τεθέωτο,τῇ
393 1079 441 1106 τοῦ
456 1079 582 1112 οεοῡντος
597 1080 719 1116 δηλονότι
731 1081 855 1115 συμφυῖᾳ
867 1080 997 1107 τεθέωτο·

201 1124 340 1157 τὸ,θεοῦν
370 1126 416 1152 καὶ
443 1126 610 1161 οιούμενον,
641 1127 688 1153 δύο
717 1127 828 1159 πάντως
860 1127 918 1153 ἀλλ’
950 1127 1000 1163 οὐχ

202 1170 243 1203 ἓν,
259 1172 338 1207 εἴπερ
349 1172 404 1199 τῶν
421 1173 490 1208 πρός
501 1182 528 1200 τι
547 1174 576 1200 τό
599 1182 628 1200 τε
656 1173 735 1200 θεοῦν
754 1174 801 1201 καὶ
820 1174 850 1200 τδ
884 1174 1000 1210 Θεούμε-

203 1226 260 1244 νον.
275 1218 315 1244 Τὰ
331 1218 360 1245 δὲ
378 1219 446 1254 πρός
458 1227 496 1251 τι,
508 1220 619 1252 πάντως
634 1219 762 1256 ἀλλήλοις
785 1221 998 1255 συνεισάγεσθαι

203 1265 321 1299 πέφυκε,
349 1266 396 1292 καὶ
423 1266 531 1302 Θατέρῳ
545 1267 762 1294 συνεπινοεῖσοαι
783 1267 913 1304 Θάτερον·
940 1266 998 1303 εἶχε

205 1311 256 1346 μὲν
267 1310 314 1338 οὖν
328 1312 435 1348 θέλημα
454 1314 571 1348 φυσικὸν
583 1313 620 1345 ὡς
632 1314 780 1351 ἄνθρωπος
796 1316 810 1341 ὸ
823 1314 931 1350 Σωτὴρ,
958 1315 998 1350 τῷ

204 1358 280 1394 αὐτῷ
300 1358 383 1395 θεῖκῴ
403 1360 539 1395 θελήματι
555 1361 739 1396 τυπούμενον,
760 1362 810 1388 οὐκ
822 1362 999 1398 ἐναντιούμε-

203 1413 260 1430 vov‘
277 1405 308 1431 οὺ
318 1406 373 1441 γὰρ
386 1407 551 1441 ἡναντίωται
567 1407 725 1434 παντάπασι
739 1407 778 1443 τῷ
789 1408 860 1443 Θείῳ
873 1408 903 1435 τὸ
918 1417 999 1443 φυσι-

205 1451 263 1483 κὸν,
280 1452 340 1477 ἐπεὶ
357 1453 403 1479 τὸν
422 1452 540 1488 Ποιητὴν
557 1453 694 1479 αἰτιατέον
709 1453 883 1490 πεποιηκότα
899 1454 930 1480 τὸ
947 1454 999 1488 φύ-

205 1506 247 1524 σει
261 1499 426 1534 μαχόμενον.

242 1589 402 1623 Στέφανοςὸ
416 1589 575 1621 δίδασκαλος
594 1588 654 1617 εἷπε
672 1598 679 1605 ·
703 1590 760 1626 Τὴν
777 1591 843 1626 μίαν
877 1591 997 1619 ὑπόστα-

207 1642 250 1660 σιν
262 1634 308 1660 δύο
328 1635 419 1669 λέγειν
439 1635 564 1670 Θελήσεις
591 1636 677 1670 ἔχειν,
695 1637 750 1663 τῶν
778 1637 918 1664 ἀδυνάτων
950 1639 998 1665 καὶ

205 1681 356 1717 ἀμηχάνων
372 1685 420 1709 καὶ
435 1683 576 1710 ἀπιθάνων
591 1684 663 1711 ἐστι.
679 1684 742 1716 Πῶς
756 1684 810 1720 γὰρ
833 1684 997 1720 μερισθήσε-

204 1736 250 1755 ται
269 1730 283 1755 ό
306 1727 346 1761 εἷς
360 1731 421 1756 καθ’
435 1731 546 1764 ἑαυτόν;

240 1775 337 1802 θΕΩΡ.
369 1776 527 1811 Ὀμολογεῖς
541 1778 586 1805 τὸν
597 1779 717 1814 Χριστὸν
733 1777 864 1813 πεινῆσαι
880 1777 928 1805 καὶ
955 1778 997 1804 δι‹

203 1822 289 1857 ψῆσαι
311 1823 358 1850 καὶ
378 1824 510 1856 νυστάξαι
529 1825 576 1851 καὶ
600 1825 744 1858 κοπιάσαι,
770 1825 808 1856 ὡς
837 1826 908 1852 κατὰ
928 1825 997 1860 ἁλή-

204 1867 282 1894 Θειαν
296 1869 441 1904 ἄνθρωπον
457 1869 533 1902 ὅντα,
546 1870 561 1905 ἢ
575 1869 620 1904 οὖ;

246 1914 275 1941 '0
296 1915 520 1942 ΔΙΔΑΣΚΑΛΟΣ.
546 1917 607 1948 Πῶς
629 1917 682 1952 γὰρ
703 1916 756 1949 ob;
773 1916 933 1952 Ἀνθρωπος
947 1916 996 1950 ὢν,

204 1963 276 1990 κατὰ
291 1963 432 1999 ἀλήθειαν,
448 1963 478 1990 οὗ
496 1964 567 1991 κατὰ
579 1964 744 1998 φαντασίαν,
755 1961 811 1999 εἶχε
827 1963 926 1990 ταῦτα.

245 2008 276 2035 '0
300 2008 398 2035 ΘΕΩΡ.
416 2010 527 2042 Λοιπὸν,
546 2011 644 2036 πεινῶν
656 2009 736 2045 ἤθελε
756 2011 866 2044 φαγεῖν,
889 2011 937 2036 καὶ
958 2010 996 2036 δι-

203 2054 263 2088 ψῶν
279 2054 358 2089 ἤθελε
373 2055 455 2086 πιεῖν,
471 2055 520 2081 καὶ
536 2054 676 2086 νυστάζων
692 2054 827 2087 ὑπνῶσαι,
851 2054 900 2081 καὶ
912 2054 997 2081 τᾶλλα

203 2101 335 2132 ὡσαύτως
349 2110 357 2134 ς

249 2147 278 2173 ὐ
290 2147 422 2174 ΔΙΔΔΣΚ.
434 2147 560 2174 Μάλιστα
574 2146 665 2182 ἧθελε,
683 2148 730 2174 καὶ
745 2148 807 2175 καθ’
827 2148 841 2175 ὃ
854 2148 931 2181 Θεὸς,
952 2149 997 2176 ἵνα

203 2195 221 2230 ὴ
238 2194 303 2226 ἁγία
319 2194 401 2220 αὑτοῦ
414 2194 483 2229 σὰρξ
496 2194 582 2229 φάγῃ.

1052 942 1143 970 divina
1164 943 1372 978 permovebatur
1395 948 1423 971 et
1449 944 1658 978 informabatur,
1675 953 1728 973 non
1749 952 1842 974 autem

1052 991 1230 1026 repugnabat.
1247 991 1369 1027 Namque
1383 993 1500 1020 humana
1521 993 1656 1024 voluntas.
1672 999 1700 1021 ut
1712 995 1751 1022 ait
1765 996 1843 1022 dirus

1051 1036 1209 1072 Gregorius,
1226 1037 1282 1065 Deo
1299 1046 1350 1064 non
1375 1038 1582 1072 adversabatur,
1600 1040 1662 1073 quia
1690 1045 1747 1068 tota
1761 1041 1840 1068 deiﬁ—

1051 1082 1175 1110 cabatur.
1201 1082 1277 1116 Quod
1294 1084 1316 1110 si
1343 1083 1585 1117 deificabatur,alt
1612 1086 1713 1113 uni0ne
1738 1087 1842 1114 scilicet

1051 1135 1111 1155 cum
1134 1128 1188 1156 Deo
1205 1128 1394 1157 deiiicabatur.
1411 1129 1540 1157 Jamvero
1565 1131 1695 1159 deiilcans
1720 1137 1748 1160 et
1763 1133 1843 1160 deiii~

1051 1177 1153 1206 catum,
1168 1173 1221 1202 duo
1233 1182 1343 1210 prorsus
1355 1180 1429 1206 sunt.
1443 1183 1496 1204 non
1511 1184 1614 1209 unum;
1632 1177 1759 1212 quoniam
1774 1179 1844 1206 rela-

1052 1219 1098 1246 tivi
1117 1220 1225 1248 termini
1251 1226 1315 1248 sunt
1338 1221 1468 1248 dciilcans
1491 1226 1519 1248 et
1541 1222 1696 1249 deiiicatum
1714 1232 1721 1250 :
1738 1224 1843 1252 rt-lativi

1051 1271 1140 1293 autem
1156 1267 1262 1294 termini
1275 1267 1386 1294 omnino
1402 1267 1516 1294 invicem
1533 1274 1745 1302 connectuntur.
1761 1275 1788 1298 et
1803 1271 1843 1298 al-

1051 1317 1138 1340 terum
1150 1321 1211 1340 cum
1224 1313 1310 1341 altero
1320 1314 1464 1349 cogitantur.
1478 1313 1578 1342 Habuit
1593 1315 1676 1350 igitur
1691 1317 1842 1345 naturalem

1050 1359 1216 1386 voluntatem
1231 1365 1260 1386 ut
1284 1359 1366 1386 homo
1386 1359 1527 1392 Servatur,
1542 1361 1642 1388 divin'e
1658 1362 1707 1397 ipsi
1733 1363 1844 1391 confor-

1051 1413 1134 1437 metu,
1149 1413 1203 1432 non
1229 1404 1418 1432 adversantem
1441 1414 1448 1433 :
1467 1413 1528 1432 uani
1547 1408 1617 1441 quod
1641 1408 1765 1435 naturale
1789 1415 1842 1441 est.

1050 1458 1161 1486 prorsus
1188 1450 1242 1477 Deo
1258 1458 1311 1477 non
1329 1450 1504 1484 adversatur;
1525 1451 1644 1487 alioquin
1668 1453 1782 1480 Creator
1803 1462 1845 1481 re-

1049 1497 1258 1532 prehendendus
1282 1503 1367 1530 esset,
1394 1498 1441 1533 qni
1470 1503 1565 1525 natura
1593 1499 1643 1526 sibi
1674 1501 1843 1528 contrarium

1050 1548 1180 1571 creasset.

1087 1590 1242 1624 Slephanus
1257 1590 1354 1618 ductor
1368 1591 1406 1618 ait
1424 1601 1429 1618 :
1445 1591 1528 1626 Atqui
1549 1591 1574 1618 in
1597 1593 1674 1619 unica
1702 1593 1842 1628 hypostztsi

1050 1635 1116 1662 duas
1134 1635 1269 1663 allirmarc
1296 1637 1459 1670 voluntates,
1486 1637 1666 1672 impossibile,
1693 1638 1842 1673 inexplica-

1048 1681 1112 1713 bile,
1126 1688 1152 1709 et
1169 1683 1325 1710 incredibile
1337 1689 1389 1710 est.
1403 1683 1452 1716 Qui
1468 1684 1540 1711 enim
1560 1684 1632 1711 [ierit
1645 1690 1745 1719 potest,
1758 1687 1842 1721 utqui

1049 1736 1120 1755 unus
1137 1733 1189 1761 est,
1205 1728 1230 1755 in
1246 1736 1275 1756 se
1293 1729 1450 1756 dividatur?

1085 1773 1215 1802 THEOR.
1245 1775 1385 1802 Paterisne
1415 1775 1552 1802 Christum
1579 1777 1710 1810 esurissc,
1738 1778 1842 1810 sitisse.

1049 1822 1251 1853 dormilavisse,
1265 1827 1292 1848 et
1310 1821 1450 1854 fatigatum
1463 1829 1533 1854 esse,
1546 1825 1574 1848 ut
1588 1823 1724 1851 hominem
1736 1832 1841 1856 verum,

1049 1867 1150 1894 necne?

1086 1913 1233 1942 DOCTOR.
1249 1913 1368 1947 Quidni?
1389 1912 1475 1941 Homo
1487 1923 1569 1949 quum
1581 1920 1666 1946 esset,
1679 1915 1736 1942 hac
1751 1917 1842 1944 omnia

1047 1967 1123 1992 vere,
1139 1967 1192 1987 non
1207 1960 1355 1986 seeitndum
1373 1958 1556 1994 phantasiam,
1574 1960 1677 1988 habuit.

1085 2004 1319 2033 'lllEORlANUS.
1339 2004 1409 2032 Num
1436 2005 1519 2040 igitur
1544 2007 1670 2034 esuriens
1696 2010 1842 2037 comedere

1047 2054 1173 2086 volebat,
1202 2054 1296 2081 sitiens
1325 2053 1429 2081 volebat
1456 2055 1566 2085 bibere,
1591 2062 1689 2082 sontuo
1714 2063 1842 2090 gravatus

1048 2100 1177 2132 dormire,
1189 2106 1216 2127 et
1232 2105 1328 2126 ctetera
1344 2100 1486 2127 similiter?

1087 2145 1235 2174 DOCTUR.
1252 2145 1370 2173 Maxime
1386 2147 1501 2179 volebat,
1512 2147 1592 2174 etiam
1610 2153 1745 2183 quatenus
1757 2150 1839 2181 Deus,

1048 2199 1169 2221 sam-tam
1184 2194 1241 2227 ejus
1253 2201 1361 2220 carnem
1376 2193 1437 2220 cibo
1453 2193 1503 2220 uti.

247 2241 276 2267 '0
292 2240 389 2267 ΘΕΩΡ.
409 2240 513 2272 ’Δλλως
527 2240 655 2272 ἑξελάὸου
680 2240 794 2272 τὸχαθ*
814 2240 840 2272 ὃ,
870 2240 901 2267 οὗ
924 2240 996 2267 κατὰ

1086 2239 1319 2268 TIIEORIANUS.
1336 2239 1420 2266 Aliter
1436 2241 1570 2274 usurpasti
1587 2240 1734 2268 dictionem
1751 2249 1843 2275 ([ttal('~

204 2288 236 2313 τὸ
254 2286 357 2321 κυρίως
372 2286 577 2321 σημαινόμενον
594 2285 688 2314 αὑτοῦ.
720 2285 793 2321 Πλὴν
815 2285 918 2320 ’ἑψομαὶ
943 2295 994 2312 σοι.

205 2334 317 2367 Ἤθελε,
343 2334 406 2370 φὴς,
431 2335 479 2361 καὶ
495 2334 567 2371 ,καθ’
592 2334 606 2360 ὃ
639 2334 706 2366 Θεὸς
729 2334 773 2360 ἴνα
788 2334 805 2368 ή
833 2333 899 2368 ἁγία
913 2334 997 2361 αὑτοῦ

204 2382 274 2418 σὰρξ
289 2382 381 2417 φάγω

245 2471 275 2498 '0
287 2471 420 2498 ΔῘΔᾹΣΚ.
439 2469 588 2506 Ὀρθότατα
599 2469 700 2504 λέγεις.

247 2517 276 2545 '0
289 2517 388 2544 ΘΕΩΡ.
423 2516 454 2542 ἸΙ
478 2516 547 2551 σὰρξ
580 2516 663 2543 αὑτοῦ
685 2516 745 2552 ἦτοι
774 2517 791 2552 ἡ
810 2515 992 2551 ἁνθρωπότης

203 2565 289 2592 αὐτοῦ
302 2564 398 2599 ἢθελεν
416 2563 459 2589 ἵνα
473 2563 549 2599 φάγῃ
562 2563 579 2598 ὴ
597 2563 695 2598 θεότης
711 2563 814 2597 αὐτοῦς

244 2612 275 2638 Ὀ
287 2610 420 2637 ΔΙΔΑΣΚ.
436 2608 485 2636 Οὔ.

246 2658 275 2685 '0
290 2656 448 2692 ΘΕΩΡ.,¹Π
463 2657 492 2683 δὲ
516 2655 612 2691 θεότης
634 2654 717 2683 αὑτοῦ
739 2655 834 2691 ἤθελεν
851 2655 894 2682 ἵνα
920 2656 995 2692 φάγῃ

203 2707 275 2742 αὕτη
287 2713 295 2737 ς

247 2755 276 2781 '0
289 2752 422 2780 ΔΙΔΑΣΚ.
447 2751 568 2784 Ἀπαγι.

248 2801 277 2828 '0
291 2800 388 2827 ΘΕΩΡ.
406 2798 477 2832 Ἀρι
488 2795 535 2824 οὖν
549 2796 575 2822 τι
595 2797 626 2823 ὲκ
636 2795 739 2823 τούτων
753 2797 900 2831 συνάγεται
912 2807 919 2831 ;
933 2797 995 2824 ’Ότι

203 2846 322 2879 καὶδύο,
338 2845 385 2872 καὶ
417 2845 467 2871 οὐκ
493 2843 702 2878 ἐναντιούμενα.
726 2843 759 2870 ἸΙ
779 2844 828 2878 μὲν
846 2843 900 2879 γὰρ
928 2843 997 2880 σὰρξ

204 2893 286 2930 ﬂetis
296 2893 394 2928 φαγεῖν
407 2893 454 2918 καὶ
465 2890 610 2926 πληρῶσαι
621 2891 656 2917 τὰ
669 2889 820 2928 τροφοδόχα
833 2890 933 2926 ἀγγεῖα
946 2891 996 2917 αὺ-

1050 2297 1171 2322 ηιιε,ηοιι
1186 2292 1276 2315 autem
1290 2288 1368 2321 juxta
1389 2287 1474 2321 ipsius
1487 2287 1572 2321 magis
1587 2290 1724 2321 proprium
1738 2289 1842 2323 signiti-

1048 2340 1151 2363 catum.
1177 2334 1356 2361 Nihilominus
1388 2334 1435 2359 tibi
1457 2333 1602 2367 obsequar.
1635 2333 1758 2366 Volebat,
1787 2344 1837 2365 ais.

1048 2384 1144 2414 etiam,
1169 2386 1303 2417 quatenus
1318 2380 1399 2413 Deus,
1416 2385 1539 2407 sanctam
1552 2380 1635 2414 ipsius
1650 2388 1759 2408 carnem
1779 2382 1841 2408 cibo

1049 2428 1106 2455 uti?

1089 2473 1239 2503 DOCTOB.
1257 2474 1422 2502 Rectissime
1436 2474 1517 2501 dicis.

1084 2520 1320 2548 THEORIANUS.
1341 2521 1396 2555 Age
1417 2528 1480 2547 vero
1498 2527 1564 2547 caro
1579 2521 1654 2553 ejus,
1673 2522 1730 2549 sive
1744 2523 1840 2549 huma-

1048 2569 1132 2597 nitas.
1150 2567 1292 2594 volebatne
1304 2566 1471 2593 divinitatem
1487 2566 1572 2601 ipsius
1588 2566 1650 2594 cibo
1667 2568 1727 2595 uti?

1083 2612 1234 2640 DOCTOB.
1250 2612 1358 2639 Minime
1369 2611 1498 2646 gentium.

1083 2659 1213 2687 THEOR.
1248 2658 1380 2686 Divinitas
1408 2662 1500 2685 autent
1525 2658 1584 2693 ejus
1610 2659 1752 2688 volebatne
1782 2660 1839 2696 ipsa

1047 2705 1237 2733 manducare?

1083 2751 1234 2780 DocTon.
1247 2752 1348 2787 Apage.

1083 2799 1212 2826 TllEOR.
1228 2798 1297 2831 Quid
1312 2806 1376 2834 ergo
1389 2799 1452 2826 hinc
1467 2798 1661 2827 concluditur?
1673 2798 1774 2834 Nempe
1787 2800 1841 2826 duo

1048 2852 1120 2876 esse,
1153 2852 1202 2871 nec
1222 2844 1273 2870 sibi
1294 2844 1542 2877 eontraria._Caro
1564 2845 1636 2872 enim
1661 2844 1768 2872 volebat
1795 2852 1842 2871 co-

1051 2890 1172 2924 medere,
1196 2897 1246 2918 nec
1278 2897 1329 2918 sua
1357 2882 1465 2919 viscera
1498 2890 1576 2925 quasi
1607 2890 1678 2918 {alite
1714 2890 1840 2917 exinani-
