1942 3081
97 186 148 219 179

808 195 1023 226 ΤΗΕΟΒΙΑΝΙ

1681 199 1732 233 130

96 245 237 274 nnlllilllllli
253 256 304 276 non
322 250 432 278 cadunt.
447 250 515 279 Nam
533 253 674 280 arbitrium
692 258 751 287 post
766 253 875 280 habitan

938 254 986 279 καὶ
1011 255 1163 289 αἱρουμένη
1184 255 1238 290 πρὸ
1264 256 1311 282 τοῦ
1337 257 1434 291 ἑτέρου
1463 259 1493 285 τὸ
1512 259 1616 294 ἕτερον.
1645 261 1676 288 '0
1701 259 1731 287 δὲ

94 293 127 320 dc
150 293 237 327 ignota
261 302 290 322 re
316 297 494 331 quaestionem
513 303 540 326 et
564 299 798 332 deliberationem,
826 299 884 326 sive

94 341 237 368 consilium
261 347 287 368 et
306 343 448 378 judicium,
472 345 579 373 affectio
595 347 715 380 qnscdam
738 351 779 373 est
795 346 828 373 ad
848 345 884 378 id,

93 395 146 421 quo
160 390 192 414 de
205 387 336 421 judicium
355 391 457 418 factum
473 397 533 420 est:
551 398 611 427 post
630 402 710 428 quam
729 394 826 421 electio
842 401 885 420 se-

93 434 196 468 quitur,
207 435 321 463 alterum
333 445 388 472 prae
403 438 488 466 altero
497 439 630 475 deligens.
644 440 773 467 Dominus
783 444 884 469 autem,

92 481 138 514 qui
155 482 242 509 nudus
261 484 343 511 homo
361 492 414 511 non
437 490 487 518 est,
512 486 559 513 sed
582 487 663 513 etiam
690 487 769 517 [)cns,
793 490 820 512 et
837 486 884 519 qui

91 529 167 556 novit
193 530 295 562 omnia,
317 538 366 558 nec
392 533 614 560 consideratiouis
637 532 717 560 ullius
738 537 808 567 eget,
836 539 884 558 nec

91 578 288 611 inquisitionis,
318 586 367 606 nec
397 579 516 612 consilii,
544 587 594 606 nec
621 579 716 615 judicii
742 588 748 606 :

940 299 1044 334 Κύριος
1057 301 1088 327 οὐ
1106 300 1185 336 qui)";
1206 301 1352 337 ἄνθρωπος
1370 302 1418 335 ὢν,
1436 303 1504 331 ἀλλὰ
1524 306 1571 332 καὶ
1584 305 1662 338 Θεὸς,
1683 305 1732 332 καὶ

940 345 1030 372 πάντα
1049 346 1141 378 είδὼς,
1159 347 1287 383 ἀνενδεὴς
1302 348 1437 383 σκέψεως,
1457 351 1503 377 καὶ
1519 350 1672 386 ζητήσεως,
1683 352 1732 379 καὶ

940 390 1039 425 βουλῆς
1052 392 1181 428 ὑπάρχει,
1203 395 1251 420 καὶ
1272 395 1407 430 κρίσεως·
1426 397 1475 422 καὶ
1490 398 1615 430 φυσικῶς
1633 399 1683 434 τήν
1701 407 1730 425 τε

938 438 1007 472 πρὸς
1025 439 1055 466 τὸ
1073 440 1154 466 καλὴν
1175 440 1232 475 ἔχει
1246 442 1396 475 οίκείωσιν,
1408 443 1458 478 τήν
1473 452 1502 470 τε
1517 444 1586 480 πρὸς
1601 444 1630 471 τὺ
1645 446 1730 472 κακὸν

937 484 1128 520 ἀλλοτρίωσιν.
1151 487 1200 514 Διὰ
1226 487 1307 514 τοῦτο
1330 489 1470 523 γνωμικὸν
1494 490 1510 524 ἢ
1535 492 1729 526 προαιρετικὶν

939 531 1045 567 θέλημα
1062 533 1108 558 ἐπὶ
1123 532 1170 559 τοῦ
1199 534 1303 568 Κυρίου
1324 536 1353 561 οὐ
1374 534 1503 571 λέγομεν,
1518 536 1588 563 ἀλλὰ
1602 537 1728 571 φυσικόν.

774 584 801 606 et
830 583 886 605 tum
927 579 1146 613 conjunctioncm
1174 588 1235 607 cum
1264 581 1333 608 bono
1361 582 1522 609 naturaliter
1555 584 1645 617 habet,
1673 591 1728 612 tum

90 625 259 652 mensionem
288 635 301 652 a
331 627 411 653 malo.
436 626 607 661 Quapropter
632 627 805 654 arbitrariam
832 630 878 653 aut
898 625 1041 662 eligentem
1078 627 1244 655 voluntatem
1284 628 1398 655 Domino
1425 637 1478 656 non
1504 631 1657 662 tribuimus.
1683 633 1728 659 sed

91 672 254 699 naturalem.

127 719 194 746 Tum
222 719 443 753 religiosissimus
468 721 613 756 episcopus
647 722 755 750 Isaacus
783 722 851 748 dixit
875 729 882 747 :

91 765 231 793 Suil'icinut
246 767 304 794 [nnc
320 767 352 793 de
368 768 473 795 duabus
489 769 672 796 voluntatibus
690 769 882 800 Emmanuelis,

89 813 124 838 iis
152 811 260 846 quidem
286 813 331 846 qui
356 820 408 839 non
438 816 616 847 contentiose,
637 823 697 849 quze
719 815 790 842 dicta
807 819 881 846 sunt,

982 721 1012 747 Ὀ
1030 722 1233 754 εὐλαϐέστατος
1253 723 1406 755 ἐπίσκοπος
1425 725 1518 752 Ἰσαὰκ
1535 723 1624 752 εἶπεν·
1637 727 1731 761 Ἀρκεῖ

938 769 995 799 τοῖς
1013 768 1050 803 μὴ
1064 768 1224 802 φιλονείκως
1238 769 1369 796 ἀκούουσι
1379 770 1432 798 τῶν
1445 771 1583 806 ῥηθέντων
1596 773 1660 807 περὶ
1673 774 1729 799 τῶν

936 814 983 842 δύο
999 815 1161 850 ϐελημάτων
1179 815 1227 842 τοῦ
1247 815 1434 851 Ἐμμανουήλ.
1462 817 1529 844 Εἰπὲ
1549 819 1626 852 ἡμῖν,
1642 821 1666 846 εἰ
1683 828 1729 846 κε·-

89 857 213 884 :tttditml.
232 855 318 889 Nunc,
334 858 355 884 si
373 858 471 892 placet,
489 860 570 886 etiam
591 861 623 887 de
638 860 753 895 genuinis
767 861 875 887 actioni-

935 859 1036 893 λεύεις,
1052 862 1099 888 καὶ
1116 862 1181 897 περὶ
1196 862 1251 888 τῶν
1268 862 1314 889 δύο
1336 863 1495 898 ἐνεργειῶν.

88 902 140 930 bus
158 903 248 929 dicito.

125 948 252 977 THEOii.
269 949 308 976 Ad
323 951 564 978 demonstrandum
583 953 705 979 actiones
720 951 819 979 Christi
833 951 882 978 du-

86 996 182 1030 plices,
209 996 279 1031 apud
301 1004 348 1023 vos
368 997 493 1024 oratione
517 998 621 1032 prolixa
650 1006 702 1026 nou
729 1006 797 1033 opus
822 1006 883 1027 esse

87 1042 216 1076 arbitror,
244 1043 288 1077 qui
314 1044 400 1071 sacris
427 1043 537 1071 Litteris
553 1044 620 1072 estis
644 1045 780 1072 innutriti.
813 1044 880 1072 Nam

87 1096 235 1123 exspuere,
263 1089 403 1125 lutumque
428 1091 461 1118 de
487 1096 567 1125 sputo
591 1093 737 1125 coniicere,
764 1093 883 1126 cascique

85 1135 202 1168 pupulas
214 1135 355 1169 inungere,
372 1136 488 1164 hominis
499 1137 612 1164 omnino
623 1138 696 1165 actio
708 1143 760 1166 est.
777 1137 882 1172 Quippe

87 1181 257 1208 ιιὶνὶιιὶιιιινηι
276 1189 408 1216 exspuere
428 1190 481 1209 non
508 1183 639 1216 dicemus,
669 1184 691 1210 si
718 1192 770 1211 non
793 1184 880 1211 insani

87 1227 183 1254 simus.
199 1228 232 1254 At
246 1228 331 1255 lutum
347 1227 410 1255 illttd
429 1228 455 1255 in
473 1228 581 1255 oculum
596 1235 623 1256 et.
635 1230 724 1257 lucem
739 1236 880 1259 converte-

86 1280 133 1307 re,
163 1273 189 1299 id
213 1273 347 1300 divinitati
380 1274 491 1301 omnino
522 1275 713 1303 attribuemus.
742 1277 879 1311 Eiusmodi

87 1319 148 1354 quis
165 1320 270 1347 inﬁnita
300 1321 426 1355 reperiet,
444 1321 467 1348 si
491 1323 600 1348 oracula
622 1321 711 1348 divina
740 1322 881 1357 diligenter

85 1366 246 1400 inspexerit.
264 1366 321 1393 Erit
342 1372 432 1393 autem
450 1375 494 1394 res
509 1371 564 1394 tota
587 1369 727 1402 perspicua
747 1370 779 1394 dc
797 1369 877 1402 gladii

86 1420 194 1448 quoque
209 1413 351 1441 candentis
362 1414 495 1448 exemplo.
515 1414 579 1441 Nam
597 1415 620 1442 is
637 1415 740 1450 pariter
762 1421 789 1443 et
806 1421 879 1444 secat

85 1463 111 1486 et
127 1459 197 1492 urit;
213 1465 307 1493 estque
321 1459 403 1487 dubio
416 1460 509 1494 procul
526 1460 597 1488 ustio
610 1461 718 1496 quidem
737 1469 788 1489 non
801 1462 877 1494 ferri,

81 1505 133 1533 .sed
152 1506 240 1540 ignis:
259 1506 343 1532 scctio
358 1513 432 1538 vero,
452 1514 503 1533 non
523 1507 603 1540 ignis,
619 1509 664 1535 sed
682 1507 758 1536 ferri.
777 1508 877 1536 Eﬂecta

977 951 1006 977 '0
1025 949 1121 976 ΘΕΩΡ.
1151 951 1218 985 Περὶ
1235 951 1289 977 τῶν
1311 951 1358 978 δύο
1374 951 1520 986 ἐνεργειῶν
1538 953 1585 980 τοῦ
1605 954 1726 989 Χριστοῦ

934 997 984 1023 οὐκ
998 995 1075 1031 οἶμαι
1089 997 1162 1031 ὑμᾶς
1175 996 1281 1024 δεῖσθαι
1296 997 1383 1031 λόγων
1397 997 1504 1024 πολλῶν
1523 999 1562 1030 είς
1574 999 1725 1033 ἀπόδειξιν,

933 1042 999 1073 τοὺς
1017 1044 1079 1073 ταῖς
1095 1042 1182 1074 ϐείαις
1202 1042 1445 1078 ἐντεθραμμένους
1462 1044 1595 1077 Γραφαίς.
1623 1044 1658 1070 Τὸ
1672 1045 1726 1080 γὰρ

936 1085 1047 1120 micat,
1065 1087 1112 1113 καὶ
1126 1087 1212 1122 πηλὸν
1229 1088 1261 1113 ἐκ
1280 1087 1329 1114 τοῦ
1344 1087 1508 1123 πτύσματος
1522 1090 1650 1123 ποιῆσαι,
1678 1090 1726 1117 καὶ

933 1134 1027 1170 χρίσαι
1043 1134 1094 1166 τὰς
1115 1134 1201 1169 κόρας
1219 1134 1268 1161 τοῦ
1294 1135 1397 1169 τυφλοῦ
1410 1155 1417 1167 ,
1436 1135 1597 1172 ἀνθρωπίνη
1616 1137 1726 1169 πάντως

933 1182 1007 1207 ἐστὶν
1035 1181 1174 1216 ἐνέργεια.
1207 1181 1306 1208 Πτύειν
1327 1181 1382 1217 γὰρ
1405 1182 1455 1208 οὐκ
1472 1182 1506 1209 ἂν
1525 1183 1654 1218 εἴποιμεν
1675 1185 1725 1219 τὴν

933 1230 1060 1266 θεότητα,
1081 1230 1160 1265 εἴπερ
1177 1231 1208 1257 οὐ
1227 1230 1406 1265 μαινοίμεθα.
1429 1229 1467 1257 Τὸ
1481 1231 1510 1257 δὲ
1527 1231 1572 1257 τὸν
1585 1231 1672 1266 πηλὸν
1684 1233 1725 1263 είς

932 1277 1009 1312 ὖμμα
1019 1276 1065 1303 καὶ
1076 1276 1134 1311 φῶς
1150 1277 1423 1311 μετασκευάσασοαι,
1440 1277 1551 1309 πάντως
1564 1280 1598 1313 τῇ
1613 1278 1724 1314 θεότητι

931 1323 1064 1358 δώσομεν.
1090 1324 1145 1350 Καὶ
1167 1324 1252 1358 μυρία
1280 1325 1313 1351 ἄν
1336 1332 1379 1356 τις
1410 1324 1488 1360 εὖροι
1512 1325 1640 1358 τοιαῦτα,
1665 1327 1724 1356 τοῖς

932 1368 1018 1399 θείοις
1044 1367 1184 1403 ἐπιμελῶς
1203 1367 1331 1402 ἐγκύψας
1348 1368 1462 1402 λογίοις.
1476 1368 1575 1395 Ἔσται
1591 1368 1619 1395 δὲ
1638 1368 1724 1402 σαφὲς

930 1414 1011 1441 ’τοῦτο
1026 1415 1074 1441 καὶ
1091 1414 1135 1441 διὰ
1156 1414 1384 1450 παραδείγματος
1397 1414 1447 1448 τῆς
1465 1415 1724 1450 πεπυρακτωμένης

933 1459 1081 1495 μαχαίρας.
1094 1459 1196 1494 Τέμνει
1212 1459 1267 1494 γὰρ
1290 1458 1361 1494 αὕτη
1384 1460 1414 1485 ὲν
1437 1458 1529 1494 σαυτῷ
1554 1459 1603 1484 καὶ
1636 1458 1721 1485 καίει.

931 1506 985 1532 Καὶ
1006 1505 1080 1532 ἔστιν
1095 1506 1112 1541 ὴ
1138 1506 1187 1538 μὲν
1208 1505 1308 1537 καῦσις
1329 1505 1471 1540 προδήλως
1485 1505 1515 1531 οὗ
1531 1504 1579 1531 τοῦ
1598 1505 1721 1540 σιδήρου,

86 1552 203 1585 denique
227 1552 395 1579 diversarum
420 1556 578 1580 naturarqu
604 1559 682 1587 sunt,
708 1559 762 1581 tam
793 1556 875 1583 sectio

931 1551 998 1578 ἀλλὰ
1014 1552 1061 1578 τοῦ
1083 1551 1220 1587 πυρός.Ἦ
1233 1551 1262 1578 δὲ
1277 1550 1350 1585 τομὴ
1365 1551 1395 1577 οὺ
1412 1550 1460 1577 τοῦ
1476 1550 1573 1586 πυρὸς,
1585 1550 1654 1577 ἀλλὰ
1667 1550 1717 1577 τοῦ

85 1606 167 1632 quatit
189 1599 306 1626 adustio.
328 1598 429 1626 Verum
447 1604 557 1635 propter
574 1600 711 1631 unionem.
733 1609 785 1628 non
810 1601 877 1636 ignis

84 1651 189 1672 tantum
207 1653 269 1673 esse
283 1645 398 1672 dicimus
407 1646 477 1673 hanc
488 1647 634 1680 ustionem,
649 1648 696 1675 sed
707 1648 788 1674 etiam
801 1648 875 1676 ferri.

85 1691 129 1719 Sic
141 1692 213 1718 enim
223 1692 295 1726 loqui
309 1692 442 1720 solemus:
454 1691 510 1720 Hoc
521 1692 622 1720 ferrum
634 1694 699 1721 urit.
713 1693 760 1722 Sic
771 1702 877 1730 quoque

82 1745 141 1766 rem
155 1738 403 1767 considerabimus:
416 1738 521 1767 Animae
535 1744 587 1772 est,
603 1748 703 1775 corpus
721 1749 799 1768 suum
816 1743 875 1769 ani-

82 1792 159 1811 mare
181 1791 213 1811 ac
235 1784 384 1812 viviﬁcare.
401 1784 479 1818 Quod
497 1785 605 1819 quidem
626 1793 660 1813 ex
679 1788 819 1815 amborum
834 1788 874 1815 di-

83 1835 188 1864 rcmptu
203 1834 285 1864 patet.
301 1829 368 1857 Nam
382 1831 472 1858 anima
486 1835 607 1866 tempore
621 1834 715 1860 mortis
728 1841 744 1861 a
761 1842 875 1869 corpore

82 1884 132 1903 suo
149 1876 293 1910 dirempta,
309 1883 408 1910 corpus
434 1882 569 1904 mortuum
596 1884 696 1906 manet.
720 1880 786 1907 Cum
808 1889 874 1917 ergo

82 1923 210 1950 divinitas
223 1923 282 1958 ejus
296 1930 432 1958 nunquam
446 1930 494 1950 nec
509 1931 524 1950 a
539 1931 653 1958 corpore
668 1933 719 1953 nec
733 1928 767 1954 ab
782 1929 872 1956 anima

81 1969 216 2003 dirempta
247 1968 349 2000 fut-rit,
391 1977 444 2004 quo
470 1975 548 2004 pacto
574 1970 627 1998 vim
656 1972 736 1999 istam
763 1975 871 2009 animm,

80 2014 265 2042 vivificantem
294 2015 409 2048 scilicet,
435 2023 487 2043 non
518 2017 612 2044 habuit
640 2018 698 2052 ejus
726 2020 872 2050 divinitas?

79 2061 215 2089 Nimirum
233 2070 247 2088 ιι
264 2068 377 2096 corpore
394 2062 566 2098 iudirempta,
585 2064 664 2100 eique
677 2067 800 2101 copulata
821 2069 871 2104 hy-

81 2107 224 2141 postatice,
248 2112 382 2135 mortuum
408 2116 518 2136 manere
535 2117 634 2145 corpus
659 2111 730 2140 haud
755 2113 870 2141 sinebat.

79 2153 185 2188 Quippe
210 2155 273 2181 dum
300 2155 371 2181 inest
393 2155 481 2182 anima
502 2157 621 2190 corpori,
643 2166 780 2193 nunquam
804 2161 868 2188 illud

78 2203 215 2227 mortuum
233 2206 286 2227 est.
309 2201 378 2228 Nam
400 2209 461 2228 cum
481 2203 573 2230 anima
588 2204 623 2230 sit
638 2204 751 2239 spiritus
769 2207 868 2241 vitalis,

78 2255 177 2281 corpus
197 2247 285 2281 ipsum
303 2247 431 2280 viviticat,
452 2249 522 2275 sicut
546 2249 627 2277 etiam
643 2251 742 2279 alicubi
757 2253 866 2288 sapiens

78 2294 124 2320 ilic
151 2292 271 2325 Salonio,
291 2294 323 2321 de
348 2294 437 2329 impiis
458 2295 618 2329 quibusdam
637 2303 663 2325 et
683 2299 717 2325 de
734 2304 867 2327 astrorum

78 2339 228 2367 cultoribus
247 2340 369 2375 loquens,
385 2341 454 2369 dixit
470 2351 476 2369 :
494 2341 561 2370 Luto
575 2344 651 2370 vilior
671 2349 711 2372 est
727 2346 781 2372 vita
797 2346 866 2381 ipso-

77 2396 148 2420 rum,
172 2388 299 2422 quoniam
325 2388 481 2421 ignorarunt
513 2397 573 2416 eum
595 2391 641 2425 qui
665 2391 741 2424 ﬁnxit
763 2399 817 2422 eos.
842 2399 866 2419 ει

77 2433 204 2467 εΙΙὶεαεεηι
227 2433 344 2459 animam
363 2433 499 2468 inspiravit
514 2435 562 2468 eis,
581 2443 612 2462 ac
625 2435 744 2470 spiritum
762 2436 866 2464 vitalem

76 2480 112 2505 eis
125 2479 218 2514 afﬂavit
232 2479 265 2506 ”.

120 2567 199 2595 GEN.
229 2569 392 2603 Quicunque
422 2569 616 2596 conscientiam
647 2577 723 2596 suam
753 2571 866 2604 pedibus

74 2614 224 2647 proculcat,
241 2616 390 2649 praesertim
407 2615 433 2641 in
456 2614 578 2641 doctrina
597 2615 655 2642 tidei
673 2637 679 2648 ,
703 2623 754 2642 non
770 2617 866 2650 dignus

74 2665 116 2686 est
139 2659 267 2694 appellari
295 2660 477 2686 Christianus.
495 2659 550 2694 Ego
573 2668 637 2688 vero
660 2660 742 2687 Dcllnt
766 2666 862 2688 testem

74 2705 212 2739 appellans
237 2704 333 2736 fateor,
359 2712 401 2730 me
420 2710 447 2731 et
472 2706 591 2740 ejusdem
617 2706 754 2734 vobiscum
781 2707 865 2734 fuisse

73 2749 135 2776 tEdei
149 2755 176 2775 et
191 2757 264 2782 esse,
288 2757 320 2776 ex
335 2757 389 2784 quo
410 2749 494 2778 libros
520 2759 612 2779 sacros
637 2752 740 2787 inspexi
757 2762 763 2779 :
787 2753 864 2787 cujus

71 2794 173 2821 scilicet
190 2803 219 2822 es
235 2795 291 2828 ipse
311 2795 383 2825 iidci,
404 2801 432 2821 et
454 2796 479 2822 in
500 2798 617 2825 medium
635 2799 682 2825 abs
697 2803 722 2826 te
739 2799 862 2833 producti

71 2841 124 2867 divi
143 2841 245 2869 Patres.

107 2922 128 2938 ⁷⁵
149 2921 212 2956 Sap.
236 2930 278 2953 λγ.
302 2923 340 2954 iit,
364 2923 404 2949 il.

933 1599 1059 1634 σιδήρου.
1088 1598 1144 1624 Καὶ
1170 1597 1256 1632 ἄλλης
1282 1598 1330 1624 καὶ
1350 1597 1433 1632 ἄλλης
1458 1597 1565 1632 φύσεως
1584 1597 1721 1632 ἐνέργειαι

928 1646 945 1681 ἦ
961 1654 992 1672 τε
1006 1645 1078 1680 τομὴ
1108 1645 1188 1679 καὶὴ
1217 1643 1326 1674 καῦσις.
1351 1644 1400 1671 Διὰ
1422 1643 1450 1670 δὲ
1477 1643 1527 1678 τὴν
1553 1643 1663 1676 ἕνωσιν,
1683 1643 1721 1678 μὴ

930 1692 1012 1727 μόνον
1028 1691 1077 1717 τοῦ
1096 1690 1183 1725 πυρὸς
1204 1687 1277 1716 εἶναι
1300 1689 1418 1724 λέγομεν
1442 1689 1492 1725 τὴν
1518 1688 1628 1722 καῦσιν,
1650 1689 1720 1716 ἀλλὰ

928 1738 975 1765 καὶ
990 1737 1038 1763 τοῦ
1057 1730 1180 1771 σιδήρου.
1197 1736 1279 1763 Καίει
1289 1735 1344 1771 γὰρ
1357 1737 1370 1762 ὁ
1383 1735 1442 1771 σίδη
1449 1744 1493 1771 ρος
1508 1733 1596 1768 οὗτος.
1616 1737 1718 1771 φαμέν.

927 1785 1106 1818 Σχοπήσομεν
1116 1784 1144 1810 δὲ
1160 1783 1207 1809 καὶ
1225 1782 1308 1809 οὕτω·
1324 1783 1421 1818 Ψυχῆς
1436 1783 1495 1809 ἐστι
1510 1783 1540 1809 τὸ
1553 1782 1658 1818 ψυχοῦν
1670 1783 1718 1809 καὶ

926 1830 1072 1863 ζωοποιεῖν
1097 1829 1128 1856 τὸ
1155 1830 1256 1864 ἑαυτῆς
1287 1829 1387 1863 σῶμα·
1405 1830 1453 1855 καὶ
1479 1829 1559 1864 δῆλον
1585 1829 1640 1857 ἀπὺ
1670 1829 1718 1856 τοῦ

925 1875 1078 1911 χωρισμοῦ.
1093 1874 1291 1909 Χωριζομένης
1306 1873 1360 1908 γὰρ
1370 1873 1472 1908 ταύτης
1482 1874 1553 1901 κατὰ
1565 1874 1610 1901 τὸν
1620 1875 1718 1910 καιρὸν

924 1922 972 1948 τοῦ
991 1921 1107 1949 θανάτου
1136 1921 1191 1947 ἀπὸ
1215 1920 1263 1946 τοῦ
1287 1920 1389 1946 οἰκείου
1415 1919 1559 1955 σώματος,
1587 1921 1663 1956 μένει
1686 1921 1717 1948 τὸ

926 1968 1007 2002 σῶμα.
1027 1967 1135 2002 νεκρόν.
1159 1966 1236 1992 Ἐπεὶ
1258 1966 1306 1992 οὖν
1333 1967 1349 2001 ὴ
1374 1965 1470 2001 θεότης
1486 1966 1570 1993 αὑτοῦ
1585 1967 1716 1995 οὐδέποτε

923 2015 986 2042 οὔτε
1000 2015 1047 2041 τοῦ
1064 2014 1201 2049 σώματος,
1218 2013 1280 2040 οὗτε
1298 2013 1348 2048 τῆς
1371 2012 1462 2048 ψυχῆς
1487 2014 1635 2049 ἐχωρίσθη,
1656 2014 1717 2046 πῶς

923 2061 971 2097 τὴν
985 2061 1126 2095 ἐνέργειαν
1141 2059 1245 2093 ταύτην
1261 2059 1311 2094 τῆς
1323 2058 1422 2094 ψυχῆς,
1432 2058 1462 2084 τὸ
1473 2058 1619 2093 ζωογονεῖν
1631 2068 1715 2095 φημι,

922 2107 974 2133 οὐκ
992 2103 1066 2140 εἶχεν
1095 2106 1111 2140 ἡ
1137 2105 1234 2140 θεότης
1263 2104 1364 2134 αὑτοῦ;
1383 2103 1454 2131 Ἀλλ’
1478 2105 1631 2141 ἁχώριστος
1648 2104 1715 2133 οὖσα

921 2153 970 2179 τοῦ
987 2153 1127 2186 σώματος,
1148 2151 1197 2178 καὶ
1211 2150 1272 2178 καθ¹
1296 2151 1446 2177 ὑπόστασιν
1472 2151 1602 2187 ἡνωμένη
1626 2152 1713 2188 αὐτῷ,

887 2216 907 2242 D
921 2199 972 2225 οὐκ
987 2197 1030 2224 εἴα
1047 2198 1140 2233 μένειν
1155 2197 1222 2224 αὐτὸ
1237 2197 1345 2232 νεκρόν.
1362 2197 1460 2232 Ψυχῆς
1477 2197 1532 2233 γὰρ
1545 2198 1658 2232 ἐνούσης
1675 2199 1714 2234 τῷ

926 2245 1044 2279 σώματι,
1059 2245 1188 2271 οὐδέποτε
1201 2244 1299 2279 νεκρὸν
1320 2245 1412 2271 ἐκεῖνο
1428 2245 1559 2279 τυγχάνει
1574 2245 1614 2272 δν.
1627 2245 1713 2273 Πνεῦ-

926 2301 963 2327 μα
986 2293 1042 2327 γὰρ
1065 2291 1182 2324 ζωτικὸν
1201 2288 1268 2318 οὖσα
1283 2291 1299 2326 ἡ
1315 2290 1388 2326 ψυχὴ
1399 2311 1406 2323 ,
1431 2291 1561 2323 ζωοποιεῖ
1575 2291 1606 2318 τὸ
1622 2292 1712 2326 σῶμα,

923 2339 960 2369 ὥς
972 2347 1025 2365 που
1037 2338 1084 2364 καὶ
1096 2338 1110 2363 ὁ
1121 2337 1205 2372 σοφὸς
1220 2337 1348 2372 Σολομὼν
1362 2337 1425 2372 περί
1445 2345 1526 2363 τινων
1544 2338 1713 2372 παρανόμων

922 2385 969 2411 καὶ
998 2382 1206 2418 είδωλολατρῶν
1234 2379 1295 2409 εἷπε
1322 2390 1329 2397 ο
1361 2382 1467 2416 Πηλοῦ
1492 2383 1662 2418 ἀτιμότείος
1695 2386 1713 2410 ὁ

917 2431 989 2463 ,βίος
1004 2429 1114 2464 αὐτῶν,
1127 2429 1172 2456 ὅτι
1182 2430 1341 2464 ἠγνόησαν
1351 2428 1405 2456 τὸν
1413 2429 1574 2456 πλάσαντα
1584 2429 1709 2462 αὐτοὺς,

920 2476 971 2503 καὶ
985 2476 1039 2503 τὸν
1051 2476 1266 2509 ὲμπνεύσαντα
1276 2475 1380 2508 αὐτοῖς
1389 2475 1497 2510 ψυχὴν
1509 2476 1708 2511 ἐνεργοῦσαν,

920 2524 971 2550 καί
984 2523 1211 2557 ἐμφυσήσιιντα
1224 2522 1328 2555 αὐτοῖς
1341 2522 1461 2556 πνεῦμα
1473 2521 1607 2553 ζωτικόν.

961 2570 991 2596 '0
1008 2571 1090 2596 ΚΑΘ.
1118 2570 1214 2600 ’Ὀστις
1229 2569 1259 2595 τὸ
1273 2569 1375 2596 οἰκεῖον
1399 2571 1555 2596 καταπατεί
1574 2570 1710 2603 συνειδὸς,

918 2617 966 2642 καὶ
985 2616 1104 2651 μάλιστα
1118 2617 1147 2642 ὲν
1162 2616 1220 2647 τοῖς
1241 2615 1307 2651 περὶ
1321 2616 1441 2647 πίστεως
1459 2615 1542 2650 λόγῳ,
1568 2616 1619 2642 οὐκ
1635 2615 1711 2644 ἔστιν

918 2663 994 2694 ἄξιος
1016 2662 1160 2689 καλεῖσθαι
1178 2661 1354 2697 Χριστιανός.
1380 2660 1453 2695 Ἐγὼ
1468 2661 1497 2688 δὲ
1521 2661 1645 2696 ὁμολογῶ
1662 2663 1710 2689 ἐπὶ

919 2708 979 2744 Θεῷ
1011 2707 1143 2742 μάρτυρι,
1173 2708 1215 2734 ὃτι
1242 2708 1292 2742 τῆς
1321 2707 1407 2742 αὐτῆς
1424 2707 1489 2742 ὑμῖν
1512 2707 1633 2739 πίστεως
1659 2708 1709 2734 καὶ

916 2754 992 2789 ἥμην
1009 2755 1056 2781 καὶ
1072 2755 1140 2790 εἰμὶ.
1158 2755 1251 2788 ἐξότου
1266 2756 1327 2786 ταῖς
1346 2754 1434 2785 θείαις
1456 2754 1577 2789 ὲνέκυψα
1592 2754 1707 2790 βίϐλοις,

915 2797 948 2835 ἧς
964 2800 1010 2826 καὶ
1024 2800 1105 2831 αὐτὸς
1122 2799 1158 2833 εἴ,
1175 2801 1222 2828 καὶ
1237 2801 1263 2828 oi
1277 2799 1353 2838 παρὰ
1372 2799 1420 2827 σοῦ
1441 2801 1482 2832 εἰς
1506 2799 1589 2836 μέσον
1604 2800 1706 2836 ἀχθένσ

911 2855 958 2877 se;
973 2846 1040 2872 θεῖοι
1058 2846 1189 2882 Πατέρες.
