1942 3081
184 154 234 187 181

869 143 1100 179 DISPUTATIO
1121 146 1142 175 ῐ.

1761 135 1811 169 182

219 212 250 237 '0
265 207 500 239 ΘΕΩΡ.Εῑοῦτω;
513 208 669 239 ἐπίστευες,
682 207 727 234 καὶ
743 207 893 238 πιστεύεις,
907 205 969 231 Eva--

1058 200 1184 228 TIIEOR.
1205 200 1232 227 Si
1248 199 1288 227 sic
1303 198 1443 230 credebas,
1461 200 1488 224 et
1512 202 1583 223 nunc
1604 194 1710 226 credis,
1727 201 1811 228 quare

177 266 227 284 ⁴ιιεν
250 257 324 288 τινος
354 255 449 282 λοιπὸν
473 254 597 289 ἔγραψας
632 255 661 279 ὲν
691 254 725 288 τῇ
753 252 886 287 ἐπιστολῇ
910 259 969 284 σου,

188 303 312 337 Λέγομεν
334 302 400 337 μίαν
418 301 500 335 φύσιν
516 299 612 334 εῐςρὸν
628 299 765 334 Χριστόν;

226 349 256 375 '0
272 347 354 374 ΚΑΘ.
372 346 548 374 Ἀποσλέπων
563 345 603 375 εἰς
618 345 648 371 τὸ
660 344 706 371 τοῦ
720 343 865 379 ἀνθρώπου
884 343 972 377 παρά-

178 395 292 429 δειγμα,
309 390 331 427 ᾧ
354 392 379 419 οῑ
400 391 473 426 ἃγιοι
488 391 612 426 Πατέρες
633 391 796 426 ἐχρήσαντο,
812 389 858 415 τοῦ
873 389 905 414 ὲκ
920 388 974 423 ψυ-

178 441 231 476 χῆς
247 437 431 474 συγκειμένου
458 436 506 463 καὶ
530 435 668 471 σώματος,
700 435 748 461 καὶ
765 434 814 469 μία
833 433 914 468 φύσις
928 433 973 462 λε-

179 485 300 520 γομένου
321 483 392 520 μετὰ
405 483 455 517 τὴν
470 483 580 514 ἕνωσιν,
596 482 643 508 καὶ⁸
657 481 716 514 τὰς,
734 480 764 512 ἐξ
776 477 815 507 ὧν
831 479 972 512 συνετέθη,

180 532 279 566 φύσεις
291 529 463 565 ἀσυγχύτους
476 529 524 556 καὶ
540 528 695 563 ἀτρέπτους
714 527 907 560 φυλάττοντος,
923 525 974 551 οὑκ

179 579 303 611 ἐδόκουν,
319 577 359 609 ὡς
371 576 505 608 πολλάκις
521 573 598 602 εἶπόν
616 583 677 606 σοι,
698 572 876 608 σψάλλεσθαι.
905 571 974 597 ’Υπ-

180 625 337 660 ελάμόανον
347 624 376 651 δὲ
392 625 439 650 καὶ
449 623 494 650 τὸν
509 622 646 657 μακάριον
656 620 802 656 Κύριλλον,
817 619 883 653 μίαν
894 617 975 651 φύσιν

179 671 228 698 τοῦ
244 671 331 706 Λόγου
346 669 565 705 σεσαρκωμένην
586 668 712 702 λέγοντα,
731 666 813 693 τοῦτο
831 663 975 698 βούλεσθαι

180 717 291 753 δηλοῦν.
309 718 430 744 Ἤκουον
450 716 477 742 δὲ
497 715 544 742 καὶ
568 714 645 750 παρὰ
662 713 780 744 πολλῶν,
802 713 879 739 suo:
907 711 975 738 Ῥω-

182 764 260 797 μαῖοι
289 762 336 788 δύο
356 761 451 796 φύσεις
477 760 697 796 κεχωρισμένας,
716 759 753 790 ὡς
778 759 791 784 ό
817 757 974 792 Νεστόριος,

181 809 390 845 δογματίζουσι.
411 808 466 835 Καὶ
484 808 526 834 διὰ
543 806 624 833 τοῦτο
648 805 772 840 σφοδρῶς
788 803 976 839 ἀντιμαχόμε-

182 863 228 886 νος
255 854 306 889 τῆς
326 854 391 889 μιᾶς
408 854 517 887 φύσεως
531 852 642 884 λέξεως,
660 851 709 877 καὶ
729 850 803 877 κατὰ
818 849 865 876 τοῦ
882 858 976 884 κεχω-

179 900 340 935 ρισμένας,
359 900 389 926 τὸ
410 900 486 934 μίαν
505 897 697 933 ἀνετιθέμεϐα.
720 898 799 923 Κατὰ
833 896 925 929 μέντοι
946 904 977 929 γε

182 948 231 974 τὸν
246 946 310 974 νοῦν
323 946 410 978 οὕτως
432 946 575 981 ἐφρόνουν,
593 946 640 971 καὶ
663 942 736 970 οὕτω
751 943 855 978 φρονῶ,
878 943 915 973 ὡς
931 943 980 968 αὑ-

182 994 229 1025 τὸς
254 994 322 1028 ἡμῖν
337 993 534 1028 διετράνωσας,
561 992 595 1018 ὲκ
607 990 662 1017 τῶν
688 990 769 1016 Οείων
785 989 904 1025 Γραφῶν
931 989 981 1019 τὰς

183 1039 341 1072 ἀποδείξεις
358 1039 532 1074 ποιούμενος.
553 1038 611 1066 Νῦν
628 1036 674 1065 οὖν
691 1039 716 1064 εἰ
728 1037 800 1072 ἔχεις
818 1036 883 1063 ἄλλο
896 1035 982 1070 κεφά-

184 1086 274 1118 λαιον,
290 1086 408 1122 πρόσθες
420 1094 427 1101 ⁸
445 1087 492 1113 καὶ
512 1085 578 1121 περὶ¹
593 1084 711 1118 ἐκείνου,
728 1085 751 1111 εἰ
769 1084 854 1116 δοκεῖ,
872 1084 984 1118 ποιησό-

187 1133 261 1168 μεθα
276 1133 327 1168 τήν
345 1132 475 1165 διάλεξιν.

233 1180 265 1207 Ὀ
282 1179 382 1207 ΘΕΩΡ.
405 1178 611 1214 ’Λναγνώσομεν
631 1177 724 1204 λοιπὸν
738 1177 784 1204 καὶ
799 1176 879 1204 πάλιν
891 1177 922 1202 ὲκ
935 1175 984 1210 τῆς

188 1227 241 1259 σῆς
254 1226 413 1261 ἐπιστολῆς.

229 1272 262 1299 '0
279 1272 362 1299 ΚΑΘ.
379 1272 447 1306 Ἀγε
455 1290 464 1299 .

230 1321 274 1352 Ὠς
289 1317 338 1346 οὖν
353 1317 587 1353 ἀνεγινώσκομεν,
602 1317 725 1353 ἤλθομεν
740 1317 781 1348 εἰς
793 1315 839 1343 τὸν
851 1311 985 1347 τόπον,οὗ

189 1365 224 1403 ἦν
250 1365 468 1401 γεγραμμένον·
493 1363 668 1398 Ἐσκήνωσεν
698 1364 728 1389 ἐν
751 1363 785 1397 τῇ
811 1361 911 1396 γαστρὶ
936 1362 985 1395 τῆς

189 1412 332 1449 Παρθένου
356 1410 436 1438 ἐννέα
464 1410 558 1446 μηνῶν
585 1409 701 1445 χρόνον,
731 1409 778 1436 καὶ
809 1408 889 1434 πέντε
917 1408 986 1443 ήμε-

192 1468 259 1495 ρων.

227 1502 311 1532 Εἶπεν
326 1507 340 1532 ό
353 1506 451 1533 ΘΕΩΡ.
467 1504 554 1531 Πόοεν
572 1503 646 1539 ἔχεις
668 1502 761 1534 τοῦτο,
777 1503 819 1530 ὅτι
836 1502 915 1529 ἐννέα
933 1501 987 1536 μῆ-

1024 247 1164 275 serihcbas
1180 246 1205 272 in
1220 244 1331 280 epistola
1347 248 1413 271 tua:
1432 242 1550 270 Dicimus
1565 247 1646 268 unum
1664 240 1690 266 in
1703 239 1812 267 Christo

1024 291 1171 320 naturam?

1059 339 1138 368 GEN.
1158 339 1287 374 Equidem
1305 338 1454 372 respiciens
1470 337 1503 363 ad
1523 334 1588 362 ilhtd
1609 333 1763 366 exemplum
1781 332 1814 357 ah

1026 388 1133 415 homine
1159 390 1317 421 sumptum,
1345 392 1399 419 quo
1424 383 1510 411 sancti
1539 382 1633 409 Patres
1659 380 1699 407 ttsi
1731 382 1813 409 sunt,

1026 434 1144 465 homine,
1168 433 1289 466 inquam,
1307 438 1340 458 ex
1360 430 1449 457 anima
1467 435 1635 463 corporeque
1650 425 1813 461 composito.

1027 481 1129 515 quique
1151 484 1212 513 post
1238 478 1365 505 unionem
1391 483 1451 503 esse
1475 479 1571 501 natura
1585 474 1685 500 dicitur
1703 480 1766 504 una,
1788 475 1812 498 et

1027 532 1149 560 naturas,
1172 533 1205 553 ex
1225 526 1323 560 quibus
1349 528 1392 551 est
1407 521 1585 556 compositus,
1611 518 1766 547 inconfusus
1791 522 1817 544 ct

1028 572 1184 599 mutationis
1211 577 1335 605 expertes
1362 569 1487 599 retinet,
1526 566 1637 594 minimc
1661 564 1738 597 mihi,
1767 571 1815 591 cett

1028 619 1166 645 mulloties
1181 617 1227 644 tibi
1242 617 1296 650 jam
1314 615 1379 648 dixi,
1401 614 1455 641 falli
1474 613 1595 640 videbar.
1618 611 1750 639 Praeterea
1769 617 1818 644 pu-

1028 665 1131 696 tabant,
1157 665 1264 690 beatum
1293 663 1366 689 illum
1391 661 1533 696 Cyrillum,
1562 666 1622 686 cum
1647 657 1711 684 dicit
1737 664 1817 683 tmzun

1028 716 1152 738 naturam
1169 709 1310 737 Sermonis
1326 709 1506 738 inearnatam,
1522 705 1572 732 hoc
1589 706 1676 738 iprum
1699 702 1820 729 indicare
1835 729 1839 732 ,

1030 756 1106 784 velle.
1122 757 1141 782 A
1155 755 1278 790 pluribus
1289 754 1430 780 audit-bam
1443 751 1568 786 denique,
1583 750 1720 784 Romanos
1730 755 1822 774 exent-

1027 804 1071 839 plo
1086 802 1202 830 Nestorii
1218 802 1285 829 duas
1300 806 1410 828 naturas
1422 804 1560 832 separatas
1574 802 1702 824 statuere.
1715 795 1820 829 Quatu-

1028 850 1121 877 obrem
1151 848 1230 875 unius
1264 853 1365 874 natttrzc
1405 853 1498 872 vocem
1526 844 1703 871 vehementer
1724 848 1822 875 propu-

1032 900 1156 930 gnantes,
1174 902 1223 929 pro
1234 893 1361 928 separalis
1378 892 1492 923 naturis,
1509 898 1591 916 unum
1614 888 1822 926 reperiebamus.

1031 943 1142 970 lnterim
1155 946 1245 968 tuente
1258 940 1297 967 sic
1312 939 1433 966 senticba
1446 947 1475 970 ιι,
1495 942 1522 964 ct
1534 935 1631 967 sentio,
1646 933 1822 968 quemadmn-

1032 991 1095 1018 dum
1113 989 1170 1024 ipse
1193 987 1271 1015 nobis
1283 985 1425 1013 declarasti
1442 991 1489 1018 per
1508 990 1554 1009 eas
1568 980 1824 1010 demonstrationes,

1034 1045 1100 1072 quas
1115 1044 1147 1063 ex
1169 1035 1267 1062 divinis
1283 1033 1392 1060 Litteris
1408 1029 1583 1058 contexebas.
1606 1028 1699 1061 Itaque
1714 1026 1736 1054 si
1755 1033 1825 1052 nunc

1033 1082 1106 1110 aliud
1124 1085 1203 1116 caput
1218 1080 1313 1111 habes,
1333 1078 1444 1113 adjicito
1458 1085 1466 1104 :
1480 1080 1509 1103 ut
1523 1075 1604 1102 etiam
1619 1073 1652 1101 de
1667 1073 1722 1105 illo,
1742 1073 1764 1100 si
1783 1072 1825 1100 vi-

1034 1130 1155 1160 debitur,
1169 1128 1366 1161 colloquamur.

1071 1174 1200 1203 THEOR.
1219 1174 1288 1208 Ergo
1302 1179 1396 1199 rursus
1409 1179 1442 1198 ex
1458 1169 1571 1204 epistola
1595 1174 1638 1196 tua
1661 1169 1750 1203 legere
1764 1174 1826 1201 por-

1036 1229 1141 1257 gamus.

1071 1266 1150 1295 GEN.
1170 1267 1226 1300 Age
1240 1273 1314 1292 vero.

1072 1314 1139 1342 Cum
1155 1313 1236 1348 igitur
1257 1311 1418 1346 legeremus,
1442 1309 1474 1336 ad
1499 1316 1560 1336 eum
1582 1307 1670 1334 locum
1694 1307 1827 1333 venimus,

1037 1360 1081 1387 ubi
1105 1358 1237 1394 scripttnn
1263 1361 1323 1385 erat
1347 1365 1354 1383 :
1385 1355 1525 1383 Habitavit
1550 1353 1577 1381 in
1607 1358 1684 1379 utero
1714 1349 1829 1385 Virginis

1038 1413 1135 1434 novem
1150 1405 1285 1432 mensium
1297 1408 1324 1431 et
1338 1403 1459 1438 quinque
1474 1401 1579 1429 dierum
1596 1399 1696 1435 spatio.

1074 1503 1147 1530 Dixit
1164 1509 1228 1538 ergo
1242 1500 1370 1529 THEOR.
1381 1498 1468 1532 Unde,
1491 1504 1594 1532 qmeso,
1609 1495 1634 1523 id
1651 1494 1743 1526 habes,
1760 1494 1830 1529 quod

190 1561 240 1583 va;
253 1551 301 1579 καὶ
315 1553 396 1579 πέντε
419 1552 526 1588 ἡμέρας
542 1551 701 1586 ἐσκήνωσεν
725 1551 753 1576 ὲν
770 1551 804 1586 τῇ
820 1550 922 1585 γαστρὶ
934 1549 984 1584 τῆς

1044 1557 1134 1578 iovem
1158 1548 1297 1576 mensibus
1314 1551 1341 1574 et
1359 1546 1479 1581 quinque
1495 1543 1590 1571 diebus
1618 1540 1779 1570 habitaverit
1803 1539 1830 1566 itt

191 1600 334 1634 πανάγνου
349 1599 490 1634 Παρθένου
503 1607 511 1632 ;

237 1645 266 1672 '0
284 1645 365 1673 ΚΛΘ.
380 1646 499 1680 Ἕχομεν
514 1644 567 1671 ἀπὸ
576 1643 632 1670 τῶν
644 1643 788 1679 ἡμετέρων
804 1642 985 1674 διδασκάλων,

192 1691 235 1716 ὅτι
251 1690 286 1716 τὰ
300 1690 462 1724 πρωτότοκα
478 1689 574 1716 παιδία
588 1688 713 1715 ποιοῦσιν
726 1689 755 1714 ὲν
771 1689 804 1722 τῇ
825 1688 920 1723 μήτρᾳ
933 1686 986 1713 τῶν

194 1736 301 1763 ἑαυτῶν
331 1735 461 1770 μητέρων
489 1735 620 1762 ἐπέκεινα
646 1734 701 1761 τῶν
726 1734 764 1769 μὴ
794 1733 986 1768 πρωτοτόκων,

196 1784 278 1810 πέντε
294 1783 412 1818 ἡμέρας.
427 1782 482 1809 Καὶ
496 1782 574 1808 τοῦτο
587 1781 747 1807 πιστοῦνται
768 1780 822 1807 ἀπὸ
834 1779 881 1806 τοῦ
904 1779 987 1813 σοφοῦ

195 1826 388 1860 Σολομῶντος,
405 1826 530 1860 λέγοντος
558 1826 622 1861 περὶ
644 1825 742 1852 ἑαυτοῦ
755 1834 761 1841 ·
788 1825 989 1858 Δεκαμενιαίῳ

196 1875 296 1908 χρόνῳ
303 1873 408 1908 παγεὶς
422 1873 578 1908 ἐνσώματι
588 1881 594 1887 ·
609 1872 689 1898 τοῦτο
701 1872 865 1907 βουλομένου
880 1871 988 1906 δηλοῦν,

197 1921 211 1947 δ
221 1929 238 1946 :t
254 1920 285 1946 οὐ
299 1919 380 1954 μόνον
394 1920 473 1946 ἐννέα
492 1920 582 1954 μῆνας
597 1918 631 1954 ἦν
646 1919 675 1946 ἐν
691 1920 724 1954 τῇ
752 1919 845 1954 μήτρᾳ
860 1918 908 1952 τῆς
925 1918 989 1943 ἑαυν

197 1967 249 1994 τοῦ
265 1967 379 2002 μητρὸς,
392 1966 460 1992 ἀλλὰ
476 1966 524 1993 καὶ
542 1966 596 1993 ἀπὸ
612 1965 658 1992 τοῦ
678 1966 794 1992 δεκάτου
812 1966 918 1992 ἐλαϐεν.
945 1966 990 1997 Ὠς

200 2014 374 2048 πρωτότοκον
390 2013 436 2040 οὖν
449 2013 464 2039 ό
483 2012 668 2047 Ἐμμανουήλ,
684 2012 729 2038 τὸν
745 2010 804 2039 ἴσον
820 2012 913 2043 αὐτοῖς
925 2011 991 2047 χρό-

200 2070 245 2087 νον
263 2061 290 2086 έν
307 2062 340 2095 τῇ
356 2061 449 2095 μήτρᾳ.
469 2060 518 2094 τῆς
537 2059 636 2085 ἑαυτοῦ
653 2059 756 2094 μητρδ;
774 2058 938 2094 πεποίηκεν.

241 2107 272 2133 ὐ
283 2107 380 2133 ΘΕΩΡ.
398 2106 428 2133 '0
441 2105 568 2140 Σολομῶν
584 2105 655 2132 κατὰ
667 2105 713 2131 τὸν
728 2104 856 2140 ἀριθμὸν,
867 2104 992 2140 ἀριθμῶν

201 2153 256 2179 τῶν
272 2152 416 2187 Ἑϐραίων,
438 2150 627 2186 δεκαμηνιαίῳ
651 2151 739 2186 χρόνῳ
763 2149 822 2176 εἶπε
846 2150 946 2185 παγεὶς
963 2150 992 2176 ὲν

204 2198 312 2234 σώματι
325 2208 331 2213 ·
354 2198 469 2233 καὶγὰρ
487 2198 513 2224 οἱ
530 2199 614 2233 μῆνες
636 2197 690 2223 τῶν
715 2197 850 2232 Ἐϐραίων
861 2197 994 2232 μικρότε-

205 2246 246 2281 ροι
267 2245 320 2272 εισι
340 2245 394 2272 τῶν
414 2245 561 2280 ἡμετέρων
585 2244 690 2279 μηνῶν.
717 2244 833 2270 Ἐκεῖνοι
860 2244 915 2279 γὰρ
944 2243 994 2278 τὴν

205 2292 320 2327 σελήνην
335 2290 427 2326 έχουσι
443 2291 542 2325 μέτρον
555 2290 609 2316 τῶν
626 2290 692 2325 παρ’
708 2289 799 2321 αὐτοῖς
814 2289 907 2325 μηνῶν
919 2297 926 2305 ·
945 2289 995 2325 τήν

204 2340 260 2373 γὰρ
280 2338 368 2374 ἀρχὴν
382 2339 431 2372 τῆς
459 2337 574 2372 σελήνης
589 2336 699 2372 ἔχουσιν
713 2336 802 2371 ἀρχὴν
822 2336 868 2362 τοῦ
893 2335 994 2371 μηνός·

206 2387 254 2412 καὶ
275 2385 305 2411 τδ
318 2384 396 2416 τέλος
415 2384 495 2411 πάλιν
516 2384 613 2419 αὐτῆς,
635 2383 712 2415 τέλος
730 2382 777 2409 τοῦ
797 2382 879 2418 μηνὸς
894 2381 995 2409 αὐτῶν.

208 2433 345 2461 Οὐδέποτε
359 2433 386 2460 δὲ
399 2433 498 2468 σελήνη
513 2432 569 2467 ἔχει
584 2432 692 2468 ἡμέρας
705 2430 736 2464 λ’,
754 2431 770 2466 ἢ
786 2431 838 2463 λα’,
854 2430 892 2462 ὼς
905 2429 997 2465 ἔχουσι

208 2481 231 2506 οἱ
251 2480 336 2515 μῆνες
351 2478 439 2514 ἡμῶν.
463 2479 540 2505 Κατὰ
556 2479 621 2513 γοῦν
634 2478 680 2506 τὸν
695 2477 814 2513 ἀριθμὸν
829 2476 884 2503 τῶν
903 2477 997 2512 μηνῶν

209 2527 263 2554 τῶν
277 2525 411 2561 Ἐσραίων
423 2523 499 2552 εἵπεν
508 2526 521 2551 ό
530 2524 657 2559 Σολομῶν
667 2532 675 2540 ο
689 2523 891 2558 Δεκαμηνιαίῳ
898 2524 998 2558 χρόνῳ

210 2572 316 2608 παγεὶς
326 2573 362 2600 ὲν
369 2570 494 2606 σώματι.
520 2570 551 2597 '0
573 2571 600 2597 δὲ
613 2570 663 2605 τῆς
677 2569 841 2605 οἰκουμένης
857 2569 969 2604 φωστὴρ
985 2571 998 2596 ό

210 2619 327 2656 χρυσοῦς
344 2619 395 2655 τὴν
416 2618 541 2652 γλῶτταν
562 2616 689 2652 Ἰωάννης
708 2617 737 2644 ὲν
761 2616 799 2651 τῷ
812 2616 885 2651 λόγῳ
903 2615 941 2650 τῷ
958 2617 997 2647 εἰς

210 2665 259 2700 τὴν
273 2665 404 2700 Γέννησιν
423 2663 471 2691 τοῦ
491 2663 597 2698 Κυρίου
620 2662 699 2697 ἡμῶν
723 2662 812 2697 Ἰησοῦ
827 2661 956 2696 Χριστοῦ,
970 2663 999 2688 ὲν

211 2708 232 2745 ᾧ
251 2711 298 2738 καὶ
313 2711 379 2745 περὶ
391 2709 450 2742 τοῦ,
465 2711 531 2737 πότε
546 2709 587 2736 δεῖ
600 2709 649 2745 τὴν
664 2709 712 2735 τοῦ
729 2707 857 2743 Σωτῆρος
872 2707 1000 2742 γέννησιν

213 2756 362 2792 ἑορτάζειν,
379 2756 472 2791 σαφῶς
488 2755 690 2786 ἀποδείκνυσιν,
701 2751 731 2781 οὗ
741 2754 839 2790 ἡάρχὴ
854 2762 861 2769 ·
878 2763 886 2779 ι
902 2753 935 2780 Ἃ
951 2754 1001 2781 πά-

215 2801 258 2829 λαι
282 2801 451 2836 πατριάρχαι
482 2801 531 2836 μὲν
550 2799 656 2831 ὥδινον,
671 2800 809 2835 προφῆται
824 2797 852 2825 δὲ
884 2797 1000 2833 προῦλε-

254 2890 277 2906 ¹⁵
295 2889 359 2924 Sap.
381 2897 428 2921 ιιι,
449 2890 475 2921 '1,
495 2890 522 2916 '2.

1040 1595 1200 1623 casus-simae
1216 1593 1335 1628 Virginis
1350 1592 1446 1619 utero?

1076 1640 1156 1668 GEN.
1175 1640 1339 1675 Accepimus
1355 1647 1369 1665 ιι
1382 1637 1539 1665 doctoribus
1550 1635 1662 1665 nostris.
1673 1632 1831 1669 primigenia

1041 1689 1160 1723 quinque
1185 1687 1281 1714 diebus
1311 1687 1336 1713 in
1368 1691 1484 1712 matrum
1512 1690 1621 1710 suarum
1648 1681 1708 1707 alvo
1733 1679 1833 1705 diutius

1042 1734 1173 1761 exsistere
1191 1740 1271 1768 quant
1298 1732 1367 1759 fetus
1391 1739 1442 1758 non
1463 1729 1648 1764 primigenios.
1669 1727 1755 1760 Atque
1771 1723 1834 1750 huic

1042 1780 1160 1816 opinioni
1175 1780 1253 1807 ﬁdem
1272 1778 1417 1806 conciliant
1431 1785 1462 1804 ex
1480 1776 1526 1803 illo
1539 1775 1663 1809 sapiente
1677 1772 1834 1800 Solomone,

1043 1829 1076 1855 de
1093 1835 1122 1854 sc
1137 1827 1196 1861 ipso
1210 1826 1316 1854 dicente
1331 1824 1339 1853 ἱ
1364 1825 1456 1852 Decem
1482 1822 1611 1850 mensium
1631 1820 1714 1854 spatio
1732 1817 1835 1851 deﬁxus

1043 1876 1069 1902 in
1086 1883 1194 1909 corpore
1205 1874 1245 1909 fui
1263 1873 1304 1905 ¹⁶;
1330 1872 1429 1907 quibus
1451 1869 1541 1897 verbis
1563 1869 1612 1894 hoc
1628 1866 1749 1894 indicare
1767 1863 1834 1892 vult.

1044 1921 1115 1956 quod
1141 1928 1194 1948 non
1221 1919 1302 1946 tuodo
1327 1924 1424 1945 novem
1445 1915 1582 1943 mensibus
1598 1914 1625 1940 iu
1653 1909 1836 1939 nteromatris

1045 1975 1100 1994 sua:
1110 1966 1202 1999 fuerit,
1213 1967 1260 1993 sed
1272 1965 1353 1991 etiam
1365 1962 1464 1990 decimi
1479 1966 1582 1995 partem
1595 1959 1711 1993 aliquam
1722 1955 1833 1990 ceperit.

1045 2013 1143 2040 Noster
1151 2013 1232 2047 igitur
1240 2009 1411 2042 Emmanuel,
1424 2013 1551 2041 tanquam
1565 2006 1637 2033 fetus
1647 2002 1834 2039 primigenins,

1047 2068 1095 2095 par
1112 2061 1243 2094 temporis
1260 2058 1378 2092 spatium
1393 2058 1419 2083 in
1433 2061 1510 2083 utero
1523 2053 1618 2081 matris
1631 2051 1728 2086 exegit.

1083 2105 1211 2134 THEOR.
1224 2105 1365 2135 Solomon,
1375 2102 1546 2130 Hebraeorum
1558 2106 1632 2127 more
1648 2103 1768 2130 tempora
1781 2103 1834 2122 me-

1049 2153 1127 2184 tiens,
1142 2152 1234 2179 decem
1249 2149 1381 2177 mensiqu
1400 2147 1488 2183 spatio
1501 2154 1531 2174 se
1547 2146 1572 2172 in
1592 2151 1706 2178 corpore
1721 2141 1836 2170 deﬁxum

1049 2198 1132 2225 fuisse
1153 2197 1228 2224 dicit.
1255 2196 1361 2230 Quippe
1380 2201 1488 2221 menses
1514 2191 1688 2218 Hebraeorum
1719 2188 1838 2215 minores

1047 2248 1109 2271 sunt
1123 2244 1222 2270 nostris
1235 2240 1456 2268 meusibus.Nam
1469 2237 1614 2266 secundum
1625 2236 1718 2263 lunam
1731 2240 1838 2260 menses

1048 2298 1112 2318 suos
1130 2289 1318 2321 dimetiuntur,
1330 2287 1453 2320 adeoque
1469 2285 1538 2312 lunte
1559 2282 1720 2319 principium
1737 2279 1839 2307 faciunt

1049 2336 1149 2364 mensis
1164 2336 1346 2371 principium;
1364 2341 1395 2360 ac
1407 2332 1526 2359 vicissim
1545 2331 1615 2357 luna:
1630 2329 1721 2356 ﬂuent,
1740 2327 1839 2352 mensis

1049 2383 1090 2411 sui
1105 2383 1195 2410 finem.
1205 2381 1354 2414 Numquam
1371 2387 1435 2405 vero
1452 2377 1514 2404 luna
1535 2376 1592 2402 dies
1604 2374 1639 2401 30
1651 2373 1690 2399 vel
1703 2373 1731 2399 51
1742 2372 1840 2401 .iustur

1051 2432 1203 2455 nostrorum
1213 2425 1343 2452 mensium
1355 2424 1445 2451 habet.
1455 2421 1630 2456 ltaquejnxta
1640 2425 1750 2445 nnmcru
1765 2427 1778 2441 ιι
1791 2415 1842 2441 Ilu-

1052 2474 1187 2501 brasorum
1201 2472 1334 2499 mensium
1355 2470 1483 2497 Solomon
1498 2468 1566 2495 dixit
1584 2467 1695 2493 :Dccem
1715 2463 1842 2490 mensium

1053 2520 1142 2552 spatio
1155 2519 1257 2554 deﬁxus
1274 2518 1301 2545 in
1320 2525 1438 2552 corpore.
1455 2515 1589 2542 Caeterum
1607 2512 1697 2538 lumen
1714 2509 1779 2536 illud
1797 2516 1843 2534 or-

1052 2566 1103 2596 bis.
1129 2552 1249 2592 Joannes
1274 2563 1493 2597 Chrysostomus,
1520 2558 1546 2585 in
1569 2555 1692 2584 oratione
1712 2553 1744 2581 dc
1765 2552 1844 2580 Nati-

1054 2611 1136 2638 vilate
1173 2608 1278 2636 Domini
1313 2607 1396 2633 nostri
1432 2605 1494 2631 Jcsu
1522 2601 1645 2631 Christi.
1674 2607 1727 2635 qua
1761 2599 1842 2626 etiam

1054 2650 1325 2686 clarc'demonstrat,
1352 2651 1460 2686 quando
1489 2649 1589 2677 Natalis
1618 2646 1773 2675 Scrvatoris
1800 2653 1844 2671 (ιο-

1055 2703 1198 2730 lchrandus
1227 2701 1282 2731 sit,
1312 2698 1389 2731 cujus
1417 2696 1525 2731 quidem
1558 2693 1690 2721 orationis
1719 2692 1770 2719 hoc
1804 2695 1843 2717 est

1055 2749 1215 2778 exordium:
1244 2756 1252 2772 ι
1280 2745 1346 2777 Quae
1367 2743 1430 2770 olim
1458 2740 1618 2776 patriarcha:
1646 2738 1844 2774 parturicban',

1056 2795 1239 2832 praediccbant
1265 2796 1350 2824 vates,
1374 2789 1440 2825 justi
1463 2788 1555 2816 ridere
1582 2785 1784 2816 desiderabant,
1813 2791 1842 2807 ea
