1942 3081
106 113 155 143 183

810 113 1025 147 TIIEORIANI

1686 116 1736 147 184

102 177 173 197 nunc
196 175 356 204 evenerunt,
388 172 520 206 hodieque
537 178 724 200 consummata
747 178 819 201 sunt.
838 174 884 200 Sul

950 180 1004 205 γον,
1022 171 1121 197 δίκαιοι
1143 171 1171 197 δὲ
1193 170 1348 205 ἐπεθύμουν
1367 171 1441 201 ἰδεῖν,
1467 170 1554 197 ταῦτα
1571 170 1665 204 ἐξέϐη,
1689 171 1737 198 καὶ

102 214 182 249 hujus
210 216 291 250 igitur
310 217 442 244 orationis
467 219 587 245 medium
608 219 816 255 Chrysostomus
832 220 866 245 ait
884 227 889 244 :

99 262 167 287 (lum
191 261 323 290 Joannem
351 263 504 290 lilizabctha
527 270 631 292 sextum
645 265 702 300 iam
720 273 838 293 mensem
866 266 890 292 in

102 312 180 334 utero
192 315 307 342 gereret,
325 309 416 336 Maria:
432 312 573 346 conceptio
599 312 762 346 principium
787 312 889 339 habuit.

101 353 171 381 llinc
199 355 254 388 jam
284 356 393 390 cognito
417 358 604 392 conceptionis
632 358 722 386 Mariae
748 358 890 394 principio.

103 407 254 435 novemque
288 402 428 430 mensibus
458 412 473 430 a
505 405 681 439 conceptione
708 405 857 432 numeratis
883 414 891 433 :

101 447 209 480 quando
238 448 351 481 peperit,
377 449 505 478 sniemns.
530 450 589 478 Non
614 459 721 478 menses
744 458 839 478 novem
865 455 893 478 et

101 490 160 517 dies
176 491 294 526 quinque
311 494 386 528 dicit,
403 495 439 522 uti
458 500 501 523 tua
518 497 648 524 sanctitas
664 498 784 531 scripsit.

137 536 216 564 GEN.
233 537 287 565 Nos
303 541 454 568 orationem
471 541 544 568 illam
567 542 753 577 Cltrysostotni
772 552 824 570 non
844 544 892 571 ha—

99 583 205 610 bemus.
234 585 268 611 At
295 586 366 612 cuitu
385 588 436 614 hoc
456 589 599 617 emendato
619 588 775 616 facillimum
799 590 891 618 fuerit.

99 629 193 664 Itaque
223 632 335 660 missum
366 633 389 659 id
420 634 561 666 faciamus,
585 640 611 661 et
636 636 776 670 sequentia
803 637 891 665 videa-

98 683 172 702 IIIUS.

135 720 254 749 Ulterius
282 729 346 757 ergo
372 723 490 759 legentes
516 726 671 759 epistolam,
702 727 734 754 ad
759 732 837 762 caput
861 729 892 756 de

98 767 177 795 festis
193 769 375 802 pervenimus,
399 770 426 797 in
442 778 496 806 quo
519 772 576 799 haec
592 780 671 800 erant
687 774 768 801 verba
789 783 797 802 :
815 773 891 807 Quod

99 812 254 842 Nativitatis
266 819 292 841 et
305 814 435 850 Baptismi
449 817 545 845 festum
559 826 612 846 uno
622 819 773 854 edocmque
791 821 834 847 die
846 828 891 848 ce-

946 218 1023 250 τὲλος
1041 217 1122 244 ἔλαϐε
1141 218 1271 251 σήμερον.
1294 217 1365 252 Πρὸς
1381 217 1409 243 τὸ
1427 216 1508 252 μέσον
1529 217 1574 243 οὖν
1590 217 1638 243 τοῦ
1655 216 1736 250 λόγου

946 264 1042 291 τούτου
1073 265 1172 300 φησίν·
1192 264 1241 296 “EE
1269 264 1359 298 μῆνας
1388 264 1416 289 ὲν
1432 263 1531 297 γαστρὶ
1554 263 1669 297 ἐχούσης
1691 263 1737 289 τὸν

952 311 1081 345 Ἰωάννην
1093 312 1141 346 τῆς
1166 310 1317 343 Ἐλισαϐὲτ,
1339 311 1355 345 ἡ
1378 310 1473 344 Μαρία
1490 309 1591 344 ἤρξατο
1614 309 1737 345 συλλαμ-

946 357 1049 384 ϐάνειν.
1068 355 1135 384 Εἶτα
1161 357 1304 392 μαθόντες,
1324 357 1390 383 πότε
1404 355 1506 390 ἤρξατο
1524 357 1539 390 ἡ
1556 356 1652 390 Μαρία
1674 356 1738 382 συλ-

946 403 1107 438 λαμϐάνειν,
1125 403 1258 438 εἰσόμεθα
1277 404 1324 430 καὶ
1342 403 1408 428 πότε
1424 402 1527 433 ἔτεκεν,
1546 402 1626 429 ἐννέα
1649 402 1738 436 μῆνας

945 449 1150 485 ἀριθμήσαντες
1163 451 1195 476 ἐκ
1210 450 1259 481 τῆς
1271 449 1441 484 συλλήψεως.
1459 449 1527 483 Οὐχὶ
1542 449 1620 475 ἐννέα
1636 450 1736 484 μῆνας,

947 496 994 522 καὶ
1013 496 1096 522 πέντε
1112 495 1231 531 ἡμέρας,
1244 496 1282 527 ὡς
1296 494 1312 531 ὴ
1331 495 1472 530 ἁγιωσύνῃ
1487 503 1534 522 σου
1551 495 1684 530 ἔγραψεν.

988 542 1018 568 '0
1034 542 1116 570 ΚΛΘ.
1141 542 1236 577 Ἡμεῖς
1250 542 1296 568 τὸν
1315 542 1393 576 λόγον
1407 541 1502 569 τοῦτον
1520 542 1567 568 τοῦ
1584 541 1740 575 Χρυσοστό-

948 598 999 624 μου
1026 589 1077 615 οὐκ
1103 589 1211 624 ἔχομεν·
1231 589 1302 624 πλὴν
1321 588 1400 615 τοῦτο
1423 589 1523 624 ῥᾷστον
1545 587 1738 622 διορθωῦἧναι.

953 635 1094 669 Ἐάσωμεν
1122 634 1183 667 οὖν,
1209 636 1232 662 εἰ
1259 635 1343 667 δοκεῖ,
1374 634 1472 668 τοῦτο,
1503 634 1552 661 καὶ
1581 634 1679 668 ἴδωμεν
1705 633 1740 660 τὰ

946 681 1020 714 ἑξῆς.

988 726 1235 760 Ἀναγινώσκοντες
1252 725 1299 752 οὖν
1316 726 1346 752 τὸ
1360 725 1424 760 ἑξῆς
1440 725 1489 760 τῆς
1511 724 1668 758 ἐπιστολῆς,
1690 724 1740 759 ἥλ-

946 771 1028 806 θομεν
1044 773 1082 803 εἰς
1099 773 1129 799 τὸ
1146 772 1211 807 περὶ
1236 772 1338 807 ἑορτῶν
1363 771 1526 806 κεφάλαιον,
1555 772 1585 798 ἐν
1605 768 1627 804 ᾧ
1642 770 1718 804 ἔλεγε
1732 779 1739 786 ·

947 819 1020 854 Πλὴν
1033 819 1076 846 διὰ
1093 819 1123 845 τὸ
1139 819 1189 854 τὴν
1205 819 1338 854 Γέννησιν
1355 819 1402 845 καὶ
1416 818 1446 844 τὸ
1464 819 1614 851 Βάπτισμα
1630 817 1740 852 ἐφάπαξ

98 859 248 892 lehramus,
260 862 285 888 id
297 866 369 889 recte
387 862 443 890 fieri
457 863 548 891 multis
565 866 729 894 testituouiis
750 867 888 894 docemus.

950 865 1084 901 ἑορτάσαι,
1106 866 1206 897 πολλὰς
1234 865 1332 900 ἔχομεν
1364 865 1533 900 μαρτυρίας.
1559 865 1671 900 Πρῶτον
1692 863 1740 898 μὲν

99 905 221 934 Primum
235 915 330 935 omnes
343 909 469 937 Ecclesia:
489 910 528 938 sic
542 910 713 944 factitabant,
732 913 793 940 inde
805 921 890 948 usque

99 953 133 980 ab
147 954 285 988 apostolis.
303 955 394 983 Altera
418 957 496 989 ratio,
519 959 591 992 quod
613 959 776 994 evangelista
803 959 890 988 Lucas

98 999 125 1025 id
154 1004 281 1028 testatur.
306 1002 412 1037 Quippe
434 1009 641 1038 commemorat,
668 1007 694 1032 in
712 1006 782 1033 festo
798 1007 890 1041 propi»

99 1047 232 1079 tiationis,
250 1050 320 1082 quod
336 1053 377 1077 est
394 1050 497 1078 mensis
515 1050 638 1079 Tisronis
663 1052 705 1078 die
723 1052 767 1084 10,
787 1053 837 1079 hoc
851 1057 892 1080 est

96 1092 131 1118 '27
152 1092 345 1128 Septembris:
370 1103 425 1130 quo
449 1095 595 1124 Zacharias
619 1098 737 1132 pontifex
761 1100 890 1133 templum

98 1139 236 1172 ingressus
270 1139 340 1172 fuit,
372 1146 401 1168 et
435 1142 552 1170 sumtum
587 1143 670 1176 fecit,
705 1149 732 1171 et
768 1144 890 1178 angelum

97 1185 212 1219 aspexit.

133 1232 174 1258 Ad
200 1232 257 1259 haec
280 1233 407 1261 THEOR.
432 1234 511 1262 Unde
537 1241 654 1268 constat,
680 1237 727 1269 ait,
759 1237 828 1265 diem
859 1239 892 1264 10

97 1279 200 1306 mensis
216 1278 341 1308 Tisronis
356 1289 416 1308 esse
431 1281 466 1307 27
482 1281 672 1317 Septembris?

133 1324 211 1352 GEN.
228 1325 268 1353 Ex
287 1327 432 1355 Hebraico.

136 1371 265 1400 TllEOR.
291 1373 406 1406 Quinam
437 1382 468 1402 ex
497 1375 649 1404 llebraico?
677 1377 758 1412 Atqui
785 1384 891 1406 menses

96 1417 272 1446 Ilebratorum
294 1421 393 1447 nostris
413 1421 549 1449 mensibus
566 1430 618 1449 non
634 1424 818 1458 respondent;
841 1431 890 1451 nec

96 1464 215 1498 ipsorum
245 1466 383 1493 mensibus
406 1467 501 1494 nostri.
523 1467 601 1500 Quod
629 1476 695 1495 sane
716 1469 889 1496 manifestum

945 913 1032 938 πᾶσαι
1055 913 1082 938 αἱ
1104 911 1265 946 Ἐκκλησίαι
1295 910 1380 943 οὕτως
1409 911 1569 946 ἑώρταζον,
1588 910 1741 945 ἀρξάμεναι

946 958 1000 985 ἀπὸ
1014 958 1069 984 τῶν
1085 958 1256 985 ἀποστόλων.
1270 958 1403 992 Δεύτερον
1420 957 1450 984 δὲ
1467 957 1557 992 λόγον,
1578 958 1619 983 ὅτι
1629 957 1643 982 ὁ
1658 957 1741 990 εὐαγ-

947 1004 1076 1039 γελιστὴς
1089 1004 1196 1035 Λουκᾶς
1217 1003 1298 1030 τοῦτο
1317 1004 1466 1039 μαρτυρεῖ.
1482 1004 1623 1037 Διηγεῖται
1640 1002 1696 1037 γὰρ
1711 1003 1741 1027 ἐν

945 1051 979 1085 τῇ
997 1050 1077 1084 ἑορτῇ
1089 1048 1137 1075 τοῦ
1150 1048 1277 1083 ἱλασμοῦ⁷
1297 1049 1361 1083 ἥτις
1376 1048 1435 1074 ἐστὶ
1450 1047 1489 1082 τῷ
1507 1047 1574 1082 μηνὶ
1593 1047 1692 1082 Τισρὸν
1707 1048 1740 1082 τῇ

947 1096 1061 1131 δεκάτῃ,
1079 1096 1141 1130 ἥτις
1158 1095 1216 1121 ἐστὶ
1236 1094 1425 1130 Σεπτεμϐρίου
1441 1094 1490 1126 κζ’,
1509 1094 1539 1120 ἐν
1587 1093 1711 1128 εἰσῆλθεν
1727 1093 1742 1119 ό

947 1142 1096 1177 ἀρχιερεὺς
1115 1142 1256 1177 Ζαχαρίας
1272 1142 1301 1168 ὲν
1318 1141 1358 1176 τῷ
1379 1140 1446 1176 ναῷ,
1464 1140 1513 1166 καὶ
1534 1139 1677 1174 ὲϐυμίασε,
1694 1138 1742 1165 καὶ

946 1187 1000 1216 εἶδε
1016 1190 1067 1224 τὴν
1082 1189 1178 1224 ὅρασιν
1190 1188 1237 1214 τοῦ
1256 1189 1385 1222 ἀγγέλου.

981 1234 1067 1262 Εἶπεν
1093 1237 1106 1262 ὁ
1128 1236 1225 1262 ΘΕΩΡ.
1249 1235 1334 1261 Πόθεν
1356 1235 1447 1269 δῆλον,
1467 1235 1508 1261 ὅτι
1531 1235 1547 1269 ἡ
1570 1233 1672 1268 δεκάτη
1693 1233 1741 1259 τοῦ

947 1283 1046 1318 Τισράν
1065 1283 1140 1310 ἐστιν
1157 1282 1173 1316 ἠ
1188 1282 1227 1314 κζ’
1238 1282 1285 1308 τοῦ
1299 1281 1510 1317 Σεμπτεμϐρίου
1529 1280 1634 1317 μηνός;

992 1329 1021 1357 Ὁ
1032 1329 1112 1357 ΚΛΘ.
1133 1329 1181 1355 Ἐκ
1196 1328 1242 1356 τοῦ
1260 1328 1416 1364 Ἐϐραϊκοῦ.

991 1376 1021 1402 '0
1035 1376 1134 1402 ΘΕΩΡ.
1151 1376 1211 1406 Πῶς
1228 1376 1261 1402 ἐκ
1270 1374 1318 1401 τοῦ
1334 1373 1496 1410 ¹Ε6ραῖκοῦ;
1509 1374 1565 1401 Καὶ
1582 1373 1634 1408 μὴν
1647 1373 1672 1399 οἱ
1685 1372 1741 1400 τῶν

952 1422 1088 1456 Ἐὖραίων
1101 1423 1185 1457 μῆνες
1200 1422 1251 1448 οὐκ
1266 1420 1445 1448 ἀκολουθοῦσι
1455 1421 1512 1452 τοῖς
1523 1420 1670 1455 ἡμετέροις
1684 1428 1740 1454 μη-

950 1469 1003 1500 σὶν,
1022 1467 1084 1494 οὔτε
1102 1467 1155 1502 μὴν
1173 1468 1197 1494 οἱ
1223 1467 1354 1502 ἡμέτεροι
1376 1468 1432 1498 τοῖς
1451 1466 1576 1493 ὲκείνων⁹
1594 1466 1642 1492 καὶ
1660 1466 1739 1500 δῆλον

96 1515 139 1538 est
161 1518 193 1538 ex
219 1511 362 1540 Paschate.
387 1512 502 1547 Propter
520 1514 591 1541 illam
611 1514 683 1542 eniut
705 1523 816 1542 causam
842 1516 888 1542 ali-

950 1516 977 1540 ἑκ
994 1513 1042 1541 τοῦ
1055 1514 1162 1549 Πάσχα.
1180 1514 1230 1541 Διά
1246 1513 1301 1549 γὰρ
1318 1513 1408 1545 τοῦτο,
1425 1514 1490 1540 ποτὲ
1510 1514 1560 1549 μὲν
1577 1514 1644 1548 μηνὶ
1661 1514 1740 1549 Μαρ-

96 1557 206 1591 quando
234 1557 330 1586 Martio
357 1567 466 1590 mense.
494 1560 639 1595 aliquando
669 1561 753 1595 Aprili
784 1560 890 1590 Pascha

95 1603 266 1631 celebramus
291 1613 298 1631 :
320 1613 382 1632 cuttt
413 1606 478 1633 illud
504 1605 666 1633 llebraicum
696 1606 799 1634 Pascha
837 1615 888 1633 non

95 1656 251 1684 sequamur.
265 1650 345 1677 Atilli
362 1659 500 1686 nunquam
517 1647 623 1686 aprimi
636 1653 705 1688 apud
716 1660 763 1680 cos
776 1653 888 1685 mensis,

94 1695 219 1723 videlicet
239 1696 355 1731 Nisanis,
378 1697 422 1724 die
441 1698 473 1724 Η
496 1700 638 1731 recedunt,
659 1700 887 1734 quemadmodum

95 1741 139 1768 lex
155 1741 271 1769 Mosaica
295 1745 430 1778 praecepit.
454 1745 512 1778 Quo
527 1745 556 1772 fit
584 1751 612 1772 ut
627 1746 671 1780 qui
697 1747 800 1780 primus
817 1747 887 1781 apud

94 1795 142 1815 eos
159 1790 260 1816 mensis
277 1794 329 1822 est,
344 1799 536 1826 nonnunquam
555 1792 667 1825 incum,
689 1793 735 1826 qui
750 1793 820 1827 apud
839 1801 888 1826 nos

95 1833 209 1862 Martius
225 1836 342 1868 dicitur,
366 1844 558 1871 nonnunquam
583 1839 609 1865 in
631 1839 750 1873 Aprilem
776 1828 888 1867 inridal.

94 1880 212 1915 Ideoque
227 1889 333 1909 menses
348 1883 443 1910 ordine
459 1883 550 1910 ρατιοιὶ
564 1883 719 1910 necussatio
737 1891 888 1918 sequuntur

94 1934 157 1953 cum
174 1927 218 1961 qni
231 1928 301 1962 apud
319 1928 390 1962 ipsos
408 1930 511 1962 primus
528 1934 589 1956 est:
611 1937 642 1956 ac
659 1930 791 1964 septimus
809 1931 866 1964 ipso

96 1980 156 2000 rum
182 1974 294 2005 mensis,
321 1982 374 2008 quo
399 1974 498 2001 festum
526 1975 727 2009 Propitiationis
752 1975 822 2009 apud
840 1985 887 2004 cos

93 2019 259 2050 celebratur.
282 2027 335 2046 non
363 2027 469 2054 semper
497 2021 524 2047 in
553 2020 739 2055 Septembrem
764 2027 886 2048 nostrum

94 2065 207 2098 incidit;
222 2065 269 2092 sed
286 2071 328 2093 est
343 2073 463 2098 necesse,
483 2074 678 2100 nonnunquam
693 2072 722 2094 ut
743 2068 885 2102 anticipet,

95 2119 290 2145 nonnunquam
317 2111 428 2138 accedat
446 2111 559 2139 tardius.
576 2112 715 2144 Undenam
736 2120 800 2146 ergo
824 2121 886 2140 cer-

95 2163 138 2185 tus
156 2165 196 2189 es,
212 2158 282 2185 diem
296 2158 331 2185 27
348 2153 514 2192 Septembris
530 2167 589 2186 esse
610 2159 732 2186 Tisrouis
746 2159 800 2186 10?

129 2203 208 2232 GEN.

129 2294 257 2322 THEOH.
274 2295 325 2328 Qui
340 2295 499 2330 accepistis?
512 2304 558 2330 per
572 2296 756 2331 scripturam?
770 2305 803 2323 au
816 2298 882 2324 citra

93 2342 279 2376 scripturam?

127 2388 208 2416 GEN.
225 2388 299 2416 Citra
319 2389 492 2424 scripturam.

128 2435 255 2464 THEOR.
274 2435 311 2463 Ex
326 2436 359 2463 iis
372 2444 432 2470 qutc
459 2436 530 2463 dicta
554 2441 617 2463 sunt
643 2437 675 2464 de
703 2437 886 2472 inazqaalitate

94 2486 246 2509 nostrorqu
260 2486 287 2508 et
298 2480 472 2508 Hebraeorum
487 2482 633 2513 mensium,
648 2482 820 2508 manifestum
835 2487 885 2516 est,

93 2535 147 2554 non
165 2532 190 2554 te
206 2527 278 2554 scire
292 2531 385 2558 ccrto,
410 2535 445 2553 an
464 2527 522 2554 dies
544 2527 577 2554 10
593 2527 716 2555 Tisrouis
732 2529 765 2555 sit
788 2529 822 2555 27
839 2529 887 2556 Sc-

93 2572 234 2608 ptembris.
252 2573 328 2605 Quod
336 2581 396 2600 cum
408 2574 526 2608 ignores,
542 2581 591 2602 nec
605 2574 719 2602 Joannis
731 2577 886 2610 conceptio-

95 2626 154 2645 nem
176 2619 261 2650 nOSll,
280 2618 318 2645 ttti
337 2619 441 2646 scilicet
464 2620 523 2654 ejus
544 2627 637 2647 mense
659 2626 746 2652 sexto,
767 2621 886 2655 reperire

92 2664 198 2692 Domini
212 2664 422 2698 Conceptionem
439 2666 536 2699 possis.

130 2761 209 2789 GEN.
227 2762 358 2796 Equidem
382 2763 461 2789 aliam
483 2763 672 2791 certitndinem
700 2772 752 2790 non
782 2764 880 2791 habeo.

95 2809 252 2843 (Torrigctur
271 2813 358 2835 tamen
376 2809 426 2835 hoc
441 2817 557 2844 quoque,
580 2809 632 2836 Deo
649 2809 774 2844 propitio,
790 2808 811 2835 si
825 2817 886 2843 qua:

95 2856 203 2890 majoris
219 2857 348 2883 momenti
362 2861 434 2888 sunt,
449 2856 588 2882 emendata
608 2856 708 2884 fuerint
738 2855 805 2882 Nam
835 2864 886 2891 ego

252 2205 298 2231 Sic
338 2212 352 2230 a
393 2203 540 2238 majoribus
580 2205 680 2233 nostris
720 2207 924 2240 acccpimus.D

944 1560 1006 1595 τεῳ,
1027 1559 1093 1586 ποτὲ
1111 1560 1139 1587 δὲ
1156 1560 1223 1595 μηνὶ
1242 1559 1389 1594 Ἀπριλλίῳ
1401 1559 1431 1585 τὺ
1447 1559 1543 1594 Πάσχα
1558 1559 1738 1595 ἑορτάζομεν,

942 1604 1038 1640 ἐπειδὴ
1045 1604 1084 1639 τῷ
1091 1604 1138 1630 Ἐϐ
1143 1603 1230 1639 ραῖκῷ
1238 1604 1288 1630 οὐκ
1297 1603 1445 1631 ἀκολουθοῦ
1450 1613 1499 1639 μεν
1508 1604 1612 1639 Πάσχα.
1623 1604 1738 1631 Ἐκεῖνοι

941 1651 970 1678 δὲ
992 1651 1052 1677 οὐδέ
1071 1659 1137 1677 ποτε.
1155 1650 1202 1677 τοῦ
1230 1650 1297 1685 παρ’
1315 1651 1407 1682 αὐτοῖς
1426 1650 1537 1686 πρώτον
1562 1651 1657 1686 μηνὸς,
1677 1650 1737 1685 ἤτοι

942 1697 989 1724 τοῦ
1000 1697 1098 1731 Νισὰν,
1112 1697 1160 1732 τῆς
1173 1696 1478 1732 τεσσαρεσκαιδεκάτης
1491 1697 1660 1729 ἐξίστανται,
1673 1696 1737 1723 καϐ-

941 1745 977 1776 ὼς
992 1745 1009 1778 ἡ
1030 1744 1076 1770 τοῦ
1098 1743 1219 1775 Μωσέως
1242 1742 1368 1778 νομοθεία
1391 1742 1624 1778 παρακελεύεται.
1652 1742 1735 1768 Ὢστε

940 1790 955 1816 ὁ
981 1790 1049 1825 παρ’
1072 1789 1163 1820 αὐτοῖς
1189 1788 1298 1823 πρῶτος
1321 1788 1384 1823 μὴν,
1405 1788 1471 1814 ποτὲ
1494 1787 1544 1822 μὲν
1567 1788 1596 1814 ὲν
1610 1787 1649 1822 τῷ
1670 1787 1734 1822 παρ’

939 1838 1008 1871 ἡμῖν
1026 1835 1141 1871 Μαρτίῳ
1156 1835 1297 1871 λεγομένῳ
1311 1835 1388 1870 μηνὶ,
1400 1834 1466 1861 ποτὲ
1477 1834 1506 1861 δὲ
1527 1835 1556 1861 ἐν
1570 1835 1609 1869 τῷ
1627 1835 1735 1870 ’Λπριλ-

941 1882 991 1917 λίῳ
1018 1882 1164 1916 ἐμπίπτει.
1197 1881 1251 1907 Καὶ
1276 1881 1370 1907 λοιπὸν
1389 1880 1420 1912 ἐξ
1436 1880 1560 1915 ἀνάγκης
1573 1881 1598 1906 οἱ
1616 1880 1735 1915 καθεξῆς

942 1929 1026 1964 μῆνες
1041 1931 1079 1963 τῷ
1098 1928 1198 1962 πρώτῳ
1215 1928 1306 1954 αὐτῶν
1322 1928 1501 1954 ἀκολουθοῦσι
1515 1935 1521 1942 ·
1542 1927 1589 1954 καὶ
1605 1929 1618 1954 ὁ
1638 1926 1660 1959 ζ’
1680 1927 1734 1962 μὴν

940 1975 1042 2008 αὐτῶν,
1059 1974 1121 2001 καθ’
1141 1975 1170 2001 ὃν
1195 1975 1211 2009 ἡ
1235 1973 1318 2009 ἑορτὴ
1334 1974 1381 2001 τοῦ
1402 1974 1529 2009 Ἱλασμοῦ
1552 1974 1617 2010 παρ’
1643 1973 1734 2005 αὑτοῖς

938 2021 1068 2052 τελεῖται,
1086 2021 1136 2047 οὐκ
1157 2021 1288 2055 ἐμπίπτει
1312 2022 1357 2048 ἀεὶ
1382 2021 1421 2055 τῷ
1439 2021 1504 2057 παρ’
1528 2022 1593 2056 ἡμῖν
1609 2021 1734 2055 Σεπτεμ-

940 2067 1019 2102 ὃρίῳ,
1039 2068 1096 2095 ἀλλ’
1113 2068 1221 2105 ἀνάγκη
1240 2068 1306 2094 ποτὲ
1335 2068 1384 2102 μὲν
1401 2067 1608 2103 προλαμϐάνειν
1637 2067 1731 2099 αὑτὸν,

939 2114 1006 2142 ποτὲ
1027 2113 1055 2140 δὲ
1074 2114 1241 2149 ὑστερίζειν.
1255 2114 1342 2140 Πόθεν
1363 2111 1409 2140 οὖν
1423 2113 1496 2148 ἔχεις
1515 2113 1644 2148 βεϐαίως,
1657 2113 1699 2140 ὅτι
1716 2113 1732 2148 ή

939 2160 979 2193 κζ’
995 2160 1184 2195 Σεπτεμόρίου
1199 2160 1300 2195 δεκάτη
1317 2160 1376 2186 ἐστὶ
1391 2159 1439 2186 τοῦ
1449 2160 1566 2195 Τισρόν;

978 2207 1009 2232 '0
1033 2206 1114 2236 ΚΑΘ,
1134 2205 1213 2233 Οὕτω
1243 2206 1436 2242 παρελάϐομεν
1475 2205 1553 2242 παρὰ
1587 2206 1641 2232 τῶν
1679 2206 1732 2242 πρὸ

938 2253 1030 2289 ἡμῶν.

979 2300 1009 2327 '0
1024 2301 1123 2328 ΘΕΩΡ.
1143 2300 1204 2332 Πῶς
1222 2299 1413 2336 παρελάὃετε;
1435 2298 1593 2334 ἐγγράφως,
1615 2299 1630 2333 ἢ
1648 2299 1734 2333 ἀγρά-

938 2356 996 2382 φως
1007 2355 1014 2380 ἶ

979 2393 1009 2420 '0
1028 2394 1109 2420 ΚΑΘ.
1130 2394 1289 2429 Ἀγράερως.

982 2441 1012 2467 '0
1037 2439 1135 2468 ΘΕΩΡ.
1158 2441 1206 2467 Ἐκ
1226 2441 1280 2467 τῶν
1298 2440 1436 2475 ῥηθέντων
1454 2441 1521 2474 περὶ
1538 2440 1588 2474 τῆς
1602 2439 1732 2472 ἀνισότη-

937 2496 982 2518 τος
994 2486 1050 2512 τῶν
1066 2487 1131 2522 παρ’
1143 2487 1220 2521 ἡμῖν,
1232 2487 1280 2514 καὶ
1298 2487 1353 2513 τῶν
1372 2487 1438 2522 παρ’
1459 2486 1601 2522 Ἑϐραίοις
1621 2486 1728 2521 μηνῶν,

938 2533 1016 2568 δῆλόν
1031 2535 1118 2564 ἐστιν,
1138 2534 1178 2559 ὅτι
1193 2533 1245 2560 οὐκ
1269 2533 1343 2564 οἶδ-ις
1361 2533 1489 2568 βεὸαίως,
1513 2534 1538 2560 εἰ
1560 2532 1635 2559 ἔστιν
1656 2533 1672 2568 ἡ
1689 2533 1730 2559 δε-

938 2578 1009 2613 κάτη
1024 2577 1069 2604 τοῦ
1083 2577 1183 2612 Τισρδν
1197 2577 1239 2609 κζ’
1254 2577 1302 2603 τοῦ
1323 2577 1527 2612 Σεπτεμϐρίου.
1542 2577 1597 2604 Καὶ
1615 2577 1639 2602 sl
1651 2575 1731 2602 τοῦτο

938 2625 1056 2658 ἀγνοεῖς,
1087 2624 1148 2651 οὐδὲ
1178 2623 1227 2658 τὴν
1256 2623 1389 2658 σύλληψιν
1411 2624 1538 2651 Ἰωάννου
1567 2621 1662 2655 οἶδας·
1685 2624 1731 2649 ἵνα

938 2671 1010 2697 κατὰ
1020 2671 1066 2697 τὴν
1084 2671 1110 2702 ς’
1126 2671 1198 2705 μῆνα
1214 2670 1318 2705 ταύτης
1333 2669 1382 2705 τὴν
1401 2670 1534 2706 σύλληψιν
1547 2670 1668 2706 εὑρήσῃς
1680 2671 1729 2697 τοῦ

940 2718 1055 2752 Κυρίου.

981 2764 1011 2790 ’0
1025 2764 1105 2790 ΚΑΘ.
1119 2764 1219 2799 Ἀλλην
1229 2765 1381 2799 ἀσφάλειαν
1395 2766 1446 2792 οὐκ
1460 2765 1524 2801 έχω.
1537 2766 1610 2800 Πλὴν
1626 2767 1642 2800 ἡ
1655 2767 1728 2800 διόρι

939 2810 1023 2841 Οωσις
1037 2810 1133 2836 τούτου
1152 2813 1309 2846 γενήσεται,
1327 2812 1376 2839 σὺν
1399 2812 1470 2847 Θεῷ,
1487 2812 1545 2846 εἴγε
1565 2812 1727 2848 διορθωοείη

941 2857 973 2882 τὶι
991 2856 1170 2891 καιριώτερα.
1275 2859 1331 2894 γὲρ
1350 2859 1488 2893 τὸνλόγον
1503 2859 1549 2886 τοῦ
1569 2858 1641 2885 θεῖον
1654 2859 1724 2894 Χρυ-
