1942 3081
95 116 147 150 185

793 121 1021 151 DlSPUTAT'tO
1038 122 1063 152 Ι.

1686 124 1737 158 186

96 178 245 211 σοστόμου,
270 177 336 211 τὺν,
355 178 419 205 πότε
443 179 484 205 δεῖ
506 179 556 215 τὴν
578 181 676 217 ἑορτὴν
697 182 744 210 τοῦ
770 183 891 218 Χριστοῦ

952 179 1201 215 liviChrysostomi
1234 180 1397 213 orationem,
1425 188 1477 215 qua
1503 181 1595 214 docet,
1626 184 1736 216 quando

96 223 256 257 Γεννήσεως
272 225 427 260 ἑορτάζειν,
443 226 639 262 διαγορεύοντα
670 226 713 263 (οὗ
731 230 827 264 μνείαν
843 231 893 257 αὺ-

96 271 142 301 τὺς
160 270 294 306 ἀνωτέρω
306 272 487 307 πεποίηκας),
500 273 582 308 μέχρι
593 275 639 301 τοῦ
653 275 702 301 νῦν
710 276 760 310 οὐχ
771 276 893 311 ἑώρακα.

101 315 175 342 Ἀλλ’
192 317 253 342 οὐδὲ
270 317 388 352 ἤκουσα,
399 318 441 345 ὅτι
460 319 520 346 ἔστι
538 319 619 354 λόγος
633 322 680 349 τοῦ
696 322 894 357 Χρυσοστόμου

97 363 163 396 περὶ
181 362 280 389 τούτου
292 373 299 380 ο
318 364 421 398 μᾶλλον
439 365 468 392 δὲ
495 366 542 392 τοῦ
564 367 643 401 ἁγίου
662 368 824 402 Ἐπιιρανίου
844 371 895 403 τῆς

97 407 217 443 Κύπρου
235 409 336 444 ἢκουον
359 409 428 438 εἶναι
446 411 526 446 λόγον
547 413 610 448 περὶ
627 414 723 441 τούτου
735 424 741 430 ·
759 415 816 442 ἀλλ’
833 417 895 443 οὐδὲ

97 453 206 478 ἐκεῖνον
222 451 303 481 εἶδον.
328 455 446 490 Λέγουσι
469 458 524 493 γὰρ
540 458 581 484 ὃτι
597 460 611 486 ό
628 459 698 491 Seio;
722 461 894 495 Ἐπιφάνιος,

97 498 140 524 ire
163 498 193 531 ἐξ
215 499 352 535 Ἐϐραίων
367 502 416 535 ὢν,
433 504 465 529 ὲκ
483 504 532 538 τῆς
559 505 613 531 τῶν
632 505 767 541 Ἐϐραίων
784 509 894 543 γραφῆς

97 547 146 571 καὶ
165 546 303 581 Ἰωσήπου
321 549 369 574 τοῦ
384 550 576 586 χρονογράφου
598 552 763 586 ἐϐεϐαίωσε,
789 556 894 589 Δεκεμ-

96 591 169 626 ΰρίῳ
195 597 236 619 κε’
260 593 311 630 τὴν
336 596 466 630 Γέννησιν
481 597 661 633 ἐορτάζεσθαι
684 600 731 626 τοῦ
756 601 893 637 Σωτῆρος.

96 639 194 674 Τούτῳ
220 641 288 674 φασί
306 644 464 676 συμφωνεῖν
479 644 528 670 καὶ
545 645 594 676 τὰς
612 646 665 673 ὑπὸ
680 647 727 674 τοῦ
745 647 826 674 Τίτου
841 649 895 676 ἀπὸ

103 686 290 722 Ἰερουσαλὴμ
321 690 362 721 εἰς
388 689 500 725 Ῥώμην
535 692 669 727 ἀχθείσας
701 695 822 728 γραφὰς,
849 696 894 722 ὅτε

100 733 204 766 ταύτην
221 734 303 765 αὐτὸς
328 735 556 770 ᾐχμαλώτευσεν.
579 739 650 765 Ἀλλ’
676 739 705 765 οὐ
725 740 808 771 πολὺς
833 741 896 775 ἐμοὶ

97 778 178 811 λόγος
195 780 258 815 περὶ
275 781 330 807 τῶν
343 782 454 816 ἑορτῶν,
472 784 519 809 καὶ
534 784 589 810 τῶν
604 785 693 812 ἄλλων
707 787 757 822 τῆς
775 787 893 822 Ἐκκλη-

97 825 161 856 aia;
193 826 279 860 ἡυῶν,
306 828 331 853 εἱ
355 828 435 862 μόνον
460 830 526 866 περὶ
553 831 603 866 τὴν
626 832 719 860 πίστιν
741 833 894 870 ὁμοφρονή-
911 859 932 887 Β

98 879 206 904 σωμεν.

144 918 173 942 ’0
194 918 294 948 ΘΕΩΡ.
317 921 350 946 Τί
365 921 392 947 δὲ
408 922 472 956 περὶ
494 924 544 957 τῆς
566 923 614 950 τοῦ
635 925 784 959 Τρισαγίου
808 925 894 961 ὕμνου

99 964 278 999 ποοπῡήίηςς
303 966 437 1002 Ἐἀσομεν
461 969 544 1004 αὐτὴν
566 971 778 1006 ἀνεξέλεγκτον;
801 973 895 1009 ἐπειδὴ

98 1012 129 1036 ὲν
159 1013 217 1043 τοῖς
245 1016 410 1047 πρακτικοῖς
437 1017 487 1048 τῆς
516 1017 597 1051 ἁγίας
623 1019 670 1045 καὶ
699 1020 895 1056 οἰκουμενικῆς

99 1057 236 1093 τετάρτης
254 1060 366 1086 συνόδου
383 1062 547 1097 ἐμφέρεται,
579 1065 653 1096 ὅπως
672 1066 767 1093 τοῦτον
788 1069 849 1094 τότε
870 1069 894 1094 oi

100 1102 230 1138 θεοφόροι
251 1106 375 1140 ῐιοιτέρες
392 1108 438 1134 τὸν
454 1108 538 1143 ὕμνον
553 1110 765 1148 ὲξύμνησαν,τῇ
781 1115 896 1140 ἐκείνων

101 1150 254 1187 ὑμνολογὶᾳ
271 1153 455 1187 ἀρκυύμενοις
485 1157 499 1190 ἦ
516 1156 556 1183 δεῖ
572 1158 619 1184 καὶ
637 1160 702 1194 περὶ
716 1160 818 1192 ταύτας
831 1162 897 1187 ἀνα-

99 1197 204 1228 σκευὰς
219 1198 318 1230 εἰπεῖν,
337 1201 384 1225 καὶ
396 1200 493 1233 δεῖξαι,
506 1203 546 1229 ὅτι
567 1204 583 1238 ἡ
605 1204 652 1230 τοῦ
671 1208 798 1239 κναφέως
812 1216 897 1242 προσ.

99 1242 173 1278 οήκη
196 1246 229 1279 τῇ
251 1245 401 1282 Ἐκκλησίᾳ.
425 1247 557 1284 βδελυκτή
577 1251 635 1277 ἐστι
659 1253 706 1278 καὶ
723 1253 895 1288 ἀπόϐλητοςς

139 1387 170 1414 '0
193 1388 275 1415 ΚΛΘ.
286 1388 323 1415 Εὖ
344 1390 496 1424 πεποίηκας
508 1392 668 1428 ἀναμνήσας
682 1396 756 1430 ἡμᾶς
771 1397 835 1432 περὶ
848 1397 896 1424 τοῦ

99 1434 273 1468 Τρισαγίου·
298 1435 438 1470 εὑρίσκεις
460 1438 515 1473 γὰρ
548 1440 662 1474 χρήσεις
686 1441 744 1468 τῶν
769 1444 897 1477 μεγάλων

99 1479 273 1508 διδασκάλων
296 1482 346 1517 τῆς
362 1482 539 1519 Ἐκχλησίας,
561 1487 634 1521 μόνῳ
663 1488 796 1521 δοκούσας
812 1498 898 1525 προσ-

946 227 1047 255 Nalalis
1063 227 1164 255 Christi
1181 227 1359 256 celebrandus
1384 227 1419 255 sit
1443 229 1530 263 (cujus
1564 229 1621 263 ipse
1654 237 1738 264 supra

947 274 1109 301 mentionem
1142 274 1255 309 fecisti),
1286 273 1419 302 hactenus
1440 282 1494 302 non
1525 275 1589 303 vidi.
1625 276 1682 303 Imo
1703 284 1738 304 ne

945 319 1053 353 quidem
1076 319 1178 353 audivi,
1206 320 1323 354 aliquam
1358 319 1546 356 Chrysostomi
1583 322 1735 350 oralionem

945 366 1004 401 ejus
1019 367 1172 402 argumenti
1190 372 1315 399 exstare;
1330 367 1419 401 potius
1447 368 1643 401 intellexeram,
1672 377 1734 397 esse

946 415 1090 448 quamdam
1107 415 1140 442 de
1156 415 1207 442 hoc
1224 415 1372 442 orationem
1389 415 1474 442 sancti
1502 415 1656 450 Epiphauii.
1683 417 1736 452 Cy-

945 459 986 492 pri
1000 459 1135 494 episcopi;
1155 467 1236 494 quam
1253 460 1339 493 ipsam
1356 468 1464 495 quoque
1480 468 1532 487 non
1560 461 1624 488 vidi.
1654 463 1736 488 Aiunt

945 504 1029 538 enim,
1045 506 1136 533 divum
1153 506 1344 540 Epiphanium,
1365 507 1409 540 qui
1435 511 1504 534 esset
1531 506 1660 534 Hebraeus
1685 516 1734 534 ua-

947 550 1029 581 tione.
1045 551 1077 577 de
1090 551 1187 579 litteris
1201 551 1387 584 Hebraeorum,
1401 558 1428 578 et
1443 553 1581 579 annalium
1601 554 1734 588 scriptore

947 595 1066 631 Josepho
1092 597 1260 628 alIirmasse,
1278 596 1401 624 Natalem
1436 597 1589 625 Servatoris
1628 598 1671 625 die
1699 598 1734 625 23'

946 641 1102 670 Decembris
1121 643 1324 670 celebrandum.
1339 644 1406 671 Cum
1422 651 1455 670 eo
1477 644 1631 677 consentire
1644 645 1736 672 dicunt

946 694 974 715 ct
991 696 1020 715 ea
1035 689 1136 724 scripta
1152 697 1212 724 qme
1233 690 1310 718 Titus
1337 690 1532 725 Hierosolymis
1560 691 1671 717 ltomam
1689 690 1736 716 de-

947 736 1106 770 porlaverit.
1124 744 1186 764 cum
1210 745 1269 764 eam
1285 737 1379 764 urbem
1405 741 1525 772 caperet.
1551 735 1650 763 Verum
1682 745 1734 763 non

947 789 1113 817 magnopere
1127 783 1262 811 sollicitus
1283 784 1408 817 equidem
1421 783 1497 810 fuero
1514 784 1547 810 de
1564 782 1641 810 festis
1660 783 1735 810 aliis-

946 835 999 861 que
1012 828 1254 857 consuetudinibus
1268 829 1409 862 Eeclesiaz,
1422 830 1502 856 modo
1531 829 1675 856 sententiis
1703 829 1738 856 de

949 872 1000 899 lide
1016 874 1221 902 convcuiamus.

983 918 1112 947 THEOR.
1124 920 1193 953 Quid
1206 925 1296 948 autem
1313 922 1346 948 de
1358 921 1429 948 illius
1440 922 1545 958 hymni,
1555 929 1635 957 quem
1643 921 1740 948 ΤΙ-ἰδο-

947 965 1019 999 gium
1036 966 1258 1002 dtcimuquuod
1276 973 1317 994 ter
1332 967 1358 994 in
1376 975 1409 994 eo
1423 967 1515 996 Sancti
1539 975 1634 995 nomen
1663 975 1740 1000 repe-

948 1012 1031 1047 tatur)
1052 1013 1216 1047 appendice?
1232 1013 1303 1040 Nunt
1323 1013 1395 1040 illam
1413 1014 1624 1042 inexamiuatam
1657 1013 1740 1040 relin-

948 1059 1083 1092 quemus?
1097 1063 1136 1092 ut,
1153 1059 1280 1093 quoniam
1297 1060 1322 1086 in
1342 1060 1409 1087 actis
1419 1065 1522 1087 sancta:
1537 1068 1569 1087 ac
1594 1060 1738 1087 universa-

948 1104 982 1131 lis
999 1110 1103 1140 quartae
1120 1106 1214 1141 synodi
1237 1106 1363 1138 traditur,
1382 1114 1435 1141 qua
1453 1106 1537 1134 forma
1554 1107 1580 1133 id
1608 1105 1739 1140 temporis

947 1152 1065 1180 eumiin
1082 1152 1164 1179 divini
1187 1152 1283 1179 Patres
1297 1153 1551 1187 pronuntiaverint,
1566 1159 1615 1179 nos
1643 1159 1738 1180 eorum

948 1197 974 1223 iu
991 1197 1035 1224 illo
1047 1198 1146 1232 hymno
1161 1198 1362 1232 pronuntiando
1375 1198 1461 1225 forma
1485 1198 1607 1225 contenti
1629 1197 1737 1224 simus?

949 1251 982 1270 an
1003 1248 1029 1270 et
1054 1244 1097 1270 hic
1128 1249 1288 1279 argumenta
1315 1244 1475 1278 promenda,
1504 1243 1738 1278 probandumquo,

949 1290 1070 1317 Fullonis
1082 1290 1160 1317 istius
1169 1290 1346 1325 appendicem
1362 1291 1396 1318 ab
1405 1289 1527 1317 Ecclesia
1541 1297 1589 1325 pro
1599 1289 1740 1318 abomina-

949 1336 994 1363 bili
1010 1341 1037 1364 et
1054 1336 1175 1372 rejiicnla
1190 1337 1275 1364 duci?

983 1394 1063 1421 GEN.
1079 1394 1118 1421 Tu
1130 1401 1195 1421 vero
1208 1398 1293 1427 recte,
1308 1394 1353 1429 qui
1366 1394 1399 1421 de
1415 1393 1540 1428 Trisagio
1571 1399 1620 1419 nos
1643 1392 1737 1418 admo-

950 1441 1052 1467 nueris.
1074 1439 1179 1474 Quippe
1197 1447 1357 1474 magnorum
1372 1438 1502 1466 Ecclesiae
1524 1435 1666 1465 doctorum
1691 1444 1739 1463 att-

950 1486 1091 1513 ctoritates
1107 1486 1292 1517 inveniuntur.
1307 1493 1367 1521 qua
1383 1485 1431 1512 soli
1444 1484 1511 1512 Filio
1523 1485 1653 1520 ltymnum
1666 1483 1740 1510 illum

101 1526 202 1553 ἅπτειν
219 1527 259 1561 τῷ
275 1527 334 1562 Υίῷ
349 1529 396 1554 τὸν
412 1529 563 1564 Τρισάγιον
576 1531 670 1567 ὕμνον.
691 1534 746 1560 Καὶ
765 1535 896 1567 πολλάκις

952 1532 1065 1568 Trisagii
1083 1533 1231 1560 attribuere
1243 1532 1381 1560 videntur.
1400 1534 1437 1559 Ac
1461 1538 1531 1566 sape
1561 1538 1664 1558 mecum
1683 1530 1743 1556 illas

101 1573 207 1605 ταύταις
227 1577 370 1610 σκοπήσας
392 1577 454 1603 κατ’
477 1579 609 1612 ἐμαυτὸν,
624 1580 653 1606 ἐν
671 1581 814 1618 ἀμηχανίᾳ
829 1591 897 1609 κατ-

102 1619 188 1654 έστην
213 1620 299 1656 πολλῇ
311 1629 318 1636 ·
337 1622 385 1648 καί
408 1630 454 1656 μοι
469 1623 544 1650 δοκεῖ
554 1625 585 1650 ἐκ
597 1625 701 1652 τούτων
718 1627 899 1662 ὁρμωμένους

100 1666 155 1691 τῶν
169 1667 298 1701 χρήσεων
323 1669 386 1699 τοὺς
417 1669 467 1704 τὴν
486 1670 648 1706 προσθήκην
663 1672 766 1708 ταύτην
783 1683 899 1710 πεποιη-

100 1713 186 1744 κότας
202 1715 403 1749 πεποιηκέναι·
421 1717 468 1742 καὶ
487 1717 593 1749 διδάξαι
613 1718 698 1753 ἡμᾶς,
712 1710 776 1746 ὃταν
789 1721 838 1747 ἐπὶ
849 1722 899 1757 τῆς

99 1758 186 1791 ἁγίας
218 1760 336 1794 Τριάδος
360 1762 406 1788 τὸν
430 1762 501 1789 θεῖον
517 1762 616 1798 ᾄδομεν
640 1764 734 1800 ὓμνον,
760 1767 898 1802 μηδεμίαν

100 1806 268 1841 προσθήκην
284 1809 374 1834 ποιεῖν
385 1817 392 1822 ·
409 1809 475 1836 ὅταν
489 1810 517 1836 δὲ
536 1811 583 1836 ἐπὶ
602 1811 684 1841 μόνου
703 1812 822 1848 λέγομεν
838 1814 899 1840 τοῦ·

99 1860 147 1878 τον
163 1852 211 1878 τοῦ
230 1853 309 1886 Υίοῦ,
327 1855 507 1889 προστιθέναι
539 1857 605 1883 ποτὲ
625 1857 674 1892 μὲν
689 1858 728 1890 τὸ,
752 1858 785 1885 '0
803 1867 898 1887 σταυ-

99 1899 210 1932 ρωθεὶς
231 1900 269 1926 δι’
286 1900 382 1935 ἡμᾶς·
406 1903 470 1929 ποτὲ
491 1903 513 1928 δ’
535 1903 568 1930 αὖ
583 1904 623 1936 τὸ,
641 1905 792 1938 Ἀναστάς
805 1914 812 1922 ν
825 1905 841 1940 ἢ
856 1906 898 1938 τὸ,

111 1945 316 1981 Ἀναληφθείς
329 1956 335 1963 -
352 1948 421 1983 πρὸς
436 1948 482 1974 τὸν
495 1950 590 1984 καιρὸν
607 1950 655 1976 τοῦ
679 1950 829 1986 μυστηρίου
848 1951 899 1987 ἀρ-

103 1993 205 2027 μοδίως
229 1994 275 2020 καὶ
297 1995 347 2027 τὴν
372 1995 536 2030 προσθήκην
550 1997 727 2031 ποιούμενοι·
742 1997 782 2029 τὸ,
807 1997 897 2031 Θεός·

101 2040 152 2066 καὶ
169 2039 209 2071 τὸ,
234 2041 384 2075 Ἰσχιιρόςη
411 2042 458 2068 καὶ
474 2041 514 2074 τὸ,
539 2042 720 2076 Ἀθάνατος·
745 2044 790 2070 ἐπὶ
815 2045 899 2079 μόνου

101 2085 151 2111 τοῦ
173 2086 210 2112 δι’
240 2087 313 2122 ἡμᾶς
336 2088 552 2122 σταυρωοέντος,
573 2089 621 2115 καὶ
651 2089 829 2121 ἀναστάντος,
853 2091 901 2117 καὶ

101 2133 310 2167 ἀναληφθέντος
338 2133 459 2168 Χριστοῦ
486 2134 534 2161 τοῦ
558 2135 627 2161 Θεοῦ
653 2135 731 2171 ήμῶν
758 2136 901 2171 ἐκλαμϐά-

100 2188 210 2210 νοντες.

951 1581 1076 1614 equidem
1093 1580 1283 1613 considerans,
1299 1579 1444 1607 admodum
1459 1579 1557 1606 anxius
1586 1578 1652 1605 haesi
1670 1585 1677 1604 :
1692 1576 1742 1604 ad-

950 1633 1036 1660 eoque
1048 1626 1178 1658 arbitror,
1192 1624 1250 1659 ejus
1266 1625 1423 1660 appendieis
1440 1630 1578 1657 auctores,
1602 1623 1654 1651 illis
1678 1630 1741 1658 per-

950 1675 1038 1698 motos
1054 1670 1272 1702 auctoritatibus,
1281 1678 1341 1697 eam
1354 1670 1452 1698 fecisse
1466 1678 1473 1702 ς
1487 1677 1590 1704 nOsqne
1602 1669 1740 1700 docuisse,

951 1716 1057 1751 quoties
1072 1716 1106 1743 de
1122 1721 1215 1743 sancta
1230 1715 1366 1743 Trinitate
1379 1716 1498 1743 divinum
1515 1715 1589 1742 illum
1611 1715 1741 1750 hymnum

951 1763 1084 1794 canimus,
1103 1762 1205 1789 nullam
1225 1761 1379 1789 faciundam
1392 1761 1567 1796 appendicem
1586 1769 1593 1787 :
1617 1764 1645 1787 at
1670 1766 1742 1792 quo-

950 1807 1001 1835 lies
1017 1815 1078 1835 eum
1093 1807 1127 1834 de
1150 1807 1218 1834 Filio
1243 1807 1381 1834 duntaxat
1410 1806 1630 1841 pronuntiamus.
1657 1805 1743 1832 inter.

950 1855 1013 1882 dum
1030 1855 1137 1889 quidem
1159 1853 1312 1890 addendum
1331 1860 1339 1880 :
1357 1853 1409 1886 Qui
1422 1853 1566 1886 cruciﬁxus
1583 1860 1609 1879 es
1635 1857 1742 1887 propter

950 1909 1012 1934 nos;
1024 1901 1158 1928 interdum
1172 1907 1236 1927 vero
1251 1909 1258 1927 :
1277 1899 1329 1932 Qui
1343 1899 1513 1926 resuscitatus
1527 1906 1571 1931 es;
1585 1898 1626 1925 vel
1649 1897 1713 1924 illud
1731 1905 1739 1924 :

951 1945 1002 1979 Qui
1017 1951 1168 1980 assumptus
1183 1953 1210 1972 es
1222 1952 1338 1977 sursum,
1362 1944 1491 1971 nimirum
1513 1947 1542 1970 ut
1554 1951 1604 1978 pro
1621 1948 1743 1977 tempore

950 1992 1083 2028 mysterii,
1096 1997 1157 2027 apta
1174 1999 1283 2027 qttoque
1297 1991 1457 2027 subjiciatur
1471 1991 1606 2025 appendix
1622 1999 1628 2017 :
1661 1996 1686 2017 et
1711 1990 1742 2017 il-

950 2038 1004 2064 lam
1030 2045 1125 2065 vocem
1155 2037 1236 2068 Deus.
1267 2041 1295 2064 et
1317 2038 1431 2064 alteram
1453 2035 1554 2066 Fortis.
1575 2040 1602 2063 el
1621 2036 1742 2067 tertiam,

950 2082 1116 2110 Immortalis
1141 2083 1175 2110 de
1205 2083 1263 2110 solo
1286 2088 1397 2117 propter
1424 2089 1473 2110 nos
1496 2080 1638 2114 erucitlxo,
1672 2090 1742 2116 eque

952 2129 1066 2157 mortuis
1093 2129 1233 2161 suscitato,
1268 2134 1295 2157 et
1321 2136 1429 2157 sursum
1455 2132 1595 2163 assumpto
1629 2128 1737 2156 Christo

953 2175 1007 2203 Deo
1017 2178 1112 2202 uastro
1127 2174 1321 2210 intelligamus.

144 2235 176 2262 Ὀ
193 2235 290 2263 ΘΕΩΡ.
306 2237 417 2270 Λοιπὸν,
432 2237 496 2264 ὅταν
515 2238 585 2273 μετὰ
597 2239 647 2274 τῆς
663 2240 825 2276 προσθήκης
839 2241 896 2268 τοῦ-

986 2231 1116 2259 THEOR.
1136 2232 1232 2260 Restat
1252 2227 1327 2268 ergo,
1353 2236 1383 2260 ιιι
1403 2239 1463 2260 cum
1476 2233 1740 2267 pronuntiatishunc

102 2290 149 2308 τον
165 2282 266 2318 λέγητε
282 2283 329 2310 τὸν
342 2284 437 2319 ὕμνον,
459 2286 602 2320 τρισάγιον
625 2287 735 2314 καλεῖτε
752 2288 800 2315 τὸν
821 2288 897 2316 Υίόν.

147 2386 179 2413 '0
195 2387 275 2414 ΚΑΘ.
293 2387 357 2415 Ναί.
371 2388 427 2415 Καὶ
444 2389 498 2424 γὰρ
513 2389 543 2416 οὐ
561 2389 641 2424 μόνον
663 2391 816 2425 τρισάγιον,
833 2391 901 2418 ἀλλὰ

104 2432 152 2458 καὶ
171 2433 317 2467 μυριάγιον
332 2433 380 2460 ἐὰν
391 2434 522 2469 καλῶμεν
537 2435 631 2466 αὑτὸν,
648 2436 739 2468 καλῶς
754 2436 898 2471 ποιοῦμενο

104 2478 198 2509 καθὼς
212 2479 226 2504 ὁ
242 2479 329 2513 μέγας
346 2479 510 2511 ’Δθανόισιος
536 2480 564 2506 ὲν
580 2480 619 2515 τῷ
641 2480 705 2516 περὶ
731 2481 899 2515 σσρκώσεως

105 2524 152 2550 καὶ
170 2524 286 2558 Τριάδος
298 2524 371 2560 λόγῳ
386 2525 468 2559 φησίν
481 2534 488 2541 ⁸
502 2525 538 2551 Οὐ
551 2527 609 2561 τρὶς
634 2526 713 2560 μόνον
731 2526 822 2559 ἅγιος.
839 2527 898 2553 ἀλλ’

104 2571 240 2605 ἀορίστως
254 2571 302 2596 καὶ
317 2571 467 2606 ἀπειράκις
482 2571 571 2606 ἅγιος,
589 2573 635 2598 καὶ
650 2572 811 2608 ὑπερὰγιος.

147 2672 178 2699 '0
195 2672 292 2700 ΘΕΩΡ.
315 2673 367 2700 Τὸν
381 2673 410 2700 δὲ
422 2673 545 2708 Πατέρα,
560 2673 575 2708 ἦ
593 2673 623 2699 τὸ
638 2673 790 2708 Ιινεῦμα’τὸ
811 2673 900 2708 ἅγιον,

107 2719 136 2746 οὗ
153 2719 248 2753 λέγετε
260 2719 440 2755 τρισάγίους;
893 2731 895 2734 ⁴

147 2765 176 2792 ’0
191 2765 272 2792 ΚΑΘ.
284 2764 334 2793 Οὔ.

144 2811 180 2838 ’0
193 2811 290 2838 ΘΕΩΡ.
313 2811 369 2838 Καὶ
384 2811 465 2838 πόθεν
480 2811 498 2845 ὴ
510 2810 705 2845 ἀποκλήρωσις
722 2810 768 2836 τοῦ
787 2810 825 2846 τῷ
843 2810 900 2844 Υῑῷ

109 2857 189 2893 μόνον
209 2857 418 2892 προσαρμόζειν
442 2856 488 2884 τὸν
511 2856 584 2883 θεῖον
609 2856 704 2882 τοῦτον
722 2855 817 2890 ὕμνον,
833 2856 848 2892 ἢ
864 2858 895 2891 τῇ

951 2278 1081 2314 hymnum
1100 2286 1160 2305 cum
1189 2279 1348 2313 appendice,
1365 2278 1463 2306 Filium
1489 2284 1531 2310 ter
1551 2285 1674 2306 sanctum
1695 2287 1743 2314 ap-

951 2324 1067 2358 pulletis.

988 2380 1067 2408 GEN.
1079 2381 1206 2410 Proiecto
1216 2391 1224 2416 ;
1236 2390 1297 2409 nam
1309 2387 1381 2410 recte
1389 2382 1515 2416 facimus,
1527 2391 1587 2411 eum
1599 2391 1650 2410 non
1664 2383 1744 2410 modo

954 2433 994 2454 ter
1015 2433 1161 2460 sanctum,
1187 2429 1233 2456 sed
1260 2429 1358 2457 millies
1387 2433 1511 2457 sanctum
1538 2430 1706 2465 appellantes
1734 2438 1742 2457 :

955 2475 1181 2509 quemadmodum
1203 2483 1316 2510 magnus
1329 2476 1374 2503 ille
1388 2475 1555 2509 Athanasius
1574 2476 1599 2502 in
1615 2475 1744 2509 oratione

956 2521 989 2548 de
1008 2522 1099 2548 carnis
1123 2523 1308 2557 assumptione
1319 2522 1504 2556 Triuitateque
1523 2522 1641 2556 loquitur
1657 2530 1664 2549 :
1684 2521 1744 2550 Non

953 2572 995 2594 ter
1011 2569 1091 2596 modo
1103 2573 1224 2602 sanctus,
1247 2569 1383 2603 inquiens,
1413 2569 1461 2596 sed
1489 2568 1594 2596 inﬁnite
1621 2572 1743 2600 sanctus.

952 2617 979 2640 et
991 2621 1097 2640 omnem
1116 2622 1197 2649 supra
1215 2615 1389 2641 sanctitatem
1406 2614 1522 2648 positus.

990 2670 1121 2699 TliEOR.
1138 2672 1246 2698 Patrem
1261 2679 1337 2702 vero.
1352 2677 1513 2698 sauctumve
1535 2670 1676 2705 Spiritum,
1704 2675 1744 2699 ter

954 2722 1064 2744 sanctos
1079 2725 1131 2744 non
1143 2717 1249 2744 dicitis?

990 2762 1069 2790 GEN.
1085 2762 1155 2790 Non.

990 2808 1117 2836 THEOR.
1143 2809 1175 2835 Et
1206 2810 1275 2836 unde
1300 2809 1417 2843 profecta
1435 2813 1475 2836 est
1501 2809 1557 2835 [nec
1578 2808 1742 2839 distributio.

955 2861 985 2882 ιιι
1011 2855 1051 2881 \‘cl
1083 2855 1131 2883 soli
1159 2855 1226 2882 Filio
1255 2856 1371 2890 hymnus
1400 2856 1443 2884 hic
1462 2855 1607 2888 tribuatur,
1627 2854 1668 2881 vel
1691 2854 1742 2882 toti
