1942 3081
250 173 298 206 191

283 230 364 259 GEN.
379 230 462 258 Recte
477 231 544 258 dicis
561 241 569 262 ε
587 232 642 258 nat.

285 277 378 312 ltaque
391 283 473 312 caput
488 278 522 305 de
539 281 678 312 unguento
694 277 828 313 legentes,
855 278 913 306 hme
936 278 1035 313 scripta

248 323 410 357 reperimus.
433 322 550 350 Rursum
569 324 695 358 prmcepit
714 324 770 358 ipsa
790 323 942 359 Scriptum,
962 329 990 351 ιιι
1004 331 1035 351 es

248 369 283 396 iis
296 369 363 395 oleis
383 368 501 400 olerum,
518 377 577 403 quae
592 377 727 397 sesamum
746 375 854 400 vocant.
870 375 1036 405 unguentum

248 419 371 440 nostrum
398 415 570 447 conliciatttr,
585 423 638 442 non
668 423 700 442 ex
724 415 857 442 olivarum
884 416 1036 443 arboribus.

247 461 336 495 Atque
363 461 415 488 hoc
441 469 534 495 reapse
561 467 654 488 verum
672 466 725 488 est.
741 461 828 488 Causa
853 461 890 488 rei
909 466 951 488 est
969 462 1036 493 haec,

247 507 319 542 quod
337 508 362 533 in
377 508 570 534 Armeniorum
588 508 698 540 regione
717 515 770 534 non
784 512 848 535 sunt
861 508 957 535 oliveta
975 515 1037 542 pro-

248 558 307 587 pter
323 553 395 579 aeris
421 553 446 579 iu
465 560 495 579 ea
518 554 627 588 regione
651 553 746 588 frigus.
770 554 865 588 Itaque
891 554 1037 581 necessitas

247 598 305 632 ipsa
329 598 433 633 ﬂagitat
456 604 483 625 ttt
516 600 603 626 oleum
626 600 701 632 illud,
725 600 797 634 quod
815 600 840 626 in
856 600 911 634 ipsa
929 601 1038 634 regione

247 636 394 678 reperitur,
410 646 442 671 ad
461 653 538 672 usum
556 646 685 680 unguenti
699 645 874 673 adhibeatur.
892 646 951 679 Qua
968 647 994 673 itt
1009 654 1038 673 re

248 693 351 719 nullmn
368 700 417 726 ego
431 692 572 726 spirituale
587 693 716 720 delictum
732 693 821 720 video.

285 737 411 765 'l'llEOll.
430 738 524 772 Miror,
537 739 658 770 domine,
671 746 720 766 cur
733 739 765 765 ad
783 739 974 774 imperatorem
987 739 1038 767 hoc

245 785 450 820 perscripseris.
478 785 544 812 Nam
566 785 685 820 plurinta
711 786 754 813 hic
780 785 878 813 oliveta
895 785 986 818 video,
1010 790 1039 813 et

246 830 354 864 quidem
374 830 425 857 olei
444 830 520 858 satis.

283 875 362 903 GEN.
376 875 476 903 Verum
503 877 555 904 ista
571 877 699 911 unguenti
716 877 848 905 confectio
875 878 1036 913 principium

246 921 339 948 habuit
372 922 407 948 ad
436 922 555 948 Orientis
586 923 691 957 plagam
713 922 869 955 intimam,‘
889 925 934 951 ubi
964 925 1035 952 nulla

245 971 310 993 sunt
336 968 436 994 oliveta
462 976 468 994 :
501 968 617 1002 indeque
649 976 699 995 nos
731 973 868 1003 acceptam
897 976 1037 997 servamus

246 1011 387 1039 hactenus.

283 1058 387 1086 Deinde
403 1059 500 1094 capitis
521 1059 642 1094 ejusdem
664 1064 743 1094 parte
768 1060 890 1095 proxima
908 1061 1034 1095 perlecta,

245 1105 285 1132 slc
314 1105 445 1139 scriptum
472 1105 625 1132 invenimus
648 1115 654 1133 :
678 1105 754 1133 Sicut
778 1107 872 1133 viuum
897 1107 1036 1142 sanguinis

246 1151 348 1177 Christi
373 1151 501 1179 materies
518 1156 570 1184 est,
596 1157 622 1178 et
649 1152 837 1187 enjuscnnqne
860 1153 894 1180 sit
917 1154 1034 1186 coloris,

245 1197 329 1232 recipi
347 1197 443 1231 debet;
461 1198 517 1225 sive
534 1199 652 1233 nigrum,
666 1199 723 1225 sive
737 1201 858 1231 rubrum,
874 1201 931 1227 sive
945 1200 1034 1227 allmm

245 1243 339 1269 vinem
359 1243 441 1270 fuerit
459 1245 613 1283 {quoniam
641 1252 688 1278 per
712 1246 892 1274 ministerium
916 1247 1036 1274 sanctiﬁ-

245 1295 333 1320 catnr,
350 1296 377 1316 et
390 1290 492 1318 Christi
512 1291 538 1317 tit
561 1292 685 1326 sanguis.

282 1336 409 1364 'l'llliOlt.
426 1336 584 1372 Exemplum
608 1339 658 1365 hoc
674 1342 749 1365 tuum
775 1347 870 1374 parum
894 1340 927 1367 ad
948 1341 1033 1374 ipsam

245 1390 302 1408 rem
319 1383 441 1416 quadrat.
456 1381 514 1409 Nott
529 1383 601 1410 enim
617 1384 650 1410 de
665 1385 801 1412 coloribus
818 1386 895 1412 nobis
907 1389 948 1412 est
963 1395 1035 1422 qna:-

245 1429 309 1462 slio,
339 1429 385 1456 sed
409 1430 442 1456 de
460 1429 594 1463 suljecto,
622 1431 679 1457 sive
704 1433 829 1458 materie.
856 1432 929 1459 Nosti
951 1433 1033 1466 ettitn,

245 1476 360 1502 diversis
380 1483 412 1503 ex
426 1477 570 1504 arboribus
587 1477 678 1503 vinum
703 1477 770 1504 tieri.
799 1477 865 1504 Nam
887 1485 919 1505 ex
936 1479 1033 1512 pernis,

244 1526 273 1548 et
290 1523 403 1554 cerasis,
418 1528 445 1550 et
457 1523 518 1550 aliis
539 1523 684 1555 fructibus,
701 1529 728 1550 et
744 1523 834 1551 herbis
849 1532 955 1558 quoque
969 1532 1034 1552 con-

958 176 1009 206 ’ΠΙ
1015 174 1176 206 ΕΟΒΙΛΝΙ

1830 175 1881 209 192

1133 234 1162 260 ’0
1179 233 1259 261 ΚΑΘ.
1279 232 1314 260 Εὖ
1326 233 1424 268 λέγεις·
1443 233 1573 266 γενέσθω.

1124 280 1178 307 Καὶ
1189 280 1353 314 ἀναγνόντες
1372 279 1402 306 τὸ
1417 280 1538 315 περὶτοῦ
1553 280 1640 315 μύρου
1654 279 1811 314 κεφάλαιον,
1831 280 1880 306 εὖ·

1089 335 1172 362 ρομεν
1199 326 1285 357 οὕτως
1300 335 1308 342 ·
1327 326 1411 353 Πάλιν
1436 326 1597 362 διηγόρευεν
1613 327 1630 361 ἠ
1646 327 1742 362 Γραφὴ
1759 327 1813 353 ἀπὸ
1826 327 1879 353 τῶν

1088 371 1186 398 ἐλαιῶν
1212 371 1266 398 τῶν
1287 371 1425 406 λαχάνων,
1451 372 1520 406 ὅπερ
1555 372 1676 407 σήσαμον
1700 372 1876 406 ὀνομάζουσι,

1088 417 1255 451 γίνεσθαιτὸ
1279 416 1364 452 μύρον
1390 416 1490 452 ἡμῶν
1520 416 1566 443 καλ⁴
1597 417 1658 451 οὐχὶ
1683 416 1736 442 ἀπὸ
1763 416 1880 450 δένδρων

1088 463 1198 490 ἐλαιῶν.
1215 463 1271 490 Καὶ
1285 462 1366 489 τοῦτο
1379 462 1408 488 ἐν
1420 461 1534 498 ἀληθείᾳ
1546 462 1630 489 ἐστίν.
1648 462 1726 488 Ἐστι
1736 462 1764 488 δὲ
1777 463 1793 497 ἡ
1805 462 1880 488 αίτῖα

1088 508 1211 543 τοιαύτη,
1229 508 1269 534 ὅτι
1287 508 1327 538 εἰς
1341 507 1389 542 τὴν
1404 506 1496 542 χώραν
1514 506 1568 534 τῶν
1581 507 1734 543 ’Δρμενίων
1750 507 1800 534 οὐκ
1814 508 1881 533 sic“;

1090 554 1230 587 ἐλαιῶνες,
1246 554 1290 580 διὰ
1301 554 1332 580 τὸ
1347 554 1450 589 ψυχρὸν
1470 555 1519 589 τῆς
1539 553 1629 589 χώρας
1656 553 1703 580 τοῦ
1718 554 1811 587 ἀέρος·
1834 554 1881 580 καὶ

1087 600 1194 635 ἀνάγκη
1211 600 1366 635 πρόκειται,
1381 600 1412 626 τὸ
1425 599 1515 626 ἔλαιον
1526 600 1625 630 ἐκεῖνο,
1637 600 1705 635 ὅπερ
1721 600 1882 634 εὑρίσκεται
1905 617 1906 620 η

1089 646 1129 676 είς
1139 645 1188 681 τὴν
1213 645 1316 680 χώραν,
1335 645 1374 677 είς
1405 646 1503 681 χρῆσιν
1519 645 1566 672 τοῦ
1595 645 1680 680 μύρου
1718 645 1881 680 λαμόάνειν,

1090 691 1140 718 καὶ
1165 691 1195 718 οὑ
1215 691 1336 717 συνεῖδον
1354 691 1468 726 σφάλμα
1489 690 1675 726 πνευματικὸν
1683 691 1712 717 ἐν
1729 690 1827 725 τούτῳ.

1129 737 1160 765 ’0
1171 737 1268 763 ΘΕΩΡ.
1287 737 1435 772 Θαυμάζω,
1450 737 1578 767 δέσποτα,
1587 737 1729 768 πῶςτοῦτο
1737 738 1881 772 γέγραζας
1908 731 1909 754 ί

1088 785 1157 821 πρὸς
1173 783 1294 819 βασιλέα.
1317 784 1388 819 Ὀρῶ
1411 783 1466 818 γὰρ
1492 783 1636 815 πλείστους
1658 783 1791 815 ὲλαιῶνας
1817 780 1880 815 ὧδε,
1909 774 1910 794 Ῑ

1088 831 1132 858 καὶ
1144 831 1232 858 ἔλαιον
1248 830 1350 856 ἱκανόν.
1911 863 1912 866 η

1129 877 1159 904 ’0
1174 877 1253 903 ΚΑΘ.
1272 875 1396 907 ’Δλλ“εἰς
1420 875 1470 910 τὴν
1482 875 1626 910 ἐνδοτάτην
1651 874 1798 910 ’Δνατολὴν
1822 874 1882 908 ὲγέ-

1088 924 1174 958 νετοὴ
1192 923 1262 957 ἁρχὴ
1275 923 1325 957 τῆς
1337 923 1511 955 κατασκευῆς
1525 921 1572 947 τοῦ
1587 921 1684 957 μύρου.
1700 922 1766 947 ὅπου
1782 921 1882 951 ﬂatu?)-

1088 978 1132 1000 νες
1147 969 1198 995 οὐκ
1220 969 1283 995 aiat‘
1306 968 1432 995 κάκεῖθεν
1449 968 1655 1002 παραλαόὗντες
1668 969 1751 1004 ἡμεῖς
1777 968 1881 1002 φυλάτ-

1086 1023 1169 1049 τομεν
1185 1015 1199 1041 ὃ
1216 1015 1412 1050 παρελάϐομεν
1428 1015 1509 1049 μέχρι
1528 1014 1575 1040 τοῦ
1590 1015 1647 1041 νῦν.

1123 1059 1189 1088 Εἶτα
1206 1061 1369 1095 ἀναγνόντες
1383 1061 1413 1087 τὸ
1442 1060 1506 1095 ἑξῆς
1533 1060 1580 1086 τοῦ
1603 1059 1753 1094 κεφαλαίου
1770 1059 1879 1091 τούτου,

1087 1107 1204 1142 εὕρομεν
1233 1108 1340 1139 οὕτως·
1379 1107 1486 1141 Ὥσπερ
1520 1107 1574 1142 γὰρ
1604 1106 1652 1132 τοῦ
1683 1106 1800 1140 αἵματος
1832 1105 1879 1132 τοῦ

1086 1154 1234 1189 Χριστοῦὁ
1260 1152 1331 1186 οἶνός
1352 1154 1426 1180 ἐστιν
1455 1153 1516 1188 ὕλη,
1549 1153 1597 1179 καὶ
1624 1152 1683 1184 οἵας
1700 1153 1758 1179 ἐστὶ
1769 1154 1879 1188 χροιᾶς,

1086 1201 1247 1232 ἀποδεκτέος
1255 1201 1323 1231 ἐστὶ,
1342 1200 1394 1227 κᾶν
1425 1199 1518 1234 μέλας,
1535 1200 1583 1226 καὶ
1598 1199 1712 1235 ἐρυθρός
1731 1200 1801 1231 ἐστι,
1829 1199 1880 1226 κᾶν

1087 1247 1193 1278 λευκός·
1211 1247 1306 1282 ἐπειδὴ
1323 1247 1339 1282 ή
1361 1247 1518 1282 λειτουργία
1531 1246 1639 1281 ἁγιάζει
1656 1246 1748 1272 αὑτὸν.
1765 1246 1814 1272 καὶ
1833 1246 1874 1280 γί-

1086 1302 1161 1320 νεται
1176 1291 1246 1326 αἷμα
1269 1293 1401 1328 Χριστοῦ.

1127 1340 1157 1366 Ὀ
1173 1340 1270 1366 ΘΕΩΡ.
1287 1340 1323 1366 Τὸ
1336 1339 1511 1374 παράδειγμά
1532 1346 1578 1364 σου
1593 1337 1642 1364 οὐκ
1653 1339 1711 1364 ἐστι
1727 1338 1878 1373 προσφυὲς·

1089 1387 1118 1412 οὺ
1137 1386 1191 1420 γὰρ
1205 1385 1270 1420 ἰτερλ⁸
1282 1385 1437 1420 χρωμάτων
1451 1385 1516 1419 ἡμῖν
1528 1384 1541 1410 ὁ
1558 1383 1646 1417 λόγος,
1665 1382 1734 1410 ἀλλὰ
1751 1383 1818 1418 περὶ
1833 1383 1879 1409 τοῦ

1087 1432 1282 1467 ὑποκειμένου,
1298 1432 1358 1467 ἢτοι
1375 1431 1425 1465 τῆς
1453 1430 1530 1465 ὕλης.
1545 1429 1626 1461 Οἶδας
1649 1429 1700 1466 γὰρ
1713 1430 1753 1456 ὅτι
1773 1431 1806 1455 ὲκ
1819 1429 1878 1456 δια-

1087 1478 1177 1513 φόρων
1189 1477 1307 1512 δένδρων
1333 1477 1438 1510 γίνεται
1466 1475 1547 1507 οἶνος·
1573 1475 1679 1509 γίνεται
1700 1474 1755 1510 γὰρ
1772 1475 1804 1500 ὲκ
1823 1474 1879 1509 μήθ

1086 1525 1150 1557 λων,
1166 1525 1213 1551 καὶ
1226 1523 1371 1558 κερασίων,
1388 1523 1435 1550 καὶ
1449 1522 1539 1549 ἄλλων
1557 1521 1662 1556 φυτῶν,
1679 1521 1726 1548 καὶ
1738 1521 1771 1555 δὴ
1797 1520 1878 1556 βοτά-

246 1568 337 1595 ticitur
352 1578 358 1595 ε
377 1569 422 1595 sed
439 1570 471 1595 ad
488 1570 538 1596 ltoc
553 1570 717 1597 sacriﬁcium
735 1577 787 1597 non
811 1571 965 1604 adhibetur,
982 1571 1033 1598 nisi

1093 1578 1151 1595 »ων-
1165 1570 1222 1596 ἀλλ’
1233 1569 1263 1595 οὐ
1281 1568 1449 1605 προσάγεται
1472 1568 1512 1598 είς
1535 1567 1642 1600 θυσίαν,
1656 1566 1713 1593 ἀλλ’
1734 1565 1750 1601 ἢ
1768 1565 1851 1601 μόνον
1864 1565 1878 1590 ὁ

244 1615 376 1641 duntaxat
405 1622 436 1641 ex
464 1615 518 1641 vite
542 1616 655 1643 factum.
683 1616 728 1643 Sic
748 1621 774 1643 et
799 1617 834 1643 de
856 1617 940 1644 oleo:
960 1618 1033 1644 titex

244 1661 332 1693 lauro,
347 1662 430 1695 junco
448 1662 572 1693 odorato,
597 1666 625 1688 et
639 1662 699 1689 aliis
723 1662 815 1689 multis
829 1663 917 1689 oleum
934 1673 941 1690 :
957 1664 1004 1691 sed
1017 1672 1032 1691 a

244 1708 348 1734 sanctis
363 1706 491 1735 Pati-ibus
508 1708 595 1734 oleum
611 1708 690 1735 olivae
706 1708 812 1736 caeteris
828 1714 868 1736 est
882 1709 1032 1743 praelatum.

243 1754 331 1788 Atque
346 1753 397 1780 hoc
413 1754 524 1781 tuilibct
540 1761 704 1789 cognoscere
720 1754 793 1786 licet,
818 1759 871 1781 tam
893 1762 925 1782 ex
940 1761 1034 1783 saneto

242 1799 290 1826 illo
305 1799 435 1834 Dionysio
453 1801 626 1834 Arecpagita,
645 1808 724 1835 quam
746 1800 806 1828 aliis
819 1802 921 1828 sanctis
945 1802 1034 1829 homi-

243 1845 323 1873 nibus
343 1854 394 1873 nou
412 1846 516 1880 paucis.
533 1846 587 1873 Nec
605 1847 719 1873 minoris
735 1851 777 1874 est
795 1848 927 1874 momenti
953 1856 1034 1883 argu-

243 1897 379 1924 mentum,
393 1894 463 1927 quod
487 1900 519 1920 cx
544 1893 602 1927 ipso
624 1893 732 1921 nomine
748 1894 913 1921 contexitur.
932 1895 1035 1929 Quippe

243 1939 266 1966 si
284 1939 444 1974 simpliciter
466 1939 556 1966 olenttt
581 1940 696 1971 dicatur,
721 1947 754 1966 ex
781 1941 851 1968 oliva
879 1940 978 1968 lacttun
995 1942 1035 1968 in-

243 1984 385 2019 telligitur.
400 1985 434 2010 At
447 1991 508 2011 cum
527 1985 675 2016 taurinum,
689 1985 732 2012 vel
746 1985 886 2020 juneeum,
902 1987 943 2014 vel
958 1995 1034 2015 sesa-

243 2031 358 2063 ntinum,
374 2035 401 2058 et
419 2030 570 2064 huiusmodi
588 2030 638 2057 alia
654 2050 661 2057 .
677 2050 686 2058 .
705 2050 712 2058 .
732 2051 740 2058 .
758 2051 765 2058 .
782 2051 790 2060 .
809 2051 817 2059 .
832 2053 839 2060 .
853 2033 1034 2065 Quemathno—

246 2078 310 2104 dum
328 2078 411 2109 enim,
429 2077 451 2104 si
468 2077 558 2103 navitn
575 2076 677 2110 dicam,
692 2076 765 2104 facta
780 2079 813 2105 de
827 2078 919 2114 lignis,
938 2080 1032 2113 clavis,

244 2128 274 2150 et
288 2123 347 2157 pice
361 2123 439 2150 navis
453 2123 625 2156 intelligitur,
639 2130 691 2157 qua
704 2123 874 2157 navigamus,
891 2133 944 2152 non
959 2127 1034 2153 navis

243 2169 367 2204 lapidea;
383 2170 430 2196 sed
444 2169 466 2196 si
483 2170 574 2196 ttavim
589 2169 722 2204 lapideam
738 2170 892 2205 signiﬁcare
906 2172 1032 2205 velitntts,

243 2216 377 2251 lapideam
402 2216 563 2250 adjicimus;
589 2217 691 2251 absque
715 2225 767 2252 qua
791 2219 940 2253 appendice
963 2227 1033 2247 nuu-

243 2272 324 2298 quam
342 2271 376 2291 ex
389 2264 445 2291 sola
462 2263 538 2291 navis
553 2264 733 2298 appellatione
744 2286 752 2298 ,
767 2264 872 2300 lapidea
889 2267 966 2294 navis
983 2267 1031 2294 in—

243 2310 380 2345 telligetnr
394 2321 401 2338 :
419 2312 513 2340 eodem
527 2313 605 2340 modo
620 2313 792 2340 statuendum
804 2313 836 2341 de
847 2314 915 2347 oleo,
933 2319 960 2342 et
973 2315 1032 2342 oleo

243 2358 390 2385 sesamino.
413 2358 583 2393 Quapropter
602 2359 689 2386 oleum
706 2360 808 2394 absque
824 2360 974 2395 appendice
990 2361 1032 2388 di-

242 2407 345 2437 centes,
366 2411 398 2431 ex
414 2404 484 2432 oliva
510 2403 610 2432 factum
632 2405 796 2439 signiﬁcant.

275 2501 356 2529 (ΖΕΝ.
375 2501 430 2529 Hoc
446 2509 553 2537 quoque
568 2507 692 2528 correctu
709 2501 868 2528 facillimum
886 2501 976 2528 fuerit.

278 2548 324 2576 llis
340 2549 375 2575 ita
392 2548 481 2580 dictis,
499 2548 655 2575 sacerdotes
671 2547 728 2582 ejus
744 2547 861 2581 psallere
889 2552 1031 2582 cmperunt

243 2594 334 2629 hymni
351 2595 497 2629 vespertini
525 2595 622 2621 seriem
640 2599 716 2621 extra
732 2595 888 2627 ecclesiam,
906 2596 939 2623 de
955 2603 1030 2622 more

243 2639 373 2673 ipsorum.

281 2685 314 2712 Et
329 2685 444 2713 TIIEOR
471 2686 526 2713 Cur
542 2691 618 2713 extra
634 2686 776 2714 ecclesiam
798 2686 954 2714 sacerdotes
993 2687 1030 2713 tni

245 2737 328 2765 stant,
345 2733 392 2764 ait,
415 2740 476 2760 cum
491 2733 627 2767 psallunt?

280 2775 358 2803 GEN.
373 2777 510 2814 Scriptum
521 2783 561 2805 est
576 2787 583 2805 :
602 2778 636 2805 Ιιι
647 2779 716 2806 omni
729 2778 787 2806 loco
800 2778 911 2806 dominii
924 2778 982 2813 ejus
995 2779 1030 2806 ³⁷.

279 2909 299 2924 ²¹
315 2908 386 2937 Psal.
402 2917 448 2940 Cll,
461 2908 504 2935 2'2.

1085 1616 1117 1642 ἐκ
1128 1615 1179 1650 τῆς
1194 1614 1328 1650 ἀμπέλου.
1348 1614 1428 1641 Οὕτω
1444 1613 1492 1640 καὶ
1510 1614 1557 1640 ἐπὶ
1576 1613 1623 1639 τοῦ
1650 1612 1753 1639 ἐλαίου·
1770 1611 1879 1646 γίνεται

1083 1663 1138 1698 γάρ
1151 1663 1239 1690 ἔλαιον
1248 1663 1279 1689 ἔκ
1291 1671 1322 1689 τε
1335 1662 1450 1697 δάφνης,
1473 1662 1520 1688 καὶ
1534 1661 1636 1696 σχίνου,
1648 1660 1694 1687 καὶ
1707 1659 1795 1686 ἄλλων
1815 1659 1880 1686 πολ-

1083 1709 1147 1735 λῶν·
1168 1709 1235 1736 ἀλλὰ
1247 1708 1277 1735 τὸ
1296 1709 1344 1743 τῆς
1357 1708 1449 1740 ὲλαίας
1464 1707 1618 1743 προεκρίθη
1626 1706 1702 1742 παρὰ
1720 1705 1775 1732 τῶν
1789 1706 1879 1740 ἁγίων

1085 1755 1223 1790 Πατέρων.
1242 1755 1296 1781 Καὶ
1317 1754 1406 1787 ἔξεστι
1436 1754 1514 1781 τοῦτο
1538 1753 1632 1788 μαθεῖν
1661 1753 1700 1788 τῷ
1714 1751 1874 1787 βουλομένῳ

1085 1803 1176 1833 παντὶ,
1189 1802 1243 1829 ἀπό
1254 1811 1283 1829 τε
1299 1801 1346 1829 τοῦ
1361 1801 1441 1836 ἁγίου
1454 1801 1593 1828 Διονυσίου
1607 1800 1654 1828 τοῦ
1665 1800 1874 1836 Ἀρεοπαγίτου

1085 1848 1131 1874 καὶ
1143 1848 1231 1875 ἄλλων
1265 1847 1350 1882 ἁγίων
1369 1848 1419 1874 οὐκ
1444 1847 1553 1881 ὁλὶγιυν.
1570 1847 1608 1874 Οὐ
1634 1847 1726 1882 χεῖρον
1739 1845 1766 1871 δὲ
1783 1845 1832 1871 καὶ
1847 1844 1878 1877 ἐξ

1084 1894 1167 1920 αὑτοῦ
1184 1894 1232 1920 τοῦ
1259 1894 1392 1928 ὀνόματος
1423 1893 1638 1925 κατασκευάσαι,
1677 1892 1717 1918 ὅτι
1734 1891 1763 1917 τὸ
1786 1891 1879 1918 ἔλαιον

1084 1939 1177 1970 ἁπλῶς
1200 1939 1357 1975 λεγόμενον,
1376 1939 1406 1966 τὸ
1426 1939 1455 1971 ἐξ
1483 1938 1576 1970 ἐλαίας
1597 1939 1682 1974 δηλοῖ.
1715 1937 1813 1964 Ἠνίκα
1846 1938 1877 1964 δὲ

1084 1985 1253 2019 δαφνὲλαιον,
1280 1985 1297 2020 ἤ
1326 1984 1486 2020 οχινέλαιον,
1503 1984 1521 2019 ἢ
1540 1983 1734 2018 σησαμέλαιον,
1763 1984 1812 2009 καὶ
1842 1983 1879 2008 τὰ

1084 2032 1221 2058 τοιαῦτα.
1261 2052 1268 2058 .
1308 2049 1315 2057 .
1355 2051 1361 2058 .
1401 2049 1409 2058 .
1449 2049 1458 2057 .
1498 2050 1504 2057 .
1545 2049 1552 2057 .
1592 2028 1878 2064 ,Ὥσπεργὰρὸταν

1085 2078 1154 2104 εἴπω
1168 2077 1244 2109 ναῦς,
1269 2078 1371 2104 νοεῖται
1389 2078 1405 2113 ὴ
1422 2078 1454 2104 ὲκ
1468 2076 1565 2109 ξύλων,
1587 2076 1635 2102 καὶ
1649 2076 1737 2111 ἥλων,
1753 2075 1800 2102 καὶ
1815 2075 1878 2101 πίσ-

1086 2133 1135 2159 σης
1151 2123 1227 2155 ναῦς,
1239 2123 1272 2150 δι’
1304 2120 1339 2159 ἦς
1367 2123 1497 2158 πλέομεν,
1511 2123 1540 2148 οὺ
1563 2123 1617 2158 μὴν
1636 2123 1737 2149 νοεῖται
1756 2122 1770 2157 ἡ
1787 2122 1820 2147 ὲκ
1832 2121 1878 2147 λί-

1085 2170 1139 2197 θων
1155 2170 1219 2202 ναῦς
1233 2179 1240 2186 ·
1258 2170 1291 2197 ἂν
1306 2170 1333 2197 δὲ
1349 2170 1398 2205 τὴν
1417 2170 1450 2196 ὲκ
1467 2169 1550 2196 λίθων
1578 2169 1643 2195 ναῦν
1658 2168 1780 2203 σημῆναι
1797 2167 1879 2200 θελή-

1086 2226 1187 2254 σωμεν,
1208 2216 1408 2251 προστιθέαμεν
1421 2216 1462 2248 τδ,
1477 2215 1593 2250 λιθίνηνο
1610 2215 1674 2242 ἄνευ
1686 2215 1714 2241 δὲ
1727 2215 1776 2250 τῆς
1791 2223 1880 2248 προσ-

1087 2265 1174 2299 θήκης
1201 2262 1305 2298 ταύτης
1330 2263 1380 2289 οὐκ
1393 2261 1426 2289 ἄν
1448 2269 1514 2287 ποτε
1542 2260 1652 2295 νοηθείη
1668 2261 1702 2287 ὲκ
1717 2260 1800 2295 μόνου
1826 2259 1878 2286 τοῦ

1087 2310 1153 2342 ναῦς
1168 2309 1312 2344 ὀνόματος,
1325 2309 1342 2344 ἡ
1356 2308 1445 2343 λιθίνη
1477 2307 1542 2338 ναῦς
1556 2315 1564 2323 '
1592 2306 1638 2333 τὸν
1668 2306 1749 2333 αὑτὸν
1773 2309 1879 2340 τρόπον

1087 2357 1134 2383 καὶ
1146 2356 1192 2381 ἐπὶ
1207 2355 1254 2381 τοῦ
1283 2354 1384 2386 ἐλαίου,
1401 2352 1448 2379 καὶ
1471 2351 1668 2388 σησαμελαίου.
1679 2350 1807 2384 ζ”Ελαιον
1820 2350 1879 2383 ξοῦν

1087 2402 1173 2438 χωρὶς
1198 2401 1358 2436 προσθήκης
1385 2399 1524 2432 λέγοντες,
1539 2398 1569 2424 τὸ
1583 2397 1613 2429 ἐξ
1631 2395 1725 2428 ἐλαίας
1751 2395 1879 2430 δηλονότι

1087 2449 1165 2484 διαση
1171 2448 1305 2483 μαίνουσι.

1131 2495 1160 2521 '0
1176 2493 1257 2520 ΚΑΘ.
1274 2493 1328 2520 Καὶ
1343 2492 1423 2519 τοῦτο
1442 2492 1540 2528 ῥᾷστόν
1560 2494 1618 2518 ἐστι
1629 2489 1822 2526 διορθωθῆναι.

1121 2543 1231 2570 Το·ἲτων
1246 2541 1317 2568 οὕτω
1337 2541 1486 2576 ῥηθέντων,
1504 2539 1622 2574 ἤρξαντο
1638 2538 1663 2564 ol
1683 2539 1765 2572 ἱερεῖς
1791 2536 1878 2564 αὑτοῦ

1085 2588 1197 2623 ψάλλειν
1207 2587 1254 2614 τοῦ
1273 2585 1419 2622 ἑσπερινοῦ
1447 2585 1496 2620 τὴν
1518 2583 1682 2611 ἀκολουθίαν
1698 2583 1750 2616 ἔξω
1766 2583 1814 2622 τῆς
1835 2583 1880 2609 ὲχα

1085 2635 1210 2670 κλησίας,
1227 2634 1297 2660 κατὰ
1317 2633 1365 2668 τὴν
1377 2632 1468 2659 αὐτῶν
1487 2631 1645 2666 συνήθειαν.

1119 2681 1174 2707 Καί
1213 2679 1436 2715 φησινὸΘΕΩΡ.
1462 2678 1521 2705 Ἵνα
1546 2677 1572 2704 τί
1605 2677 1728 2704 ἵστανται
1753 2675 1806 2708 ἔξω
1827 2676 1879 2710 τῆς

1084 2727 1243 2762 ἐκκλησίας.
1258 2728 1324 2753 ὅταν
1338 2725 1476 2760 ψάλλωςιν
1489 2724 1513 2751 οἱ
1532 2725 1614 2759 ἱερεῖς
1630 2731 1678 2749 σου
1691 2732 1698 2755 ;

1125 2773 1156 2799 '0
1171 2772 1252 2799 ΚΑΘ.
1267 2772 1438 2807 Γέγραπται,
1446 2771 1500 2798 Ἐν
1509 2769 1599 2796 παντὶ
1611 2768 1692 2801 τόπῳ
1702 2767 1757 2802 τῆς
1766 2766 1876 2795 δεσπο-

1084 2820 1166 2852 τείας
1180 2817 1286 2846 αὑτοῦ.
