1942 3081
30 122 74 153 197i

68 179 96 202 '0
112 178 213 204 ΘΕΩΡ.
249 175 372 211 Ὁμοίως
394 173 552 207 γέγραπται
564 179 570 186 ·
589 170 662 198 Ἰδοὺ
681 169 720 204 δὴ
741 171 829 196 εὺλο-
843 174 864 200 Α

32 224 98 259 gifts
122 224 176 250 τὸν
203 223 335 256 Κύριον,
352 219 466 252 πάντες
480 219 507 245 ol
527 217 632 244 δοῦλοι
650 216 771 250 Κυρίου,
800 216 827 241 οἱ

31 268 154 301 ἑστῶτες
168 269 204 294 ὲν
223 267 298 299 οἴκῳ
317 266 440 299 Κυρίου.
459 263 515 290 Καὶ
530 261 621 289 πάλιν·
641 261 694 286 Ἐν
719 260 828 292 ἐκκλη-

31 315 106 346 σίαις
136 313 294 347 εὐλογεῖτε
320 311 374 338 τὸν
405 310 500 337 Θεόν·
526 307 574 334 καὶ
600 306 686 342 μυρία
703 305 825 332 τοιαῦτα.

37 361 100 387 Ἀλλ’
116 359 228 395 ἐρωτῶ,
246 359 331 385 πόθεν
342 356 423 383 τοῦτο
440 354 630 390 παρελάϐετε;

66 405 95 431 ὐ
122 405 207 432 ΚΑΘ.
225 405 258 431 Ui
283 403 332 438 τὴν
351 400 516 429 ἀκολουθίαν
530 401 579 435 τὴν
594 398 827 433 ἐκκλησιαστικὴν

31 454 71 480 καὶ
93 453 144 488 τὴν
179 452 261 485 τάξιν
291 452 358 486 ἡμῖν
392 447 631 484 παραδεδωκότες,
671 446 756 481 μόνην
778 445 828 480 τὴν

31 500 100 526 θείαν
126 499 307 534 λειτουργίαν
336 497 410 523 ἔνδον
432 494 479 522 τοῦ
493 494 569 520 θείου
597 492 662 520 ναοῦ
691 492 828 518 ἐπιτελεῖν

31 545 201 579 διωρίσαντο,
235 543 321 578 μόνου
341 542 388 568 τοῦ
417 540 512 576 ἱερέως
540 539 721 569 εἰσιόντοςείς
735 537 826 564 αὐτόν·

31 591 70 617 τοῦ
82 591 149 618 λαοῦ
168 591 272 622 παντὸς
289 589 340 621 ἔξω
357 587 514 622 ἱσταμένου·
531 585 580 621 τὴν
595 585 617 611 δ’
635 584 719 619 ἄλλην
737 584 827 609 πᾶσαν

30 635 202 666 ἀκολουθίαν,
234 634 287 667 ἕξω
303 632 426 668 γίνεσθαι
441 630 489 658 τοῦ
507 630 579 657 θείου
596 629 670 661 ναοῦ,
688 627 828 654 καὶτοῦτο

30 672 157 717 εὺλόγως,
191 682 363 714 διετάξαντο.
391 679 499 714 Σφόδρα
518 678 574 712 γὰρ
587 676 717 711 ὑπερέχει
732 674 765 700 τὰ
781 674 828 700 νέα

30 729 78 755 τῶν
93 729 239 761 παλαιῶν,
250 729 288 760 ὼς
303 727 420 762 ἀλήθεια
450 726 540 756 σκιᾶς.
567 723 668 749 Θύεται
687 722 741 756 γὰρ
753 721 829 748 ἔνδον

29 776 41 800 ὁ
56 775 118 806 Υἱὸς
143 775 196 801 τοῦ
212 774 281 801 Θεοῦ
301 773 372 808 ὑπὲρ
386 771 436 806 τῆς
459 771 508 797 τοῦ
535 769 638 807 κρσμου
655 767 758 798 παντὸς
776 775 829 792 σω-

31 820 135 855 τηρίας,
149 821 202 846 καὶ
220 820 261 846 δεῖ
285 820 358 855 ἡμᾶς
389 817 472 844 πλέον
499 815 582 845 σέϐας
602 815 650 839 καὶ
662 812 746 847 τιμὴν
760 813 828 838 ἀποπ-

32 865 121 898 νέμειν
150 863 192 899 τῷ
219 854 300 899 παρ(
316 863 382 897 ἡμῖν
408 860 476 895 ναῷ,
504 858 551 885 τοῦ
579 857 645 893 παρ’
679 855 829 891 Ἑϐραίοις.
847 854 866 881 Β

37 910 149 936 Ἐκεῖνοι
165 909 223 944 γὰρ
256 908 374 943 καθαροὶ
397 906 485 937 ὀντες,
501 902 629 939 εἰσῄεσαν
645 901 684 933 εἰς
708 900 738 927 τὸ
749 899 827 934 λεγό-

33 964 108 991 μενον
125 955 210 990 ἅγιον
223 953 370 989 κοσμικδν,
390 951 450 987 οὐχ).
463 951 503 982 εἰς
521 949 570 985 τὴν
588 947 701 984 σκηνὴν,
718 946 768 981 τὴν
781 946 827 972 λε-

30 1002 163 1037 γομένην,
184 1002 270 1036 ’Ἅγια
287 1000 386 1034 ἁγίων,
398 998 446 1024 καὶ
459 997 475 1032 ἡ
494 996 558 1022 σκιὰ
572 993 605 1031 ἦν
619 993 665 1021 τοῦ
678 992 743 1028 παρ’
759 993 828 1028 ἡμῖν

31 1048 102 1073 θείου
113 1046 184 1073 ναοῦ
199 1053 207 1062 ⁸
244 1045 326 1080 ἡμεῖς
341 1044 368 1070 δὲ
386 1043 475 1078 ῥύπου
496 1041 612 1076 πλήρεις
636 1038 827 1074 τυγχάνοντες,

30 1093 87 1124 πῶς
99 1093 141 1124 εἰς
159 1092 209 1119 τὸν
237 1090 391 1126 ἁγιώτατον
411 1088 475 1115 ναὸν
501 1084 669 1121 εἰσέλθωμεν
682 1084 728 1110 τοῦ
742 1083 827 1116 Θεοῦ;

31 1141 74 1166 ut
99 1140 184 1166 τοῦτο
211 1138 394 1174 γινώσκοντες
410 1136 435 1162 οἱ
458 1133 618 1161 διδάσκαλοι
647 1131 738 1166 ἡμῶν,
757 1129 829 1156 οὕτω

32 1186 155 1221 γίνεσθαι
167 1185 342 1220 διωρίσαντο.

71 1233 100 1259 '0
122 1232 227 1259 ΘΕΩΡ.
245 1231 277 1257 Oi
305 1227 463 1257 διδάσκαλοι
487 1226 577 1260 ὑμῶν,
594 1225 619 1251 οἱ
632 1223 719 1250 ταῦτα
735 1222 829 1249 διατα-

34 1277 278 1314 ξάμενοι,ὲνα.τὶα
292 1275 400 1303 δοκοῦσι
415 1273 586 1308 διορίσασθαι
601 1272 656 1302 τοῖς
674 1272 726 1305 τιη¹
742 1268 830 1302 ἁγίοις

35 1326 175 1360 θεοφόροις
188 1323 326 1358 Πατράσι,
339 1321 395 1352 τοῖς
404 1321 432 1347 ὲν
442 1318 546 1354 Νικαίᾳ
563 1316 828 1351 συναγηγερμένοις.

41 1372 153 1397 Ἐκεῖνοι
191 1372 248 1404 γὰρ
264 1367 414 1402 ἑνδεκάτῳ
444 1365 537 1392 κανόνι
565 1363 637 1390 οὕτω
664 1362 732 1396 φασὶ
760 1360 831 1388 κατὰ

37 1418 102 1450 ὶέξιν
119 1425 127 1432 '
148 1417 219 1451 Περὶ
236 1415 291 1442 τῶν
310 1412 493 1449 παραϐάντων
506 1410 591 1446 χωρὶς
607 1409 742 1442 ἀνάγκης,
777 1415 831 1442 χω-

38 1466 75 1499 ρὶς
102 1463 283 1497 ἀφαιρέσεως
313 1458 502 1495 ὑπαρχόντων,
526 1457 543 1492 ἢ
561 1455 647 1492 χωρὶς
661 1453 796 1486 κινδύνου,
813 1453 831 1489 ἥ

37 1519 104 1541 τινος
117 1509 258 1540 τοιούτου,
275 1507 290 1533 ὂ
304 1506 418 1541 γέγονεν
435 1505 483 1533 ἐπὶ
496 1505 546 1539 τῆς
564 1501 723 1538 τυραννίδος
739 1501 832 1527 Λικιν-

37 1556 100 1587 νίου,
117 1555 194 1587 ἔδοξε
221 1555 254 1589 τῇ
275 1553 343 1588 ἁγίᾳ.
366 1551 488 1586 συνόδῳ·
513 1551 536 1576 εἰ
563 1549 612 1576 καὶ
638 1548 744 1580 ἀνάξιοι
766 1545 836 1581 ἦσαν

37 1600 262 1636 φιλανθρωπίας,
293 1599 369 1633 ὅμως
405 1595 630 1631 χρηστεύσασθαι
661 1593 701 1624 εἰς
726 1591 836 1622 αὐτούς.

40 1648 119 1676 Ὅσοι
130 1646 179 1674 οὖν
191 1646 311 1681 γνησίως
328 1644 538 1680 μεταμέλονται,
548 1641 611 1676 τρία
627 1639 674 1673 ἔτη
685 1640 714 1665 ἐν
732 1639 838 1673 ἀκροω-

40 1697 128 1730 μένοις
144 1695 309 1729 ποιήσουσιν
319 1693 343 1719 οἱ
353 1691 458 1724 πιστοὶ,
469 1689 515 1717 καὶ
529 1689 598 1715 ἑπτὰ
608 1687 656 1722 ἐτη
668 1685 838 1713 ὑποπεσοῦν-

40 1750 94 1768 ταν
108 1741 157 1768 δύο
170 1741 199 1767 δὲ
211 1740 259 1774 ἐτη
275 1738 362 1774 χωρὶς
392 1735 552 1772 προσφορᾶς
576 1734 773 1767 κοινωνήσουσι
797 1731 838 1766 τῷ

39 1789 92 1823 inab
103 1787 160 1813 τῶν
177 1786 276 1820 εὐχῶν.
318 1783 410 1819 ’ορᾷ;,
425 1782 466 1809 ὅτι
492 1781 554 1812 τοὺς
578 1778 729 1815 τηλικούτῳ
750 1786 839 1812 παρα-

38 1833 173 1863 πεσόντας
202 1830 344 1866 πτώματι,
362 1829 426 1864 τρία
453 1827 522 1863 μόνα
546 1826 595 1861 ἐτη
615 1823 768 1860 ἀκροᾶσθαι
778 1823 837 1850 δια-

38 1878 181 1906 ualidum.
194 1878 208 1903 ὁ
224 1876 326 1909 κανὼν,
342 1875 427 1910 ἡγουν
445 1874 498 1906 ἔξω
515 1873 563 1908 τῆς
576 1871 726 1905 ἐκκλησίας
758 1869 837 1895 ἵστα-

39 1925 101 1952 σθαι
115 1925 144 1951 ὲν
160 1923 200 1958 τῷ
211 1922 341 1958 νάρθηκι,
355 1919 470 1947 καὶτῶν
487 1919 570 1946 θείων
584 1917 695 1944 ἀκούειν
710 1915 837 1951 Γραιρῶν.

39 1972 70 1997 οι
93 1970 123 1996 δὲ
142 1970 185 1996 σοὶ
198 1968 281 2003 ἱερεῖς
309 1967 354 1993 ἀεὶ
369 1966 398 1992 ὲν
425 1963 613 2000 ἀκροωμένοις
635 1961 714 1988 εἰσιν.
733 1958 837 1986 Εἶτατὶ

40 2027 121 2053 φησιν
138 2018 152 2043 ὁ
169 2014 260 2042 κανών
274 2022 282 2047 ;
297 2014 351 2040 Καὶ
374 2013 444 2039 ἑπτὰ
459 2011 506 2046 ἐτη
528 2008 742 2039 ὑποπεσοῦνται,
759 2005 840 2032 τοῦτο

90 2063 178 2094 ἐστιν,
202 2061 277 2092 ἐντὸς
295 2060 344 2095 μὲν
366 2059 416 2093 τῆς
432 2057 580 2092 ἐκκλησίας
605 2053 793 2089 εἰσέρχεσθαι,
810 2052 839 2078 ὲν

41 2110 67 2135 δὲ
87 2108 129 2144 τῷ
153 2106 278 2140 ἱᾶττισθενι
300 2105 380 2141 μέρει
405 2103 451 2130 τοῦ
473 2102 601 2137 ἄμϐωνος
627 2098 770 2129 ἵστασθαι,
793 2097 840 2123 καὶ

41 2155 142 2187 ἐξιέναι
160 2152 232 2188 μετὰ
251 2150 476 2186 κατηχουμένων.
495 2146 655 2178 Ἐνιαυτοὺς
669 2145 697 2171 δὲ
709 2144 756 2171 δύο
773 2152 837 2170 συν-

850 1531 872 1561 ο

716 113 948 145 DISPUTATIO
971 114 993 143 l.

1616 115 1668 146 194

915 167 1042 195 TIIEOR.
1059 168 1189 196 Similiter
1209 171 1340 205 scriptum
1371 174 1415 197 eet
1434 178 1440 196 :
1473 167 1514 196 En
1540 170 1669 198 celebrate

880 216 1032 247 Domitium,
1044 225 1133 244 omnes
1147 217 1213 244 servi
1231 217 1347 250 Domini,
1359 221 1459 244 stantes
1474 217 1501 243 in
1522 217 1599 244 domo
1617 217 1670 244 Do-

878 263 942 288 mini
953 263 987 288 ".
1002 261 1034 289 Et
1050 270 1144 290 rursus
1166 261 1219 289 :In
1234 263 1350 289 ecclesiis
1367 262 1449 289 Deum
1479 262 1607 290 celebrate
1634 263 1668 295 ’³.

879 315 905 335 ct
923 309 975 335 alia
991 313 1054 336 sunt
1069 309 1174 336 infinita
1190 309 1334 344 ejusmodi.
1355 308 1406 335 Sed
1422 309 1571 345 interrogo,
1592 311 1664 337 unde

881 355 933 381 huc
948 354 1110 389 accepistis?

915 401 994 430 GEN.
1008 401 1139 430 Doctores
1159 401 1256 432 nostri.
1270 400 1316 436 qui
1330 401 1426 428 serieni
1439 407 1466 428 ct
1484 402 1606 428 ordinem
1623 408 1670 428 re-

880 456 940 476 rutn
952 447 1200 476 ecclesiasticarum
1216 447 1291 474 nobis
1312 447 1491 480 tradiderunt,
1515 447 1599 474 solam
1628 447 1670 473 di-

879 495 969 521 viiiam
993 494 1255 520 administrationem
1286 493 1355 519 intra
1389 500 1496 519 sacrum
1541 491 1670 526 templum

879 541 1071 576 perficiendam
1084 544 1251 570 statuerunt,
1267 539 1435 574 ingrediente
1452 539 1510 565 solo
1527 539 1669 572 pontifice.

880 585 986 619 reliquo
1002 584 1100 619 populo
1114 584 1180 611 foris
1193 589 1283 611 stante
1298 593 1304 611 :
1318 589 1414 611 caetera
1432 584 1488 610 fieri
1505 589 1582 611 extra
1599 589 1668 610 teni-

879 630 952 664 plum
966 630 1077 662 debere,
1094 638 1143 657 nec
1171 630 1197 657 id
1228 631 1296 657 citra
1328 631 1472 662 rationem,
1499 630 1672 657 ordinarunt.

879 677 947 704 Nam
964 676 1042 704 valde
1058 677 1197 704 veteribus
1215 684 1281 703 nova
1298 682 1438 711 priestaiit.
1452 681 1480 703 ut
1497 677 1601 703 umbra:
1626 684 1672 704 ve-

882 722 958 749 ritas.
975 721 1080 757 Quippe
1098 726 1233 748 mactatur
1255 722 1326 748 intus
1345 721 1391 748 Dei
1407 721 1490 748 Filius
1513 729 1561 756 pro
1590 721 1672 748 totius

881 768 971 795 mutuli
990 768 1090 800 salute,
1115 768 1300 803 majoremque
1335 768 1515 795 reverentiam
1543 767 1672 795 exhibere

880 821 930 841 nos
961 814 1060 848 templo
1085 818 1189 844 nostro,
1221 820 1301 848 quani
1324 813 1362 840 illi
1376 813 1446 848 apud
1464 812 1602 844 Hebraios,
1622 820 1671 847 par

881 865 932 887 est.
962 860 1066 886 Etenim
1094 859 1143 890 illi,
1169 860 1191 886 si
1220 859 1279 894 puri
1311 863 1414 891 essent,
1447 858 1472 885 in
1498 858 1524 886 id
1549 863 1673 886 sauctuui

879 906 1108 942 ingrediebantur,
1129 907 1200 940 quod
1215 906 1306 932 mundi
1334 906 1466 932 vocabant
1482 912 1489 931 :
1507 913 1559 932 non
1583 910 1672 932 tamen

879 952 905 979 in
924 952 1139 985 tabernaculum,
1160 952 1231 986 quod
1249 952 1378 979 Sanctum
1406 957 1563 978 sanctorum
1598 951 1674 977 dice-

879 1000 970 1033 batur,
985 1005 1010 1026 et
1025 1000 1118 1026 umbra
1138 999 1209 1025 sacri
1223 998 1294 1033 apud
1323 1006 1374 1025 nos
1397 997 1490 1032 templi
1513 1001 1583 1024 erat.
1614 996 1670 1024 Nos

880 1053 945 1072 vero
957 1045 1004 1072 toti
1022 1044 1188 1079 coinquinati
1208 1044 1347 1077 sordibus,
1366 1051 1419 1078 quo
1438 1047 1516 1077 pacto
1530 1042 1676 1070 sanctissi-

880 1099 953 1118 muni
968 1090 1014 1118 Dei
1036 1090 1163 1125 templum
1179 1088 1460 1124 ingrcdiamur?quod
1473 1095 1534 1114 eum
1550 1088 1676 1122 doctores

881 1137 968 1164 nostri
983 1144 1034 1163 non
1058 1136 1224 1171 ignorarent,
1245 1137 1279 1162 ita
1295 1134 1352 1162 fieri
1379 1134 1480 1162 debere
1505 1137 1674 1161 statuerunt.

915 1225 1194 1270 THEQL'Doctores
1217 1223 1312 1257 vestri,
1342 1224 1387 1258 qui
1418 1223 1475 1249 haec
1500 1221 1676 1254 ordinarunt,

880 1267 1025 1301 contraria
1048 1271 1178 1299 statuisse
1205 1269 1332 1297 videntur
1361 1269 1412 1296 illis
1440 1268 1492 1296 518
1516 1267 1619 1295 sanctis
1645 1274 1677 1294 ac

881 1320 1011 1347 divinitus
1026 1318 1184 1353 gubernatis
1206 1316 1343 1349 Patribus,
1367 1316 1412 1350 qui
1428 1315 1525 1343 Nicaea:
1541 1322 1678 1342 convene—

882 1370 958 1393 runt.
973 1365 1078 1392 Etenim
1092 1365 1129 1391 illi
1145 1364 1184 1392 sic
1199 1364 1225 1391 iri
1239 1363 1272 1391 lt)
1286 1370 1391 1390 canone
1407 1362 1440 1389 ad
1453 1361 1566 1389 verbum
1576 1361 1652 1388 aiunt
1669 1370 1676 1387 :

883 1411 920 1439 De
933 1411 978 1443 iis,
995 1411 1041 1446 qui
1062 1410 1142 1437 fidem
1161 1410 1344 1437 Christianam
1377 1409 1443 1435 citra
1459 1409 1627 1435 coactionein
1652 1411 1679 1433 et

884 1455 1043 1485 facultatum
1056 1456 1257 1491 ademptioncui
1273 1454 1463 1486 deseruerunt,
1495 1458 1541 1480 aut
1575 1453 1677 1487 absque

887 1502 1020 1538 periculo,
1047 1502 1089 1529 vel
1122 1501 1254 1537 ejusmodi
1291 1500 1430 1535 quopiam.
1459 1498 1531 1534 quod
1564 1499 1680 1526 durante

889 1548 987 1576 Licinii
1003 1548 1146 1584 tyrannide
1157 1547 1282 1583 contigit,
1293 1547 1380 1574 \‘isuni
1391 1551 1432 1573 est
1444 1551 1546 1572 sancta:
1557 1546 1679 1580 synodo:

890 1599 919 1621 ut
936 1594 1043 1622 tametsi
1056 1594 1253 1621 humanitatem
1269 1592 1368 1619 nullam
1386 1596 1551 1622 mereantur,
1565 1590 1681 1624 benigne

893 1645 980 1668 tamen
995 1647 1057 1667 cum
1077 1640 1117 1666 cis
1128 1644 1234 1674 agatur.
1250 1638 1387 1671 Quotquot
1416 1645 1482 1672 ergo
1505 1644 1568 1664 vere
1591 1635 1680 1670 pmni‘

891 1687 1002 1715 tentiam
1019 1691 1110 1721 aguiit,
1129 1691 1183 1714 tres
1203 1692 1288 1712 annos
1310 1685 1380 1712 inter
1405 1684 1546 1711 audientes
1573 1683 1681 1715 exigunt.

891 1734 996 1764 fideles,
1010 1738 1037 1760 et
1052 1739 1140 1760 annos
1156 1737 1260 1766 septem
1282 1729 1422 1758 inferioris
1449 1734 1530 1756 erunt
1562 1729 1679 1758 ordinis,

890 1783 916 1806 ct
928 1777 1037 1804 biennio
1053 1776 1120 1804 citra
1133 1776 1298 1803 oblationem
1312 1783 1372 1801 cum
1397 1774 1496 1808 populo
1526 1774 1680 1808 precabitu-

891 1828 943 1852 tur.
958 1823 1040 1851 Vides
1056 1828 1110 1850 tam
1131 1822 1203 1849 ftede
1215 1822 1297 1857 lapsis
1314 1829 1327 1848 a
1340 1829 1444 1849 canone
1457 1820 1608 1855 przescrihi,
1626 1824 1682 1846 tres

892 1875 995 1897 tanttiiii
1024 1874 1053 1896 ut
1078 1876 1162 1895 annos
1189 1868 1328 1895 auditores
1355 1867 1419 1900 sint,
1449 1867 1500 1893 hoc
1523 1870 1575 1898 est,
1604 1870 1681 1891 extra

890 1915 1033 1942 ecclesiam
1051 1918 1124 1941 stent
1147 1914 1174 1940 in
1202 1912 1298 1946 ferula,
1315 1919 1462 1946 sacrasque
1487 1911 1606 1938 Litteras
1632 1918 1684 1937 au-

891 1962 977 1989 diant.
991 1961 1041 1988 Titi
1058 1968 1123 1987 vero
1141 1960 1298 1987 sacerdotes
1314 1967 1421 1994 semper
1448 1959 1518 1985 inter
1543 1958 1683 1984 auditores

893 2009 1006 2035 luerent.
1025 2006 1094 2040 Quid
1111 2006 1208 2033 deinde
1227 2013 1313 2033 canon
1348 2004 1479 2031 ulterius?
1509 2003 1540 2030 Et
1564 2008 1683 2037 septeni,

892 2054 991 2090 inquit,
1010 2053 1089 2080 antiis
1117 2057 1198 2080 erunt
1221 2051 1327 2079 ordinis
1361 2050 1500 2078 inferioris
1519 2058 1526 2076 :
1559 2051 1610 2076 hoc
1631 2053 1684 2081 est,

890 2102 1033 2129 ecclesiam
1051 2099 1158 2135 quidem
1175 2098 1374 2134 ingrcdientur,
1399 2096 1445 2124 sed
1468 2097 1493 2123 in
1523 2100 1599 2131 parte
1626 2103 1684 2122 ani-

892 2150 970 2177 honis
986 2149 1087 2183 postica
1114 2148 1237 2178 stabunt,
1263 2151 1288 2173 et
1308 2154 1369 2173 cum
1394 2144 1598 2172 catechuuieuis
1623 2144 1685 2171 exi-

46 2200 176 2226 ἰστασθαι
203 2198 251 2224 καὶ
276 2196 453 2232 συνεύχεσθαι
481 2193 552 2230 μετὰ
574 2193 629 2219 τῶν
658 2191 781 2218 πιστῶν¹
801 2190 833 2225 μὴ

892 2196 969 2223 bunt.
997 2194 1090 2221 Annos
1110 2193 1226 2227 denique
1257 2192 1324 2219 duos
1355 2191 1479 2218 fidelibus
1499 2190 1636 2222 astabuiit,
1654 2193 1684 2217 et

43 2250 135 2283 μέντοι
151 2247 200 2273 καὶ
215 2246 265 2279 τῆς
285 2244 339 2271 τῶν
368 2242 548 2278 ἁγιασμάτων
564 2238 743 2275 μεταλήψεως
756 2236 844 2268 ἀξιοῡ,

44 2295 115 2326 σθαι,
133 2294 187 2325 ’ἐως
203 2293 238 2320 ἂν
252 2293 270 2328 ἡ
289 2291 377 2318 διετία
397 2288 532 2324 παρέλθῃ.
550 2287 580 2313 Εί
593 2285 639 2312 οὖν
659 2286 684 2312 οί
704 2282 838 2318 ἐπιτιμίῳ

42 2341 245 2378 ἀκοινωνησεας
274 2339 412 2374 δεδεμένοι
437 2338 475 2367 sl;
504 2336 553 2371 τὴν
576 2333 725 2369 ἐκκλησίαν
756 2332 840 2361 εὶσέρ·

43 2399 146 2426 χον-ται,
177 2388 250 2415 διατί
266 2388 292 2413 οἱ
309 2387 392 2420 ἱερεῖς
408 2393 454 2411 σου
470 2383 520 2409 οὐκ
539 2381 732 2416 εἰσέρχοντςιις

82 2437 114 2463 ’0
135 2434 218 2462 ΚΑΘ.
253 2433 391 2460 υύδέποτε
414 2431 495 2466 μέχρι
510 2427 558 2455 τοῦ
574 2428 622 2454 νῦν
641 2426 782 2459 ἐπέστησα
797 2431 836 2457 τῳ

46 2484 140 2511 κανόνι
167 2481 257 2516 τούτῳ
289 2480 334 2506 τὸν
355 2478 418 2504 νοῦν
433 2486 439 2492 ·
467 2474 654 2511 συμϐάλλεται
678 2471 707 2498 δέ
734 2479 781 2497 σου
799 2469 838 2506 τῷ

45 2531 115 2567 λόγῳ
126 2531 242 2565 σφόδρα.
262 2526 347 2554 Ἀλλὰ
362 2523 490 2561 περὶτῶν
506 2521 640 2567 τοιούτων
653 2519 683 2545 οὐ
702 2518 742 2544 δεῖ
757 2526 840 2552 φρον-

47 2563 181 2609 τίξενινίει
197 2563 282 2610 μόνον
297 2573 362 2607 περὶ
380 2571 430 2606 τὴν
447 2569 551 2602 πίστιν,
566 2568 603 2599 ὡς
616 2563 706 2598 εἷπον,
719 2565 843 2599 ὁμοφρο-

49 2624 175 2658 νήσομεν.

84 2655 119 2697 ’0.
140 2669 240 2696 ΘΕΩΡ.
255 2665 388 2701 Ἀφέντες
409 2661 456 2690 οὖν
478 2661 564 2689 ταῦτα
589 2659 657 2694 πρὸς
685 2657 715 2683 τὸ
744 2655 844 2689 παρὸν,

52 2717 156 2752 ἴδωμεν,
171 2716 196 2742 εί
212 2715 300 2746 δοκεῖ,
321 2712 367 2738 τὸν
384 2711 447 2746 ὅρον
472 2708 523 2744 τῆς
553 2706 691 2741 τετάρτης
719 2702 844 2735 συνόδου,

52 2763 77 2788 ἰν
83 2771 126 2790 σοι
138 2763 170 2799 τῇ
186 2758 344 2796 προτεραίᾳ
355 2756 526 2790 δεδώκαμεν.

81 2856 103 2871 ⁸⁸
117 2855 187 2885 Psal.
202 2857 327 2883 cxxxiii,
343 2849 371 2876 'l.
412 2848 433 2864 ’³
447 2846 519 2875 Psal.
531 2852 616 2878 mu,
633 2843 677 2872 27.

899 2249 960 2268 cum
972 2241 1012 2268 eis
1030 2240 1212 2274 precabuiitur
1229 2247 1235 2264 :
1253 2246 1306 2265 non
1332 2242 1424 2264 tamen
1452 2241 1687 2263 sacramentorum

897 2295 1004 2323 quoque
1021 2287 1219 2322 perceptionem
1233 2284 1429 2318 impetrabunt,
1446 2284 1531 2309 donec
1549 2281 1686 2308 biennium

895 2333 1068 2369 praeterierit.
1094 2331 1121 2357 bi
1142 2338 1206 2364 ergo
1230 2329 1371 2356 constricti
1393 2326 1690 2355 excommunicationis

894 2387 983 2415 poena,
997 2377 1125 2411 templum
1139 2382 1227 2402 tamen
1239 2375 1438 2409 ingrediuntur,
1450 2381 1535 2409 quare
1548 2373 1585 2401 tui
1595 2380 1689 2400 sacer-

893 2427 970 2454 d0tcs
984 2432 1035 2452 non
1058 2421 1268 2458 ingrediuntur?

928 2469 1006 2498 GEN.
1038 2467 1180 2502 Nunquam
1208 2466 1329 2493 animum
1350 2465 1394 2493 isti
1427 2464 1526 2493 canoni
1552 2465 1690 2490 hactenus

894 2514 1009 2543 adverti.
1024 2512 1088 2540 Tua:
1104 2512 1214 2548 quidem
1230 2511 1348 2539 orationi
1373 2511 1519 2546 plurimum
1555 2508 1689 2536 momenti

898 2561 995 2589 adfert.
1009 2559 1061 2586 Sed
1080 2559 1112 2585 de
1127 2558 1170 2584 his
1181 2564 1242 2585 esse
1254 2549 1364 2584 solliciti
1382 2563 1434 2582 non
1453 2555 1592 2586 debemus,
1609 2553 1692 2581 modo

897 2607 971 2635 circa
987 2606 1078 2638 fidem,
1091 2608 1120 2631 ut
1132 2604 1200 2636 dixi,
1212 2601 1444 2630 consenserimus.

934 2650 1063 2679 TllEOlt.
1082 2650 1130 2678 llis
1143 2650 1226 2685 igitur
1243 2649 1268 2676 in
1285 2648 1429 2683 praesentia
1461 2645 1594 2677 dimissis,
1625 2644 1692 2672 deli-

900 2698 1029 2726 nitionem
1063 2701 1167 2732 quartae
1186 2695 1292 2731 synodi,
1325 2694 1348 2721 si
1373 2694 1473 2729 placet,
1490 2691 1691 2727 inspiciamus:

900 2753 982 2782 quam
997 2746 1127 2773 hesterna
1143 2741 1186 2770 die
1201 2741 1249 2769 tibi
1268 2740 1428 2770 obtulimus.
