1942 3081
265 131 314 162 195

295 189 375 217 GEN.
396 190 434 217 Ita
451 189 507 217 fiat.
525 189 608 218 Lubet
621 190 693 217 enim
706 190 739 218 de
751 189 862 217 vocibus
876 188 1049 224 quibusdam.
1066 192 1085 217 A

261 235 286 261 in
322 243 353 262 ea
386 236 491 268 positis,
522 236 699 270 interrogare.
730 235 782 263 Sed
802 235 876 269 prius
905 238 1050 267 utrumque

260 280 358 307 librum
383 281 453 307 inter
481 288 511 308 se
533 281 716 313 conferamus,
739 286 767 308 et
780 281 929 312 videamus,
945 287 978 306 an
998 278 1048 306 sibi

263 327 446 360 respondeant
463 336 469 354 :
487 327 585 355 deinde
611 335 765 362 qnaarinnus
790 327 824 354 de
854 325 887 353 iis
904 326 930 352 in
951 325 1050 360 quibus

261 371 405 398 hatrcmus.

442 419 534 446 Sancti
551 419 592 446 IV
616 420 721 447 concilii
743 419 872 453 deﬁnitio.

297 464 438 491 Stilliccret
455 465 563 499 quidem
577 466 609 492 ad
626 466 773 500 perfectam
789 466 898 500 pictatis
917 465 1050 498 (agnitio-

261 518 321 536 nem
338 514 365 537 et
382 511 628 542 confirmationem,
645 512 696 538 hoc
716 511 850 537 Cl'lldlllllll
878 518 909 536 ac
940 510 1050 538 salubre

261 557 358 584 divina:
386 558 481 591 gratim
506 558 670 592 symbolum,
695 557 766 591 quod
800 562 827 584 et
846 556 993 591 perfectam
1017 557 1050 583 de

260 602 350 635 Patre,
362 609 387 630 et
405 603 481 636 Filio,
494 607 520 630 et
537 603 637 638 Spiritu
661 609 754 631 sancto
778 605 930 631 doctrinam
956 605 1049 636 tradit,

260 654 287 675 et
300 648 513 676 incarnationem
529 649 633 676 Domini
649 650 765 677 ﬁdeliter
786 650 984 685 excipientibus
1001 658 1049 677 ex-

260 693 344 720 hibet.
362 693 414 720 Sed
432 694 540 729 quando
553 694 601 727 illi,
620 695 665 729 qui
680 695 899 729 praediuitionem
926 695 1048 722 veritatis

260 740 370 767 abolere
386 746 529 773 conantur,
545 748 593 776 per
608 749 669 768 suas
682 742 801 769 haereses
815 748 898 769 novas
912 742 1046 776 quasdam

260 786 399 813 doctrinas
422 792 596 821 pepererunt,
625 788 685 814 aliis
713 792 845 822 suscepta:
870 792 981 822 propter
998 794 1047 814 nos

260 833 504 860 administrationis
520 833 669 861 Dominicw
690 834 847 869 mysterium
872 840 1047 866 corrumpere

259 878 434 910 audentibus,
450 884 476 906 et
493 878 612 914 Deiparze
624 868 724 906 VOCCHIV
747 879 848 913 Virgini
876 879 1046 905 tribuendam
1065 868 1085 894 Β

258 925 439 958 negantibus;
469 925 530 952 aliis
559 925 747 953 confusionem
774 931 802 952 et
833 925 1048 952 commistinnem

259 970 504 1003 introduccntibns,
518 976 545 998 et
557 979 637 998 unam
654 979 714 998 esse
728 971 819 998 carnis
846 971 1049 1005 divinitatisque

259 1022 382 1044 naturam
419 1018 501 1044 stulte
537 1017 822 1050 comminiscentibus,
852 1017 974 1052 adeoque
1003 1025 1049 1052 per

258 1065 331 1091 hanc
344 1064 532 1092 confusionem
547 1071 700 1092 monstrose
714 1065 906 1097 statuentibns,
931 1064 1048 1091 divinam

259 1111 395 1146 Unigeniti
414 1117 539 1140 naturam
556 1120 616 1140 esse
632 1112 787 1147 passibilem
803 1122 810 1139 :
829 1117 973 1146 eapropter
992 1111 1049 1138 hmc

259 1166 365 1192 sancta,
385 1167 481 1194 magna
498 1165 525 1186 ct
541 1159 705 1187 universalis
714 1159 845 1194 synodus,
858 1165 906 1186 eos
922 1157 956 1184 ab
974 1157 1047 1183 omni

259 1212 352 1232 contra
372 1206 513 1233 veritatem
530 1206 733 1232 machinatione
762 1205 859 1232 volens
889 1203 1048 1234 excludere,

259 1250 766 1285 doctrinamquetraditamantiquitus
798 1250 937 1277 immotam
971 1255 1047 1276 asse-

261 1304 333 1329 rens,
350 1302 412 1323 antc
425 1297 514 1323 omnia
533 1297 641 1329 statuit,
657 1300 686 1323 ut
701 1302 856 1324 sanctorum
867 1295 920 1323 5l8
937 1295 1047 1322 l’atrunt

259 1342 326 1370 lldcs
342 1343 498 1370 inconvnlsa
517 1349 686 1378 permaneat.
707 1343 747 1370 Ac
769 1348 880 1378 propter
911 1349 960 1370 eos
985 1343 1048 1378 qui-

259 1389 319 1415 dem
335 1389 380 1422 qui
396 1387 526 1422 Spiritum
542 1393 668 1416 sancttun
699 1394 869 1423 oppugnant,
893 1388 1046 1416 doctrinam

258 1435 290 1460 de
306 1435 458 1462 substantia
472 1435 590 1469 Spiritus
605 1442 620 1461 a
638 1436 741 1463 sanctis
760 1435 813 1462 illis
830 1435 881 1462 150
907 1434 1046 1468 Patribus,

257 1480 360 1515 aliquot
387 1484 448 1514 post
470 1482 549 1508 annis
578 1481 605 1508 in
638 1480 761 1516 Augusta
786 1481 854 1508 urbe
879 1483 1045 1516 congressis,

259 1526 383 1552 traditam
403 1527 546 1553 contirmat
558 1535 565 1560 ;
578 1534 659 1561 quam
675 1527 711 1554 illi
725 1527 861 1555 universis
884 1532 977 1554 notant
1005 1527 1047 1554 fe-
1061 1539 1082 1568 α

257 1575 362 1603 cernnt,
378 1579 431 1598 non
446 1572 523 1606 quasi
541 1572 668 1607 quiddam
685 1572 841 1605 all‘ereutcs,
855 1574 927 1606 quod
948 1572 1046 1607 priori-

256 1616 307 1645 bus
321 1618 446 1650 deesset,
462 1619 508 1645 sed
524 1626 601 1645 suam
623 1618 657 1645 de
685 1617 788 1653 Spiritu
816 1624 910 1645 saneto
942 1623 1048 1646 sentem

258 1662 323 1689 tiam
341 1663 473 1691 adversus
492 1664 564 1695 illos,
577 1664 622 1699 qui
647 1668 807 1698 potestatem
846 1663 905 1697 ejus
937 1663 1047 1690 abolere

254 1709 444 1743 etmabantnr,
469 1717 607 1737 sacrarum
637 1710 798 1737 Litterarum
823 1710 986 1737 testimoniis
1013 1710 1045 1736 il-

255 1755 422 1783 lustrantes:
457 1762 568 1791 propter
594 1764 640 1784 eos
668 1764 742 1788 vero,
769 1757 814 1791 qui
843 1762 1043 1783 sacramentum

256 1801 405 1829 Dominica:
433 1802 645 1837 dispensationis
681 1801 853 1830 falsariornm
884 1809 960 1829 more
983 1810 1045 1829 cor-

255 1856 382 1883 rumpere
394 1852 511 1881 tentant,
525 1848 748 1883 ctimprudenter
778 1856 875 1883 purum
906 1849 1043 1876 hominem

253 1901 314 1921 esse
331 1898 467 1929 nugantur
492 1901 555 1921 eum
576 1894 620 1928 qui
649 1894 682 1921 de
704 1899 797 1921 sancta
830 1893 940 1929 Virgine
959 1894 1043 1922 Maria

254 1945 410 1973 procreatus
429 1939 495 1973 fuit;
515 1939 585 1966 beati
602 1939 705 1975 Cyrilli,
721 1939 765 1974 qui
778 1939 969 1967 Alexandrina:
994 1948 1042 1974 pa-

254 1991 312 2012 stor
323 1985 447 2012 ecclesia:
463 1984 525 2017 fuit,
535 1985 679 2020 synodales
690 1984 723 2011 ad
735 1984 890 2011 Nestorium
903 1988 930 2012 et
944 1983 1042 2011 Orien-

255 2031 322 2058 tales
338 2031 481 2065 episcopos
500 2031 604 2058 litteras
631 2031 682 2058 sibi
698 2031 901 2058 conscntientes
918 2031 1042 2066 amplexa

252 2082 294 2104 est
309 2086 316 2104 :
336 2082 391 2104 tum
408 2077 441 2104 ad
456 2077 624 2104 Nestoriana:
649 2077 792 2104 dementia:
815 2076 1041 2109 conlutationem,

253 2129 310 2150 tum
328 2124 360 2150 ad
381 2123 630 2158 interpretationem
663 2131 713 2158 pro
741 2124 774 2150 iis
799 2123 964 2156 institutam,
992 2123 1041 2157 qui

251 2170 296 2205 pio
308 2169 366 2197 zelo
377 2169 492 2205 symboli
501 2168 618 2196 salubris
628 2169 793 2196 intellectum
808 2169 973 2196 desiderant.
988 2169 1036 2195 At-

252 2224 304 2251 que
321 2216 362 2244 his
375 2216 518 2251 epistolam
533 2224 640 2251 quoque
655 2215 803 2243 beatissimi
821 2216 1040 2250 sanctissimiqne
1056 2211 1078 2239 D

251 2261 449 2296 archiepiscopi
460 2262 569 2295 Leonis,
587 2261 660 2289 illius
674 2262 800 2288 maximte
824 2261 917 2288 Romae
946 2261 1040 2296 praesi-

251 2308 305 2340 dis,
333 2308 366 2335 ad
385 2313 487 2336 sancta:
503 2309 640 2336 memoria:
667 2307 826 2335 Flavianum
857 2307 1041 2342 archiepisco-

249 2361 326 2389 pum,
347 2354 500 2382 evertenda).
528 2354 730 2389 depravationis
753 2353 928 2389 Eutychianre
957 2361 1040 2381 causa

249 2402 390 2436 scriptam,
407 2401 489 2429 veluti
503 2401 591 2435 magni
607 2401 678 2428 illius
694 2400 765 2428 I'cll‘l
782 2400 947 2427 confessioni
971 2408 1038 2428 c0n-

249 2447 416 2479 venientem,
433 2453 458 2474 et
476 2447 629 2474 columnam
642 2447 786 2481 quamdam
800 2451 880 2473 recta:
898 2447 1039 2473 sententia:

251 2494 399 2530 publicam,
413 2494 545 2521 adverstts
561 2493 692 2520 malarum
716 2492 873 2527 opinionum
899 2497 1037 2525 auctores,

249 2540 283 2567 ad
307 2541 456 2567 orthodoxa
489 2540 613 2573 dogmata
640 2539 814 2570 stabilienda,
846 2538 944 2566 merito
974 2546 1038 2566 con-

245 2586 346 2620 junxit.
357 2586 424 2613 Natn
437 2591 465 2613 et
479 2586 511 2613 iis
522 2586 579 2612 hzcc
594 2585 706 2620 opponit
727 2592 798 2618 sese,
816 2584 862 2618 qui
876 2592 1036 2612 sacramen-

250 2638 305 2659 tum
323 2632 535 2666 dispensationis
549 2631 576 2658 iu
594 2633 661 2659 duos
678 2631 746 2658 tilios
765 2631 918 2658 distrahere
945 2631 1038 2658 nituit-

251 2683 312 2709 tur;
333 2682 360 2704 et
375 2685 422 2705 eos
435 2683 506 2705 crntu
525 2682 682 2704 sanctorum
700 2676 822 2711 expellit,
841 2676 887 2711 qui
918 2675 1034 2711 passihiv

250 2717 318 2750 lem‘
333 2724 424 2751 dicere
452 2723 621 2751 divinitatem
651 2723 788 2758 Unigeniti
822 2723 942 2755 audent;
959 2727 987 2749 et
1004 2722 1037 2749 iis

250 2770 363 2802 resistit,
377 2770 421 2804 qui
439 2770 464 2796 in
477 2770 584 2797 duabus
608 2769 708 2796 Christi
733 2769 839 2796 naturis
869 2768 1036 2796 commistio-

248 2822 310 2842 nem
329 2815 369 2841 vel
384 2814 570 2842 confusionem
584 2814 775 2849 excogitantet
794 2821 840 2841 eos
858 2812 1033 2845 exterminat,

248 2861 293 2894 qui
311 2865 446 2893 sumptam
460 2862 493 2888 de
511 2860 588 2889 nobis
600 2860 726 2889 servilem
743 2859 870 2892 formam,
894 2859 1033 2888 emit-stem

975 127 1190 159 THEORIANI

1843 127 1900 161 1‘6

1136 187 1157 213 Ο
1175 185 1256 212 ΚΑΘ.
1276 185 1355 212 Οὕτω
1371 185 1501 218 γενέσθω.
1520 185 1657 221 Βούλομαι
1683 186 1737 222 γᾶρ
1755 187 1902 222 ἐρωτῆσαι

1104 232 1168 268 περί
1195 240 1276 258 τινων
1304 231 1405 265 λέξεων
1424 233 1484 258 ἐκεί
1510 232 1657 267 κειμένων.
1673 231 1754 259 Ἀλλὰ
1784 234 1902 268 πρῶτον

1102 276 1292 311 ἀντιϐἀλωμεν
1320 277 1464 312 ἀμφότερα
1490 277 1523 303 τὰ
1538 276 1642 310 βιϐλία,
1669 278 1717 304 καὶ
1746 278 1899 313 ἵδωμεν,ε“

1101 320 1223 353 ὲξισὰζει
1236 330 1242 337 ·
1260 322 1308 347 καὶ
1325 322 1386 347 τότε
1401 322 1465 357 περὶ
1488 319 1525 348 ὧν
1536 322 1758 358 ἀμφιὸάλλομεν,
1785 324 1897 358 ἐρωτή-

1102 376 1195 403 σομεν.

1258 413 1342 447 Ὄρος
1364 412 1417 447 τῆς
1444 414 1529 447 ἁγίας
1546 414 1570 441 δ’
1590 415 1736 443 συνόδου.

1134 459 1236 494 Ἤρκει
1248 459 1299 494 μὲν
1313 457 1360 485 οὖν
1371 460 1410 490 είς
1419 459 1513 496 ἐντελῆ
1523 462 1574 496 τῆς
1587 462 1730 493 εὐσεϐείας
1743 462 1899 496 ὲπίγνωσίν

1101 512 1131 530 τε
1143 505 1190 530 καὶ
1206 504 1364 539 βεϐαίωσιν,
1376 505 1405 531 τὸ
1426 505 1508 540 σοφὸν
1525 507 1573 533 καὶ
1592 508 1730 543 σωτήριον
1747 509 1829 535 τοῦτο
1845 511 1899 544 τῆς

1102 549 1177 582 θείας
1187 552 1300 586 χάριτος
1310 552 1455 586 σύμϐολον
1468 554 1533 589 περί
1543 563 1572 581 τε
1585 555 1639 590 γὰρ
1650 555 1697 581 τοῦ
1714 556 1832 590 Πατρὺς,
1846 557 1898 582 καὶ

1101 597 1147 623 τοῦ
1165 597 1242 629 Υἱοῦ,
1257 599 1304 623 καὶ
1316 599 1363 625 τοῦ
1375 599 1453 632 ἁγίου
1460 600 1618 636 Πνεύματος
1636 601 1789 629 ἐκδιδάσκει
1804 603 1834 629 τὸ
1846 604 1899 629 τέ-

1100 642 1181 675 λειον,
1193 643 1239 669 καὶ
1254 643 1300 670 τοῦ
1316 644 1420 680 Κυρίου
1430 645 1481 680 τὴν
1495 646 1706 682 ὲνανθρώπησιν
1716 649 1773 680 τοῖς
1787 648 1899 679 πιστῶς

1099 688 1255 723 δεχομένοις
1270 690 1447 725 παρίστησιν.
1462 691 1533 718 Ἀλλ’
1546 692 1697 727 ἐπειδήπερ
1714 693 1739 719 οι
1751 693 1801 728 τῆς
1825 694 1898 728 ἀλη-

1100 734 1179 765 θείας
1192 734 1298 761 ἅθετείν
1314 735 1515 771 ἐπιχειροῦντες
1528 737 1557 763 τὸ
1572 738 1765 772 κήρυγμα,διὰ
1780 739 1835 764 τῶν
1851 738 1896 764 οἱ-

1099 781 1323 816 κείωνιαίρὲσεων
1337 782 1385 813 τὰς
1402 783 1582 816 καινοςωνίας
1599 784 1741 816 ἀπέτεκον,
1752 785 1776 811 οἱ
1795 786 1846 819 μὲν
1861 785 1896 810 τὸ

1099 826 1149 860 τῆς
1163 826 1196 852 δι’
1211 828 1285 861 ἡμᾶς
1297 827 1345 853 τοῦ
1362 828 1464 863 Κυρίου
1478 829 1631 865 οἰκονομίας
1642 832 1791 866 μυστήριον
1806 839 1900 866 παρα-

1101 872 1224 907 φθείρειν
1235 873 1399 908 τολμῶντες,
1416 875 1464 901 καὶ
1478 875 1527 910 τὴν
1542 875 1671 907 Θεοτόκος
1683 877 1729 903 ἐπὶ
1746 877 1797 912 τῆς
1812 878 1898 912 Hap-

1102 917 1180 944 θένου
1199 919 1293 954 φωνὴν
1308 920 1522 955 ἀπαρνούμενοι,
1537 921 1562 946 oi
1577 921 1604 948 δὲ
1618 922 1750 956 σύγχυσιν
1762 922 1809 949 καὶ
1821 923 1898 956 κρᾶ-

1102 972 1144 990 σιν
1156 965 1323 999 εἰσάγοντες,
1355 966 1404 993 καὶ
1429 967 1494 1001 μίαν
1514 965 1585 994 εἶναι
1615 968 1696 1002 φύσιν
1713 969 1763 1003 τῆς
1788 968 1898 1003 σαρκὸς

1101 1011 1148 1037 καὶ
1161 1012 1212 1046 τῆς
1227 1011 1356 1047 θεότητος
1388 1013 1605 1045 ἀναπλάττοντες
1628 1014 1761 1048 ἀνοήτως,
1777 1014 1826 1040 καὶ
1839 1022 1898 1040 πα-

1101 1055 1185 1091 θητὴν
1201 1056 1249 1083 τοῦ
1266 1058 1435 1092 Μονογενοῦς
1452 1059 1502 1093 τὴν
1517 1059 1592 1085 θείαν
1605 1059 1686 1094 φύσιν
1706 1055 1897 1096 τῇουγχύσει

1099 1106 1313 1139 τερατευόμενοι
1328 1113 1336 1120 ⁸
1353 1105 1397 1132 διὰ
1413 1106 1492 1132 τοῦτο
1514 1106 1605 1132 πᾶσαν
1621 1107 1714 1138 αὐτοῖς
1728 1107 1896 1133 ἀποκλεῖσαι

1101 1150 1170 1176 κατὰ
1187 1151 1235 1185 τῆς
1262 1151 1393 1186 ἀληθείας
1423 1153 1549 1188 μηχανὴν
1563 1152 1714 1189 βουλομένη
1731 1154 1748 1189 ἡ
1762 1153 1897 1189 παροῦσα

1099 1195 1148 1222 νῦν
1162 1196 1230 1232 αὕτη
1244 1197 1261 1232 ἡ
1281 1198 1357 1232 ἁγία,
1373 1198 1477 1234 μεγάλη
1503 1199 1552 1225 καὶ
1574 1199 1750 1234 οἰκουμενικὴ
1769 1199 1897 1231 σύνοδος,

1100 1241 1130 1266 τὸ
1143 1241 1191 1268 τοῦ
1206 1242 1385 1278 κηρύγματος
1403 1243 1507 1270 ἄνωθεν
1520 1244 1668 1271 ἀσάλευτον
1679 1244 1895 1277 ἐκδιδάσκουσα,

1099 1286 1184 1323 ὥρισε
1200 1288 1432 1324 προηγουμένως,
1467 1293 1520 1324 τιη¹
1536 1290 1620 1323 ἁγίων
1636 1291 1765 1326 Πατέρων
1780 1291 1832 1326 τὴν
1850 1291 1896 1317 πί-

1100 1342 1159 1360 στιν
1174 1334 1267 1368 μένειν
1295 1335 1543 1371 ἀπαρεγχείρητον.
1573 1337 1629 1363 Καὶ
1644 1336 1688 1363 διὰ
1706 1338 1756 1372 μὲν
1773 1338 1838 1370 τοὺς
1853 1337 1895 1373 τῷ
1915 1367 1921 1374 χ

1101 1381 1240 1416 Πνεύματι
1257 1381 1297 1417 τῷ
1311 1382 1382 1417 ἁγίῳ
1398 1383 1580 1418 μαχομένους,
1591 1384 1641 1418 τὴν
1651 1385 1757 1419 χρόνοις
1774 1384 1895 1421 ὕστερον

1099 1428 1175 1463 παρὰ
1191 1427 1245 1454 τῶν
1266 1428 1315 1463 τῆς
1347 1428 1542 1464 βασιλευούσης
1569 1430 1672 1460 πόλεως
1700 1430 1889 1457 συνελθόντων

1100 1474 1185 1509 ἁγίων
1200 1473 1238 1510 ρν¹
1252 1475 1383 1510 Πατέρων
1396 1475 1460 1510 περὶ
1475 1477 1524 1511 τῆς
1544 1475 1591 1502 τοῦ
1612 1476 1773 1510 Πνεύματος
1792 1478 1895 1508 οὐσίας

1101 1519 1305 1555 παραδοθεῖσαν
1315 1519 1490 1547 διδασκαλίαν
1504 1521 1592 1556 κυροῖ,
1603 1521 1636 1557 ἢν
1651 1522 1750 1548 ἐκεῖνοι
1761 1524 1816 1554 τοῖς
1837 1525 1894 1550 πᾶ-

1099 1573 1141 1592 σιν
1153 1565 1319 1601 ἐγνώρισαν
1335 1566 1383 1601 οὺχ
1397 1565 1436 1597 ὥς
1453 1573 1480 1592 τι
1498 1566 1591 1593 λοιπὸν
1615 1568 1671 1599 τοῖς
1702 1567 1894 1603 προλαῦοὖσιν

1098 1612 1301 1646 ἐπεισάγοντες,
1318 1613 1387 1639 ἀλλὰ
1400 1612 1450 1648 τὴν
1468 1613 1532 1649 περὶ
1545 1613 1593 1640 τοῦ
1619 1614 1698 1651 ἁγίου
1727 1616 1894 1651 Πνεῦματος

1097 1658 1189 1685 αὐτῶν
1215 1659 1332 1692 ἔννοιαν,
1362 1661 1434 1687 κατὰ
1456 1660 1511 1687 τῶν
1536 1662 1587 1696 τὴν
1615 1662 1700 1689 αὐτοῦ
1725 1663 1894 1691 δεσποτείαν

1097 1705 1205 1732 ἀθετεῖν
1225 1706 1414 1741 πειρωμένων,
1432 1707 1587 1742 Γραφικαίς
1602 1709 1766 1745 μαρτυρίαις
1779 1710 1895 1746 τρανώ-

1098 1759 1206 1783 σαντες*
1225 1751 1268 1778 διὰ
1281 1752 1309 1778 δὲ
1319 1752 1383 1784 τοὺς
1397 1751 1428 1779 τὸ
1437 1754 1486 1788 τῆς
1498 1754 1658 1788 οἰκονομίας
1684 1754 1894 1790 παραφθεῐρειν

1095 1797 1303 1834 ἐπιχειροῦντας
1318 1799 1478 1834 μνστήριον,
1491 1799 1539 1826 καὶ
1553 1799 1633 1834 ψιλὸν
1647 1800 1798 1836 ἄνθρωπον
1808 1800 1892 1836 ξεῖναι

1095 1844 1141 1870 τὸν
1166 1845 1198 1870 ὲκ
1217 1845 1267 1879 τῆς
1285 1844 1365 1878 ἁγίας
1398 1845 1537 1880 Παρθένου
1556 1845 1688 1881 τεχθέντα
1699 1847 1825 1883 Μαρίας,
1840 1849 1893 1875 ἀν-

1094 1889 1177 1921 αιδῶς
1209 1889 1410 1925 ληρωδοῦντας,
1430 1890 1480 1921 τὰς
1510 1890 1556 1917 τοῦ
1577 1891 1714 1926 μακαρίου
1735 1892 1890 1927 Κυρίλλου,

1093 1935 1141 1961 τοῦ
1171 1936 1220 1970 τῆς
1239 1935 1435 1970 Ἀλεξανδρέων
1459 1936 1625 1972 Ἐκκλησίας
1649 1937 1798 1971 γενομένου
1824 1947 1891 1965 ποι-

1096 1981 1176 2017 μένος
1192 1982 1333 2014 συνοδικὰς
1356 1982 1501 2014 ἐπιστολὰς
1532 1983 1600 2018 πρός
1615 1991 1644 2009 τε
1659 1983 1819 2020 Νεστὸριον,
1840 1986 1891 2013 κα)⁴

1092 2028 1155 2059 τοὺς
1171 2028 1221 2064 τῆς
1238 2028 1385 2064 Ἀνατολῆς
1411 2029 1558 2065 ἁρμοδίους
1588 2029 1672 2062 οὔσας
1696 2030 1817 2064 ἐδέξατο·
1846 2033 1891 2064 εἰς

1092 2073 1203 2109 ἔλεγχον
1216 2075 1265 2110 μὲν
1280 2075 1329 2110 τῆς
1340 2075 1487 2110 Νεστορίου
1500 2076 1722 2111 φρενοδλαΰείας,
1735 2078 1890 2114 ἑρμηνείαν

1092 2121 1121 2147 δὲ
1142 2122 1198 2147 τῶν
1234 2121 1344 2148 εὐσεϐεῖ
1368 2122 1443 2157 ζήλῳ
1463 2122 1509 2149 τοῦ
1524 2123 1659 2159 σωτηρίου
1679 2125 1818 2160 συμὸόλου
1838 2135 1890 2153 πο-

1093 2167 1213 2194 θούντων
1229 2168 1278 2203 τὴν
1291 2168 1413 2196 ἔννοιαν·
1434 2165 1478 2200 αἷς
1504 2170 1552 2196 καὶ
1581 2169 1631 2205 τὴν
1662 2170 1809 2206 ἐπιστολὴν
1838 2172 1890 2199 τοῦ

1092 2214 1140 2247 τῆς
1156 2214 1288 2250 μεγίστης
1307 2214 1418 2250 Ῥώμης
1436 2215 1580 2250 προέδρου,
1605 2215 1653 2242 τοῦ
1669 2219 1889 2252 μακαριωτάτου

1094 2259 1141 2286 καὶ
1157 2260 1311 2293 ἀγιωτάτου
1335 2260 1554 2296 ἀρχιεπισκόπου
1566 2261 1692 2295 Λέοντος,
1707 2264 1756 2298 τὴν
1768 2267 1890 2299 γραφεῖ-

1093 2313 1143 2332 σαν
1159 2306 1226 2341 πρὸς
1241 2307 1287 2333 τὸν
1315 2307 1344 2333 ὲν
1357 2307 1446 2341 ἁγίοις
1473 2308 1690 2342 ἅρχιεπίσκοπον
1720 2310 1888 2346 Φλαδιανδν,

1090 2351 1134 2378 ἐπ’
1148 2352 1289 2387 ἀναιρέσει
1313 2352 1363 2387 τῆς
1390 2353 1521 2389 εὐτυχοῦς
1552 2355 1709 2387 κακονοίας,
1737 2356 1784 2383 ἅτε
1801 2357 1836 2393 δὴ
1853 2360 1888 2394 τῇ

1090 2395 1138 2422 τοῦ
1165 2397 1284 2432 μεγάλου
1306 2397 1410 2433 Πέτρου
1438 2398 1569 2435 ὁμολογίᾳ
1594 2400 1815 2434 συμϐαίνουσαν·
1837 2404 1888 2429 καὶ

1091 2443 1185 2477 κοινήν
1213 2452 1274 2469 τινα
1294 2443 1395 2479 στήλην
1424 2444 1578 2479 ὁρθοδοξίας
1610 2447 1682 2473 κατὰ.
1699 2447 1754 2473 τῶν
1767 2447 1889 2475 κακοδο-

1091 2487 1219 2521 ξούντων,
1235 2489 1348 2521 εἰκότως
1365 2491 1534 2525 συνήρμοσε,
1552 2491 1623 2526 πρὸς
1638 2492 1688 2528 τὴν
1702 2492 1756 2520 τῶν
1772 2493 1890 2529 ὀρθοδό-

1091 2535 1144 2567 ξων
1155 2536 1300 2570 δογμάτων
1323 2536 1480 2569 βεϐαίωσιν.
1505 2537 1568 2569 Τοῖς
1583 2547 1613 2564 τε
1629 2539 1684 2574 γὰρ
1699 2540 1739 2570 εἰς
1754 2538 1821 2566 Υίδν
1833 2541 1887 2576 τὴν

1089 2582 1182 2616 δυάδα,
1199 2583 1230 2609 τὺ
1243 2584 1294 2617 τῆς
1320 2583 1477 2617 οἰκονομίας
1497 2583 1614 2620 ὃιασπᾷν
1640 2585 1811 2620 ἐπιχειροῦσι
1830 2595 1887 2622 μυ-

1089 2629 1210 2663 στήριον,
1241 2629 1461 2664 παρατάττεται¹
1477 2630 1604 2662 καὶτοὺς
1635 2631 1760 2666 παθητὴν
1787 2631 1886 2666 λέγειν

1088 2675 1245 2710 τολμῶντας
1262 2675 1310 2702 τοῦ
1336 2676 1506 2710 Μονογενοῦς
1538 2677 1589 2712 τὴν
1607 2677 1732 2712 θεότητα,
1748 2678 1797 2704 τοῦ
1825 2680 1885 2707 τῶν

1089 2721 1170 2755 ἱερῶν
1186 2721 1337 2748 ἀπωθεῖται
1352 2721 1495 2756 συλλόγου·
1511 2723 1623 2754 καὶτοῖς
1638 2723 1685 2750 ἐπὶ
1700 2723 1747 2750 δύο
1767 2724 1885 2758 φύσεων

1087 2766 1134 2792 τοῦ
1163 2766 1285 2800 Χριστοῦ
1311 2768 1440 2803 κρᾶσινῆ
1472 2768 1605 2804 σύγχυσιν
1626 2769 1782 2796 ἐπινοοῦσιν
1803 2771 1886 2798 ἀνθί-

1088 2813 1260 2839 σταται-καὶ
1288 2814 1352 2845 τοὺς
1374 2813 1512 2848 οὐράνιον,
1539 2814 1669 2850 ἢὲτέρας
1694 2815 1767 2846 τινος
1791 2815 1886 2852 ὑπάρ-

1088 2868 1146 2894 χειν
1160 2860 1254 2893 οὐσίας
1280 2860 1330 2896 τὴν
1346 2859 1375 2893 ἐξ
1391 2860 1471 2896 ἡμῶν
1499 2860 1651 2896 ληφθεῖσαν
1665 2861 1741 2898 αὐτῷ
1755 2857 1807 2897 τὴν
1822 2863 1886 2890 δοὺ-
