1942 3081
249 124 301 161 ί99

957 132 1015 162 ΤΠ

1081 134 1176 165 tlANI
1829 147 1884 180 200

242 192 312 223 pata:
326 191 400 219 sunt,
421 193 503 221 quem
521 193 570 213 vos
588 186 685 221 magis,
698 194 781 222 quam
802 189 883 222 alios,
896 189 973 223 sequi
989 190 1015 216 lit

1089 191 1174 227 ρίλλῳ
1199 194 1371 228 πονηοεισῶν
1401 196 1571 231 συγγραφῶν
1596 198 1833 236 παρελήφθησαν,
1860 200 1884 237 ᾧ

241 233 380 262 crevistis.

276 279 356 308 GEN.
373 279 545 307 Perliheuter
561 279 586 306 id
600 280 709 314 quidem
723 281 878 314 audiemus,
903 281 924 308 si
943 281 1032 308 dicere

242 327 290 353 libi
304 326 423 353 li'nuerit.

275 372 402 400 TllEOR.
417 372 445 400 Si
457 372 607 400 dicerenou
615 373 750 407 libuisset,
767 382 820 402 tton
832 375 1030 409 promisissem.

241 418 339 446 Verum
351 426 399 453 per
412 418 496 446 incisa
510 419 617 452 singula
635 420 745 446 concilii
763 420 903 447 decretum
934 421 1031 447 recite-

240 470 294 497 tur,
312 469 339 491 et
354 465 387 492 ad
399 465 541 499 quodlibet
555 464 671 492 incisum
686 465 801 499 decreti,
821 466 923 493 dictum
946 466 1030 499 illius,

238 519 252 538 a
268 519 322 546 quo
340 517 478 546 sumptum
496 515 549 544 est,
567 510 724 545 adjiciatur.

547 557 590 583 Ea;
612 557 727 585 decreto.

272 604 422 638 Sequentes
454 610 519 638 ergo
542 606 652 630 sanctos
681 603 741 630 illos
767 602 880 637 Patres,
909 605 1027 632 universi

234 658 354 677 consona
379 657 445 676 voce
473 656 555 676 unum
571 652 598 674 et
618 649 743 675 eumdem
760 648 868 680 Filium,
886 648 1027 676 Dominum

235 703 356 724 nostrum
380 695 471 723 .lesum
498 695 635 722 Christum
660 694 841 722 conﬁtendum
863 703 923 722 esse
946 696 1026 722 doce-

234 750 305 769 tuus.

323 788 427 823 Cyrilli,
445 796 477 815 ex
491 787 577 821 prima
588 788 622 814 ad
634 787 793 815 Succensum
817 788 935 822 epis/ala.

268 834 363 862 Edocti
393 843 487 863 snttttts
521 843 535 861 ιι
573 834 715 870 Scriptura
758 843 834 862 sacra
870 835 1024 870 sanctisque

1086 239 1164 273 ὑμεῖς
1181 241 1282 274 μᾶλλον
1296 242 1349 268 τῶν
1362 242 1451 269 ἄλλων
1467 244 1628 271 ἀκολουθεῖν
1641 245 1822 280 διεγνώκατε.

1128 286 1156 313 '0
1172 287 1253 315 ΚΑΘ.
1271 289 1371 321 Ἡδέως
1382 290 1547 324 ἀκούσομεν,
1561 292 1619 326 εἴγε
1637 294 1763 329 θελήσειε
1779 296 1879 324 εἰπεῖν.

1124 375 1152 402 Ὀ
1168 376 1266 404 ΘΕΩΡ.
1277 378 1308 404 Et
1324 379 1361 414 μὴ
1373 378 1469 414 ἤθελον
1481 380 1580 413 εἰπεῖν,
1595 382 1645 407 οὐκ
1657 382 1690 408 ἂν
1702 383 1878 419 ὑπεσχόμην.

1089 422 1171 449 Ἀλλὰ
1184 424 1415 457 ἀναγινωσκέσθω
1427 426 1440 452 ὀ
1454 427 1517 462 ὅρος
1535 428 1728 462 κομματικῶς,
1746 429 1793 455 καὶ
1807 431 1878 465 πρὶς

1081 467 1199 495 ἕκαστον
1225 471 1322 505 κόμμα
1344 471 1392 498 τοῦ
1417 472 1481 507 ὅρου
1505 473 1521 508 ἡ
1541 474 1655 508 χρῆσις,
1670 474 1732 501 ὅθεν
1757 475 1877 511 ἐλήφθη,

1083 515 1289 549 παρατιθέσθω.

1354 562 1407 591 Ἐκ
1422 565 1477 591 τοῦ
1494 565 1597 600 Ὄρου.

1122 606 1269 642 Ἐπόμενοι
1292 609 1383 636 τοίνυν
1400 612 1457 642 τοῖς
1479 611 1567 646 ἁγίοις
1583 614 1735 649 Πατράσιν,
1753 615 1802 642 ἕνα
1822 617 1874 642 καὶ

1079 653 1125 679 τὸν
1138 653 1221 680 αὑτὸν
1235 656 1380 690 ὁμολογεῖν
1395 657 1469 692 Υἱὸν,
1485 658 1532 684 τὸν
1548 659 1654 695 Κύριον
1667 661 1745 696 ἡμῶν
1761 662 1872 697 Ἰησοῦν

1079 699 1198 734 Χριστὸν
1216 702 1373 736 συμφώνως
1390 703 1510 737 ἅπαντες
1525 706 1735 743 ἐκδιδάσκομεν.

1077 793 1243 826 Κυρίλλου,
1253 793 1287 820 ἐκ
1298 794 1355 829 τῆς
1370 795 1446 828 πρὸς
1460 796 1636 824 Σούκενσον
1651 797 1676 824 ιι¹
1689 798 1871 831 ἐπιστολῆς.

1118 838 1313 875 Ἐδιδάχθημεν
1331 841 1408 876 παρὰ
1428 842 1477 876 τῆς
1502 842 1577 874 θείας
1593 843 1704 878 Γραφῆς
1717 865 1724 876 ,
1745 843 1793 870 καὶ
1812 843 1870 870 τῶν

230 880 368 913 Patribns,
401 886 431 908 ttt
454 888 537 908 unum
567 880 663 908 Filium
694 885 722 908 et
743 880 879 908 Christum
892 881 1015 909 conﬁtea-

1081 883 1163 918 ξιγιων
1177 885 1319 921 Πατέρων,
1337 887 1385 914 ἕνα
1403 888 1467 914 Υἱὸν
1483 890 1530 915 καὶ
1545 888 1664 925 Χριστὸν
1673 890 1829 924 ὁμολογεῖν.

229 934 256 953 ιιι
260 934 301 954 ιη’.

355 971 495 1006 Ejusdem,
514 980 546 999 ea:
559 972 671 1006 epistola
692 972 727 998 ad
742 970 896 1006 Eulogium.

264 1018 319 1045 Nos
332 1019 413 1046 nttitis
428 1019 513 1050 ltisce,
528 1018 667 1046 Christum
685 1026 780 1051 unum,
792 1020 922 1054 Leutndem
936 1027 1020 1047 unum

227 1065 337 1099 Filium,
354 1073 436 1092 unum
450 1065 594 1093 Dominum
610 1064 799 1092 conﬁteantur.

520 1118 562 1146 Ea:
588 1119 701 1145 decreto.

263 1167 393 1197 Euntde
409 1167 435 1194 in
452 1165 592 1193 divinitate
604 1165 764 1201 perlectum,
779 1170 807 1193 et
819 1167 945 1194 eumdent
958 1173 1020 1202 per-

226 1213 326 1242 fectum
339 1221 365 1241 tn
377 1213 556 1241 humanitate.

382 1269 487 1305 Cyrillt',
503 1277 534 1295 ex
542 1269 654 1302 epistola
675 1269 709 1296 ad
720 1269 864 1296 Joannem.

261 1315 333 1344 ldem
367 1317 504 1352 perlectus
519 1316 546 1343 in
563 1315 714 1349 divinitate,
741 1323 773 1343 ac
791 1315 926 1351 perfectus
946 1316 1016 1344 ident

224 1365 251 1392 in
268 1363 447 1391 humanitate.

351 1420 488 1455 Ejusdem,
504 1428 536 1447 ex
561 1421 672 1456 epistola
687 1421 722 1448 ad
749 1422 891 1457 Augustas.

258 1467 393 1495 Prteterea
413 1467 435 1494 si
466 1467 517 1494 hoc
534 1475 640 1502 quoque
653 1468 729 1502 prius
745 1473 872 1503 altester,
884 1474 957 1497 recte
974 1478 1017 1497 me

223 1513 358 1541 {acturum
386 1514 514 1540 arbitror.
531 1513 767 1546 Quemadmodum
790 1516 862 1543 enim
879 1517 1016 1551 perfectus

1097 974 1153 1001 1'05
1166 974 1270 1009 αὐτοῦ,
1285 976 1320 1003 ἐκ
1335 976 1392 1011 τῆς
1407 977 1482 1011 πρὸς
1498 979 1648 1014 Εὐλόγιον
1659 979 1836 1013 ἐπιστολῆς,

1113 1019 1210 1054 Ἡμεῖς
1227 1021 1282 1056 γὰρ
1298 1021 1452 1055 ἑνώσαντες
1475 1024 1572 1056 ταῦτα,
1597 1024 1645 1051 ἕνα
1669 1026 1798 1060 Χριστὸν,
1817 1026 1868 1053 ἕνα

1073 1065 1137 1091 Υἰδν
1148 1066 1194 1093 τὸν
1205 1067 1300 1101 αὐτὸν,
1314 1068 1362 1095 ἕνα
1379 1069 1482 1105 Κύριον
1495 1071 1693 1107 ὁμολογοῦμεν.

1344 1122 1396 1150 Ἕκ
1410 1124 1463 1151 τοῦ
1482 1124 1580 1158 "Opov.

1107 1167 1217 1195 Τέλειον
1250 1169 1296 1196 τὸν
1323 1171 1407 1197 αὐτὸν
1425 1172 1454 1198 ἐν
1470 1172 1593 1206 Θεότητι,
1621 1173 1668 1200 καὶ
1696 1174 1801 1202 τέλειον
1818 1176 1867 1202 τὸν

1071 1213 1154 1240 αὑτὸν
1171 1215 1200 1242 ἐν
1219 1215 1268 1242 ἀνθ
1274 1217 1426 1252 ρωπότητι.

1107 1272 1273 1306 Κυρίλλου,
1285 1274 1319 1300 ἐκ
1335 1273 1391 1308 τῆς
1403 1275 1478 1309 πρὸς
1491 1275 1632 1311 Ἰωάννην
1646 1278 1826 1313 ἐπιστολῆς.

1106 1318 1217 1350 Τέλειος
1231 1319 1244 1345 ὁ
1257 1320 1339 1352 αὐτὸς
1363 1321 1392 1347 ὲν
1417 1321 1526 1357 Θεότητι
1539 1341 1546 1355 ,
1568 1323 1615 1349 καὶ
1631 1323 1734 1356 τέλειος
1750 1325 1764 1351 ὸ
1780 1325 1867 1357 αὐτὸς

1069 1365 1098 1391 ὲν
1118 1365 1324 1402 ὰνθρωπύτητι.

1090 1423 1146 1450 Τοῦ
1160 1424 1265 1457 αὑτοῦ,
1274 1425 1308 1452 ἐκ
1323 1426 1378 1460 τῆς
1394 1426 1470 1461 πρὲς
1482 1428 1650 1461 βασιλίδας
1662 1430 1840 1465 ἐπιστολῆς.

1106 1470 1405 1509 Προδιαμαρτύρασοαι
1444 1474 1474 1501 δὲ
1510 1475 1623 1502 κάκεῖνο
1650 1475 1727 1511 οἶμαι
1763 1478 1864 1507 καλόν.

1069 1516 1175 1553 ’Ὠσπερ
1199 1520 1253 1554 γάρ
1269 1520 1344 1546 ἐστιν
1361 1521 1389 1546 ὲν
1419 1520 1526 1557 θεότητι
1557 1522 1660 1554 τέλειος
1691 1524 1704 1548 ὁ
1730 1525 1762 1550 ἐκ
1789 1525 1864 1552 Θεοῦ

222 1565 264 1587 est
282 1560 309 1586 itt
330 1559 471 1587 divinitate
496 1560 603 1594 genitus
630 1561 674 1587 ille
683 1561 714 1587 de
727 1561 807 1589 Patre
818 1558 925 1594 Sermo,
938 1563 977 1589 sic
989 1569 1014 1590 et

1081 1562 1175 1597 ἰατρὸς
1205 1563 1302 1598 Λόγος,
1322 1565 1395 1593 οὕτω
1423 1567 1470 1593 καὶ
1491 1568 1519 1593 ὲν
1545 1568 1739 1605 ἀνθρωπότητι
1755 1571 1864 1603 τέλειος

222 1606 249 1633 in
261 1606 428 1633 humanitate
440 1606 575 1641 perlectus
593 1610 655 1638 est,
685 1607 833 1635 secundum
860 1608 945 1642 ipsius
965 1609 1015 1636 hu-

221 1652 360 1680 manitatis
392 1653 614 1680 ratiottem:nec
642 1660 741 1686 expers
785 1654 883 1681 animae
916 1661 1014 1689 corpus

221 1697 380 1731 assumpsit,
395 1698 442 1724 sed
456 1698 604 1724 attimatutn
620 1698 710 1732 potius
722 1705 770 1732 per
792 1699 912 1726 attitnam
928 1699 1014 1726 ratio-

221 1744 264 1772 nis
278 1743 449 1779 participem.

534 1791 577 1820 Ea:
591 1794 706 1821 decreto.

256 1835 325 1864 Vere
337 1836 432 1870 Deum,
448 1841 475 1865 et
488 1840 613 1866 eumdem
630 1847 691 1867 vere
709 1839 857 1870 hominem,
875 1846 907 1865 ex
929 1839 1013 1873 parti-

219 1881 404 1917 cipe;rationis
414 1883 504 1912 anima
516 1893 684 1920 corporeqtte
695 1890 879 1913 constantem:
891 1884 1012 1920 ejusdem

220 1935 282 1955 cunt
311 1928 391 1956 Patre
415 1930 585 1963 substantim,
608 1931 758 1959 secundum
783 1930 965 1962 divinitatem,
986 1935 1014 1957 et

218 1974 343 2001 eumdem
364 1975 504 2002 nobiscum
529 1976 649 2010 ejusdem
673 1976 842 2008 substantiae,
864 1976 1011 2003 secundum

218 2019 429 2053 ltntttanitatein,
458 2022 575 2048 similem
600 2022 679 2049 nobis
704 2029 752 2056 per
774 2021 877 2054 omnia,
897 2026 1012 2055 excepto

219 2070 348 2098 peccato;
379 2072 443 2094 ante
473 2068 571 2095 satcula
598 2067 707 2103 quidem
730 2075 762 2095 ex
783 2067 861 2095 Patre
880 2067 1010 2102 genitum,

218 2112 307 2144 quoad
337 2112 524 2148 divinitatem;
547 2114 676 2142 extremis
701 2121 766 2141 vero
778 2113 874 2141 diebus
887 2113 1010 2140 eumdem

218 2162 327 2192 propter
349 2167 399 2187 nos
421 2165 448 2187 et
470 2160 584 2188 salutem
608 2165 728 2188 nostram
759 2164 862 2193 natum,
878 2167 910 2187 et
927 2158 1010 2187 Maria

217 2198 329 2237 Virgine
345 2202 468 2238 Deipara,
483 2205 633 2233 secundum
648 2205 855 2233 humanitatem.

371 2260 476 2296 Cyrilli,
494 2271 526 2290 ex
540 2263 651 2297 epistola
666 2263 699 2290 ad
712 2262 853 2291 Joannem.

254 2305 337 2333 Deum
350 2307 544 2343 perfectum,et
555 2311 703 2345 perfectum
712 2311 859 2343 hominem,
872 2317 904 2338 ex
920 2310 1009 2337 anima

217 2352 349 2387 participe
364 2354 476 2383 rationis
492 2360 519 2383 et
535 2363 649 2392 corpore
668 2361 836 2384 constantem
855 2367 863 2386 :
878 2363 940 2384 ante
960 2364 1010 2384 sre—

218 2397 277 2425 cnla
295 2399 403 2433 quidem
422 2409 453 2427 ex
469 2400 550 2429 Patre
566 2403 696 2437 genitum,
712 2403 800 2437 quoad
812 2403 980 2430 divinitatem
1000 2413 1007 2432 :

216 2446 346 2472 extremis
356 2454 419 2474 vero
429 2448 521 2475 diebus
534 2449 657 2476 enntdetn
671 2453 779 2482 propter
791 2456 839 2476 nos
852 2454 878 2476 et
893 2449 1007 2476 salutem

217 2496 338 2518 nostram
363 2498 455 2520 natum
470 2501 502 2520 ex
518 2493 600 2520 Maria
619 2494 736 2530 Virgine,
751 2495 899 2521 secundum
912 2495 1008 2521 huma-

217 2537 328 2565 nitatettt
348 2547 355 2564 :
370 2539 488 2573 ejusdent
512 2548 572 2568 cum
591 2540 671 2567 Patre
685 2541 843 2568 substantia:
858 2541 1006 2568 secundum

216 2583 399 2618 divinitatem;
413 2591 440 2612 et
451 2587 574 2613 eumdem
591 2586 733 2614 nobiscum
745 2586 865 2622 cjusdetn
878 2588 1006 2615 substan-

216 2630 270 2663 tia',
289 2631 437 2658 secundum
457 2632 682 2660 humanitaletun

523 2692 564 2719 Ea;
583 2693 697 2721 decreto.

250 2735 338 2763 Unum
352 2741 379 2764 et
396 2738 520 2766 eutudeut
545 2740 696 2772 Cluistutn,
713 2740 821 2772 Filium,
850 2740 1002 2772 Dominum,

215 2777 411 2814 Uttigcttitutn,
437 2783 484 2818 qui
508 2783 613 2811 duabus
636 2785 661 2811 in
679 2787 783 2812 naturis
809 2785 876 2813 citra
905 2786 1003 2814 couin-

213 2825 334 2858 siottetn,
358 2829 551 2862 mutationem,
582 2830 761 2864 divisionem,
791 2832 1001 2866 separationetn,

212 2873 380 2906 agnoscitur.

1069 1607 1140 1634 κατά
1158 1616 1190 1642 γε
1212 1609 1258 1636 τὸν
1274 1609 1323 1644 τῆς
1343 1611 1552 1648 ἀνθρωπὸτητος
1568 1613 1666 1648 λόγον·
1685 1616 1735 1642 οὐκ
1754 1616 1864 1651 ἄψυχον

1068 1653 1147 1688 σῶμα
1164 1654 1483 1693 λαϐὼν,ὲνεψυχωμὲνον
1496 1659 1523 1685 δὲ
1539 1660 1640 1693 μᾶλλον
1657 1661 1753 1697 λογικῇ
1765 1662 1855 1700 ψυχῇ.

1347 1790 1398 1817 Ἐκ
1414 1792 1467 1818 τοῦ
1482 1791 1586 1824 Ὤρου.

1101 1833 1167 1860 Θεὶν
1186 1834 1306 1870 ἀληθῶς,
1325 1838 1372 1864 καὶ
1398 1838 1544 1874 ἄνθρωπον
1566 1840 1675 1875 ἀληθῶς
1699 1841 1745 1867 τὺν
1760 1841 1859 1876 αὑτὸν,

1063 1879 1096 1906 ὲκ
1113 1879 1202 1916 ψυχῆς
1217 1881 1332 1917 λογικῆς
1347 1883 1394 1909 καὶ
1409 1883 1537 1918 σώματος
1549 1893 1557 1900 ·
1574 1885 1717 1920 ὁμοούσιον
1731 1887 1770 1921 τῷ
1797 1887 1861 1914 Πα-

1062 1926 1108 1960 ιιτρὶ⁸
1122 1927 1193 1953 κατὰ
1206 1927 1255 1962 τὴν
1268 1927 1394 1965 θεότητα,
1407 1930 1454 1957 καὶ
1464 1931 1610 1965 ὀμοούσιον
1623 1925 1693 1967 ἡμῖν
1701 1932 1748 1958 τὸν
1759 1933 1858 1966 αὑτὸν,

1063 1973 1135 2000 κατὰ
1145 1973 1194 2008 τὴν
1203 1975 1414 2011 ἁνθρωπότητα,
1426 1978 1510 2012 χωρὶς
1524 1978 1673 2014 ἁμαρτίας·
1686 1979 1737 2013 πρὸ
1747 1980 1859 2007 αἰώνων

1064 2020 1114 2055 μὲν
1129 2021 1161 2047 ἐκ
1181 2020 1228 2047 τοῦ
1246 2021 1352 2057 [ἰατρὸς
1380 2023 1545 2059 γεννηθέντα
1568 2025 1640 2051 κατὰ
1657 2026 1707 2060 τὴν
1725 2026 1858 2062 Θεότητα,

1062 2067 1106 2092 ἐπ’
1118 2067 1239 2102 ἐσχάτων
1252 2067 1279 2094 δὲ
1295 2068 1349 2095 τῶν
1361 2070 1472 2105 ήμερῶν
1488 2070 1534 2098 τὸν
1549 2071 1632 2098 αὐτὸν
1649 2072 1684 2099 δι’
1705 2074 1789 2108 ἡμᾶς,
1806 2076 1860 2100 καὶ

1061 2113 1105 2140 διὰ
1120 2113 1168 2149 τὴν
1186 2115 1324 2150 ἡμετέραν
1341 2116 1490 2151 σωτηρίαν,
1511 2117 1544 2144 ὲκ
1560 2117 1670 2153 Μαρίας
1683 2119 1732 2153 τῆς
1748 2120 1859 2155 Παρθέ-

1061 2168 1107 2186 νου
1120 2160 1170 2195 τῆς
1186 2160 1330 2195 Θεοτόκου,
1345 2164 1415 2189 κατὰ
1429 2163 1480 2198 τὴν
1494 2163 1706 2199 ἀνθρωπότητα.

1062 2261 1226 2296 Κυρίλλου,
1253 2263 1287 2290 ἐκ
1317 2264 1373 2298 τῆς
1402 2265 1476 2299 πρὸς
1498 2265 1644 2300 Ἰωάννην
1672 2266 1855 2302 ὲπιστελῆς.

1098 2309 1165 2336 Θεὸν
1182 2309 1285 2337 τέλειον
1306 2312 1354 2337 καὶ
1370 2311 1515 2348 ἄνθρωπον
1530 2313 1646 2346 τέλειον,
1659 2315 1691 2341 ἐκ
1702 2314 1794 2349 ψυχῆς
1808 2315 1857 2342 λο-

1061 2355 1142 2389 γικῆς
1158 2355 1205 2381 καὶ
1218 2355 1345 2390 σώματος
1355 2365 1362 2372 ·
1382 2357 1436 2392 πρὸ
1452 2357 1560 2385 αἰώνων
1575 2359 1625 2394 μὲν
1635 2359 1668 2385 ὲκ
1678 2359 1725 2386 τοῦ
1743 2361 1856 2395 Πατρὺς

1060 2401 1237 2435 γεννηθέντα,
1250 2402 1321 2428 κατὰ
1335 2403 1385 2439 τὴν
1402 2404 1529 2440 θεότητα,
1547 2406 1590 2432 ἐπ’
1606 2406 1731 2441 ἐσχάτων
1746 2407 1774 2433 δὲ
1795 2409 1856 2436 τῶν

1059 2447 1172 2482 ἡμερῶν
1188 2448 1235 2474 τὸν
1249 2449 1331 2475 αὑτὸν
1348 2449 1383 2476 δι’
1399 2450 1483 2485 ἡμᾶς,
1509 2451 1557 2478 καὶ
1572 2451 1615 2479 διὰ
1640 2454 1690 2487 τὴν
1709 2454 1854 2489 ἡμετέραν

1060 2493 1206 2529 σωτηρίαν,
1221 2495 1253 2521 ὲκ
1265 2495 1375 2530 Μαρίας
1387 2497 1435 2531 τῆς
1447 2497 1587 2532 Παρθένου
1598 2499 1669 2525 κατὰ
1681 2500 1730 2534 τὴν
1742 2500 1855 2535 ἀνθρω-

1059 2537 1164 2574 πότητα
1178 2549 1184 2555 ·
1207 2540 1350 2575 ὁμοοὺσιον
1376 2542 1416 2578 τῷ
1441 2543 1530 2579 Πατρὶ
1559 2545 1631 2571 κατὰ
1646 2545 1695 2580 τὴν
1719 2545 1852 2581 Geo-vnn,

1058 2585 1106 2611 καὶ
1128 2586 1271 2621 ὀμοούσιον
1289 2589 1355 2623 ἡμῖν
1377 2589 1423 2616 τὸν
1437 2590 1531 2624 αὐτὸν,
1548 2592 1622 2618 κατὰ
1642 2592 1692 2628 τὴν
1705 2593 1853 2629 ἀνθρωπό-

1057 2640 1136 2667 τητα.

1327 2695 1377 2722 Ἐκ
1392 2696 1445 2723 τοῦ
1460 2696 1562 2732 "Opov.

1092 2738 1158 2765 Ἕνα
1175 2740 1280 2766 καὶτὸν
1296 2741 1377 2768 αὐτὸν
1392 2742 1521 2777 Χριστὸν,
1542 2743 1617 2777 Υιδν,
1633 2744 1747 2780 Κύριον,
1762 2746 1856 2774 Μονο-

1055 2786 1134 2820 γενῆ,
1148 2787 1177 2812 ἐν
1190 2786 1236 2813 δύο
1255 2788 1370 2822 φύσεσιν
1385 2790 1561 2825 ἁσυγχύτως,
1586 2792 1740 2828 ἀτρέπτως,
1761 2793 1856 2822 ἀδιαι·

1055 2833 1151 2868 ρέτως,
1169 2835 1330 2870 ἁχωρέστως
1347 2836 1562 2873 γν‹ι›ριζὸμενον.
