1942 3081
196 125 250 157 203

905 124 1121 155 ΤΠΕΟΒῘΛΝῙ

1771 119 1827 152 204

195 185 243 212 sed
260 191 341 211 unum
359 188 382 211 et
397 183 521 211 eumdem
539 183 634 210 Filium
647 183 804 217 nnigcnam,
822 183 904 212 Deum
919 183 982 210 Ser-

1051 191 1090 215 ov,
1107 181 1164 209 ἀλλ’
1179 182 1225 209 ἕνα
1236 182 1283 209 καὶ
1295 182 1340 209 τὸν
1353 181 1434 209 αὐτὸν
1451 182 1515 209 Υἱὶν
1533 180 1676 217 μονογενῆ.
1693 180 1759 208 Θεὸν
1773 182 1827 208 Λό-

195 237 314 262 moueut,
331 229 473 256 Demittunt
493 228 583 256 Jesum
597 229 745 256 Christum.

321 275 427 310 Cyrilti,
447 283 480 302 ea:
501 276 612 309 epistola
635 276 670 302 ad
687 275 852 304 Successum.

165 354 173 357 ί
233 321 292 349 Non
313 323 339 348 in
358 321 425 349 duas
448 329 577 356 personas
598 326 625 349 et
645 321 714 350 ﬁlios
731 322 897 358 disrerpetur
913 331 918 349 :
935 322 981 350 sed

194 369 294 397 mansit
307 376 376 396 unus
390 373 417 396 et
431 367 502 395 idem
520 368 648 396 Dominus
662 368 741 396 Jesus
751 369 886 398 Christus.

501 460 544 486 Em
560 459 674 486 decreto.

230 507 308 534 Sicut
332 505 395 533 olim
420 510 495 532 vates
522 505 554 532 de
576 505 644 539 ipso,
661 509 687 532 et
704 505 762 539 ipse
785 513 833 532 nos
853 505 984 534 Dominus

195 551 274 580 Jcsus
287 551 414 579 Christus
430 551 538 583 erudiit,
562 555 588 578 et
609 550 759 586 symbolum
785 551 848 578 illud
874 552 982 579 Patrum

196 603 351 627 nostrorum
370 598 491 625 tradidit.

317 645 421 680 Cyrilli,
444 652 476 671 ex
499 644 611 679 epistola
633 644 666 671 ad
691 643 856 672 Nestorium.

231 690 276 719 Sic
290 695 399 718 sanctos
413 691 532 718 sensisse
549 689 644 719 Patres
662 691 840 718 inveniemus.

503 780 545 807 Ex
567 781 681 809 decreto.

231 828 280 856 llis
297 835 360 864 ergo
375 835 436 855 cum
455 827 529 856 omni
545 828 664 863 undique
679 828 851 856 accuratione
871 828 984 864 diligen-

197 875 288 910 tiaque
312 882 326 901 a
348 874 426 901 nobis
450 873 572 907 sancitis,
605 874 727 901 decrevit
754 881 833 901 sacra
855 876 986 910 synodus,
1005 861 1025 890 Β

195 922 294 950 nomini
311 921 352 950 fas
364 929 434 955 esse,
455 921 534 948 tidem
552 921 632 949 aliam
653 920 786 957 proferre,
803 921 844 949 vel
869 922 895 950 in
913 923 988 952 litte-

194 976 239 997 ras
253 968 355 996 referre
370 977 376 995 :
393 973 420 995 et
435 972 545 995 caetera.
857 971 861 976 '

362 1012 468 1048 Cyrilli,
494 1021 526 1040 ea:
548 1011 683 1047 Ep/iesina
703 1017 815 1049 synodo.

232 1058 278 1086 His
292 1067 356 1094 ergo
367 1058 500 1092 recitatis,
520 1058 641 1086 decrevit
654 1067 731 1087 saera
749 1062 868 1096 synodus
886 1061 987 1090 nemiui

195 1105 237 1134 fas
252 1113 322 1139 esse,
339 1105 419 1133 ﬁdem
431 1105 512 1132 aliam
530 1104 671 1140 proferre:
690 1111 718 1134 et
736 1111 845 1135 cartera.

231 1193 358 1222 TllEOR.
389 1193 487 1225 Vides.
522 1194 696 1222 sanctissime
721 1194 848 1229 domine,
881 1202 985 1224 sacram

195 1241 265 1268 hanc
275 1240 407 1275 synodum
417 1239 591 1267 Chalcedone
604 1239 725 1267 habitam
755 1248 770 1267 a
785 1245 859 1269 recta
874 1240 985 1269 Patrum

194 1287 328 1315 sententia
353 1293 386 1313 ne
407 1285 517 1320 paulum
541 1285 650 1320 quidem
673 1286 843 1314 recessisse:
862 1287 909 1315 sed
927 1287 986 1322 ipsa

196 1334 275 1361 verba
295 1340 356 1360 cum
372 1337 461 1360 meme
476 1332 622 1359 verborum
639 1333 806 1360 retinuisse?

229 1378 309 1406 GEN.
338 1378 468 1413 Equidem
495 1377 522 1405 in
551 1377 603 1405 hoc
626 1377 734 1406 decreto
765 1379 833 1406 nihil
863 1379 984 1414 invenio,

195 1425 267 1460 quod
293 1425 450 1453 orthodoxae
479 1424 541 1451 ﬁdei
562 1424 744 1452 adversetur:
763 1426 887 1461 adeoque
902 1427 987 1454 miror

197 1471 242 1506 qui
260 1470 361 1498 factum
376 1470 412 1497 sit
426 1475 456 1496 ut
472 1470 558 1497 nostri
572 1469 689 1503 majores
706 1470 877 1506 impudenter
900 1474 933 1500 ad
959 1474 984 1500 id

196 1516 415 1546 calumniandum
439 1516 676 1551 progrederemur.

233 1562 361 1591 THEOR.
381 1563 571 1597 Apponamus.
599 1563 621 1589 si
639 1561 737 1597 placet,
763 1571 856 1592 eorum
879 1572 986 1599 quoque

196 1610 307 1638 Patrum
333 1608 530 1641 auctoritates,
551 1608 597 1643 qui
629 1610 726 1642 partim
753 1615 816 1637 ante
841 1610 984 1645 Cyrillum,

195 1656 292 1691 partim
320 1657 380 1689 post
400 1661 461 1680 eum
482 1653 601 1681 illustres
632 1655 815 1687 exstiterunt,
843 1661 897 1682 tam
924 1664 985 1683 ver-

197 1703 237 1730 bis
257 1708 338 1737 quam
354 1699 499 1727 sententiis
522 1705 624 1728 sanctae
642 1700 858 1729 Chalcedonensi
881 1703 985 1737 synodo

195 1748 402 1783 respOndentes.

231 1793 309 1826 GEN,
345 1792 375 1820 Id
400 1799 466 1819 vero
487 1798 719 1827 supervacaneum
747 1791 851 1826 fuerit;
884 1794 984 1829 quippe

195 1840 288 1876 Cyrilli
312 1846 395 1874 supra
423 1838 542 1866 recitatae
569 1838 746 1865 auctoritates
771 1838 918 1867 sumciuut.

229 1939 358 1970 THEOB.
389 1939 534 1967 Videamus
559 1945 645 1973 ergo,
668 1938 690 1966 si
727 1939 837 1974 placet,
863 1945 930 1975 quot
957 1946 984 1968 et

195 1986 320 2021 qualibus
349 1984 433 2013 sectis
462 1983 580 2011 divinum
609 1983 660 2011 hoc
680 1983 819 2012 decretum
843 1992 905 2013 sese
927 1986 984 2014 ob—

193 2033 281 2069 jiciat.
945 2063 950 2068 ί

190 2108 191 2120 γ
230 2077 312 2106 GEN.
337 2077 365 2104 ld
397 2082 461 2104 vero
492 2075 654 2110 praeclarum
685 2075 767 2103 fuerit
804 2076 923 2111 intueri};
950 2084 983 2105 ne

196 2124 259 2159 quid
280 2129 373 2150 eorum
395 2121 473 2149 nobis
496 2120 575 2153 desit,
593 2127 653 2155 quae
673 2120 798 2156 deinceps
813 2121 872 2156 ejus
898 2122 982 2151 stabi-

194 2170 277 2198 liendi
293 2175 374 2197 causa
390 2167 504 2203 proferri
524 2167 634 2195 debent.
700 2179 718 2196 ο

509 2214 550 2242 Ex
570 2215 684 2242 decreto.

233 2262 319 2289 Unum
349 2266 376 2289 et
405 2261 529 2289 eumdem
566 2259 673 2294 Filium,
691 2261 832 2289 Dominum
854 2262 980 2290 'nostrum

193 2308 284 2336 Jesum
317 2308 467 2339 Christum.
493 2313 551 2334 esse
571 2306 752 2335 conlitendnm
776 2309 895 2335 universi
918 2316 981 2336 con-

193 2363 258 2382 sona
275 2362 340 2381 voce
356 2354 493 2381 ducemus.

229 2400 357 2428 THEOR.
385 2399 412 2426 lu
431 2400 474 2427 bis
499 2400 607 2427 obturat
635 2407 665 2427 os
690 2399 775 2426 Paulo
804 2400 981 2428 Samosateno

191 2453 220 2475 et
235 2446 371 2478 Nestorio,
390 2446 434 2480 qui
458 2445 594 2473 hominem
623 2446 789 2479 adorabant,
813 2451 840 2474 et
864 2447 891 2474 in
912 2447 980 2474 duos

193 2492 263 2520 ﬁlios
296 2492 355 2520 ausi
388 2495 451 2519 sunt
478 2499 540 2518 eum
571 2491 703 2524 dividere,
735 2492 879 2528 aliumque
908 2492 980 2520 dice-

193 2545 223 2566 re
255 2537 353 2565 Filium
384 2542 480 2564 natura
511 2536 690 2569 Sermonem.
717 2542 745 2565 et
774 2538 856 2565 alium
887 2546 981 2565 rursus

194 2583 292 2610 Filium
315 2590 364 2617 per
380 2582 494 2617 gratiam
514 2581 653 2608 Christum
681 2581 783 2616 Jestuu,
810 2582 855 2616 qui
883 2590 980 2609 nomen

194 2628 255 2656 Filii
277 2635 325 2663 per
340 2628 465 2654 unionem
487 2631 514 2654 et
529 2627 746 2662 conjunctionem
772 2635 834 2654 cum
863 2628 980 2655 naturali

193 2674 262 2702 Filio
279 2675 314 2701 sit
330 2674 461 2708 adeptus:
479 2673 525 2707 qui
557 2673 674 2708 denique
700 2682 753 2700 non
782 2673 982 2700 conﬁtebantur

194 2727 275 2747 unum
290 2724 318 2746 et
333 2718 458 2745 eumdem
476 2717 583 2750 Filium,
599 2718 690 2745 carnis
712 2718 822 2752 quidem
842 2723 980 2752 erpcrtem

195 2769 259 2791 ante
273 2763 433 2803 descensum
456 2768 482 2790 et
505 2763 623 2790 hominis
645 2764 876 2798 assumptionem:
893 2765 981 2791 iurar-

195 2816 286 2836 uatum
302 2817 365 2836 vero
388 2808 515 2836 eumdem
539 2813 600 2843 post
625 2809 784 2836 descensum
809 2814 836 2837 et
864 2810 980 2838 hominis

196 2856 407 2890 assunxptioncm
427 2855 512 2882 neSIri
534 2862 614 2882 causa
631 2854 738 2882 factam.

1036 238 1096 264 γον,
1113 229 1161 255 καὶ
1175 229 1277 265 Κύριον
1294 228 1397 264 Ἰησοῦν
1408 229 1537 264 Χριστόν.

1036 274 1199 309 Κῳίλλου,
1216 274 1250 300 ἐκ
1267 273 1323 308 τῆς
1347 275 1422 309 πρὸς
1445 274 1620 300 Σούκενσον
1645 273 1826 308 ἐπιστολῆς.

1073 320 1127 347 Καὶ
1141 321 1190 347 οὐκ
1204 321 1244 352 εἰς
1256 319 1303 346 δύο
1316 320 1512 356 μερισθήσεται
1529 320 1664 354 πρόσωπα
1675 319 1723 346 καὶ
1738 320 1826 352 υἱοὺς,

1037 367 1105 394 ἀλλὰ
1121 367 1279 404 μεμένηκεν
1291 364 1332 399 εἷς
1345 367 1394 394 καὶ
1405 367 1419 393 ὁ
1434 367 1514 398 αὐτὸς
1530 366 1633 402 Κύριος
1641 366 1744 402 Ἰησοῦς
1755 366 1826 401 Χρι-

1039 413 1109 444 στός.

1325 458 1373 485 Ἐκ
1387 458 1441 485 τοῦ
1452 458 1536 491 ὅρου.

1075 505 1210 541 Καθάπερ
1234 505 1338 532 ἀνωθεν
1365 506 1390 531 oi
1417 504 1557 540 προφῆται
1584 505 1649 540 ’περὶ⁵
1666 504 1761 537 αὑτοῦ,
1777 505 1827 531 καὶ

1037 552 1120 584 αὐτὸς
1139 553 1213 588 ἡμᾶς
1229 552 1417 585 ὲξεπαίδευσε,
1432 551 1479 578 καὶ
1496 551 1527 578 τὸ
1541 551 1595 578 τῶν
1605 551 1734 588 Πατέρων
1747 552 1828 587 ἡμῶν

1038 599 1213 636 παραδέδωκε
1227 599 1372 634 σύμϐολον.

1073 646 1238 680 Κυρίλλου,
1253 646 1288 673 ἐκ
1309 645 1365 680 τῆς
1381 645 1456 680 πρὸς
1466 646 1632 681 Νεστόριον
1644 645 1826 680 ἐπιστολῆς.

1073 691 1168 724 Οὕτως
1181 691 1335 727 εὑρήσομεν
1349 692 1413 722 τοὺς
1430 691 1526 727 ἁγίους
1544 694 1752 728 πεφρονηκότες
1770 692 1829 718 Πα-

1037 736 1130 772 τέρας.

1328 782 1379 811 Ἐκ
1393 785 1446 812 τοῦ
1463 784 1544 819 ὅρου.

1074 829 1184 857 Τούτων
1203 829 1294 857 τοίνυν
1306 831 1376 865 μετὰ
1393 831 1484 866 πάσης
1497 830 1667 866 πανταχόθεν
1682 830 1827 866 ἀκριϐείας

1038 884 1069 902 τε
1085 877 1132 903 καὶ
1149 875 1299 912 ἐμμελείας
1321 877 1388 912 παρ’
1407 877 1485 912 ἡμῶν
1502 876 1739 908 διατυπωθέντων,
1757 877 1828 912 ὥριιι

1040 931 1086 949 σιν
1107 923 1129 958 ,ὴ
1147 922 1212 957 ἁγία
1227 922 1349 955 σύνοδος,
1375 923 1473 959 ἑτέραν
1489 923 1582 950 πίστιν
1606 922 1705 958 μηδενὶ
1723 923 1828 956 ἐξεῖναι

1038 968 1199 1004 προφέρειν,
1215 969 1232 1005 ἢ
1248 969 1421 1005 συγγράφειν
1431 977 1438 984 ”
1451 970 1499 996 καὶ
1514 969 1547 996 τὰ
1559 969 1651 998 λοιπά.

1090 1015 1254 1049 Κυρίλλου,
1269 1015 1304 1042 ἐκ
1319 1016 1375 1049 τῆς
1389 1016 1452 1043 κατ’
1469 1016 1603 1050 Ἔφεσον
1616 1016 1761 1044 συνόδου.

1073 1060 1185 1088 Τούτων
1205 1061 1297 1088 τοίνυν
1321 1061 1562 1097 ἀναγνωσθέντων,
1589 1062 1688 1098 ὥρισεν
1714 1063 1731 1097 ὴ
1761 1062 1830 1096 ἁγία

1039 1106 1159 1140 σύνοδος,
1179 1107 1276 1143 ἑτέραν
1291 1107 1388 1135 πίστιν
1409 1108 1505 1144 μηδενὶ
1526 1108 1627 1141 ἐξεῖναι
1656 1109 1806 1144 προφέρειν
1819 1117 1827 1123 ·

1037 1153 1085 1180 καὶ
1097 1154 1132 1181 τὰ
1147 1153 1240 1181 λοιπά.

1079 1200 1110 1227 '0
1126 1200 1222 1228 ΘΕΩΡ.
1244 1200 1336 1237 Ὁρᾷς,
1351 1201 1486 1236 ἁγιώτατε
1499 1200 1627 1235 δέσποτα,
1645 1201 1686 1228 ὃτι
1700 1200 1760 1228 οὐδὲ
1776 1201 1830 1228 κᾶν

1039 1247 1137 1283 μικρὸν
1154 1248 1289 1283 ἐκϐέϐηκε
1312 1248 1362 1283 τῆς
1385 1248 1469 1284 ὀρθῆς
1498 1248 1552 1275 τῶν
1567 1248 1699 1284 Πατέρων
1714 1248 1795 1284 δόξης
1808 1250 1826 1283 ἡ

1037 1293 1066 1319 ὲν
1078 1292 1231 1329 Χαλκηδόνι
1243 1293 1309 1328 ἁγία
1322 1293 1431 1327 σύνοδος
1447 1295 1593 1330 γενομένη,
1606 1295 1674 1322 ἀλλὰ
1694 1295 1764 1330 μετὰ
1777 1296 1828 1330 τῆς

1037 1337 1157 1369 διανοίας
1173 1338 1221 1364 καὶ
1235 1337 1305 1365 αὐτὰ
1320 1338 1354 1365 τὰ
1369 1339 1479 1374 ῥήματα
1497 1339 1650 1373 ὲῳύλαξεν;

1080 1382 1108 1410 '0
1127 1382 1208 1409 ΚΑΘ.
1233 1382 1303 1417 Ἐγὼ
1317 1382 1391 1409 οὐδὲν
1407 1382 1526 1409 ἐναντίον
1540 1384 1572 1419 τῇ
1589 1383 1722 1419 ὀρθοδόξῳ
1734 1382 1830 1410 πίστει

1037 1429 1157 1464 εὑρίσκω
1182 1429 1211 1456 ἐν
1235 1429 1322 1464 τούτῳ
1347 1429 1386 1465 τῷ
1402 1429 1475 1465 ὃρῳ’
1495 1429 1543 1456 καὶ
1567 1429 1710 1464 Θαυμάζω,
1726 1430 1785 1462 πῶς
1799 1430 1829 1456 οἱ

1037 1475 1090 1510 πρὸ
1107 1475 1185 1510 ἡμῶν
1202 1475 1317 1507 ἀναιδῶς
1331 1476 1372 1508 είς
1391 1475 1574 1511 συκοφαντίαν
1599 1476 1743 1512 ἐχώρησαν
1764 1475 1830 1503 κατ’

1037 1521 1133 1549 αὑτοῦ.

1079 1568 1109 1595 '0
1125 1568 1223 1595 ΘΕΩΡ.
1239 1568 1422 1604 Παραθῶμεν,
1443 1570 1466 1596 εί
1480 1570 1563 1602 δοκεῖ,
1581 1570 1628 1597 καὶ
1643 1569 1696 1597 τῶν
1711 1570 1763 1605 πρὸ
1777 1569 1826 1597 τοῦ

1037 1615 1115 1648 ἁγίου
1135 1614 1281 1651 Κυρίλλου,
1295 1617 1341 1643 καὶ¹
1357 1617 1411 1643 τῶν
1436 1617 1496 1652 μετ’
1511 1617 1594 1644 αὑτὸν
1615 1617 1827 1653 διαλαμψάντων

1037 1662 1123 1695 ἁγίων
1140 1662 1269 1698 Πατέρων
1283 1663 1405 1698 χρήσεις,
1420 1664 1514 1695 αὑταῖς
1529 1664 1618 1697 λέξεσι
1642 1663 1689 1690 καὶ
1705 1664 1826 1699 νοήμασι

1035 1709 1068 1743 τῇ
1084 1708 1112 1735 ὲν
1126 1708 1280 1745 Χαλκηδόνι
1297 1709 1363 1745 ἁγίᾳ
1379 1710 1481 1745 συνόδῳ
1499 1709 1670 1745 στοιχούσιις.

1077 1797 1106 1824 '0
1135 1797 1216 1825 ΚΑΘ.
1237 1798 1368 1834 Περιττόν
1387 1799 1444 1825 ἐστι
1456 1798 1554 1826 τοῦτο’
1575 1799 1691 1834 ἀρκοῦσι
1714 1799 1769 1833 γὰρ
1794 1800 1825 1827 αἱ

1035 1842 1082 1870 τοῦ
1099 1843 1178 1876 ἁγίου
1191 1844 1326 1880 Κυρίλλου
1345 1845 1520 1880 προτεθεῖσαι
1536 1847 1659 1881 χρήσεις.

1077 1933 1106 1961 '0
1126 1934 1225 1962 ΘΕΩΡ.
1244 1935 1360 1971 Ἰδωμεν
1381 1936 1485 1969 λοιπον,
1508 1937 1533 1963 εί
1553 1936 1636 1969 δοκεῖ,
1663 1936 1761 1968 πόσαις
1775 1936 1826 1963 καὶ

1034 1981 1106 2013 οἵαις
1131 1981 1269 2016 αἱρέσεσιν
1292 1983 1306 2008 ὸ
1326 1982 1397 2014 θεῖος
1423 1980 1501 2015 οὗτος
1527 1983 1591 2019 ὄρος
1617 1984 1825 2019 ἀντιπαρατατ-

1034 2034 1120 2054 τεται.

1076 2072 1105 2099 '0
1121 2073 1200 2100 ΚΑΘ.
1222 2073 1312 2100 Καλόν
1328 2074 1386 2101 ἐστι
1407 2074 1486 2101 τοῦτο
1504 2074 1579 2107 ίδεϊν,
1597 2075 1640 2101 ἵνα
1658 2075 1742 2110 μηδὲν
1755 2076 1825 2111 ήμῖν

1034 2119 1146 2156 ἐλλείπῃ
1156 2121 1195 2152 εἰς
1211 2119 1341 2148 σύστασιν
1361 2121 1444 2148 αὐτοῦ
1468 2121 1596 2157 λεχθῆναι
1616 2121 1778 2154 ὀφειλόντων
1793 2124 1824 2155 ὲς

1035 2165 1159 2201 ὕστερον.

1328 2211 1379 2239 Ἐκ
1392 2211 1445 2238 τοῦ
1463 2211 1543 2246 ὅρου.

1070 2258 1138 2285 Ἕνα
1162 2258 1207 2284 καὶ
1233 2258 1280 2284 τὸν
1302 2259 1383 2284 αὐτὸν
1406 2258 1547 2293 ὁμολογεῖν
1574 2258 1638 2286 Υίδν
1657 2259 1704 2286 τὸν
1719 2260 1824 2296 Κύριον

1033 2303 1111 2339 ήμῶν
1139 2303 1244 2338 Ἰησοῦν
1269 2305 1386 2340 Χριστὸν
1403 2304 1556 2338 συμφώνως
1577 2306 1697 2337 ἅπαντες
1712 2306 1823 2334 ἐκδιδά-

1033 2358 1144 2384 σκομεν.

1073 2395 1102 2422 ὐ
1124 2395 1221 2422 ΘΕΩΡ.
1243 2396 1286 2422 Ἐν
1309 2396 1412 2427 τούτοις
1441 2396 1486 2422 τὸν
1518 2397 1681 2432 Σαμοσατέα
1704 2397 1823 2432 Παῦλον,

1033 2441 1080 2468 καὶ
1103 2441 1259 2477 Νεστόριον,
1287 2442 1350 2472 τοὺς
1376 2442 1609 2478 ἀνθρωπολάτρας
1636 2444 1821 2479 ἐπιστομίζει,

1032 2487 1095 2519 τοὺς
1107 2488 1146 2520 ε’ίς
1162 2488 1227 2514 υίῶν
1238 2487 1321 2514 δυάδα
1337 2488 1495 2523 τολμῶντας
1515 2489 1597 2515 αὐτὸν
1622 2489 1737 2526 διαιρεῖν
1748 2498 1754 2506 ·
1772 2494 1824 2520 καὶ

1032 2534 1111 2561 ἄλλον
1129 2533 1178 2569 μὲν
1191 2533 1321 2568 λέγοντας
1335 2534 1399 2562 Υἱὺν
1415 2534 1494 2569 φύσει
1516 2534 1562 2562 τὸν
1580 2536 1680 2571 Λόγον,
1697 2537 1777 2564 ἄλλον
1792 2539 1823 2566 δὲ

1033 2581 1116 2608 πάλιν
1134 2581 1198 2608 Υίὶν
1209 2583 1314 2617 ξχὰριτι
1329 2582 1376 2608 τὸν
1400 2583 1516 2616 Χριστὸν
1534 2583 1647 2617 Ἰησοῦν,
1662 2585 1758 2611 ὲνώσει
1773 2585 1822 2612 καὶ

1033 2628 1166 2663 συναφείᾳ
1183 2629 1216 2664 τῇ
1235 2629 1303 2663 πρὸς
1318 2628 1365 2655 τὸν
1381 2629 1451 2655 κατὰ
1468 2629 1550 2663 φύσιν
1567 2630 1630 2657 Υἱὺν
1642 2631 1692 2665 τὴν
1710 2631 1824 2666 υἱότητα

1033 2675 1220 2708 κεκτημένον·
1242 2675 1289 2701 καὶ
1305 2675 1353 2711 οὺχ
1370 2675 1569 2710 ὁμολογοῦντας
1583 2676 1630 2703 ἕνα
1653 2679 1698 2703 καὶ
1715 2678 1760 2703 τὸν
1773 2678 1824 2704 αὑ-

1032 2721 1077 2746 τὸν
1105 2720 1178 2752 Υίὸν,
1198 2721 1319 2756 ἄσαρκον
1343 2722 1392 2756 μὲν
1418 2722 1470 2756 πρὸ
1493 2722 1543 2757 τῆς
1565 2723 1742 2754 καταϐάσεως
1774 2724 1824 2751 καὶ

1033 2767 1267 2802 ἐνανορωπήσεως
1284 2777 1291 2784 ⁸
1309 2768 1517 2804 σεσαρκωμένον
1533 2769 1561 2795 δὲ
1582 2769 1626 2795 τὸν
1651 2770 1733 2795 αὐτὴν
1750 2770 1823 2802 μετὰ

1032 2813 1081 2848 τὴν
1098 2813 1131 2840 δι’
1146 2815 1220 2849 ἡμᾶς
1233 2815 1383 2842 κατάϐασίν
1398 2824 1426 2840 τε
1440 2815 1486 2841 καὶ
1501 2814 1716 2850 ἐνανοριίιπησιν.
