1942 3081
168 128 220 158 ‘207

880 120 1094 151 TllEOlllANI

1753 118 1808 151 ξ.)θᾶ

203 185 250 212 llis
265 186 302 211 ita
317 185 438 209 recitatis
451 187 478 208 et
494 180 647 212 declaratis,
672 177 807 214 generalis
826 178 858 204 ad
872 177 961 203 Theo-

1050 175 1159 202 Τούτων
1183 176 1269 206 οὕτως
1292 173 1522 212 ἀναγνωσθέντων
1549 175 1809 210 καὶιὲρμηνευθέν-

167 228 275 255 rianum
290 225 392 260 inquit:
409 223 542 258 Equidem
556 227 615 256 post
625 221 813 249 recitationem
826 220 905 253 hujus
915 219 961 246 de-

168 273 235 301 creti
250 271 316 299 nihil
332 271 358 298 in
368 278 400 297 eo
410 268 587 304 deprehendi,
598 268 670 302 quod
680 266 837 294 orthodoxa:
846 265 906 292 ﬁdei
919 272 962 292 re-

168 323 280 354 pugnet,
295 317 366 346 sicut
377 321 403 343 et
416 316 518 351 pridem
534 314 622 342 fassus
635 321 705 341 sum.
717 313 798 340 Miror
809 311 903 343 etiam,
918 311 961 344 qui

168 367 269 394 factum
283 362 451 392 situtnoslri
468 360 764 397 majoresimpudentcr
783 359 816 385 ad
841 358 867 385 id
887 357 962 385 calu-

169 413 326 439 utniandum
345 409 583 445 progrederemur.
596 406 650 434 Sed
662 406 779 433 arbitror
801 409 942 439 propterea
954 422 962 435 ,

168 457 240 490 quod
253 455 309 482 haec
327 451 608 485 sancta,nniversalis
624 457 773 484 magnaque
790 448 909 484 synodus
919 447 964 474 ad-

167 509 263 529 versus
286 502 377 536 p'ures
396 507 424 527 se
449 503 538 526 sectas
553 496 673 532 objiciat,
695 500 724 522 nt
745 495 892 522 iudicatum
909 499 962 526 est,

167 537 267 575 multos
278 548 408 575 adversus
417 553 476 572 eam
488 544 522 571 ab
532 545 609 570 ltoste
620 542 713 569 salutis
727 542 852 568 humana:
863 541 964 568 calum-

167 595 286 622 niatores
295 593 378 620 fuisse
393 591 605 624 suscitatos,pro
623 587 714 615 multis
726 587 779 614 illis
792 586 961 620 vulneribus,

167 649 228 675 quae
248 639 282 667 ad
298 646 345 667 cor
359 639 446 673 ipsum
462 637 486 663 ei
507 641 571 663 sunt
584 642 599 661 a
616 633 720 669 synodo
732 633 844 660 inﬂicta.
860 631 964 659 Rectis-

166 687 265 714 simunt
290 692 357 713 sane
366 684 509 711 decretum
526 686 579 715 est,
597 681 636 708 uti
649 679 720 715 quod
736 687 751 706 a
769 678 871 713 Splrlltt
897 685 960 705 san-

166 739 212 760 eto
231 740 278 766 per
291 735 329 758 tot
351 730 473 765 talesque
485 734 595 756 sanctos
607 727 703 755 Patres
720 726 851 754 dictatum
868 723 963 752 fuerit.

167 779 271 813 Quippe
287 777 358 804 nulla
385 775 505 812 synodus
526 779 580 801 tam
603 773 776 808 frequentem
806 777 964 799 sanctorum

168 825 281 852 Patrum
313 824 489 851 rollcciorum
520 828 664 848 numerum
698 819 804 847 habuit.
830 817 963 845 Caeterum

1016 230 1081 254 των,
1097 219 1176 247 εἶπεν
1190 222 1204 247 ὸ
1222 219 1375 251 Καθολικὸς
1391 220 1460 254 πρὸς
1475 219 1521 247 τὸν
1542 219 1697 255 Θεωριανόν
1708 228 1716 236 '
1737 221 1809 255 Ἐγὼ

1014 266 1110 293 τοῦτον
1127 266 1264 300 ἀναγνοὺς
1279 265 1324 292 τὸν
1339 265 1411 300 ὅρον,
1439 264 1515 291 οὖδὲν
1537 266 1660 292 ἐναντίον
1675 266 1706 301 τῇ
1729 265 1810 301 ὀρθο-

1013 313 1082 348 δόξῳ
1107 313 1198 339 πίστει
1223 314 1251 338 ὲν
1276 311 1350 347 αὺτῷ
1376 312 1500 345 διέγνων,
1530 311 1568 343 ὥς
1582 320 1623 337 σοι
1648 311 1696 338 καὶ
1713 311 1810 347 πρώην

1014 359 1121 390 ἐξεῖπον
1138 367 1145 373 ·
1163 359 1210 385 Iul.
1228 357 1375 392 θαυμάζω,
1402 358 1461 389 πῶς
1484 357 1509 383 ei
1533 357 1586 392 «pb
1600 357 1679 393 ἡμῶν
1692 357 1810 388 ἀναιδῶς

1015 405 1075 431 κατ’
1090 405 1173 432 αὑτοῦ
1190 406 1230 436 εἰς
1254 405 1440 439 συκοφαντίαν
1461 404 1617 440 ἐχώρησαν.
1630 404 1701 431 Ἀλλ’
1720 403 1810 440 οἶμαι,

1014 451 1076 477 ἐπεὶ
1094 451 1166 478 κατὰ
1193 450 1299 477 πολλῶν
1325 451 1460 486 αἱρέσεων
1481 452 1719 486 παρατάττεταιὴ
1743 451 1810 486 ἁγία

1015 496 1085 532 αὕτη
1100 497 1233 532 καθολικὴ
1245 498 1352 532 μεγάλη
1371 497 1493 530 σύνοδος,
1508 498 1545 528 ὡς
1559 497 1717 532 δεδέγλωται,
1743 499 1809 524 πολ-

1015 544 1079 577 λοὺς
1098 545 1159 571 5ιατ¹
1184 545 1270 580 αὐτῆς
1296 545 1310 571 ὁ
1335 545 1384 580 τῆς
1410 545 1550 580 σωτηρίας
1579 544 1633 571 τῶν
1658 544 1813 580 ἀνθρώπιον

1016 591 1151 627 πολέμιος
1168 591 1232 623 τοὺς
1249 591 1422 625 συκοφάντας
1442 591 1584 626 ἐξήγειρεν
1608 592 1669 618 ἀντὶ
1693 591 1812 623 πολλῶν,

1016 635 1054 665 ὧν
1069 638 1142 665 κατὰ
1163 637 1279 673 καρδίας
1296 637 1407 670 ἐδέξατο
1422 637 1536 673 πληγῶν
1555 638 1621 673 παρ’
1638 637 1736 672 αὐτῆς,
1754 638 1814 672 Ὀρ-

1016 684 1128 716 οότατὸς
1144 684 1218 710 ἐστιν
1238 685 1252 711 ὁ
1266 685 1339 719 ὅρος,
1357 684 1394 716 ὡς
1412 683 1466 711 ὑπὸ
1491 683 1539 710 τοῦ
1565 684 1702 717 παναγίου
1727 683 1813 710 Πνεύ-

1017 739 1101 765 ματος
1116 730 1160 757 διὰ
1175 730 1311 757 τοσούτων
1329 730 1374 757 καὶ
1387 730 1556 765 τηλικούτων
1572 730 1659 764 ἁγίων
1674 730 1814 765 θεοφόρων

1016 777 1151 812 Πατέρων
1168 776 1370 812 ὑπαγορευθείς
1384 784 1391 792 ·
1414 776 1528 812 οὐδεμία
1546 777 1601 811 γὰρ
1616 778 1683 811 ἁγία
1704 777 1814 809 σύνοδος

1016 824 1165 856 τοσούτους
1202 823 1265 859 ἔσχε
1290 823 1518 858 συνειλεγμένους
1551 823 1646 857 ἁγίους
1673 823 1812 858 Πατέρας.

168 873 248 900 modo
274 871 321 898 tibi
341 870 468 905 quiddam
489 869 621 904 aperiam,
636 867 708 902 quod
732 865 865 893 hactenus
888 864 964 899 vulgo

1020 871 1090 898 Νυνὶ
1106 870 1135 897 δέ
1156 879 1196 897 σοι
1217 871 1263 897 καί
1283 879 1310 898 τι
1329 870 1385 897 τῶν
1408 871 1489 906 μέχρι
1508 869 1555 897 τοῦ
1570 869 1618 897 νῦν
1648 871 1815 906 ἀπορρήτων

167 919 305 955 proditum
323 925 375 945 non
401 915 462 943 fuit.
479 915 549 942 Aule
565 912 618 941 200
635 920 724 940 annos
747 910 857 946 quidam
882 917 964 946 gene—

167 965 234 993 ralis
259 963 450 991 Armeniorum
476 961 538 993 fuit,
556 961 600 987 cui
630 966 729 987 nomen
746 957 876 990 Joannes,
908 957 963 984 vita

167 1011 347 1045 doctrinaque
373 1008 479 1043 magnis
503 1006 661 1041 sanctisque
694 1004 820 1032 Patribns
845 1011 895 1040 par
910 1024 917 1036 ,
937 1009 964 1031 et

167 1059 213 1094 qui
230 1056 386 1091 disciplinas
399 1059 507 1082 exteras
526 1053 677 1083 universas.
695 1051 816 1087 adeoque
840 1050 963 1086 philoso-

168 1102 260 1138 phiam
276 1102 362 1136 ipsam
379 1107 432 1126 non
447 1097 602 1126 summatim
618 1096 771 1131 attigisset;
787 1095 840 1122 vita
854 1095 963 1130 quidem

168 1149 260 1176 divina
272 1146 343 1174 haud
357 1146 414 1173 scio
427 1152 460 1171 an
474 1143 612 1176 omnibus,
623 1142 750 1177 plurimis
763 1148 836 1168 certe
848 1141 963 1175 prasivit;

170 1195 266 1231 dignus
284 1193 404 1224 habitus,
418 1196 473 1218 tam
489 1191 549 1217 \‘itze
564 1197 646 1225 quant
661 1188 789 1216 doctrina:
806 1188 904 1223 gratia,
918 1188 964 1222 qui

169 1243 223 1270 hoc
235 1248 315 1269 sacro
331 1239 414 1276 gradu
429 1238 554 1272 solioque
571 1236 737 1270 generalium
755 1235 898 1271 potiretur.
916 1235 969 1266 Hie

169 1288 260 1316 divino
284 1286 403 1322 repletus
425 1284 493 1317 zelo,
512 1287 605 1311 contra
623 1282 829 1316 Monophysitas
856 1281 963 1313 ruebat.

168 1340 196 1362 et
211 1339 268 1362 toto
285 1334 325 1361 eis
353 1331 548 1368 propemodum
576 1329 750 1364 episcopatus
777 1328 818 1355 sui
845 1333 966 1362 tempore

170 1387 225 1408 tam
253 1379 362 1414 scriptis
386 1385 468 1413 quant
496 1376 587 1411 lingua
617 1374 740 1410 inﬂigere
765 1374 880 1401 vulnera
912 1381 964 1401 non

169 1426 272 1454 desiit:
290 1425 369 1460 cujus
388 1430 414 1452 et
428 1429 535 1451 sacrant
554 1422 714 1449 memoriam
738 1420 888 1448 honorifice
906 1419 965 1455 pie-

169 1479 223 1507 que
240 1470 422 1499 celebramus.
449 1467 535 1503 llujns
562 1467 647 1494 divini
674 1466 801 1500 beatique
821 1465 872 1492 viri
891 1472 966 1492 com-

171 1517 323 1546 mentarius
338 1521 380 1544 est
395 1515 464 1550 apud
480 1521 532 1547 me,
549 1520 629 1547 quem
646 1517 741 1539 contra
759 1511 965 1547 Monophysitas

171 1564 292 1599 scripsit,
309 1563 431 1598 pluribus
456 1561 660 1598 Scripturarum
683 1558 859 1590 testimoniis,
874 1562 903 1584 et
916 1565 964 1584 en-

170 1611 357 1648 thymematis,
371 1614 398 1637 et
411 1609 564 1636 valentibus
576 1606 751 1642 syllogismis,
768 1609 794 1631 et
809 1603 965 1631 noticnibus

174 1658 386 1688 communibus,
403 1660 430 1682 et
453 1652 730 1681 detnonstrationibus
750 1650 877 1677 refertus.
898 1649 964 1676 Eum

172 1707 260 1732 beata:
271 1701 408 1737 memoria:
421 1698 562 1728 Generalis
572 1696 731 1732 Gregorius,
743 1696 788 1730 qui
811 1703 864 1721 non
881 1694 966 1721 multo

171 1755 236 1779 ante
249 1757 291 1777 me
303 1748 418 1776 illustris
434 1747 460 1774 in
480 1746 531 1773 hoc
543 1744 612 1772 solio
629 1743 690 1776 fuit,
703 1743 740 1770 ita
753 1741 924 1769 continuavit
935 1745 966 1768 ut

171 1797 269 1833 ejusin
284 1801 407 1824 extre-no
423 1794 480 1821 haec
493 1792 575 1820 verba
593 1789 776 1825 perscriberet
790 1797 797 1815 :
815 1788 861 1815 Sic
875 1792 902 1816 et
916 1795 966 1822 ego

171 1844 263 1874 credo,
278 1839 506 1877 quemadmodum
523 1836 715 1865 sanctissimus
738 1835 872 1870 generalis
885 1833 967 1861 Joan-

172 1897 220 1917 nes
233 1889 277 1915 hic
289 1886 419 1921 scripsit;
434 1890 461 1912 et
474 1885 510 1911 ita
524 1890 580 1910 non
595 1882 737 1909 credentes
754 1880 964 1907 anathematizo.

173 1936 214 1962 Ac
248 1935 370 1968 legamus
404 1937 469 1958 sane
493 1928 602 1964 paulum
631 1934 664 1954 ex
690 1933 734 1958 eo,
753 1927 775 1953 si
807 1926 906 1961 placet,
937 1930 967 1952 ut

172 1982 245 2008 hunc
271 1980 360 2006 virum
397 1982 540 2012 agnoscas,
559 1973 642 2001 veluti
674 1972 780 2000 leonem
804 1980 836 2000 ex
868 1972 965 2008 ungui-

173 2029 234 2055 lous.

209 2071 337 2100 TIIEOR.
370 2070 503 2106 Equidem
535 2069 587 2097 hoc
618 2067 749 2103 scriptum
785 2065 967 2093 libentissime

173 2120 293 2147 audiam.

208 2166 276 2193 Cum
292 2172 356 2200 ergo
372 2163 514 2191 recitatum
537 2161 631 2190 fuisset
646 2159 819 2196 prommium,
836 2157 968 2186 ’l‘heoria-

979 1542 1002 1574 C

1015 916 1197 951 ἀποκαλύψω.
1214 916 1272 952 Πρδ
1284 916 1433 943 διακοσίων
1453 915 1522 942 ὲτῶν
1538 916 1648 950 ἐγένετό
1664 925 1706 947 τις
1721 917 1815 943 Καθο-

1016 962 1094 994 λικὸς
1112 963 1167 989 τῶν
1188 962 1353 998 Ἀρμενίων,
1376 960 1398 997 ᾧ
1422 962 1508 997 δνομα
1533 964 1673 997 Ἰωάννης,
1699 963 1749 998 βίῳ
1765 963 1815 990 καὶ

1014 1010 1087 1045 λόγῳ
1110 1011 1168 1042 τοῖς
1185 1010 1317 1045 μεγάλοις
1338 1010 1427 1045 ἁγίοις
1444 1011 1587 1046 Πατράσιν
1615 1010 1815 1046 ήμιλλημένος,

1016 1056 1143 1088 παιδείας
1157 1065 1188 1083 τε
1203 1056 1253 1091 τῆς
1267 1056 1320 1090 ἔξω
1339 1057 1441 1092 πάσης,
1461 1057 1509 1084 καὶ
1519 1057 1552 1092 δὴ
1571 1057 1619 1084 καὶ
1636 1057 1722 1092 αὐτῆς
1736 1057 1815 1092 φιλο-

1016 1102 1114 1137 σοφίας
1138 1103 1188 1129 οὐκ
1212 1102 1365 1139 ἀκροθινῶς
1389 1103 1479 1138 ἥψατο
1495 1110 1503 1119 ·
1524 1103 1573 1138 βίῳ
1598 1103 1630 1129 δὲ
1654 1103 1738 1137 ἐνθέῳ
1763 1103 1817 1130 οὐκ

1015 1146 1073 1175 οῖδα
1098 1149 1122 1175 εί
1155 1150 1261 1181 πάντας
1283 1149 1348 1181 τοὺς
1369 1149 1516 1182 πλείστους
1541 1149 1612 1181 τέως
1625 1149 1816 1185 ὑπερηκόντι-

1017 1202 1062 1221 σεν
1078 1203 1084 1209 ·
1100 1195 1129 1226 ὃς
1141 1195 1184 1222 διά
1203 1204 1232 1222 τε
1246 1195 1292 1222 τὸν
1307 1195 1375 1231 βίον,
1387 1196 1431 1223 διά
1452 1205 1481 1222 τε
1503 1196 1549 1223 τὶν
1565 1196 1656 1230 λόγον,
1672 1195 1720 1222 τοῦ
1739 1195 1815 1222 θείου

1015 1241 1111 1268 τούτου
1127 1241 1233 1277 βαθμοῦ
1250 1242 1355 1269 καὶτοῦ
1367 1243 1474 1278 θρόνου,
1492 1243 1546 1269 τῶν
1564 1243 1719 1270 καθολικῶν
1729 1242 1815 1276 λέγω,

1015 1286 1125 1322 ἠξίωτο.
1141 1285 1227 1319 Οὗτος
1254 1287 1339 1323 ζήλου
1356 1288 1429 1315 θείου
1447 1289 1590 1324 πλησθεὶς,
1606 1289 1677 1316 κατὰ
1691 1289 1744 1315 τῶν
1758 1290 1818 1316 Μο-

1015 1334 1168 1367 νοφυσιτῶν
1183 1333 1297 1370 ὥρμητο
1310 1342 1319 1357 ’τ
1331 1335 1379 1362 καὶ
1394 1335 1425 1370 δὴ
1442 1336 1488 1362 καὶ
1499 1338 1632 1370 γραφαῖς,
1643 1335 1691 1362 καὶ
1706 1335 1815 1370 γλώττῃ

1016 1380 1130 1412 τούτους
1146 1381 1431 1416 κατατραυματίζειν,
1452 1383 1498 1409 τδν
1513 1382 1574 1408 ὅλον
1588 1382 1639 1416 τῆς
1656 1381 1817 1415 ἐπισκοπῆς

1016 1426 1100 1453 αὑτοῦ
1123 1427 1220 1462 χρόνον
1232 1427 1327 1462 σχεδὸν
1347 1427 1398 1454 οὐκ
1423 1427 1574 1454 ἐπαύσατο.
1604 1425 1643 1455 οὗ
1664 1428 1714 1463 τὴν
1735 1427 1814 1454 θείαν

1019 1472 1131 1508 μνήμην
1150 1473 1271 1508 ἐντίμως
1285 1473 1335 1499 καὶ
1355 1473 1491 1505 Θεόσεὸῶς
1509 1474 1688 1509 ἑορτάζομεν.
1709 1474 1815 1500 Τούτου

1016 1517 1064 1545 τοῦ
1084 1518 1157 1545 θείου
1175 1519 1223 1545 καὶ
1239 1518 1379 1554 μακαρίου
1398 1519 1496 1555 ἀνδρὸς
1515 1520 1575 1546 ἐστὶ
1590 1521 1657 1556 παρ’
1674 1520 1736 1555 ἐμοὶ
1747 1528 1817 1553 συγ-

1017 1565 1124 1601 γραφὴ,
1150 1565 1184 1601 ἣν
1204 1566 1276 1592 κατὰ
1301 1565 1356 1592 τῶν
1389 1566 1588 1601 Μονοφυσιτῶν
1612 1567 1816 1606 συνεγράψατο,

1017 1611 1132 1643 πολλαῖς
1164 1612 1316 1647 γραφικαῖς
1342 1613 1517 1647 μαρτυρίαις,
1549 1615 1597 1640 καὶ
1627 1614 1812 1650 ἐνθυμήματι,

1017 1657 1065 1684 καὶ
1082 1656 1276 1692 συλλογισμοῖς
1297 1658 1430 1693 ίσγυροῖς,
1448 1659 1495 1685 καὶ
1511 1660 1617 1691 κοιναῖς
1631 1660 1748 1691 ἐννοίαις
1766 1661 1816 1687 καὶ

1018 1704 1190 1736 ἀποδείξεσιν
1207 1704 1463 1739 ἐμπεπυκνωμένη.
1482 1703 1592 1740 Ταύτην
1615 1707 1628 1732 ὀ
1643 1707 1672 1733 ὲν
1688 1707 1816 1744 μακαρίᾳ

1017 1752 1050 1786 τῇ
1067 1751 1162 1787 μνήμῃ
1176 1750 1268 1785 ὀλίγον
1287 1751 1339 1785 πρὸ
1353 1751 1421 1786 ἐμοῦ
1438 1751 1477 1786 τῷ
1494 1751 1583 1786 θρόνῳ
1605 1752 1693 1788 τούτῳ
1705 1752 1816 1788 διατρὲ-

1017 1796 1072 1832 ψας
1100 1797 1254 1833 Γρηγόριος
1281 1798 1296 1824 ὁ
1323 1797 1476 1829 Καθολικδς
1504 1798 1676 1834 ἐπεκύρωσε,
1705 1800 1817 1834 γράψας

1018 1845 1086 1879 πρὸς
1103 1844 1142 1880 τῷ
1162 1844 1234 1870 τέλει
1251 1844 1348 1879 αὐτῆς,
1363 1845 1404 1871 ὃτι
1420 1844 1499 1871 Οὕτω
1522 1844 1644 1871 πιστεύω
1669 1845 1757 1879 κάγὼ,
1777 1846 1816 1877 ὡς

1018 1891 1032 1917 ὁ
1048 1890 1201 1925 ἁγιώτατος
1217 1890 1371 1921 Καθολικδς
1385 1890 1514 1926 Ἰωάννης
1537 1892 1663 1918 ἐνταυθοῖ
1679 1893 1816 1928 γέγραφε,

1018 1936 1144 1967 καὶτοὺς
1163 1935 1201 1971 μὴ
1222 1935 1294 1963 οὕτω
1321 1936 1502 1968 πιστεύοντας
1529 1937 1740 1972 ἀναθεματίζει.
1759 1939 1816 1964 Καὶ

1019 1983 1044 2009 εί
1074 1981 1208 2014 κελεύεις,
1233 1982 1432 2016 ὰναγνώσομεν
1459 1982 1491 2008 ἐκ
1512 1982 1614 2018 ταύτης
1643 1983 1744 2018 ὀλίγον,
1771 1984 1816 2011 ἵνα

1020 2029 1091 2064 γνῷς
1111 2029 1156 2055 τὸν
1176 2029 1271 2064 ἄνδρα,
1287 2029 1324 2060 ὡς
1342 2029 1371 2061 ἐξ
1384 2028 1489 2063 ὀνύχων
1510 2029 1554 2055 τον
1567 2029 1671 2057 λέοντα.

1059 2074 1091 2102 ’0
1106 2075 1202 2101 ΘΕΩΡ.
1223 2074 1338 2101 Ἥδιστα
1354 2073 1502 2109 ἀκούσαιμι
1514 2075 1562 2109 τῆς
1583 2075 1704 2109 γραφῆς.

1059 2168 1104 2199 Ὠς
1116 2167 1162 2194 οὖν
1177 2167 1337 2202 ἀνέγνωμεν
1352 2167 1382 2193 τὸ
1397 2169 1552 2203 προοίμιον,
1568 2165 1646 2195 εἶπεν
1661 2168 1676 2194 ὁ
1693 2167 1816 2203 Θεωρια-

173 2222 225 2242 nus
237 2213 270 2240 ad
288 2211 468 2239 Generalem:
486 2210 618 2243 Obsecro,
637 2208 733 2242 inquit,
756 2206 883 2234 eximiam
900 2213 964 2231 sati-

1022 2216 1066 2247 νὸς
1082 2215 1150 2250 πρὸς
1174 2214 1222 2240 τὸν
1247 2214 1400 2240 Καθολικόν
1413 2223 1419 2229 ·
1438 2214 1597 2249 Παρακαλῶ
1614 2217 1664 2249 τὴν
1692 2215 1817 2250 μεγάλην

172 2262 293 2288 ctitatem
315 2264 399 2291 tuam,
417 2261 446 2284 ut
472 2257 517 2284 hic
541 2256 609 2283 liber
633 2254 816 2284 describatur,
841 2259 872 2278 ac
899 2251 966 2278 mihi

173 2307 315 2334 tradatur:
334 2312 387 2340 quo
405 2303 528 2331 Graecum
548 2302 649 2329 factum
668 2301 768 2327 habere
785 2299 810 2325 in
826 2297 966 2330 iliomania

172 2353 319 2389 possimus,
336 2352 368 2378 ad
383 2352 512 2378 honorem
530 2349 620 2375 Patris
635 2347 729 2381 ipsius,
745 2350 828 2380 utque
842 2351 889 2379 per
904 2351 966 2372 eum

173 2405 270 2426 auctor
289 2406 304 2425 a
318 2398 397 2425 nobis
411 2397 469 2431 ipse
485 2395 647 2422 celebretur.

212 2449 290 2476 GEN.
308 2447 458 2483 Perplacet.

211 2497 304 2529 Itaque
319 2495 472 2528 descriptus
491 2498 517 2519 et
536 2491 614 2519 nobis
636 2490 755 2517 traditus
774 2494 825 2521 est,
841 2489 886 2524 qui
905 2496 965 2516 eum

176 2543 209 2570 ad
232 2544 326 2569 urbem
345 2542 493 2576 Angustam
511 2539 723 2574 deportavimns.

214 2589 368 2616 Secundum
396 2589 452 2615 haec
478 2586 614 2622 generalis
638 2586 674 2611 ita
702 2592 750 2612 nos
770 2583 968 2618 compellabat:

175 2635 274 2662 Beatus
289 2634 388 2661 Paulus
405 2633 493 2668 inquit
508 2641 514 2659 :
532 2632 655 2665 Optarent
670 2631 776 2665 ipsemet
792 2637 845 2656 esse
863 2637 879 2655 ιι
893 2628 969 2655 Cltri-

178 2686 218 2707 sto
247 2683 398 2711 attat/tenta,
429 2687 476 2714 pro
497 2679 624 2714 fratribus
650 2677 725 2712 meis,
749 2675 866 2710 cognatis
893 2674 968 2705 mihi,

177 2726 245 2761 quod
267 2734 371 2752 carnem
392 2726 497 2756 attinet,
515 2724 649 2751 duntaxat
666 2729 690 2749 ut
706 2723 755 2755 ipsi
774 2723 887 2748 saltt'cm
909 2720 970 2746 adi-

175 2774 337 2803 piscut'eu'ur
348 2774 382 2799 “.
394 2774 464 2800 idem
477 2780 526 2807 ego
540 2774 571 2799 de
587 2779 644 2798 ιιιι·ιι
660 2768 738 2806 genfe
754 2769 826 2797 dico.
841 2768 870 2794 Et
885 2776 970 2802 quatt-

213 2864 236 2880 “
251 2865 328 2892 lium.
346 2871 383 2895 lx,
400 2863 427 2891 5,

194 3016 319 3052 Δ

1019 2261 1179 2296 ἁγιωσύνην
1198 2269 1244 2287 σου
1262 2260 1477 2295 μεταγραφῆναι
1497 2262 1545 2295 τὴν
1564 2261 1729 2297 συγγραφὴν
1749 2261 1817 2288 ταύ-

1019 2315 1080 2342 την,
1097 2307 1144 2333 καὶ
1166 2306 1279 2342 δοθῆναί
1298 2315 1354 2341 μοι,
1380 2306 1423 2333 ἵνα
1441 2307 1679 2342 egeamus:th
1694 2309 1724 2334 ὲν
1747 2307 1815 2334 Ῥω-

1022 2352 1106 2388 pavi;
1122 2352 1233 2387 ἔχοιμεν
1249 2353 1345 2388 αὐτὴν,
1374 2353 1413 2383 sl;
1436 2353 1521 2387 τιμὴν
1536 2353 1582 2379 τοῦ
1596 2354 1703 2388 Πατρος
1719 2353 1816 2387 αὐτοῦ,

1021 2399 1067 2426 καὶ
1078 2397 1203 2433 τιμῶμεν
1215 2398 1249 2424 δι’
1266 2398 1351 2432 αὐτῆς
1365 2398 1411 2424 τὸν
1433 2400 1596 2433 γεννήτορα.

1061 2446 1090 2472 '0
1109 2445 1189 2472 ΚΑΘ.
1203 2444 1382 2480 Ἀποδέχομαι
1396 2444 1476 2471 τοῦτο
1488 2445 1601 2480 σφόδρα.

1059 2491 1114 2518 Καὶ
1129 2490 1160 2525 δὴ
1181 2492 1392 2525 μεταγραφεῐσα
1412 2490 1490 2524 ἰδόδη
1508 2491 1587 2524 ἡμῖν,
1604 2490 1636 2525 ἢν
1649 2490 1696 2516 καὶ
1713 2490 1816 2516 ἀποκο-

1024 2535 1165 2571 μισάμεθα
1179 2535 1247 2570 πρὸς
1261 2537 1311 2570 τὴν
1327 2535 1537 2570 βασιλεύουσαν.

1061 2582 1172 2609 Τούτων
1185 2581 1257 2608 οὕτω
1274 2582 1442 2616 γενομένων,
1457 2579 1534 2607 εἶπεν
1554 2582 1568 2606 ὁ
1583 2580 1737 2612 uacuus;
1750 2582 1817 2616 πρὸς

1021 2629 1093 2663 ἡμᾶς
1106 2636 1112 2642 ·
1132 2628 1160 2654 ’0
1173 2627 1307 2662 μακάριο;
1322 2627 1426 2659 Παῦλος
1441 2627 1504 2662 ἔφη·
1523 2627 1712 2660 Ἐῧουλόμην
1726 2627 1816 2660 αὐτὸς

1020 2674 1078 2709 ἐγὼ
1095 2674 1228 2708 ἀνάθεμα
1244 2672 1319 2700 εἶναι
1335 2673 1394 2700 ἀπὸ
1410 2674 1463 2700 τοῦ
1488 2673 1631 2706 Χριστοῦ,
1656 2672 1732 2706 ὑπὲρ
1759 2672 1818 2698 τῶν

1021 2719 1161 2754 ἀδελέῶιπ·
1186 2729 1257 2754 μου,
1287 2720 1347 2746 τῶν
1375 2718 1533 2754 συγγενῶν
1554 2727 1625 2753 μου,
1657 2718 1715 2744 τῶν
1743 2719 1820 2745 κατὰ

1022 2766 1131 2800 σι’ίρκα,
1143 2766 1239 2799 μόνον
1255 2767 1305 2792 ἵνα
1320 2765 1449 2792 amabat.
1466 2765 1552 2791 Τυῦτὸ
1565 2773 1637 2799 φημι
1654 2764 1731 2797 κάγὼ
1745 2764 1819 2799 ὑπὲρ
