1942 3081
146 129 199 163 213

174 235 225 261 καὶ
244 235 467 268 ἐξελληνισθὲν
484 235 564 269 παρὰ
580 234 633 262 τοῦ
651 234 788 269 μοναχυῦ
806 234 858 261 τοῦ
881 234 938 262 Ἀτ-

173 279 271 313 adven
283 281 339 308 τοῦ
352 282 412 308 ἀπὸ
427 281 706 314 Φιλιππουπόλεως,
720 280 873 314 παρουσίᾳ
887 280 936 307 καί

176 327 230 354 τοῦ
242 327 415 361 μαΐστωρος
431 327 608 362 Θεωριανοῦ,
621 327 695 362 μηνί
712 326 876 361 Δεκεμϐρίῳ
892 327 935 353 ἰν-

171 372 329 406 δικτιῶνος
349 373 502 408 τετάρτης.
524 373 615 401 Τοῦτο
632 373 708 408 μετὰ
725 372 782 408 τὴν
799 373 937 406 διάλεξιν

173 418 226 445 τοῦ
244 419 422 453 Θεωριανοῦ.

177 463 208 490 '0
225 465 339 499 ὁρισμὸς
356 465 405 500 τῆς
420 464 637 500 αὐτοκρατορίας
653 463 867 497 σου,θεόστεπτε
886 463 935 499 βα-
975 493 979 496 γ

136 511 233 537 σιλέων
248 511 298 545 τῆς
314 510 435 545 Ῥώμης,
445 510 698 546 πορφυρογέννητε,
708 511 885 546 τροπαιοῦχε,
895 519 935 536 νι-

135 557 219 591 κητὰ,
231 557 274 583 ἀεὶ
290 556 435 591 αὖγουστε,
446 556 505 590 φίλε
519 558 569 591 τῆς
585 555 727 588 εὐσεὸείας
736 556 784 583 καλ.
795 556 844 591 τῆς
857 556 936 591 εἰρήο

134 610 185 636 νης
205 602 260 627 τῶν
277 602 457 637 Ἑκκλησιῶν,
475 602 609 629 κατέλαϐε
631 602 678 628 καὶ
698 602 767 638 πρὸς
778 602 852 636 ἡμᾶς
871 602 934 633 τοὺς

133 646 255 677 εὐτελεῖς
270 646 385 681 εὐχέιας
398 646 448 682 τῆς
463 646 546 680 άγίας
561 646 700 682 βασιλείας
716 655 774 678 σου,
788 646 817 680 ἐξ
831 644 861 673 οὗ
877 646 932 673 διέ-

134 700 245 727 γνωμεν
266 692 297 718 τὸ
318 692 423 728 θέλημα
445 693 530 728 αὐτῆς
553 693 687 729 ἑπόμενον
707 693 747 728 τῷ
765 693 831 729 θείῳ
851 693 932 729 θελή-

133 747 201 772 ματι
212 746 218 753 ·
238 738 332 774 ὥσπερ
350 739 405 774 γὰρ
422 739 466 766 διὰ
482 739 531 774 τῆς
548 739 719 775 ὁμωνυμίας,
737 739 809 766 οὕτω
825 739 872 766 καὶ
888 739 932 766 διὰ

131 783 187 810 τῶν
196 783 286 819 ἔργων
296 784 332 820 τῷ
341 784 541 820 κατ’ἀλὴθειαν
554 784 727 821 Ἐμμανουήλ
737 785 825 817 θέλεις
833 787 932 821 ὁμοίω-

131 829 232 864 οὴναι,
249 830 288 865 τῷ
305 831 451 866 ποιήσαντι
471 832 583 867 εἰρήνην
600 832 629 858 ὲν
646 831 684 866 τῷ
703 831 812 867 οὐρανῷ
833 832 880 858 καὶ
900 833 929 859 ὲν

131 877 164 911 τῇ
186 877 233 912 γῇ,
255 877 305 904 καὶ
323 878 353 904 τὸ
374 878 531 913 μεσότοιχον
551 877 598 904 τοῦ
620 877 751 914 φραγμοῦ
771 878 928 905 διαλύσαντι

131 922 204 950 κατὰ
219 923 266 950 τὸν
288 923 463 951 ’Δπόστολονν
477 924 547 960 μετὰ
563 923 627 959 γοῦν
642 924 689 951 τοῦ
707 925 848 959 ἐγγράφου
871 926 928 961 ὀρι-

131 969 214 1004 σμοῦ,
227 970 396 1006 δεδηλώκασι
413 972 458 998 καὶ
468 971 513 999 διὰ
527 971 618 1007 ζώσης
635 972 728 1006 φωνῆς
743 972 777 998 τὰ
789 972 864 1007 παρὰ
878 972 927 1007 τῆς

131 1016 272 1050 βασιλείας
293 1024 342 1043 σου
363 1016 508 1052 ὁρισθέντα
529 1017 553 1044 οἰ
576 1017 777 1050 ἀποσταλέντες
800 1019 866 1053 παρ’
877 1018 927 1045 αὑ-

130 1062 190 1096 τῆς,
209 1061 224 1088 ὅ
241 1069 271 1088 τε
291 1061 436 1096 φιλόσοφος
454 1062 502 1089 καὶ
521 1063 647 1098 μαῖστωρ
665 1063 829 1099 Θεωριανὸς,
849 1064 896 1090 καὶ
913 1065 928 1091 ό

129 1107 267 1142 ὁμόφυλος
283 1108 330 1135 καὶ
344 1109 511 1144 ὁμοσχήμων
527 1109 565 1144 (3)
580 1108 659 1143 ἡμῶν
674 1109 802 1144 Ἰωάννης
818 1111 832 1136 ὁ
846 1109 927 1145 ἡγούκ

131 1162 223 1188 μενος,
241 1153 271 1185 ὃς
286 1154 334 1181 καὶ
347 1154 481 1190 Ἀτμάνος
497 1155 708 1190 ἐπονομάζεται,
724 1155 754 1189 ἐξ
769 1152 806 1183 ὦν
821 1156 926 1183 τελείαν

128 1198 292 1234 ἐγνώκαμεν
309 1200 382 1235 ἔχειν
399 1201 472 1236 ὑμᾶς
494 1201 650 1237 προθυμίαν
668 1201 733 1237 περὶ
749 1202 799 1238 τῆς
819 1203 859 1233 εἰς
876 1202 926 1237 τὴν

129 1246 277 1282 καθολικὴν
298 1246 463 1282 Ἐκκλησίαν
482 1247 616 1280 ἐνώσεως,
630 1249 678 1276 καὶ
699 1248 926 1284 πεπιστεύκαμεν

126 1292 178 1319 οὐκ
199 1292 372 1326 ἀνθρώπινον
391 1291 461 1320 εῐναι
482 1293 512 1320 τὺ
532 1293 653 1320 τοιοῦτον
677 1293 784 1330 θέλημα
805 1293 853 1321 καὶ
875 1294 925 1329 ζή-

126 1348 215 1375 τημα,
231 1339 299 1367 ἀλλὰ
314 1339 452 1375 θειότερόν
466 1349 496 1368 τε
512 1341 560 1367 καὶ
574 1340 741 1376 ὑψηλότερον
751 1349 758 1357 ·
773 1341 814 1368 ὅτι
829 1341 925 1378 ὥσπερ

126 1387 142 1422 ἡ
163 1386 298 1414 ἀνωτάτω
317 1386 399 1422 φύσις
417 1386 521 1414 ἔκλινεν
541 1387 582 1419 εἰς
601 1387 650 1424 τὴν
667 1388 807 1423 ἡμετέραν
826 1388 923 1415 ταπεί-

125 1441 210 1459 νωσιν
226 1433 259 1459 ἵν’
271 1433 345 1468 ἡμᾶς
363 1432 469 1469 ὑψώσῃ.
488 1433 535 1459 καὶ
551 1434 565 1460 ὁ
582 1433 690 1469 πλήρης
709 1433 842 1461 ἐκένωσεν
859 1434 924 1461 ἑαυο

125 1478 172 1504 τὸν
190 1478 245 1505 ἀπὸ
261 1478 310 1514 τῆς
333 1478 402 1510 ἰδίας
423 1478 503 1513 δόξης
523 1477 571 1504 ἐπὶ
593 1478 693 1514 μικρὸν
711 1478 746 1505 ἶν’
759 1479 833 1515 ἡμᾶς
851 1479 923 1514 πλη-

827 128 1057 160 DISPUTATIO
1077 129 1119 160 Il.

174 188 292 215 σταλὲν
302 188 340 216 δι’
350 189 415 223 ἀνθ]
426 188 516 215 ώπων
528 187 621 216 αὑτοῦ
634 187 687 216 τοῦ
697 188 876 223 ,βραχαμίων
887 188 938 222 (2).
957 189 976 216 Α

1730 126 1783 158 9H

1029 186 1149 214 Grmum
1168 194 1291 214 conversa
1314 194 1461 214 sermonem
1478 194 1493 213 α
1519 185 1648 212 monacho
1670 185 1784 212 Atmano

1028 232 1287 267 Philippopolilano,
1304 237 1433 267 prasente
1461 233 1542 260 etiam
1559 232 1685 267 magistro
1698 231 1783 257 Theo-

1027 281 1114 310 riuno,
1131 287 1218 305 mense
1231 278 1380 310 Decembri,
1392 279 1533 305 indictione
1552 282 1659 313 quarta.
1678 277 1782 310 Scripta

1028 334 1087 352 vero
1121 326 1170 360 fuit
1198 329 1256 360 post
1286 326 1399 359 priorem
1426 334 1485 353 cum
1502 325 1783 360 Theorianodispum-

1027 373 1134 400 tionem.

1027 462 1176 496 Majcslalis
1202 467 1254 489 tum
1282 461 1453 494 deliberatio,
1474 466 1602 489 coronata
1618 469 1632 489 a
1652 462 1707 490 Deo
1727 463 1781 489 im-

987 513 1095 542 perator
1109 508 1304 541 Romanorum,
1322 508 1563 544 Porphyrogenite.
1587 509 1780 542 triumphator,

988 554 1085 586 victor,
1112 563 1219 589 semper
1245 559 1369 591 auguste,
1390 555 1528 590 religionis
1541 555 1668 590 pacisque
1685 555 1780 582 Eccle-

986 601 1088 627 s‘arnm
1120 607 1236 634 amator,
1268 602 1300 629 ad
1317 609 1368 630 nos
1389 609 1498 637 quoque
1524 601 1647 636 pervenit
1663 601 1779 628 humiles

986 652 1086 675 sanctre
1117 652 1169 675 tua:
1192 648 1341 682 majestatis
1371 652 1555 679 veneratores,
1575 648 1690 681 indeque
1705 652 1777 673 luam

983 693 1081 720 divina)
1110 693 1275 720 conformcm
1297 694 1462 721 voluntatem
1495 693 1681 728 cognovimus.
1701 692 1778 720 Sicut

984 739 1056 764 enim
1090 738 1206 765 notninis
1243 738 1370 772 parilate,
1395 738 1432 765 ita
1459 738 1540 766 etiatn
1562 738 1700 772 operibus,
1714 745 1778 765 vero

983 784 1151 811 Emmanueli
1166 784 1205 811 vis
1218 791 1278 812 esse
1299 784 1408 817 similis,
1424 784 1469 819 qui
1489 791 1583 820 pacem
1602 784 1671 812 coelo
1683 788 1776 811 terrar-

983 837 1035 862 uue
1064 830 1230 863 conciliavit,
1247 829 1420 865 mediumqtte
1445 830 1571 858 macerite
1593 830 1734 865 parietem,
1748 833 1777 857 ut

980 876 1126 909 Apostolus
1152 876 1200 910 ait,
1219 876 1386 904 destruxit‘.
1413 875 1470 904 Una
1496 876 1580 911 igitur
1596 884 1656 904 cum
1673 877 1775 911 scripta

980 921 1188 954 deliberatione,
1206 922 1265 949 viva
1290 928 1396 958 quoque
1413 930 1479 950 voce
1497 923 1662 950 sententiam
1688 922 1775 957 maje-

979 967 1060 995 statis
1089 973 1142 996 tua:
1164 968 1242 995 nobis
1265 969 1451 1004 patefecerunt
1477 968 1550 997 missi
1575 977 1588 996 a
1602 973 1627 996 te
1639 969 1773 1001 homines,

978 1013 1154 1048 philosophus
1181 1013 1287 1042 scilicet
1314 1019 1397 1049 atque
1424 1014 1555 1049 magister
1587 1013 1771 1047 TheorianusI

979 1067 1083 1087 necnon
1112 1060 1249 1094 popularis
1290 1065 1399 1092 noster,
1436 1060 1646 1095 monasticazque
1671 1060 1773 1094 profes-

978 1107 1064 1134 sionis
1090 1108 1180 1135 socius
1193 1107 1313 1135 Joannes
1328 1108 1421 1141 abbas,
1435 1109 1480 1143 qui
1496 1112 1522 1136 et
1545 1109 1677 1135 Atmauus
1698 1109 1772 1135 voci-

979 1157 1061 1180 tatur.
1077 1152 1181 1188 Quippe
1192 1160 1225 1180 ex
1254 1153 1296 1181 his
1310 1161 1445 1181 summum
1465 1158 1584 1180 vestrum
1597 1153 1667 1180 circa
1679 1153 1772 1181 Eccle~

977 1199 1025 1226 sim
1055 1199 1195 1227 catholicae
1225 1199 1352 1227 unionem
1367 1200 1680 1228 studiumintclleximus
1698 1209 1705 1228 :
1724 1208 1786 1235 ne-_

978 1252 1031 1279 quo
1063 1253 1128 1274 vero
1169 1245 1241 1274 hanc
1270 1246 1438 1274 voluntatem
1478 1247 1710 1282 cupiditatemque
1737 1253 1770 1274 ex

977 1291 1132 1320 hominibus
1156 1297 1244 1320 ortam
1268 1299 1329 1320 esse
1366 1291 1538 1324 confidimus.
1565 1284 1771 1321 sed-divinitus

976 1336 1137 1371 coelitusque
1152 1336 1312 1365 immissum.
1335 1337 1403 1364 Nam
1419 1337 1491 1365 velut
1510 1337 1553 1365 illa
1566 1342 1663 1366 natura
1675 1338 1770 1366 celsis-

975 1381 1044 1408 sima
1057 1381 1090 1408 ad
1106 1382 1284 1410 humilitatem
1299 1387 1418 1410 nostram
1433 1389 1493 1410 sese
1506 1381 1656 1414 inclinavit,
1674 1387 1704 1409 ut
1720 1390 1770 1410 nos

975 1427 1135 1456 extolleret:
1159 1432 1187 1456 et
1212 1428 1256 1463 qui
1274 1428 1368 1464 plenus
1399 1433 1468 1462 erat,
1496 1433 1584 1456 semet
1612 1428 1768 1463 aliquandiu

975 1474 1059 1508 gloria
1087 1481 1135 1502 sua
1152 1474 1312 1508 exinanivit,
1329 1479 1358 1502 ut
1387 1482 1436 1502 nos
1450 1474 1615 1510 plenitudine
1629 1482 1676 1502 sua
1692 1482 1769 1502 cetu-

127 1523 204 1559 ρώσῃ
221 1523 267 1550 τοῦ
285 1523 470 1559 πληρώματος
484 1523 569 1551 αὑτοῦ
580 1545 587 1557 ,
603 1524 649 1551 τὸν
663 1524 744 1552 αὑτὸν
759 1525 861 1562 τρόπον
875 1526 923 1553 καὶ

982 1520 1075 1555 aleret;
1093 1520 1128 1548 ita
1137 1525 1229 1548 sancta
1246 1521 1376 1555 maiestas
1391 1525 1612 1557 tua,quanquam
1632 1521 1708 1549 nihili
1724 1521 1768 1549 in-

125 1570 142 1604 ἡ
158 1570 226 1604 ἁγία
240 1570 366 1605 βασιλεία
380 1579 427 1597 σου
441 1570 570 1605 ἀνενδεὴς
583 1572 615 1597 ὲκ
629 1572 737 1598 πάντων
751 1572 921 1608 ὑπάρχουσα,

124 1616 164 1647 ὡς
177 1616 271 1650 ἐνδεὴς
284 1615 414 1650 ἐπιθυμεῖ
425 1617 459 1652 τῇ
472 1616 596 1652 ἡμετέρᾳ
610 1617 732 1652 πτωχείᾳ
745 1618 922 1652 κοινωνῆσαι,

124 1662 177 1688 οὐκ
195 1662 236 1692 εἰς
259 1661 457 1697 ἀναπλήρωσιν
477 1662 527 1696 τῆς
550 1662 724 1698 ὑστερήσεως
746 1663 842 1699 αὐτῆς,
864 1664 922 1691 ἀλλ’

125 1707 181 1735 ὑπὸ
201 1708 251 1743 τῆς
274 1707 350 1740 θείας
369 1707 480 1744 ἀγάπης
499 1708 649 1744 ἡττηθεῖσι
672 1709 720 1736 τοῦ
742 1710 923 1742 κελεύσαντος

124 1756 238 1790 ἀγαπᾷν
255 1754 294 1790 μὴ
311 1755 393 1790 μόνον
409 1755 455 1782 τὸν
472 1755 586 1790 πλησίον
601 1756 639 1788 ὠς
656 1757 753 1783 ἑαυτὸν
764 1777 771 1789 ,
789 1757 857 1784 ἀλλὰ
875 1757 922 1784 καὶ

124 1802 172 1828 τδν
188 1801 295 1836 ἐχθρὸν,
321 1802 368 1829 καὶ
388 1804 426 1838 μὴ
440 1802 471 1829 τὸ
489 1802 588 1830 ἑαυτοῦ
610 1803 690 1838 μόνον
709 1803 800 1839 ζητεῖν
818 1803 921 1839 συμφέ-

125 1856 185 1884 ρον,
201 1848 270 1875 ἀλλὰ
286 1848 332 1876 καὶ
345 1848 377 1875 τὺ
390 1848 438 1876 τοῦ
454 1849 581 1884 πλησίον,

161 1894 208 1921 Διδ
230 1895 278 1922 καὶ
300 1895 381 1931 ἡμεῖς
403 1895 592 1931 διαλεχθέντες
616 1897 648 1924 ὲκ
671 1897 720 1932 τῆς
741 1897 920 1925 θεοπνεύστου

124 1941 239 1977 Γραφῆς
254 1941 324 1976 μετὰ
337 1941 384 1969 τοῦ
400 1943 602 1975 ἀποσταλέντος
619 1944 764 1978 φιλοσόφου
781 1944 858 1980 παρὰ
871 1945 921 1979 τῆς

124 1987 208 2021 ἁγίας
227 1988 365 2023 βασιλείας
383 1997 430 2016 σου
441 2011 448 2023 ,
467 1989 583 2024 ἰάθημεν
598 1989 643 2016 τὸν
657 1989 736 2022 νοῦν,
754 1990 921 2022 ἀκούσαντες

124 2033 180 2060 τῶν
191 2034 280 2068 λόγων
291 2035 340 2070 τῆς
353 2035 471 2067 πίστεως
479 2035 644 2070 Ἐκκλησίας
652 2035 706 2062 τῶν
714 2036 858 2072 Ῥωμαίων
869 2037 918 2073 (ιι).

124 2081 182 2107 Καὶ
201 2081 256 2116 γὰρ
277 2081 331 2108 ἀπὸ
352 2081 467 2108 ἰδιωτῶν
484 2090 566 2108 τινων
584 2082 638 2108 τῶν
657 2082 711 2109 ἀπὸ
729 2083 783 2109 τῶν
803 2082 920 2109 ἐνταῦθα

118 2127 220 2167 ’μερῷν
234 2129 284 2162 τῆς
299 2127 437 2162 θαλάσσης
452 2128 628 2163 καλουμένων
646 2128 803 2163 Ῥωμαίων,
819 2128 920 2162 ἠκούο-

125 2182 177 2208 μεν
192 2175 273 2209 ἡμεῖς
287 2182 316 2200 τε
332 2174 380 2201 καὶ
394 2174 418 2201 οἱ
435 2174 488 2209 πρὸ
504 2174 585 2210 ἡμῶν
599 2173 695 2208 λόγους
710 2175 759 2210 οὐχ
775 2174 863 2208 ὑγιεῖς
879 2175 920 2207 εἰς

976 1567 1046 1602 diga,
1063 1571 1183 1595 attamen
1205 1568 1311 1603 egentis
1324 1568 1409 1595 instar
1428 1575 1488 1596 cum
1502 1573 1592 1596 nostra
1613 1569 1769 1603 gestitpau-

975 1617 1079 1648 pertate
1106 1614 1230 1647 versari;
1261 1622 1312 1641 non
1329 1619 1359 1641 ιιι
1382 1614 1499 1649 aliquem
1529 1614 1665 1642 defectum
1688 1622 1767 1642 suum

975 1659 1036 1686 inde
1052 1659 1187 1695 suppleat,
1208 1660 1254 1688 sed
1270 1665 1298 1687 ut
1314 1660 1397 1688 divini
1415 1661 1516 1688 amoris
1531 1661 1698 1696 obsequatur
1715 1662 1767 1688 im-

974 1705 1072 1739 pulsui,
1090 1713 1143 1740 quo
1155 1705 1284 1740 jubemur
1299 1713 1352 1732 non
1367 1710 1470 1733 tantum
1484 1706 1608 1734 homines
1631 1707 1768 1741 proximos

973 1759 1023 1778 ceu
1057 1751 1236 1786 nosmetipsos
1258 1751 1380 1787 diligere,
1411 1759 1503 1779 verum
1518 1753 1600 1779 etiam
1623 1753 1768 1788 inimicos,

974 1803 1061 1831 neque
1077 1800 1184 1824 nostras
1200 1796 1298 1831 solum,
1313 1804 1405 1825 verum
1418 1797 1500 1826 etiam
1516 1798 1619 1826 alienas
1635 1799 1766 1827 utilitates

973 1851 1081 1871 curare.

1009 1897 1102 1932 itaque
1119 1902 1146 1925 et
1161 1905 1210 1925 nos
1227 1905 1354 1925 sermone
1370 1898 1504 1930 instituto,
1518 1898 1604 1925 sacris
1619 1899 1767 1933 Scripturis

972 1943 1100 1976 ducibus.
1129 1951 1191 1971 cum
1222 1944 1383 1979 philosopho
1406 1951 1421 1970 a
1450 1949 1545 1972 sancta
1571 1945 1765 1978 majestatetua
1787 1948 1792 1954 '

974 1989 1067 2022 misso,
1085 1990 1182 2017 mentis
1194 1990 1340 2024 quamdam
1353 1990 1515 2018 medicinam
1543 1992 1645 2026 experti
1661 2000 1764 2025 sumus,

973 2044 1033 2063 cum
1047 2036 1127 2063 ﬁdem
1156 2035 1286 2064 Romanae
1300 2036 1426 2065 Ecclesiae
1441 2045 1473 2064 ex
1492 2038 1612 2073 prtedicti
1637 2039 1687 2066 viri
1701 2047 1765 2066 ora-

973 2083 1241 2117 tionecoguovimus.
1259 2083 1364 2111 Etenim
1388 2084 1422 2111 ab
1450 2084 1575 2112 obscuris
1602 2086 1764 2120 quibusdam

973 2129 1171 2156 maritimarum
1201 2130 1341 2165 regionum
1368 2130 1479 2163 accolis,
1516 2131 1609 2165 quise
1626 2131 1764 2160 Romanos

973 2174 1143 2209 dictitabant,
1154 2180 1182 2204 et
1205 2184 1276 2204 nunc
1286 2181 1314 2204 et
1341 2177 1406 2205 olim
1419 2179 1511 2206 nescio
1522 2186 1590 2212 quos
1603 2186 1764 2206 sermuncu-

121 2218 174 2252 τὴν
194 2218 351 2252 οἰκονομίαν
371 2217 417 2245 τοῦ
436 2219 557 2254 Χριστοῦ
576 2219 778 2254 λαλουμένοιις⁹
802 2220 848 2246 καὶ
869 2221 920 2255 ἡρ-

984 2228 1015 2248 os
1045 2221 1080 2249 de
1098 2221 1198 2250 Christi
1222 2223 1409 2251 incarnatione
1423 2231 1476 2251 non
1491 2231 1571 2252 sanos
1586 2225 1738 2252 audivimus
1753 2234 1761 2252 :

124 2263 276 2298 ρωστῶμεν
291 2263 360 2299 lead.
379 2264 544 2300 ἠρωτῶμεν]
554 2264 601 2292 τοῦ
614 2265 749 2301 ἡμετέρου
763 2265 821 2296 νοὸς
837 2274 920 2292 σκαν-

122 2309 313 2344 δσλιζομένου,
331 2309 618 2346 ὕπολαμϐἁνοντεςετς
632 2320 657 2338 τι
668 2312 749 2346 μέρος
761 2311 808 2338 τοῦ
819 2311 920 2338 Νεστο-

124 2356 185 2390 ρίου
208 2356 402 2391 παρεκκλίνειν
422 2357 506 2391 ὑμᾶς.
527 2356 663 2392 Καθάπερ
683 2357 730 2383 καὶ
754 2356 834 2392 ὑμεῖς
855 2358 920 2393 περὶ

123 2401 205 2436 ἡμῶν
222 2402 254 2428 ὲκ
270 2402 324 2429 τῶν
341 2403 484 2438 ἡμετέρων
503 2403 617 2430 ἰδιωτῶν
633 2402 681 2430 τοῦ
698 2403 920 2439 ἀποσκιρτησὰν-

123 2457 180 2475 των
204 2449 345 2484 ἀφ’ἡμῶν
368 2449 413 2477 διὰ
437 2449 485 2485 τὴν
511 2447 634 2478 ἄτακτον
654 2450 793 2485 διαγωγὴν
817 2450 917 2483 αὐτῶν,

123 2495 240 2529 ἠκούετε
259 2496 285 2522 οἰ
301 2496 357 2524 τῶν
374 2497 436 2523 καθ’
449 2496 528 2531 ἡμῶν
547 2496 714 2524 καταλαλιὰν
732 2497 770 2528 ὥς
787 2505 814 2523 τι
831 2496 918 2532 δῶρον
938 2520 951 2536 θ

124 2541 297 2577 προσέφερον
312 2541 429 2569 ἐνώπιον
444 2542 522 2578 ὑμῶν
537 2542 607 2570 κατὰ
620 2542 668 2569 τοῦ
685 2542 738 2578 πρὸ
753 2542 831 2578 ὑμῶν
845 2543 920 2570 εὐδο-

125 2589 220 2623 κιμεῖν
232 2589 300 2625 πρὸς
313 2589 385 2625 ὑμᾶς
400 2590 432 2616 ὲκ
444 2589 539 2617 τούτου
555 2590 602 2616 καὶ
615 2589 781 2616 οἰκειοῦσθαι
796 2590 920 2625 ὑπολαμ-

163 2661 171 2677 ¹
188 2660 286 2696 Ephcs.
303 2668 332 2694 ll,
347 2661 390 2688 Η.

162 2727 201 2762 (:2)
232 2726 397 2754 Vocabulum
425 2733 593 2763 corruptum,
623 2732 652 2755 ut
681 2732 754 2762 puto,
778 2735 793 2755 ε
819 2726 914 2755 Grmco

123 2765 258 2796 scriptore
283 2770 316 2790 cx
342 2763 506 2790 Armeniaco
535 2772 668 2798 puttagan,
687 2764 732 2798 qui
747 2768 788 2790 est
811 2769 913 2796 orator,

135 2805 237 2824 «unius.

135 2810 145 2822 ι’
185 2805 192 2822 ί
229 2817 237 2824 .

122 2800 131 2825 l
148 2806 259 2863 ἔφὸῗᾍὺ
274 2833 408 2860 Armeniis
437 2834 469 2860 de
495 2834 657 2861 monachatu
684 2834 853 2869 patriarchas
868 2841 911 2862 as-

123 2870 195 2898 sumi
216 2869 321 2901 solitos,
339 2874 508 2900 compertum
526 2873 577 2898 est.

971 2266 1084 2301 ideoque
1115 2268 1141 2294 in
1158 2267 1345 2303 aegritudinem
1373 2270 1517 2305 quamdam
1542 2270 1685 2298 incidimus
1705 2279 1764 2306 pro-

971 2317 1031 2346 ιῑιιι·
1055 2317 1172 2340 mentem
1199 2318 1320 2342 nostram
1333 2315 1460 2342 seandalo
1473 2314 1614 2348 offensam,
1637 2317 1698 2350 quia
1713 2323 1763 2343 vos

970 2359 1123 2393 putavimus
1139 2359 1165 2386 in
1182 2366 1284 2394 partem
1311 2361 1428 2396 aliquam
1443 2361 1611 2389 Nestorianae
1626 2362 1761 2389 haereseos

970 2406 1158 2434 declinavisse.
1169 2405 1295 2435 Vicissim
1319 2415 1366 2434 vos
1378 2415 1392 2434 a
1406 2408 1579 2443 popularibus
1597 2409 1763 2444 quibusdam

970 2453 1078 2485 nostris,
1099 2453 1144 2487 qui
1163 2453 1197 2480 ob
1209 2453 1361 2482 inconditos
1381 2461 1470 2481 mores
1501 2461 1516 2481 a
1530 2455 1608 2482 nobis
1620 2463 1650 2482 se
1660 2455 1761 2483 subdu-

971 2497 1078 2532 xerunt,
1109 2499 1204 2526 malam
1226 2500 1258 2526 de
1269 2500 1346 2528 nobis
1366 2501 1463 2527 famam
1479 2501 1633 2534 accepistis,
1652 2501 1715 2528 dum
1733 2501 1760 2527 hi

971 2551 1032 2572 suas
1058 2549 1150 2572 contra
1169 2553 1219 2574 nos
1241 2546 1392 2574 calumnias
1404 2547 1466 2573 donl
1484 2547 1569 2574 instar
1582 2548 1614 2574 ad
1626 2546 1760 2574 vosall‘er-

972 2595 1043 2623 rent,
1057 2592 1170 2625 gratiam
1186 2596 1303 2619 vestram
1316 2597 1395 2627 atque
1417 2592 1565 2620 amicitiam
1582 2593 1681 2620 lucrari
1694 2601 1759 2628 spe-

1007 2729 1045 2763 (ι)
1073 2728 1251 2766 ἰξοηιιιιιονιιηι
1277 2729 1387 2766 nomine
1413 2730 1484 2765 apud
1507 2730 1667 2766 Byzantinos
1690 2730 1758 2758 scri-

969 2769 1061 2800 ptores
1074 2763 1178 2800 ercos
1198 2765 1322 2800 deuotari
1338 2763 1442 2797 solitos,
1457 2763 1624 2800 exploratum
1639 2771 1698 2799 est;
1710 2767 1756 2800 qui

969 2799 1151 2835 ohinroluute
1170 2799 1195 2825 in
1213 2799 1322 2835 oriente
1343 2799 1636 2834 itnperium'llomanos
1652 2809 1690 2835 se,
1704 2799 1757 2828 Oe~

970 2834 1116 2861 cidentales
1128 2840 1216 2862 autem
1236 2834 1343 2862 Latinos
1361 2836 1542 2871 appellabant.
