1942 3081
141 107 193 141 215

839 109 1059 141 THEORIANI

1717 108 1772 140 216

138 173 243 197 rantes.
271 167 361 201 Quare
383 171 410 195 et
434 168 517 196 animi
549 169 631 197 vestri
654 169 783 198 seandalo
807 170 932 205 percussi

995 170 1124 202 ἲᾰνοντες.
1148 171 1194 197 Διὺ
1217 170 1442 203 ἐσκανδαλίζεσοε
1463 171 1508 197 τὸν
1531 169 1594 196 νοῦν
1615 167 1662 195 καὶ
1685 167 1774 202 ὑμεῖς,
1815 162 1822 168 ”

139 220 215 248 sttnt,
231 215 293 242 dum
303 222 353 243 nos
367 214 511 250 Eutycheti
528 215 641 250 ejusque
655 216 818 244 asseciarum
832 216 931 251 dogma

140 268 235 290 tenere
266 263 410 297 putaretis,
507 270 588 290 unam
611 267 737 290 naturam
751 271 835 298 pravo
849 271 930 291 sensu

141 313 277 336 asserunt.
291 308 484 336 Verumtamen
503 317 534 337 ex
549 309 600 337 hac
611 309 737 344 colloquii
759 310 932 337 ventilatione

142 355 244 382 nudata
264 358 305 382 est
334 355 477 390 palamque
506 355 629 383 convicta
646 356 780 390 utrimque
796 356 931 383 mentien-

139 402 207 428 tium
233 400 346 434 falsitas,
371 401 472 436 prodiit
497 402 524 428 in
551 402 639 429 lucem
664 402 775 436 veritas,
801 401 933 436 planeque

139 445 262 474 constitit
290 451 346 474 tum
371 453 420 475 vos
445 455 460 474 a
477 447 635 476 Nestoriana
657 448 798 481 divisione,
813 453 868 476 tum
883 456 933 476 nos

141 493 176 520 ab
204 492 374 528 Eutychiana
407 493 566 521 confusione
591 493 671 528 longe
685 494 780 521 abesse
795 503 802 520 :
818 494 931 521 invicem

140 544 240 572 autem,
256 546 305 574 per
333 538 379 566 Dei
396 539 521 575 gratiam,
541 539 655 574 proximi
672 539 725 573 yisi
743 546 845 572 sumus,
862 539 932 574 quod

142 585 241 613 attinet
268 585 301 613 ad
326 586 482 620 dogmatum
508 585 708 613 rectitudinem.
739 584 791 613 Sed
804 586 931 620 quoniam

140 632 226 659 vestri
251 631 356 666 imperii
377 635 506 667 potestas,
529 639 589 665 quae
611 631 754 659 sacerdotii
778 632 933 659 libertatem

141 678 269 713 prOtegit,
297 677 369 713 genti
397 681 496 705 nostrae
531 678 565 705 ab
607 677 754 705 inﬁdelium
791 678 934 713 tyrannide

141 729 233 759 erepta
249 728 302 756 est,
317 723 418 752 idcirco
436 731 512 751 meus
535 731 643 760 quoque
659 724 832 759 pontiﬁcatus
848 724 935 757 patrio

142 771 200 808 solo
216 779 248 799 ac
261 773 324 800 sedc
339 771 477 807 depulsus,
492 772 519 800 in
533 772 620 800 aliena
630 772 739 808 regione
753 773 933 808 periclitatur.

143 818 324 851 Quamobrem
349 826 436 854 neque
463 818 490 846 in
513 819 639 854 praesenti
661 818 853 846 Armeniorum
878 820 935 854 epi-

142 865 218 899 scopi
245 869 272 892 et
290 864 416 893 doctores
430 872 522 893 coram
552 865 660 897 adsunt,
682 873 770 901 neque
790 866 852 893 licet
877 866 935 894 sine
949 850 972 880 Β

142 910 239 938 horum
266 912 385 946 generali
401 911 516 940 concilio
536 912 660 947 quaesitui
684 917 776 940 vestro
804 918 935 947 quantum

142 964 210 992 opus
225 961 268 985 est
285 958 459 992 respondere,
474 965 509 985 ne
525 965 574 992 pro
597 959 740 986 concordia
757 965 850 986 ansam
868 959 936 986 tnui-

143 1003 262 1038 tiplicem
280 1003 424 1031 discordiae
451 1004 556 1036 demus,
577 1011 663 1039 neque
684 1004 869 1032 inconstanter
885 1004 935 1031 aii—

143 1049 208 1084 quid
235 1049 420 1078 absurdumve
446 1049 598 1085 loquamur.
625 1049 708 1085 Igitur
728 1049 800 1077 haud
831 1055 936 1078 rectum

145 1096 213 1123 mihi
226 1096 314 1124 visum
340 1101 466 1129 est,‘cum
482 1096 514 1124 iis
530 1101 635 1123 tantum
662 1096 707 1131 qui
723 1096 795 1124 circa
814 1104 857 1124 me
874 1102 937 1123 sunt

143 1142 311 1176 horninibus,
336 1143 370 1170 de
391 1143 441 1170 hac
467 1142 625 1178 gravissima
639 1143 823 1171 controversia
839 1142 937 1171 ‘defun-

143 1189 247 1217 sionem
262 1189 393 1221 scribere.
409 1189 484 1224 prius
494 1197 574 1225 quam
590 1189 617 1217 in
629 1190 787 1217 Armeniam
801 1198 936 1226 magnam,

144 1235 200 1264 imo
224 1239 252 1263 et
281 1234 309 1262 in
339 1235 461 1271 reliquas
475 1236 548 1264 orbis
577 1240 668 1272 partes
681 1237 791 1264 nuntios
803 1237 937 1270 miserim,

145 1276 313 1317 cunctosque
342 1277 533 1310 Armeniorum
553 1282 688 1318 sapientes
706 1283 948 1318 congregaverim,

145 1335 293 1365 coramque
315 1328 382 1364 ipsis
396 1333 515 1357 vestram
542 1329 612 1358 hanc
630 1329 663 1357 de
681 1329 733 1358 [ide
754 1334 782 1357 et
796 1329 939 1366 disciplina

100 1375 104 1379 “
145 1373 275 1402 Ecclesiae
288 1374 650 1410 anastionemexposuerim
669 1384 676 1403 :
693 1375 764 1410 quod
788 1383 849 1403 cum
882 1375 939 1409 ﬂet,

146 1421 272 1456 equidem
297 1428 392 1464 omnes
399 1429 474 1449 meos
483 1427 606 1455 conatus,
617 1422 748 1456 studium,
762 1422 938 1455 voluntatem,

146 1464 532 1501 operam,",adhortationem,
562 1469 616 1496 vim
630 1469 747 1504 exempli
783 1469 882 1504 ipsam,
911 1469 939 1496 in

145 1522 179 1541 eo
205 1514 343 1542 collocabo
373 1520 402 1542 ut
423 1515 524 1561 amo-ris
551 1515 636 1543 mutui
656 1516 786 1551 pacisque
799 1516 872 1543 inter
890 1523 938 1543 nos
954 1527 976 1558 ρ

147 1562 332 1591 instauranda:
347 1566 441 1589 auctor
454 1562 503 1589 sim
522 1571 528 1588 :
546 1561 671 1590 videlicet
684 1567 773 1590 utnos
788 1561 938 1595 vobiscum,

148 1608 194 1643 qui
213 1608 317 1642 priores
333 1609 384 1636 hoc
396 1607 517 1643 spiritale
531 1608 629 1636 bonum
644 1609 701 1636 ﬁeri
714 1609 841 1642 curastis,
857 1609 943 1636 beati-

148 1656 242 1683 tudine
255 1655 299 1683 iiTa
314 1655 486 1690 pacificorum
500 1656 573 1692 digni
585 1656 681 1690 simus,
699 1663 779 1691 quam
793 1656 820 1683 in
851 1655 942 1684 Evan-

148 1701 220 1736 geiio
234 1701 358 1730 Christus
386 1701 522 1737 promisit.
535 1703 668 1736 Quoniam
684 1711 750 1732 vero
762 1703 840 1731 missi
854 1711 869 1730 a
883 1711 942 1730 ma-

148 1748 291 1782 gnitudine
305 1753 349 1775 tua
364 1748 414 1775 viri
429 1747 641 1783 postulaverunt,
658 1753 767 1775 utnunc
780 1749 860 1776 etiam
877 1748 940 1776 bre-

150 1798 211 1821 v‘em
239 1793 356 1830 aliquem
372 1793 473 1828 scripto
488 1791 688 1828 sermonemide
703 1799 795 1822 nostra
813 1794 840 1821 in
858 1795 940 1821 rebus

149 1840 212 1867 ﬁdei
226 1840 360 1868 sententia
377 1840 412 1868 ad
440 1845 561 1868 sanctam
587 1839 754 1874 maiestatem
771 1845 843 1867 tuam
854 1841 943 1868 mitte-

149 1893 253 1919 remus,
270 1886 296 1913 id
320 1893 386 1914 sane
399 1886 523 1919 fecimus,
537 1886 609 1913 haud
622 1885 678 1913 fere
694 1887 805 1918 nostris,
819 1886 866 1914 sed
881 1893 944 1914 san-

150 1938 256 1960 ctorum
273 1933 318 1967 qui
334 1938 396 1960 ante
407 1932 608 1967 separationem
625 1933 717 1960 vixere
729 1933 868 1961 doctorutn
882 1940 944 1960 ver-

148 1979 193 2006 bis
205 1984 323 2008 utentes.

983 216 1139 252 νομίζοντες
1157 219 1231 253 ἡμᾶς
1249 219 1403 253 ὁμόφρονας
1420 216 1490 245 εἶναι
1505 216 1553 243 τοῦ
1572 214 1709 251 Εὑτυχοῦς
1728 215 1777 241 καὶ

982 263 1036 291 τῶν
1059 264 1226 300 μετάὑτοῦ,
1248 264 1303 291 τῶν
1323 264 1458 299 λεγόντων
1482 262 1546 298 μίαν
1567 261 1648 296 φύσιν
1670 260 1775 292 κακῶς.

983 311 1056 346 Πλὴν
1071 312 1103 338 ὲκ
1117 312 1166 347 τῆς
1182 311 1296 346 ἐρεύνης
1311 310 1415 346 ταύτης
1447 308 1595 344 ἐγυμνώθη
1610 307 1658 334 καὶ
1673 307 1778 332 ἀπεκα-

982 357 1071 393 λύφθη
1085 359 1100 391 ὴ
1114 358 1206 393 ἀπάτη
1219 357 1267 392 τῆς
1282 356 1459 392 ψευδολογίας
1475 355 1626 390 ἑκατέρων,
1640 354 1687 380 καὶ
1701 351 1778 379 ἐδιώ-

983 404 1049 439 χθη,
1066 405 1114 431 καὶ
1130 403 1235 439 φανερὰ
1251 403 1363 438 γέγονεν
1378 403 1395 438 ὴ
1411 401 1543 436 ἀλήθεια,
1559 400 1607 427 καὶ
1622 397 1778 434 ὲστερεώῦη

982 452 1023 478 ὅτι
1044 451 1154 486 μακρὰν
1170 449 1216 484 ἀφ’
1228 449 1304 484 ὑμῶν
1321 450 1394 475 ἐστιν
1409 449 1426 483 ἡ
1442 447 1489 474 τοῦ
1507 446 1657 481 Νεστορίου
1674 444 1779 476 διαίρε-

984 506 1036 528 σις,
1060 496 1108 523 καὶ
1128 496 1174 530 ἀφ’
1192 495 1271 531 ὴμῶν
1293 495 1308 530 ἡ
1331 494 1378 521 τοῦ
1403 493 1543 529 Εὑτυχοῦς
1564 493 1709 527 σύγχυσις,
1733 489 1781 516 καὶ

985 543 1100 578 πλησίον
1114 542 1236 577 ἀλλήλων
1250 543 1403 576 γεγόναμεν
1416 542 1450 576 τῇ
1467 539 1596 575 ὀρθότητι
1609 539 1662 565 τῶν
1675 536 1781 571 δογμά-

984 600 1038 617 των
1048 611 1054 623 ,
1072 590 1164 625 χάριτι
1178 589 1226 616 τοῦ
1241 588 1320 616 Θεοῦ.
1337 588 1446 623 Ἐπειδὴ
1462 587 1491 614 δὲ
1506 588 1519 614 6
1537 586 1631 622 θρόνος
1646 585 1696 621 τῆς
1711 585 1781 619 ὑμε-

984 638 1067 672 τέρας
1083 636 1240 670 βασιλείας,
1258 636 1303 670 ἀφ’
1316 631 1346 662 οὒ
1362 635 1378 670 ἡ
1394 635 1443 670 τῆς
1459 632 1667 669 ἀρχιερωσύνης
1682 630 1781 658 αὺοεν-

984 685 1029 711 τία
1045 683 1221 720 κρατύνεται,
1236 683 1377 718 ἀφῄρηται
1392 681 1447 708 ἀπὸ
1460 680 1506 707 τοῦ
1523 680 1619 714 γένους
1635 677 1713 713 ήμῶν
1728 676 1783 702 ἀπὸ

985 731 1034 765 τῆς
1049 730 1206 766 τυραννίδος
1220 729 1276 756 τῶν
1291 727 1466 762 ἀλλοφύλων,
1481 726 1526 753 διὰ
1539 725 1619 752 τοῦτο
1635 725 1681 751 καὶ
1696 724 1713 758 ὴ
1730 723 1782 757 ἁρ-

986 776 1140 812 χιερωσύνη
1162 775 1242 812 ἡμῶν
1265 775 1380 810 ἐδιώχθη
1402 774 1457 801 ἀπὸ
1478 773 1528 808 τῆς
1549 772 1666 808 πατρίου
1689 769 1782 804 χώρας

987 824 1034 850 καὶ
1048 823 1094 850 τοῦ
1112 823 1218 858 θρόνου,
1233 821 1281 849 καὶ
1296 823 1336 853 εἰς
1352 820 1498 855 ἀλλοτρίαν
1512 819 1605 854 χώραν
1621 815 1784 846 κλυδωνίζε-

987 879 1030 897 ται
1056 869 1236 905 παροικοῦσα.
1258 868 1303 901 Ἐξ
1325 866 1358 904 ἧς
1382 867 1472 898 αἰτίας
1496 867 1547 892 οὐκ
1572 865 1672 900 ἔχομεν
1698 862 1784 896 ἐγγὺς

988 918 1056 953 προς
1073 917 1103 944 τὸ
1121 917 1208 953 παρὸν
1224 917 1287 947 τοὺς
1305 916 1446 951 ἀρχιερεῖς
1466 914 1514 940 καὶ
1533 911 1710 941 διδασκάλους
1728 908 1784 935 τῶν

994 963 1145 998 Ἀρμενίων
1157 970 1163 978 ·
1185 963 1233 989 καὶ
1254 962 1339 998 χωρὶς
1357 962 1408 996 τῆς
1428 960 1483 987 τῶν
1503 960 1613 987 πάντων
1633 955 1784 991 συμϐολῆς,

988 1008 1148 1036 ἀνένδεκτόν
1169 1008 1227 1034 ἐστι
1245 1007 1352 1034 τελείαν
1371 1005 1463 1033 δοῦναι
1480 1003 1628 1038 ἀπολογίαν
1645 1001 1683 1037 τῷ
1700 1008 1786 1036 προσ-

987 1056 1109 1090 τάγματι
1127 1055 1175 1081 soi
1200 1054 1358 1090 ζητήματος
1393 1052 1487 1087 ὑμῶν,
1511 1052 1554 1078 ἵνα
1578 1050 1616 1085 μὴ
1638 1049 1699 1077 ἀντὶ
1721 1047 1787 1074 ὲνώρ

989 1111 1069 1134 σεως,
1089 1101 1235 1136 διαφόρους
1258 1101 1350 1132 αἰτίας
1374 1098 1539 1137 παρέξῳμεν
1561 1094 1715 1132 χωρισμοῦ,
1737 1092 1787 1119 καὶ

989 1149 1186 1184 σεσαλευμένοι
1203 1149 1251 1175 καὶ
1268 1147 1409 1175 ἀλλόκοτοι
1426 1145 1543 1180 γενῶσιν
1559 1144 1583 1171 oi
1602 1143 1676 1177 λόγοι
1693 1140 1785 1177 ὴμῶν.

989 1196 1039 1222 Διὰ
1056 1195 1135 1222 τοῦτο
1152 1194 1203 1221 οὐκ
1220 1193 1397 1229 ἐνδεχόμενον
1415 1191 1503 1223 ἔδοξεν
1520 1189 1586 1225 ἡμῖν
1608 1187 1677 1223 μετὰ
1699 1186 1788 1221 μόνων

989 1242 1044 1269 τῶν
1061 1242 1127 1278 παρ’
1141 1241 1213 1276 ἡμᾶς
1233 1240 1339 1276 γράψαι
1359 1239 1408 1274 τὴν
1427 1237 1584 1271 ἀπολογίαν
1597 1235 1644 1262 τοῦ
1662 1233 1788 1260 τοιούτου

992 1287 1112 1323 μεγάλου
1127 1286 1295 1322 ζητήματος,
1310 1286 1407 1321 μέχρις
1419 1284 1454 1311 ἃν
1466 1281 1672 1315 ἀποστείλωμεν
1685 1279 1726 1310 εἰς
1738 1278 1790 1311 τὴν

993 1334 1116 1370 μεγάλην
1131 1334 1158 1360 ‘A
1165 1333 1279 1369 ρμενίαν
1289 1353 1296 1365 ,
1313 1333 1360 1359 καὶ
1375 1332 1415 1363 εἰς
1429 1331 1483 1358 πᾶν
1500 1330 1583 1366 μέρος
1595 1328 1646 1363 τῆς
1660 1325 1789 1359 οἰκουμέ-

991 1387 1056 1416 νης,
1071 1381 1118 1407 καὶ
1135 1378 1345 1414 ἐπισυνὰξωμεν
1360 1378 1484 1409 ἅπαντας
1500 1377 1563 1407 τοὺς
1579 1372 1621 1405 οἷς
1636 1375 1694 1400 ἐστι
1709 1372 1790 1399 66v;-

993 1436 1040 1462 μις
1058 1426 1156 1462 σοφίας
1174 1426 1351 1462 Ἀρμενίους,
1371 1425 1419 1451 καὶ
1437 1423 1554 1450 ἐνώπιον
1574 1420 1666 1448 αὐτῶν
1686 1417 1791 1453 προθή-

994 1481 1084 1508 σωμεν
1099 1473 1145 1499 τὸν
1162 1472 1229 1507 παρ’
1242 1471 1319 1506 ὑμῶν
1336 1470 1506 1506 ζητούμενον
1522 1467 1588 1501 περὶ
1604 1466 1654 1501 τῆς
1671 1464 1791 1494 πίστεως

992 1521 1039 1547 καὶ
1058 1519 1108 1555 τῆς
1128 1519 1233 1552 τάξεως
1251 1519 1302 1554 τῆς
1319 1517 1485 1552 Ἐκκλησίας
1506 1515 1596 1548 λόγον,
1616 1511 1684 1548 ἐμοῦ
1705 1519 1792 1538 κατα-

995 1567 1186 1602 ναγκάζοντος
1200 1565 1247 1592 καὶ
1264 1565 1476 1595 ἐπισπεύδοντος
1490 1562 1538 1590 καὶ
1553 1560 1608 1588 οἷον
1622 1557 1793 1593 ἀγωνιζομέ-

994 1622 1040 1640 νου
1058 1613 1104 1639 καί
1122 1611 1350 1648 προθυμουμένου
1367 1610 1415 1637 καὶ
1430 1608 1613 1644 ποδηγοῦντος
1628 1604 1727 1635 αὐτοὺς
1744 1602 1792 1629 καὶ

995 1659 1213 1695 παροτρύνοντος
1228 1659 1268 1690 εἰς
1283 1658 1313 1685 τὸ
1329 1657 1416 1684 αἴτιον
1430 1656 1479 1691 τῆς
1496 1656 1608 1690 ἀγάπης
1624 1653 1671 1680 καὶ
1686 1652 1736 1686 τῆς
1752 1650 1793 1675 εί-

995 1706 1080 1741 ρήνης
1091 1713 1098 1720 ·
1114 1705 1151 1736 ὡς
1169 1705 1202 1731 ἂν
1218 1706 1265 1732 καὶ
1283 1705 1364 1739 ἡμεῖς
1385 1703 1444 1738 μεθ’
1457 1702 1534 1737 ὑμῶν
1549 1701 1603 1727 τῶν
1619 1697 1793 1731 πρωταιτὶων

994 1752 1041 1779 τοῦ
1065 1751 1186 1778 τοιούτου
1209 1750 1397 1786 πνευματικοῦ
1420 1747 1535 1783 ἀγαθοῦ,
1558 1746 1718 1780 ἀξιωοῶμεν
1743 1741 1792 1769 τοῦ

996 1797 1172 1834 μακαρισμοῦ
1184 1797 1239 1824 τῶν
1251 1796 1430 1832 εἰρηνοποιῶν
1440 1794 1485 1822 τοῦ
1498 1791 1704 1828 ἐπηγγελμένου
1717 1788 1794 1834 παρὰ

994 1843 1042 1869 τοῦ
1061 1842 1190 1878 Χριστοῦ.
1209 1843 1285 1869 Ἐπεὶ
1303 1842 1332 1869 δὲ
1351 1842 1376 1868 oi
1396 1841 1470 1876 παρὰ
1486 1840 1536 1875 τῆς
1556 1838 1632 1874 ὑμῶν
1650 1833 1794 1872 μεγαλειόο

995 1897 1076 1923 τητος
1094 1888 1291 1920 ἀποσταλέντες
1310 1887 1445 1922 ἐζήτησαν
1466 1886 1563 1921 μικρόν
1581 1891 1642 1910 τινα
1659 1881 1707 1908 καὶ
1725 1880 1795 1914 πρὸς

996 1935 1027 1960 τὸ
1046 1935 1133 1970 παρὸν
1147 1934 1226 1968 λόγον
1242 1934 1382 1970 ἔγγραφον
1398 1933 1446 1959 καὶ
1466 1932 1529 1967 περὶ
1544 1931 1593 1964 τῆς
1612 1928 1731 1958 πίστεως
1745 1924 1794 1952 τοῦ

997 1982 1132 2016 ἡμετέρου
1148 1982 1282 2015 δόγματος
1298 1979 1484 2014 ἀποσταλῆναι
1502 1977 1569 2013 πρὸς
1584 1976 1633 2011 τὴν
1648 1974 1730 2009 ἁγίαν
1745 1972 1795 2008 βα-

151 2026 254 2054 σιλεῖαν
272 2032 319 2053 σου
330 2047 336 2059 ,
354 2025 435 2052 τοῦτο
453 2025 644 2061 πεποιήκαμεν
661 2026 710 2052 οὐκ
729 2024 774 2060 ἁφ¹
788 2025 887 2062 ἡμῶν,
905 2026 961 2052 ἀλλ’
981 2027 1035 2054 ἀπὸ
1047 2028 1100 2055 τῶν
1114 2029 1240 2064 χρήσεων
1260 2026 1314 2054 τῶν
1335 2027 1422 2061 ἁγίων
1434 2024 1603 2052 διδασκάλων
1614 2022 1663 2056 τῆς
1680 2019 1796 2054 Ἐκκλη-

152 2074 213 2106 σίας
226 2073 280 2100 τῶν
297 2072 349 2109 πρὸ
363 2072 409 2100 τοῦ
424 2072 577 2108 χωρισμοῦ.

188 2120 354 2149 Coniitemur
373 2120 463 2154 itaque
479 2119 739 2147 consubstantialem
751 2124 779 2147 et
799 2121 948 2148 increatam

153 2171 275 2196 sanctam
299 2166 470 2200 Trinitatem,
496 2166 523 2193 in
540 2170 595 2194 tres
622 2166 777 2194 distinctam
806 2174 948 2202 personas,

154 2221 263 2248 unaque
293 2218 388 2240 natura
405 2216 433 2240 et
447 2212 589 2240 divinitate
609 2213 791 2248 conjunclam,
808 2213 879 2240 haud
894 2214 949 2241 eir—

157 2261 353 2296 c-unscriptam
380 2264 504 2294 tempore
519 2280 526 2292 ,
540 2267 629 2294 neque
644 2265 825 2294 cessaturam,
838 2259 880 2287 vel
892 2261 949 2288 cui-

157 2308 223 2335 iibct
249 2306 393 2334 mutationi
405 2306 565 2339 obnoxiam,
577 2311 606 2333 ut
619 2311 716 2334 creatae
729 2311 831 2334 naturae
849 2306 948 2335 solent.

154 2352 237 2382 Pa'er
271 2358 313 2382 est
351 2353 498 2388 ingenitus,
529 2353 627 2388 quippe
651 2360 666 2379 a
681 2353 789 2380 nemine
813 2360 949 2380 manans:

155 2399 241 2428 Filius
266 2407 280 2426 a
305 2399 384 2426 Patre
404 2399 511 2433 genitus
524 2397 744 2431 incorporaliter,
762 2403 790 2424 ut
805 2405 838 2426 ex
857 2403 950 2425 mente

156 2446 267 2473 verbum
291 2454 299 2472 :
326 2445 443 2480 Spiritus
482 2452 497 2472 a
527 2444 607 2471 Patre
643 2443 951 2479 incomprehensibiiiter

158 2492 427 2526 ittscrntabillterque
444 2491 603 2526 procedens.
618 2489 683 2517 Sine
707 2489 839 2525 principio
850 2489 949 2524 Pater;

159 2546 174 2567 ιι
195 2538 278 2567 Patre
306 2544 398 2567 autem
423 2543 535 2574 experte
554 2537 679 2573 principii
705 2536 810 2571 Filius;
834 2538 952 2573 itemque

160 2582 278 2619 Spiritus
308 2585 446 2620 ingenitus
478 2585 537 2612 sine
561 2584 702 2618 principio,
734 2584 811 2623 cujus
829 2584 866 2612 rei
883 2585 952 2612 ratio

159 2637 248 2664 neque
263 2635 353 2658 mente
365 2630 489 2666 intelligi,
503 2631 688 2666 nequeiingua
705 2631 835 2666 explicari
848 2636 951 2666 potest:

161 2683 215 2703 una
240 2676 376 2708 voluntas,
395 2684 447 2703 una
469 2677 521 2709 vis,
543 2685 594 2704 una
622 2677 740 2712 potentia
758 2687 764 2704 :
779 2685 848 2711 unus
863 2684 950 2704 rerum

159 2723 279 2750 omnium
306 2722 403 2756 factor,
430 2731 499 2750 unus
524 2723 655 2758 provisor,
671 2724 746 2759 cujus
757 2724 839 2758 gloria
853 2724 951 2751 ctelum

160 2769 295 2804 'telusque
319 2769 448 2804 repletur.
477 2770 639 2798 Novissimis
652 2775 741 2798 autem
761 2770 864 2803 diebus,
884 2778 953 2798 tinus

163 2815 194 2842 dc
218 2820 310 2843 sancta
327 2815 471 2848 Trinitatc,
489 2816 573 2843 Filius
608 2823 716 2850 nempe,
733 2816 841 2844 volente
862 2815 954 2850 Putre,

164 2866 190 2889 et
203 2865 297 2890 sancto
314 2860 416 2896 Spir‘tu
432 2867 604 2897 coopcra'tc,
619 2862 652 2890 ad
669 2862 814 2890 humanam
829 2867 952 2891 naturam

1041 2121 1242 2157 Ὀμολογοῦμεν
1257 2121 1323 2155 γοῦν
1351 2119 1493 2154 ὁμοούσιον
1511 2117 1559 2144 καὶ
1576 2116 1724 2151 ἀγέννητον
1745 2114 1796 2149 τὴν

1003 2169 1083 2203 ἁγίαν
1103 2168 1207 2203 Τριάδα
1230 2169 1259 2193 ὲν
1274 2167 1348 2202 τρισὶ
1373 2164 1567 2200 διαιρουμένην
1593 2163 1652 2193 ταῖς
1676 2159 1798 2187 ὑποστά-

1005 2221 1074 2245 σεσι,
1096 2215 1142 2239 καὶ
1168 2213 1207 2244 εἰς
1237 2212 1301 2247 μίαν
1319 2211 1401 2246 φύσιν
1423 2211 1471 2236 καὶ
1495 2209 1611 2244 θεότητα
1634 2206 1796 2241 ἑνουμένην,

1004 2260 1055 2287 οὐκ
1077 2260 1226 2295 εἰργμένην
1250 2260 1279 2286 ἐν
1302 2258 1391 2293 χρόνῳ
1413 2257 1474 2284 οὐδὲ
1488 2255 1645 2290 παυομένην
1663 2254 1679 2289 ἢ
1698 2260 1798 2288 τρεποο

1006 2308 1090 2344 μένην
1105 2307 1142 2339 ὡς
1165 2306 1284 2342 γενητὴν
1307 2306 1399 2339 φύσιν.
1422 2305 1452 2331 '0
1475 2302 1571 2336 Πατὴρ
1592 2301 1751 2336 ἀγέννητος,
1765 2298 1796 2325 οὺ

1004 2355 1058 2390 γὰρ
1082 2355 1113 2380 ἐκ
1134 2362 1217 2386 τινος,
1233 2353 1273 2379 δτι
1297 2353 1326 2385 ἐξ
1349 2351 1472 2382 οὐδενός·
1497 2351 1511 2376 6
1531 2349 1594 2380 Υίδς
1607 2346 1745 2383 ’γεννητὺς
1765 2346 1798 2372 ὲκ

1004 2401 1051 2427 τοῦ
1078 2400 1197 2434 Πατρδς,
1218 2399 1374 2434 ἀσωμάτως
1394 2398 1432 2429 ὡς
1458 2396 1536 2430 λόγος
1562 2397 1594 2422 ἐκ
1613 2394 1659 2421 νοῠ
1673 2402 1680 2409 ·
1703 2393 1750 2419 καὶ
1767 2392 1798 2419 τὸ

1005 2446 1118 2481 Πνεῦμα
1139 2446 1305 2480 ὲκπορευτὺν
1327 2446 1358 2471 ὲκ
1377 2443 1424 2470 τοῦ
1450 2443 1558 2477 Πατρδς
1580 2440 1798 2475 ἀνεξερευνήτως

1006 2490 1053 2516 καὶ
1068 2490 1272 2524 ἀκατανοήτως.
1292 2490 1427 2524 ’Λνπρχος
1456 2489 1470 2514 6
1492 2487 1597 2522 Πατὴρ,
1622 2487 1668 2512 καὶ
1695 2486 1726 2511 ὲκ
1749 2483 1798 2510 τοῦ

1006 2538 1127 2572 ἁνὰρχου
1142 2537 1248 2572 Πατρὺς
1263 2537 1277 2562 ὁ
1294 2536 1373 2567 Υἱός·
1393 2537 1440 2561 καὶ
1456 2534 1487 2561 τδ
1507 2533 1621 2569 Πνεῦμα
1640 2532 1799 2566 ἁγεννήτως

1008 2584 1053 2611 καὶ
1071 2583 1197 2619 ἀνάρχως
1224 2583 1271 2609 καὶ
1294 2582 1497 2616 ἀκαιταλήπτως
1522 2581 1571 2616 νῷ,
1599 2580 1646 2607 καὶ
1671 2580 1800 2615 ἀρρήτως

1007 2630 1079 2665 λόγῳ
1091 2638 1097 2643 ·
1109 2629 1137 2655 ἓν
1156 2629 1261 2664 θέλημα
1276 2629 1322 2655 καὶ
1340 2629 1390 2662 μία
1407 2628 1522 2663 δύναμις
1540 2627 1587 2654 καί
1601 2626 1651 2662 μία
1671 2625 1799 2657 ἐξουσία·

1008 2674 1048 2707 εἷς
1064 2676 1180 2711 ποιητὴς
1193 2676 1250 2702 τῶν
1263 2676 1359 2708 ὄντων,
1373 2676 1420 2702 καί
1441 2675 1482 2706 εἰς
1499 2673 1652 2710 προνοητὴς
1677 2672 1800 2704 πάντων,

1008 2721 1038 2751 οὗ
1053 2723 1160 2759 πλήρης
1174 2724 1188 2749 ὁ
1200 2723 1313 2758 cupavo;
1326 2723 1373 2749 καὶ
1389 2723 1405 2757 ἡ
1421 2722 1454 2756 γῆ
1468 2723 1517 2757 τῆς
1534 2721 1624 2755 δόξης.
1646 2720 1705 2746 Ἐπ’
1717 2718 1801 2753 ἐσχά-

1007 2770 1099 2796 τωνδὲ
1111 2769 1164 2796 τῶν
1176 2767 1297 2804 ἡμερῶν,
1314 2769 1327 2794 6
1344 2766 1383 2799 εἷς
1400 2768 1449 2803 τῆς
1468 2768 1548 2801 ἁγίοις
1565 2766 1680 2801 Τριάῑος
1695 2765 1709 2791 ὁ
1722 2764 1798 2796 Υἱὸς,

1009 2804 1119 2850 εὐδὶκὶᾳ
1134 2814 1181 2841 τοῦ
1198 2814 1302 2850 Harpe;
1322 2815 1368 2840 καί
1386 2813 1531 2848 συνεργείᾳ
1547 2811 1594 2838 τοῦ
1611 2811 1689 2845 ἁγίου
1713 2809 1800 2836 Πνεύ-

1010 2871 1094 2899 ματος
1108 2860 1233 2893 τέκκλινεν
1244 2861 1284 2893 εἰς
1299 2859 1350 2896 τὴν
1366 2860 1503 2895 ἡμετέραν
1515 2859 1596 2895 φύσιν
1610 2858 1653 2885 διὰ
1667 2857 1715 2893 τὴν
1731 2857 1801 2892 ἡμε-
