1942 3081
111 143 162 191 2n

788 144 1018 177 DISPUTATIO
1039 143 1081 175 II.

1698 141 1750 173 218

109 202 192 237 τέραν
210 202 371 236 σωτηρίαν·
390 201 437 227 καὶ
465 202 560 228 ἐλαϐεν
588 203 604 238 ὴ
624 202 714 229 τελεία
738 202 834 237 θεότης
857 203 903 238 τὴν

959 206 1070 238 propter
1098 206 1219 228 nostram
1248 203 1363 228 salutem
1390 205 1476 228 semet
1501 196 1652 230 inclinavit,
1669 198 1704 225 ita
1721 198 1750 225 ut

108 248 216 275 τελείαν
231 247 408 283 ἀνθρωπίνην
420 249 513 283 φύσιν,
526 249 616 285 ψυχὴν
630 249 677 276 κα)⁸
689 250 752 276 νοῦν
766 248 816 277 καὶ¹
824 250 904 284 σῶμα

108 294 140 320 ἔκ
157 294 206 328 τῆς
223 294 408 328 ὰειπαρθένου
423 294 532 330 Μαρίας
543 303 550 310 ·
575 296 621 321 καὶ
646 295 755 328 ἐγένετο
775 295 856 331 καινὴ
872 297 904 322 ὲκ

107 339 153 366 δύο
170 340 280 374 φύσεων
296 340 337 371 εἰς
353 340 417 374 μίαν
436 341 589 368 ὑπόστασιν
607 341 759 368 ἐνωθεισῶν
780 343 904 378 ἀπορρή-

106 395 160 412 τως
181 386 230 412 καὶ
252 386 414 422 ἀχωρίστως
429 394 437 402 ·
458 388 506 414 καὶ
531 388 662 423 ἐγεννήθη
687 388 715 421 ἐξ
737 389 822 424 αὐτῆς
838 389 903 422 Θεὸς

107 433 337 469 ὲνανθρωπὴσας,
354 435 401 460 καὶ
415 434 429 460 ό
444 433 507 465 Υἱὸς
523 434 570 461 τοῦ
584 435 664 468 Θεοῦ,
682 435 746 468 Υἱὸς
758 436 902 472 ἀνθρώπου

107 481 154 506 καὶ
167 479 317 514 γενόμενος
335 481 382 506 καὶ
397 479 565 515 καλούμενος
583 480 637 508 οὗτ*
655 481 792 516 ἠλλοιώθη
808 484 840 510 ἐκ
853 484 903 519 τῆς

107 526 285 561 ἀνθρωπίνης
302 526 398 558 οὐσίας
413 526 443 552 τὺ
453 526 628 562 προσληφθὲν
640 530 672 555 ἐκ
683 529 732 564 τῆς
750 529 901 565 Παρθένου,

106 570 165 597 ἀλλ’
178 571 206 596 ἐν
226 571 259 605 τῇ
273 571 386 607 ἀρρήτῳ
402 571 498 597 ἑνώσει
520 572 570 605 τῆς
587 572 714 608 θεότητος
731 575 777 601 καὶ
793 574 842 609 τῆς
857 576 904 601 ἁν-

107 616 297 652 θρωπότητος,
315 618 424 652 ἔμεινεν
439 619 631 654 ἀμετάῧλητος
642 621 689 646 καὶ
703 621 838 656 ἄτρεπτος
850 621 903 648 τῶν

106 663 245 697 φύτεωνή
266 665 433 700 φανέρωσις,
456 665 526 701 πλὴν
548 666 621 702 μόνῳ
645 667 683 703 νῷ
712 667 902 704 θεωρουμένη,

105 711 154 737 καὶ
171 711 335 746 ἁχωρίστως
350 712 397 738 καὶ
413 712 587 747 ἀδιαιρέπως.
605 714 660 740 Καὶ
671 715 724 749 γὰρ
738 715 903 750 ὑπερέκεινα

105 755 156 791 τῆς
175 757 276 791 μίξεως
291 757 346 783 τῶν
363 757 469 787 θνητῶν
487 759 597 793 φύσεων
613 761 711 787 νοεῖται
726 761 741 795 ὴ
759 762 806 787 τοῦ
821 762 903 797 Ποιη-

105 802 153 829 toﬁ
167 803 268 838 κρᾶσις
281 803 352 838 μετὰ
364 805 410 831 τοῦ
425 805 590 839 κτίσματος·
607 807 711 833 ἐκεῖναι
723 807 804 843 γὰρῆ
820 809 903 843 χωρί-

106 849 199 882 ζονται
223 853 256 885 τῇ
279 850 387 884 ἑνὼσει,
406 852 422 887 ἡ
443 852 661 887 μεταϐάλλουσιν
685 856 725 884 εἰς
746 854 833 881 ἄλλα·
849 855 901 881 ὁδὲ

107 896 227 932 Ποιητὴς
246 897 328 932 φύσει
342 899 445 933 ἥνωται
465 899 542 933 ἡμῖν,
559 900 699 934 χωρισμὸν
714 901 729 935 ἢ
750 901 902 937 μεταϐολὴν

106 943 156 969 037.
170 943 281 977 ἐδέξατο
297 944 339 975 εἰς
355 944 566 980 ἀνθρωπότητι,
585 946 601 981 ἢ
619 947 669 980 τῆς
691 947 903 983 ὰνθρωπὸτητος

106 989 147 1019 εἰς
163 988 291 1023 θεότητα.
308 990 355 1015 Διὸ
381 991 411 1016 οὐ
433 991 503 1017 κατὰ
517 991 562 1017 τὸν
585 992 733 1029 Νεστόριον
756 994 903 1029 μερίζομεν

107 1036 145 1066 εἰς
164 1035 211 1062 δύο
235 1036 370 1071 πρόέωπα
388 1038 432 1064 τὸν
457 1038 506 1065 ἕνα
525 1039 652 1074 Χριστὸν,
680 1040 749 1073 οὐδὲ,
767 1042 837 1068 κατὰ
858 1042 904 1069 τὸν

111 1082 223 1116 Εὐτυχῆ
242 1083 288 1109 καὶ
304 1083 366 1114 τοὺς
384 1084 543 1120 ὁμόφρονας
563 1086 659 1118 αὐτοῦ,
684 1088 724 1119 εἰς
742 1088 807 1122 μίαν
822 1089 904 1123 φύσιν

109 1128 275 1164 συγχέομεν.
294 1129 363 1156 ἀλλὰ
381 1129 499 1164 λέγομεν
519 1131 568 1163 τὰς
584 1132 630 1159 δύο
654 1133 750 1167 φύσεις
769 1135 841 1162 κατὰ
858 1135 903 1162 τὸν

108 1175 196 1208 μέγαν
212 1175 365 1211 Γρηγόριον
381 1177 426 1203 τὸν
440 1177 571 1212 Θεολόγον
585 1179 614 1206 ἐν
629 1181 661 1215 τῇ
675 1180 743 1216 πρὸς
756 1181 903 1217 Κληδόνιον

107 1221 238 1256 ἑπιττολῇ
255 1222 396 1257 γράφοντα
412 1223 484 1249 κατὰ
503 1224 695 1261 Ἀπολιναρίου
713 1227 760 1254 καὶ
780 1228 836 1254 τῶν
855 1229 903 1256 σὺν

108 1267 195 1301 αὐτῷ,
213 1268 254 1305 ὅτι
274 1268 370 1302 φύσεις
390 1269 436 1296 δύο
449 1278 456 1285 ”
478 1268 537 1297 εἶτα
557 1271 630 1305 λέγει
657 1273 703 1299 καὶ
730 1273 779 1308 τὴν
799 1275 901 1307 αἰτίαν,

107 1313 174 1345 Θεὸς
193 1314 242 1341 καὶ
264 1314 419 1350 ἄνθρωπος.
443 1317 497 1344 Καὶ
523 1318 552 1344 ὲν
577 1318 712 1356 ἀληθείᾳ·
737 1320 784 1347 καὶ
806 1322 859 1357 γὰρ
878 1323 903 1349 εί

106 1360 175 1392 Θεὸς
200 1361 313 1397 μόνονῆ
334 1362 478 1398 ἄνθρωπος
502 1364 592 1399 μόνον,
610 1364 723 1399 εὔλογον
743 1367 777 1393 ἂν
797 1368 839 1402 εἴη
860 1368 902 1394 λέ-

106 1416 167 1443 γειν
183 1410 250 1443 μίαν
264 1409 345 1443 φύσιν
357 1409 441 1445 ἔχειν,
453 1410 469 1446 ἢ
481 1411 556 1438 θείαν
569 1411 584 1447 ἢ
602 1412 774 1449 ἀνθρωπίνην
788 1422 795 1429 '
808 1415 902 1451 ἐπειδὴ

106 1456 134 1481 δὲ
149 1455 219 1486 Θεός
231 1456 288 1482 ἐστι
305 1456 352 1483 καὶ
367 1456 510 1492 ἄνθρωπος
533 1458 644 1490 ἑνωθεὶς
659 1459 773 1496 άρῤήτῳ
796 1460 902 1494 ἑνώσει,

107 1502 188 1536 δῆλον
203 1502 246 1529 ὅτι
277 1502 354 1529 θείαν
381 1503 437 1538 ἔχει
466 1503 548 1539 φύσιν
577 1506 624 1531 καὶ
641 1505 828 1542 ἀνθρωπίνην.
845 1507 902 1534 ἀλλ’

107 1548 270 1582 ὴνωμένως,
287 1549 459 1584 ἁχωρίστως,
478 1550 572 1587 ὥσπερ
595 1551 668 1588 ψυχὴ
684 1553 730 1579 καὶ
748 1553 837 1589 σῶμα·
855 1555 901 1580 καὶ

957 1552 999 1579 vel
1013 1553 1094 1579 homo
1115 1542 1313 1584 tantummodo,
1327 1555 1408 1578 recte'
1422 1549 1557 1577 diceretur
1574 1555 1653 1574 unam
1672 1550 1751 1589 natu:

107 1594 147 1620 ἔτι
170 1595 331 1630 ὑπερϐαίνει
351 1597 367 1631 ἡ
389 1597 502 1632 ἀλήθεια
528 1597 577 1632 τῆς
602 1599 727 1631 ἑνώσεως
753 1600 783 1627 τὸ
811 1601 902 1635 παρά-

70 1646 77 1655 ι
106 1639 221 1674 δειγμι,
237 1641 275 1672 ὠς
294 1642 342 1667 καὶ
362 1642 443 1674 αὐτὸς
459 1644 472 1669 ό
486 1643 645 1676 διδάσκαλος
659 1645 723 1680 ἑξῆς
739 1645 830 1680 λέγει·
845 1647 903 1673 Οὐκ

106 1687 189 1719 ἄλλος
217 1689 264 1715 καὶ
289 1688 380 1721 ἄλλος,
398 1690 435 1724 μὴ
452 1690 572 1723 γένοιτο·
588 1690 622 1717 τὰ
641 1691 695 1726 γὰρ
713 1692 855 1727 ἀμφότερα
873 1694 901 1719 ὲν

106 1736 139 1769 τῇ
159 1736 323 1769 συγκράσει,
343 1735 410 1762 θεοῦ
430 1736 479 1770 μὲν
501 1736 775 1773 ὲνανθρωπήσαντος,
796 1739 904 1774 avem:

83 1803 85 1805 .
106 1788 160 1824 που
179 1780 207 1806 δὲ
230 1780 387 1824 θεωρέντος.
404 1781 459 1807 Καὶ
486 1780 603 1816 ἀλλαχοῦ
625 1789 702 1816 φησι,
718 1782 833 1814 Διπλοῢς
847 1783 900 1818 γὰρ

106 1823 140 1861 ἦν
154 1823 324 1861 ὁηλονότιντῇ
340 1825 419 1860 φύσει
435 1826 465 1852 οὐ
481 1828 512 1862 τῇ
529 1827 688 1855 ὑποστάσει.

953 249 1077 287 ’perfecta
1093 250 1220 278 divinitas
1236 249 1384 284 perfectam
1399 247 1527 276 asciverit
1540 246 1748 280 humanitatem,

957 298 1075 325 animant
1103 297 1217 328 scilicet.
1231 300 1347 323 mentem
1376 302 1539 330 corpusque,
1567 301 1600 321 ex
1618 298 1767 329 perpetua

956 343 1067 379 Virgine
1097 344 1182 371 Malia
1201 353 1207 370 :
1227 343 1350 377 factaque
1381 349 1449 369 nova
1474 341 1633 376 coniunctio
1663 343 1750 366 estex

957 391 1059 419 duabus
1085 390 1189 417 naturis
1219 389 1269 417 sub
1296 397 1410 423 persona
1432 388 1511 415 unica
1537 386 1708 414 ineﬂ‘ahiliter
1724 390 1750 412 et

957 437 1176 473 inseparabiliter
1204 436 1300 468 unitis,
1331 435 1456 470 Deusque
1470 435 1632 462 humanatus
1649 433 1683 460 de
1694 433 1750 459 Ma-

955 486 995 512 ria
1027 490 1106 511 natus
1119 488 1160 511 est
1177 491 1184 510 :
1203 488 1229 510 et
1243 483 1288 517 qui
1312 482 1395 510 Filius
1410 482 1457 508 Dei
1474 485 1526 513 est,
1548 481 1618 507 idem
1637 484 1664 507 et
1678 487 1707 506 re
1722 483 1750 506 et

955 530 1065 557 nomine
1089 529 1175 556 Filius
1206 528 1323 555 hominis
1353 534 1412 554 esse
1425 526 1507 561 coepit
1524 534 1531 553 :
1551 532 1637 560 neque
1659 529 1749 552 tamen

956 577 1075 604 uthomo
1090 576 1178 610 ﬁeret,
1193 575 1310 603 divinam
1329 579 1453 601 naturam
1468 573 1622 600 immutavit
1637 581 1644 605 ;
1662 579 1750 606 neque

955 622 982 650 id
996 623 1066 657 quod
1091 630 1105 649 a
1121 621 1230 657 Virgine
1257 620 1389 654 sumpsit,
1407 619 1554 646 humanam
1567 611 1749 646 substantiam

956 668 1095 700 deseruit;
1122 668 1168 695 sed
1198 667 1223 694 in
1241 660 1369 693 ineﬂ'abi'li
1384 665 1532 693 divinitatis
1543 668 1571 692 et
1596 663 1751 691 humanita-

954 715 988 742 tis
1002 713 1112 746 unione,
1124 712 1298 740 immutabilis
1314 717 1341 739 ct
1358 711 1573 746 inconvertibilis
1586 715 1747 737 naturarum

955 761 1055 789 mansit
1084 761 1214 793 ostensio,
1245 767 1325 794 quam
1342 764 1431 786 tamen
1447 762 1537 785 mente
1562 756 1749 785 tantummodo

954 805 1134 840 contemplari
1149 805 1225 838 licet;
1242 811 1340 838 eaque,
1353 808 1381 830 ut
1401 803 1467 834 dixi,
1495 800 1751 836 inseparabiliter'et

958 844 1145 881 indivisibilite
1157 860 1169 878 r
1186 848 1309 879 confecta
1341 854 1391 878 est.
1409 849 1516 877 Etenim
1531 848 1669 876 Creatoris
1682 854 1751 878 con‘

955 901 1039 928 cretio
1066 907 1126 926 cum
1161 903 1302 930 creatura,
1345 905 1427 931 supra
1455 896 1561 924 solitam
1593 895 1749 923 mortalium

954 952 1112 975 naturarum
1145 945 1296 972 mistionem
1325 949 1366 971 est
1384 952 1391 970 :
1409 944 1449 971 ha:
1472 943 1571 978 quippe
1585 942 1625 970 vel
1640 942 1673 969 ab
1690 941 1750 967 aliis

957 997 1120 1028 separantur
1135 992 1198 1018 dum
1213 991 1272 1018 aliis
1288 991 1428 1021 uniuutur,
1451 989 1493 1016 vel
1519 989 1591 1016 aliud
1615 987 1679 1023 quid
1694 986 1751 1014 clli—

955 1041 1068 1067 ciuntur
1091 1047 1098 1066 :
1129 1038 1242 1066 Creator
1260 1041 1351 1064 autem
1376 1035 1536 1063 naturaliter
1562 1034 1640 1061 nobis
1657 1034 1750 1060 unitus

956 1091 1008 1120 est,
1039 1086 1103 1120 quin
1136 1090 1227 1112 tamen
1253 1092 1270 1111 a
1294 1083 1440 1111 divinitate
1464 1085 1648 1116 separaretur,
1663 1079 1704 1107 vel
1722 1079 1748 1106 in

956 1133 1154 1160 humanitatem
1183 1130 1312 1158 divinitas
1336 1134 1550 1157 converteretur.
1567 1127 1749 1160 Quamobrem

956 1179 1026 1205 haud
1055 1185 1117 1205 cmn
1130 1177 1257 1204 Nestorio
1282 1184 1363 1203 unum
1383 1175 1522 1202 Christum
1540 1174 1565 1200 in
1582 1174 1648 1201 duas
1659 1178 1751 1207 persoe

958 1235 1006 1255 nas
1024 1227 1168 1262 partiatur,
1196 1232 1283 1260 neque
1311 1232 1371 1251 cum
1390 1223 1537 1258 Eutychete
1557 1221 1668 1257 ejusque
1681 1227 1752 1247 asse-

955 1274 1005 1301 clis
1039 1274 1065 1300 in
1093 1273 1201 1300 unicam
1217 1276 1343 1298 naturam
1370 1269 1585 1300 contundimus;
1614 1267 1660 1294 sed
1682 1266 1750 1293 duas

957 1326 1067 1348 naturas
1093 1327 1126 1346 ex
1143 1317 1231 1353 magni
1246 1317 1363 1350 theologi
1395 1314 1520 1350 Gregorii
1532 1313 1664 1353 sententia
1683 1311 1751 1339 dici-

957 1373 1028 1397 mus,
1048 1364 1134 1399 quiin
1162 1363 1277 1398 epistola
1294 1363 1327 1389 ad
1347 1361 1506 1404 Cledonium
1524 1360 1654 1401 adversus
1666 1357 1749 1393 Apol-

955 1412 1069 1439 linarem
1081 1411 1194 1446 ejusque
1208 1414 1403 1438 consectaneos
1412 1408 1480 1436 duas
1495 1412 1604 1434 naturas
1614 1405 1747 1433 allirmat:

955 1459 1032 1494 cujus
1050 1459 1086 1485 rei
1099 1459 1173 1485 addit
1182 1465 1303 1491 causam,
1322 1457 1383 1492 quia
1396 1455 1519 1483 videlicet
1534 1454 1605 1481 Deus’
1615 1453 1750 1487 homoque

955 1511 1007 1533 est.
1021 1505 1104 1532 Recte
1121 1505 1146 1532 id
1159 1512 1223 1532 sane
1240 1514 1247 1532 :
1266 1511 1328 1531 nam
1345 1503 1366 1531 si
1382 1503 1452 1529 Deus
1466 1500 1650 1528 tantummodo
1665 1503 1750 1532 esset,

957 1607 1015 1626 ram
1045 1597 1157 1630 habere,
1174 1598 1215 1625 vel
1243 1598 1361 1625 divinam
1380 1596 1484 1624 scilicet
1508 1595 1549 1622 vel
1576 1595 1722 1621 humanam
1740 1579 1766 1619 τ’

958 1652 1030 1672 nunc
1061 1653 1122 1672 cum
1152 1644 1223 1671 Deus
1250 1651 1277 1672 et
1305 1644 1385 1671 homo
1406 1643 1441 1670 sit
1462 1640 1589 1669 ineffabili
1608 1638 1749 1674 copulatus

958 1692 1067 1724 unione,
1080 1696 1187 1719 constat
1201 1698 1263 1718 eum
1289 1695 1343 1717 tum
1358 1690 1478 1717 divinam
1504 1689 1605 1715 habere
1623 1689 1748 1715 naturam

959 1741 1014 1763 tum
1027 1736 1108 1763 etiam
1126 1736 1281 1767 humanam,
1298 1733 1442 1768 conjuncte
1459 1737 1549 1760 tamen
1566 1736 1593 1758 et
1607 1731 1748 1763 insepara-

957 1783 1049 1810 biliter
1061 1790 1109 1810 ceu
1127 1782 1217 1809 anima
1236 1789 1388 1816 corpusque
1400 1785 1463 1807 sunt
1480 1789 1486 1806 :
1501 1780 1555 1806 imo
1575 1775 1749 1812 hypostaticte

957 1829 1065 1857 unionis
1083 1829 1183 1857 veritas
1199 1828 1355 1863 prtedictum
1370 1826 1523 1862 exemplum
1546 1827 1665 1860 superat,
1677 1822 1750 1849 velut

107 1878 165 1908 ipse
194 1877 290 1901 doctor
312 1874 338 1901 in
368 1875 545 1909 sequentibus
573 1875 629 1903 ait:
647 1875 703 1903 Non
727 1875 795 1903 alius
819 1881 901 1911 atque
921 1877 990 1904 alius
1009 1881 1070 1910 est;
1085 1877 1177 1904 absit:
1212 1878 1325 1910 utraque
1348 1875 1420 1902 enim
1454 1881 1498 1901 res
1524 1873 1550 1899 iu
1575 1868 1749 1899 concretione

107 1921 196 1953 adest,
215 1921 285 1948 Deus
311 1921 435 1950 videlicet
453 1923 621 1956 incarnatus,
649 1923 730 1951 homo
746 1924 899 1953 deiﬁcatus.
923 1925 993 1952 Tum
1009 1929 1036 1952 et
1051 1923 1115 1952 alibi
1150 1924 1186 1951 ait
1201 1933 1208 1951 :
1226 1923 1329 1958 Duplici
1347 1923 1418 1950 enim
1445 1927 1541 1949 natura
1561 1923 1677 1951 constat,
1695 1915 1751 1944 non

107 1976 235 2004 persona.

143 2015 182 2042 Τὸ
195 2015 223 2042 δὲ
237 2015 328 2050 λέγειν
346 2017 420 2051 ἡμᾶς
439 2018 503 2052 μίαν
517 2018 608 2053 φύσιν,
629 2018 665 2054 μή
687 2027 728 2051 τις
746 2018 780 2045 δι’
796 2018 861 2045 ἄλλο
878 2027 904 2045 τι

107 2062 244 2099 ὑπολάϐῃ,
261 2063 319 2089 ἀλλ’
331 2064 348 2099 ἢ
363 2060 406 2091 διὰ
420 2064 470 2099 τὴν
491 2065 546 2091 τῶν
567 2065 613 2091 δύο
629 2066 737 2100 φύσεων
750 2064 904 2101 ἀχώριστον

107 2109 227 2136 ἓνωσινυ
253 2110 267 2135 ὃ
288 2110 491 2146 μεμαθήκαμεν
510 2112 586 2148 παρὰ
610 2113 664 2139 τῶν
690 2112 840 2146 ὀρθοδόξων
863 2112 904 2139 δι-

107 2154 253 2182 δασκάλων
280 2156 330 2191 τῆς
349 2156 533 2191 Ἐκκλησίας,
561 2157 679 2193 μάλιστα
700 2158 729 2185 δὲ
754 2158 829 2194 παρὰ
856 2157 904 2185 τοῦ

108 2202 189 2235 ἁγίου
209 2202 346 2237 Κυρίλλου
374 2203 421 2229 τοῦ
445 2202 661 2240 Ἀλεξανδρείας,
686 2204 778 2236 καθὼς
804 2205 906 2240 γράφει

993 2017 1070 2051 Quod
1085 2021 1176 2044 autem
1194 2023 1242 2043 nos
1254 2023 1335 2042 unam
1351 2019 1476 2042 naturam
1489 2013 1615 2044 dicimus,
1629 2012 1654 2039 id
1671 2018 1751 2038 nemo

957 2064 993 2092 ob
1008 2064 1088 2091 aliam
1103 2070 1214 2091 causam
1239 2061 1297 2089 ﬁeri
1317 2061 1466 2093 existimet,
1482 2060 1534 2088 nisi
1551 2059 1612 2095 quia
1634 2059 1749 2085 duarunt

958 2115 1118 2138 naturarum
1130 2108 1320 2143 inseparabilis
1334 2108 1396 2134 unio
1406 2112 1447 2135 est
1463 2116 1469 2134 ε
1489 2114 1569 2141 quam
1586 2112 1642 2133 rem
1657 2104 1690 2132 ab
1706 2112 1751 2131 or-

957 2157 1083 2185 thodoxis
1091 2156 1215 2184 Ecclesia:
1223 2155 1380 2183 doctoribus
1386 2152 1679 2188 didieimus,prtecipue
1685 2159 1751 2179 vero

958 2211 972 2229 a
984 2208 1079 2230 sancto
1096 2201 1197 2237 Cyrillo
1210 2201 1405 2234 Alexandrino,
1420 2200 1464 2235 qui
1478 2203 1573 2227 contra
1592 2198 1751 2226 Nestorium

106 2246 187 2280 οὗτος
203 2250 274 2276 κατὰ
293 2249 441 2284 Νεστορίου
457 2251 486 2277 ὲν
504 2252 537 2285 τῇ
559 2251 655 2286 πρώτῃ
673 2251 741 2286 πρὸς
756 2237 903 2277 Σούξεναον

959 2251 985 2277 in
999 2250 1084 2284 prima
1097 2251 1130 2276 ad
1148 2248 1316 2276 Successum
1344 2246 1459 2282 epistola
1485 2246 1521 2273 ita
1547 2245 1661 2273 scribit:
1677 2244 1749 2271 Con-

106 2296 253 2331 ὲπιστοὶῇ.
276 2296 480 2331 Ὀμολογοῦμεν
502 2297 567 2332 μίαν
586 2298 634 2324 τοῦ
656 2298 743 2332 Λόγου
763 2297 843 2332 φύσιν
861 2306 906 2324 σε·

107 2343 305 2378 σαρκωμένην,
320 2342 358 2374 ὼς
384 2343 408 2369 οἱ
432 2343 554 2378 Πατέρες
578 2344 732 2378 εἰρήκασιν.
759 2344 841 2371 Ἀλλὰ
858 2344 906 2371 καὶ

107 2388 136 2414 ἐν
150 2388 184 2422 τῇ
201 2387 319 2422 δευτέρᾳ
333 2386 401 2422 πρδς
416 2388 497 2414 αὑτὸν
513 2387 643 2424 ἐπιστολῇ
660 2388 699 2415 ἔτι
715 2388 905 2425 ἀριδηλότερον

106 2433 194 2466 λέγει,
213 2432 298 2464 τιθεὶς
323 2432 434 2467 πρῶτον
450 2432 497 2459 τὸν
517 2433 596 2467 λόγον
618 2434 672 2460 τῶν
691 2433 906 2468 ἐναντιουμένων

107 2479 183 2514 αὐτῷ
198 2478 306 2513 λέγοντι
325 2479 391 2514 μίαν
406 2479 489 2514 φύσιν
503 2480 551 2506 τοῦ
567 2480 885 2515 Λόγουῖσεσαρκωμένην
895 2487 902 2494 ·

107 2526 139 2552 Εἰ
156 2528 188 2552 ἐκ
204 2526 252 2552 δύο
268 2526 377 2560 φύσεων
392 2525 556 2562 συνηνέχθη.
573 2527 666 2562 φησὶν,
682 2528 695 2553 ὁ
717 2526 904 2562 Ἐμμανουὴλ,

108 2571 180 2607 μετὰ
205 2571 235 2598 δὲ
258 2572 309 2607 τὴν
334 2571 432 2598 ἕνωσιν
459 2572 508 2606 μία
526 2572 607 2607 φύσις
626 2574 727 2599 νοεῖται
750 2571 796 2599 τοῦ
815 2573 903 2607 Λόγου

107 2619 320 2654 σεσαρκωμένη,
333 2619 429 2654 ἕψεται
443 2620 552 2651 πάντως
565 2620 595 2646 τὸ
608 2620 706 2655 χρῆναι
719 2619 809 2654 λέγειν
822 2619 904 2646 αὑτὸν

106 2664 207 2690 παθεῖν
222 2665 261 2696 εἰς
284 2664 354 2691 ἰδίαν
370 2663 464 2698 φύσιν.
482 2664 555 2700 Πρὸς
571 2664 619 2696 οὓς
640 2664 816 2698 ἀπολογεῖται
835 2666 904 2700 μετά

105 2719 186 2742 τινας
201 2709 301 2744 λόγους
316 2710 363 2737 καὶ
385 2709 465 2737 τοῦτο
478 2718 484 2725 ·
503 2710 572 2737 Ποία
596 2710 688 2737 τοίνυν
707 2710 803 2737 παθεῖν
821 2710 904 2737 αὐτὶν

106 2757 217 2792 ἀνάγκη
235 2757 275 2788 εις
291 2757 360 2784 ἰδίαν
374 2756 467 2791 φύσιν,
487 2758 511 2783 εί
527 2757 634 2791 λέγοιτο
654 2756 723 2790 μετὰ
741 2756 791 2792 τὴν
804 2756 902 2783 ἕνωσιν

108 2803 159 2837 μία
175 2804 258 2838 φύσις
280 2803 346 2830 Tim)
367 2803 582 2838 σεσαρκωμένης
612 2803 643 2830 Et
660 2802 709 2838 μὲν
729 2803 783 2838 γὰρ
807 2803 856 2830 οὐκ
869 2801 902 2839 ἦν

107 2849 136 2875 ἐν
150 2850 209 2881 τοῖς
225 2849 319 2883 λόγοις
336 2850 384 2885 τῆς
403 2849 561 2884 οἰκονομίας
575 2849 606 2875 τὸ
620 2849 741 2884 πεφυκὸς
754 2849 904 2884 ὑπομένειν

107 2896 136 2923 τὶ
149 2896 246 2931 πάθος,
261 2896 351 2932 ὀρθῶς
364 2897 397 2925 ἂν
414 2895 518 2932 ἔφησαν
535 2895 575 2924 ὅτι
588 2895 665 2929 ὄντος
676 2894 725 2923 τοῦ
747 2896 901 2931 πεφυκότος

960 2297 1068 2323 litemur
1102 2293 1183 2322 uuam
1208 2294 1290 2322 Verbi
1324 2299 1449 2321 naturam
1480 2293 1668 2324 incarnatam,
1709 2290 1748 2318 uti

958 2343 1054 2370 Patres
1071 2343 1205 2369 dixerunt.
1236 2341 1289 2368 Sed
1320 2345 1348 2369 et
1373 2342 1399 2368 in
1429 2339 1549 2368 secunda
1568 2338 1599 2365 ad
1624 2331 1750 2364 eumdem

958 2388 1085 2423 epistola,
1103 2389 1192 2415 adhuc
1211 2387 1382 2414 enucleatius
1410 2386 1459 2418 ait,
1485 2391 1627 2418 postquam
1650 2383 1749 2410 adver-

957 2436 1076 2464 santium
1090 2435 1152 2466 sibi,
1174 2434 1219 2469 qui
1236 2442 1317 2461 unam
1336 2432 1412 2460 Verbi
1429 2432 1600 2459 incarnatam
1621 2435 1748 2458 naturam

956 2480 1095 2512 dicebant,
1128 2480 1186 2506 hmc
1204 2479 1285 2506 verba
1306 2478 1396 2506 retulit
1413 2486 1420 2504 :
1442 2486 1451 2503 ι
1471 2477 1500 2504 Si
1517 2483 1551 2504 ex
1572 2476 1675 2503 duabus
1701 2483 1749 2502 na-

958 2526 1026 2554 turis
1059 2531 1238 2554 coacervatos
1267 2530 1310 2553 est
1329 2524 1498 2555 Emmanuel,
1527 2527 1589 2557 post
1619 2523 1746 2549 unionem

957 2578 1049 2600 autem
1080 2580 1132 2599 una
1157 2577 1255 2599 natura
1287 2571 1450 2606 intelligitur
1476 2569 1557 2597 Verbi
1589 2562 1748 2602 incarnata,

957 2619 1082 2654 profecto
1098 2619 1186 2654 ipsum
1204 2620 1231 2645 in
1258 2618 1369 2653 propria
1394 2622 1490 2644 natura
1518 2623 1627 2651 passum
1658 2616 1750 2643 dicere

957 2671 1074 2700 oportet.
1092 2676 1100 2693 ι
1119 2667 1142 2692 Α
1161 2665 1260 2700 quibus
1276 2666 1313 2692 ita
1339 2672 1368 2692 se
1387 2664 1508 2692 defendit
1531 2668 1590 2698 post
1608 2663 1660 2690 alia
1675 2663 1748 2690 dicta

957 2712 996 2739 sic
1013 2711 1088 2739 :Cur
1102 2719 1167 2739 vero
1184 2719 1252 2746 opus
1268 2711 1321 2743 sit,
1350 2712 1439 2746 ipsum
1460 2711 1488 2738 in
1517 2711 1625 2746 propria
1651 2714 1747 2737 natura

956 2758 1022 2792 pati,
1049 2758 1070 2785 si
1102 2758 1207 2784 dicatur
1231 2761 1292 2791 post
1314 2757 1441 2783 unionem
1471 2763 1523 2783 una
1549 2762 1647 2783 natura
1662 2754 1748 2783 Verbi

957 2803 1118 2831 incantata?
1137 2802 1166 2829 Si
1179 2803 1251 2830 enim
1264 2802 1335 2830 forte
1351 2810 1402 2830 non
1419 2803 1531 2831 essetin
1549 2802 1746 2830 incarnationis

955 2850 1062 2877 ratione
1087 2849 1240 2884 subjectum
1257 2849 1405 2884 passionis,
1435 2853 1508 2877 recte
1534 2849 1656 2876 dicerent
1673 2849 1745 2883 quod

956 2895 1110 2926 desiderato
1127 2895 1263 2932 passionis
1279 2895 1413 2934 subjecto,
1434 2903 1548 2927 necesse
1562 2895 1632 2925 foret
1658 2895 1745 2932 ipsam
