1942 3081
181 139 236 170 919

181 195 262 223 Verbi
285 199 407 222 naturam
425 195 517 224 subire
533 196 700 230 passionem.
715 195 875 231 Rursusque
888 197 971 224 dicit:
988 201 1009 228 Α

183 241 258 275 Quod
276 242 351 269 aiunt
379 241 543 273 adversarii,
574 242 597 269 si
625 251 677 269 una
709 246 750 270 est
777 247 873 270 natura
894 242 974 270 Verbi

184 288 338 321 incuruata,
349 289 428 322 plane
440 295 551 316 necesse
563 293 604 316 est
615 289 833 316 commistionem
845 288 977 316 accidisse

183 339 210 361 ct
242 334 446 365 confusionem.
482 334 622 362 deminuta
666 335 748 362 veluti
776 342 808 362 ac
837 334 976 362 subtracta

184 381 302 420 hominis
330 381 356 408 iu
385 380 496 408 Christo
515 386 629 414 natura;
660 382 686 408 hi
721 383 811 409 denuo
839 382 976 416 ignOrant,

184 428 247 454 dum
275 431 349 454 recta
377 428 559 462 dislorquenl,
586 436 666 454 unatn
695 435 787 455 revera
817 435 876 455 esse
895 427 976 456 Verbi

183 474 354 502 ineat-natam
373 479 509 503 naturam.
520 475 589 502 Tum
603 475 696 509 paucis
707 475 860 510 interiectis
874 474 976 502 dictum

186 530 265 549 suum
294 522 428 556 exemplis
449 522 596 550 declarat:
618 523 676 549 μου
705 522 790 552 enim.
818 522 917 556 inquit,
951 521 977 549 id

186 569 454 604 tantummuduquod
472 574 568 596 natura
580 577 627 596 sua
644 569 758 603 simplex
779 574 831 601 est,
844 568 979 596 veraciter

186 624 269 643 unum
295 616 411 646 dicitur;
438 623 531 642 verum
550 615 575 642 id
600 616 681 642 etiam
704 617 736 642 de
755 616 788 643 iis
814 615 979 651 praedicatur

187 671 247 698 qum
266 671 313 697 per
328 663 554 697 compositionem
583 662 768 698 conglutinata
784 667 866 695 sunt;
887 662 979 697 cujus-

187 710 260 737 modi
291 714 332 737 est
357 710 438 737 homo
464 717 498 737 ex
525 717 639 744 corpore
665 709 811 745 animath
839 713 978 740 constans.

186 763 256 790 qure-
284 760 347 783 sunt
376 756 484 790 quidem
527 756 710 790 heterogenea
744 762 832 789 neque
863 755 978 782 invicem

186 802 448 834 consubstantialia,
481 802 566 829 nihilo
593 807 683 829 tamen
708 802 796 829 minus
823 802 978 835 conjuncta,

186 849 294 877 unicam
326 849 444 876 hominis
470 851 596 876 nat'uram
616 849 752 882 cilicium;
774 855 929 883 quanquam
952 848 978 874 in

186 895 392 929 compositionis
407 895 513 922 ratione
529 894 683 922 diﬂ‘crentia
701 895 780 927 inest,
804 893 838 921 ob
854 899 977 920 naturam

187 941 295 968 illarum
307 949 397 968 rerum
413 949 474 976 qua:
488 942 521 968 ad
535 941 662 968 unionem
674 941 852 969 conveniunt.
865 940 979 968 Frustra

187 987 269 1022 igitur
285 993 346 1014 sunt
364 988 409 1022 qui
428 988 514 1019 aiunt.
536 987 607 1022 quod
623 988 645 1015 si
663 996 714 1015 una
731 987 765 1014 sit
783 992 880 1015 natura
898 986 979 1014 Verbi

186 1033 342 1066 incantata,
371 1041 483 1068 prorsus
513 1033 669 1061 commislio
702 1033 771 1060 facta
789 1032 980 1067 fuissetatque

189 1079 338 1112 concretio,
363 1083 495 1113 tanquam
511 1079 650 1106 deminuta
676 1084 757 1113 atque
779 1079 917 1106 subtracta
933 1079 981 1105 lto-

187 1126 270 1154 minis
298 1131 393 1153 natura
417 1134 423 1152 :
445 1132 533 1159 neque
554 1125 627 1153 enim
655 1125 842 1159 demiuttitttr,
868 1130 898 1153 ut
927 1124 979 1159 ipsi

186 1172 274 1203 aiunt,
300 1178 386 1206 neqtte
412 1171 596 1200 Subtrahitur.
621 1170 705 1197 Multa
733 1170 827 1197 aliain
855 1170 978 1198 eamdem

186 1216 350 1244 sententiam
367 1216 438 1244 dicta
454 1221 509 1243 tum
536 1216 606 1250 apud
623 1220 747 1243 sanctum
764 1215 907 1251 Cyrillum,
922 1219 979 1242 tum

187 1264 257 1298 apud
274 1263 342 1291 alios
353 1263 480 1291 doetores
496 1263 701 1297 deprehendere
712 1267 766 1290 est.
783 1262 855 1289 ldem
872 1262 979 1295 doctor,

186 1311 231 1345 qui
259 1310 420 1337 divisionem
460 1309 631 1337 ni'erentibus
663 1308 781 1339 Obstitit.
811 1313 906 1335 contra
933 1315 980 1336 eos

187 1363 296 1390 quoque
314 1355 362 1389 qui
391 1354 501 1382 urticam
529 1353 701 1382 aiiirmabant
730 1352 873 1381 confusam
898 1358 980 1380 natu-

187 1409 258 1433 ram.
275 1400 341 1428 dicit
356 1401 384 1428 in
400 1401 487 1436 prima
500 1399 616 1435 epistola
633 1408 640 1427 :
657 1399 870 1427 Considerantes
884 1398 979 1435 igitur,

188 1453 218 1476 ut
230 1448 296 1481 dixi,
317 1447 514 1475 incarnationis
539 1447 685 1478 rationem,
702 1445 769 1474 duas
794 1445 916 1473 videmus
933 1453 981 1472 na-

189 1500 265 1522 turas
291 1495 363 1522 inter
383 1502 414 1522 se
437 1493 599 1521 convenisse
623 1500 673 1529 per
691 1492 819 1520 unionem
838 1493 980 1527 insepara-

187 1541 279 1574 bilem,
307 1539 451 1568 inconfuse
481 1544 509 1567 et
535 1538 803 1566 inconvertibiliter:
830 1544 892 1565 nam
915 1544 980 1565 caro

188 1587 284 1621 utique
298 1593 362 1613 caro
376 1591 428 1618 est,
449 1593 502 1613 non
519 1584 658 1617 divinitas,
675 1591 829 1619 quanquam
845 1583 890 1611 Dei
907 1583 979 1610 facta

187 1638 230 1662 est
243 1641 317 1660 caro.
346 1632 464 1660 Verbum
499 1631 600 1667 pariter
629 1630 701 1659 Deus
727 1635 791 1663 est.
819 1638 873 1658 non
903 1637 978 1664 caro,

187 1685 344 1713 quanquam
373 1677 445 1704 idem
464 1684 513 1710 per
539 1676 700 1704 (economiae
719 1676 880 1711 mysterium
898 1675 932 1703 ad
949 1683 980 1704 se

187 1731 296 1750 carnem
324 1723 476 1750 transtulit.
508 1721 648 1756 Pauloque
675 1724 737 1756 post
754 1720 791 1748 ait
815 1720 977 1754 :Quantum

187 1769 270 1804 igilul‘
287 1769 454 1803 cogitatione
475 1767 594 1802 solisque
613 1767 710 1794 anima:
723 1766 809 1794 oculis
823 1766 979 1801 perspicere

188 1816 321 1843 rationem
353 1815 416 1843 licet
445 1823 498 1850 qua
535 1814 696 1848 Unigcnitns
726 1813 891 1840 humanalus
922 1817 975 1844 est.

188 1862 255 1889 duas
278 1869 339 1889 esse
356 1866 469 1888 naturas
485 1860 574 1887 unitas
591 1860 705 1886 dicimus
717 1880 725 1892 ,
743 1867 824 1886 unum
839 1858 978 1886 Christum

188 1906 286 1934 Filium
303 1912 329 1933 ct
345 1907 500 1938 Dominum,
514 1905 630 1933 Verbum
646 1905 692 1932 Dei
706 1906 882 1931 buntanatunt
897 1909 979 1938 atque

187 1952 371 1979 incarnatutn.

223 2010 282 2038 Jam
300 2010 431 2037 cutu~hazc
442 2009 522 2037 eii‘ata
542 2009 706 2044 theologiam
729 2014 849 2036 nostram
867 2016 979 2044 prorsus

191 2062 297 2092 regant,
317 2064 366 2083 nos
382 2057 509 2083 videlicet
525 2056 658 2091 ejusmodi
680 2055 796 2083 ducibus
813 2057 839 2082 in
855 2055 979 2083 veritatis

191 2103 243 2136 ria,
261 2111 320 2137 qua:
341 2103 375 2130 ad
393 2101 476 2130 Deum
499 2102 585 2134 ducit,
609 2106 728 2134 Utentes,
747 2106 820 2129 recte
837 2101 978 2136 libereque

189 2148 370 2182 theologicutn
404 2153 527 2175 nostrum
561 2155 717 2176 sermonem
744 2147 844 2183 duplici
871 2148 980 2176 ratione

189 2194 354 2229 proferimus
371 2202 378 2221 :
394 2201 491 2229 nempe
515 2202 596 2221 unam
627 2194 708 2222 Verbi
729 2199 856 2221 naturam
888 2194 980 2222 incar-

190 2245 281 2267 natam
295 2240 421 2274 dicimus,
443 2240 592 2268 secundum
615 2245 737 2268 sanctum
754 2240 898 2276 Cyrillum,
916 2247 978 2275 pro‘
992 2243 1014 2273 C

189 2292 250 2322 pler
266 2286 430 2315 ineﬁ‘abileui
447 2287 591 2322 unionem;
609 2294 636 2315 et
649 2287 718 2315 duas
730 2295 838 2323 quoque
851 2287 977 2321 dicimus,

187 2334 335 2363 secundum
361 2338 484 2361 sanctum
507 2333 683 2370 Gregorium,
703 2339 815 2369 propter
831 2334 979 2361 invariabio

187 2380 240 2408 letn
266 2385 424 2408 naturarum
452 2379 551 2407 divinat
577 2385 606 2407 et
632 2380 757 2407 humanae
782 2379 978 2407 conditionem.

188 2428 237 2456 Sic
249 2428 321 2455 enim
335 2427 422 2455 sancti
434 2427 530 2455 Patres
545 2434 621 2453 arma
633 2426 746 2460 justitite
759 2434 811 2453 tton
832 2426 977 2461 simplicia,

187 2474 235 2502 sed
254 2474 401 2508 utrimque,
423 2473 514 2507 idest,
540 2473 636 2500 dextra
657 2474 824 2507 sinistraque
845 2471 979 2500 candentia

187 2528 323 2558 gerentes,
340 2527 368 2549 ut
381 2522 416 2549 ait
431 2521 576 2556 Apostolus
586 2521 606 2554 ',
618 2521 725 2548 Arianre
743 2520 852 2554 quidem
879 2520 978 2547 distin-

187 2569 272 2596 ctioni
297 2573 413 2602 natum,
431 2568 614 2596 Sabellianatn
639 2568 666 2594 in
686 2566 820 2594 Trinitate
847 2567 977 2594 unitatem

189 2620 293 2642 natura:
319 2619 515 2650 opposuerunt,
541 2614 606 2647 quin
634 2617 722 2639 tamen
751 2612 859 2639 unicam
886 2619 978 2646 perso-

189 2668 252 2687 natn
280 2664 434 2688 asserereut
453 2668 459 2687 :
479 2660 660 2687 Salzellianatn
679 2666 743 2686 vero
767 2665 889 2693 persona:
917 2659 978 2685 uni-

189 2711 283 2740 tatem,
305 2708 404 2734 At'iana
427 2714 603 2742 personarum
625 2705 800 2733 distinctione
819 2703 979 2740 prollgave-

192 2757 266 2786 rttnt,
281 2754 317 2781 ila
337 2760 427 2781 tamen
456 2758 483 2781 ut
508 2752 707 2781 distinctionem
723 2751 872 2786 quamlibet
891 2750 979 2777 unica:

191 2804 296 2826 natura:
308 2800 341 2826 ab
359 2799 479 2827 Ecclesia
494 2806 606 2835 prorsus
620 2797 783 2833 expulerint.
802 2796 919 2832 Parique
939 2804 979 2823 ra-

226 2893 235 2908 ¹
247 2891 269 2920 ll
285 2892 348 2920 Cor.
365 2899 402 2925 γι,
420 2891 446 2918 7.

886 139 1098 171 I‘IIEORIANI

1767 145 1822 179 220

1025 197 1151 232 πάσχειν,
1167 197 1241 224 πᾶσά
1254 205 1313 229 πως
1324 197 1430 232 ἀνάγκη
1444 199 1476 234 τῇ
1490 198 1537 225 τοῦ
1549 198 1635 234 Λόγου
1651 200 1730 234 φύσει
1746 211 1817 238 συμ-

1029 244 1133 271 6αίνειν
1157 243 1187 271 τὸ
1206 244 1301 275 πάθος.
1323 245 1378 271 Καὶ
1399 244 1482 271 πάλιν
1505 245 1595 280 λέγει·
1616 246 1678 273 ’Ότι
1696 247 1822 282 λέγουσιν

1028 291 1052 317 oi.
1067 290 1281 326 ἐναντιούμενοι,
1297 290 1321 317 εί
1341 290 1391 325 μία
1412 290 1495 324 φύσις
1509 291 1556 318 τοῦ
1573 292 1661 326 Λόγου
1677 300 1821 329 σεσαρκω-

1030 338 1109 373 μένη,
1136 337 1212 363 πᾶσά
1233 345 1291 368 πως
1312 337 1419 372 ἀνάγκη
1438 337 1529 370 λέγειν
1558 338 1667 373 φυρμὸν
1693 340 1823 374 γενέσθαι

1028 384 1076 410 καὶ
1093 384 1255 419 σύγκρισιν,
1282 383 1448 418 μειουμένης
1467 383 1562 419 ὥσπερ
1581 385 1628 412 καὶ
1650 385 1822 414 ὑποκλεπτο-

1030 429 1114 466 μένης
1131 430 1182 465 τῆς
1204 429 1349 465 ἀνθρώπου
1370 430 1479 464 φύσεως
1504 431 1533 457 ὲν
1559 431 1653 466 αύτῷ-
1682 433 1823 468 ἠγνόησαν

1029 476 1110 503 πάλιν
1127 475 1152 502 οί
1165 476 1200 503 τὰ
1218 476 1287 511 όρθά
1303 476 1522 511 διαστρέφοντες,
1539 477 1580 504 ὃτι
1597 478 1660 505 κατ’
1688 479 1824 515 ἀλήθειάν

1029 523 1087 549 ἐστι
1107 522 1156 557 μία
1177 521 1258 556 φύσις
1281 522 1328 549 τοῦ
1351 523 1440 556 Λόγου
1465 525 1676 560 σεσαρκωμένη.
1693 526 1748 553 Καὶ
1764 527 1824 562 μετ’

1029 569 1107 603 ὀλίγα
1121 569 1262 603 δηλοποιεί
1283 568 1328 596 διὰ
1354 569 1587 605 παραδειγμάτων
1610 571 1656 598 τὸν
1675 572 1755 607 λόγον
1767 581 1774 588 ·
1792 574 1824 600 οὺ

1029 615 1084 651 γὰρ
1100 615 1147 642 ἐπὶ
1161 615 1250 650 μόνων
1263 615 1319 642 τῶν
1331 615 1426 642 ἁπλῶν
1437 617 1506 643 κατὰ
1521 616 1570 653 τὴν
1581 618 1663 652 φύσιν
1676 618 1705 646 ἒν
1716 619 1826 654 ἀληθῶς

1027 661 1151 696 λέγεται.
1169 661 1239 688 ἀλλὰ
1256 662 1303 688 καὶ
1317 662 1433 690 ἐπὶτῶν
1455 664 1526 690 κατά
1547 663 1674 691 σύνθεσιν
1688 666 1827 700 συνηγμέ-

1030 717 1093 740 νων,
1120 708 1212 734 ὁποῖόν
1236 717 1262 734 τι
1280 708 1376 743 χρῆμά
1399 709 1474 736 ἐστιν
1491 709 1505 736 ὁ
1524 709 1668 745 ἄνθρωπος
1686 712 1718 738 ἐκ
1734 711 1826 747 ψυχῆς

1031 755 1077 782 καὶ
1093 754 1231 790 σώματος,
1250 754 1389 790 ἑτεροειδῆ
1413 755 1462 790 μὲν
1482 755 1516 783 τὰ
1537 757 1658 789 τοιαῦτα,
1676 759 1723 785 καὶ
1742 757 1827 794 ἀλλή-

1030 801 1086 832 λοις
1102 801 1151 837 οὐχ
1166 801 1308 836 ὀμοούσια,
1327 801 1464 829 ὲνωθέντα
1486 811 1519 837 γε
1529 799 1602 838 μὴν,
1623 804 1673 839 τὴν
1694 805 1758 839 μίαν
1777 806 1826 832 ἀν-

1032 846 1143 883 θρώπου
1157 847 1239 882 φύσιν
1262 848 1443 880 ἀπετέλεσαν,
1467 849 1521 876 κᾶν
1535 850 1593 880 τοῖς
1606 851 1655 885 τῆς
1674 852 1826 884 συνθέσεως

1032 895 1121 929 λόγοις
1135 895 1279 931 ὲνυπάρχῃ
1304 895 1334 922 τὸ
1355 895 1484 930 διάφορον
1503 896 1574 922 κατά
1603 897 1654 933 τὴν
1675 899 1756 933 φύσιν
1770 900 1825 926 τῶν

1031 942 1070 973 είς
1088 941 1204 977 ἑνότητα
1226 941 1501 976 συγκεκομισμένων.
1526 943 1752 978 Περιττολογοῦσι
1768 945 1827 972 τοί-

1031 996 1079 1015 νυν
1093 988 1118 1014 οι
1136 987 1273 1022 λέγοντες,
1291 988 1329 1020 ὡς
1345 989 1423 1024 εῐπερ
1439 989 1481 1024 εἴη
1497 988 1545 1015 τοῦ
1567 989 1656 1024 Λόγου
1678 992 1759 1025 φύσις
1775 991 1826 1026 μία

1033 1035 1244 1070 σεσαρκωμένη,
1265 1035 1354 1070 πάντη
1383 1043 1414 1061 τε
1435 1036 1483 1062 καὶ
1505 1035 1614 1068 πάντως
1633 1037 1727 1064 ἕποιτο
1744 1038 1778 1064 ἂν
1793 1038 1827 1065 τὸ

1032 1080 1140 1116 φυρμὸν
1151 1080 1279 1115 γενέσθαι
1297 1081 1346 1108 καὶ
1360 1081 1523 1117 σύγκρασιν,
1539 1082 1577 1114 ὼς
1593 1083 1760 1119 μειουμένης
1775 1084 1826 1110 καὶ

1031 1127 1275 1163 ὑποκλεπτομένης
1299 1128 1350 1161 τῆς
1374 1128 1522 1164 ἀνθρώπου
1543 1129 1669 1164 φύσεως·
1690 1130 1751 1158 οὔτε
1769 1132 1826 1166 γὰρ

1033 1174 1197 1210 μεμείωται,
1220 1173 1295 1207 οὕτε,
1313 1174 1405 1206 καθώς
1430 1183 1522 1210 φησιν,
1540 1175 1749 1204 ύποκλέπτεται.
1769 1177 1827 1204 Καὶ

1031 1221 1100 1248 ἄλλα
1115 1221 1201 1248 πολλὰ
1215 1221 1266 1256 τῆς
1280 1221 1365 1253 αὐτῆς
1378 1221 1486 1254 ἑννοίας
1501 1222 1576 1258 παρά
1587 1231 1617 1249 τε
1633 1223 1671 1258 τῷ
1685 1224 1755 1258 ἀγίῳ
1769 1224 1828 1250 Κυ-

1034 1267 1117 1302 ρίλλῳ
1135 1268 1182 1294 καὶ
1199 1268 1305 1303 ἑτέροις
1322 1267 1496 1300 διδασκάλοις
1517 1268 1592 1296 ἔστιν
1609 1269 1710 1304 εὑρεῖν.
1730 1270 1758 1296 '0
1778 1270 1827 1296 αὐ-

1031 1313 1078 1344 τὸς
1102 1312 1274 1345 διδάσκαλος,
1303 1312 1333 1343 ὃς
1360 1314 1409 1340 καὶ
1436 1314 1547 1340 ἀντεῖπε
1574 1314 1643 1349 πρὸς
1669 1315 1732 1346 τοὺς
1756 1315 1828 1342 διαί-

1033 1367 1108 1394 ρεσιν
1124 1359 1279 1391 ποιοῦντας,
1293 1360 1342 1386 καὶ
1362 1360 1431 1395 πρὸς
1447 1361 1511 1393 τοὺς
1524 1360 1595 1388 κατὰ
1617 1361 1751 1396 σύγχυσιν
1775 1362 1827 1397 τὴν

1033 1405 1097 1440 μίαν
1113 1404 1196 1440 φύσιν
1210 1405 1354 1439 λέγοντας,
1372 1405 1446 1440 λέγει
1468 1408 1497 1433 ὲν
1509 1409 1542 1442 τῇ
1560 1407 1656 1444 πρώτῃ
1675 1408 1804 1444 ἐπιστολῇ
1815 1416 1824 1425 ·

1037 1450 1208 1482 Ἐννοοῦντες
1220 1450 1323 1484 τοίνυν,
1338 1450 1376 1484 ὡς
1403 1451 1480 1487 ἔφην,
1502 1452 1548 1479 τὸν
1572 1453 1622 1488 τῆς
1647 1452 1827 1489 ὲνανθρωπήο

1032 1505 1101 1529 σεως
1131 1496 1243 1532 τρόπον,
1277 1497 1387 1532 ὁρῶμεν
1414 1498 1455 1525 ὅτι
1486 1498 1534 1532 δύο
1567 1498 1663 1533 φύσεις
1693 1500 1826 1536 συνῆλθον

1032 1541 1162 1578 ἀλλήλαις
1187 1542 1248 1570 καθ’
1269 1542 1368 1570 ἕνωσιν
1387 1542 1574 1570 ἀδιάσπαστον
1598 1544 1761 1580 ἀσυγχύτως
1775 1546 1826 1572 καὶ

1033 1587 1191 1623 ἀτρέπτως·
1204 1589 1221 1624 ἡ
1243 1588 1297 1625 γὰρ
1312 1589 1391 1624 σὰρξ,
1412 1589 1481 1624 σάρξ
1498 1591 1556 1616 ἐστι
1569 1590 1617 1618 καὶ
1630 1590 1660 1617 οὐ
1674 1590 1781 1626 θεότης,
1798 1592 1826 1619 εί

1032 1635 1080 1662 καὶ
1098 1635 1194 1669 γέγονε
1221 1634 1288 1661 Θεοῦ
1309 1634 1397 1671 σάρξ·
1417 1635 1517 1668 ὁμοίως
1535 1635 1581 1661 καὶ
1597 1636 1611 1662 ὁ
1638 1635 1725 1670 Λόγος
1751 1636 1822 1668 Θεὸς

1031 1682 1090 1708 ἐστι
1119 1681 1166 1708 καὶ
1180 1681 1210 1707 οὑ
1226 1680 1304 1716 σὰρξ,
1324 1682 1349 1708 εἱ
1373 1681 1420 1708 καὶ
1441 1681 1510 1708 ἰδίαν
1527 1682 1676 1718 ἐποιήσατο
1689 1683 1740 1718 τὴν
1755 1683 1826 1718 σάρ-

1031 1736 1068 1755 κα
1094 1726 1285 1762 οἰκονομικῶς.
1318 1727 1372 1753 Καὶ
1401 1726 1461 1762 μετ’
1494 1727 1574 1761 ὀλίγα
1597 1727 1692 1762 λέγει*
1717 1728 1825 1756 Οὐκοῦν

1033 1774 1082 1810 μὲν
1097 1775 1160 1801 ὅσον
1180 1771 1248 1809 ἧκεν
1272 1773 1312 1805 είς
1335 1772 1440 1800 ἔννοιαν
1462 1774 1507 1800 καὶ
1528 1775 1568 1806 εἰς
1595 1775 1676 1810 μόνον
1700 1774 1730 1801 τὸ
1757 1776 1826 1810 ὸρᾷν

1030 1823 1087 1853 τοῖς
1103 1821 1153 1856 τῆς
1172 1820 1262 1855 ψυχῆς
1281 1820 1390 1856 ὄμμασι
1407 1820 1468 1847 τίνα
1487 1821 1588 1855 τρόπον
1612 1820 1827 1856 ἑνηνθρώπησεν

1031 1869 1045 1894 ὁ
1069 1868 1237 1902 Μονογενὴς,
1265 1866 1311 1893 δύο
1336 1866 1386 1897 τὰς
1413 1866 1511 1901 φύσεις
1534 1864 1606 1894 εἷναί
1638 1876 1729 1902 φαμεν
1758 1868 1827 1894 ἐνω-

1032 1913 1136 1944 Οείσας,
1155 1913 1204 1939 ἕνα
1228 1912 1348 1948 Χριστὸν
1368 1912 1432 1939 Υἱὸν
1449 1913 1496 1939 καὶ
1511 1912 1615 1947 Κύριον
1629 1912 1675 1940 τὸν
1693 1913 1740 1939 τοῦ
1756 1913 1825 1940 Θεοῦ

1031 1960 1118 1993 Λόγον
1134 1959 1386 1994 ένανθρωπὴσαντα
1401 1959 1446 1985 καὶ
1460 1959 1682 1994 σεσαρκωμένον.

1069 2006 1103 2032 'A
1120 2005 1151 2039 δὴ
1169 2005 1314 2040 γνώρισμά
1329 2006 1384 2031 είσι
1400 2007 1433 2040 τῇ
1461 2006 1586 2041 ἡμετέρᾳ
1607 2006 1700 2042 τελείᾳ
1721 2007 1824 2042 σοφίᾳ·

1031 2055 1144 2086 τούτους
1164 2053 1211 2080 οὖν
1224 2054 1338 2088 ὁδηγοὺς
1367 2054 1478 2088 ἔχοντες
1505 2054 1554 2080 καὶ
1582 2055 1663 2089 ἡμεῖς
1690 2055 1759 2090 πρὸς
1773 2055 1825 2090 τὴν

1030 2101 1080 2135 τῆς
1094 2100 1224 2135 ἀληθείας
1241 2100 1300 2126 ὁδὸν
1315 2099 1363 2135 τὴν
1379 2100 1499 2135 ἄγουσαν
1514 2100 1554 2131 είς
1574 2100 1619 2126 τὸν
1641 2101 1718 2133 Θεὸν,
1735 2100 1825 2136 ὀρθῶς

1032 2148 1079 2175 καὶ
1094 2147 1257 2181 ἐλευθερίως
1272 2147 1394 2182 φέρομεν
1409 2147 1449 2178 είς
1460 2146 1559 2182 διπλῆν
1580 2145 1698 2181 θεωρίαν
1719 2148 1766 2173 τὸν
1780 2147 1826 2173 λό-

1031 2202 1090 2229 γον,
1108 2193 1174 2229 μίαν
1189 2193 1314 2227 λέγοντες
1331 2194 1412 2227 φύσιν
1425 2191 1473 2219 τοῦ
1489 2192 1578 2226 Λόγου
1597 2193 1825 2228 σεσαρκωμένην,

1030 2240 1102 2267 κατὰ
1115 2240 1162 2267 τδν
1186 2239 1264 2274 ἅγιον
1277 2238 1424 2275 Κύριλλον,
1450 2238 1496 2266 διὰ
1510 2240 1561 2274 τὴν
1578 2239 1699 2275 ἄρρητον
1712 2239 1824 2272 ἕνωσιν,

1029 2287 1075 2314 καὶ
1086 2286 1143 2319 δύο,
1160 2286 1231 2312 κατά
1244 2285 1289 2312 τὸν
1302 2285 1380 2319 ἆγιον
1396 2285 1547 2321 Γρηγὸριον
1563 2285 1609 2312 τὸν
1624 2285 1766 2319 Θεολόγον,
1779 2285 1824 2313 διὰ

1027 2333 1058 2360 τὸ
1071 2332 1288 2367 ἀκαινοτόμητον
1306 2332 1352 2358 καὶ
1367 2331 1560 2366 ἀμετάϐλητον
1576 2331 1631 2357 τῶν
1648 2331 1758 2365 φύσεων
1772 2331 1825 2366 τῆς

1027 2387 1057 2405 τε
1069 2379 1144 2411 θείας
1162 2379 1209 2405 καὶ
1224 2378 1275 2413 τῆς
1293 2378 1468 2414 ἀνθρωπίνης
1481 2387 1488 2394 ο
1508 2379 1538 2405 οὐ
1557 2379 1697 2415 μονομερῆ
1713 2379 1825 2414 ἔχοντες

1028 2426 1062 2452 τὰ
1074 2425 1145 2452 ὅπλα
1166 2424 1217 2459 τῆς
1230 2424 1418 2460 δικαιοσύνης,
1442 2423 1511 2451 ἀλλὰ
1527 2423 1603 2457 δεξιά
1624 2425 1671 2451 καὶ
1686 2425 1824 2460 ἀριστερά

1029 2470 1101 2498 κατά
1129 2471 1175 2497 τὸν
1198 2471 1380 2498 Ἀπόστολονι
1407 2471 1479 2498 κατὰ
1499 2471 1549 2506 μὲν
1577 2471 1628 2507 τῆς
1660 2472 1824 2507 διαιρέσεως

1034 2517 1141 2553 Ἀρείου
1157 2519 1207 2552 τῆς
1222 2517 1269 2543 ἐπὶ
1291 2517 1340 2553 τῆς
1355 2516 1480 2552 φύσεως,
1499 2517 1549 2553 τῆς
1566 2519 1682 2554 Τριάδος
1696 2519 1746 2554 τὴν
1763 2520 1825 2546 ἐνό-

1028 2573 1098 2599 τητα
1115 2563 1163 2591 τοῦ
1185 2563 1332 2591 Σαϐελλίου
1357 2564 1412 2591 τῶν
1435 2564 1545 2599 φύσεων
1568 2565 1699 2599 τιθέντες,
1731 2566 1824 2593 καὶτὸ

1032 2612 1095 2646 μίαν
1111 2611 1201 2644 λέγειν
1220 2611 1371 2638 ὑπόστασιν
1385 2611 1591 2647 ἀπορρίψαντες
1603 2618 1611 2627 ·
1638 2612 1710 2639 κατά
1724 2611 1753 2638 δὲ
1771 2612 1824 2647 τῆς

1031 2659 1096 2692 μιᾶς
1114 2657 1289 2689 ὑποστάσεως
1306 2657 1354 2684 τοῦ
1372 2657 1530 2690 Σαϐελλίου,
1547 2658 1598 2694 τὴν
1618 2658 1752 2693 διαίρεσιν
1766 2659 1823 2686 τῶν

1031 2703 1207 2730 ύποστάσεων
1223 2703 1270 2730 τοῦ
1291 2703 1398 2739 Ἀρείου
1412 2703 1607 2737 ἀντιτιθέντες,
1626 2705 1673 2731 καὶ
1688 2705 1737 2739 τὴν
1749 2705 1823 2732 διαί·

1032 2759 1106 2786 ρεσιν
1120 2750 1170 2785 τῆς
1187 2750 1252 2785 μιᾶς
1268 2750 1376 2785 φύσεως
1391 2750 1540 2786 πρόρριζον
1564 2751 1618 2778 ἀπὸ
1634 2751 1686 2787 τῆς
1704 2751 1824 2787 Ἐκκλη-

1031 2796 1092 2826 σίας
1108 2796 1327 2826 ἀνασπάσαντες.
1349 2796 1467 2830 Ὁμοίως
1488 2798 1535 2824 καὶ
1554 2797 1604 2831 τὴν
1623 2797 1755 2833 σύγχυσιν
1771 2797 1820 2824 τοῦ
