1942 3081
85 147 132 178 231

757 147 989 179 DISPUTATIO
1009 149 1051 180 Ii.

1664 148 1718 178 222

87 208 222 242 Εὑτυχοῧς
240 208 287 234 καὶ
302 207 357 235 τῶν
371 207 530 243 όμοφρόνων
546 206 622 243 αὑτῷ
635 207 815 240 ὲξουδίνωσαν
830 207 878 233 καὶ

948 215 1005 235 ioue
1018 207 1204 236 confusionem
1220 216 1299 242 quam
1314 207 1449 244 Eutyches
1463 206 1576 242 ejusque
1603 208 1715 235 asseclae

88 254 234 288 ἐξύϐρισαν
246 263 254 271 ⁸
274 255 321 281 καὶ
337 255 387 290 τὴν
409 254 563 290 ἀχώριστον
578 254 676 281 ἕνωσιν
693 254 747 280 τῶν
767 254 815 280 δύο
827 254 880 288 φύ-

89 311 156 328 σεων
171 302 220 337 τῆς
238 301 367 337 θεότητος
394 301 442 329 καὶ
467 302 517 335 τῆς
535 300 746 336 ἁνθρωπότητος
764 299 881 336 ἄραντες

89 349 241 383 ἀντέθηκαν
268 348 308 384 τῷ
323 349 465 385 Νεστορίῳ
492 349 540 375 καὶ
557 350 614 379 τοῖς
628 347 687 374 κατ’
705 347 786 374 αὐτὸν
811 348 880 376 διαι-

91 397 192 431 ροῦσιν,
208 396 309 428 οἵτινες
324 397 371 423 δύο
388 397 484 430 φύσεις
508 394 597 429 εἶπον,
615 397 684 424 ἀλλὰ
699 397 879 433 διῃρημένοις,

91 445 134 470 καὶ
151 445 201 479 οὐχ
217 444 363 478 ήνωμένας
379 444 424 469 ἐπὶ
439 443 485 470 τοῦ
500 444 558 475 ἑνὸς
572 444 704 479 Χριστοῦ,
721 445 812 476 θέντες
828 453 880 479 μα-

90 492 158 526 κρὰν
175 493 224 526 τὴν
238 491 375 526 διαίρεσιν
403 490 450 517 τοῦ
468 489 630 526 Νεστορίου,
643 492 680 523 ὡς
711 491 821 523 ζιζάνια
838 500 883 517 πι-

91 537 186 572 κρίας·
203 537 235 563 τὸ
261 537 291 563 δὲ
307 535 524 570 ἀκαινοτόμητον
542 536 596 562 τῶν
612 535 775 571 ἀμφοτέρων
801 535 830 561 ὲν
847 535 879 569 τῇ

91 583 186 610 ἑνώσει
211 583 260 617 τῆς
277 583 405 617 θεότητος
423 583 470 609 καὶ
496 582 546 616 τῆς
561 581 783 617 ἀνθρωπότητος,
800 581 883 615 τεθή-

91 638 154 656 κασι
170 628 242 655 κατὰ
267 629 314 654 τοῦ
331 627 469 661 Εὑτυχοῦς
499 627 619 655 καὶτῶν
633 627 694 654 κατ’
722 627 814 660 αὐτόν,
836 626 884 653 καὶ

90 675 144 702 τῶν
168 675 229 710 μετ’
249 675 331 702 αὑτὸν
343 674 392 710 τὴν
421 675 486 710 μίαν
512 674 593 710 φύσιν
608 674 742 708 λεγόντων
770 674 882 705 κακῶς·

92 721 186 757 ὥσπερ
202 722 227 747 oi,
244 722 339 753 παῖδες
363 721 417 747 τῶν
443 721 543 756 ἰατρῶν
569 720 618 747 οὐκ
635 722 666 747 ὲκ
682 721 735 748 τῶν
755 720 885 754 ὑγιεινῶν

94 769 183 802 μόνον,
201 767 260 794 ἀλλ’
273 769 325 804 ἤδη
340 768 385 795 καὶ
401 767 455 794 ἀπὸ
471 767 526 793 τῶν
548 766 689 803 βλαϐερῶν
707 765 884 792 κατασκευά-

93 814 169 848 ζουσι
189 815 339 850 φάρμακον
354 816 394 847 εἰς
408 813 516 853 ὑγείαν.

932 255 1111 288 invehebant,
1143 255 1315 291 olujurgatam
1340 254 1553 282 exsull'laverunt
1570 261 1577 280 :
1595 257 1621 281 et
1648 253 1722 281 inse-
1764 268 1772 277 κ

931 301 1079 335 parabilem
1094 302 1206 329 duarum
1221 306 1379 328 naturarum
1393 300 1489 328 divinae
1500 304 1580 335 alque
1597 299 1722 326 humana:

933 348 1059 374 unionem
1073 347 1198 375 Nestorio
1216 347 1328 382 ejusque
1345 346 1535 374 consectaneis
1547 346 1720 381 obiecerunt,

935 397 980 430 qui
993 396 1130 424 Christum
1151 396 1284 428 dividunt,
1303 396 1404 431 quique
1418 396 1484 422 duas
1501 394 1610 429 quidem
1630 393 1723 421 dicunt

934 447 1057 472 naturas,
1071 442 1117 468 sed
1130 441 1242 472 divisas,
1258 449 1310 468 non
1325 441 1351 468 in
1365 448 1418 468 uno
1429 439 1538 467 Christo
1548 440 1722 475 coniunctas.

935 487 981 516 Sic
1006 488 1130 515 videlicet
1149 488 1338 515 Nestorianam
1355 487 1530 517 divisionem,
1547 494 1596 514 ceu
1617 487 1721 515 zizania

935 542 1036 566 amara,
1057 542 1070 561 a
1091 542 1120 562 se
1140 534 1219 568 longe
1234 533 1408 569 propulerunt
1425 541 1432 559 ε
1451 533 1489 560 rei
1506 539 1569 560 vero
1583 532 1724 565 utriusque

936 580 964 607 in
1000 578 1122 606 facienda
1151 579 1249 620 unione
1278 576 1541 609 immutabilitatem,
1573 577 1725 604 divinitatis

935 625 1041 653 scilicet
1058 629 1086 652 et
1102 624 1288 657 humanitatis,
1308 628 1402 650 contra
1421 623 1597 658 Eutychetem
1613 622 1726 657 ejusque

935 678 1042 699 veteres
1058 678 1196 705 novosque
1206 670 1336 703 asseclas,
1350 670 1395 704 qui
1410 677 1490 697 unam
1505 661 1629 696 naturam
1643 674 1726 702 pravo

936 726 1017 746 sensu
1033 723 1171 750 asserunt,
1187 717 1429 745 coustabiliverunt
1444 724 1451 743 :
1469 723 1523 750 qua
1540 716 1566 742 in
1593 723 1621 742 re
1642 716 1727 743 medi-

936 772 983 792 cas
999 764 1096 791 imitati
1121 769 1194 797 sunt,
1213 764 1258 798 qui
1276 771 1328 791 non
1341 771 1356 791 e
1371 763 1525 790 salubribus
1540 762 1727 789 tantummodo

938 810 1030 841 rebus,
1049 817 1142 836 verum
1155 809 1236 836 etiam
1255 817 1269 836 e
1293 808 1394 841 noxiis,
1412 809 1532 836 salutare
1551 808 1727 843 pharmacum

937 856 1069 883 coniicere
1087 855 1183 883 solent.

132 901 191 929 Νῦν
202 900 249 929 οὖν
265 901 312 928 καὶ
323 902 415 936 ὴμεῖ·,
427 901 498 928 κατὰ
508 901 557 936 τὴν
569 901 624 928 τῶν
636 900 784 936 όρθοδόξων
798 900 884 934 ἁγίων

971 900 1048 929 Nunc
1072 902 1154 936 igitur
1178 906 1204 929 et
1221 909 1280 934 nos,
1301 900 1378 936 juxta
1394 900 1592 927 othodoxorum
1620 903 1729 926 sancto-

94 947 226 984 Πατέρων
257 948 423 984 παράδοσιν,
457 947 695 983 ἀναθεματὶζομεν
720 947 785 977 τοὺς
812 945 883 973 κατὰ

93 995 200 1030 τροπὴν
217 995 263 1020 καὶ
281 995 425 1021 ἀλλοίωσιν
443 994 574 1029 λέγοντας
599 994 664 1030 μίαν
679 993 818 1029 φύσιντοῦ
833 993 885 1020 Λό-

95 1049 143 1076 γου
159 1040 394 1076 σεσαρκωμένην·
413 1041 538 1072 καὶ-τοὺς
557 1040 686 1073 λέγοντας
701 1041 742 1067 ὅτι
763 1037 837 1076 [οὐκ]
853 1040 885 1065 ἐκ

94 1087 140 1114 τοῦ
153 1087 290 1122 ἡμετέρου
303 1088 465 1122 φυράματος
479 1086 559 1114 ἔλαϐε
579 1086 628 1120 τὴν
646 1086 821 1121 ἀνθρωπίνην
836 1085 886 1120 φύ-

96 1140 140 1160 σιν
152 1135 200 1160 καὶ
213 1133 302 1169 ἦνωσε
315 1135 348 1168 τῇ
364 1134 483 1168 θεότητι,
499 1131 557 1159 ἀλλ’
571 1133 652 1164 αὐτὸς
666 1132 696 1164 ἐξ
720 1132 818 1159 ἑαυτοῦ
833 1131 886 1158 ὕπ-

96 1181 231 1215 εστήσατο
247 1179 296 1216 τὴν
313 1180 403 1216 σάρκα
420 1181 448 1207 ἐν
465 1181 499 1216 τῇ
518 1179 611 1216 μήτρᾳ
624 1179 675 1213 τῆς
701 1178 853 1214 Παρθένου,
869 1178 885 1213 ἢ

97 1229 129 1255 ὲκ
142 1229 190 1255 τοῦ
219 1228 336 1263 οὐρανοῦ
363 1228 449 1264 αὐτὴν
463 1228 580 1264 ἢγαγεν,
611 1227 627 1263 ἢ
646 1227 716 1254 κατὰ
733 1226 887 1262 φαντασίαν

98 1274 185 1310 ἐφάνη
199 1274 354 1310 ἄνθρωπος,
364 1275 411 1301 καὶ
423 1275 473 1301 οὐκ
485 1274 600 1310 ἀληθεία
609 1281 617 1289 ⁸
632 1274 678 1301 καὶ
690 1273 753 1304 τοὺς
765 1271 888 1306 δι’ἄλλην

96 1321 158 1347 τινὰ
171 1321 264 1347 αἰτίαν
279 1321 411 1354 λέγοντας
441 1320 505 1356 μίαν
531 1318 614 1354 φύσιν
629 1320 675 1346 ἐπὶ
691 1319 738 1346 τοῦ
755 1317 887 1354 Χριστοῦ,

98 1367 146 1393 καὶ
156 1366 218 1401 οὐχὶ
231 1366 275 1394 διὰ
290 1366 341 1401 τὴν
358 1364 510 1403 ἀχώριστον
536 1367 584 1393 καὶ
603 1366 758 1401 ἀσύγχυτον
781 1365 888 1392 ἕνωσιν.

99 1412 194 1445 οὕτως
215 1413 454 1449 ἀναθεματιζομεν
478 1413 604 1444 καὶτοὺς
630 1411 702 1440 κατὰ
719 1411 765 1438 τὸν
787 1410 890 1438 Νεστό-

100 1468 159 1495 ριον
173 1460 213 1491 εἰς
225 1460 272 1486 δύο
287 1459 384 1494 φύσεις
399 1459 567 1495 χωρίζοντας
584 1459 657 1490 ἰδίως
677 1458 726 1485 καὶ
739 1458 792 1485 ἀνὰ
808 1458 890 1492 μέρος

100 1507 145 1533 τὸν
160 1507 227 1533 Θεὸν
239 1507 287 1534 καὶ
299 1506 453 1542 ἄνθρωπον,
470 1507 601 1541 λέγοντας
617 1505 738 1533 παθόντα
755 1505 802 1532 καὶ
820 1505 889 1530 ἀπο-

101 1552 230 1585 θανόντα,
244 1553 291 1580 καὶ
306 1553 367 1588 οὐχὶ
378 1553 423 1580 τὸν
435 1553 526 1588 ἀπειθῆ
541 1554 588 1579 καὶ
604 1552 737 1580 ἀθάνατον
749 1559 756 1566 ·
773 1543 892 1586 aulo-311

101 1599 133 1633 τῇ
153 1597 250 1625 ἑνώσει
267 1598 388 1629 διδόντας
400 1599 432 1625 τὰ
449 1598 605 1633 ἀμφότερα.
631 1598 662 1624 τδ
677 1596 764 1628 πάθος
782 1597 831 1623 καὶ
843 1596 894 1631 τὴν

102 1644 251 1676 ἀπάθειαν,
260 1645 306 1672 τὸν
316 1645 432 1672 θάνατον
440 1645 487 1675 καὶ
496 1645 546 1679 τὴν
557 1644 718 1671 ἀθανασίαν.
731 1643 801 1670 Ἀλλ’
815 1644 895 1678 ἡμεῖς

104 1691 273 1726 πιστεύομεν
282 1691 323 1718 ὅτι
334 1692 347 1717 6
356 1691 422 1723 Θεὸς
439 1691 535 1725 Λόγος,
545 1691 558 1717 ό
570 1691 602 1717 ὲκ
620 1689 665 1717 τοῦ
679 1690 787 1725 Πατρός
804 1697 897 1724 γεννη-

105 1736 162 1769 Θεῖς
174 1737 227 1771 πρὸ
238 1738 292 1764 τῶν
300 1736 416 1770 αἰώνων,
425 1737 438 1763 ό
447 1737 573 1772 ἀόρατος,
582 1737 596 1762 6
603 1736 720 1771 ἀπαθὴς,
728 1736 742 1762 6
750 1735 894 1767 ἀθάνατος,

104 1784 184 1811 ἔλαϐε
202 1784 251 1820 τὴν
271 1784 408 1819 ἡμετέραν
421 1783 502 1818 φύσιν
514 1783 625 1814 τελείως
640 1783 671 1809 ὲκ
682 1782 732 1817 τῆς
745 1782 894 1818 Παρθένου,

107 1832 154 1857 καὶ
170 1831 260 1866 ἧνωσε
280 1832 312 1865 τῇ
328 1829 409 1856 αὐτοῦ
425 1829 487 1865 θείᾳ
502 1829 583 1864 φύσει
598 1829 746 1865 ἁσυγχύτῳ
765 1829 812 1856 καὶ
825 1831 898 1864 ἀχω-

109 1877 194 1912 ρίστῳ
211 1876 318 1908 ἑνώοέι,
332 1877 380 1903 καὶ
393 1875 503 1911 ἐγένετο
518 1876 531 1902 6
541 1876 657 1910 ἀόρατος
674 1875 745 1903 κατὰ
758 1875 807 1911 τὴν
821 1875 898 1903 θείαν

108 1926 202 1960 φύσιν,
221 1925 317 1960 ὁρατὸς
335 1925 407 1951 κατὰ
425 1925 474 1959 τὴν
489 1923 708 1959 ἁνθρωπότητα·
725 1923 771 1949 καὶ
787 1923 801 1949 6
826 1922 898 1957 ἀψηα

107 1973 241 2006 ὶάξητυς,
262 1970 422 2006 ψηλαφητός
435 1977 442 1985 ⁶
459 1970 506 1997 καὶ
519 1971 532 1997 ό
546 1969 655 2005 ἀπαθὴς
671 1969 719 1996 καὶ
734 1969 748 1995 6
763 1968 899 2000 ἀθάνατος

109 2018 182 2046 κατὰ
195 2018 245 2054 τὴν
258 2017 334 2044 θείαν
352 2017 445 2052 φύσιν,
458 2017 580 2052 παθητὸς
594 2017 642 2042 καὶ
655 2015 751 2052 θνητός
765 2015 837 2042 κατὰ
850 2015 900 2049 τὴν

108 2065 251 2100 ἡμετέραν
264 2064 346 2099 φύσιν
359 2071 366 2079 ⁸
383 2064 412 2090 οὺ
429 2063 501 2091 κατὰ
517 2063 566 2098 τὴν
583 2062 719 2097 διαίρεσιν
735 2061 813 2093 ἄλλος
826 2060 899 2087 ἐστὶν

109 2112 123 2138 6
134 2110 257 2146 ἀπαθὴς,
269 2110 317 2137 καὶ
331 2110 410 2140 ἄλλος
425 2109 439 2136 6
451 2109 581 2144 παθητὸς,
595 2108 676 2140 ἀλλος
691 2107 718 2134 δὲ
733 2109 747 2134 ὁ
763 2107 899 2139 ἀθάνατος

110 2155 160 2182 καὶ
183 2155 265 2187 ἄλλος
280 2156 294 2182 6
312 2155 418 2190 θνητὸς,
444 2154 502 2181 ἀλλ’
516 2155 529 2181 6
545 2153 640 2181 παθὼν
656 2154 704 2180 καὶ
723 2153 812 2180 θανὼν
829 2152 903 2179 κατὰ

109 2200 161 2236 τὴν
173 2200 395 2236 προσ-ληφθεῖσαν
414 2199 557 2235 ανθρώπου
574 2199 667 2234 φύσιν,
685 2199 700 2226 6
725 2199 808 2230 αὐτὸς
832 2199 903 2226 ἁπα-

112 2246 163 2281 θὴς
181 2245 230 2272 καὶ
241 2245 374 2277 ἀθάνατος
391 2244 462 2272 κατὰ
476 2244 525 2280 τὴν
536 2243 639 2272 οἰκείαν
654 2243 731 2270 θείαν
749 2243 840 2278 φύσιν.
854 2244 905 2270 Διὰ

113 2291 194 2318 τοῦτο
205 2290 254 2317 καὶ
268 2287 339 2328 αἷμα
353 2289 420 2316 Θεοῦ
434 2289 545 2324 λέγεται
559 2289 608 2316 καὶ
617 2289 704 2320 πάθος
721 2288 769 2316 καὶ¹
789 2288 905 2320 θάνατος

113 2338 162 2364 καὶ
180 2337 249 2368 Θεῇς
264 2336 480 2372 σταυρούμενος,
509 2335 558 2364 καὶ
574 2335 610 2363 τὰ
638 2335 732 2371 ὅμοια,
755 2334 773 2362 ἃ
788 2336 820 2370 τῇ
845 2334 906 2371 θείᾳ

113 2383 198 2417 φύσει
212 2382 338 2418 διδόαμεν
353 2383 403 2409 οὐκ
424 2382 508 2415 ιδιως,
520 2381 589 2409 ἀλλὰ
604 2383 638 2418 τῇ
665 2381 779 2418 ἀρρήτῳ
795 2379 903 2408 ὲνώσει.

114 2429 171 2456 Καὶ
196 2429 293 2464 ὥσπερ
317 2428 449 2455 ἀδύνατόν
471 2429 530 2455 ἐστι
552 2427 598 2455 διὰ
624 2427 742 2454 θανάτου
771 2426 844 2462 ζωὴν
859 2426 908 2453 καὶ

116 2474 271 2501 ἀθανασίαν
297 2473 474 2509 δωρήσασθαι
498 2472 555 2504 τοῖς
573 2471 740 2508 ἀνθρώποις,
759 2471 830 2506 πλὴν
860 2469 908 2496 τοῦ

116 2519 187 2547 Θεοῦ
206 2520 295 2554 Λόγου
311 2519 458 2550 ὲνωθέντος
470 2520 503 2554 τῇ
520 2518 604 2554 θνητῇ
631 2518 713 2552 φύσει
736 2517 783 2544 καὶ
799 2516 908 2552 παθητῇ

117 2565 174 2591 τῶν
189 2563 355 2598 ἀνθρώπων,
372 2563 403 2589 τὸ
428 2562 560 2590 ἀδύνατον
575 2562 688 2589 δυνατὸν
704 2561 826 2596 ἐγεγόνει
837 2568 844 2575 ·
863 2562 910 2587 καὶ

118 2610 173 2645 γὰρ
184 2610 198 2636 ό
211 2608 319 2645 ἀπαθὴς
332 2608 417 2635 ἔπαθε
433 2609 471 2643 τῷ
486 2608 612 2643 παθητῷ,
630 2608 679 2635 καὶ
691 2608 705 2635 6
722 2608 856 2638 ἀθάνατος
871 2606 909 2640 τῷ

119 2656 211 2691 θνητῷ
227 2655 374 2682 ἀπέθανεν.
388 2655 438 2681 Διὰ
446 2654 525 2681 τοῦτο
533 2653 757 2689 ἑζωοποιήθημεν
771 2653 817 2678 καὶ
831 2653 914 2687 ἡμεῖς

118 2703 223 2734 οἵτινές
236 2703 321 2738 ἐσμεν
338 2701 418 2736 σῶμα
438 2701 523 2729 αὐτοῦ
538 2700 586 2728 καὶ
602 2701 670 2735 μέλη
684 2698 913 2733 ἀρμο>.ογούμενα

119 2750 160 2785 τῷ
177 2750 260 2782 ζῶντι
275 2750 323 2775 καὶ
342 2748 519 2781 ζωοποιοῦντι
533 2748 605 2782 ἡμᾶς
628 2746 739 2782 Χριστῷ
755 2747 788 2781 τῇ
805 2746 912 2780 κεφαλῇ

119 2795 212 2830 ἡμῶν,
230 2795 259 2826 ὃς
273 2795 349 2821 ἐστιν
366 2793 514 2828 εὐλογητὸς
528 2794 574 2819 καὶ
588 2792 780 2827 δεδοξασμένος
798 2792 837 2822 εἰς
850 2791 913 2822 τοὺς

120 2841 237 2871 αἰῶνας.

939 955 998 976 rum
1029 947 1141 975 Patrum
1172 947 1354 977 traditionem,
1377 945 1640 972 anathematizamus
1669 951 1726 976 cos,

938 994 983 1030 qui
1004 1002 1087 1021 unam
1112 1000 1235 1020 naturam
1254 993 1347 1019 dicunt
1367 991 1466 1018 factam
1485 990 1565 1018 Verbi
1596 990 1728 1017 incarnati

940 1048 988 1075 per
1019 1040 1225 1068 conversionem
1252 1043 1279 1067 et.
1303 1038 1517 1065 immutationem
1539 1037 1629 1064 :item
1659 1037 1728 1070 illus,

940 1087 985 1122 qui
1000 1086 1137 1114 Christum
1155 1087 1232 1113 aiunt
1260 1085 1331 1114 haud
1345 1093 1377 1113 ex
1403 1089 1495 1112 nostra
1511 1084 1662 1112 substantia
1678 1084 1731 1110 hu-

942 1140 1050 1160 manam
1072 1133 1223 1169 sumpsisse
1248 1137 1372 1160 naturam
1391 1139 1422 1159 ac
1446 1130 1580 1158 divinitati
1599 1130 1730 1163 univisse,

943 1181 989 1207 sed
1014 1180 1101 1213 ipsum
1128 1187 1175 1213 per
1201 1186 1230 1207 se
1256 1185 1366 1205 carnem
1389 1176 1441 1205 sibi
1472 1177 1499 1204 in
1518 1175 1638 1210 Virginis
1654 1181 1731 1202 utero

944 1225 1181 1260 circumposuisse,
1213 1229 1260 1250 aut
1289 1223 1323 1250 de
1354 1221 1424 1249 coelo
1443 1229 1502 1248 eam
1520 1220 1655 1253 attulisse,
1686 1224 1733 1246 aut

943 1271 1125 1308 phantastice,
1141 1278 1194 1298 non
1218 1276 1282 1296 vere
1310 1268 1445 1296 hominem
1468 1266 1627 1301 apparuisse
1643 1273 1651 1293 :
1667 1265 1732 1292 item

944 1317 1015 1350 illos,
1039 1315 1086 1352 qui
1109 1315 1161 1343 alia
1178 1315 1274 1350 quavis
1290 1321 1322 1341 ex
1340 1320 1421 1340 causa
1438 1319 1518 1339 unam
1537 1310 1637 1339 Christi
1652 1315 1733 1337 uatu-

944 1371 1002 1390 ram
1019 1362 1123 1394 dicunt.
1139 1368 1192 1388 nou
1216 1365 1305 1388 autent
1335 1363 1446 1394 propter
1468 1356 1676 1392 inseparabilem
1693 1355 1734 1383 in-

943 1409 1142 1443 confusamque
1156 1408 1296 1435 unionem.
1315 1407 1361 1434 Sic
1378 1405 1460 1433 etiam
1474 1404 1654 1433 Nestorianos
1665 1410 1733 1431 ana.

945 1455 1162 1486 thematizamus,
1195 1453 1241 1488 qui
1266 1452 1403 1480 Christum
1430 1450 1456 1478 in
1474 1451 1541 1479 duas
1566 1454 1678 1477 naturas
1697 1450 1734 1477 ita

945 1504 1079 1535 dividunt,
1103 1506 1133 1529 ut
1159 1500 1241 1528 Deum
1268 1506 1392 1528 seorsum
1413 1498 1531 1526 habeant
1554 1497 1588 1524 ab
1613 1496 1735 1528 homine,

947 1550 973 1578 id
988 1553 1030 1577 est
1049 1556 1111 1576 eum
1135 1548 1180 1583 qui
1208 1554 1304 1582 passus
1333 1549 1509 1579 mortuusque
1538 1548 1579 1572 est
1613 1550 1735 1570 seorsum

949 1596 982 1624 ab
1006 1603 1040 1623 eo
1056 1594 1103 1630 qui
1127 1592 1306 1627 impassibilis
1326 1591 1543 1625 immortalisque
1568 1594 1629 1623 est;
1649 1595 1737 1623 neque

949 1648 1092 1677 utramque
1110 1647 1166 1667 rem
1189 1638 1301 1666 unionis
1323 1637 1416 1665 virtuti
1432 1636 1565 1668 tribuunt,
1582 1635 1737 1670 passionem

949 1692 977 1715 et
1005 1685 1263 1722 impassibilitatem,
1292 1687 1405 1710 mortem
1433 1686 1461 1708 et
1491 1680 1737 1708 immortalitatem.

950 1735 1006 1763 Nos
1018 1742 1081 1762 vero
1104 1732 1240 1761 credimtts
1256 1730 1303 1757 Dei
1320 1728 1440 1756 Verbum
1458 1727 1523 1755 illud
1546 1735 1561 1754 a
1577 1726 1658 1754 Patre
1675 1730 1739 1752 ante

950 1782 1049 1810 smcula
1073 1779 1205 1815 genitum,
1226 1776 1374 1807 invisibile,
1393 1773 1561 1809 impassibile
1577 1777 1605 1800 et
1628 1772 1740 1798 immor—

951 1829 1016 1861 tale,
1033 1831 1154 1855 nostram
1172 1832 1204 1852 ex
1234 1823 1347 1858 Virgine
1364 1826 1492 1848 naturam
1510 1819 1632 1854 perfecto
1658 1817 1739 1844 modo

952 1874 1112 1910 sumpsisse,
1140 1875 1168 1899 et.
1189 1877 1249 1898 cum
1266 1877 1314 1897 sua
1339 1868 1429 1895 divina
1448 1871 1544 1894 natura
1557 1864 1698 1893 inconfusa
1714 1867 1740 1891 et

953 1918 1127 1955 iuseparabili
1147 1917 1246 1944 unione
1274 1914 1456 1950 copulavisse.
1483 1912 1572 1946 Atque
1587 1911 1623 1938 ita
1638 1910 1683 1946 qui
1698 1914 1741 1936 est

953 1967 981 1994 in
995 1965 1086 1993 divina
1102 1967 1198 1991 natura
1223 1960 1376 1992 invisibilis,
1389 1958 1477 1986 evasit
1501 1957 1617 1984 visibilis
1643 1955 1670 1982 iu
1693 1955 1742 1982 hu-

955 2013 1104 2044 manitate;
1132 2009 1179 2046 qui
1196 2013 1236 2036 est
1262 2005 1454 2043 impalpahilis,
1474 2004 1560 2032 factus
1580 2007 1623 2031 est
1647 2001 1741 2037 palpa-

954 2059 1031 2092 bilis;
1045 2055 1220 2092 impassibilis
1243 2051 1462 2084 immortalisque
1482 2049 1629 2078 secundum
1643 2047 1743 2074 divini-

955 2110 1050 2136 tatem,
1081 2101 1216 2138 passihilis
1242 2098 1419 2132 mortalisque
1444 2095 1593 2124 secundum
1620 2097 1742 2121 nostram

955 2157 1081 2180 naturam
1110 2148 1196 2176 evasit
1219 2155 1226 2173 :
1253 2153 1306 2173 non
1335 2150 1424 2172 autem
1458 2150 1582 2171 seorsum
1609 2141 1678 2168 alius
1704 2145 1746 2168 est

957 2197 1147 2234 impassibilis,
1183 2193 1253 2222 alius
1282 2191 1440 2230 paSSibilis;
1468 2190 1538 2217 alius
1570 2186 1745 2218 immortalis,

920 2257 944 2287 ο
958 2245 1027 2274 allus
1042 2242 1165 2272 mortalis
1180 2249 1187 2268 :
1201 2247 1295 2268 verum
1323 2239 1370 2266 ille
1392 2237 1438 2272 qui
1456 2243 1554 2272 passus
1568 2239 1747 2267 mortuusque

958 2297 1000 2320 est
1014 2292 1041 2319 in
1058 2293 1197 2324 assumpta
1212 2286 1330 2315 hominis
1348 2289 1456 2318 natura,
1482 2283 1554 2311 idem
1570 2279 1746 2316 impassibills

959 2335 1175 2368 immortalisque
1197 2337 1238 2360 est
1263 2332 1290 2359 in
1317 2330 1427 2366 propria
1451 2328 1542 2356 divina
1570 2331 1679 2354 natura.
1704 2324 1749 2351 ld—

959 2383 1034 2410 circo
1050 2385 1076 2407 et
1091 2379 1139 2407 Dei
1154 2378 1277 2413 sanguis,
1308 2381 1335 2404 et
1356 2375 1457 2411 passio,
1477 2378 1505 2401 et
1521 2380 1607 2405 mors,
1634 2375 1661 2398 et
1677 2370 1750 2397 Deus

960 2427 1105 2456 cruciﬁxus
1135 2424 1243 2456 dicitur,
1267 2428 1295 2451 et
1320 2426 1418 2450 caetera
1445 2420 1520 2453 talia,
1552 2426 1611 2453 qua:
1649 2417 1749 2444 divinae

964 2479 1067 2501 natum:
1079 2470 1148 2499 haud
1166 2469 1285 2504 proprie,
1303 2468 1350 2495 sed
1369 2464 1514 2494 ineﬂ'abilis
1541 2462 1651 2491 unionis
1666 2469 1748 2489 causa

965 2518 1118 2546 tribuimus.
1141 2515 1197 2543 Etsi
1210 2519 1300 2542 autem
1318 2510 1484 2547 impossibile
1501 2514 1543 2537 est
1556 2511 1643 2534 morte
1667 2507 1748 2533 vitam

964 2568 1045 2597 atque
1072 2559 1303 2588 immortalitatem
1335 2556 1425 2591 largiri
1457 2554 1620 2586 hominibus,
1652 2550 1751 2578 nihilo-

964 2595 1054 2635 minus
1070 2611 1211 2640 postquam
1233 2603 1279 2630 Dei
1306 2601 1423 2629 Verbum
1442 2599 1547 2627 mortali
1576 2595 1752 2633 passibiliquc

965 2653 1104 2682 hominum
1126 2656 1228 2678 naturae
1242 2650 1346 2676 unitum
1368 2652 1420 2679 est,
1448 2647 1472 2672 id
1490 2644 1560 2679 quod
1591 2648 1669 2670 antea
1695 2641 1752 2668 llcri

965 2708 1019 2727 non
1050 2703 1167 2734 poterat,
1191 2695 1320 2731 possibile
1346 2693 1433 2720 evasit
1454 2701 1460 2720 :
1485 2698 1546 2718 natn
1577 2687 1753 2725 impassihilis

968 2733 1064 2780 passus
1088 2748 1130 2771 est
1160 2747 1256 2769 natura
1287 2739 1423 2775 passibili,
1454 2736 1615 2765 immortalis
1644 2733 1753 2762 mortali

969 2797 1091 2819 mortuus
1107 2794 1157 2817 cst.
1174 2789 1277 2816 Idcirco
1303 2792 1330 2815 et
1349 2794 1398 2813 uos
1422 2783 1548 2812 vivilicati
1577 2783 1687 2814 luimus,
1706 2780 1753 2814 qui

967 2845 1065 2872 corpus
1080 2835 1163 2870 ipsius
1179 2841 1283 2866 sumus,
1301 2837 1328 2861 et
1355 2832 1476 2859 membra
1507 2832 1694 2866 coagmentata
1711 2827 1752 2854 vl-

122 2889 196 2918 venti
214 2888 417 2923 viviﬁcantique
444 2894 493 2916 nos
512 2886 632 2921 Christo,
651 2892 744 2916 nostro
760 2887 851 2922 capiti,
867 2887 918 2922 qui.
931 2892 971 2916 cst
986 2884 1141 2915 benedictus
1160 2887 1186 2912 ct
1200 2882 1365 2918 gloriﬁcatus
1377 2881 1403 2909 iu
1415 2878 1523 2909 sacula.
