1942 3081
107 130 158 163 225

772 134 1006 166 DlSPUTATlO
1025 135 1066 165 ΙΙ.

1687 136 1740 169 22C

109 191 151 217 τὸν
168 189 230 216 νοῦν
247 189 394 224 ἐφιστῶντι
424 189 462 224 τῷ
489 190 647 225 γράμματι,
672 190 739 217 ἀλλὰ
756 191 802 217 καὶ
817 191 891 217 toi-rt

947 191 1073 226 mquitas.
1101 198 1149 219 ccn
1171 192 1325 221 exuberans
1350 199 1437 228 neque
1457 193 1491 220 ad
1521 193 1742 228 perpendiculum

107 238 155 272 τῆς
183 237 230 270 σῆς
255 235 420 271 ὸρθοτομίας
437 236 567 271 εὐθύτητι
582 236 619 267 ὡς
633 237 719 272 τραχὺ
735 237 782 264 καὶ
795 237 832 272 μὴ
850 236 897 263 τοῦ

107 283 216 314 κανόνος
233 282 387 309 {monti-nov
399 282 437 318 τῷ
453 281 584 318 γνώμονι,
601 282 641 318 τῷ
660 282 773 318 καθαρῷ
786 282 836 318 τῆς
852 283 897 318 ὀρ-

108 329 223 361 θοδοξίας
240 329 306 364 σίτῳ
316 327 360 356 οἷα
376 329 475 364 μικρὸν
500 328 572 364 [σοιι.
592 328 693 365 μικρῷ]
710 329 756 356 καὶ
771 329 899 364 ἀσυμφο-

107 376 148 407 νὲς
175 375 296 407 ζιζάνιόν
325 384 352 401 τι
378 376 603 411 -παραφυὸμενον,
625 375 722 410 ὥσπερ
748 375 897 403 σκανδάλου

108 421 236 456 πρόξενον
254 421 406 453 ἁποξεσοὲν
430 421 467 451 ὠς
494 421 604 448 νοοεῦον
624 422 670 448 τοῦ
696 421 825 455 εὐγενοῦς
838 421 898 454 νοὸς

106 469 153 504 τὴν
164 469 290 504 λειότητα
305 468 424 504 ἀφανείᾳ
435 469 525 504 τελείᾳ
539 468 768 504 παραδοθήσεται.
786 469 839 495 Καὶ
851 468 898 495 οὔκ

107 524 157 546 τως
172 514 281 550 ἀληθῶς
296 515 326 541 τὺ
353 515 549 550 γεγραμμένον
567 515 653 545 ἐστὶν,
678 515 719 541 ὃτι
754 514 805 542 Ἐν
820 514 897 549 χειρί

107 561 247 596 γλώσσης
262 559 317 594 ζωὴ
335 561 382 587 καὶ
407 560 554 593 θάνατος·
573 561 689 592 θάνατος
705 561 758 596 γὰρ
782 561 828 588 καὶ
850 562 898 587 θα-

107 608 190 634 νά“ω·λ
205 608 359 639 δεινότατος
379 609 394 642 ἡ
414 608 464 642 τῆς
480 607 611 639 εὐσεϐοῦς
629 607 790 639 ἁπόπτωσις
815 607 894 642 δόξης

106 656 159 686 τοῖς
181 655 222 685 εἰς
250 655 301 689 τὴν
330 653 444 689 βέϐηλον
471 654 719 689 κατενηνεγμένοις
740 654 895 688 ἀπειθείαν,

107 701 150 727 καὶ
178 701 228 736 τὴν
257 701 383 735 γλῶτταν
409 701 449 732 εἰς
470 701 594 735 γλῶτταν
628 702 743 734 εἱκαῖως
769 701 837 738 [εοά.
856 701 896 727 εἰ-

107 748 210 784 καίους]
230 749 383 781 ὁπλίζουσι,
412 749 459 775 καὶ
484 749 522 780 ὡς
551 748 615 784 ᾅδου
632 747 722 784 πύλην
742 749 772 774 τὸ
796 749 896 774 οἰκεῖον

107 797 190 831 στόμα
205 795 387 822 πλατύνουσιν
400 804 406 811 ·
422 795 517 831 ὥσπερ
531 795 588 831 ζωὴ
603 795 649 822 καὶ
664 795 721 831 ζωὴ
738 795 834 822 αἰωνίςι
850 795 896 821 καὶ

107 842 207 877 φθορᾶς
223 842 315 877 πάσης
328 841 542 877 ὑπερισχύουοα,
557 842 582 868 οἰ
598 841 734 868 σκοτεινοὶ
747 842 795 868 καὶ
809 842 894 877 ἀόρα-

106 897 144 914 τοι
161 888 207 914 καί
222 887 381 924 ἀπόκρυφοι
394 887 444 923 τῆς
459 887 578 922 ἀληθοῦς
597 888 777 924 καταλήψεως
792 887 895 923 θησαυ-

107 932 158 967 ροὶ,
180 932 226 963 οὒς
250 932 402 966 ὲξανοιγειν
423 933 437 959 ὁ
461 932 515 960 τῶν
537 932 607 960 ὅλων
622 933 689 965 Θεὸς
709 933 895 968 ἐπηγγείλατο

106 980 159 1011 τοῖς
173 979 261 1014 ὀρθῶς
274 979 438 1014 ἐκζητοῦσιν
450 979 544 1012 αὑτὸν,
560 979 609 1006 καὶ
622 979 659 1015 μὴ
675 979 724 1015 τὴν
741 979 834 1007 κλεῖδα
845 980 894 1015 τῆς

106 1026 228 1060 γνώσεως
244 1026 381 1061 αἴρουσιν,
409 1026 466 1053 ἁλλ’
484 1027 690 1062 εἰσερχομένοις
716 1027 765 1054 καὶ
790 1028 892 1061 αὐτοῖς,

106 1072 196 1108 καὶμὴ
211 1073 275 1105 τοὺς
290 1073 502 1109 εἰσερχομένους
518 1073 663 1100 κωλύουσι.

138 1118 191 1154 Τὴν
209 1119 284 1154 ζωὴν
301 1116 348 1145 οὖν
363 1118 467 1154 ταύτην
481 1119 581 1154 ἔχουσα
596 1120 612 1154 ή
630 1119 664 1150 σὴ
683 1119 812 1155 τιμιότης
827 1121 893 1156 παρ’

107 1166 195 1200 ἑαυτῇ,
213 1164 244 1192 εὖ
257 1163 328 1192 οἶδεν
343 1166 358 1200 ἠ
372 1165 497 1200 βασιλεία
514 1165 593 1200 ἡμῶν
608 1166 649 1192 ὅτι
670 1166 717 1192 καὶ
728 1167 784 1197 τοῖς
803 1166 894 1198 ἄλλοις

105 1212 201 1246 ταύτης
217 1211 371 1246 μεταδώσει
386 1211 434 1238 καὶ
453 1211 654 1247 μεταριθμήσει
669 1213 724 1239 τισὶ
741 1212 796 1239 τῶν
811 1214 893 1240 ἀπει-

107 1257 428 1292 θεστέρωνένιζάνουσαν
455 1258 605 1294 σκαιότητα
633 1258 680 1285 καὶ
706 1259 891 1295 σκληρότητα,

107 1305 217 1336 καὶτοῖς
232 1305 360 1338 ποτίμοις
379 1304 469 1338 λόγοις
484 1305 533 1340 τῆς
557 1305 760 1340 ἀνεπισφαλοῦς
774 1307 894 1338 πίστεως

107 1351 152 1386 τὴν
166 1351 292 1387 ἁλμυρὰν
306 1351 457 1378 ἁποκλύσει
480 1351 619 1379 θάλασσαν
632 1349 681 1388 τῆς
696 1353 891 1387 κακοπιστίας,

106 1399 150 1424 καὶ
159 1398 373 1433 μετενεγκῃντὴν
383 1398 460 1425 νόσον
472 1399 513 1430 εἰς
525 1397 760 1434 εἰλικρινεστάτην
775 1399 892 1432 ὑγιείαν.

108 1444 229 1479 Ἔχοντες
247 1444 294 1471 οὖν
312 1452 343 1471 σε
361 1445 412 1480 τὴν
428 1444 550 1478 κεφαλὴν
564 1446 624 1476 ταῖς
639 1444 748 1477 λοιπαῖς
762 1446 892 1480 οἰκουμε-

107 1493 190 1523 νικαῖς
210 1492 342 1524 συνόδοις,
357 1491 425 1518 ἀλλὰ
439 1491 486 1518 καὶ
509 1492 543 1527 τῇ
565 1491 683 1527 τετάρτῃ
713 1492 891 1528 συνᾴδουσαν,

108 1538 240 1570 εὐέλπιδες
257 1539 351 1573 ἐσμεν,
367 1537 404 1570 ὡς
421 1538 469 1565 καὶ
484 1538 519 1564 τὰ
533 1537 603 1573 μέλη
628 1539 662 1574 τῇ
678 1538 782 1574 κεφαλῇ
808 1548 889 1566 συναρ
905 1551 926 1581 C

106 1583 296 1617 κολουθὴσουσι
309 1591 316 1598 ’
333 1584 382 1610 καὶ
398 1584 453 1610 πᾶν
468 1583 499 1610 τὸ
511 1583 635 1610 διασπῶν
659 1583 710 1619 τὴν
725 1584 892 1618 ἐπαινουμέ-

106 1638 150 1664 νην
164 1629 317 1665 συνέχειαν,
334 1629 381 1655 καὶ
395 1628 441 1655 τὸν
452 1628 500 1663 τῆς
513 1628 636 1660 ἐνώσεως
652 1628 801 1663 σύνδεσμον
817 1629 891 1661 λύον,

106 1676 138 1707 ὡς
156 1676 298 1711 ἀσομξυὲς
316 1676 364 1702 καὶ
380 1674 555 1710 ἀξύμὸλητον
568 1676 601 1710 τῇ
619 1675 667 1710 τῆς
683 1675 827 1711 ὁλομελίας
841 1676 891 1710 ἁρ-

107 1722 223 1758 μολογία,
246 1721 439 1756 ἀνακαθαροὲν
468 1721 523 1747 ἀπὸ
540 1720 587 1747 τοῦ
612 1721 697 1756 μέσου
726 1721 889 1756 ἀρθήσεται.

106 1769 132 1795 Εἰ
145 1770 195 1804 γὰρ
207 1770 254 1796 καὶ
269 1770 295 1795 οἰ
310 1769 437 1804 πρότεροι
451 1768 504 1794 τῶν
514 1768 664 1803 Ἀρμενίων
677 1768 807 1802 π.ιμένες
821 1768 891 1795 κατὰ

105 1816 145 1841 τὸν
159 1816 203 1842 τοῦ
221 1817 366 1851 προςεήτου
386 1815 592 1850 ἡφρονεύσαντο
618 1814 708 1848 λόγον,
723 1816 769 1841 καὶ
784 1816 800 1850 ὴ
820 1815 891 1851 νομὴ

105 1862 172 1888 πᾶσα
188 1862 237 1887 οὐκ
255 1861 328 1895 ἔγνω
346 1861 394 1887 καὶ
421 1859 684 1896 διεσκορπίσθησαν,
712 1860 772 1887 ἀλλ’
790 1862 804 1887 ὁ
821 1861 891 1896 μετὰ

104 1906 206 1939 τούτους
221 1906 308 1934 ἐλθὼν
322 1906 534 1942 ὲπιστημονικδς
548 1907 595 1933 καὶ
608 1906 723 1941 ἕμςρρων
740 1906 845 1942 ποιμὴν
860 1906 890 1933 τδ

104 1954 309 1989 διασκορπισθὲν
324 1953 527 1990 ὲπισυναγάγῃ,
545 1954 593 1979 καὶ
610 1953 793 1987 ἀναγνωρίσει
822 1953 889 1979 πᾶσι

104 2001 147 2036 τὴν
173 2001 341 2038 ἀντίστοιχον
366 2001 416 2036 τῆς
440 2001 591 2035 θανασίμου
622 2001 692 2031 πόας
719 2000 826 2036 νομὴν,
843 2000 890 2027 καὶ

103 2048 230 2085 εἰσαγάγῃ
243 2048 275 2075 τὸ
302 2046 441 2082 ποίμνιον,
457 2048 503 2074 καὶ
521 2047 658 2082 ἐνοικήσει
673 2047 706 2082 τῇ
722 2047 889 2082 ψυχοτρόφῳ

104 2095 202 2130 μάνδρᾳ
217 2096 250 2130 τῇ
267 2094 392 2128 ἀϐλαϐεῖ,
411 2094 458 2121 καὶ
472 2094 605 2130 εὐφρανεῖ
622 2093 667 2120 τὸν
682 2093 887 2127 οἰκοδεσπότην,

103 2141 139 2168 ὅτι
152 2143 181 2168 τὺ
196 2142 331 2169 τάλαντον
351 2143 390 2174 εἰς
405 2141 525 2169 ἐπίδοσιν
551 2139 626 2177 ἦλθε,
644 2141 693 2167 καὶ
719 2141 747 2167 αἱ
762 2141 888 2176 οὐράνιαι

101 2187 222 2223 δυνάμεις
237 2189 287 2215 ἐπὶ
301 2190 335 2224 τῇ
347 2188 397 2223 τῆς
411 2188 538 2223 δραχμῆς
552 2187 660 2222 εὑρέσει
676 2186 887 2222 ἠγαλλιάσαντο.

950 238 1088 271 quadrans
1102 237 1238 272 (videlicet
1260 243 1387 273 tanquam
1411 246 1494 273 pauca
1510 244 1537 266 et
1568 240 1741 266 inobservata

950 284 1056 311 zizania
1079 284 1150 311 inter
1173 291 1269 318 purum
1284 285 1452 312 orthodoxia',
1465 286 1582 316 triticum
1599 285 1686 320 nata),
1704 285 1741 316 id,

950 329 1071 364 inquam,
1101 334 1192 365 utpote
1214 330 1333 357 scandali
1355 331 1540 363 occasionem,
1567 335 1594 358 et
1619 331 1742 365 insomne

950 383 1078 411 puru'que
1092 377 1189 403 mentis
1204 376 1347 411 quamdam
1365 377 1507 409 maculam,
1523 375 1644 403 funditus
1661 376 1742 402 abra-

949 429 1009 448 snm
1038 423 1155 450 abolebit
1181 428 1207 450 et
1237 423 1400 458 antiqnabil.
1434 423 1614 455 Quamobrem
1640 424 1741 450 veritas

951 467 1099 503 Scriptura:
1127 470 1242 497 dicentis
1268 474 1380 504 apparet
1402 477 1408 495 :
1432 468 1465 496 In
1491 474 1617 503 potestate
1643 469 1741 504 lingua!

947 516 1002 543 uita
1019 522 1043 543 et
1056 524 1125 543 mors
1135 515 1156 543 ‘.
1178 515 1249 543 Mors
1263 516 1347 548 enim,
1366 515 1421 543 imo
1443 523 1515 543 mors
1535 516 1670 542 teterrima
1687 519 1739 549 est,

948 563 1015 590 recti
1031 562 1165 596 dogmatis
1176 563 1288 589 amissio
1307 562 1340 590 iis
1354 562 1399 597 qui
1417 562 1442 588 in
1460 562 1568 597 impiam
1596 561 1740 588 incurrunt

949 607 1178 640 incredulitatem,
1200 612 1228 636 et
1247 608 1365 643 linguam
1380 613 1481 635 temere
1501 614 1596 635 contra
1621 607 1739 642 linguam

948 659 1065 688 armant,
1095 660 1122 681 01.
1142 658 1269 689 tanquam
1296 655 1444 682 inferorum
1470 660 1574 690 portam
1603 663 1634 682 05
1662 663 1739 682 suum

948 700 1072 727 dilatant.
1101 700 1202 728 Contra
1228 701 1294 732 vita,
1316 701 1370 728 imo
1391 706 1492 728 mterna
1509 701 1629 735 nullique
1643 708 1741 728 co:rn-

948 746 1031 781 ptioni
1049 746 1164 773 obnoxia
1186 746 1252 778 vita.
1273 753 1315 774 est
1333 749 1358 773 in
1373 747 1506 774 abstrusis
1522 747 1575 774 illis
1596 747 1741 774 invisibi‘i-

947 794 998 821 bus
1031 794 1195 829 arcanisque
1221 793 1379 822 orthodoxae
1415 795 1558 822 sententia:
1595 795 1738 828 thesauris,

948 847 1016 874 quos
1042 840 1196 868 communis
1221 834 1292 868 Uens
1319 845 1503 868 reserauit-um
1531 848 1562 868 se
1582 841 1739 869 hominibus

947 885 981 912 iis
998 887 1133 920 promisit,
1158 887 1203 921 qui
1224 887 1310 921 ipsum
1337 887 1457 914 studiose
1476 892 1612 921 quaerunt,
1638 887 1739 921 quiqtte

948 933 1013 960 recti
1030 939 1127 959 sensus
1144 933 1241 960 clavim
1256 941 1309 959 non
1327 933 1439 965 abtlunt,
1459 933 1506 960 sed
1519 939 1547 960 et
1571 933 1621 968 ipsi
1650 933 1737 960 intro-

945 982 1020 1011 eunt,
1031 985 1118 1013 neque
1130 978 1197 1006 alios
1208 978 1331 1014 ingressu
1352 978 1505 1012 prohibent.

982 1123 1056 1151 Hanc
1078 1131 1143 1160 ergo
1167 1124 1248 1152 vitam
1266 1131 1327 1152 cum
1353 1128 1398 1151 tua
1415 1124 1568 1152 reverentia
1592 1123 1618 1151 in
1633 1131 1662 1151 se
1684 1123 1735 1150 ha-

945 1169 1026 1203 beat,
1048 1171 1132 1204 probe
1157 1170 1234 1198 novit
1253 1171 1383 1206 majestas
1407 1178 1467 1198 mea
1492 1175 1518 1198 te
1543 1170 1604 1202 aliis
1628 1179 1737 1206 quoque

945 1216 1146 1251 impertiturum
1162 1223 1233 1248 esse,
1252 1222 1496 1251 correcturumque
1509 1216 1657 1244 hmtentem
1671 1218 1737 1252 ipsis

945 1262 1153 1297 perversitatem
1167 1269 1199 1289 ac
1212 1262 1392 1297 pertinaciam
1408 1270 1415 1289 :
1431 1262 1469 1289 ita
1483 1267 1511 1289 ut
1525 1263 1636 1297 irriguis
1653 1263 1737 1291 tutis-

944 1309 1022 1336 simae
1046 1308 1107 1336 ﬁdei
1133 1308 1280 1341 doctrinis,
1302 1316 1449 1343 pravorum
1476 1309 1633 1344 dogmatqu
1665 1313 1735 1337 tem-

944 1360 1037 1390 pestas
1051 1355 1176 1388 sedetur,
1195 1360 1222 1383 et
1239 1356 1327 1383 morbi
1344 1355 1439 1382 vitium
1459 1355 1486 1382 in
1504 1355 1734 1390 perfectissimam

944 1403 1089 1431 sanitatem
1111 1408 1246 1431 vertatur.
1266 1402 1373 1438 Quippe
1386 1410 1448 1429 eum
1469 1407 1495 1429 te
1510 1401 1670 1435 habeamus,
1687 1401 1735 1436 qtti

944 1451 1034 1486 gentis
1049 1454 1131 1484 caput
1154 1457 1194 1482 es,
1225 1453 1282 1476 tttm
1302 1450 1413 1484 reliquis
1431 1449 1606 1484 generalibus
1623 1449 1736 1483 synodis

932 1502 1002 1525 -tum
1021 1497 1104 1524 etiam
1122 1502 1226 1532 quartae
1243 1496 1454 1527 assentientem,
1471 1494 1572 1522 bonam
1590 1501 1666 1529 spem
1683 1494 1735 1521 ali-

944 1551 1005 1571 mus
1023 1542 1081 1570 fore
1100 1547 1130 1570 ut
1146 1543 1252 1578 reliqua
1274 1542 1397 1569 membra
1423 1540 1582 1576 conspirent
1605 1547 1668 1567 cum
1685 1546 1734 1567 ca-

943 1590 1018 1625 pite;
1040 1590 1076 1626 ita
1094 1593 1123 1616 ut
1144 1589 1169 1615 id
1185 1596 1266 1615 onme
1282 1588 1354 1623 quod
1374 1580 1538 1614 laudabilem
1556 1585 1735 1612 concordiam

942 1635 1082 1667 distrahit,
1094 1639 1123 1661 et
1132 1634 1246 1662 unitatis
1255 1634 1346 1661 vincla
1359 1633 1603 1667 dissolvitgutpote
1616 1632 1736 1659 alienum

941 1686 968 1709 et
986 1682 1132 1708 adversum
1149 1681 1271 1707 universi
1290 1679 1414 1715 corporis
1432 1679 1573 1714 compagi,
1588 1682 1734 1713 purgatum

942 1727 1059 1762 denique
1073 1735 1088 1754 e
1109 1727 1199 1753 medio
1215 1726 1336 1753 tollatur.
1360 1724 1419 1751 Etsi
1435 1725 1508 1752 enim
1531 1723 1663 1758 praeteriti
1683 1723 1736 1750 Ar-

941 1773 1096 1800 meniorum
1114 1777 1239 1807 pastores
1256 1770 1439 1801 insanierunt,
1459 1774 1487 1796 ut
1509 1770 1547 1796 ait
1565 1768 1698 1804 propheta
1711 1769 1734 1800 ⁸,

942 1823 1115 1853 cunctosque
1131 1825 1196 1853 grex
1222 1816 1343 1851 desipuit
1368 1821 1395 1842 et
1419 1816 1561 1850 dispersus
1582 1819 1641 1848 est;
1663 1819 1735 1841 atta-

941 1873 1004 1893 men
1022 1866 1068 1900 qui
1088 1866 1129 1892 eis
1146 1864 1281 1892 successit
1300 1863 1431 1891 cordatus
1455 1861 1622 1897 sapiensque
1642 1864 1735 1895 pastor

941 1912 1067 1947 palantes
1087 1910 1283 1946 congregabit,
1303 1913 1330 1937 et
1353 1909 1441 1936 aliena
1467 1908 1618 1935 mortiferis
1641 1907 1734 1934 herbis

941 1966 1043 1994 pascua
1061 1957 1170 1985 cunctis
1185 1955 1398 1988 demonstrabit,
1424 1954 1595 1990 minabitque
1611 1962 1733 1990 gregem,

940 2008 968 2032 et
996 2003 1114 2039 spiritali
1142 2002 1208 2030 ovili
1236 2009 1449 2038 quaquaversus
1475 2005 1534 2032 tuto
1563 2000 1735 2034 coneludet,

937 2050 1158 2086 jucundaliitque
1183 2048 1423 2084 patremfamilias,
1447 2047 1512 2082 quia
1529 2046 1732 2074 commodatum

941 2096 1073 2123 talentum
1091 2103 1203 2123 usuratn
1229 2095 1345 2130 peperit,
1364 2099 1391 2122 et
1408 2094 1537 2121 cwlestes
1562 2093 1676 2128 spiritus
1699 2093 1734 2120 de

940 2142 1072 2170 drachma
1089 2142 1199 2169 inventa
1214 2141 1391 2168 laetabuntur.
1412 2140 1483 2167 Sane
1504 2143 1618 2166 cunctas
1639 2138 1735 2166 Eccle-

940 2190 996 2218 sias
1018 2189 1095 2224 puris
1116 2188 1240 2216 fontibus
1268 2186 1515 2220 inundari,_sitivit
1540 2192 1569 2213 et
1595 2185 1653 2213 sitit
1675 2193 1734 2212 ma-

102 2234 149 2261 Τὺν
163 2235 210 2270 τῆς
227 2235 342 2270 εἰρήνης
372 2234 507 2267 ἀθόλωτον
526 2234 650 2268 ποταμὸν
666 2233 815 2260 ἐπικλῦσαι
832 2234 886 2261 πά-

944 2235 1024 2270 Ῑέῑιιιε
1049 2242 1126 2268 mea;
1151 2241 1254 2269 easque
1273 2240 1329 2261 uno
1352 2237 1467 2260 cunctas
1491 2231 1609 2266 spiritali
1626 2231 1734 2259 vinculo

103 2289 147 2312 σας
158 2283 207 2313 τὰς
230 2281 409 2316 Ἐκκλησίας,
427 2281 540 2316 ἐδίψησε
568 2281 614 2307 καὶ
639 2280 706 2316 διψᾷ
728 2281 745 2316 ἡ
762 2280 887 2315 βασιλεία

101 2328 173 2361 ἡμῶν
183 2336 190 2343 ·
204 2328 252 2354 καὶ
267 2327 308 2359 εἰς
319 2327 367 2354 ἕνα
381 2327 529 2362 σύνδεσμον
543 2327 647 2358 πάντας
663 2327 791 2361 γενέσθαι
804 2335 887 2354 πνευ-

104 2375 221 2409 ματικὸν,
252 2374 391 2410 ἐπιθυμίᾳ
415 2375 571 2411 θερμοτάτῃ
600 2375 647 2401 καὶ
664 2373 823 2409 ἐπεθύμησε
839 2375 888 2400 καὶ

103 2422 233 2456 ἐπιθυμεῖ,
262 2422 311 2449 καὶ
325 2422 418 2456 χαίρει
432 2422 479 2448 ἐπὶ
499 2420 605 2452 τούτοις
622 2420 660 2452 ὡς
687 2421 738 2447 οὐκ
756 2421 799 2447 ἐπ’
815 2420 888 2455 ἄλλῳ

103 2469 167 2495 τινί·
182 2470 228 2496 καὶ
240 2469 390 2501 ὲνέσταξας
404 2469 487 2502 γάνος
504 2467 640 2503 θυμηδίας
661 2468 783 2504 ἀρρήτου
802 2468 884 2503 αὐτῇ,

103 2515 138 2542 ὅτι
149 2516 262 2552 εὑρέθης
278 2515 327 2543 καὶ
339 2516 422 2547 αὐτὸς
434 2516 473 2546 εἰς
490 2514 572 2541 τοῦτο
592 2515 748 2550 συντρέχων
764 2515 812 2542 καὶ
826 2515 886 2541 ὲπιο

104 2563 217 2590 σπεύδων
231 2564 262 2590 τὸ
272 2564 320 2598 τῆς
333 2562 568 2597 ἐκκλησιαστικῆς
582 2561 710 2597 ὁμονοίας
723 2561 816 2588 καλόν.
829 2562 884 2588 Καὶ

103 2609 214 2644 χαιρέτω
230 2611 247 2644 ἡ
278 2608 326 2636 τοῦ
349 2609 417 2635 Θεοῦ
445 2609 607 2644 Ἐκκλησία,
635 2608 683 2635 καὶ
696 2607 818 2643 ἐφ’ήμῖν
839 2607 887 2634 καὶ

102 2655 179 2690 ταύτῃ
200 2657 214 2681 ὁ
227 2655 281 2682 τῶν
298 2655 378 2682 θείων
392 2655 551 2681 ἀποστόλων
577 2654 669 2689 χορὸς,
683 2655 697 2680 ὁ
715 2653 771 2680 τῶν
799 2653 886 2688 ἁγίων

104 2698 226 2736 Ιιατέρων
242 2702 336 2737 ἐσμὸς,
350 2702 366 2738 ἡ
383 2701 437 2727 τῶν
455 2701 560 2727 πιστῶν
576 2700 738 2735 κληρουχία,
753 2700 802 2726 καὶ
819 2700 887 2727 πάν‹

104 2755 144 2778 τες
164 2749 186 2774 οἱ
212 2750 351 2784 οἰκονόμοι
367 2749 416 2783 τῆς
437 2748 558 2783 χάριτος.
575 2746 716 2782 Θρηνείτω
732 2748 746 2773 ὁ
761 2747 886 2782 Εὺτοχὴς

104 2794 146 2821 καὶ
162 2796 316 2831 Διάσκορος,
350 2795 494 2831 οἰμωξέτω
519 2794 678 2829 Νεστὸριος,
706 2793 886 2821 καταδυέσθω

137 2877 146 2890 ⁵
160 2874 237 2903 Prov.
251 2875 389 2908 xvm,2l.
439 2874 449 2889 '
470 2875 525 2902 lsa.
548 2881 622 2906 xxrv,
646 2873 673 2900 6.

938 2281 1110 2315 constringi,
1137 2279 1332 2307 ardentissima
1360 2284 1470 2312 semper
1501 2276 1656 2312 cupiditate
1686 2282 1734 2302 ex-

939 2326 1043 2362 optavit
1058 2330 1086 2353 et
1101 2329 1193 2361 optat;
1215 2332 1249 2352 ex
1264 2331 1353 2358 eaque
1369 2330 1399 2351 re
1413 2322 1542 2358 gaudium
1561 2328 1644 2356 quam
1658 2321 1732 2354 quod

941 2373 1090 2401 maximum
1117 2371 1191 2406 capit
1215 2379 1222 2398 :
1250 2377 1325 2398 nunc
1353 2377 1417 2397 vero
1447 2367 1612 2396 ineffabilem
1643 2366 1733 2393 haurit

942 2419 1034 2446 animo
1053 2417 1241 2452 voluptatem,
1261 2424 1323 2444 cum
1340 2420 1366 2443 te
1382 2422 1492 2450 quoque
1515 2415 1542 2441 in
1570 2413 1597 2441 id
1623 2415 1733 2447 conspi-

941 2471 1067 2498 rantem,
1097 2465 1357 2498 incumbentemque
1381 2463 1415 2489 ad
1443 2460 1638 2489 ecclesiasticas
1664 2467 1731 2487 con-

940 2511 1043 2540 cordia:
1071 2511 1172 2538 borium
1197 2510 1282 2538 videt.
1310 2509 1426 2544 Jamque
1451 2507 1521 2535 adeo
1551 2507 1658 2533 lauetur
1686 2505 1731 2532 Dei

941 2557 1078 2589 Ecclesia,
1099 2557 1242 2590 nostrique
1257 2561 1284 2582 et
1301 2555 1388 2590 ipsius
1413 2553 1540 2581 Ecclesia:
1557 2559 1640 2578 causa
1654 2551 1732 2578 divo-

923 2611 1002 2638 ,rum
1019 2603 1137 2639 gaudeat
1152 2602 1340 2638 apostolorum
1359 2601 1475 2633 chorus,
1492 2598 1604 2626 Patrum
1621 2602 1732 2625 sancto-

940 2659 1001 2678 rum
1019 2656 1116 2682 coetus,
1135 2650 1254 2676 ﬁdelium
1272 2647 1429 2678 haereditas.
1456 2645 1606 2680 cunctique
1630 2644 1731 2670 divinas

941 2697 1035 2732 gratia:
1051 2695 1266 2722 ministratores.
1282 2693 1407 2728 Lugeant
1425 2691 1562 2727 Eutyches
1578 2694 1605 2717 et.
1618 2689 1733 2717 Diosco-

940 2752 1008 2777 rus;
1033 2743 1122 2778 ploret
1143 2741 1306 2773 Nestorius;
1330 2740 1435 2774 pudore
1450 2739 1585 2766 afﬁciatur
1598 2737 1730 2768 Severus,

940 2793 1021 2827 eique
1049 2789 1225 2819 consentiens
1251 2788 1434 2822 Timotheus;
1465 2787 1572 2815 valeant
1597 2788 1731 2820 quotquot
