1942 3081
159 121 212 152 227

864 119 1080 151 THEORIANI

1738 111 1794 144 ΞΕῆ

159 174 304 203 mendacia
330 174 409 202 nobis
436 174 580 210 vobisque,
597 177 626 201 nt
653 173 799 208 scripsisti,
825 173 950 201 obtrusc-

1011 172 1121 207 Ξεϐἧρος
1136 172 1181 198 καῖ
1205 170 1218 197 ὁ
1236 171 1330 198 τούτου
1346 170 1478 207 σύμφρων
1493 169 1643 204 Τιμόθεος·
1661 169 1796 205 οἰχέσθω-

159 227 237 249 runt.
255 221 348 256 Neque
365 229 429 249 vero
453 229 503 249 nos
526 221 699 249 homiuicota:
713 220 838 248 Nestorio
854 227 949 247 assen-

161 269 256 298 timur.
275 276 359 303 prava
374 269 433 304 ejus
448 269 578 302 opinione
594 268 675 295 aﬁlati
688 289 694 299 .
720 272 749 294 ut
774 267 842 294 duas
867 266 949 293 unius

161 314 266 341 Christi
291 321 426 349 personas
451 314 606 341 orthodoxa
621 313 742 349 dogmati
767 319 948 348 oggeramus:

162 362 208 389 sed
228 368 312 388 unum
327 361 469 388 Christum
486 360 651 388 conﬁtemur
667 359 810 387 Dominum
828 362 855 386 et
866 358 950 385 Deum

161 411 299 439 nostrum,
325 406 353 433 in
380 414 433 433 una
466 413 583 441 persona
600 410 661 440 post
686 406 815 432 unionem
841 411 952 439 quoque

162 452 346 485 adorandum,
365 452 472 480 du-abus
489 459 586 487 nempe
602 452 709 478 naturis
735 451 786 478 sub
814 458 866 477 una
892 457 953 483 per-

163 506 230 526 sona
246 499 468 534 inseparabiliter
480 497 677 532 iucon’fuscque
690 496 785 529 unitis,
800 504 833 524 cx
845 496 952 524 duabus

163 547 273 581 inquam
301 545 408 573 naturis
430 549 458 572 et
484 545 511 572 in
537 544 664 572 duabus:
684 543 789 571 naturis
814 543 954 570 enimvero

163 592 266 627 pollere
279 592 385 619 duabus
398 591 480 619 etiam
498 595 560 627 post
580 590 710 617 unionem
729 589 870 618 Christum
885 589 954 616 dici-

164 645 225 664 mus
243 643 326 672 atque
341 636 491 676 credimus.
560 656 573 660 -

201 727 266 754 Tum
293 727 378 762 igitur
404 726 567 754 reverentiae
593 726 697 761 scripta
723 726 757 753 ad
786 726 955 761 maiestatem

164 781 254 801 meam
271 774 332 801 ﬁdei
357 773 502 809 expositio,
522 773 594 800 lecta
613 781 627 799 a
652 773 732 801 nobis
746 779 798 806 est,
823 774 957 808 plenaque

166 820 307 855 sapientiae
336 824 364 847 et
393 820 516 847 veritatis
540 820 616 851 visa,
650 810 738 854 neque
764 820 798 847 ab
828 819 957 847 Ecclesia:

166 871 268 893 nostra:
290 866 341 893 ﬁde
360 865 467 892 discors
492 869 541 892 aut
564 865 653 897 devia,
680 867 831 899 praesertim
859 866 882 892 si
899 865 957 900 ejus

166 920 245 940 mens
258 919 290 939 ac
311 912 438 939 veritatis
449 918 555 938 summa
571 911 763 938 consideretur
779 920 785 938 :
802 919 956 946 quanquam

165 958 316 989 aliquando
337 957 423 984 dictio
447 958 528 990 ejus,
555 965 617 992 qua;
646 957 725 984 nobis
756 962 799 985 est
825 958 934 984 insolita
949 977 957 990 ,

167 1003 298 1038 legentem
317 1002 438 1030 vellicat.
459 1002 527 1029 Nam
550 1002 623 1037 quod
643 1006 747 1029 natura:
766 1010 821 1029 sua:
833 1003 960 1038 proprie-

167 1053 250 1075 tatetn
277 1047 474 1074 immutabilem
500 1046 756 1082 ittcortversamqtte,
789 1048 871 1075 etiam
897 1053 959 1083 post

168 1094 296 1122 unionem
328 1094 475 1121 retinuerit
500 1094 617 1120 humana
635 1094 789 1121 substantia
814 1094 873 1126 illa,
897 1103 958 1130 quae

167 1141 200 1168 de
219 1140 367 1179 purissima
382 1146 408 1168 et
421 1140 599 1168 sanctissima
616 1138 727 1175 Virgine
749 1140 863 1174 Deipara
877 1148 960 1168 sum-

168 1191 214 1222 pta
242 1187 313 1220 fuit,
341 1194 449 1214 omnem
478 1186 548 1214 tollit
585 1186 784 1214 dubitationem
812 1191 914 1214 sancta:
933 1191 961 1215 et

168 1233 347 1261 mcumenicw
370 1238 475 1268 quarta:
493 1233 588 1268 synodi
612 1232 736 1260 doctrina
755 1233 868 1268 ejusque
891 1241 959 1261 con-

168 1279 262 1311 fessio,
281 1287 330 1306 nec
357 1286 409 1305 non
427 1279 515 1313 magni
533 1279 604 1306 inter
624 1284 732 1307 sanctos
754 1278 853 1307 Leonis
880 1279 961 1314 Papa:

169 1325 284 1353 Romani
302 1325 430 1360 cpistola,
456 1331 537 1367 quam
565 1324 733 1352 orthodoxize
755 1325 881 1353 columen
909 1327 962 1353 Ec-

167 1370 252 1398 clesia
287 1375 379 1398 nostra
408 1377 516 1405 semper
544 1371 700 1406 appellavit.
732 1370 816 1399 Porro
842 1373 913 1407 quod
934 1373 960 1400 in

169 1417 339 1452 bypOstatica
359 1416 489 1444 ineffabili
513 1418 624 1450 unione,
654 1419 708 1446 imo
734 1423 760 1447 et
779 1423 840 1454 past
861 1417 960 1447 factam

169 1462 230 1490 sine
256 1462 408 1490 mutatione
435 1462 477 1490 vel
494 1463 673 1491 conversione
694 1463 833 1495 unionem,
858 1468 962 1492 natura:

170 1509 235 1544 ipsa:
252 1508 456 1536 indivisibiliter
474 1513 503 1536 et
516 1509 735 1544 inseparabiliter
748 1514 886 1543 maneant,
904 1518 960 1538 me-

1002 228 1053 246 σαν
1083 219 1107 244 οἱ
1130 219 1178 249 τὰς
1201 218 1380 252 ψευδολογίας
1401 216 1481 252 ἡμῶν
1508 215 1717 250 καθοριζόμενοι
1744 215 1794 241 καὶ

1001 265 1090 300 ὑμῶν,
1107 263 1202 299 ὥσπερ
1219 263 1340 299 ἔγραψας
1353 271 1360 277 ⁸
1390 263 1441 298 οὐχ
1458 263 1539 298 ἡμεῖς
1554 261 1708 297 φρονοῦμεν
1723 261 1761 292 ὡς
1779 261 1793 286 ὁ

1002 311 1234 346 ἀνθρωπολάτρης
1257 309 1404 345 Νεστόριος
1415 311 1447 344 τῇ
1462 308 1593 343 κακονοίᾳ
1614 307 1710 334 τούτου
1725 316 1791 334 συν-

1002 358 1183 393 ἀπαγόμενοι.
1201 358 1248 384 καὶ
1265 356 1312 383 δύο
1336 356 1502 386 ὑποστάσεις
1518 356 1564 382 ἐπὶ
1578 355 1625 381 τοῦ
1648 355 1710 386 eve;
1726 355 1795 388 Χρι-

1003 402 1067 429 στοῦ
1084 403 1121 438 τῷ
1137 402 1270 438 ὀρθοδόξω
1286 400 1452 436 πληρώματι
1467 401 1700 436 παρεισφέροντες
1711 408 1718 414 ·
1735 399 1794 426 ἀλλ’

1003 448 1188 484 ὁμολογοῦμεν
1203 448 1249 474 τὸν
1268 447 1315 473 ἕνα
1331 447 1449 482 Χριστὸν
1476 446 1524 473 καὶ
1539 446 1641 480 Κύριον
1663 445 1710 471 καὶ
1727 444 1795 471 Θεὸν

1004 494 1083 530 ἡμῶν
1097 496 1125 521 ὲν
1142 495 1191 530 μιᾷ
1209 494 1360 522 ὑποστάσει
1375 494 1422 519 καὶ
1447 493 1517 528 μετά
1532 492 1580 527 τὴν
1595 492 1691 518 ἓνωσιν
1709 499 1796 526 προσ-

1005 542 1182 577 κυνούμενον,
1207 542 1262 568 τῶν
1276 541 1323 567 δύο
1352 540 1461 575 φύσεων
1491 539 1532 571 εἰς
1552 538 1616 574 μίαν
1643 538 1797 565 ὑπόστασιν

1006 587 1161 614 ὲνωθεισῶν
1185 587 1346 623 ἀχωρίστως
1374 587 1422 613 καὶ
1438 585 1612 620 ἀσυγχύτως,
1639 585 1670 611 ὲκ
1687 583 1734 610 δύο
1749 582 1798 617 φύ-

1007 641 1077 660 σεων
1092 633 1140 660 καὶ
1154 634 1182 660 ὲν
1197 633 1254 664 δύο,
1274 633 1321 659 καὶ
1331 632 1378 658 δύο
1392 631 1489 666 φύσεις
1503 631 1551 658 καὶ
1565 630 1633 666 μετά
1643 629 1798 664 τὴνένωσιν

1006 681 1050 706 τδν
1065 679 1183 716 Χριστὸν
1200 676 1282 710 εἶναι,
1299 679 1346 705 καὶ
1359 678 1486 711 λέγοντες
1505 677 1553 704 καὶ
1568 677 1756 707 πιστεύοντες.

1049 726 1081 752 Ἡ
1098 725 1147 760 μὲν
1171 725 1219 753 οὖν
1235 725 1312 758 παρὰ
1327 724 1377 759 τῆς
1400 724 1449 759 σῆς
1472 723 1630 758 τιμιότητος
1657 723 1797 757 γραφεῖσα

1008 772 1055 798 καὶ
1077 771 1262 798 ἀποσταλεῖσα
1289 772 1321 805 τῇ
1352 769 1478 805 βασιλείᾳ
1508 768 1587 804 ἡμῶν
1603 769 1652 803 τῆς
1678 768 1798 799 πίστεως

1009 817 1127 849 ἔκθεσις,
1137 815 1336 850 ὑπανεγνώσθη
1349 815 1417 850 αὐτῇ
1435 813 1570 846 καὶ-ἔδοξε
1582 814 1689 848 πλήρης
1700 813 1798 848 σοφίας

974 859 994 886 Β
1010 864 1057 890 καὶ
1080 863 1210 898 ἀληθείας
1224 883 1231 894 ,
1252 862 1299 889 καὶ
1314 862 1364 895 τῆς
1381 862 1522 896 ἡμετέρας
1537 860 1618 895 ἁγίας
1633 857 1800 894 Ἐκκλησιας

1008 910 1059 936 οὐκ
1081 909 1286 945 ἀλλοτριόφρων
1319 908 1381 935 οὐδὲ
1408 907 1589 942 ἁσύνδρομος,
1618 907 1664 934 καὶ
1697 906 1800 942 μᾶλλον

1009 955 1080 982 κατά
1095 964 1126 989 γε
1140 955 1187 981 τὸν
1202 955 1266 981 νοῦν
1292 954 1339 981 καὶ
1355 954 1404 989 τὴν
1418 954 1468 988 τῆς
1490 952 1621 989 ἀληθείας
1645 953 1800 988 ἀκρίϐειαν,

1009 1003 1034 1028 εἰ
1060 1002 1108 1028 καὶ
1133 1001 1161 1027 ἐν
1187 1009 1240 1027 τινι
1257 1001 1272 1036 ή
1290 1000 1364 1032 λέξις
1384 1000 1512 1036 τραχύνει
1534 1001 1584 1035 τὴν
1608 1000 1693 1036 ἀκοὴν
1710 1000 1753 1026 διὰ
1768 999 1802 1025 τὸ

1009 1048 1113 1084 ταύτης
1128 1047 1263 1083 ἀσύνηθες
1280 1054 1287 1063 ³
1305 1047 1424 1082 ὑποψίαν
1440 1047 1494 1082 γὰρ
1512 1047 1603 1073 πᾶσαν
1620 1046 1761 1081 περιαιρεῖ
1782 1046 1800 1079 ἡ

1010 1096 1058 1130 τῆς
1073 1095 1153 1129 ἁγίας
1165 1095 1212 1122 καὶ
1225 1095 1419 1130 οίκουμενικῆς
1435 1094 1570 1130 τετάρτης
1587 1093 1696 1119 συνόδου
1707 1101 1801 1128 παρα-

1011 1141 1089 1178 δοχὴ,
1105 1142 1180 1177 καὶή
1200 1141 1303 1175 ταύτης
1330 1140 1471 1175 ὁμολογία,
1491 1140 1539 1167 καὶ
1560 1140 1576 1174 ὴ
1593 1139 1639 1165 τοῦ
1666 1140 1694 1165 ὲν
1710 1139 1802 1173 ἁγίοις

1012 1188 1130 1224 μεγάλου
1143 1188 1256 1219 Λέοντος
1267 1187 1347 1214 πὰπα
1360 1186 1471 1222 Ῥώμης
1481 1185 1638 1221 ἐπιστολῆς,
1650 1186 1684 1221 ἦν
1698 1184 1802 1221 στήλην

1011 1234 1167 1270 ὀρθοδοξίας
1190 1235 1206 1268 ἡ
1230 1233 1292 1260 καθ’
1309 1234 1383 1268 ἡμᾶς
1399 1233 1467 1268 ἁγία
1489 1232 1640 1267 Ἐκκλησία
1663 1232 1710 1258 καὶ
1731 1232 1802 1258 tini-

1013 1290 1082 1317 μασε
1099 1282 1145 1308 καὶ
1159 1281 1290 1315 ὀνομάζει
1304 1280 1351 1306 καὶ
1368 1280 1399 1306 οὺ
1417 1279 1535 1306 παύεται
1553 1279 1734 1313 ὀνομάζοντα,
1752 1280 1804 1305 καὶ

1010 1328 1042 1355 τὸ
1057 1327 1240 1354 ἀναλλοίωτον
1254 1327 1301 1353 καὶ
1316 1326 1525 1361 ἀμετάτρεπτον
1538 1325 1588 1359 τῆς
1602 1325 1670 1356 ιδία;
1690 1325 1803 1359 φύσεως

1014 1373 1105 1408 μεῖναι
1125 1372 1174 1399 καὶ
1191 1373 1262 1407 μετά
1279 1371 1328 1407 τὴν
1345 1371 1445 1398 ἕνωσιν
1465 1372 1496 1398 τὺ
1510 1372 1542 1398 ὲκ
1558 1371 1609 1405 τῆς
1625 1371 1804 1406 ἀνθρωπίνης

1011 1418 1106 1450 οὐσίας
1122 1417 1297 1454 προσληφθὲν
1315 1418 1346 1444 ὲκ
1360 1419 1410 1453 τῆς
1422 1417 1615 1453 παναχράντου
1631 1419 1680 1444 καὶ
1697 1417 1804 1452 ὑπερα-

1011 1465 1074 1499 γίας
1092 1464 1235 1500 Παρθένου
1255 1464 1304 1490 καὶ
1330 1464 1515 1500 Θεομήτορος.
1537 1465 1672 1499 Κρεῖττον
1687 1464 1716 1491 δέ
1742 1465 1803 1491 ἐστι

1013 1509 1061 1536 καὶ
1074 1509 1165 1544 λέγειν
1187 1509 1235 1536 καὶ
1260 1508 1379 1545 γράφειν
1400 1509 1441 1535 ὃτι
1466 1509 1495 1535 ὲν
1513 1509 1546 1544 τῇ
1568 1507 1631 1535 καθ’
1652 1507 1804 1534 ὑπόστασιν

169 1539 224 1582 lius
242 1555 280 1588 id,
294 1555 416 1590 inquam,
429 1562 444 1582 a
463 1555 541 1583 nobis
551 1539 651 1583 dicitur
669 1556 863 1590 scribiturque,
878 1539 959 1590 ouant

1016 1539 1131 1593 ἀρρήτιρ
1148 1555 1256 1588 ὲνώσει,
1266 1539 1407 1591 latam
1424 1555 1474 1591 τὴν
1488 1539 1588 1582 ἕνωσιν
1611 1553 1804 1590 ἀμετάϐλητον

169 1601 242 1636 quod
260 1608 309 1628 vos
322 1600 414 1628 dicitis
432 1606 590 1628 naturarunt
608 1601 743 1628 mansisse
763 1601 961 1628 immutabilem

169 1651 196 1674 et
216 1647 454 1675 inconvertibilem
479 1647 677 1675 ostensionem.
696 1648 805 1675 Etenim
825 1649 962 1676 accuratis

170 1692 273 1725 verbis,
291 1700 344 1719 non
367 1692 586 1728 periphrasticis,
604 1693 636 1720 de
654 1693 825 1728 dogmatibus
848 1693 961 1728 loquen-

170 1739 233 1765 dum
249 1742 290 1765 est
306 1743 387 1772 atque
404 1738 592 1772 scribendum,
609 1739 637 1766 in
652 1739 685 1767 iis
700 1739 853 1774 praesertim
871 1740 962 1775 regio-

169 1785 251 1811 nibus
266 1784 377 1817 locisve,
397 1784 442 1811 ubi
457 1783 614 1819 ambiguum
630 1784 696 1820 quid
720 1785 902 1820 suspicamur,
920 1786 961 1814 vel

171 1830 199 1858 in
215 1831 432 1857 controversiam
455 1831 549 1857 vocari
568 1830 700 1859 videmus.
728 1831 798 1866 Ergo
822 1831 960 1859 Christum

170 1876 263 1903 dicere
278 1883 311 1903 ex
330 1876 433 1903 duabus
447 1876 563 1908 naturis,
586 1880 614 1903 et
635 1877 661 1903 in
674 1876 781 1904 duabus
795 1877 911 1910 naturis,
934 1881 963 1905 et

169 1921 238 1949 duas
252 1922 397 1959 liabeutem
415 1927 538 1954 naturas,
551 1922 577 1948 id
591 1923 698 1949 demutn
714 1923 896 1951 orthodoxutu
909 1929 961 1958 εει,

169 1972 198 1995 et
220 1968 407 2001 apostolorum
435 1967 602 2002 Patrumque
621 1968 720 2002 regula;
743 1969 867 2003 apprime
894 1976 962 1996 con-

171 2022 269 2041 sonttm
286 2021 293 2040 :
311 2021 391 2040 secus
419 2021 482 2040 vero
510 2014 532 2040 si
562 2018 624 2048 post
651 2014 778 2041 unionem
796 2022 850 2042 una
877 2016 904 2042 in
930 2023 963 2043 eo

171 2060 336 2094 praedicetur
354 2064 462 2091 natura,
481 2059 507 2086 id
531 2058 675 2087 manifeste
690 2065 785 2087 contra
807 2066 909 2088 rectam
935 2065 963 2089 et

169 2113 185 2132 a
203 2104 330 2133 Patrihus
359 2106 486 2132 traditam
512 2106 663 2133 doctrinam
685 2106 714 2132 ﬁt.
733 2115 741 2134 :
760 2107 810 2134 etsi
839 2108 962 2135 nonnulli

168 2151 280 2179 student
297 2155 444 2186 prwtextus
469 2151 561 2178 nescio
580 2158 649 2186 quos
669 2151 837 2185 obtendere,
862 2157 889 2180 et
902 2153 961 2180 falsi

171 2199 307 2233 dogmatis
325 2198 528 2226 deformitatem
548 2199 641 2226 colore
659 2199 752 2234 aliquo
766 2200 888 2227 imbuere
899 2208 962 2227 ver-

170 2245 267 2273 !Iorum
294 2245 539 2280 persuasibilium,
567 2252 628 2279 qua:
654 2245 739 2280 recipi
768 2253 879 2280 prorsus
905 2255 959 2274 non

169 2297 288 2326 queunt,
313 2296 424 2326 propter
450 2292 606 2326 hujusmodi
630 2291 760 2319 doctrinae
777 2292 867 2319 varias
890 2293 962 2320 sale-

170 2339 234 2366 bras
258 2343 287 2365 et
314 2339 525 2365 invenustatem.
557 2338 611 2365 Cur
637 2339 710 2365 enim
734 2345 802 2374 opus
825 2344 866 2366 est
893 2339 963 2366 banc

170 2392 267 2412 ausam
287 2385 372 2412 stulto
387 2385 476 2412 errori
493 2385 632 2419 praebere,
656 2386 882 2421 occasionemque
908 2394 961 2413 non

171 2433 352 2467 incongruam
368 2432 403 2460 iis
418 2432 528 2465 offerre,
545 2432 592 2467 qui
604 2432 726 2468 spurium
742 2433 838 2467 dogma
854 2438 962 2460 seetan-

170 2482 216 2505 tur
242 2482 324 2513 atqtte
352 2477 486 2505 tuentur?
503 2477 568 2511 Quae
588 2478 684 2505 horum
706 2478 837 2512 colorutn,
859 2484 886 2506 et
896 2487 962 2507 con-

171 2530 306 2552 tortorum
332 2530 567 2560 argumentorum,
594 2532 627 2552 ac
651 2525 734 2552 veluti
757 2527 960 2554 cxcusationutn

170 2571 298 2599 utilitas?
314 2573 369 2599 Aut
387 2580 435 2599 cur
450 2572 629 2599 laborandum
646 2577 687 2599 est
704 2577 815 2607 propter
832 2573 901 2600 hanc
915 2580 963 2600 va-

173 2626 237 2646 nam
274 2623 302 2645 ct
336 2618 534 2645 infructuosam
569 2618 861 2645 cit‘cuntlocutioueut?
886 2617 963 2646 Sicut

169 2664 245 2691 enim
273 2668 381 2698 oportet
403 2664 484 2693 conte
511 2665 623 2691 credere
647 2664 682 2691 ad
704 2663 849 2698 justitiam,
875 2671 963 2699 neque

170 2710 293 2738 absurdo
308 2709 400 2745 aliquo
417 2710 537 2744 cogitatu
564 2715 682 2737 mentem
699 2710 838 2744 polluere;
859 2710 895 2737 ita
914 2718 962 2744 par

171 2761 214 2783 est
230 2756 320 2790 lingua
338 2762 447 2789 quoque
459 2755 492 2782 ad
507 2755 624 2783 salutem
639 2756 776 2788 conﬁteri,
791 2761 818 2783 ct
832 2764 867 2783 ne
880 2756 963 2784 verbo

171 2803 281 2836 quidem
302 2807 380 2828 tenus
397 2805 443 2828 aut
459 2801 573 2836 syllaba,
592 2802 650 2829 sive
674 2803 822 2830 scribimus
842 2804 901 2831 sive
920 2803 963 2830 lo-

170 2851 294 2884 quintur,
322 2848 441 2876 dictione
468 2848 506 2876 uti
538 2855 598 2883 quae
623 2850 746 2877 scandali
772 2850 882 2878 occasio
907 2851 960 2884 sit;

69 3017 195 3055 Α

1012 1604 1060 1630 καὶ
1073 1603 1224 1638 ἄτρεπτον,
1239 1601 1403 1638 ἀδιαιρέτως
1418 1601 1466 1629 καὶ
1481 1601 1651 1637 ἀχωρίστως.
1662 1601 1690 1628 αί
1705 1600 1804 1635 φύσεις

1012 1648 1137 1683 ἔμειναν,
1150 1648 1217 1683 παρ’
1231 1647 1246 1674 δ
1257 1647 1288 1674 τδ
1299 1647 1410 1682 ἔμεινεν
1427 1646 1622 1681 ἀμετάϐλητος
1645 1647 1662 1681 ἡ
1681 1645 1735 1671 τῶν
1751 1644 1805 1680 φύ-

1014 1703 1084 1721 σεων
1116 1695 1285 1729 φανέρωσις.
1307 1692 1511 1728 ὀνομαστικῶς
1530 1692 1586 1727 γὰρ
1603 1692 1651 1719 καὶ
1675 1692 1705 1718 οὐ
1722 1699 1805 1727 περιρ

1012 1740 1172 1776 φραστικῶς
1191 1740 1226 1766 τὰ
1239 1739 1304 1774 περὶ
1318 1739 1374 1765 τῶν
1387 1738 1533 1774 δογμάτων
1553 1738 1606 1773 χρὴ
1626 1737 1755 1772 λέγεσθαί
1772 1745 1803 1764 τε

1012 1787 1059 1813 καὶ
1074 1786 1242 1821 γράφεσθαι,
1256 1786 1304 1813 καὶ
1320 1785 1422 1821 μᾶλλον
1437 1786 1466 1811 ὲν
1482 1785 1603 1815 ἐκείναις
1622 1786 1684 1816 ταῖς
1699 1784 1805 1820 χώραις
1848 1790 1854 1791 ’

1014 1833 1062 1859 καὶ
1076 1834 1133 1864 τοῖς
1147 1832 1242 1864 τόποις
1264 1832 1331 1859 ἔνθα
1347 1831 1378 1858 τὸ
1399 1831 1551 1866 ἀμφίϐολον
1568 1831 1733 1863 ὑπονοεῖται,
1755 1829 1805 1857 καὶ

1013 1880 1043 1907 τὸ
1061 1879 1222 1914 ἀμφίμσχον
1240 1877 1439 1906 ὑποπτεύεται.
1457 1879 1506 1904 Ἐκ
1524 1878 1571 1904 δύο
1588 1877 1679 1904 τοίνυν
1694 1877 1804 1912 φύσεων

1013 1926 1106 1960 λέγειν
1121 1925 1168 1952 τὸν
1183 1925 1314 1961 Χριστὸν,
1333 1924 1382 1951 καὶ
1407 1925 1437 1951 ιν
1459 1923 1520 1950 δυσὶ
1546 1923 1657 1958 φύσεσι,
1683 1924 1731 1951 καὶ
1753 1925 1805 1953 δύο

1013 1971 1110 2007 φύσεις
1120 1971 1165 1998 τὸν
1174 1971 1266 2004 αὐτὸν,
1279 1970 1426 2006 ὀρθότητος
1441 1970 1543 2006 πάσης,
1557 1970 1605 1997 καὶ
1614 1970 1802 2005 ἀποστολικῆς

1013 2019 1060 2046 καὶ
1075 2017 1214 2053 πατρικῆς
1232 2016 1429 2052 ἀκριϐολογίας
1453 2016 1585 2051 ἐχόμενον
1601 2023 1608 2033 ’
1624 2016 1655 2043 τὸ
1676 2016 1705 2043 δὲ
1731 2016 1804 2051 μετὰ

1013 2064 1063 2100 τὴν
1076 2064 1174 2091 ἕνωσιν
1192 2063 1238 2089 ἐπὶ
1251 2061 1299 2089 τοῦ
1315 2061 1398 2088 αὐτοῦ
1415 2063 1479 2096 μίαν
1494 2061 1575 2095 φύσιν
1590 2061 1802 2097 ἀνακηρύττειν,

1016 2109 1160 2145 προδήλως
1173 2110 1205 2144 τῇ
1223 2107 1462 2144 πατροπαραδότῳ
1475 2106 1539 2143 δόξῃ
1557 2107 1738 2134 ὲναντιοῦται’
1750 2108 1804 2135 κᾶν

1015 2155 1105 2182 ἐθέλει
1119 2164 1161 2187 τις
1174 2155 1265 2186 αἰτίας
1279 2154 1465 2183 ἀναπλάττειν
1485 2154 1563 2185 τινὰς
1573 2173 1581 2186 ,
1598 2153 1688 2180 καὶτὸ
1703 2154 1805 2190 πικρὸν

975 2210 1002 2240 D
1015 2203 1064 2238 τῆς
1087 2201 1264 2237 ψευδοδοξίας
1290 2200 1486 2237 ὲπιχρωννύειν
1503 2200 1547 2226 διὰ
1561 2200 1708 2236 χρωμάτου
1729 2201 1804 2232 τινὸς

1014 2248 1266 2280 πειθανοπλαστῐας
1291 2247 1527 2283 δυσπαραδέκτου,
1553 2246 1597 2273 διὰ
1621 2247 1651 2273 τὸ
1672 2247 1806 2282 δυσχερὲς

1012 2296 1062 2330 τῆς
1076 2295 1124 2321 τοῦ
1143 2294 1267 2321 τοιούτου
1282 2293 1362 2327 λόγου
1384 2292 1599 2329 παρεισαγωγῆς
1623 2292 1672 2319 καὶ
1695 2293 1806 2328 ἀποφή-

1015 2350 1078 2376 μου.
1095 2340 1144 2372 Τίς
1168 2341 1222 2376 γὰρ
1248 2341 1265 2376 ὴ
1292 2340 1400 2375 ἀνάγκη
1428 2339 1529 2367 διδόναι
1555 2339 1650 2374 χώραν
1676 2340 1745 2371 ὅλως
1769 2341 1803 2376 τῇ

1017 2388 1130 2425 ἀτοπίᾳ,
1141 2388 1187 2414 καὶ
1196 2387 1283 2423 λαϐὴν
1294 2387 1344 2414 οὐκ
1354 2386 1484 2421 ἀγενῆτῷ
1492 2386 1560 2421 πρὸς
1574 2386 1622 2421 τὴν
1640 2386 1803 2420 κακοδοξίαν

1013 2432 1116 2468 ταύτην
1132 2433 1302 2460 ἀντιθεοῦντι
1311 2433 1358 2460 καὶ
1367 2431 1546 2466 ἀντιλέγοντι;
1560 2432 1606 2458 καὶ
1617 2432 1720 2459 δεῖσθαι
1731 2441 1746 2467 χ
1751 2441 1806 2467 ρω-

1014 2480 1108 2515 μάτων
1116 2480 1163 2506 καὶ
1170 2480 1356 2514 πειθανὰγκης
1364 2479 1411 2506 καὶ
1418 2479 1619 2514 ἀντεπιφορῶν,
1628 2479 1675 2505 καὶ
1682 2479 1804 2516 ἀγωνιᾷν

1013 2526 1058 2554 διὰ
1070 2527 1120 2562 τὴν
1135 2527 1244 2554 εἰκαίαν
1259 2526 1306 2553 καὶ
1318 2526 1450 2561 ἀσυντελῆ
1462 2525 1565 2560 ταύτην
1577 2525 1782 2560 παρεισπλοκήν
1795 2533 1803 2558 ;

1016 2574 1125 2609 Ὠσπερ
1141 2574 1195 2609 γὰρ
1208 2573 1269 2600 δέον
1287 2573 1386 2608 καρδίᾳ
1413 2573 1453 2605 είς
1476 2571 1650 2608 δικαιοσύνην
1674 2572 1804 2599 πιστεύε-

1015 2619 1090 2650 σθαι,
1109 2619 1156 2644 καὶ
1173 2618 1210 2653 μὴ
1223 2617 1385 2653 χραίνεσθαι
1399 2617 1469 2644 κατὰ
1480 2617 1542 2645 νοῦν
1554 2625 1608 2643 τινι
1622 2617 1739 2651 νοήματι
1755 2619 1805 2644 καὶ

1015 2665 1214 2700 ἀπηχεστάτῳ,
1227 2663 1300 2690 οὕτω
1311 2664 1432 2698 καθῆκον
1449 2663 1496 2690 καὶ
1516 2663 1626 2698 γλώσσῃ
1648 2664 1688 2694 εὶς
1713 2671 1806 2697 σωτη-

1017 2712 1079 2747 ρίαν
1093 2710 1250 2745 ὁμολογεῖν,
1268 2710 1316 2736 καὶ
1333 2711 1372 2745 μὴ
1387 2710 1415 2736 δὲ
1433 2710 1515 2745 μέχρι
1531 2709 1610 2743 λόγου
1634 2710 1682 2735 καὶ
1703 2708 1805 2735 συλλα-

1014 2757 1070 2783 ϐῶν
1086 2756 1225 2791 συνθήκης
1250 2757 1298 2783 καὶ
1324 2757 1486 2791 προσφορᾶς
1502 2755 1634 2789 πρόξενον
1653 2755 1805 2785 σκανδάλου

1015 2803 1091 2839 ῥῆμα
1111 2802 1266 2837 προΐεσθαι,
1289 2802 1336 2828 καὶ
1350 2801 1571 2837 ἁπερρεύγεσθαι
1588 2800 1668 2827 τοῦτο
1683 2802 1722 2832 εἰς
1743 2802 1806 2827 ἑπι-

1017 2848 1154 2883 σκιασμὺν
1170 2848 1218 2874 τοῦ
1235 2847 1365 2883 λαμπροῦ
1380 2848 1428 2874 καὶ
1442 2845 1589 2881 διαφανοῦς
1599 2846 1648 2881 τῆς
1661 2846 1805 2876 ἀποστολι-
