1942 3081
99 145 153 177 229

765 136 998 170 DISPUTATIO
1018 136 1060 167 Il.

1681 135 1737 168 230

100 206 150 241 κῆς
178 204 228 231 καὶ
254 202 395 239 πατρικῆς
421 199 598 230 διδασκαλίας
617 197 718 233 φωτός.
747 197 795 223 Διά
818 195 893 222 τίδὲ

956 201 1033 228 teque
1048 191 1198 228 quidquam
1214 195 1353 224 cruciare,
1370 190 1442 226 qttod
1462 189 1633 226 splendidam
1655 196 1737 227 atque

100 253 170 283 ὅλως
197 249 318 281 ἑαυτοὺς
345 249 391 275 τὸν
418 249 511 283 τοῖχον
537 246 661 281 ἀλείφειν
685 241 895 277 ἑκϐιαζόμεθας

106 297 279 330 Ἐξαλείψω
293 295 359 330 γὰρ,
376 295 454 329 φησι,
472 293 527 320 τὸν
549 291 652 326 τοῖχον
669 291 717 317 xui
743 290 796 316 τὸν
817 289 898 316 ἀλεί-

101 352 199 380 φοι-τα
213 343 332 370 αὐτόν·
357 341 484 368 τουτέστι
502 340 533 366 τὸ
553 338 649 373 ψεῦδος
676 336 723 364 καὶ
746 336 793 362 τὸν
817 334 898 361 τοῦτο

102 392 253 427 προσάγειν
293 390 340 416 καὶ
381 386 588 422 συγκαλύπτειν
625 385 764 411 ἐθέλοντα.
786 383 897 415 Ἀποιγε

103 439 194 472 λέγειν
211 437 296 468 οὕτω,
320 435 345 461 εί
361 434 463 469 φαῦλον
485 433 516 459 τὸ
541 432 632 466 λέγειν
657 431 723 466 μίαν
749 429 830 464 φύσιν
851 427 898 454 ἐπὶ

103 482 223 519 Χριστοῦ
243 491 251 498 ·
269 480 347 512 ἅπαξ
369 479 537 514 ἀποὸληθὲν,
561 478 684 514 capream
710 477 739 507 ὲς
762 475 897 510 κόρακας,

105 528 297 564 συγχωσθήτω
322 526 362 562 τῷ
390 525 478 561 λήθης
506 524 598 559 βυθῷ,
623 523 686 559 μηδ’
715 522 779 557 ἄχρι
805 519 899 555 φωνῆς

104 577 145 607 εἰς
176 575 250 609 ἀέρα
290 573 381 609 μάτην
418 572 555 607 λυομένης
598 568 802 605 παρενοχλείτω
839 569 899 599 ταῖς

107 623 214 653 ἀκοαῖς.

143 747 227 790 Τρεῖς
245 756 274 782 at
291 754 423 782 ἀνωτάτω
437 754 512 788 δόξαι
530 754 595 790 περὶ
622 754 672 789 τῆς
698 754 822 786 ἑνώσεως
845 754 899 781 τῶν

105 802 135 828 ὲν
151 801 265 837 Χριστῶ
294 801 403 835 φύσεων
418 800 639 836 κατεϐλήθησαν,
656 800 822 836 διαιρετικὴ,
836 808 902 834 συγ-

106 848 221 884 χυτικὴ,
232 849 280 875 καὶ
297 849 314 883 ἡ
326 848 429 883 κυρίως
447 848 566 881 ἑνωτικὴ
581 847 716 882 λεγομένη
730 855 737 862 ·
752 848 779 873 αί
794 848 841 881 μὲν
853 846 899 874 οὖν

106 894 155 921 δύο
167 894 263 921 παισὶν
279 893 428 930 αίρετικῶν
443 894 614 929 ὲπαίχθησαν
630 893 677 920 καὶ
693 893 896 925 παιζέσθωσαν.

107 941 164 966 Καὶ
177 939 228 975 τὴν
245 940 295 974 μὲν
310 939 423 975 πρώτην
450 939 588 974 μαιευέτω
613 939 760 974 Νεστόριος
775 940 789 965 ὁ
809 939 899 974 ποιρά-

107 993 203 1019 φορος,
216 984 263 1011 καὶ
275 984 325 1019 τὴν
337 984 442 1010 οίκείαν
457 984 540 1010 ὠδῖνα
557 983 713 1018 περιεπέτω
724 1003 731 1016 ,
751 983 798 1010 καὶ
816 991 900 1010 κατα-

107 1031 224 1059 σπάσθω
248 1032 290 1062 εἰς
314 1030 378 1066 ᾅδου
395 1030 546 1066 βάραθρον,
567 1031 614 1057 καὶ
631 1029 840 1064 συγκαθιζὲσθω
860 1029 899 1065 τῷ

107 1077 194 1112 πατρὶ
206 1076 254 1104 τοῦ
266 1077 380 1111 ψεύδους
395 1077 483 1105 Σατάν
499 1085 507 1093 θ
529 1077 580 1112 τὴν
594 1076 623 1103 δὲ
651 1076 782 1111 δευτέραν
803 1076 901 1110 ἐχέτω-

109 1130 160 1148 σαν
180 1122 350 1158 συγχέουσαν
376 1122 467 1150 αὐτῶν
488 1122 518 1149 τδ
532 1122 684 1156 λογιστικὸν
712 1121 759 1149 καὶ
787 1122 900 1154 σκότους

107 1168 270 1204 πληροῦσαν
288 1163 414 1204 1301-th;
430 1169 479 1195 καὶ
503 1169 650 1203 Διόσκορος
671 1169 696 1195 οί
723 1169 900 1204 παράφρονες

110 1216 160 1242 καὶ
173 1216 189 1251 ὴ
208 1216 271 1251 περὶ
285 1216 386 1248 αὐτοὺς
396 1217 666 1252 κακοδαιμονεστάτη
682 1217 900 1253 ὀμήγυρις,ἓντι

108 1263 230 1299 πρᾶγμα
245 1262 324 1289 νόθον
335 1262 529 1298 φανταζομένη
545 1263 593 1290 καὶ
609 1262 830 1295 ἀναπλάττουσα,
853 1264 901 1290 καὶ

110 1307 141 1334 ὲν
165 1308 336 1344 οἰιδοποτέρῳ
363 1308 418 1335 τῶν
444 1309 588 1343 ἑνωμένων
622 1309 750 1344 καθαρῶς
775 1309 806 1336 τὺ
835 1310 901 1336 ἴδιον

109 1355 294 1388 ἀποσώζουσα
307 1362 315 1371 ·
333 1356 367 1387 ἃς
385 1356 456 1382 καὶὸ
478 1355 532 1383 τῶν
558 1356 638 1383 θείων
666 1356 797 1391 Πατέρων
817 1356 901 1384 κατά-

109 1403 192 1437 λογος
208 1404 298 1436 καλῶς
313 1403 400 1430 ποιῶν
414 1402 562 1430 ἀποϐαλὼν
579 1403 679 1434 ίκανῶς
697 1403 900 1439 ιστηλίτευσεν.

116 1449 150 1476 Ἦ
167 1449 196 1475 δὲ
214 1449 292 1485 τρίτη
310 1449 465 1485 ἀσὺγχυτός
489 1458 518 1476 τε
544 1449 592 1476 καὶ
610 1449 762 1484 ἀδιαίρετος
775 1449 830 1475 τῶν
855 1449 902 1475 δύο

110 1492 223 1527 φύσεων
248 1494 356 1526 ἔνωσις,
382 1492 436 1521 οἶδε
455 1495 505 1530 μὲν
531 1494 564 1522 τὰ
587 1494 724 1522 ἑνωθέντα
750 1494 902 1526 ἀνελλιπῶς

948 240 1121 274 perspicuam
1137 238 1322 272 apostolorum
1333 237 1499 272 Patr-nmque
1508 237 1639 265 doctrina:
1649 237 1737 265 lucem

947 287 1085 313 obscuret.
1110 284 1165 312 Cur
1193 291 1289 310 tnanus
1309 288 1417 310 nostras
1433 283 1467 310 ad
1481 283 1664 310 dealbandum
1688 289 1739 317 pa-

949 332 1043 359 rietem
1072 338 1140 366 pene
1166 329 1267 357 invitas
1292 328 1475 364 impellimus?
1500 328 1566 357 Cum
1595 328 1739 362 Scriptura

948 378 1021 405 dicat
1034 387 1040 404 :
1057 376 1111 412 Ego
1125 383 1228 403 murum
1242 383 1300 402 cum
1312 383 1342 402 eo
1351 375 1395 410 qui
1412 375 1481 402 hunc
1492 375 1597 402 dealbat
1610 374 1700 401 delebo
1711 375 1737 407 ⁶;

950 424 1120 452 mendacium
1147 422 1273 452 scilicet,
1300 429 1360 448 cum
1403 428 1436 448 eo
1462 421 1509 456 qui
1537 420 1562 448 id
1592 421 1739 448 olitrudcrc

949 471 1065 498 latenter
1090 470 1197 497 nititur.
1221 468 1323 496 Omitte
1349 467 1443 503 igitur,
1469 467 1688 501 quandoquidem
1711 466 1739 494 id

950 517 1047 544 falsum
1066 521 1118 548 est,
1139 523 1218 542 unam
1235 514 1338 541 Christi
1361 518 1487 540 naturam
1506 513 1607 540 dicere.
1626 514 1658 540 Et
1668 520 1739 548 quo—

951 563 1023 589 niam
1043 563 1068 589 id
1087 561 1169 589 semel
1186 561 1326 594 explosum
1345 563 1398 592 est,
1420 559 1501 586 abeat
1514 566 1580 586 sane
1597 559 1622 585 in
1639 559 1738 586 malam

951 617 1019 639 rem.
1032 609 1177 635 oblivionis
1191 607 1273 635 fluctu
1287 610 1425 641 mergatur
1437 614 1445 633 ι
1460 606 1576 641 denique
1589 606 1615 633 id
1628 613 1661 633 ne
1672 612 1740 633 voce

950 655 1060 690 quidem
1077 660 1168 688 tenus,
1197 661 1258 689 qua:
1284 653 1312 680 in
1340 660 1431 681 aerem
1456 652 1560 680 frustra
1585 653 1739 686 evanescit,

951 708 1031 728 aures
1055 700 1184 728 offendat.

988 746 1056 773 Tres
1070 746 1133 773 olim
1148 747 1181 773 de
1205 750 1366 773 naturarum
1386 745 1412 772 in
1432 745 1542 773 Christo
1561 745 1662 773 unione
1676 754 1742 774 sen-

953 793 1043 820 tentire
1061 792 1139 819 dicta:
1155 797 1229 823 sunt,
1247 791 1390 819 divisiOnis
1407 791 1543 824 videlict-t,
1561 792 1740 826 confusionis,

952 843 978 866 et
992 838 1051 873 ejus
1065 846 1124 873 qua:
1135 838 1254 865 maxime
1268 838 1371 864 unitira
1387 838 1458 865 dicta
1474 843 1517 865 est
1532 847 1538 864 :
1553 845 1667 872 quarum
1681 839 1741 866 dua‘.

951 885 1056 919 priores
1084 883 1219 910 haereticis
1245 883 1388 910 illuserunt
1413 887 1439 909 et
1458 890 1524 910 sane
1541 883 1663 910 illudanl.
1683 883 1743 910 Pri-

952 939 1022 958 mam
1039 931 1152 958 insanus
1173 930 1205 957 tle
1228 937 1278 956 suo
1296 931 1410 957 cerebro
1429 928 1570 958 Nestorius
1595 930 1673 963 fudit,
1693 931 1739 966 qtti

951 978 1045 1012 Illique
1070 982 1177 1011 partum
1196 984 1274 1003 suum
1298 977 1398 1010 foveat,
1427 977 1461 1004 ab
1479 983 1565 1011 eoque
1590 977 1616 1004 in
1641 977 1739 1006 inferni

952 1024 1110 1051 barathrum
1127 1023 1313 1058 pertrabatnr,
1340 1023 1431 1058 ibique
1451 1030 1510 1050 cum
1535 1024 1670 1051 mendacii
1693 1031 1743 1059 pa-

953 1074 1028 1096 rente
1053 1069 1161 1096 diabolo
1187 1069 1289 1096 sedeat.
1310 1067 1465 1096 Secundam
1493 1069 1611 1097 habeant
1636 1069 1693 1097 sibi"
1708 1070 1741 1097 ad

953 1115 1051 1142 mentis
1069 1117 1186 1149 propria:
1206 1113 1395 1142 c0ufosionem
1419 1114 1623 1148 crecitatemque
1648 1122 1743 1142 recor—

953 1161 1001 1188 des
1016 1161 1153 1197 Eutyches
1164 1165 1246 1196 atque
1259 1161 1404 1187 Dioscorus
1417 1167 1477 1187 cum
1493 1168 1540 1187 sua
1556 1160 1742 1187 infelicissima

953 1213 1049 1240 secta,
1073 1209 1119 1242 qui
1147 1208 1270 1242 spurium
1296 1207 1390 1242 dogma
1419 1207 1471 1234 sibi
1494 1206 1685 1234 conﬁnxerunt
1711 1214 1744 1233 ac

957 1255 1154 1289 procudernnt,
1177 1255 1280 1289 quique
1304 1253 1392 1281 neutri
1423 1257 1581 1280 naturarum
1604 1253 1742 1280 unitarum

954 1301 1024 1336 parti
1055 1301 1249 1336 proprietatem
1278 1308 1354 1328 suam
1387 1304 1563 1328 conservant.
1594 1299 1744 1334 Utramque

951 1346 1055 1382 jamdiu
1078 1347 1242 1375 sententiam
1257 1347 1375 1382 synodus
1388 1351 1544 1374 sanctorum
1560 1346 1669 1374 Patrum
1682 1353 1745 1379 pro-

955 1393 1065 1428 scripsit
1093 1398 1178 1428 atque
1203 1393 1355 1420 infamavit.
1377 1391 1470 1419 Tertia
1488 1399 1548 1426 quze
1572 1391 1743 1419 iuconfusam

955 1439 1156 1473 indivisamque
1170 1439 1286 1466 duarum
1305 1443 1463 1465 naturarum
1487 1438 1612 1465 unionem
1629 1437 1745 1470 asserit,

955 1485 1161 1518 conjunctormn
1191 1485 1285 1520 utique
1311 1484 1498 1518 subiectorum
1524 1483 1652 1511 immotas
1681 1491 1745 1518 pro—

111 1538 210 1574 ἔχοντα
226 1539 299 1566 κατά
323 1539 372 1576 τὴν
394 1540 485 1567 αὐτῶν
513 1541 645 1575 ἰδιότητα,
660 1541 705 1568 διὰ
720 1541 750 1568 τὺ
767 1541 902 1576 ἄτρεπτον

956 1533 1086 1568 prietates
1098 1536 1254 1565 conservat,
1270 1537 1382 1566 propter
1400 1538 1494 1560 eorum
1510 1530 1744 1558 inconvertibilem

112 1586 163 1612 καὶ
174 1586 355 1613 ἀναλλοίωτον
365 1594 374 1602 '
395 1587 492 1619 κοινῶς
508 1587 537 1613 δὲ
552 1586 638 1614 ταῦτα
653 1587 713 1619 ἐνὸς
730 1585 801 1614 εἶναι
816 1588 899 1620 ποιεῖ,

111 1631 146 1658 δι’
164 1631 252 1667 αὐτὴν
272 1632 300 1659 δὲ
320 1633 370 1668 τὴν
389 1633 537 1669 οὐσιότητα
560 1633 659 1660 ἕνωσιν
686 1641 692 1648 ·
709 1633 748 1665 ὡς
772 1631 843 1660 εἶναι
869 1633 903 1660 τὰ

114 1678 166 1712 μὲν
179 1680 283 1714 κυρίως
295 1679 352 1706 ι’δια
368 1680 494 1715 θατέρου,
514 1680 592 1706 κοινὰ
611 1679 658 1706 τοῦ
672 1680 744 1706 ὅλου·
759 1679 794 1706 τὰ
810 1680 840 1707 δὲ
855 1679 902 1706 τοῦ

111 1726 174 1752 ὅλου
184 1726 271 1757 κοινὰ,
283 1726 398 1761 θατέρου
408 1727 471 1760 ίδια,
486 1726 530 1753 διὰ
539 1726 588 1762 τὴν
597 1727 626 1753 ὲν
634 1726 741 1762 θατέρῳ
751 1727 904 1762 ἀσύγχυτον

114 1772 248 1806 ἰδιότητα.
284 1773 313 1799 '0
340 1773 392 1807 μὲν
414 1771 461 1800 οὖν
480 1773 530 1808 τῆς
553 1772 684 1808 ἀληθείας
706 1773 786 1807 λόγος
807 1773 838 1800 τὸ
855 1772 904 1808 μὲν

113 1819 215 1846 ταύτὸν
229 1819 302 1846 κατὰ
314 1819 364 1854 τὴν
380 1819 529 1846 ὑπόστασιν
541 1817 606 1852 οἵδε,
627 1819 699 1846 κατά
714 1819 743 1846 δὲ
756 1820 806 1855 τὴν
822 1819 905 1854 φύσιν

114 1866 147 1892 τὸ
165 1865 270 1901 ἕτερον.
292 1865 375 1893 Ἀλλὰ
389 1867 446 1898 τοῖς
462 1866 510 1893 ἐπὶ
524 1866 644 1902 Χριστοῦ
661 1866 726 1901 μίαν
738 1866 820 1901 φύσιν
836 1865 906 1901 μετὰ

114 1912 166 1948 τὴν
180 1913 279 1939 ἕνωσιν
293 1913 429 1947 λέγουσιν,
446 1914 461 1939 6
471 1913 573 1948 τρόπος
589 1913 721 1947 συνῆκται
734 1912 784 1947 τῆς
807 1911 906 1946 ἀναχύ-

116 1967 199 1992 cum,
221 1959 267 1986 καὶ
283 1959 337 1986 τῶν
351 1959 460 1994 φύσεων
473 1959 504 1986 οὐ
518 1958 701 1995 περισώζεται
720 1959 751 1985 τὸ
764 1957 905 1993 διάφορον,

115 2006 171 2032 κᾶν
182 2005 260 2032 αὐτοὶ
273 2007 310 2040 μὴ
326 2006 406 2032 τοῦτο
418 2005 559 2033 ἐθέλωσιν.
574 2005 656 2032 ’Ὅθεν
667 2006 714 2031 ἐπὶ
726 2005 773 2031 τοῦ
786 2003 906 2040 Χριστοῦ

114 2051 164 2078 τοῦ
184 2052 252 2078 Θεοῦ
276 2051 404 2087 Σωτῆρος
428 2052 507 2087 ἡμῶν
534 2051 599 2086 μίαν
624 2052 706 2086 φύσιν
722 2051 812 2085 λέγειν
836 2050 906 2086 μετὰ

114 2097 166 2132 τὴν
176 2097 286 2131 ἕνωσιν,
307 2097 443 2134 σφαλερόν
459 2106 487 2124 τε
506 2097 554 2125 καὶ
571 2097 754 2124 ἐπικίνδυνον.

153 2190 211 2216 Καὶ
225 2189 332 2224 ψευδῶς
345 2189 393 2216 καὶ
413 2188 529 2224 ἀμαθῶς
554 2188 579 2215 οἱ
602 2187 680 2214 τοῦτο
703 2185 907 2221 φληναφοῦντες

954 1578 1202 1613 invariabilemquc
1220 1579 1354 1605 rationem
1373 1585 1380 1604 :
1401 1584 1495 1604 verum
1522 1576 1650 1604 idiomata
1670 1583 1745 1602 com-

954 1626 1045 1651 munia
1073 1625 1118 1652 ιιιιί
1142 1624 1222 1656 facit,
1248 1628 1276 1651 et
1300 1624 1326 1651 in
1350 1622 1502 1650 substantia
1528 1622 1588 1657 ipsa
1614 1622 1745 1649 unionem

955 1669 1076 1704 agnoscit
1091 1677 1098 1696 ε
1117 1669 1153 1696 ita
1171 1674 1201 1696 ut
1215 1676 1276 1703 quae
1293 1673 1357 1695 sunt
1375 1667 1486 1702 propria
1502 1667 1669 1699 alterutrius.
1680 1674 1745 1694 vere

954 1716 1003 1743 toti
1024 1716 1088 1742 liam
1106 1715 1281 1746 communia;
1299 1719 1325 1741 et
1341 1721 1401 1748 quae
1419 1713 1468 1741 toti
1492 1713 1644 1741 communia
1668 1717 1742 1743 sunt.

955 1769 986 1789 ea
1003 1761 1113 1797 propria
1129 1761 1248 1789 evadant
1267 1760 1445 1794 alterutrins;
1473 1764 1585 1795 propter
1602 1759 1744 1793 utriusque

956 1807 1130 1836 inconfusam
1153 1801 1360 1843 proprietatem.
1385 1805 1474 1833 Verax
1500 1805 1583 1840 igitur
1610 1805 1744 1837 doctrina,

956 1855 1026 1889 quod
1040 1862 1124 1881 untnn
1141 1858 1193 1883 est.
1211 1860 1335 1887 personae
1351 1852 1465 1885 tribuit;
1482 1852 1553 1886 quod
1570 1851 1650 1878 duale
1661 1870 1669 1883 ,
1694 1858 1745 1877 na-

957 1906 1034 1928 turae.
1051 1902 1085 1928 At
1102 1908 1167 1927 vero
1183 1900 1247 1933 illis,
1264 1898 1310 1935 qui
1329 1906 1409 1925 unam
1425 1897 1527 1926 Christi
1546 1902 1670 1924 naturam
1685 1901 1746 1931 post

958 1948 1088 1975 unionem
1110 1947 1213 1979 dicunt,
1238 1944 1409 1973 confusionis
1433 1944 1541 1979 quidem
1563 1943 1634 1971 ratio
1658 1944 1745 1970 conﬁ-

958 1995 1040 2027 citur,
1057 1998 1217 2020 naturarum
1234 1996 1325 2018 autem
1341 1990 1507 2031 differentia,
1526 1989 1632 2017 etiamsi
1655 1989 1680 2016 id
1695 1988 1747 2016 mi-

959 2042 1032 2069 nime
1045 2040 1140 2072 velint,
1155 2038 1236 2073 perit.
1257 2038 1352 2072 Itaque
1371 2036 1471 2064 Christi
1486 2035 1532 2063 Dei
1548 2043 1580 2062 ac
1592 2035 1746 2063 Servatoris

959 2087 1046 2115 nostri
1065 2093 1145 2113 unam
1162 2090 1286 2112 naturain
1304 2088 1364 2119 post
1388 2082 1516 2110 unionem
1533 2082 1638 2114 dicere,
1664 2081 1747 2109 lubri-

958 2141 1019 2161 cum
1035 2131 1273 2168 periculosumque
1289 2135 1340 2158 est.

993 2179 1079 2207 Porro
1105 2178 1232 2213 imperite
1250 2177 1391 2211 falsoque,
1417 2175 1443 2202 bi
1465 2174 1511 2209 qui
1538 2176 1574 2200 ila
1601 2179 1746 2208 nugantur.

117 2218 308 2269 προσφέρουσι
322 2218 375 2260 ⁷τὸν
392 2218 538 2268 ἄνθρωπον
554 2233 594 2264 είς
610 2218 804 2267 παράδειγμα..
815 2230 845 2257 ’0
859 2230 903 2265 μὲι

961 2224 1117 2259 exemplum
1137 2223 1170 2250 ab
1192 2222 1302 2250 homine
1322 2224 1460 2254 sumptum
1482 2223 1625 2253 oggerunt.
1645 2218 1748 2245 Iluma-

118 2283 174 2318 γὰρ
204 2281 350 2317 ἅνθρωπος
376 2279 505 2310 σύνθετος
532 2279 582 2313 μία
608 2278 690 2312 φύσις
715 2277 907 2309 ἀποτελεῖται,

118 2324 217 2360 ἐπειδὴ
235 2324 291 2350 τῶν
312 2323 343 2356 ἐξ
365 2319 403 2350 ὧν
427 2322 559 2357 συνετέθη
582 2321 646 2353 τοὺς
661 2321 758 2355 λόγους
785 2321 833 2347 καὶ
858 2320 908 2352 τὰς

119 2370 270 2406 ὀνομασίας
299 2368 403 2402 κυρίως
431 2368 482 2395 οὐκ
510 2367 689 2402 ἐπιδέχεται·
709 2367 740 2393 οὐ
763 2367 818 2402 γὰρ
833 2365 909 2392 ἐστιν

120 2418 211 2443 εἰπεῖν
225 2416 266 2442 ὅτι
286 2416 301 2442 6
321 2414 465 2450 ἄνθρωπος
481 2414 585 2449 κυρίως
600 2413 674 2448 ψυχή
688 2421 717 2439 τε
736 2413 753 2448 ἢ
769 2413 848 2448 σῶμα
863 2413 910 2439 λέ-

121 2470 201 2496 γεται
214 2469 221 2476 υ
243 2460 307 2487 οὕτε
329 2460 382 2495 μὴν
405 2460 469 2490 τοὺς
488 2459 585 2493 λόγους
607 2457 733 2495 [κυρίως]
761 2459 799 2494 (7)
819 2458 911 2485 ἐπιδέ-

121 2515 213 2541 χεται,
228 2506 282 2533 κᾶν
302 2505 393 2541 ψυχὴν
407 2506 455 2531 καὶ
474 2504 553 2540 σῶμα
571 2504 726 2538 κεκτῆσθαι
737 2504 858 2538 λέγεται.
883 2504 912 2531 '0

121 2553 149 2578 δὲ
162 2552 193 2588 δὴ
206 2553 325 2587 Χριστὸς
341 2551 406 2583 Θεὸς
418 2551 508 2588 ἡμῶν,
521 2550 728 2585 συντεθειμένος
743 2551 775 2576 ὲκ
787 2549 912 2585 θεότητός

120 2607 152 2625 τε
166 2599 213 2625 καὶ
230 2598 444 2633 ἀνθρωπότητος
456 2617 463 2629 ,
480 2599 528 2624 καὶ
544 2597 593 2628 τὰς
606 2596 757 2631 ὀνομασίας
778 2595 825 2622 καὶ
850 2596 914 2626 τοὺς

122 2646 222 2680 λόγους
236 2644 292 2672 τῶν
307 2645 337 2677 ἐξ
360 2642 398 2671 ὧν
412 2643 546 2679 συνετέθη
570 2643 679 2678 φύσεων
697 2641 855 2676 ἐπιδέχεται
874 2648 881 2656 ·
901 2641 915 2667 6

159 2717 170 2733 ⁸
186 2717 288 2744 Ezech.
309 2723 375 2749 xm,
395 2715 439 2742 Μ.

159 2778 198 2812 (Ἰ)
223 2777 253 2803 ln
283 2780 376 2812 vetere
403 2774 486 2808 huius
517 2773 609 2807 operis
635 2771 727 2812 codice
755 2769 907 2812 Vaticano,

123 2806 235 2848 propter
251 2811 402 2848 abscissan
416 2806 509 2841 oram,
530 2806 612 2848 unum
631 2807 727 2848 saltem
749 2806 908 2848 vocabulum

124 2840 213 2883 imi-iu.
230 2847 257 2874 In
276 2847 429 2883 recentiore
453 2849 543 2883 autem
566 2843 694 2883 ejusdem
703 2840 797 2883 operis.
816 2841 912 2867 codice

126 2875 185 2911 'Vat.
202 2885 229 2910 lit
248 2883 348 2909 ibidem
364 2881 470 2913 lacuna,
489 2875 723 2913 relictdspatiolo.
741 2875 815 2903 Unde
829 2883 911 2910 appa-

961 2278 1024 2298 num
1041 2270 1140 2305 quippe
1155 2267 1336 2302 compositum
1358 2275 1409 2293 tina
1434 2270 1531 2292 natura
1553 2271 1615 2292 esse
1639 2265 1748 2297 dicitur,

961 2317 1023 2352 quia
1041 2324 1143 2349 rerum,
1161 2315 1234 2342 unde
1256 2318 1415 2340 concretum
1434 2316 1492 2345 est,
1514 2310 1709 2346 appelationes
1722 2315 1748 2338 et

962 2363 1073 2391 nomina
1101 2362 1172 2389 haud
1198 2360 1307 2396 proprie
1324 2360 1442 2394 recipit:
1460 2365 1547 2393 neque
1568 2357 1640 2385 enim
1666 2357 1748 2384 homo

963 2409 1073 2444 proprie
1089 2408 1180 2435 anima
1195 2407 1236 2434 vel
1256 2413 1354 2441 corpus
1373 2406 1471 2432 dicitur
1488 2413 1495 2432 :
1516 2411 1602 2438 neque
1626 2403 1674 2430 has
1698 2411 1749 2437 ap-

963 2455 1123 2491 pellationes
1140 2453 1248 2488 proprie
1261 2453 1366 2487 recipit,
1383 2451 1492 2478 etiamsi
1504 2450 1622 2476 animam
1645 2453 1672 2475 et
1688 2456 1748 2476 cor-

961 2510 1012 2537 pus
1029 2502 1130 2529 habere
1146 2500 1256 2527 dicitur.
1274 2499 1399 2526 Christus
1413 2501 1503 2524 autent
1520 2495 1592 2522 Deus
1607 2498 1699 2521 noster
1714 2500 1748 2521 ex

962 2549 1104 2576 divinitate
1116 2553 1198 2580 atque
1209 2545 1377 2574 humanitate
1388 2547 1507 2574 constat,
1516 2546 1545 2569 et
1555 2539 1750 2576 appellationes

962 2603 995 2623 ac
1011 2595 1122 2622 nomina
1138 2599 1308 2623 naturarum,
1325 2598 1357 2618 ex
1382 2589 1480 2624 quibus
1499 2591 1619 2618 constat,
1631 2586 1748 2621 recipit:

964 2642 1022 2676 ipse
1035 2640 1108 2668 eniln
1123 2644 1165 2667 est
1179 2638 1251 2664 Deus
1264 2643 1289 2664 et
1305 2637 1401 2668 homo,
1418 2635 1468 2663 has
1488 2633 1681 2669 appellationes
1700 2639 1749 2659 na-

963 2774 1016 2799 rct,
1047 2763 1325 2799 recentiorem‘httne
1350 2760 1517 2799 exscriptum
1539 2758 1677 2799 fuisse»
1704 2757 1750 2784 illo

965 2793 1128 2836 antiquiore,
1141 2803 1170 2826 et
1183 2797 1293 2837 quidem
1305 2797 1360 2837 jam
1386 2793 1481 2837 leviter
1500 2795 1574 2834 laeso.
1591 2793 1669 2837 ΔΗὶιιεις
1683 2800 1749 2837 sane

965 2828 1094 2871 contigit,
1111 2828 1224 2871 utimlla
1248 2828 1314 2871 mihi
1341 2831 1486 2871 lectionum
1513 2830 1628 2857 varietas
1649 2828 1678 2856 in
1697 2828 1749 2855 boo

965 2867 1054 2900 altero
1069 2870 1216 2904 exetnplari
1233 2876 1262 2896 se
1275 2867 1414 2894 obtulerit.
