1942 3081
157 108 208 141 231

870 107 1084 140 THEORIANI

1740 106 1798 139 232

157 168 286 195 turaliter
312 174 423 203 gerens.
451 165 508 194 Non
537 165 620 200 igitur
643 173 705 193 eum
728 165 872 201 quisquam
900 173 952 192 una

1011 164 1088 196 αὐτὸς
1104 164 1159 200 γάρ
1179 164 1237 191 ἐστι
1257 163 1305 191 καὶ
1325 163 1391 195 Θεὸς
1407 163 1454 190 καὶ
1470 163 1617 199 ἄνθρωπος
1630 163 1712 197 φύσει
1731 165 1797 196 τοὺς

157 214 260 250 pollere
285 219 384 240 natura
408 213 492 244 dicat.
523 220 610 247 neque
628 220 707 240 unam
736 217 798 248 post
824 213 950 240 unionem

158 261 276 287 allit'tuet
303 266 439 286 naturam.
481 259 597 294 Insuper
624 258 742 285 hominis
776 266 830 285 una
856 263 952 285 natura

158 306 269 339 dicitur,
287 307 350 340 quia
368 307 401 332 de
417 305 509 332 tttttllis
523 305 621 331 atomis
638 303 788 338 subjectum
806 303 865 338 ejus
879 300 953 330 cout-

159 353 280 387 pouitur,
297 359 358 386 quae
372 351 455 377 atomi
476 351 579 378 ideirco
598 351 725 377 humana:
748 354 853 377 naturae
869 349 952 383 parti-

159 397 233 431 cipes
247 404 307 424 esse
320 397 469 424 dicuntur:
488 405 568 431 quam
598 405 652 424 rem
673 397 706 423 de
731 395 840 424 Christo
865 403 953 430 neque

159 444 251 471 dicere
271 443 335 471 licet
354 451 441 478 neque
457 444 588 478 cogitare.

194 581 250 613 Age
267 587 331 606 vero
349 584 376 606 et
404 579 492 613 ipsum
516 582 639 605 sanctum
660 576 790 613 Cyrillum
809 575 835 602 in
861 575 953 603 multis

159 626 217 654 suis
235 626 405 660 divursisque
422 625 535 659 scriptis
551 625 746 659 comperimus,
765 624 845 651 sicuti
869 623 952 651 etiam

159 673 313 700 reverentia
329 677 371 700 tua
385 673 411 699 itt
427 672 497 699 datis
515 673 547 699 ad
565 673 734 706 maiestatem
751 678 838 698 meam
853 670 953 697 litteris

160 720 336 754 signiﬁcavit,
361 719 430 747 duas
449 719 476 746 in
491 719 603 746 Christo
619 723 678 753 post
696 717 822 745 unionem
842 721 953 744 naturas

160 766 311 801 prtndicare
329 772 411 801 atque
430 766 538 793 docere.
557 764 612 791 Cur
632 765 703 791 httnc
725 763 953 792 contradictionis

160 812 242 840 veluti
260 813 462 844 arcusabimus,
480 812 594 839 dicendo
609 811 734 838 eumdem
749 818 830 837 unam
846 818 953 845 quoque

160 858 310 886 affirmasse
335 863 395 893 post
422 859 550 885 unionem
579 865 641 886 esse
668 857 820 884 naturam?
838 857 954 885 Prorsus

160 906 231 932 enim
249 905 307 932 sive
323 904 452 939 Cyrillum
470 904 521 931 ltoc
539 904 565 930 in
584 908 742 931 transcursu
754 923 763 936 ,
791 908 820 930 ut
836 903 954 936 videtur,

161 951 262 978 dixisse
295 955 376 984 atque
404 950 550 984 scripsisse
577 949 744 977 credendum
769 954 829 983 est;
851 950 909 976 sive
933 950 956 977 is

161 998 274 1024 abusive
289 1002 413 1024 naturain
427 1003 475 1031 pro
488 1003 603 1031 persona
616 996 719 1030 posuit,
736 1000 765 1023 ut
777 996 864 1030 ipsum
880 996 955 1029 alilii,

162 1044 281 1077 itemque
297 1050 329 1069 ex
343 1042 464 1069 classicis
477 1041 604 1070 Patribus
617 1042 695 1075 alios,
713 1042 810 1069 fecisse
834 1042 954 1075 scimus;

162 1090 220 1118 sive
242 1097 322 1116 uuam
341 1093 468 1116 naturam
491 1089 524 1115 de
542 1088 645 1116 Christi
670 1088 813 1116 divinitate
834 1095 956 1123 pronun~

163 1135 250 1167 tiavil,
269 1135 307 1162 ita
325 1140 413 1162 tamen
434 1139 462 1161 ut
487 1134 636 1161 humanam
652 1141 758 1169 quoque
784 1134 955 1161 demonstra-

163 1183 244 1215 verit,
263 1181 328 1209 dum
356 1182 460 1208 addidit
476 1181 645 1208 incantatam
663 1188 672 1207 :
690 1182 746 1208 sive
771 1180 888 1215 denique
915 1188 957 1207 se-

165 1229 283 1256 cundum
301 1227 383 1254 alium
398 1227 521 1261 quemvis
539 1234 650 1254 sensum
669 1226 891 1260 intellectumque
912 1230 958 1253 aut

165 1274 326 1302 meonontite
353 1273 486 1300 rationem
516 1273 554 1299 ita
579 1272 684 1299 locutus
700 1276 743 1299 est
764 1270 955 1305 vir‘sauctus;

165 1322 278 1349 minime
294 1320 319 1348 id
339 1324 412 1347 certe
423 1319 458 1347 ob
475 1318 669 1346 infirmantium
687 1323 769 1346 recta:
784 1318 845 1347 tidei
856 1318 957 1346 doctri-

166 1375 243 1400 nam,
260 1370 288 1393 et
313 1365 474 1393 scandalum
499 1365 686 1400 repugnantia:
705 1365 756 1392 sibi
771 1364 957 1399 excitandum,

164 1414 240 1442 Iecit.
265 1412 332 1441 Cum
356 1420 421 1448 ergo
443 1411 544 1439 veritas
565 1411 705 1446 explorata
729 1411 774 1444 sit,
791 1411 818 1438 in
844 1418 958 1446 eamque

164 1467 262 1488 omnes
289 1459 376 1487 sancti
403 1458 500 1486 Patres
526 1459 707 1493 doctOresque
737 1459 834 1490 nostri,
859 1465 956 1492 magna

166 1512 269 1535 sanctae
287 1506 333 1534 Dei
352 1505 482 1533 Ecclesia:
509 1504 630 1536 lumina,
654 1505 828 1538 cottspirent,
856 1505 955 1531 frustra

163 1555 220 1591 jam
237 1553 364 1589 objicitur
375 1557 457 1588 atque
471 1552 625 1590 obtruditu‘r
640 1552 834 1586 mordicusque
848 1557 955 1579 tenetur

167 1601 273 1634 vocula,
284 1607 345 1635 quae
356 1599 521 1632 Ecclesiam,
533 1598 560 1626 id
573 1601 626 1631 est,
640 1606 723 1625 unum
732 1598 834 1625 Christi
845 1594 955 1633 corpus,

167 1647 298 1675 discittdit
313 1653 344 1674 ac
360 1646 463 1673 lacerat
477 1653 486 1673 :
501 1645 652 1680 praesertim
666 1652 728 1671 cum
745 1645 790 1672 illa
805 1645 900 1672 vocula
923 1653 957 1672 ex

165 1694 226 1721 aliis
243 1693 335 1720 multis
350 1691 450 1726 corrigi
468 1691 564 1726 possit,
580 1697 669 1726 neque
689 1691 872 1726 posteriorum
888 1695 957 1718 tent-

165 1748 261 1775 porum
282 1740 377 1767 Patres
398 1738 547 1773 quidquam
563 1738 727 1766 turbaverit.
752 1737 850 1765 Nostra
876 1737 958 1772 igitur

166 1787 255 1821 pietas
280 1785 368 1812 datori
398 1786 523 1812 omnium
547 1784 681 1812 bonorum
696 1784 753 1811 Deo
774 1784 875 1818 gratias
890 1784 958 1819 agit,

167 1833 212 1867 qui
231 1832 305 1867 pacis
330 1831 409 1858 nobis
437 1836 519 1865 atque
539 1830 647 1857 unionis
664 1830 737 1858 {ores
753 1831 872 1866 aperuit.
890 1830 958 1857 Pro-

166 1879 237 1907 feJlo
253 1879 276 1905 is
291 1878 466 1905 concordiam
485 1877 556 1904 hanc
573 1882 661 1904 tecum
682 1885 731 1912 per
746 1882 830 1904 temet
852 1877 958 1909 initam,

166 1932 227 1959 qua:
251 1924 283 1951 ad
299 1928 413 1951 cunctos
434 1929 587 1950 coaetaucos
613 1928 673 1950 tuos
699 1923 801 1957 tibique
822 1923 959 1957 subjectos

167 1971 311 2005 pontiﬁces
338 1970 550 2003 universumque
574 1976 683 2004 gregem
713 1969 855 2003 pertinet,
885 1968 957 1996 felici

167 2017 243 2043 exitu
260 2015 419 2049 coronabit;
443 2015 605 2050 plenamque
620 2019 647 2041 et
661 2015 720 2042 sine
733 2015 784 2042 ulla
799 2017 960 2049 exceptione

169 2063 301 2089 uuitateut
332 2062 531 2089 sententiarum
559 2061 676 2093 etlieiet,
706 2061 739 2088 ad
766 2061 808 2088 sui
840 2061 960 2089 nominis

168 2109 282 2143 gloriam
297 2111 324 2134 et
343 2106 487 2134 invisibilis
504 2106 590 2134 hostis
610 2106 801 2140 ignominiam.

1003 210 1102 244 λόγους
1114 210 1218 237 τούτων
1234 210 1438 245 ἐπιδεχόμενος.
1464 210 1522 236 Οὐκ
1540 210 1595 244 ἄρα
1607 210 1671 244 μιᾶς
1688 209 1798 244 φύσεως

1003 255 1085 281 αὐτὸν
1096 257 1154 290 ἐρεῖ
1171 263 1214 286 τις
1228 254 1436 284 ἀποτελεῖσθαι.
1466 253 1482 288 ἢ
1512 254 1578 288 μίαν
1605 253 1686 288 φύσιν
1711 251 1796 286 εἶναι,

1005 302 1075 337 μετᾶ
1105 302 1155 336 τὴν
1182 301 1289 327 ἕνωσιν.
1320 301 1376 326 Καὶ
1396 300 1483 330 ἄλλως
1501 299 1529 326 δὲ
1547 301 1560 326 ὁ
1576 300 1720 335 ἄνθρωπος
1746 300 1798 334 μία

1004 348 1085 382 φύσις
1100 348 1222 381 λέγεται,
1237 347 1280 373 διὰ
1296 347 1326 373 τὸ
1342 346 1447 373 πολλῶν
1465 346 1575 381 ἀτόμων
1591 346 1666 381 αὐτῷ
1683 347 1798 373 ὑποκει-

1005 394 1078 429 μένῳ
1107 393 1338 429 κατηγορεῖσθαι,
1370 392 1538 419 καὶτούτων
1571 392 1609 424 ὡς
1636 393 1685 427 τῆς
1711 393 1799 427 αὐτῆς

1004 439 1080 474 αὐτῷ
1098 434 1303 466 κοινωνούντων
1323 438 1433 473 φύσεως
1448 438 1579 472 λέγεσθαι
1594 446 1601 454 ·
1619 439 1688 473 ὅπερ
1702 438 1751 464 οὐχ
1765 439 1799 465 ἂν

1003 494 1047 517 τις
1071 486 1142 511 εἴποι
1156 486 1201 512 ἐπὶ
1217 485 1263 512 τοῦ
1274 485 1406 521 Χριστοῦ,
1423 485 1484 511 οὐδὲ
1498 484 1620 516 διανοίας
1636 484 1799 511 ἀναπλάσαι

1004 533 1167 568 κινήμασιν.

1046 579 1124 605 Ἐπεὶ
1143 579 1170 605 δὲ
1188 580 1234 605 καὶ
1253 580 1266 606 ὁ
1286 579 1315 605 ὲν
1341 580 1430 613 ἁγίοις
1455 580 1594 610 θειότατος
1617 579 1754 613 Κιριλλος
1770 580 1800 606 ὲν

1004 625 1112 656 πολλοῖς
1138 626 1186 652 καὶ
1212 625 1351 660 διαφόροις
1379 626 1434 652 τῶν
1458 626 1541 652 αὑτοῦ
1570 625 1800 666 συγγραμμᾲτων

1004 673 1176 707 εὑρίσκεται,
1191 672 1229 703 ὡς
1245 673 1293 699 καὶ
1310 673 1326 707 ἡ
1346 673 1379 707 σὴ
1401 672 1529 707 τιμιότης
1552 673 1581 699 ἐν
1603 672 1641 706 τῷ
1665 672 1734 707 πρὸς
1749 672 1801 707 τὴν

1006 719 1149 754 βασιλείαν
1175 719 1260 754 ἡμῶν
1287 719 1471 745 ἀποσταλέντι
1503 719 1569 754 παρ’
1595 719 1680 754 αὐτῆς
1707 719 1802 753 ἐδηλο-

1005 767 1104 803 ποίησε
1124 767 1290 802 γράμματι,
1318 766 1366 792 δύο
1396 767 1493 801 φύσεις
1522 768 1594 802 μετὰ
1620 768 1670 799 τὴν
1700 767 1801 793 ἕνωσιν

1005 812 1204 847 ἀνακηρύττων
1223 812 1270 839 καὶ
1284 812 1420 839 διδάσκων
1436 812 1483 839 ἐπὶ
1501 812 1623 848 Χριστοῦ
1635 833 1642 845 ,
1656 812 1701 839 διὰ
1718 812 1802 838 ποίοιν

970 852 989 878 Β
1007 860 1098 887 αἰτίαν
1120 859 1336 894 ὲναντιοφωνίας
1366 858 1448 885 δώσει
1472 868 1515 890 τις
1541 859 1690 894 πρόφασιν,
1712 858 1802 893 λέγων

1010 907 1060 933 τὸν
1080 906 1162 933 αὑτὸν
1187 905 1233 932 καὶ
1251 905 1316 940 μίαν
1333 905 1415 939 φύσιν
1434 905 1526 937 λέγειν
1539 905 1586 931 ἐπὶ
1607 905 1705 931 τούτου
1729 904 1803 940 μετὰ

1007 953 1057 988 τὴν
1072 952 1212 987 σάρκωσιν
1226 961 1233 985 ;
1249 952 1364 983 Πάντως
1377 951 1432 985 γὰρ
1454 952 1470 987 ἧ
1487 952 1534 979 τὴν
1556 952 1679 979 τοιοῦτον
1702 951 1801 979 τούτου

1008 997 1088 1032 λόγον
1106 997 1277 1033 παραδράμῃ
1288 997 1326 1029 ὡς
1342 996 1432 1029 ἔδοξεν
1443 998 1542 1033 ἐκείνῳ
1557 998 1676 1033 ρηθέντα
1700 1006 1729 1024 τε
1751 997 1803 1024 καὶ

1009 1041 1197 1078 γραφέντα,ἢ
1222 1041 1519 1078 καταχρηστικώτερον
1546 1043 1724 1078 ὲκλαϐομένῳ
1752 1042 1803 1075 τὴν

1009 1089 1090 1124 φύσιν
1117 1087 1180 1114 ἀντὶ
1209 1088 1400 1119 ὑποστάσεως,
1427 1088 1465 1119 ὡς
1490 1088 1537 1114 καὶ
1554 1088 1636 1119 αὐτὸς
1649 1089 1678 1115 ὲν
1697 1088 1803 1120 ἄλλοις,

1008 1135 1057 1161 καὶ
1083 1133 1158 1161 ἄλλοι
1184 1133 1239 1160 τῶν
1261 1134 1351 1168 ἁγίων
1370 1134 1507 1168 ἐκκρίτων
1530 1135 1705 1169 εὑρίσκονται
1729 1135 1804 1162 οὕτω

1008 1179 1188 1215 ποιήσαντες·
1213 1179 1229 1214 ἢ
1257 1179 1306 1214 τὴν
1328 1179 1393 1214 μίαν
1419 1179 1499 1214 φύσιν
1528 1181 1575 1207 ἐπὶ
1601 1181 1653 1215 τῆς
1670 1181 1802 1214 θεότητος

1008 1226 1057 1253 τοῦ
1073 1225 1194 1265 Χριστοῦ
1213 1226 1348 1261 εἰρηκότι,
1375 1227 1422 1253 καὶ
1450 1228 1659 1263 παραστήσαντι
1678 1229 1725 1255 καὶ
1749 1228 1802 1264 τὴν

1007 1271 1184 1308 ἀνθρωπίνην
1201 1273 1230 1299 ὲν
1252 1273 1290 1308 τῷ
1313 1274 1465 1308 ἐπαγαγεῖν
1483 1274 1523 1306 τὸ,
1542 1275 1781 1310 σεσαρκωμένην
1794 1283 1802 1291 ο

1007 1319 1024 1355 ἢ
1041 1320 1089 1347 καὶ
1103 1321 1153 1355 τὴν
1177 1320 1262 1356 ἄλλην
1282 1321 1343 1348 τινὰ
1360 1321 1467 1349 ἔννοιαν
1485 1322 1533 1349 καὶ
1558 1322 1698 1359 ὲπιὸολὴν,
1721 1323 1737 1358 ἢ
1754 1324 1805 1351 καὶ

1007 1368 1108 1404 τρόπον
1126 1368 1297 1403 οἰκονομίας,
1314 1369 1360 1403 ἀφ’
1376 1366 1411 1404 ἦς
1432 1368 1534 1404 ταύτην
1550 1369 1600 1404 τὴν
1617 1369 1709 1404 φωνὴν
1726 1370 1804 1405 εἰρη-

1008 1415 1086 1442 κέναι
1107 1415 1153 1442 τδν
1168 1415 1256 1450 ἅγιον,
1281 1416 1332 1442 οὐκ
1358 1416 1406 1453 είςΔ
1421 1416 1623 1452 παρενόχλησιν
1642 1417 1689 1443 τοῦ
1716 1417 1803 1453 ὀρθοῦ

1007 1461 1088 1495 λόγου
1109 1461 1159 1496 τῆς
1183 1461 1328 1494 εὐσεϐείας
1342 1451 1445 1497 ταύτην
1462 1462 1651 1497 προδαλεῖται,
1671 1463 1718 1490 καὶ
1734 1451 1803 1490 καθ’

1008 1507 1106 1534 ἑαυτοῦ
1133 1509 1283 1536 σκάνδαλον
1313 1509 1442 1544 ἀνεγερεῖ
1469 1509 1649 1542 διαστάσεως.
1678 1510 1803 1546 Φανεροῦ

1010 1554 1065 1589 γὰρ
1080 1554 1156 1587 ὄντος
1168 1555 1215 1581 τοῦ
1230 1555 1359 1591 ἀληθοῦς,
1373 1556 1423 1583 καὶ
1442 1556 1552 1583 πάντων
1566 1556 1621 1583 τῶν
1641 1557 1727 1591 ἁγίων
1743 1559 1804 1585 Ποι-

1010 1601 1099 1636 τέρων
1118 1601 1167 1628 καὶ
1188 1601 1357 1629 διδασκάλων
1373 1603 1454 1637 ἡμῶν
1472 1602 1526 1629 τῶν
1542 1603 1670 1637 μεγάλων
1692 1604 1806 1639 φωστή-

1011 1656 1066 1682 ρων
1084 1647 1135 1682 τῆς
1151 1647 1231 1681 ἁγίας
1248 1647 1295 1674 τοῦ
1315 1647 1383 1674 Θεοῦ
1404 1647 1566 1683 Ἐκκλησίας
1583 1649 1805 1683 συμφωνούντων

1010 1694 1051 1725 εἰς
1066 1693 1157 1725 τοῦτο,
1177 1693 1305 1728 περιττὸν
1332 1693 1371 1724 τὸ,
1402 1693 1466 1728 μίαν
1495 1693 1575 1728 ῥῆσιν
1592 1694 1632 1725 εἰς
1656 1694 1734 1729 ῥῆξιν
1756 1693 1807 1720 καὶ

1011 1738 1186 1774 διασπασμὸν
1198 1738 1245 1765 τοῦ
1264 1739 1323 1771 svo;
1339 1738 1465 1774 σώματος
1478 1741 1528 1774 τῆς
1541 1739 1589 1766 τοῦ
1603 1740 1722 1774 Χριστοῦ
1745 1740 1807 1767 Ἐκ-

1010 1785 1136 1820 κλησίας,
1150 1785 1307 1821 δυναμένην
1324 1786 1370 1812 καὶ
1386 1786 1473 1812 ταῦτα
1486 1786 1518 1812 ὲκ
1535 1786 1642 1813 πολλῶν
1656 1786 1705 1821 τὴν
1721 1786 1808 1821 θερα-

1011 1830 1092 1856 πείαν
1116 1830 1253 1865 δέχεσθαι,
1278 1831 1326 1857 καὶ
1343 1831 1397 1858 τῶν
1414 1832 1451 1867 μή
1467 1840 1528 1858 τινα
1554 1832 1608 1858 τῶν
1629 1830 1743 1866 ὕστερον
1759 1831 1807 1857 ἐλ-

1011 1876 1113 1903 θόντων
1132 1877 1264 1912 Πατέρων
1285 1877 1502 1912 διαταράξασαν,
1531 1877 1732 1913 προϐάλλεσθαι
1756 1878 1808 1904 καὶ

1012 1924 1193 1958 προσφέρειν,
1208 1925 1255 1951 καὶ
1281 1924 1393 1959 ἔχεσθαι
1417 1924 1519 1959 ταύτης
1547 1925 1594 1951 καὶ
1617 1925 1654 1960 μὴ
1672 1924 1806 1959 μεθίστα-

1014 1969 1088 1996 σθαι.
1103 1970 1270 2005 Εὑχαριστεῖ
1280 1968 1327 1997 οὖν
1345 1971 1361 2005 ὴ
1374 1971 1496 2005 ἡμετέρα
1512 1970 1639 1997 εὐσέϐεια
1651 1971 1689 2005 τῷ
1704 1970 1809 2000 παντὸς

1014 2016 1118 2050 ἀγαθοῦ
1141 2016 1234 2052 δοτῆρι
1258 2017 1318 2052 Θεῷ
1341 2016 1380 2052 τῷ
1399 2018 1449 2052 ἤδη
1470 2017 1560 2044 λύοντι
1577 2017 1626 2048 τὰς
1641 2017 1738 2048 ὠδῖνας
1753 2016 1807 2051 τῆς

1014 2062 1094 2097 ἡμῶν
1107 2063 1220 2098 είρὴνης
1236 2064 1284 2090 καὶ
1299 2063 1348 2098 τῆς
1364 2064 1490 2095 ἑνώσεως
1501 2071 1508 2078 θ
1522 2063 1552 2095 ὃς
1567 2063 1616 2095 καὶ
1631 2063 1680 2099 τὴν
1696 2063 1741 2090 διὰ
1756 2063 1806 2090 σοῦ

1015 2109 1063 2135 καὶ
1086 2108 1156 2143 μετὰ
1179 2108 1227 2134 σοῦ
1254 2110 1417 2144 συμφωνίαν
1438 2110 1529 2144 πάσης
1552 2109 1601 2144 τῆς
1621 2110 1692 2136 κατὰ
1713 2110 1741 2135 σὲ
1759 2110 1810 2136 κα.)¹

169 2154 222 2181 ὑπὸ
237 2153 266 2179 οὲ
282 2153 425 2188 ἱεραρχιας
441 2152 488 2179 κα¹ι
499 2153 617 2188 ποίμνης
630 2152 835 2188 τελεσφορήσει,
852 2153 899 2179 καὶ
915 2153 963 2188 τὴν
983 2154 1111 2188 ὁμόνοιαν
1126 2155 1314 2190 ἀπεργάσεται
1328 2155 1533 2191 ὲντελεστάτην,
1547 2156 1592 2182 καὶ
1622 2156 1693 2182 κατὰ
1722 2156 1826 2192 μηδὲν

169 2202 200 2229 τὺ
220 2199 327 2232 ἐλλιπὲς
345 2200 473 2235 ἔχουσαν,
489 2201 530 2232 εἰς
545 2201 625 2234 δόξαν
641 2201 689 2227 τοῦ
706 2201 785 2234 ἁγίου
803 2201 886 2227 αὐτοῦ
902 2201 1046 2237 ὀνόματος,
1058 2203 1104 2229 καὶ
1118 2203 1251 2238 αίσχύνην
1270 2203 1318 2230 τοῦ
1334 2203 1455 2239 ἀοράτου
1470 2203 1578 2239 ἐχθροῦ.

459 2248 677 2278 DlSPUTATlO.

206 2300 283 2326 Anno
299 2298 332 2326 ab
344 2297 410 2326 orbe
427 2297 537 2324 condito
556 2296 637 2329 6680,
661 2297 705 2332 qui
724 2302 783 2324 erat
806 2304 893 2323 anuus
911 2298 958 2324 tri-
1002 2301 1005 2305 ’

170 2345 288 2374 cesiutus
314 2349 373 2380 post
387 2343 530 2379 imperium
546 2347 701 2377 susceptum
720 2344 734 2370 a
759 2342 884 2378 piissimo
908 2344 958 2371 int-

207 2425 257 2461 (7')
270 2424 349 2452 Anno
362 2423 464 2451 Christi
481 2423 560 2450 H72.

208 2457 332 2496 (eiErgo
347 2461 456 2496 biennio
468 2464 527 2492 post
542 2458 656 2493 primam
668 2457 891 2496 disputationem,
905 2467 965 2496 quae

171 2497 198 2524 in
211 2493 311 2524 Graeco
320 2501 393 2522 textu
407 2495 506 2521 dicitur
517 2499 576 2520 acta
590 2501 661 2519 anno
678 2495 817 2527 regnantis
832 2493 964 2522 Mattttelis

173 2533 304 2558 vicesimo
319 2537 426 2561 octavo,
442 2529 492 2556 etsi
510 2530 638 2555 mendose
653 2530 678 2555 in
694 2529 788 2555 Latina
806 2529 962 2557 Leunclavii

171 2567 395 2600 interpretatione
409 2564 491 2599 (Bibl.
506 2563 563 2590 PP.
574 2563 699 2600 Parisrt.
713 2564 733 2600 l,
750 2564 850 2599 p.159)
862 2565 962 2592 dicitur

171 2599 272 2629 decium
297 2606 398 2627 octavo.
425 2600 519 2626 Obiter
544 2604 632 2626 autem
651 2599 694 2625 ltic
709 2599 824 2626 observo
842 2607 961 2628 canones

172 2643 280 2671 quoque.
295 2636 439 2662 chronicos
453 2634 587 2662 Samuelis
603 2635 725 2671 Armenii
743 2635 868 2662 Aniensis
882 2635 961 2670 (quos

172 2670 222 2705 ego
238 2671 301 2697 olim
322 2671 464 2697 Mediolani
483 2670 754 2705 edidi)daliquautum
769 2677 829 2697 esse
852 2678 963 2704 pertur-

173 2703 260 2737 batos;
278 2707 347 2739 aptttl
365 2713 433 2740 ques
451 2703 687 2739 primusNt-rsetis
703 2703 865 2739 patriarcha:
876 2714 964 2733 annus

173 2746 345 2774 componitur
372 2739 434 2767 eum
463 2741 597 2766 Manuelis
624 2739 688 2774 imp.
722 2747 793 2766 anno
824 2741 963 2768 tricesimo

172 2776 278 2810 quinto.
300 2774 394 2809 Neque
410 2782 498 2802 tamen
529 2775 551 2801 is
573 2782 650 2801 error
672 2776 800 2802 editionis
822 2783 887 2803 mea:
901 2782 962 2809 est;

173 2818 290 2845 namque
306 2817 346 2837 est
365 2810 511 2837 Vaticanus
527 2810 661 2837 Samuelis
678 2812 760 2836 codex
784 2812 963 2838 Armettiacns

176 2847 271 2877 tertius
284 2854 344 2873 cum
363 2846 432 2873 hbro
454 2854 513 2872 meo
531 2852 643 2879 prorsus
656 2846 804 2874 consentit.
829 2846 881 2874 Sed
897 2847 963 2881 qttid

165 3029 283 3066 Α

1330 2251 1494 2279 ΔΙΑΛΕΞΙΣ.

1056 2299 1100 2324 Ἐν
1117 2297 1172 2324 ἔτει
1195 2297 1249 2323 ἀπὸ
1272 2296 1388 2328 κτίσεως
1405 2297 1509 2330 κόσμου
1537 2299 1623 2331 ιςχπκ
1648 2297 1676 2322 ὲν
1699 2296 1754 2322 ἕτει
1779 2297 1809 2323 δὲ

1014 2344 1170 2380 τριακοστῷ
1189 2343 1228 2379 (8)
1241 2344 1289 2378 τῆς
1306 2343 1525 2380 αὐτοκρατορίας
1541 2343 1589 2369 τοῦ
1604 2345 1632 2371 ἐν
1648 2343 1809 2378 βασιλεῦσιν

1020 2432 1090 2460 opus
1104 2423 1314 2460 estSatnuelem
1331 2431 1461 2458 arguere,
1485 2424 1563 2458 cujus
1583 2424 1653 2452 ratio
1668 2431 1694 2451 tn
1713 2431 1809 2452 recen-

1019 2458 1110 2487 sendis
1132 2458 1264 2485 Manuelis
1285 2461 1362 2486 annis
1384 2467 1496 2493 prorsus
1516 2468 1529 2485 ει
1549 2460 1686 2486 communi
1701 2461 1810 2487 ratioae

1018 2495 1152 2522 discedit?
1164 2495 1239 2528 Apud
1256 2501 1317 2520 cum
1336 2496 1407 2521 enim
1431 2493 1538 2521 Manuel
1556 2499 1649 2528 regnat
1666 2496 1746 2522 anuis
1760 2496 1809 2529 46,

1018 2531 1151 2563 incipiens
1162 2531 1196 2556 ab
1210 2537 1281 2555 anno
1292 2529 1330 2556 Ch
1357 2529 1442 2562 “35;
1457 2531 1527 2564 apttd
1543 2530 1610 2556 alios
1624 2535 1712 2556 autem
1727 2531 1810 2557 chro-

1017 2565 1171 2599 nographos
1200 2570 1295 2599 regnat
1321 2565 1400 2591 anuis
1417 2565 1450 2592 57
1468 2573 1528 2592 cum
1545 2565 1670 2596 dimidio,
1688 2566 1722 2591 ab
1736 2573 1809 2592 anno

1016 2601 1096 2628 1143.
1114 2601 1174 2627 Alio
1190 2601 1269 2626 utodo
1283 2605 1378 2633 peccat
1399 2599 1581 2627 Lcunclavius
1596 2601 1660 2626 dum
1677 2600 1709 2625 ad
1725 2608 1808 2627 vora-

1017 2636 1107 2663 bulum
1122 2636 1378 2670 πορφυρογέννητος
1394 2640 1508 2662 :tnttolat
1525 2644 1530 2661 :
1550 2635 1688 2670 l'orpltyru
1710 2636 1808 2669 palatii

1017 2679 1110 2697 nomen
1126 2672 1152 2697 in
1167 2679 1218 2705 quo
1234 2671 1371 2703 pariebant
1385 2672 1524 2705 Auguatw.
1542 2670 1590 2697 Est
1604 2679 1676 2698 etum
1698 2673 1811 2698 notissi-

1018 2714 1090 2732 mum
1107 2706 1147 2733 sic
1162 2707 1253 2739 potius
1269 2707 1419 2740 appellatus
1434 2706 1572 2741 ptittclpcs
1587 2714 1633 2741 qui
1646 2707 1680 2733 de
1695 2713 1810 2739 parente

1017 2742 1170 2776 imperante
1194 2743 1316 2775 concepti
1332 2742 1444 2775 natique
1466 2748 1555 2768 erant.
1578 2741 1703 2776 Denique
1718 2742 1812 2768 Lenti-

1015 2776 1118 2803 clavius
1134 2776 1249 2803 ttesuivit
1273 2776 1418 2810 Ῥωμαίων
1436 2777 1522 2803 κουλά
1547 2776 1745 2811 (Romanorum
1763 2785 1812 2802 tra-

1015 2812 1124 2838 stellum
1140 2812 1210 2845 quod
1224 2811 1375 2838 Orientales
1391 2814 1569 2845 pronuntiant
1583 2811 1702 2844 Ilomela)
1717 2819 1810 2838 arceat

1015 2847 1100 2875 fuisse
1127 2848 1160 2874 ad
1188 2847 1364 2881 Euphratem,
1391 2848 1425 2875 ad
1446 2855 1526 2882 quem
1543 2849 1632 2876 locum
1653 2847 1811 2882 patriarcha
