1942 3081
221 156 277 188 239

927 155 1143 186 TlIEORiANl

1795 152 1853 183 ‘2".0

222 217 296 240 tuam
312 212 423 240 brachia
449 211 545 246 tendit,
575 217 719 247 vestroque
735 212 877 248 complexu
903 211 1005 246 [ruige-

1065 210 1202 246 μιώτατος
1224 209 1272 237 καὶ
1295 209 1396 244 ἀγαθὸς
1419 198 1564 240 καθολικῖς
1593 210 1608 236 ό
1630 209 1784 245 Νοσέρτης.
1803 212 1853 237 καὶ

219 252 284 286 διίιῖ
298 258 357 286 -Sic
383 258 485 285 utinam
513 266 564 286 una
585 259 637 286 [ide
658 259 775 294 copulati
797 259 871 293 puris
899 258 1009 289 animis,

221 311 381 340 remotoque
398 305 471 332 omni
490 304 619 332 seandalo
645 305 765 332 divinum
784 304 920 332 vivilicmu
935 302 1009 330 salu-

222 354 364 384 laremque
387 357 484 385 panem
498 351 681 383 comedamus,
698 350 813 386 mystico
827 349 927 377 Christi
944 356 1009 376 con-

223 397 294 424 vivio
318 396 485 424 confidenter
498 397 740 429 communicemus,
767 396 879 431 ejusque
906 395 1008 422 nomini

221 443 326 470 laudem
351 443 545 471 cencinamusi
570 442 646 475 Vale,
673 443 897 470 reverendissime
927 447 954 469 et
983 442 1009 469 in

1064 255 1269 292 ὁμοφρονοῦντα
1282 255 1327 282 τὸν
1343 255 1423 290 χορὸν
1438 255 1494 282 τῶν
1523 255 1675 291 ἀρχιερέων
1691 255 1785 286 αὑτοῦ,
1803 255 1852 282 καὶ

1063 300 1113 336 τὴν
1129 300 1277 335 σύμπασαν
1302 300 1356 326 τῶν
1379 299 1529 334 Ἀρμενίων
1545 298 1650 334 πληθύν
1663 307 1671 315 ·
1691 299 1802 334 καλάμη
1822 299 1853 325 δὲ

1064 348 1111 374 καὶ
1129 347 1222 383 χόρτος
1237 346 1275 382 μὴ
1288 346 1527 382 συμπεριληφοείη
1542 347 1576 381 τῇ
1592 346 1692 381 στερεᾷ
1714 345 1801 381 ταύτῃ
1813 345 1853 372 0!-

1064 393 1167 428 κοδομῇ
1197 392 1246 419 ἐπὶ
1271 392 1310 428 τῷ
1336 393 1455 428 άρραγεῖ
1470 391 1588 426 θεμελίῳ
1615 391 1793 428 τῷΔεσπότῃ
1805 391 1852 418 καὶ

1064 440 1172 476 βασιλεῖ
1184 439 1263 475 ἡμῶν
1281 440 1340 476 Θεῷ
1357 440 1464 474 Σωτῆρι
1476 438 1588 474 Χριστῷ
1603 439 1703 475 ἐχούσῃ
1718 439 1766 473 τὴν
1785 438 1854 473 σύμ-

221 488 337 515 Domino
351 489 458 522 dilecte,
475 488 628 521 Generalis,
644 488 686 515 vir
704 488 890 516 sanctissime.

1064 487 1158 522 πηξιν.
1176 487 1241 513 Ἰδοὺ
1259 486 1286 513 δὲ
1311 486 1359 513 καὶ
1373 487 1390 521 ἠ
1411 486 1559 522 μετριότης
1569 485 1660 520 ἡμῶν,
1675 486 1723 511 καὶ
1747 485 1764 521 ἠ
1789 485 1854 511 καθ’

220 535 296 570 ἡμᾶς
310 535 375 569 ἁγία
396 536 442 562 καὶ
460 534 628 569 ἀποστολικὴ
648 533 796 569 Ἐκκλησία
820 533 871 566 τὰς
888 533 1012 568 ἀγκάλας
1029 533 1116 567 αὑτῆς
1132 535 1165 568 τῇ
1199 533 1277 568 ὑμῶν
1294 531 1453 568 ὲξήπλωσεν
1483 532 1617 566 ὁσιότητι,
1633 531 1680 559 καὶ
1693 531 1766 557 ἔστιν
1779 531 1854 557 ἕτοι-

222 591 271 616 μος
290 583 330 613 εἰς
354 581 404 616 τὴν
421 582 559 616 ὑμετέραν
574 580 709 616 ὑποδοχήν
720 588 726 596 ’
742 580 789 607 καὶ
826 580 890 615 μιᾶς
927 579 1048 612 πίστεως
1065 579 1208 614 γεγονότες
1225 579 1362 614 φάγωμεν
1377 577 1446 614 ὁμοῦ
1459 578 1529 613 μετὰ
1547 578 1699 609 συνειδότος
1715 579 1854 605 ἀνακεκα-

220 628 358 663 οαρμένου
381 627 429 654 καὶ
446 628 512 662 ἄτερ
527 626 678 654 σκανδάλου
691 626 793 658 παντὸς
811 626 857 653 τὸν
874 626 947 653 Θεῖον
981 626 1064 660 ἄρτον
1084 625 1131 652 τὸν
1155 625 1287 657 ζωοποιὸν
1315 625 1364 651 καὶ
1381 625 1528 659 σωτήριον,
1563 624 1613 650 καὶ
1637 624 1685 650 τοῦ
1719 624 1854 659 μυστικοῦ

219 674 304 701 αὑτοῦ
331 675 442 702 δείπνου
471 674 673 710 μεταλάόοιμεν
693 674 929 709 ἀνεπαισχὺντως,
959 675 1006 701 καὶ
1025 674 1106 708 δόξαν
1134 673 1202 709 ὁμοῦ
1222 674 1262 709 τῷ
1285 673 1401 709 ὀνόματι
1435 673 1521 700 αὑτοῦ
1554 673 1764 708 ἀνενέγκοιμεν.
1784 673 1854 709 Ἐρ-

221 722 305 756 ῥωσο,
320 719 470 755 τιμιώτατε
490 721 538 747 καὶ
553 721 582 747 ἐν
595 720 691 756 Κυρίῳ
708 721 833 755 άγαπητὲ
849 720 896 746 καὶ
918 719 1052 747 Καθολικὲ
1067 720 1133 754 ἄνερ
1149 719 1291 746 ὁσιώτατε.

256 767 322 795 Post
344 767 456 794 biduum
481 767 568 794 vocati
601 767 634 794 ad
656 768 789 805 synodum
804 767 952 800 venimus;
972 766 1007 794 ibi

1098 767 1176 793 Μετὰ
1200 766 1228 793 δὲ
1249 766 1294 792 δύο
1321 766 1430 801 ἡμέρας
1451 765 1670 801 μετακληθέντες
1699 766 1854 801 ἀνήλθομεν

218 814 328 841 silentio
349 814 462 846 indicto,
481 813 566 848 cmpit
593 813 736 840 Gcncralis
765 813 796 840 de
815 813 895 840 unica
913 818 1005 840 natura

1061 814 1100 845 εἰς
1128 813 1176 849 τὴν
1203 812 1328 840 σύνοδον·
1344 813 1449 847 σιωπῆς
1470 813 1498 839 δὲ
1523 813 1684 848 γενομένης,
1714 813 1816 849 ἤρξατο
1838 814 1854 839 ὁ

218 862 364 892 disserere,
389 860 555 894 argumentis
578 867 675 895 nempe
702 859 869 887 conﬁrmans
899 860 969 895 quod
986 861 1008 886 si

218 915 273 933 una
292 907 400 934 dicatur
419 906 518 933 Christi
548 909 659 938 natura,
688 912 761 933 recte
782 905 808 933 id
838 906 894 936 lial.
921 913 1009 940 neque

218 952 282 981 hinc
304 952 404 986 aliquid
419 951 575 978 detrimenti
595 956 668 978 recta
685 951 751 979 ﬁdes
773 952 872 986 capiat.
892 951 930 978 Ita
945 959 1009 978 vero

218 998 315 1032 agebat
337 997 487 1031 Generalis,
515 1006 568 1024 non
585 997 657 1030 quod
675 997 733 1031 ipse
746 996 785 1024 sic
800 997 946 1032 judicarct,
963 996 1009 1023 sed

217 1043 280 1079 quia
306 1043 368 1070 huic
391 1043 496 1079 synodo
514 1042 664 1070 interetaut
690 1042 775 1076 ipsius
800 1042 932 1077 episcopi,
962 1043 1008 1077 qui

219 1091 303 1125 priori
330 1089 475 1118 convcntui
493 1097 548 1117 non
577 1089 731 1122 adfuerant,
752 1089 798 1116 sed
828 1089 909 1116 fando
932 1089 1007 1115 audi-

219 1140 315 1164 verant.
329 1135 487 1163 Generalem
506 1135 532 1162 in
550 1135 733 1162 Romanorum
747 1139 838 1169 partes
856 1135 1007 1166 transiisse,

219 1189 401 1217 arcanumque
420 1181 561 1217 epistolam
586 1184 619 1208 ad
640 1181 830 1215 imperatorem
855 1181 1008 1215 Scripsisse,

217 1235 270 1262 qua
285 1228 418 1263 synodum
437 1232 564 1262 quartatu
583 1234 612 1254 se
627 1227 748 1261 recipere
761 1226 860 1254 aiebat.
871 1226 956 1260 Quam
974 1227 1010 1254 ob

217 1281 275 1300 rcm
287 1273 411 1300 Generali
425 1273 621 1304 irascebantur,
631 1273 675 1308 qui
693 1281 764 1301 nunc
774 1273 810 1300 ita
824 1280 853 1300 se
866 1279 1008 1308 propterea

219 1320 341 1353 gerebat,
367 1324 396 1346 ut
427 1319 495 1347 bane
523 1319 577 1347 illis
605 1319 759 1354 opinionem
784 1319 927 1347 eximeret.
954 1318 1009 1347 Nos

217 1372 284 1392 vero
294 1364 436 1392 Genet-alis
451 1372 561 1400 scopum
588 1365 755 1399 ignorantes,
772 1372 936 1400 magnopere
960 1366 1008 1393 ad-

218 1412 404 1438 versabanmr.
428 1411 503 1440 illius
514 1416 603 1439 autem
625 1411 764 1439 nobiscum
787 1411 934 1446 disputatio
958 1412 1008 1439 hu-

216 1456 334 1492 jusntodi
352 1457 412 1484 luit.

255 1501 460 1529 οιιλΕιιΑιιδ.
488 1501 572 1529 Sacra
587 1501 701 1536 cpistola
722 1501 802 1535 lecta,
820 1501 934 1538 cognovi
962 1509 1007 1528 sa-

217 1549 402 1575 cratissimum
429 1555 519 1582 regem
538 1548 677 1575 criminari
696 1548 827 1575 adversus
853 1555 914 1580 nos,
932 1547 1004 1582 qttod

218 1603 298 1622 unam
317 1594 419 1621 Christi
439 1599 562 1621 naturain
588 1594 729 1621 dicamus:
746 1599 773 1621 et
798 1595 848 1621 hac
872 1594 905 1621 de
923 1601 1004 1621 causa

217 1648 264 1667 vos
288 1640 395 1667 misisse
411 1639 485 1672 dicit,
515 1644 544 1667 ut
559 1640 590 1667 de
606 1640 656 1667 hoc
670 1640 790 1675 capitulo
819 1640 955 1675 simulque
973 1640 1006 1667 de

218 1688 353 1722 reliquis,
379 1695 493 1722 quorum
524 1687 548 1713 in
577 1687 669 1721 priore
695 1687 875 1720 disputatione
905 1687 1006 1713 mentio

216 1741 271 1760 nun
288 1732 348 1766 fuit,
367 1740 438 1759 nunc
462 1733 639 1766 quxstionem
665 1732 849 1759 instituamus.
867 1731 921 1766 Ego
940 1739 1003 1758 vero

215 1779 417 1810 existimabant,
439 1778 657 1812 quandoquidem
681 1783 707 1805 et
735 1778 802 1805 duas
832 1783 944 1804 naturas
971 1778 1005 1805 ob

215 1824 403 1853 coafusionem
416 1824 609 1852 excludendam
626 1824 750 1857 dicimus,
770 1830 796 1852 et
817 1832 911 1851 rursus
922 1832 1004 1851 unam

215 1873 249 1899 ob
267 1872 384 1906 ipsarum
412 1870 683 1905 inseparabilitatem,
711 1870 778 1898 nihil
802 1870 873 1897 ultra
897 1878 910 1896 a
927 1870 1005 1897 nobis

214 1918 306 1951 exigi.-
334 1917 397 1943 dum
427 1917 500 1943 enim
526 1924 607 1943 unam
636 1916 812 1948 alIirmamus,
843 1916 1004 1944 divisionem

215 1963 404 1990 Nestorianam
418 1963 554 1989 vitamus:
570 1963 635 1988 dum
658 1965 747 1988 autem
760 1962 827 1988 duas
843 1962 1003 1994 asscrintus,

217 2009 251 2036 ab
268 2008 436 2043 Eutychiana
451 2007 610 2035 confusione
625 2007 795 2034 divertimus.
809 2007 836 2034 Si
847 2015 911 2042 ergo
925 2009 1004 2042 quid-

215 2063 295 2089 quam
311 2058 440 2089 praetcrea
464 2061 477 2079 a
492 2053 570 2079 nobis
580 2051 732 2087 postulatis,
748 2059 802 2079 non
811 2053 1003 2087 obsequemur.

215 2101 284 2128 Nam
315 2101 400 2128 sancti
429 2106 536 2134 quoque
561 2098 655 2126 Patres
687 2099 766 2126 modo
793 2099 859 2126 duas
891 2104 1003 2127 naturas

1060 859 1210 891 Καθολικὺς
1227 859 1292 894 περὶ
1305 859 1354 892 τῆς
1371 859 1435 894 μιᾶς
1449 858 1554 893 φύσεως
1568 858 1749 892 διαλέγεσθαι.
1765 868 1854 886 κατα-

1061 905 1197 936 σκευάζων
1227 906 1266 932 ’ὁτι
1279 905 1309 932 τὸ
1325 905 1414 939 λέγειν
1426 905 1472 931 καὶ
1485 905 1550 940 μίαν
1565 904 1645 939 φύσιν
1659 905 1704 931 τὸν
1728 906 1848 940 Χριστὸν

1060 951 1143 978 καλόν
1157 952 1225 983 ἐστι,
1246 951 1292 978 καὶ
1304 951 1380 978 οὐδὲν
1397 951 1428 977 ἐκ
1436 950 1531 977 τούτου
1541 952 1554 976 ὁ
1563 950 1642 985 ὀρθὸς
1661 950 1836 978 καταῦλάπτε
1844 967 1854 972 -

1060 1006 1104 1024 ται
1121 997 1200 1031 λόγος
1218 997 1284 1032 (l7).
1302 997 1388 1024 Τοῦτο
1400 997 1428 1024 δὲ
1451 997 1537 1023 ὲποίει
1554 997 1602 1032 οὐχ
1613 997 1654 1024 δτι
1667 997 1753 1029 οὕτως
1768 998 1853 1033 ἐφρό-

1060 1051 1113 1076 νει,
1138 1042 1196 1069 ὀλλ¹
1223 1043 1263 1069 ὅτι
1279 1043 1406 1078 παρῆσαν
1429 1043 1458 1068 ὲν
1472 1043 1505 1078 τῇ
1518 1043 1619 1078 συνόδῳ
1633 1043 1718 1078 ταύτῃ
1735 1043 1852 1070 ἐπίσκο-

1061 1098 1106 1116 ποι
1136 1089 1231 1122 αὐτοῦ,
1260 1089 1358 1120 οἵτινες
1380 1090 1409 1116 ὲν
1427 1090 1459 1125 τῇ
1482 1090 1603 1125 προτέρᾳ
1619 1089 1667 1125 μὲν
1683 1090 1783 1125 συνόδῳ
1798 1091 1851 1117 οὐκ

1059 1133 1139 1172 ἦσαν,
1154 1135 1378 1172 προηκηκόεισαν
1391 1136 1419 1162 δὲ
1434 1135 1475 1162 ὅτι
1487 1135 1501 1161 ὁ
1517 1135 1668 1167 Καθολικὸς
1685 1136 1775 1171 ἡνώϐη
1790 1138 1851 1168 τοῖς

1067 1182 1224 1217 Ῥωμαίοις,
1247 1182 1293 1209 καὶ
1317 1182 1420 1217 ἔγραψε
1444 1183 1579 1217 μυστικὴν
1598 1183 1706 1217 γραφὴν
1722 1183 1790 1218 προς
1801 1183 1850 1210 τὸν

1061 1228 1184 1264 βασιλέα,
1201 1227 1288 1262 λέγων
1304 1228 1345 1254 ὅτι
1365 1227 1486 1263 Δέχομαι
1515 1227 1564 1263 τὴν
1578 1228 1710 1263 τετάρτην
1726 1229 1847 1259 σύνοδον,

1061 1275 1106 1302 καὶ
1129 1272 1198 1309 ἦσαν
1217 1273 1439 1307 σκανδαλισμένοι
1467 1273 1534 1308 πρὸς
1559 1273 1604 1300 τὸν
1624 1274 1784 1302 Καθολικόν.
1798 1275 1851 1300 Διὰ

1059 1319 1138 1347 τοῦτο
1156 1319 1221 1353 γοῦν
1236 1319 1372 1353 διεγένετο
1387 1318 1472 1348 οὕτω.
1490 1319 1574 1345 Θέλων
1590 1319 1690 1350 αὐτοὺς
1709 1319 1850 1354 πληροφο-

1062 1365 1142 1400 ρῆσαι
1155 1365 1196 1391 ὅτι
1219 1364 1269 1391 οὐκ
1283 1365 1354 1391 εἰσὶν
1370 1365 1457 1400 ἀληθῆ
1472 1364 1490 1391 ἃ
1503 1365 1653 1400 ἀκηκόασιν
1664 1373 1670 1380 ·
1686 1364 1744 1392 ἀλλ’
1754 1367 1849 1401 ἡμεῖς,

1059 1411 1105 1438 τὸν
1119 1411 1219 1438 σκοπὸν
1233 1410 1316 1437 αὑτοῦ
1332 1411 1503 1444 ἀγνοοῦντες,
1520 1411 1641 1445 σφοδρῶς
1654 1411 1850 1447 ἀντελέγομεν·

1060 1458 1076 1493 ἡ
1091 1458 1118 1484 δὲ
1131 1457 1198 1493 πρὸς
1210 1458 1284 1492 ἡμᾶς
1296 1456 1378 1484 αὑτοῦ
1391 1456 1507 1489 διάλεξις
1528 1455 1561 1493 ἦν
1574 1457 1654 1491 αὕτη.

1098 1503 1127 1531 '0
1143 1503 1347 1530 ΚΑΘΟΛΙΚΟΣ.
1372 1503 1517 1537 Ἀναγνοὺς
1539 1504 1589 1534 τὰς
1609 1503 1683 1536 θείας
1700 1503 1850 1536 συλλαϐὰς.

1057 1551 1143 1585 ἔγνων
1158 1551 1199 1577 ὅτι
1228 1551 1242 1577 ὁ
1258 1550 1395 1581 ὒειότατος
1421 1550 1549 1585 βασιλεὺς
1580 1551 1700 1578 αἰτιᾶται
1716 1551 1789 1586 ἡμᾶς
1808 1551 1848 1583 ὡς

1057 1597 1188 1632 λέγοντας
1216 1597 1282 1632 μίαν
1314 1597 1396 1632 φύσιν
1412 1598 1458 1624 τὸν
1472 1598 1606 1633 Χριστόν·
1625 1598 1673 1625 καὶ
1686 1598 1717 1634 δὴ
1738 1600 1784 1625 καὶ
1803 1599 1849 1626 διὰ

1055 1643 1229 1678 τοῦτοὴμᾶς,
1256 1643 1346 1678 φησὶν,
1377 1643 1557 1675 ἀπέσταλκεν,
1583 1644 1620 1675 ὼς
1651 1644 1684 1671 ἂν
1712 1645 1846 1679 καὶπερὶ

1055 1689 1102 1716 τοῦ
1124 1689 1270 1724 κεφαλαίου
1294 1689 1389 1716 τούτου
1418 1691 1464 1716 καὶ
1490 1690 1553 1726 περὶ
1590 1691 1644 1717 τῶν
1669 1691 1770 1717 λοιπῶν
1792 1688 1831 1718 ὧν

1058 1735 1153 1769 μνείαν
1177 1735 1238 1762 τότε
1273 1735 1303 1762 οὐ
1321 1736 1507 1772 πεποιήμεθα,
1537 1736 1714 1772 ποιησώμεθα
1733 1737 1780 1764 νῦν
1795 1739 1849 1773 τὴν

1056 1779 1186 1813 διάλεξιν,
1206 1779 1278 1814 Ἐγὼ
1295 1781 1344 1815 μὲν
1358 1780 1448 1816 ᾤμην,
1461 1781 1523 1808 ἐπεὶ
1537 1782 1583 1808 καὶ
1597 1782 1643 1808 δύο
1658 1782 1754 1817 φύσεις
1778 1783 1847 1818 ὀμο-

1055 1825 1190 1862 λογοῦμεν
1217 1826 1262 1853 διὰ
1285 1827 1316 1853 τὸ
1338 1827 1492 1862 ἀσύγχυτον
1512 1827 1567 1854 τῶν
1581 1827 1699 1863 φύσεων,
1716 1829 1763 1855 καὶ
1780 1829 1848 1864 μίαν

1056 1871 1100 1898 διὰ
1111 1872 1141 1898 τὸ
1153 1872 1307 1908 ἀδιαίρετον
1326 1872 1406 1899 πάλιν
1423 1873 1523 1905 αὐτῶν,
1549 1874 1632 1908 μηδὲν
1653 1874 1733 1901 πλέον
1761 1875 1846 1901 ἀπαι-

1057 1915 1162 1942 τεῖσοαι
1175 1917 1268 1951 ἡμᾶς·
1290 1917 1320 1943 ἐν
1344 1918 1398 1953 γὰρ
1428 1918 1466 1951 τῷ
1485 1917 1576 1950 λέγειν
1603 1919 1668 1953 μίαν
1688 1919 1779 1953 φύσιν,
1793 1922 1847 1954 τὴν

1057 1960 1188 1996 διαίρεσιν
1200 1961 1372 1997 ἐκφεύγομεν
1397 1963 1443 1988 τοῦ
1460 1963 1608 1997 Νεστορίου
1621 1970 1628 1977 '
1657 1964 1686 1990 ὲν
1701 1964 1728 1989 δὲ
1749 1964 1787 1999 τῷ
1802 1965 1848 1990 λέ-

1058 2014 1117 2040 γειν
1136 2006 1183 2033 δύο
1199 2007 1305 2041 φύσεις,
1321 2007 1367 2034 τοῦ
1382 2007 1518 2042 Εὑτυχοῦς
1532 2008 1580 2044 τὴν
1593 2008 1724 2044 σύγχυσιν
1738 2017 1845 2045 παρεκ-

1056 2053 1195 2088 κλίνομεν.
1225 2053 1256 2080 Et
1281 2051 1329 2080 οὖν
1343 2054 1421 2087 ὑμεῖς
1442 2054 1523 2081 πλέον
1545 2055 1640 2082 τούτου
1659 2055 1777 2090 ζητεῖτε,
1793 2057 1845 2092 οὐχ

1056 2096 1178 2131 ἑψόμεθα
1206 2097 1281 2131 ὑμῖν.
1305 2097 1360 2124 Καὶ
1375 2097 1429 2132 γὰρ
1450 2097 1475 2124 ot
1496 2097 1563 2123 θεῖοι
1581 2097 1701 2132 Πατέρες
1714 2099 1779 2125 ποτὲ
1792 2099 1846 2133 μὲν

215 2146 316 2174 Christi
344 2145 446 2178 dicunt,
472 2144 550 2172 modo
567 2151 668 2176 unam;
693 2151 864 2178 nequaquam
880 2143 931 2171 sibi
959 2144 1001 2172 vel

1060 2141 1102 2167 δύο
1121 2141 1216 2176 φύσεις
1232 2141 1356 2176 λέγονται
1372 2142 1417 2169 τὸν
1430 2142 1558 2177 Χριστὸν,
1575 2142 1639 2169 ποτὲ
1656 2142 1684 2169 δὲ
1700 2143 1777 2178 μίαν,
1792 2145 1844 2171 οὐκ

216 2194 332 2221 invicem
355 2195 546 2226 repugnantes,
571 2190 619 2217 sed
640 2190 703 2225 quia
731 2195 855 2217 neutrum
879 2189 1002 2222 clfatum,

215 2239 238 2266 si
258 2243 330 2265 recte
354 2237 528 2272 intelligatur,
548 2236 582 2262 ab
597 2235 758 2263 orthodoxia
776 2235 890 2262 recolit.
925 2235 1002 2268 Q:od

215 2285 236 2312 si
264 2284 333 2311 forte
361 2283 469 2316 aliquis,
491 2282 552 2309 Deo
580 2281 686 2316 sibique
716 2281 812 2314 hostis,
844 2287 1002 2308 sanctorum

216 2330 326 2357 Patrum
355 2335 497 2357 sermones
518 2326 824 2362 lalsaiuterpretalioue
852 2327 1000 2359 convellit;

215 2381 290 2405 certe
312 2383 361 2403 nos
380 2383 411 2402 ea
434 2382 494 2409 quae
514 2378 586 2401 recte
602 2374 701 2407 scripta
722 2377 749 2399 et
767 2371 901 2399 intellecta
928 2377 1003 2405 Sunt,

214 2429 354 2456 nunquaut
380 2419 610 2455 improbabiuius:
638 2425 699 2444 nam
713 2417 735 2445 si
754 2418 788 2443 ita
806 2417 907 2444 animis
927 2424 1002 2444 com-

215 2468 302 2504 parati
315 2474 448 2499 essemus,
463 2465 611 2501 permultas
630 2472 738 2500 quoque
756 2463 842 2490 sancti
857 2463 1001 2498 Evangelii

214 2519 240 2542 el
261 2517 420 2541 creterrarum
452 2510 692 2545 hagiographotum
716 2509 846 2536 librorum
871 2509 1003 2536 dictiones

214 2559 414 2586 vellicaremus.
432 2556 501 2583 Ecce
515 2555 587 2581 enim
608 2553 731 2588 sacrilegi
752 2553 872 2580 latrones
887 2554 1000 2587 litterm,

215 2613 247 2631 ex
263 2604 377 2638 singulis
400 2609 483 2636 prope
503 2604 658 2627 sanctarqu
677 2598 878 2633 Scripturarum
904 2600 1002 2626 dietio-

215 2651 294 2676 nil.us
313 2648 437 2675 ιιιυιυεὶω
453 2647 568 2681 aliquant
583 2649 795 2681 progenucruut.

250 2695 484 2724 'l'llliOltlA‘iUS.
509 2695 538 2722 lu
564 2695 703 2729 Superiore
737 2701 845 2728 quoque
875 2693 998 2727 disputa.

216 2744 290 2770 tione
312 2743 464 2777 optavimus
481 2751 495 2769 a
512 2749 607 2776 magna
627 2740 771 2768 sanctitate
807 2744 850 2766 tua
878 2739 998 2772 edat-eri,

215 2788 339 2822 quisnam
354 2786 465 2814 Patrum
482 2791 639 2814 sanctortun
655 2790 682 2812 et
698 2784 808 2812 ubinam
825 2792 905 2812 unam
921 2785 999 2812 (lliri-

1057 2188 1259 2223 ἐναντιούμενοι
1271 2189 1379 2220 ἑαυτοῖς
1403 2188 1450 2215 καὶ
1472 2187 1609 2224 ἀλλήλοις,
1627 2189 1685 2217 ἀλλ’
1698 2191 1738 2217 ὅτι
1755 2190 1846 2224 ἀμφό-

1053 2242 1131 2267 τερα,
1148 2233 1269 2265 εὐσεΰῶς
1285 2234 1429 2269 νοούμενα,
1445 2235 1494 2261 οὐκ
1513 2235 1676 2261 ἐκπίπτουσι
1699 2237 1749 2271 τῆς
1763 2236 1845 2272 ὀροοε

1053 2278 1153 2311 δοξίας.
1170 2280 1200 2306 El
1219 2280 1247 2306 δέ
1262 2288 1303 2311 τις
1326 2281 1421 2315 ἐχυρὸς
1436 2280 1482 2307 τοῦ
1498 2281 1565 2307 Θεοῦ
1595 2283 1642 2307 καὶ
1657 2280 1754 2308 ἑαυτοῦ
1778 2284 1844 2314 τοὺς

1054 2323 1149 2358 λόγους
1166 2324 1220 2353 τῶν
1233 2325 1312 2351 θείων
1327 2326 1455 2359 Πατέρων
1467 2327 1683 2362 παρερμηνεύει,
1697 2328 1778 2363 ἡμεῖς
1791 2330 1844 2357 οὐκ

1053 2370 1291 2406 ἀποδοκιμάσομεν
1319 2372 1353 2398 τὰ
1364 2372 1456 2404 καλῶς
1480 2373 1621 2408 γραφέντα
1635 2374 1682 2400 καὶ
1699 2375 1842 2409 νοηθέντα⁶

1053 2417 1077 2442 εἰ
1094 2416 1148 2451 γὰρ
1175 2416 1254 2442 τοῦτο
1270 2418 1381 2452 ποιῆσαι
1401 2417 1562 2453 Θελήσομεν,
1582 2419 1632 2450 τὰς
1654 2421 1778 2453 πλείονας
1794 2421 1843 2448 τοῦ

1053 2471 1081 2488 τε
1113 2461 1190 2496 ἁγίου
1207 2463 1375 2497 Εὑαγγελέου
1407 2465 1454 2490 καὶ
1477 2465 1531 2491 τῶν
1545 2464 1646 2492 λοιπῶν
1665 2466 1844 2501 ἁγιογράςων

1052 2509 1153 2536 δέλτων
1170 2509 1257 2543 λέξεις
1273 2510 1500 2546 ἀποῤῥαπίσομεν
1513 2518 1521 2527 ⁸
1537 2510 1630 2545 σχεδὸν
1640 2512 1695 2546 γὰρ
1706 2513 1738 2538 ἐκ
1750 2514 1844 2548 πάσης

1052 2556 1151 2588 λέξεως
1170 2556 1224 2583 τῶν
1239 2556 1326 2590 ἁγίων
1349 2557 1465 2592 Γραφῶν
1493 2557 1600 2592 αἵρεσιν
1612 2557 1802 2594 ἁπεγέννησαν
1815 2561 1842 2586 al.

1052 2603 1098 2630 τοῦ
1110 2603 1272 2638 γράμματος
1288 2603 1432 2638 ῑερόσυλοι.

1094 2692 1122 2719 Ὀ
1140 2692 1342 2719 ΘΕΩΡΙΔΝυΣ.
1357 2693 1412 2719 Καὶ
1428 2693 1457 2719 ὲν
1470 2690 1503 2729 τῇ
1517 2693 1637 2729 προτέρᾳ
1645 2693 1761 2727 διαλέξει
1776 2694 1843 2728 ἠθε-

1051 2738 1174 2774 λήσαμεν
1183 2737 1393 2772 ἀναδιδαχθῆναι
1404 2746 1440 2764 πα
1446 2738 1479 2773 ρὰ
1489 2737 1538 2773 τῆς
1552 2739 1672 2773 μεγάλης
1684 2739 1843 2773 ἁγιωσύνης

1054 2793 1112 2817 σου,
1139 2784 1180 2816 τίς
1206 2784 1260 2810 τῶν
1285 2783 1371 2818 ἁγίων
1393 2785 1439 2810 καὶ
1460 2784 1511 2810 ποῦ
1530 2784 1594 2819 μίαν
1616 2784 1696 2818 φύσιν
1722 2782 1784 2812 εἷπε
1796 2786 1843 2812 τᾶν

250 2889 306 2923 (l7)
331 2887 369 2915 ita
382 2894 411 2914 se
427 2891 550 2914 acturum
568 2886 594 2913 in
606 2885 696 2913 futura
714 2885 816 2921 synodo
839 2885 1001 2920 promiserat
1022 2884 1119 2912 Nerscs
1140 2885 1239 2919 disput.
1254 2884 1334 2920 prim.
1348 2885 1396 2911 sub
1412 2885 1501 2912 linem.
