1942 3081
88 103 145 135 941

789 107 1023 139 DISPUTATIO
1043 109 1085 141 ῘΙ.

1680 109 1736 141 242

92 164 241 198 Χριστόν·
256 164 304 190 xui.
319 163 400 191 τοῦτο
415 165 476 192 τότε
489 165 558 198 τέως
576 166 625 193 οὐκ
641 167 745 200 ἔδειξας
756 176 762 183 ·
780 167 828 194 νῦν
841 167 897 199 οὖν,

953 167 984 193 sti
997 170 1120 193 naturam
1137 166 1245 193 dixerit.
1262 166 1337 200 Quod
1353 166 1484 193 hactenus
1502 173 1554 193 non
1566 165 1739 193 demonstra-

93 210 147 246 [εἰ]
167 219 211 237 σοι
227 211 343 238 δυνατόν
362 213 430 242 ἐστι,
448 212 545 246 δεῖξον.

136 257 222 283 ΚΛΘ.
242 257 379 292 Ἐτοίμως
392 258 447 292 ἔχω
462 258 541 285 τοῦτο
553 259 594 291 εις
613 259 697 294 μέσον
712 261 896 295 παραγαγεῖν.

104 301 155 328 Ἕν
171 304 205 337 τῇ
223 303 292 337 πρὸς
315 304 445 330 Ἀκάκιον
467 304 621 340 Μελιτηνῆς
633 306 760 341 ἐπιστολῇ
775 307 788 333 ὁ
807 306 897 342 μακά-

101 356 167 382 ριος
185 347 322 383 Κύριλ).ος
340 349 532 384 ἀριδηλότερον
545 350 626 377 τοῦτο
644 351 812 388 παρίστησι·
831 352 899 388 φησι

96 394 157 428 γὰρ
173 395 276 421 ταῦτα·
291 404 300 420 ι
316 395 356 421 Τὰ
369 395 398 427 ἐξ
425 393 463 422 ὧν
476 397 550 423 ἑστιν
570 397 584 423 ὁ
610 396 651 428 εἷς
669 398 716 425 καὶ
739 399 818 434 μόνος
835 399 898 429 Υἱὸς

99 439 152 465 καὶ
168 439 272 474 Κύριος
295 441 398 474 Ἰησοῦς
412 442 540 476 Χριστὸς,
555 442 593 475 ὡς
609 443 636 470 ὲν
653 445 768 476 ἐννοίαις
783 445 897 480 δεχόμε-

97 494 154 518 νοι,
185 486 233 512 δύο
263 486 313 520 μὲν
336 486 432 521 φύσεις
452 487 574 522 ἡνῶσθαι
597 498 687 524 φαμεν
723 491 792 526 μετὰ
808 491 898 526 δὲτὴν

97 532 205 558 ἕνωσιν
231 532 268 563 ὡς
292 533 469 569 ἀνῃρημένης
493 534 543 570 ἢδη
554 535 604 570 τῆς
630 537 670 568 εἰς
694 536 741 563 δύο
755 537 897 572 διατομῆς,

101 578 173 612 μίαν
189 576 262 604 εἶναι
278 580 443 615 πιστεύομεν
462 580 511 614 τὴν
533 581 580 607 τοῦ
597 581 662 608 1⁸ἱοῦ
677 581 758 617 φύσιν
774 583 812 615 ὡς
828 583 897 617 ἑνὸς,

101 623 177 658 πλὴν
191 625 454 660 ὲνλνορωτεήσαντος
468 627 516 653 καὶ
534 628 756 663 σεσαρκωμένου.

139 670 241 697 θεον.
254 664 404 706 Θάυμάζω,
419 672 548 705 δέσποτα,
564 672 624 705 πῶς
653 674 717 701 ἄλλο
737 675 899 710 ὑποσχεοεὶς

101 715 204 747 δεῖξαι,
221 715 286 741 ἄλλο
302 716 473 751 παρήγαγες.
496 717 667 753 ’Υπεσχέθης
678 719 732 754 γὰρ
754 719 839 752 δεῖξαι
855 721 899 747 τὸν

104 761 246 795 μακάριον
259 760 392 796 Κύριλὶον
407 761 520 795 λέγοντα
537 763 602 798 μίαν
615 763 696 797 φύσιν
709 765 754 791 τὸν
770 765 898 800 Χριστόν⁶

102 806 116 831 ὁ
128 806 156 832 δὲ
173 806 203 832 οὐ
219 805 293 840 λέγει
308 807 398 835 τοῦτο.
419 807 500 834 Ἀλλὰ
519 809 565 841 τίς
582 810 653 836 Μίαν
678 809 747 838 εἴναι
775 812 900 839 πιστεύο-

106 861 160 885 μεν
174 852 225 887 τὴν
238 852 286 878 τοῦ
303 853 368 879 Υίιιῠ
382 853 461 887 φύσιν
477 854 515 886 ὠς
530 855 591 887 ἑνός
601 861 609 869 ’
626 857 674 883 καὶ
687 856 747 884 τότε
763 858 898 893 ἐπήγαγε,

104 898 181 932 Πλὴν
197 899 461 933 ἐνανθρωπήσαντος
480 901 527 927 καὶ
546 902 770 937 σεσαρχωμένου.
800 904 901 932 Ἐασον

104 941 162 971 οὗν.
173 944 197 970 εἰ
215 944 344 972 κελεύεις.
354 945 402 977 τὰς
411 947 521 981 χρήσεις
530 949 578 979 τὰς
587 948 735 983 λεγομένας
749 949 813 985 μίαν
821 950 902 985 φύσιν

105 988 154 1015 ruﬁ
199 990 283 1016 ΥΞο-Ξ·
311 993 375 1026 περὶ
407 993 460 1026 γὰρ
495 993 589 1020 τούτου
631 995 744 1031 οὐδεμία
785 997 902 1031 ἀμφιϐο-

106 1034 176 1060 λία“
199 1035 309 1063 λέλυται
329 1037 383 1072 γὰρ
409 1040 436 1065 ἐν
465 1040 498 1074 τῇ
528 1040 650 1076 προτέρᾳ
677 1041 802 1074 διαλέξει,
832 1043 861 1069 ἐν

107 1082 311 1117 πιρηγάγομεν
330 1084 375 1109 τὸν
400 1084 486 1118 μέγαν
523 1085 680 1113 ’ΔΟανάσιον
712 1089 776 1123 περὶ
796 1088 901 1123 Ἀρείου

111 1127 238 1160 λεγοντα,
261 1129 318 1160 πῶς
337 1130 443 1161 ἐδόξαζε
467 1130 513 1157 δύο
530 1131 626 1165 φύσεις
641 1133 795 1168 τοῡΔόγου.
822 1134 902 1161 Ἀλλὰ

107 1173 195 1206 δεῖξον
228 1174 279 1201 ποῦ
309 1175 476 1211 γέγραπται,
493 1178 542 1213 μία
559 1177 640 1213 φύσις
657 1180 729 1207 ἐστὶν
742 1180 757 1207 ὁ
773 1181 900 1217 Χριστός.

143 1309 227 1337 ΚΑΘ.
257 1310 329 1337 Ἀλλ’
347 1311 454 1346 εἴρηκε,
472 1322 481 1339 ι
498 1313 575 1340 Μετὰ
587 1313 614 1340 δέ
630 1322 661 1348 γε
677 1314 726 1350 τὴν
749 1315 846 1342 ἕνωσιν
865 1317 902 1348 ὡς

108 1355 286 1392 ἀνῃρημένης
311 1357 360 1392 ἤδη
385 1359 432 1394 τῆς
454 1360 493 1390 εἰς
507 1359 553 1386 δύο
570 1360 710 1395 διατομῆς.
727 1370 736 1387 ι
756 1361 788 1388 Τί
807 1361 902 1390 τούτου

108 1402 200 1437 ζητεῖς
215 1404 399 1438 σαςέστεροη

140 1450 239 1476 ΘΕΩΡ.
251 1450 288 1475 Th
299 1459 307 1475 ι
329 1449 373 1482 Ὠς
387 1451 564 1486 ἀνῃρημένης
572 1451 622 1487 ἤδη
636 1452 685 1486 τῆς
699 1452 738 1483 είς
748 1452 795 1479 δύο
811 1452 902 1479 διατο-

953 212 998 244 sti,
1019 220 1100 244 nunc,
1114 212 1136 239 si
1152 217 1238 246 potes,
1251 209 1420 239 demonstra.

984 257 1063 286 GEN.
1082 258 1137 292 Ego
1152 266 1216 286 vero
1235 258 1261 285 id
1275 259 1300 285 iu
1315 258 1430 285 medium
1448 257 1580 290 proferre,
1595 257 1662 285 nihil
1682 264 1741 284 mo.

949 306 1042 332 rabor.
1070 304 1097 331 In
1113 303 1226 339 epistola
1244 304 1277 331 ad
1291 303 1418 330 Acacium
1432 303 1627 330 Meiitinensetn
1644 302 1740 330 beatus

949 351 1065 387 Cyrillus
1090 349 1231 384 perspicue
1248 357 1304 376 rem
1322 348 1403 376 tradit
1423 349 1466 376 his
1487 349 1593 376 verbis:
1610 358 1619 374 ι
1641 347 1688 379 Ea.
1705 355 1739 375 ex

949 398 1049 432 quibus
1073 401 1116 424 est
1139 403 1208 423 unus
1221 400 1247 423 et
1261 394 1336 422 solus
1354 393 1439 422 Filius
1453 402 1485 421 ac
1511 394 1640 422 Dominus
1658 393 1737 421 .lesus

950 443 1089 475 Christus.
1108 448 1234 478 tanquam
1258 442 1421 477 cogitatione
1443 441 1585 476 complexi,
1600 442 1666 468 duas
1677 441 1738 476 qui-

950 490 1010 517 dem
1037 494 1148 517 naturas
1184 489 1324 524 copulatas
1350 495 1411 515 esse
1439 487 1574 515 dicimus:
1604 487 1651 514 sed
1676 491 1739 521 post

950 537 1086 568 unionem,
1099 536 1178 564 veluti
1191 535 1247 570 jam
1260 535 1368 562 sublata
1384 534 1517 561 divisione
1530 534 1558 560 in
1574 533 1637 565 duo,
1653 541 1735 560 unam

950 590 1009 610 esse
1022 582 1156 609 credimus
1171 581 1230 609 Filii
1246 586 1369 609 naturam
1383 585 1474 614 utpote
1485 580 1574 613 ttnius,
1588 586 1681 606 verum
1697 583 1737 606 ta-

950 635 1011 655 men
1033 627 1173 654 humnnati
1189 632 1269 662 atque
1285 626 1429 654 incarnali.
1441 634 1451 651 ι

986 671 1114 699 THEOR.
1131 671 1231 704 Miror,
1261 671 1379 702 domine,
1401 670 1534 705 quomodo
1548 668 1620 696 aliud
1637 667 1740 704 promi-

951 718 1030 750 seris,
1060 717 1133 744 aliud
1149 717 1266 745 dederis.
1283 717 1451 744 Promiseras
1478 716 1550 743 eniut
1571 720 1597 742 te
1611 718 1738 742 ostensu-

952 772 1024 795 rum,
1051 771 1064 790 a
1082 764 1161 790 beato
1184 763 1285 798 Cyriilo
1302 762 1404 790 Christi
1418 762 1470 789 dici
1487 769 1566 788 uuam
1590 767 1737 788 naturam:

951 809 974 836 is
991 817 1054 836 vero
1074 809 1183 836 minime
1211 808 1236 835 id
1262 808 1309 835 ait.
1341 807 1412 841 Quid
1428 807 1515 841 ergo?
1531 806 1641 835 Scilicet
1657 812 1738 833 unam

951 863 1013 882 esse
1037 855 1174 882 credimus
1194 853 1254 881 Filii
1272 858 1408 887 naturam,
1438 857 1531 887 utpote
1553 853 1654 885 unius;
1682 856 1738 878 sta-

954 901 1053 934 timque
1065 901 1181 928 addidit:
1196 899 1385 927 Verumtamen
1401 899 1540 926 humanati
1551 905 1633 933 atque
1648 897 1739 925 incar-

952 946 1017 972 nati.
1041 945 1142 973 Omitte
1162 945 1253 980 igitur,
1275 945 1297 972 si
1320 946 1418 979 placet,
1435 945 1584 972 locutiones
1601 944 1660 971 illas
1676 951 1739 978 qua:

952 1000 1032 1018 unum
1049 992 1140 1019 dicunt
1164 991 1225 1018 Filii
1241 996 1365 1018 naturam
1380 1000 1387 1018 :
1404 998 1492 1025 neque
1508 990 1579 1017 enim
1590 990 1641 1017 hac
1656 996 1739 1023 super

952 1045 980 1064 re
996 1037 1142 1070 dubitatur,
1155 1044 1215 1071 quas
1229 1037 1255 1063 in
1277 1037 1415 1071 superiore
1436 1035 1570 1070 colloquio
1578 1041 1672 1063 nostro
1681 1033 1737 1069 jam

952 1084 1061 1111 deﬁnita
1092 1089 1142 1115 est.
1169 1084 1214 1111 ubi
1244 1091 1371 1118 maguum
1405 1083 1584 1110 Athanasium
1607 1082 1739 1109 adversus

952 1130 1047 1157 Arium
1065 1130 1196 1157 dicentem
1212 1129 1394 1160 exhibuimus,
1411 1135 1528 1162 quanam
1553 1127 1654 1155 mentis
1680 1134 1738 1154 suae

953 1175 1060 1202 notione
1072 1176 1138 1202 duas
1157 1174 1239 1202 Verbi
1256 1179 1366 1202 naturas
1394 1173 1568 1208 intelligeret.
1601 1173 1653 1200 Sed
1670 1172 1736 1200 illud

952 1222 1041 1256 potius
1063 1222 1228 1254 demonstra,
1241 1221 1350 1248 ubinatn
1366 1220 1496 1255 scriptum
1511 1220 1547 1247 sit
1564 1226 1645 1247 unam
1656 1218 1738 1247 Chri-

952 1269 986 1295 sti
1003 1275 1062 1296 csse
1077 1273 1213 1295 naturam.

987 1313 1066 1340 GEN.
1083 1313 1163 1347 Atqui
1185 1313 1288 1341 dictum
1306 1313 1341 1340 ab
1360 1319 1392 1339 eo
1409 1316 1450 1339 est
1468 1319 1476 1340 :
1495 1321 1505 1338 ι
1526 1310 1591 1338 Post
1607 1310 1735 1338 unionem

952 1365 1040 1387 autem
1059 1359 1140 1387 veluti
1159 1359 1214 1394 jam
1232 1359 1337 1386 sublata
1355 1361 1382 1386 in
1401 1359 1454 1386 duo
1472 1358 1617 1386 divisione.
1636 1366 1647 1384 θ
1669 1357 1746 1391 Quill

954 1407 1004 1434 ltoc
1021 1407 1062 1434 t-la
1069 1417 1072 1430 ι
1080 1406 1121 1433 ius
1139 1405 1278 1440 postulas?

988 1452 1114 1480 TllEOR.
1130 1451 1215 1479 Verba
1226 1460 1233 1479 :
1245 1461 1253 1477 ι
1268 1451 1437 1486 Sublatajztm
1454 1450 1479 1478 in
1495 1450 1548 1477 duo
1563 1449 1696 1477 divisione
1707 1458 1716 1474 ι
1731 1467 1740 1483 ,

110 1495 164 1530 μῆς
177 1505 186 1521 ι
200 1517 207 1527 ,
227 1496 306 1522 τοῦτο
316 1497 400 1530 λέγει,
415 1497 444 1525 τδ
460 1498 487 1524 δὲ
518 1499 557 1529 είς
581 1499 627 1525 δύο
647 1499 792 1534 Χριστοὺς,
820 1499 838 1534 ἢ
859 1499 900 1526 δύο

957 1498 1111 1535 signiﬁcant
1129 1499 1168 1526 vel
1185 1499 1213 1525 in
1231 1498 1298 1525 duos
1315 1497 1450 1530 Cltristos,
1465 1497 1506 1525 vel
1523 1498 1550 1525 in
1567 1498 1633 1524 duas
1649 1504 1742 1532 ρει-εον

109 1541 294 1577 πρόσωπα,ῆ
324 1542 371 1569 δύο
398 1543 570 1576 ὑποστάσεις.
603 1545 635 1571 El
657 1545 685 1571 δὲ
710 1546 749 1577 είς
777 1545 823 1572 δύο
856 1546 906 1579 φύ-

111 1594 167 1616 σεις
181 1587 251 1612 νοεῖν
280 1586 392 1620 ἐθέλεις,
410 1588 481 1614 οὕτω
500 1589 606 1623 νοήσεις
620 1590 650 1616 τὸ
670 1590 753 1625 ῥητὸν
773 1590 904 1622 εὐσεϐῶς,

115 1640 125 1656 ί
149 1631 340 1667 Ἀνῃρημένης
365 1632 416 1667 ἥδη
446 1633 496 1667 τῆς
517 1634 557 1666 είς
579 1633 625 1660 δύο
654 1634 750 1668 φύσεις
779 1635 832 1670 ίδίᾳ
861 1635 907 1661 καὶ

111 1677 165 1703 ἁνὰ
179 1678 262 1713 μέρος
276 1678 419 1714 διατομῆς,
435 1680 576 1706 τουτέστιν
590 1681 629 1711 είς
655 1679 729 1706 θείαν
742 1680 822 1715 φύσιν
841 1681 905 1716 ἰδίᾳ,

111 1724 209 1756 καὶ-εἰς
223 1724 402 1761 ἀνθρωπίνην
418 1726 499 1760 φύσιν
518 1727 581 1762 ἰδίᾳ·
601 1736 610 1752 ι
627 1728 672 1762 ἀφ’
686 1723 716 1754 οὗ
735 1727 788 1762 γὰρ
800 1727 907 1764 ἡνώθη-

112 1779 161 1797 σαν
180 1772 209 1797 αἱ
225 1771 272 1798 δύο
295 1771 404 1806 φύσεις,
425 1772 572 1808 ἀχώριστοι
592 1774 764 1809 μεμενήκασι
783 1774 830 1800 καὶ
857 1781 905 1807 με-

111 1817 204 1844 νοῦσιν
216 1818 260 1844 ἀεί
274 1827 279 1832 ·
297 1818 376 1845 τοῦτο
390 1819 444 1854 γάρ
467 1820 525 1845 ἐστι
539 1819 569 1845 τὸ
583 1819 658 1854 παρὰ
673 1819 726 1846 τῶν
740 1819 826 1854 ἁγίων
848 1819 905 1846 Πα-

111 1864 199 1898 τέρων
227 1864 387 1899 λεγόμενον,
417 1874 426 1891 ι
448 1865 622 1900 ἁδιαιρέτως,
663 1866 835 1901 ἀχωρίστως,
866 1867 905 1899 εἰς

113 1911 177 1945 μέαν
192 1910 341 1937 ὑπόστασιν
352 1911 478 1946 γενέσθαι
493 1912 541 1947 τὴν
557 1912 661 1939 ἕνωσιν.
671 1921 680 1938 ι
693 1913 753 1939 ’Ὁτι
765 1913 793 1939 δὲ
805 1914 819 1939 ὁ
828 1913 904 1947 ἅγιος

114 1957 250 1993 Κύριλλος
267 1958 318 1984 οὐκ
327 1958 490 1992 ἑδογμάτιζε
502 1957 592 1994 [μίαν]
608 1959 689 1993 φύσιν
715 1959 760 1985 τὸν
777 1959 903 1994 Χριστὸν,

116 2002 204 2029 ἔνεστι
231 2002 402 2036 καταμαθεῖν
432 2003 486 2029 ἀπὸ
515 2003 623 2029 πολλῶν
651 2003 733 2030 αὐτοῦ
758 2011 903 2039 συγγραμ-

116 2048 226 2082 μάτων·
254 2047 388 2082 πολλαχοῦ
419 2048 473 2083 γὰρ
499 2048 545 2075 δύο
575 2048 671 2083 φύσεις
700 2049 828 2083 ὁμολογεῖ
858 2049 904 2076 τὸν

113 2093 240 2128 Χριστὺν,
268 2093 306 2124 ὡς
318 2093 451 2120 δέδεικται
472 2094 547 2129 ὲν,τῇ
577 2093 701 2129 προτέρᾳ
722 2093 851 2127 διαλέξει.
872 2094 903 2120 Εἰ

113 2139 166 2174 γὰρ
178 2139 244 2173 μίαν
261 2139 344 2173 φύσιν
360 2139 524 2174 ὲδογμάτιζε
540 2140 585 2166 τὶν
600 2140 729 2175 Χριστὸν,
745 2140 903 2181 εὑρίσκεται

955 1554 1003 1573 uas
1020 1550 1065 1573 aut
1081 1546 1246 1580 hypostases.
1262 1544 1337 1578 Quod
1353 1545 1375 1572 si
1391 1545 1417 1572 in
1432 1545 1499 1573 duas
1514 1549 1625 1571 naturas
1639 1544 1740 1571 intelti-

951 1599 1013 1626 gere
1029 1591 1107 1623 velis,
1124 1597 1180 1619 tum
1199 1591 1288 1618 adhuc
1304 1591 1455 1618 orthodoxe
1468 1590 1511 1626 ,εἰς
1530 1590 1675 1617 dictionem
1694 1589 1740 1617 in.-

951 1637 1064 1672 telliges,
1084 1644 1180 1671 nempe
1201 1646 1207 1664 :
1229 1645 1238 1662 ι
1257 1636 1436 1671 Sublatajam
1460 1636 1486 1663 iu
1508 1636 1576 1663 duas
1593 1636 1740 1669 separatim

952 1683 1159 1718 partialiterque
1178 1687 1289 1710 naturas
1305 1683 1454 1715 divisione;
1473 1682 1499 1709 id
1518 1687 1559 1710 est
1576 1682 1604 1709 in
1619 1682 1738 1709 divinam

951 1733 1075 1755 naturam
1090 1736 1222 1761 seorsum,
1236 1728 1356 1764 itemque
1371 1736 1495 1756 seorsum
1510 1729 1536 1756 in
1550 1728 1708 1756 humanam.
1725 1737 1737 1754 ι

950 1773 991 1802 Ex
1006 1782 1059 1809 quo
1075 1775 1146 1802 enim
1162 1775 1242 1801 linive
1254 1774 1365 1802 fuerunt
1377 1775 1436 1802 dua:
1451 1779 1565 1803 natura}.
1579 1774 1740 1809 eae-insepa-

952 1820 1049 1848 rabiles
1072 1825 1241 1853 manserunt,
1270 1827 1430 1855 semperque
1451 1825 1569 1847 manent.
1587 1819 1643 1847 lloc
1665 1819 1738 1847 enim

950 1867 1021 1902 apud
1039 1867 1134 1894 Patres
1150 1867 1284 1901 signiﬁcat
1306 1867 1351 1894 illa
1372 1867 1492 1894 locutio:
1508 1876 1517 1893 ‹
1533 1866 1739 1894 lndivisibiiiter

950 1917 978 1939 et
1001 1912 1216 1947 inseparabiliter
1247 1910 1298 1939 sub
1328 1919 1379 1938 una
1409 1919 1524 1946 persona
1550 1911 1648 1938 factam
1676 1918 1739 1938 esse

951 1958 1091 1986 unionem.
1121 1967 1129 1983 ι
1160 1957 1237 1990 Quod
1263 1964 1353 1985 autem
1380 1961 1491 1985 sanctus
1516 1957 1632 1993 Cyrillus
1657 1964 1737 1984 unam

950 2004 1050 2031 Christi
1077 2009 1202 2031 naturam
1231 2011 1290 2032 esse
1321 2011 1374 2031 non
1402 2004 1560 2037 censuerit,
1584 2011 1617 2031 ex
1646 2003 1741 2031 multis

950 2050 1073 2085 ejusdem
1089 2048 1198 2084 scriptis
1213 2057 1378 2084 cognoscere
1392 2049 1455 2077 licet
1473 2058 1480 2077 :
1497 2057 1568 2084 stt-pe
1582 2049 1653 2077 enim
1670 2049 1739 2076 duas

950 2096 1052 2123 Christi
1068 2095 1215 2123 conﬁtetur
1227 2099 1351 2128 naturas,
1363 2095 1443 2123 sicuti
1456 2095 1483 2122 in
1497 2095 1588 2130 priore
1604 2095 1740 2130 colloquio

950 2142 1163 2168 demonstratum
1188 2140 1251 2168 fuit.
1275 2140 1341 2168 Nam
1370 2141 1392 2168 si
1418 2140 1488 2168 forte
1512 2141 1631 2176 Cyrillus
1658 2149 1739 2169 unum

113 2185 143 2210 οὗ
166 2184 246 2218 μόνον
264 2185 333 2211 πᾶσι
353 2186 408 2216 τοῖς
429 2184 517 2219 ἁγίοις
534 2185 684 2221 Πατρὰσιν,
708 2184 776 2211 ἀλλὰ
790 2185 838 2211 καὶ
852 2185 900 2211 αὺ-

954 2186 1055 2214 Christi
1074 2191 1200 2215 naturam
1222 2193 1282 2214 esse
1299 2187 1445 2218 docuisset,
1462 2194 1515 2214 non
1532 2186 1619 2214 Solum
1637 2187 1739 2215 sanctis

113 2228 156 2258 τὸς
177 2228 275 2254 ἑαυτοῦ
291 2228 505 2264 διαμαχόμενος.
537 2230 581 2256 Ἔν
597 2228 661 2263 γοῦν
682 2230 750 2266 πρὶς
773 2229 899 2265 Ἰωάννην

114 2274 265 2300 ἐπίσκοπον
295 2274 462 2309 Ἀντιοχείας
483 2275 548 2310 περὶ
568 2275 617 2310 τῆς
632 2275 744 2311 εἰρήνης
758 2275 898 2311 ἐπιστολῇ,

115 2321 157 2348 ἵνα
171 2321 219 2352 τὰς
244 2321 434 2356 παραχθείσας
460 2322 521 2348 τότε
547 2322 661 2357 χρήσεις
676 2323 705 2349 ὲν
720 2323 753 2358 τῇ
772 2323 900 2359 φθασάσῃ

114 2367 240 2401 γενέσθαι
263 2367 381 2400 διαλέξει
412 2367 585 2403 παραλείψω,
602 2367 673 2395 οὕτω
697 2368 790 2403 σαφῶς
813 2376 899 2403 canat-

117 2423 127 2441 ι
141 2414 197 2445 Τὰς
211 2413 240 2439 δὲ
254 2413 435 2448 εὑαγτελικὰς
450 2412 569 2448 περὶτοῦ
581 2413 682 2448 Κυρίου
700 2413 803 2448 φωνὰς,
821 2413 900 2447 ἴσμεν

114 2462 174 2492 τοὺς
193 2460 336 2494 Θεολόγους
363 2460 462 2496 ἄνδρας
489 2460 538 2491 τὰς
556 2460 606 2495 μὲν
618 2459 836 2492 κοινοποιοῦντας
862 2460 899 2491 ὡς

115 2507 155 2541 ἐφ’
166 2506 225 2538 sub;
243 2507 402 2542 προσώπου,
417 2507 468 2538 τὰς
489 2506 518 2532 δὲ
542 2505 712 2541 διαιροῦντας
740 2505 778 2537 ὡς
794 2505 840 2532 ἐπὶ
854 2505 900 2537 δύο

116 2556 224 2590 φύσεις·
239 2555 286 2582 καὶ
299 2555 349 2586 τὰς
379 2555 428 2591 μὲν
444 2555 607 2590 θεοπρεπεῖς
636 2553 707 2581 κατὰ
721 2553 769 2587 τὴν
785 2553 900 2587 θεότητα

114 2603 159 2630 τοῦ
175 2602 308 2638 Χριστοῦ,
331 2601 380 2633 τὰς
399 2601 428 2629 δὲ
443 2601 584 2633 ταπεινὰς,
598 2602 669 2628 κατὰ
685 2601 734 2636 τὴν
759 2599 901 2635 ἀνθρωπό-

115 2658 180 2684 τητα
193 2648 278 2675 αὐτοῦ
291 2648 498 2683 παραδιδόντας.
515 2657 524 2674 r
546 2648 576 2674 Ὀ
587 2645 633 2674 οὖν
642 2647 713 2674 οὕτω
730 2647 776 2673 καὶ
792 2646 900 2682 φρονῶν

117 2696 162 2722 καὶ
171 2695 298 2729 γράφων,
306 2694 365 2725 πῶς
375 2694 486 2729 ἔμελλεν
497 2694 617 2721 ἐναντίον
625 2693 705 2721 αὐτοῦ
714 2693 900 2728 δογματίζεινς

115 2740 180 2774 Φησὶ
193 2740 247 2775 γὰρ
260 2740 310 2771 τὰς
326 2740 375 2774 μὲν
391 2739 611 2772 κοινοποιοῦντας
628 2739 665 2771 ὡς
681 2739 724 2773 ἐφ’
742 2739 800 2770 ἐνὸς
815 2748 900 2774 προσ-

117 2785 199 2817 ώπου,
227 2786 277 2817 τὰς
288 2785 316 2812 δὲ
334 2785 506 2820 διαιροῦντας
517 2785 553 2816 ὡς
567 2786 614 2812 ἐπὶ
627 2784 674 2812 δύο
687 2785 793 2820 φύσεις.
819 2785 901 2813 Ἀλλὰ

118 2833 160 2860 καὶ
171 2831 352 2865 παρακατιὼν
358 2839 439 2867 φησι·
452 2841 460 2858 ι
471 2831 565 2868 Ταύτῃ
574 2841 614 2859 τοι
623 2832 668 2860 καὶ
677 2832 691 2859 Ι)
701 2831 838 2866 ﬁdi/coquo;
846 2831 898 2859 Πέ-

951 2232 1092 2264 Patribus,
1120 2239 1213 2260 verum
1243 2232 1301 2267 ipse
1328 2232 1380 2260 sibi
1410 2240 1562 2268 repugnare
1590 2233 1737 2260 videretur.

951 2277 1057 2306 Etenim
1077 2277 1105 2305 in
1125 2278 1240 2312 epistola
1255 2278 1289 2305 de
1307 2286 1372 2313 pave
1389 2278 1421 2305 ad
1440 2277 1570 2306 Joannem
1588 2278 1738 2306 Antiochiae

951 2324 1106 2358 episcopum
1133 2324 1223 2358 (mitto
1245 2324 1316 2351 enim
1340 2324 1515 2352 auct0ritates
1537 2332 1606 2359 quas
1628 2324 1685 2358 jutlt
1710 2324 1738 2352 in

950 2369 1091 2404 superiore
1111 2369 1297 2404 disputatione
1319 2370 1503 2405 laudavimus)
1525 2370 1567 2397 sic
1586 2375 1678 2405 aperte
1697 2371 1738 2398 di-

950 2415 987 2442 cit
1006 2422 1013 2441 :
1035 2423 1044 2440 ι
1064 2415 1240 2450 Evangelicas
1255 2415 1289 2443 dc
1305 2415 1414 2444 Christo
1431 2416 1584 2444 locutiones
1601 2416 1704 2444 scimus
1721 2424 1738 2445 a

953 2461 1083 2496 theologis
1097 2461 1195 2496 partim
1211 2461 1257 2489 uni
1276 2468 1397 2496 personal.
1411 2469 1574 2490 communes
1589 2462 1659 2494 ﬁeri,
1672 2470 1737 2497 par-

952 2506 1000 2533 tim
1023 2507 1104 2535 dividi
1130 2515 1162 2535 ac
1185 2507 1291 2535 duabus
1317 2509 1422 2536 naturis
1445 2508 1566 2536 attribui.
1591 2507 1623 2535 Et
1646 2509 1736 2536 Subli-

953 2555 1052 2582 rniores
1068 2554 1176 2589 quidem
1193 2554 1227 2582 ad
1244 2554 1345 2582 Christi
1361 2554 1547 2584 divinitatem.
1565 2555 1680 2582 humiles
1700 2555 1734 2582 ad

952 2600 1069 2635 ejusdem
1088 2600 1280 2628 humanitatem
1298 2600 1435 2635 pertinere
1451 2606 1554 2635 putant.
1569 2609 1579 2627 ι
1599 2600 1650 2634 Qui
1667 2608 1735 2635 ergo

951 2648 990 2674 sic
1013 2647 1051 2673 ait
1075 2651 1102 2674 «ι
1123 2646 1229 2678 scribit,
1247 2653 1360 2673 curnam
1383 2646 1520 2673 contraria
1541 2646 1659 2681 dogmati
1682 2653 1734 2673 suo

952 2692 1122 2720 censuisset?
1136 2692 1207 2720 Dicit
1223 2691 1305 2723 enim,
1321 2691 1388 2719 alias
1405 2692 1556 2719 locutiones
1573 2699 1738 2720 communes

953 2738 1008 2765 ﬁeri
1036 2737 1080 2765 uni
1110 2744 1246 2771 personas,
1270 2737 1338 2764 alias
1362 2736 1470 2765 divisitn
1496 2737 1603 2765 duabus
1628 2737 1736 2765 naturis

953 2785 1070 2812 attribui.
1090 2783 1157 2810 Tum
1183 2784 1209 2811 in
1236 2783 1462 2819 subsequentibus
1485 2783 1551 2812 dicit
1575 2793 1582 2812 :
1608 2793 1618 2810 ι
1646 2784 1682 2811 Ita
1708 2788 1736 2812 et

952 2831 1168 2866 sapientissimus
1184 2829 1279 2858 Petrus
1292 2837 1300 2858 :
1313 2829 1428 2865 Cliriuo,
1445 2830 1600 2866 inquit,pro
1616 2830 1692 2861 nobis
1707 2830 1736 2858 in
