1942 3081
180 125 232 156 247

897 129 947 158 ΤΗ
951 128 1096 158 EORIAN
1102 129 1113 158 I

1750 126 1805 156 2l8

216 181 345 210 THEOR.
364 182 393 210 Si
414 183 575 211 traditiones
589 184 658 219 ejus,
673 189 702 212 ut
719 185 797 218 dicis,
814 185 964 212 custodire-

1050 184 1150 211 ΘΕΩΡ.
1177 185 1208 210 El
1223 185 1271 216 τὰς
1292 185 1399 212 ἐκείνου
1415 185 1590 220 παραδόσεις,
1607 184 1644 214 ὠς
1660 182 1723 219 eiii,
1740 183 1806 217 ἐφυ-

181 227 232 258 tis,
255 234 424 263 nequaquam
447 228 573 256 Patribus
599 229 827 257 adversarcmini.
848 230 965 258 Prorsus

179 272 252 299 enim
287 280 374 308 nuper
406 274 505 301 audisti
540 275 676 310 prolatum
709 283 725 303 a
760 276 838 304 nobis
873 276 964 311 magni

180 319 322 346 Athanasii
340 320 538 354 testimonium,
552 321 653 349 inferos
669 329 716 350 eos
733 322 902 357 appellanlis,
918 322 964 357 qui

179 362 300 390 Verbum
323 367 352 391 et
369 372 478 391 carnem
496 365 589 393 dicunt
609 374 690 394 unam
711 372 835 394 naturam
858 375 865 394 :
887 375 964 394 eum-

179 409 295 443 demque
310 409 418 438 Patrem
437 419 500 439 mox
516 412 660 445 dicentem.
674 413 824 448 quamlibet
838 414 963 441 haeresim

179 454 320 489 impietate
341 463 389 484 vos
414 457 594 492 superavisse.
611 457 704 494 Neque
725 467 790 486 vero
815 464 841 487 te
866 460 965 495 pudeat

178 501 304 529 convinci
321 509 336 528 a
351 502 440 535 nobis,
452 511 567 538 quorum
583 504 717 532 mundana
731 504 838 532 fortuna
854 510 880 531 et
893 505 966 533 litte-

181 551 274 574 ratura
291 548 363 575 nulla
378 553 430 582 est,
444 550 490 577 sed
505 550 578 578 illum
595 551 681 586 cogita
694 555 781 579 ratem
796 551 964 587 Balaamum,

179 595 225 629 qui
239 602 270 622 se
283 595 324 623 vel
338 595 372 623 ab
387 596 462 624 asina
480 597 577 632 corrigi
595 605 692 631 passus
706 603 758 625 est.

215 685 261 713 His
274 685 429 721 disputatis,
443 687 479 714 ait
491 687 616 716 Generali
628 689 763 717 Atmanus
775 698 783 718 :
797 690 853 725 Ego
866 697 964 718 arcana

178 731 227 759 fari
240 732 346 765 nescio;
360 741 443 760 unum
456 733 508 761 hoc
521 734 590 767 scio,
602 739 628 762 te
641 736 796 771 imperatori
808 737 964 772 scripsisse,

178 783 206 805 et
228 779 320 807 verbis
345 780 425 807 etiam
453 780 649 815 signiﬁcavisse
675 790 725 817 per
748 783 819 810 hunc
844 783 965 811 sodalem

180 830 268 850 meum
292 824 484 859 philosophum
508 826 554 861 qui
582 835 689 854 mecum
712 827 798 856 adest.
820 827 964 863 Propterea

177 876 227 896 oeu
244 869 277 896 ad
292 871 444 898 confectum
462 872 598 906 negOIium
614 873 686 906 veni,
704 881 757 901 non
777 874 810 901 ad
827 875 965 909 discepta-

179 915 291 943 tionem.
307 916 383 952 Rogo
399 917 489 953 igitur,
506 926 571 945 num
586 926 616 946 ea
633 927 694 954 quas
709 919 866 954 imperatori
882 921 967 956 signi-

179 961 280 994 ﬁcasti,
296 967 357 989 rata
373 964 493 991 habeas?
509 965 551 991 sin
569 965 668 997 minus,
683 970 777 1001 aperte
793 966 819 994 id
836 967 921 1000 dicas,
938 972 966 995 ut

179 1013 362 1039 revertamur.
380 1011 443 1039 ﬂare
459 1012 601 1041 audientes
617 1015 701 1041 verba
719 1014 756 1041 illi
774 1015 905 1050 episcopi,
920 1016 966 1051 qui

176 1055 232 1089 jam
249 1061 328 1084 antea
344 1057 439 1086 oﬂ‘ensi
457 1063 536 1086 erant
548 1059 687 1093 Generali,
703 1061 860 1089 tumultuari
877 1069 967 1098 ecepe—

177 1106 251 1135 runt,
270 1103 452 1139 invicemque,
470 1110 499 1131 ut
522 1106 639 1140 proximi
664 1112 758 1141 erant,
775 1108 867 1136 dicere
893 1119 900 1136 :
926 1109 966 1137 En

177 1155 241 1174 vera
256 1156 353 1184 reapse
367 1154 431 1177 sunt
444 1158 503 1184 quae
519 1156 598 1179 antea
612 1152 778 1182 audivimus.
789 1153 867 1182 Brevi
885 1155 966 1189 igitur

177 1194 255 1229 lapso
269 1198 402 1230 tempere,
416 1200 442 1222 et
455 1196 510 1230 jam
525 1198 700 1226 decrescente
714 1199 841 1232 tumultu,
856 1209 965 1229 manum

179 1240 323 1269 intendens
341 1242 534 1279 silentiumque
550 1244 673 1274 indicens
691 1246 846 1279 Generalis,
863 1248 900 1276 ait
915 1256 964 1276 no-

178 1287 221 1315 bis
242 1296 249 1315 :
275 1287 360 1316 llodie
380 1289 490 1324 quidem
509 1291 577 1319 satis
594 1292 738 1320 verborum
755 1293 873 1328 eﬁluxit;
891 1302 966 1323 rece-

128 1348 132 1356 ι
180 1334 235 1362 dite
250 1334 306 1370 jam
323 1337 356 1363 ad
374 1337 494 1371 requiem
513 1346 521 1366 :
544 1346 639 1367 rursus
656 1339 730 1367 enim
747 1347 795 1368 vos
811 1341 965 1370 audiemus.

136 1392 140 1396 -
178 1379 232 1408 Nos
250 1389 315 1417 ergo
331 1383 507 1412 recessimus.

214 1473 282 1501 Exin
311 1481 407 1502 novem
426 1475 484 1502 dies
501 1475 693 1509 decurrerunt,
709 1476 774 1512 quin
795 1477 896 1512 aliquid
918 1485 967 1505 no-

1016 231 1138 265 λάττετε,
1153 231 1269 257 ἐναντίοι
1290 232 1346 262 τοῖς
1366 231 1506 266 Πατράσιν
1521 230 1570 256 οὐκ
1586 229 1618 256 ἂν
1644 226 1703 261 ἦτε.
1723 227 1806 262 Ἀκή-

1017 286 1082 309 χόας
1092 277 1202 309 πάντως
1216 277 1267 313 τὴν
1281 277 1396 313 ἔναγχος
1409 276 1560 313 παρ’ὴμῶν
1574 275 1806 310 παραδειχθεῖσαν

1016 324 1115 359 χρῆσιν
1135 324 1181 351 τοῦ
1196 323 1315 359 μεγάλου
1326 323 1501 356 Ἀθαναοίου,
1518 323 1578 353 πῶς
1594 322 1662 358 ᾅδην
1677 321 1804 354 ὠνόμασε

1015 371 1078 402 τοὺς
1095 370 1223 404 λέγοντας
1238 371 1283 397 τὸν
1295 371 1381 404 Λόγον
1393 371 1441 397 καὶ
1452 370 1501 404 τὴν
1519 369 1610 404 σάρκα
1623 368 1690 400 μίαν
1708 367 1806 402 φύσινο

1017 416 1136 448 καὶπῶς
1153 426 1218 452 φησι
1237 416 1437 454 παρακατιὼν·
1456 425 1464 441 t
1481 416 1575 450 Πάσης
1594 415 1649 450 γὰρ
1671 413 1808 448 αἱρέσεως

1017 462 1098 489 πλέον
1113 462 1153 493 sl;
1169 462 1298 488 ἀσέϐειαν
1310 461 1492 495 ἐξικλίνατε.»
1509 461 1565 487 Καὶ
1594 459 1631 495 μὴ
1659 457 1809 492 αἰσχυνθῇς

1017 508 1064 542 ὑφ’
1092 507 1186 543 ὴμῶνῖξ
1197 508 1388 543 ἐλεγχόμενος⁷
1422 508 1477 534 τῶν
1488 506 1560 533 κατὰ
1608 506 1654 532 τὸν
1688 505 1744 540 βίον
1761 505 1809 531 καὶ

1015 554 1061 580 τὸν
1078 553 1157 588 λόγον
1171 553 1248 580 οὐδὲν
1264 554 1360 586 όντων,
1374 553 1434 580 ἀλλ’
1448 552 1620 588 ἐνθυμήθητι
1634 551 1681 578 τὸν
1708 550 1808 586 μάντιν

1016 601 1121 628 ἐκεῖνον
1140 600 1188 626 τὸν
1207 600 1323 641 παλαιὸν
1339 599 1466 634 Βαλαὰμ,
1487 599 1517 631 ὃς
1533 598 1647 633 καὶτῆς
1672 597 1734 624 όνου
1761 597 1809 623 τόν

1016 647 1127 682 ἔλεγχον
1138 646 1279 678 ἀσπασίως
1296 646 1417 679 ἐδέξατο.

1052 692 1161 719 Τούτων
1178 692 1250 719 οὕτω
1261 692 1410 727 ῥηθέντων,
1427 692 1441 718 ό
1452 691 1586 726 Ἀτμάνος
1606 698 1668 717 ειπε
1683 689 1751 724 πρὸς
1762 689 1809 714 τὸν

1015 736 1257 771 Καθολικόν.Ἐγὼ
1265 737 1444 772 κεκρυμμένα
1457 737 1547 771 λέγειν
1557 737 1607 763 οὐκ
1617 733 1687 762 οἴδω
1696 734 1725 761 ἒν
1735 732 1809 767 οἶδα,

1015 785 1057 811 ὅτι
1068 784 1191 820 ἔγραψας
1201 785 1269 819 πρός
1277 784 1323 811 τὸν
1337 783 1460 819 βασιλέα,
1471 784 1518 810 καὶ
1526 783 1658 818 ἀγράφως
1666 781 1808 817 ὲμήνυσας

1017 831 1085 867 πρὸς
1099 832 1180 858 αὑτὸν
1198 831 1241 858 διὰ
1257 831 1304 858 τοῦ
1335 831 1486 866 συντρόφου
1515 839 1566 865 μου
1587 830 1633 856 τοῦ
1660 828 1809 863 φιλοσόφου

1017 878 1047 905 ὃν
1061 875 1146 909 οἶδας.
1161 877 1215 904 Καὶ
1231 877 1275 904 διὰ
1290 877 1374 904 τοῦτο
1384 875 1467 912 ἦλθον
1483 876 1530 904 νῦν
1550 877 1590 907 εῑς
1607 876 1723 911 πρᾶγμα
1739 874 1809 901 Etet—

1019 932 1079 957 μον,
1088 924 1138 951 οὐκ
1147 924 1185 954 εἰς
1193 923 1451 959 διαλέξεις.Ἐρωτῶ
1460 921 1507 949 οὖν
1519 932 1548 950 σε
1557 923 1580 949 si
1593 922 1679 954 θέλεις
1692 922 1809 954 ποιῆσαι

1017 969 1035 996 ἃ
1046 969 1185 1003 ὲμήνυσας
1201 966 1240 1002 τῷ
1255 967 1371 1003 βασιλεῖ·
1388 968 1412 994 εἰ
1426 967 1454 993 δὲ
1471 967 1589 1003 μὴ,εἰπὲ
1603 968 1669 1002 ἡμῖν
1681 965 1809 1001 φανερῶς

1019 1014 1062 1040 ἴνα
1076 1012 1302 1048 ὑποστρέψωμεν.
1318 1012 1429 1039 Τούτων
1449 1013 1579 1047 κατήκοοι
1602 1012 1655 1038 τῶν
1671 1011 1808 1047 ῥημάτων

1018 1057 1162 1092 γεγονότες
1185 1058 1209 1083 οἱ
1238 1057 1541 1093 προσκανὸαλισοέντες
1571 1058 1714 1092 ἀρχιερεῖς
1734 1056 1810 1082 κατὰ

1017 1104 1063 1131 τοῦ
1085 1103 1252 1137 Καθολικοῦ,
1278 1103 1397 1140 ἤρξαντο
1426 1103 1602 1138 Θορυῦεῖσοαι
1631 1102 1680 1129 καὶ
1715 1101 1809 1135 λέγειν

1017 1151 1132 1181 ἕκαστος
1147 1150 1216 1185 πρὸς
1242 1149 1288 1176 τὸν
1317 1149 1430 1183 ἔγγιστα
1454 1149 1558 1176 αὐτοῦ·
1586 1149 1690 1180 Ὄντως
1718 1147 1808 1183 ἁληθῆ

1018 1198 1086 1223 εἰσιν
1100 1196 1117 1223 ἃ
1127 1196 1298 1230 ἀκηκόαμεν.
1316 1195 1429 1230 Ὀλιγης
1446 1195 1494 1222 οὖν
1508 1195 1582 1231 ὥρας
1596 1195 1808 1229 διαγενομένης,

1017 1243 1065 1270 καὶ
1081 1242 1198 1278 θορύόου
1206 1241 1305 1276 μικροῦ
1320 1241 1483 1276 γενομένου,
1495 1241 1670 1271 Κατασείσας
1680 1241 1712 1276 τῇ
1721 1241 1808 1277 χειρὶ,

1018 1289 1065 1316 καὶ
1082 1289 1162 1323 σιγᾷν
1174 1288 1454 1324 παρακελευσάμενος
1469 1289 1482 1315 ὁ
1494 1287 1647 1319 Καθολικὸς
1661 1285 1721 1314 εἷπε
1739 1289 1810 1323 πρδς

1018 1335 1107 1371 ἡμᾶς·
1125 1335 1250 1370 Σήμερον
1266 1333 1351 1360 πολλὰ
1367 1333 1546 1369 διελέχθημεν
1558 1342 1564 1349 ·
1581 1333 1700 1367 ὑπάγετε
1713 1332 1809 1360 λοιπὸν

1019 1381 1065 1408 καὶ
1091 1379 1282 1416 ἀναπαύθητε,
1312 1379 1360 1406 καὶ
1388 1379 1483 1407 ἄλλοτε
1513 1379 1593 1406 πάλιν
1632 1379 1809 1414 ἀκουσόμεθα

1018 1427 1109 1463 ὑμῶν.
1125 1426 1299 1461 Ἀπήλοομεν
1316 1425 1471 1461 τοιγαροῦν.

1054 1473 1169 1500 Ἔκτοτε
1188 1472 1216 1498 δὲ
1245 1471 1390 1507 παρῆλθον
1417 1472 1521 1507 ἡμέραι
1543 1471 1621 1498 ἐννέα
1656 1470 1809 1498 καὶ-οῦδὲν

179 1520 221 1548 bis
235 1520 376 1548 Generalis
388 1521 567 1556 signiﬁcaret,
576 1522 619 1557 qui
633 1523 668 1550 ob
681 1523 870 1558 aegritudinem
883 1524 964 1550 animi

1020 1519 1154 1554 ἐμήνυσεν
1167 1519 1256 1553 ἡμίνὸ
1269 1517 1431 1549 Καθολικὸς,
1447 1517 1619 1551 λυπούμενος
1629 1516 1656 1544 δὲ
1672 1517 1727 1543 οὐδ’
1739 1516 1810 1548 ὅλως

179 1574 292 1601 prorsus
317 1567 425 1601 publico
450 1567 612 1595 abstinebat.
631 1568 727 1596 Sciens
749 1577 813 1597 vero
837 1571 967 1597 Atmanns

179 1613 252 1648 quod
269 1613 304 1640 ob
321 1613 457 1648 proditum
474 1618 610 1641 secretum
629 1614 674 1641 ille
693 1619 836 1648 tntereret,
849 1620 876 1643 et
896 1615 968 1650 quod

181 1659 284 1686 homini
305 1659 432 1692 maxime,
449 1659 495 1694 qui
513 1659 538 1686 id
557 1660 732 1694 patefecerat,
745 1660 865 1689 oﬂ'cnsus
885 1666 966 1694 esset,

179 1711 317 1733 convento
333 1706 461 1733 Generali
474 1706 512 1733 ait
525 1715 532 1734 :
545 1705 614 1734 Puto
627 1708 798 1734 sanctitatem
813 1713 886 1735 tttam
901 1709 966 1735 mihi

179 1752 272 1784 irasci,
285 1752 332 1779 sed
349 1752 486 1779 immerito
501 1761 507 1779 :
520 1752 591 1787 quod
609 1753 680 1780 enim
695 1758 722 1780 tu
739 1753 878 1781 arbitraris
893 1762 969 1781 arca-

179 1807 257 1832 num,
272 1799 298 1826 id
315 1807 364 1834 per
377 1799 535 1826 universam
552 1799 713 1827 Romaniam
730 1800 792 1827 trita
810 1800 899 1827 fabula
915 1805 966 1828 est.

179 1846 296 1881 Scripsit
308 1846 379 1873 enim
394 1845 444 1874 hoc
457 1846 558 1874 sodalis
571 1853 648 1874 meus
663 1846 690 1873 in
703 1846 897 1882 diSpntatione,
908 1855 968 1882 quae

179 1892 248 1919 tecta
268 1892 317 1919 fuit
334 1899 426 1919 coram
446 1892 551 1927 synodo
574 1895 655 1926 atque
675 1891 703 1919 in
722 1892 838 1927 palatio,
853 1892 968 1928 ejusque

181 1938 347 1973 exemplaria
364 1938 424 1973 plus
440 1943 549 1965 centum
567 1944 632 1965 sunt
647 1939 792 1973 descripta,
807 1939 843 1966 ita
861 1943 890 1966 ut
906 1940 967 1967 uni-

182 1993 259 2012 vrrsa
284 1984 416 2012 Bouiania
441 1992 485 2011 res
511 1984 670 2011 innotuerit.
692 1984 757 2011 Sine
781 1992 859 2020 causa
885 1985 968 2021 igitur

182 2031 248 2057 mihi
263 2030 405 2064 irasceris,
421 2038 482 2059 eum
500 2031 564 2058 mihi
583 2032 673 2066 potius
686 2032 862 2066 expostulare
878 2038 965 2060 tecum

178 2077 261 2104 liceat
273 2097 280 2109 ,
296 2077 366 2111 quod
387 2085 430 2105 me
445 2077 572 2112 gentilem
593 2081 670 2105 tuutn
687 2083 715 2106 et
730 2078 756 2106 in
777 2078 828 2106 ﬁde
845 2079 966 2108 sodalem

180 2130 238 2149 rem
262 2123 394 2151 celaveris
414 2130 495 2158 quam
519 2123 665 2158 peregrino
689 2124 791 2151 homini
814 2126 966 2154 revelabas.

181 2169 214 2197 Et
236 2170 343 2204 quidem
367 2170 390 2198 si
414 2170 460 2198 uni
482 2170 548 2198 Inibi
570 2170 688 2198 conﬁsus
708 2170 815 2204 fuisses,
832 2171 967 2200 incolune

180 2223 310 2243 arcanum
332 2221 413 2248 esset,
430 2224 518 2251 neque
538 2220 568 2244 ut
587 2224 661 2244 nuno
678 2217 705 2244 in
726 2217 822 2252 vulgus
842 2217 967 2245 dissemi-

147 2292 149 2296 ν
180 2267 284 2288 uatum.

215 2351 317 2378 Novem
346 2352 427 2387 igitur
452 2351 597 2386 praeteritis
619 2352 731 2386 diebus,
755 2352 831 2381 misit
855 2352 889 2380 ad
917 2359 966 2380 nos

180 2398 320 2426 Generalis
331 2398 486 2433 episcopum
497 2397 658 2432 Gregorium
671 2398 864 2426 consobrinum
876 2406 969 2431 suum,

181 2448 362 2478 cognomento
381 2451 507 2479 parvum,
526 2443 644 2479 itemque
666 2445 823 2478 episcopum
847 2443 968 2471 lsaacum

181 2496 209 2519 et
224 2492 363 2519 doctorem
381 2491 562 2526 Stephanum,
578 2491 623 2525 qui
641 2490 705 2518 mihi
721 2490 897 2526 ('l'heoriano)
914 2491 969 2526 pri-

183 2542 245 2564 vato
270 2537 296 2564 in
320 2537 471 2571 colloqttio,
488 2536 668 2572 praesentibus
691 2537 772 2564 etiam
797 2537 915 2564 Atmano
941 2541 968 2563 et

182 2583 343 2618 presbytero
365 2582 509 2614 Michaele,
527 2581 653 2610 dixerunt
670 2591 677 2609 :
697 2582 838 2618 Signiﬁcat
852 2582 901 2610 tibi
918 2583 967 2610 do-

184 2629 276 2656 minus
293 2633 399 2661 noster,
413 2636 443 2656 se
459 2629 508 2657 tibi
524 2633 554 2656 ut
568 2629 683 2656 bonesm
699 2629 757 2657 viro
773 2634 799 2656 et
818 2629 969 2656 christiano

183 2681 319 2703 secretum
339 2675 542 2703 concredidisse
565 2680 694 2710 tanquam
720 2675 776 2703 Deo
799 2684 805 2702 :
830 2680 856 2702 te
879 2681 968 2702 autem

185 2721 236 2747 sibi
270 2721 430 2756 promisisse
460 2721 562 2747 nemini
597 2726 775 2756 prazlerqnam
811 2720 968 2756 imperatori

184 2767 330 2794 dicturum.
345 2767 421 2795 Nunc
437 2772 462 2795 te
477 2767 554 2795 Iidem
570 2769 664 2795 arcani
679 2767 792 2803 fregisse
809 2768 897 2802 palam
912 2772 968 2800 est;

218 2825 274 2861 (18)
304 2826 464 2853 Armeniam
487 2826 581 2860 (leg/ta.
609 2825 658 2854 Hie
687 2832 775 2855 autent
803 2826 910 2855 Nerseti
939 2827 964 2854 in

183 2862 364 2898 patriarcbatu
378 2862 518 2889 successit.

1018 1564 1127 1600 προῄει.
1149 1564 1230 1596 Γνοὺς
1241 1564 1270 1590 δὲ
1283 1565 1296 1590 ὁ
1305 1564 1439 1599 Ἀτμάνος
1450 1564 1491 1591 ὅτι
1501 1563 1545 1590 διὰ
1557 1563 1587 1589 τὺ
1612 1563 1808 1598 φανερωθῆναι

1017 1611 1048 1638 τὸ
1064 1611 1215 1647 μυστήριον
1230 1610 1370 1643 λυπεῖται,
1391 1610 1438 1636 καὶ
1451 1610 1494 1636 ὃτι
1508 1610 1570 1636 κατ’
1600 1608 1684 1636 αὐτοῦ
1706 1608 1810 1644 μᾶλλον

1019 1658 1148 1684 λυπεῖται
1163 1656 1212 1683 τοῦ
1229 1655 1557 1691 φανερώσαντος,ἀνῆλοε
1574 1655 1642 1690 πρὸς
1656 1655 1703 1681 τὸν
1719 1654 1811 1681 Καθο-

1016 1704 1092 1730 λικὺν
1109 1703 1155 1730 καί
1172 1711 1240 1738 φησι
1250 1701 1318 1735 πρὸς
1329 1701 1411 1728 αὐτόν
1424 1709 1432 1717 ·
1455 1701 1657 1736 ’Υπολαμὸάνω
1673 1702 1714 1727 ὅτι
1747 1701 1811 1728 κατ’

1018 1750 1085 1785 ἐμοῦ
1099 1749 1227 1775 λυπεῖται
1242 1749 1258 1783 ὴ
1273 1747 1416 1782 ἀγιωσύνη
1433 1756 1492 1780 σου,
1524 1747 1582 1773 ἀλλ’
1608 1747 1658 1773 οὐκ
1685 1746 1743 1773 ἔστι
1769 1747 1811 1774 δί-

1018 1805 1096 1823 καιον
1110 1804 1117 1812 ν
1133 1796 1147 1822 ὃ
1164 1795 1218 1830 γὰρ
1236 1795 1278 1834 σὺ¹
1300 1795 1449 1830 μυστήριον
1478 1793 1553 1829 ἔχειν
1592 1793 1810 1828 ὑπολαμϐάνεις,

1017 1843 1122 1878 πᾶσαή
1142 1841 1282 1877 Ῥωμανία
1313 1841 1460 1875 κωμῳδίαν
1486 1841 1554 1876 ἔχει.
1602 1841 1727 1875 Ἔγραφε
1753 1842 1811 1876 γὰρ

1018 1891 1098 1917 τοῦτο
1112 1891 1125 1916 ό
1140 1888 1291 1924 σόντροφός
1311 1896 1361 1923 μου
1373 1888 1402 1914 ἐν
1416 1889 1450 1923 τῇ
1466 1887 1595 1920 διαλέξει,
1608 1887 1670 1923 ἥτις
1685 1887 1811 1922 ἀνεγνώη

1019 1936 1070 1970 σΟη
1086 1935 1134 1961 ἐπὶ
1151 1934 1262 1960 συνόδου
1283 1933 1330 1960 καὶ
1345 1933 1391 1959 ὲπὶ
1408 1932 1554 1963 παλατιου,
1582 1932 1630 1958 καὶ
1646 1932 1810 1967 μετεγράφη

1018 1983 1047 2008 ἐν
1059 1981 1240 2016 ἀντιγράφοις
1255 1980 1386 2007 ἐπέκεινα
1406 1979 1461 2005 τῶν
1476 1978 1584 2011 ἑκατὸν,
1615 1979 1663 2005 καὶ
1685 1979 1811 2013 γνωστὸν

1018 2029 1126 2063 ἐγένετο
1143 2027 1186 2062 ἐφ’
1197 2027 1243 2062 ὅλῃ
1259 2028 1292 2062 τῇ
1311 2026 1461 2062 Ῥωμανῐᾳ.
1479 2027 1535 2052 Οὐκ
1549 2025 1668 2060 εὐλόγως
1680 2025 1727 2053 οὖν
1735 2026 1812 2062 λυπῇ

1018 2074 1080 2101 κατ’
1093 2073 1161 2109 ἐμοῦ
1173 2082 1181 2089 ·
1196 2072 1251 2107 ἐγὼ
1266 2072 1369 2107 μᾶλλον
1398 2071 1500 2106 ὀφείλω
1527 2071 1640 2102 δικαίως
1661 2071 1812 2098 λυπεῖσθαι

1019 2120 1092 2147 κατὰ
1117 2119 1163 2145 σοῦ
1178 2119 1220 2146 ὃτι
1239 2117 1403 2154 ἀπέκρυψας
1418 2117 1498 2144 τοῦτο
1512 2118 1560 2144 ἀπ’
1574 2117 1642 2153 ἐμοῦ
1663 2118 1711 2144 τοῦ
1743 2119 1816 2153 ὁμο-

1022 2167 1105 2201 φύλου
1129 2165 1176 2193 xui.
1200 2165 1350 2200 όμοπῐστου
1377 2173 1435 2197 σου,
1461 2165 1508 2191 καὶ
1538 2164 1719 2199 ἀπεκάλυψας
1740 2165 1812 2192 αὐτὸ

1022 2213 1165 2246 ἀλλογενεῖ
1178 2211 1268 2246 ἀνδρί.
1284 2211 1315 2237 Εἰ
1333 2210 1387 2245 γὰρ
1398 2210 1460 2245 ἐμοὶ
1475 2210 1548 2244 μόνῳ
1579 2211 1747 2247 eadem“;
1773 2208 1811 2246 ἦν

1021 2260 1055 2287 ἂν
1068 2259 1108 2286 ἔτι
1124 2259 1286 2295 μυστήριον,
1301 2258 1348 2285 καὶ
1363 2258 1413 2284 οὐκ
1441 2257 1474 2284 ἂν
1491 2257 1642 2294 διεγνώσθη
1666 2259 1751 2285 πᾶσιν
1771 2258 1812 2291 ὡς

1021 2315 1081 2333 νυν.

1056 2351 1256 2387 Παρελθουσῶν
1271 2350 1318 2378 οὖν
1331 2351 1386 2378 τῶν
1397 2351 1474 2378 ἐννέα
1503 2350 1626 2386 ἡμερῶν,
1662 2349 1810 2377 ἀπέστειλε

1021 2398 1089 2433 πρὸς
1104 2399 1179 2433 ἡμᾶς
1199 2397 1244 2424 τὸν
1264 2397 1415 2424 ἐπίσκοπον
1446 2396 1599 2432 Γρηγόριον
1624 2396 1670 2422 τὸν
1697 2396 1812 2430 ἀνεψιλν

1019 2443 1101 2471 αὑτοῦ
1117 2444 1163 2470 τὸν
1180 2443 1287 2479 Μικρὸν
1307 2444 1376 2477 (18),
1393 2443 1441 2470 καὶ
1459 2443 1504 2469 τὸν
1528 2443 1681 2470 ἐπίσκοπον
1711 2443 1810 2470 Ἰσαὰκ

1019 2491 1066 2518 καὶ
1099 2490 1145 2517 τὸν
1160 2490 1321 2517 διδάσκαλον
1339 2490 1487 2524 Στέφανον,
1511 2489 1610 2521 οἵτινες
1629 2487 1705 2516 εἷπον
1738 2489 1809 2523 πρός

1019 2547 1052 2573 με
1080 2537 1134 2572 (lii)
1162 2537 1222 2564 κατ’
1254 2537 1332 2568 ἰδίαν,
1357 2537 1501 2572 παρόντων
1525 2537 1573 2563 καὶ
1597 2536 1645 2563 τοῦ
1670 2536 1810 2571 ’Δτμάνου

1021 2585 1068 2611 καὶ
1087 2584 1134 2610 τοῦ
1152 2583 1231 2610 παπᾶ
1246 2583 1354 2618 Μιχαὴλ
1368 2590 1376 2599 ⁸
1397 2583 1427 2609 ’0
1452 2582 1586 2617 δεσπότης
1613 2581 1693 2617 ἡμῶν
1710 2582 1810 2617 μηνύει

1023 2641 1064 2658 σοι
1089 2632 1129 2658 ὅτι
1146 2630 1201 2664 ἐγὼ
1217 2629 1412 2664 ἐνεπιστεόθην
1438 2638 1489 2662 σοιὅ
1504 2629 1542 2660 ὠς
1570 2628 1646 2663 καλῷ
1670 2628 1810 2663 ἀνθρώπῳ

1022 2677 1068 2704 καὶ
1089 2677 1126 2708 ὼς
1155 2675 1325 2710 Χριστιανῷ,
1356 2675 1507 2710 μυστήριον
1525 2674 1562 2706 ὡς
1588 2675 1635 2701 ἐπὶ
1658 2674 1738 2700 Θεοῦ·
1761 2671 1812 2701 καῖ

1022 2722 1053 2748 σὺ
1091 2720 1244 2755 ὑπεσχέῦης
1281 2729 1326 2755 μοι
1359 2720 1455 2755 μηδενὶ
1489 2721 1579 2747 εἰπεῖν
1608 2720 1624 2754 ἢ
1653 2720 1727 2755 μόνῳ
1769 2719 1811 2754 τῷ

1023 2766 1129 2802 βασιλεί
1145 2775 1151 2782 ·
1171 2767 1217 2792 καὶ
1233 2767 1283 2794 οὐκ
1315 2766 1452 2800 ἔφύλαξας
1479 2766 1529 2801 τὴν
1566 2765 1725 2800 ὑπόσχεσιν,
1761 2765 1812 2793 καὶ

1056 2826 1111 2859 (19)
1132 2825 1199 2852 llme
1216 2831 1307 2857 ιψιϊῐο
1324 2825 1527 2858 cognoscimus,
1543 2824 1706 2858 scriptorem
1725 2824 1810 2859 hujus

1025 2869 1131 2896 quoque
1147 2860 1270 2888 sccnndx
1285 2860 1474 2895 disputationis
1487 2859 1681 2889 Theotianum'.
