1942 3081
136 131 195 161 249

136 193 190 222 οὐκ
211 194 347 229 ἐποίησας
378 193 469 226 καλῶς
487 202 495 209 ⁸

135 243 162 269 οἱ
179 242 321 276 Ἀρμένιοι
336 241 404 276 πρὸς
422 240 482 276 ἐμὲ,
497 241 544 268 καὶ
560 242 612 268 εἰσὶ
629 244 830 278 τεταραγμένοι
847 252 855 260 ·
882 245 930 271 καὶ

134 289 185 315 διὰ
216 288 297 315 τοῦτο
313 288 443 321 ὑπέμεινε
461 288 600 320 παντελῶς
619 289 635 323 ἡ
654 289 784 321 ὑπόθεσις
810 291 860 325 τῆς
887 291 930 318 ὲν-

134 335 241 366 dum);
264 335 293 361 '0
307 334 334 361 δὲ
351 335 505 370 Θεωριανὸς
519 333 579 361 εἷπε
595 336 664 370 πρὸς
679 336 929 367 αὺτούς-Γινώσκω

134 382 178 408 ὅτι
196 382 307 416 γραφὴν
326 380 487 407 ἀπέστειλεν
501 381 515 407 ὁ
533 381 685 413 Καθολικὸς
710 382 744 409 δι’
763 381 832 417 ἐμοῦ
860 383 929 418 πρὸς

133 427 318 462 τὸνβασιλέα
342 419 579 463 ἐσφραγισμένην,
612 428 646 463 ἦν
675 429 722 454 καὶ
751 428 856 461 ἀνέγνω
884 438 929 464 μοι

135 474 209 499 κατὰ
227 473 313 508 μόνας
331 480 337 487 ·
354 473 484 507 γινώσκω
499 474 540 500 ὅτι
575 474 622 500 καὶ
647 475 780 509 ἀγράφως
807 476 927 511 ἐμήνυσε

132 521 169 547 δι’
182 519 250 555 ἐμοῦ
266 519 334 554 πρὸς
347 520 393 545 τὴν
411 519 525 554 βασιλέα
540 520 603 552 περὶ
630 521 680 555 τῆς
693 520 815 553 ἐνώσεως
828 529 835 537 ·
864 523 929 555 ὁμο-

131 565 208 599 λογῶ
224 566 264 592 ὅτι
282 567 330 592 καὶ
348 565 520 600 παρήγγειλέ
554 574 599 600 μοι
627 566 722 601 μηδενὶ
759 568 846 593 εἰπεῖν
878 567 927 602 τὴν

133 611 248 647 γραφὴν
263 611 350 647 ἀλλ’ἢ
364 612 402 647 τῷ
417 611 533 646 βασιλεῖ,
551 611 600 638 καὶ
628 613 692 644 τοὺς
718 612 815 646 λόγους
843 613 926 640 αὑτοῦ

134 659 229 685 εἰπεῖν
245 657 321 692 αὐτῷ
340 657 486 693 μυστικῶς
501 665 507 672 ·
527 658 574 684 καὶ
589 659 626 690 ὡς
658 658 823 694 ὑπεσχέθην,
857 659 928 686 οὕτω

133 705 183 731 καὶ
201 704 352 738 πεποίηκα,
372 703 419 730 καὶ
433 703 556 737 ἐφύλαξα
567 704 617 739 τὴν
633 705 847 739 επαραγγελίαν.
872 705 927 732 Καὶ

132 751 217 776 τοῦτο
232 750 311 784 δῆλον
326 750 354 782 ἐξ
368 746 405 776 ὦν
419 749 510 784 μέλλω
521 750 626 784 λέγειν.
640 751 749 777 Ἕδωκα
765 751 804 786 τῷ
820 752 929 787 βασιλεῖ

133 798 187 832 τὴν
200 796 312 832 γραφὴν
323 796 564 831 ἐσφραγισμένην·
582 794 659 823 εῐπον
674 796 708 823 τὰ
730 797 842 833 ῥήματα
876 807 926 833 μυ·-

135 846 252 876 στικῶς,
272 845 353 871 υιόνου
370 844 418 870 τοῦ
445 844 591 877 λογοθέτου
619 845 834 879 παρισταμένου.
875 846 926 871 Ἰῖκ

816 138 1047 170 DlSl‘U'l‘ATlO
1067 141 1108 172 II.

522 195 570 222 καὶ
601 194 648 222 νῦν
677 196 924 233 ἐσκανδαλίσθησαι

984 200 1054 233 quod
1074 199 1175 227 factum
1196 200 1254 235 ipse
1276 201 1412 236 vituperat
1435 211 1442 229 :
1465 209 1529 230 ecce
1549 202 1621 230 enint
1639 203 1771 238 Armenii,

1717 148 1773 181 950

982 245 1031 278 ait,
1049 245 1113 272 mihi
1131 245 1225 272 offensi
1244 250 1317 279 sunt,
1335 251 1362 274 et
1377 247 1471 275 turbas
1489 248 1570 276 cient.
1587 248 1770 281 Quamobrem

983 291 1093 319 unionis
1110 292 1248 326 negotium
1266 293 1346 327 plane
1363 293 1494 328 refriguit.
1511 294 1551 321 Ad
1569 294 1626 322 haec
1641 294 1773 322 Theoria-

984 344 1036 363 nus
1051 337 1088 364 ait
1104 347 1110 364 :
1127 337 1236 364 Memini
1252 345 1266 364 a
1282 338 1405 365 Generali
1423 338 1488 365 mihi
1506 339 1620 367 traditas
1637 340 1670 367 ad
1688 340 1773 374 impe-

984 387 1101 410 ratorem
1128 383 1233 411 litteras
1257 383 1428 418 obsignatas,
1454 392 1523 418 quas
1551 385 1617 412 mihi
1645 385 1770 420 privatim

980 427 1139 462 pra~legerat
1165 437 1172 456 :
1201 429 1328 462 memini,
1352 429 1441 456 verbis
1465 437 1575 464 quoque
1599 430 1771 464 signiﬁcasse

980 472 1136 508 imperatori
1159 474 1192 502 de
1216 475 1318 502 unione
1339 483 1386 509 per
1408 483 1451 502 me
1471 483 1478 502 :
1499 476 1589 503 fateor
1610 477 1675 503 mihi
1699 485 1767 511 pne-

978 525 1085 553 ceptnm
1111 528 1125 547 a
1151 520 1277 549 Generali
1303 522 1405 556 fuisse,
1438 526 1467 549 ut
1493 522 1593 549 utemini
1619 523 1767 556 quidquam

979 564 1031 591 nisi
1050 565 1208 599 imperatori
1227 567 1259 594 de
1276 567 1318 594 his
1334 568 1433 595 litteris
1452 568 1582 600 dicerem,
1600 573 1626 595 et
1643 573 1671 595 ut
1687 569 1768 595 verba

979 610 1064 644 ipsius
1080 618 1188 639 secreto
1204 613 1236 638 ad
1253 613 1445 648 imperatorem
1462 613 1604 641 referrem.
1619 613 1675 648 Ego
1693 622 1769 640 verm

980 661 1009 682 ιιι
1025 657 1225 692 spoponderam
1248 659 1284 686 ita
1306 660 1359 695 egi,
1375 664 1403 687 et
1425 661 1590 695 promissqu
1613 659 1675 687 feci.
1693 659 1769 693 Quod

981 706 1011 730 ut
1023 702 1221 736 demonstrem,
1237 705 1274 731 rei
1291 710 1373 741 gestae
1386 706 1484 734 seriem
1499 714 1667 742 expromam.
1683 705 1770 732 Litte-

979 755 1024 775 ras
1047 748 1204 783 impcratori
1223 750 1379 786 obsignatas
1396 751 1492 778 tradidi
1513 761 1519 778 :
1538 751 1683 779 commissa
1701 759 1769 778 mea:

983 793 1045 821 fidei
1058 795 1139 821 verba
1156 800 1264 823 secreto
1281 796 1402 824 conclavi
1418 797 1485 829 dixi,
1500 805 1554 824 uno
1570 802 1676 824 astante
1692 797 1768 830 logo-

980 841 1065 866 theta.
1083 840 1214 874 Deinceps
1233 849 1296 869 vero
1315 842 1557 870 circumseribendi
1577 843 1767 877 imperamrem

135 898 199 916 τοτε
220 889 347 922 ἐξουσίαν
375 889 425 916 οὐκ
448 887 521 924 εἶχον
549 890 707 925 περιορίσαι
734 890 780 917 τὸν
803 890 924 925 βασιλέα.

981 885 1096 912 facultas
1115 887 1179 913 mihi
1198 895 1249 914 non
1269 887 1332 920 fuit,
1350 892 1431 922 atque
1450 889 1614 922 impediendi
1632 889 1767 915 volentem

136 936 186 962 καὶ
203 935 425 962 κωλ.ὗσαιαῦτὺν
457 935 622 971 βουλόμενον
651 935 771 968 ἐξειπεῖν
798 936 864 963 αὐτὸ
894 938 927 971 τῇ

133 981 301 1016 Ἐκκλησίᾳ,
316 981 332 1015 ἢ
348 982 381 1016 τῇ
398 981 545 1017 συγκλήτῳ
569 981 615 1008 καὶ
632 983 664 1017 τῇ
682 982 761 1018 βουλῇ
776 982 869 1010 αὑτοῦ.
898 983 929 1009 El

134 1027 236 1058 δ’ἴσως
256 1028 355 1062 ἀπορεῖ
371 1027 384 1052 ὁ
398 1026 550 1058 Καθολικῦς
582 1027 639 1058 πῶς
661 1028 711 1054 οὐκ
738 1027 855 1062 ἐφύλαξε
898 1028 928 1054 τὸ

135 1075 290 1110 μυστήριον
306 1076 319 1101 ὁ
337 1073 476 1108 βασιλεὺς,
500 1074 652 1107 γινώσκετε
669 1075 818 1107 ὅτιπάντες
833 1075 928 1110 σχεδὸν

134 1121 205 1155 πλὴν
216 1121 264 1147 τοῦ
278 1121 410 1155 βασιλέως
424 1119 517 1155 ἔλεγον
529 1121 570 1147 ὅτι
584 1121 635 1147 οὐκ
650 1121 724 1148 ἐστιν
747 1123 760 1147 ὀ
777 1121 927 1152 Καθολικὸς

135 1167 282 1202 ἄνθρωπος
307 1167 398 1202 ὀρθὸς,
427 1167 475 1193 καὶ
507 1167 636 1194 οὐδέποτε
665 1167 850 1203 παραδέξεται
878 1167 926 1202 τὴν

133 1214 255 1240 ἕνωσιν·
282 1214 443 1249 διαστρέφει
469 1213 524 1249 γὰρ
557 1214 607 1245 τὰς
637 1213 713 1245 θείας
742 1214 854 1248 Γραφὰς
879 1215 927 1241 καὶ

132 1260 344 1296 παρερμηνεύει
357 1261 396 1291 εἰς
408 1260 438 1286 τὸ
452 1260 553 1286 οἰκεῖον
566 1259 702 1295 βούλημα,
735 1261 782 1286 καὶ
802 1261 926 1296 ῥήμασιν

134 1307 309 1343 μὲνέπεσθαι
337 1308 394 1338 τοῖς
411 1306 500 1339 ἁγίοις
515 1308 654 1341 ὁμολογεῖ,
675 1307 747 1342 ἔργῳ
764 1307 792 1334 δὲ
819 1307 926 1339 τούτοις

132 1351 296 1380 ἀντίκειται.
316 1351 345 1377 Ὀ
362 1351 390 1377 δὲ
404 1351 535 1385 βασιλεὺς
548 1353 605 1383 τοῖς
623 1351 712 1378 ταῦτα
725 1352 854 1386 λέγουσιν
876 1353 926 1379 ἀν-

130 1398 227 1431 τέλεγε
244 1399 343 1432 πάντη,
358 1397 402 1423 διὰ
418 1397 466 1432 τὴν
480 1397 563 1432 τιμὴν
575 1396 641 1431 γοῦν
659 1397 705 1423 τοΰ
717 1397 879 1430 Καθολιικοῦ,
891 1398 925 1425 τὰ

132 1446 296 1480 γράμματα.
313 1445 369 1471 Καὶ
386 1444 465 1479 δῆλον
479 1444 509 1477 ἐξ
522 1440 559 1471 ὧν
571 1443 619 1470 νῦν
640 1444 736 1470 πλατεῖ
749 1444 865 1478 στόματι
880 1445 925 1471 λέ-

131 1500 228 1525 γουσιν
242 1491 267 1517 ol
286 1490 417 1525 Ῥωμαῖοι
430 1490 529 1522 πάντες
545 1491 640 1526 σχεδον
653 1490 723 1525 ὑπὲρ
738 1490 785 1517 τοῦ
806 1490 924 1517 Καθολι-

132 1537 182 1563 κοῦ
196 1546 202 1552 ·
213 1537 424 1572 ὑπογράψαντες
440 1535 487 1564 οὖν
500 1537 662 1572 οίρηθέντες
690 1536 798 1569 ἐξεῖπον
825 1538 922 1565 ταῦτα.
937 1545 958 1576 C

137 1582 167 1609 '0
184 1582 213 1609 δὲ
226 1581 305 1617 θυμῷ
314 1582 346 1608 τὸ
360 1582 441 1608 πλέον
454 1582 546 1617 ἀφεὶς,
564 1582 679 1616 ἐξέϐαλε
703 1582 749 1609 τὸν
765 1582 921 1617 Θεωριανδν

131 1629 171 1664 τῷ
189 1629 260 1660 τέως
277 1629 326 1664 τῆς
345 1629 510 1661 αἰτιάσεωςο
526 1629 574 1655 καὶ
588 1630 620 1664 τῇ
638 1629 702 1664 ἑξῆς
720 1628 922 1663 μετεκαλέσατο

132 1675 208 1708 ἡμᾶς
218 1673 287 1708 προς
306 1674 356 1708 τὴν
375 1673 494 1705 σύνοδον,
511 1674 557 1699 καί
568 1682 635 1708 φησι
649 1674 718 1708 πρὸς
734 1675 807 1709 ἡμᾶς
821 1682 830 1690 θ
855 1675 922 1709 Περὶ

131 1720 186 1746 τῶν
205 1721 233 1746 ἐν
255 1719 368 1754 xmer
381 1719 428 1745 δύο
441 1720 548 1754 φύσεων
561 1719 608 1746 καὶ
617 1719 678 1746 τότε
692 1719 740 1746 καὶ
755 1721 803 1747 νῦν
822 1721 922 1752 [κανῶς

131 1767 317 1801 διελέχθημεν
334 1773 341 1782 ·
359 1765 421 1792 ἐπεὶ
432 1766 459 1792 δὲ
476 1766 552 1802 ἡτοῦ
585 1766 719 1801 βασιλέως
748 1767 842 1802 γραφὴ
874 1767 922 1793 καὶ

132 1813 196 1848 περὶ
213 1812 303 1839 ἄλλων
317 1813 476 1847 κεφαλαίων
492 1812 567 1846 λέγει
581 1814 656 1847 ἡμᾶς
684 1811 873 1848 διαλεχθῆναι,
897 1813 922 1839 εί

133 1859 261 1886 κελεύετε
278 1861 380 1891 εἰπεῖν,
398 1859 484 1894 ἡδέως
499 1859 576 1894 ὑμῶν
586 1859 770 1894 ἀκουσόμεθα.

166 1906 264 1932 ΘΕΩΡ.
278 1905 434 1940 Ἐμάθομεν
447 1905 511 1941 [an]
525 1907 553 1932 ἑν
568 1907 626 1937 τοῖς
642 1906 727 1937 θείοις
753 1906 921 1941 μυστηρίοις

131 1948 202 1977 οἶνον
212 1951 398 1984 προσάγουσιν
412 1951 435 1976 οἱ
453 1950 605 1985 Ἀρμένιοι,
639 1950 712 1985 ὕδωρ
726 1950 802 1986 αὐτῴ
817 1950 855 1986 μὴ
877 1961 922 1986 μι-

131 1996 243 2031 γνύντες
257 2004 265 2012 '
281 1997 434 2032 βουλόμεθα
446 1997 542 2031 μαθεῖν
556 1997 639 2024 πόθεν
661 1996 740 2024 τοῦτο
755 1997 919 2032 παρέλαϐον.

167 2044 251 2072 ΚΛΘ.
278 2044 308 2070 '0
327 2043 400 2075 θεῖος
412 2044 610 2079 Χρυσόστομος
636 2046 665 2071 ἐν
691 2046 724 2080 τῇ
752 2045 921 2080 ὀγδοηκοστῇ

133 2089 246 2126 πέμπτῃ
259 2089 354 2125 ὁμιλία
367 2089 414 2116 τοῦ
428 2090 499 2116 κατὰ
510 2090 651 2118 Ματθαῖον
665 2091 833 2126 Εὑαγγελίου
851 2091 923 2118 οὕτω

132 2135 225 2170 φησίν·
242 2145 251 2160 ι
270 2135 349 2166 Τίνος
386 2135 482 2162 ’ἐνεκεν
497 2136 547 2171 οὐχ
556 2135 629 2171 ὕδωρ
653 2136 741 2168 ἔπιεν,
757 2137 815 2164 ἀλλ’
839 2135 922 2170 οἶνον,

132 2179 249 2211 ἀναστάς
263 2187 270 2212 ;
286 2179 389 2214 Ἀλλην
404 2180 510 2215 αἵρεσιν
537 2180 659 2216 πονηρὰν
682 2181 833 2217 πρόρριζον
858 2183 923 2209 ἁνα-

132 2225 206 2252 σπῶν
222 2233 229 2242 ·
247 2226 309 2252 ἐπεὶ
324 2227 377 2261 γάρ
395 2226 448 2252 εἰσί
460 2235 533 2258 τινες
546 2227 575 2253 ὲν
593 2227 649 2260 τοῖς
667 2228 831 2264 μυστηρίοις
845 2228 922 2255 ὕδατι
939 2219 961 2247 D

130 2272 308 2307 κεχρημέναι,
338 2272 444 2304 δεικνὺς
469 2273 510 2299 ὅτι
540 2272 587 2299 καὶ
612 2273 693 2308 ἡνίκα
716 2273 746 2300 τὸ
773 2274 923 2309 μυστήριον

134 2318 286 2352 παρέδωκε,
303 2318 352 2344 καὶ
379 2318 461 2353 ἡνίκα
473 2318 591 2350 ἀναστὰς
603 2319 688 2354 χωρὶς
705 2320 863 2355 μυστηρίων
877 2321 923 2354 ψι-

131 2363 179 2398 λὴν
192 2364 336 2400 τράπεζαν
362 2364 537 2399 παρετίθετο,
569 2365 633 2399 οἴνῳ
660 2366 769 2401 ἐχρῆτο.
790 2375 799 2392 ι
839 2366 922 2402 Ὁρᾷς

131 2410 170 2436 ὅτι
182 2411 303 2445 πονηρὰν
315 2410 422 2445 αἵρεσιν
437 2410 567 2444 ὀνομάζει
582 2410 613 2437 τδ
630 2411 782 2447 κεχρῆσθαι
802 2412 877 2438 ὕδατι
893 2413 922 2439 ὲν

130 2458 184 2487 τοῖς
199 2457 282 2487 θείοις
298 2457 474 2493 μυστηρίοιςς
494 2457 548 2484 Καὶ
561 2457 661 2485 πάλιν·
682 2467 692 2484 t
702 2459 749 2485 Ἐκ
762 2458 809 2485 τοῦ
824 2460 923 2494 γεννή-

133 2511 225 2536 ματος,
246 2503 323 2537 φησὶ,
341 2502 392 2536 τῆς
417 2503 542 2536 ἀμπέλου
554 2511 561 2518 ·
586 2503 708 2538 ἄμπελος
726 2504 754 2530 δὲ
772 2503 856 2538 οἶνον,
871 2505 921 2540 οὐχ

132 2547 219 2584 ὕδωρ.
253 2550 345 2584 γεννᾷ.
373 2558 382 2575 ι
413 2549 446 2576 Τί
477 2549 572 2576 τούτου
600 2549 691 2584 ζητεῖς
713 2551 920 2586 φανερώτερον;

132 2595 210 2621 ’Λλλὰ
227 2596 275 2621 καὶ
291 2596 320 2622 ὲν
331 2596 363 2630 τῇ
379 2595 546 2630 ὀγδοηκοστῇ
567 2596 681 2632 πέμπτῃ
706 2596 799 2632 ὁμιλίᾳ
827 2598 868 2629 είς
890 2598 920 2624 τὸ

132 2642 198 2668 κατὰ
214 2641 342 2675 Ἰωάννην
358 2641 537 2676 Εὑαγγέλιον,
551 2643 591 2674 εἰς
620 2642 661 2675 τὸ,
677 2642 824 2676 Ἐξῆλθεν
848 2641 920 2678 αἷμα

132 2686 177 2712 καὶ
191 2685 278 2720 ὕδωρ,
292 2685 365 2713 οὕτω
386 2686 487 2720 φησιν·
505 2695 514 2712 t
533 2686 589 2721 Οὐχ
601 2686 695 2718 ἁπλῶς
718 2687 779 2713 οὐδὲ
797 2687 834 2719 ὼς
858 2687 919 2715 ἔτυ-

132 2741 176 2767 χεν
187 2729 270 2759 αὗται
288 2733 426 2768 προῆλθον
441 2733 469 2760 αἱ
484 2733 581 2768 πηγαὶ,
594 2733 652 2760 ἀλλ’
665 2733 760 2769 ἐπειδὴ
781 2734 811 2766 ἐξ
829 2735 919 2770 ἀμφο-

132 2778 216 2812 τέρων
232 2778 334 2804 τούτων
350 2778 366 2812 ἡ
388 2777 539 2811 Ἐκκλησία
554 2777 713 2805 συνίσταται
727 2786 734 2794 ν
753 2778 800 2805 καὶ
828 2779 918 2805 ἴσασιν

130 2826 153 2851 οἱ
165 2825 439 2859 μυσταγωγούμενοι,
457 2824 492 2851 δι’
508 2824 606 2856 ὓδατος
620 2825 851 2860 ἀναγεννὼμενοι.
882 2825 918 2852 δι’

134 2871 247 2906 αἵματος
263 2871 309 2898 καὶ
325 2871 426 2907 σαρκὸς
441 2870 607 2907 τρεφόμεθα,
625 2871 712 2907 ἀρχὴν
733 2871 867 2906 λαμϐάνει
885 2872 918 2900 τὰ

981 933 1007 958 id
1021 932 1112 959 dicere
1127 933 1264 966 Ecclesite,
1277 935 1384 961 senatui
1398 935 1569 968 cencilioque
1585 942 1643 961 suo.
1657 935 1731 967 Quod
1745 933 1767 960 si

981 978 1049 1005 forte
1063 979 1204 1007 Gcneralis
1216 988 1286 1015 πετο
1301 980 1352 1007 sibi
1371 981 1527 1015 persuadet,
1541 982 1678 1015 quomodo
1691 988 1767 1008 arca-

982 1033 1046 1052 num
1066 1024 1215 1060 imperator
1231 1033 1283 1053 non
1302 1027 1514 1057 censervaverit.
1530 1027 1609 1054 velim
1627 1027 1678 1054 hoc
1694 1027 1766 1054 scia-

980 1071 1030 1104 tis,
1048 1075 1161 1098 cuhctos
1186 1071 1242 1099 fere
1267 1072 1336 1106 apud
1360 1080 1425 1106 nos,
1444 1077 1560 1108 excepto
1587 1074 1766 1106 imperatore.

978 1117 1166 1144 orthodoxiam
1192 1118 1333 1146 Generalis
1358 1119 1515 1154 negavisse,
1539 1127 1626 1154 neque
1647 1127 1708 1146 emn
1734 1118 1767 1146 ad

980 1163 1109 1189 unionem
1129 1171 1304 1191 accessurum
1321 1165 1495 1192 exi~limasse
1513 1174 1520 1192 :
1539 1165 1667 1200 pervertit
1683 1164 1767 1197 enim,

977 1208 1102 1240 aiebant,
1121 1208 1227 1235 divinas
1249 1209 1382 1242 Litteras,
1401 1209 1524 1244 falsaque
1547 1210 1767 1244 interpretatione

977 1252 1010 1278 ad
1030 1259 1109 1277 suum
1132 1251 1237 1279 libitum
1258 1253 1342 1279 trahit
1360 1263 1366 1280 :
1386 1257 1412 1280 et
1429 1259 1558 1281 orctcnus
1575 1255 1683 1288 quidem
1702 1261 1767 1281 san-

977 1301 1034 1323 ctos
1055 1296 1150 1324 Patres
1170 1298 1267 1324 sectari
1287 1298 1402 1331 dictitat,
1418 1307 1446 1326 re
1466 1303 1556 1326 antem
1574 1307 1636 1326 vera
1659 1299 1700 1326 his
1720 1298 1767 1325 ad-

977 1348 1114 1369 versatur.
1131 1343 1234 1376 Quibus
1256 1344 1404 1378 imperator
1423 1345 1644 1372 criminatoribus
1665 1343 1766 1372 litteras
1803 1354 1806 1361 '

976 1386 1119 1414 Generalis
1151 1388 1238 1422 palam
1268 1390 1403 1423 opposuit.
1430 1388 1590 1424 llinc'ergo
1617 1394 1690 1423 patet
1717 1397 1766 1417 cur
1795 1398 1798 1403 '

976 1441 1047 1461 nunc
1064 1436 1155 1462 cuncti
1174 1435 1230 1462 fere
1248 1435 1362 1462 Romani
1382 1443 1431 1470 pro
1448 1435 1573 1463 Generali
1597 1440 1656 1462 tam.
1673 1441 1767 1469 aperte

975 1480 1128 1515 loquantur.
1139 1481 1226 1515 Atque
1238 1482 1306 1508 hanc
1316 1481 1461 1509 Theoriani
1477 1483 1662 1509 narrationem
1675 1482 1764 1509 caeteri

975 1530 1041 1557 socii
1065 1531 1220 1557 testimonio
1240 1537 1290 1557 suo
1311 1530 1497 1557 ﬁrmaverunt.
1515 1531 1604 1563 Quare
1625 1530 1765 1558 Geueralis

975 1575 1089 1602 multum
1106 1576 1138 1602 (Ie
1154 1577 1192 1602 ira
1210 1576 1361 1608 remittens.
1377 1577 1492 1603 hactnm
1507 1576 1619 1603 absolvit
1636 1577 1765 1603 erimina—

974 1621 1047 1648 tione
1062 1621 1256 1649 Theorianum.
1274 1623 1463 1657 Subseqnente
1479 1628 1566 1649 autem
1583 1622 1625 1648 die
1641 1620 1716 1648 nobis
1731 1622 1764 1649 ad

973 1667 1104 1702 synodqu
1121 1667 1224 1694 vocatis
1239 1669 1277 1695 ait
1292 1677 1300 1696 :
1318 1669 1355 1695 De
1370 1669 1473 1695 duabus
1488 1669 1596 1703 quidem
1613 1668 1639 1695 in
1655 1668 1764 1696 Christo

974 1713 1079 1740 naturis
1097 1717 1123 1740 et
1140 1713 1203 1740 olim
1221 1719 1247 1741 et
1263 1722 1333 1741 nunc
1349 1715 1451 1741 dictum
1469 1715 1534 1741 salis
1551 1720 1591 1741 est
1609 1724 1616 1741 :
1635 1714 1762 1748 quoniam

974 1767 1038 1787 vero
1056 1760 1227 1794 imperatoris
1244 1761 1369 1795 epistola,
1387 1765 1416 1787 ιιι
1432 1762 1464 1788 de
1480 1761 1541 1787 aliis
1558 1769 1666 1795 quoque
1684 1761 1760 1793 capi-

975 1805 1038 1833 tulis
1053 1806 1222 1840 disputemus
1236 1811 1338 1841 monet,
1349 1807 1371 1835 si
1382 1807 1447 1842 quid
1462 1807 1538 1834 vobis
1554 1807 1646 1834 dicere
1662 1807 1762 1841 placet,

975 1850 1090 1878 libenter
1104 1852 1256 1880 audiemus.

1014 1903 1142 1932 TllEUR.
1165 1904 1290 1932 Relatum
1307 1906 1385 1934 nobis
1396 1911 1447 1938 est,
1462 1905 1607 1933 Armenios
1624 1906 1649 1932 in
1666 1905 1763 1933 divinis

976 1951 1118 1986 mysteriis
1145 1951 1236 1978 vinum
1254 1951 1362 1984 otl‘erre,
1377 1960 1446 1986 aqua
1463 1959 1516 1978 non
1541 1950 1668 1979 admista.
1687 1951 1763 1978 Scire

974 2005 1098 2029 avemus,
1113 1997 1185 2024 unde
1199 1997 1226 2024 id
1246 1998 1375 2024 traditum
1390 1996 1557 2031 acceperint.

1012 2042 1092 2071 GEN.
1114 2042 1196 2070 Divus
1214 2042 1426 2079 Cbrysostomus
1445 2043 1610 2077 octogesima
1626 2043 1720 2077 quinta
1734 2043 1763 2071 in

979 2087 1099 2115 Matthtei
1119 2087 1295 2124 Evangelium
1313 2087 1424 2115 humilia
1441 2088 1479 2115 sic
1492 2088 1549 2114 ait:
1570 2097 1579 2114 ι
1596 2087 1651 2115 Cur
1666 2095 1680 2114 a
1697 2096 1764 2115 con-

977 2136 1050 2163 vivio
1065 2143 1180 2170 surgens
1196 2136 1268 2162 haud
1286 2143 1384 2170 aquam
1402 2135 1447 2162 sed
1465 2135 1557 2162 vinum
1574 2135 1662 2162 bibit?
1678 2134 1764 2162 Nimi-

975 2190 1036 2209 rum
1058 2186 1088 2209 ut
1113 2189 1224 2217 pravam
1251 2181 1330 2209 aliam
1354 2182 1478 2209 Ita‘resim
1502 2180 1626 2208 funditus
1652 2181 1762 2208 deleret.

976 2227 1112 2260 Quoniam
1128 2227 1200 2254 enim
1220 2232 1284 2254 sunt
1301 2227 1427 2254 nonnulli
1443 2227 1487 2262 qui
1505 2235 1572 2262 aqua
1585 2227 1612 2253 in
1626 2226 1763 2262 mysteriis

975 2278 1100 2307 utuntur,
1119 2273 1318 2301 demonstravit
1332 2273 1358 2300 in
1382 2278 1553 2300 antecessum
1570 2273 1698 2300 Dominus
1710 2293 1718 2306 ,
1733 2280 1764 2299 se
1779 2298 1781 2300 τ

976 2324 1005 2348 et
1024 2329 1088 2347 cum
1107 2320 1266 2355 mysterium
1289 2321 1339 2347 hoc
1363 2319 1534 2353 institueret,
1551 2324 1578 2346 ct
1592 2327 1652 2347 cum
1667 2326 1764 2346 exsur-

974 2374 1051 2400 gens,
1067 2366 1187 2401 sapasito
1204 2367 1334 2401 mysterio
1346 2386 1353 2399 ,
1366 2373 1538 2393 communem
1557 2372 1675 2392 mensam
1686 2364 1764 2391 exhi-

973 2413 1064 2444 beret,
1076 2413 1139 2440 vino
1156 2411 1240 2440 fuisse
1254 2420 1344 2440 nsunt.
1364 2421 1373 2438 ι
1393 2411 1492 2439 Viden’
1508 2415 1537 2438 ut
1551 2412 1632 2439 divus
1651 2418 1760 2445 pravam

973 2459 1098 2486 hmrcsim
1113 2459 1241 2493 appellat,
1261 2466 1337 2493 aqua:
1352 2459 1378 2485 in
1394 2458 1494 2485 divinis
1512 2457 1647 2492 mysteriis
1664 2464 1739 2483 usum
1750 2456 1763 2482 τ

973 2505 1147 2540 Rursusque:
1159 2514 1168 2530 ι
1185 2505 1221 2531 Ex
1234 2505 1436 2540 genimine,ait,
1446 2504 1508 2531 vitis
1517 2512 1525 2533 :
1535 2504 1598 2531 vitis
1608 2508 1696 2530 autem
1707 2510 1761 2529 non

972 2557 1071 2585 aquam
1086 2569 1093 2581 ,
1117 2551 1164 2577 sed
1183 2550 1273 2576 vinum
1302 2549 1395 2584 gignit.
1414 2558 1423 2574 ι
1452 2548 1521 2581 Quid
1548 2548 1636 2575 adhuc
1661 2547 1761 2575 clarius

974 2595 1118 2631 postulas?
1150 2595 1202 2622 Sed
1228 2595 1300 2621 enim
1329 2594 1437 2622 homilia
1461 2602 1569 2629 quoque
1594 2593 1760 2628 octogesima

972 2643 1069 2675 quinta
1093 2642 1119 2668 in
1145 2641 1260 2668 Joannis
1285 2640 1482 2675 Evangelium,
1509 2649 1591 2676 super
1606 2641 1680 2667 dicto
1703 2640 1761 2672 illo,

973 2688 1062 2715 Exiuit
1081 2688 1190 2722 sanguis
1211 2692 1234 2714 et
1250 2695 1329 2722 aqua.
1346 2687 1385 2714 sic
1409 2688 1446 2714 ait
1461 2696 1468 2714 :
1491 2696 1500 2712 ι
1520 2686 1577 2714 Non
1594 2687 1695 2714 frustra
1711 2694 1760 2725 nr..-

974 2742 1027 2769 que
1043 2742 1106 2762 casu
1125 2735 1217 2769 aliquo
1234 2734 1325 2762 fontes
1347 2733 1374 2761 bi
1392 2734 1550 2769 prodierunt
1562 2755 1570 2768 ,
1586 2734 1632 2762 sed
1648 2735 1711 2768 quia
1727 2741 1759 2761 ex

971 2781 1013 2808 his
1029 2781 1162 2809 ambobus
1178 2779 1318 2814 consurgit
1333 2779 1464 2807 Ecclesia.
1484 2780 1578 2808 Sciunt
1596 2780 1706 2812 initiati,
1725 2788 1759 2807 ex

969 2834 1040 2862 aqua
1068 2826 1220 2860 regenerati
1234 2845 1241 2858 ,
1258 2826 1391 2860 sanguine
1414 2830 1442 2852 ct
1461 2833 1542 2853 carne
1565 2826 1680 2857 alimur;
1707 2826 1758 2852 hoc

970 2879 1010 2901 est
1023 2873 1212 2908 mysteriorum
1231 2872 1349 2906 initium,
1361 2877 1388 2900 ut
1404 2879 1464 2901 cum
1479 2871 1512 2900 ad
1527 2871 1671 2900 verendum
1682 2870 1758 2898 illum
