1942 3081
149 119 198 151 251

863 118 1079 162 τιιεοιιιλΝι

1721 118 1775 149 252

151 179 266 206 calicem
284 178 409 211 accedes,
427 183 556 212 tanquam
573 187 603 206 ex
621 179 679 214 ipso
694 179 778 206 latere
792 179 938 206 liausturns

997 177 1143 212 αυστήρια,
1160 177 1214 209 ἵνα,
1232 177 1296 204 ὃταν
1310 176 1428 212 προσίῃς
1448 175 1488 210 τῷ
1515 175 1623 211 φρικτῷ
1641 177 1774 212 ποτηρίιίν,

150 224 278 250 accedas.
298 234 306 249 I
332 223 410 251 Hune
438 225 529 259 itaque
553 224 649 251 durem
675 230 756 260 atque
776 226 935 259 magistrum

149 269 282 296 habentes
292 269 424 301 Armenii.
435 277 531 304 aquam
548 270 575 297 in
591 270 690 298 divinis
704 270 850 304 mysteriis,
864 270 936 303 quod

149 322 198 341 vos
215 313 316 346 facilis,
331 323 384 341 non
410 315 583 343 admiscent:
602 316 665 344 vitis
683 317 755 343 enim
771 317 863 343 vinum
883 323 935 342 non

150 368 247 395 aquam
266 361 369 395 gignit;
394 362 458 396 quid
475 362 526 389 hoc
550 363 722 390 manifestius
748 369 809 390 esse
829 361 938 397 potest?

150 405 326 440 Rursusque:
343 416 351 432 ι
368 406 405 433 Ex
419 415 486 442 aqua
499 408 660 442 regenerati,
672 409 803 443 sanguine
817 411 842 434 et
855 415 938 434 carne

150 451 257 478 nutriti.
284 461 293 477 )
328 451 423 479 Viden’
442 457 470 479 nt
498 453 642 480 manileste
679 461 775 487 aquam
803 453 938 488 baptismo

149 497 284 531 attribuit,
298 498 455 534 sanguinem
481 498 579 526 divina:
594 498 797 526 communioni?

185 588 311 617 TIIEOR.
329 589 378 616 Ain
394 597 476 622 vero.
493 590 615 618 Ecclesia
634 590 717 617 divini
742 591 869 624 baptismi
883 598 940 626 my-

150 641 205 662 ster
219 644 263 662 um
282 635 307 661 in
323 635 479 663 Jordanene
495 636 610 670 accepit,
625 644 658 664 an
675 637 701 663 in
719 638 821 663 cruce?

188 723 267 751 (ll-2N.
300 725 386 758 Quem
416 725 542 754 Christus
575 726 739 762 baptismum
768 728 794 754 in
820 727 940 756 Jordane

153 771 284 803 suscepit,
304 771 326 798 is
342 771 519 805 imperfectus
533 778 589 800 crat
603 782 610 800 :
626 773 723 801 ctenim
741 781 756 800 a
769 774 940 801 I‘rzecursore

151 810 304 850 baptizatus
320 822 373 845 est.
398 818 426 844 In
455 826 581 846 sermone
598 824 688 846 autem
711 819 788 853 cujus
805 819 911 846 initium
931 827 938 846 :

158 872 166 886 ι
187 862 287 889 lterum
315 861 395 890 Iesus
411 871 486 891 meus
505 873 514 890 ι
534 865 572 894 ait
596 863 743 899 Gregorius
761 864 913 900 Theologns
930 873 937 893 :

154 916 163 932 ε
185 906 336 940 Baptizavit
351 908 433 935 etiam
449 907 566 936 Joannes
579 929 586 942 ,
600 909 655 942 iam
673 917 724 936 non
739 909 868 941 Judaiee,
884 918 939 937 non

151 953 223 978 enim
245 953 270 979 in
286 960 355 988 aqua
373 955 559 981 tantummodo
572 974 578 986 ,
596 962 688 982 verum
705 955 786 982 etiam
803 956 836 986 ad
855 955 941 990 paeni-

153 999 284 1026 tentiam:
300 1001 419 1027 nondum
446 1006 537 1027 tamen
558 1005 629 1027 totus
654 1005 712 1028 erat
738 1001 867 1035 spiritalis
894 1001 942 1028 ba-

152 1046 281 1080 ptismus.
299 1046 362 1080 quia
381 1046 504 1073 formulae
524 1054 577 1073 non
594 1047 740 1080 adjiciebat
756 1047 782 1074 in
799 1047 908 1082 spiritu.
929 1055 938 1072 ι

188 1091 316 1119 ΤΠΕΟΠ,
339 1092 393 1119 lloc
410 1097 463 1119 ate
489 1092 540 1119 dici
564 1093 658 1120 miror.
677 1092 771 1120 Nonne
791 1093 860 1120 enim
879 1101 942 1121 san-

153 1141 213 1165 ctus
243 1137 361 1172 Spiritus
391 1139 416 1164 in
444 1139 576 1166 columba
604 1139 693 1173 specie
723 1138 942 1172 supervenerat?

152 1182 248 1211 Nonne
261 1185 368 1212 cotlitns
395 1192 488 1212 vocem
517 1185 627 1212 miserat
651 1185 749 1212 Pater?
773 1185 870 1213 Nonne
895 1186 941 1219 qui

154 1229 342 1263 baptizabatnr
356 1230 438 1258 Filius
453 1231 531 1258 erat?
549 1230 601 1258 Ubi
620 1231 711 1263 Pater.
724 1231 818 1265 Filius,
838 1236 865 1259 et
880 1232 942 1266 Spi-

153 1275 222 1303 ritus
245 1282 374 1308 sanctus,
393 1281 493 1304 sanetae
516 1277 657 1304 Trinitatis
682 1278 802 1312 apprime
826 1278 941 1312 genuina

156 1321 289 1354 ostensio,
303 1321 375 1349 ibine
405 1323 556 1357 baptismus
574 1323 749 1358 imperfectus
760 1324 834 1351 erat?
850 1324 941 1358 Quan-

154 1367 254 1394 dunam
300 1367 340 1395 is
377 1366 479 1394 Christi
514 1368 681 1402 baptismum
722 1371 842 1397 evasisse
883 1378 943 1405 per-

154 1413 254 1440 fectum
274 1415 286 1441 ?

189 1460 268 1488 GEN.
296 1462 324 1488 In
353 1462 478 1495 passione
504 1460 622 1492 Scilicet,
641 1468 702 1488 cum
727 1461 812 1488 exivit
829 1463 942 1496 sanguis

956 850 976 877 Β

987 223 1023 254 ὡς
1035 223 1082 250 ἀπ’
1098 224 1184 258 αὑςῆς
1200 223 1285 249 πίνων
1303 223 1352 257 τῆς
1367 222 1499 257 πλευρᾶς,
1527 221 1597 248 οὕτω
1614 223 1741 259 προσίῃς.
1763 233 1772 250 ι

988 269 1088 296 Τοῦτον
1101 269 1208 304 ἔχοντες
1219 270 1244 295 οἱ
1256 269 1396 303 Ἀρμένιοι
1410 268 1528 303 ποδηγὺν
1539 268 1585 294 καὶ
1603 268 1775 302 διδάσκαλον,

988 315 1061 351 ’ὕδωρ
1075 316 1103 342 ἐν
1119 317 1174 344 τοῖς
1189 315 1270 345 θεῖοις
1288 313 1462 349 μυστηρίοις,
1483 314 1520 344 ὡς
1531 314 1623 348 ὑμεῖς,
1634 314 1664 340 οὐ
1680 315 1777 349 μιγνύ-

988 370 1064 388 ουσιν
1075 369 1082 378 ·
1100 361 1222 396 ἄμπελος
1240 362 1292 395 γὰρ
1306 358 1388 392 οἶνον,
1406 359 1455 394 οὐχ
1470 359 1554 394 ὕδωρ,
1572 361 1664 395 γεννᾷ·
1679 360 1704 386 τί
1715 360 1775 386 τού-

987 417 1035 434 του
1051 407 1142 442 ζητεῖς
1155 407 1370 442 ὲναργέστερονς
1400 406 1454 433 Καὶ
1478 406 1560 432 πάλιν
1594 415 1603 431 ι
1623 406 1662 431 Δι’
1679 406 1778 436 ὓδατος

989 454 1217 488 ἀναγεννὼμενοι,
1250 453 1283 479 δι’
1309 453 1426 488 αἵματος
1448 452 1476 479 δὲ
1493 453 1540 478 καὶ
1565 452 1738 487 τρεφόμενοι.
1765 461 1774 478 ι

993 501 1076 536 ’Θρᾷξ
1097 501 1153 531 πῶς
1165 499 1295 526 διέστειλε
1308 498 1433 534 φανερῶς
1449 499 1479 525 τὸ
1494 498 1566 534 ὕδωρ
1581 500 1621 530 εἰς
1631 499 1662 525 ἰδ
1680 499 1778 533 βαπτι-

990 555 1057 582 σμα,
1068 546 1098 572 τὸ
1111 543 1181 580 αἷμα
1202 546 1229 572 δὲ
1239 546 1278 577 εἰς
1292 545 1342 580 τὴν
1368 545 1444 572 θείαν
1459 545 1611 579 μετάληψιν
1627 553 1634 577 ;

1025 593 1123 619 ΘΕΩΡ.
1137 591 1191 618 Καὶ
1207 592 1271 618 πότε
1286 590 1465 626 παρέλαωνή
1481 591 1629 622 Ἐκκλᾳτία
1643 591 1689 617 τοῦ
1704 591 1777 617 θείου

991 640 1179 675 βαπτίσματος
1196 638 1225 665 τὺ
1239 639 1401 674 μυστήριον,
1418 638 1447 665 ἐν
1473 637 1513 672 τῷ
1540 637 1672 674 Ἰορδάνῃ,
1707 638 1723 673 ἥ
1748 638 1778 664 ἐν

989 686 1027 722 τῷ
1041 685 1166 721 σταυρῷ;

1026 732 1106 759 ΚΑΘ.
1125 731 1162 758 Τὸ
1178 732 1207 758 ὲν
1224 731 1264 767 τῷ
1292 730 1409 768 Ἰορδάνῃ
1428 732 1570 767 βάπτισμα
1586 729 1633 756 τοῦ
1645 728 1777 765 Χριστοῦ,

990 781 1084 812 ἀτελὲς
1100 779 1133 815 ἦν
1147 789 1155 798 ·
1179 781 1231 807 ὑπὸ
1252 781 1307 816 γὰρ
1337 780 1384 808 τοῦ
1414 781 1574 816 Προδρόμου
1605 778 1778 813 ὲὸαπτίσθηο

990 828 1064 861 λέγει
1077 826 1142 861 γοῦν
1155 827 1169 853 6
1189 826 1320 860 Θεολόγος
1343 826 1494 861 Γρηγὸριος
1517 826 1545 851 ἐν
1571 824 1610 859 τῷ
1636 824 1708 858 λόγῳ
1727 823 1777 858 τῷ,

992 873 1076 899 Πάλιν
1103 872 1206 906 Ἰησοῦς
1220 874 1233 899 6
1247 872 1313 907 ἐμός
1328 880 1334 887 ·
1351 882 1360 898 ι
1388 872 1535 899 Ἐϐἀπτισε
1557 870 1604 897 καὶ
1635 869 1777 903 Ἰωάννην,

991 918 1084 945 οὐκέτι
1103 918 1152 954 μὲν
1164 918 1337 950 Ἰουδαϊκῶς·
1350 917 1380 944 οὐ
1401 918 1457 952 γὰρ
1469 918 1497 943 ὲν
1514 916 1590 943 ὕδατι
1609 917 1692 951 μόνῳ,
1709 915 1779 942 ἀλλα

991 965 1089 996 ualet;
1103 964 1266 998 μετάνοιανο
1293 964 1369 991 οὔπω
1385 963 1414 990 δὲ
1436 964 1496 990 ὅλον
1529 962 1726 998 πνευματικὸν,
1747 961 1778 987 εὑ

991 1011 1047 1046 γὰρ
1064 1011 1228 1046 προστίθησι
1243 1010 1273 1037 τδ
1285 1011 1314 1037 ὲν
1328 1010 1365 1046 τῷ
1384 1010 1531 1046 πνεύματι.
1555 1019 1565 1036 ι

1029 1097 1126 1125 ΘΕΩΡ.
1151 1096 1291 1131 Θαυμάζω
1307 1096 1365 1128 πῶς
1383 1095 1464 1123 τοῦτο
1480 1096 1584 1130 λέγεις·
1602 1096 1631 1122 οὐ
1660 1095 1780 1129 κατῆλθε

992 1141 1022 1168 τὸ
1041 1141 1153 1176 Πνεῦμα
1172 1142 1202 1167 τὺ
1216 1141 1293 1174 ἆγιον
1316 1141 1344 1167 ὲν
1360 1140 1425 1167 εῖδει
1438 1141 1618 1176 περιστερᾶςς
1636 1141 1692 1166 Οὐκ
1708 1141 1781 1175 ἐφώ-

993 1197 1074 1223 νησεν
1091 1188 1194 1215 ἄνωθεν
1209 1188 1222 1214 6
1243 1187 1338 1222 Πατήρ
1352 1195 1360 1220 ;
1382 1187 1439 1214 Οὐκ
1461 1185 1496 1223 ἦν
1511 1188 1525 1213 6
1551 1186 1750 1221 βαπτιζόμενος
1765 1186 1781 1212 6

992 1235 1082 1268 Υἱός;
1113 1234 1200 1261 Ὅπου
1223 1235 1237 1261 6
1265 1233 1370 1269 Πατὴρ,
1387 1234 1435 1260 καὶ
1458 1234 1471 1260 6
1505 1233 1578 1266 Υἱὸς,
1592 1233 1638 1260 καὶ
1658 1233 1687 1259 τὴ
1702 1233 1779 1267 ἅγιον

993 1281 1125 1315 Πνεῦμα,
1155 1280 1205 1315 τῆς
1245 1280 1326 1314 ἁγίας
1361 1279 1475 1313 Τριάδος
1504 1280 1521 1316 ἠ
1555 1278 1780 1314 ἀκραιφνεστάτη

993 1327 1158 1362 φανέρωσις,
1175 1327 1224 1353 οὐκ
1243 1324 1277 1362 ἦν
1293 1327 1323 1353 τὸ
1344 1326 1487 1361 βάπτισμα
1499 1326 1620 1356 τέλειον;
1645 1327 1714 1353 Πότε
1731 1325 1780 1352 οὖν

992 1372 1085 1407 λέγεις
1100 1372 1279 1407 τελειωθῆναι
1296 1371 1326 1398 τὸ
1343 1371 1490 1407 βάπτισμα
1499 1371 1547 1398 τοῦ
1562 1371 1683 1407 Χριστοῦ
1698 1379 1706 1405 ;

1029 1462 1111 1490 ΚΑΘ.
1132 1462 1176 1489 Ἐν
1190 1461 1230 1497 τῷ
1249 1461 1343 1494 πάθει,
1357 1462 1401 1488 ὅτε
1413 1460 1526 1495 ἐξῆλθεν
1540 1458 1609 1495 αἷμα
1625 1460 1673 1488 καὶ
1687 1460 1759 1495 ὕδωρ
1771 1469 1779 1476 ·

153 1510 181 1533 et
197 1514 265 1540 aqua
283 1515 291 1534 τ
313 1512 368 1534 tum
383 1508 454 1534 enim
471 1507 568 1535 Adami
591 1507 695 1535 crimen
722 1507 817 1535 abluit.
839 1508 941 1540 Quam-

997 1511 1052 1537 τότε
1070 1510 1123 1544 γὰρ
1139 1509 1190 1544 τῆς
1204 1507 1388 1544 παραϐάσεως
1400 1507 1445 1534 τὸν
1465 1507 1552 1541 Ἀδὰμ.
1563 1507 1697 1534 ἀπέλουσε
1708 1515 1717 1523 ο
1739 1507 1782 1534 διδ

154 1553 249 1579 obrem
268 1557 294 1580 et
311 1553 336 1580 in
357 1553 484 1581 Calvario
500 1558 613 1580 mortem
635 1560 682 1586 per
694 1560 802 1580 crucem
821 1554 941 1587 pertulit,

158 1603 187 1624 nt
204 1599 311 1626 div-inus
326 1600 438 1633 sanguis
453 1599 604 1626 decurrens
625 1599 722 1626 Adami
744 1598 850 1633 culpam
870 1599 943 1626 lava-

156 1649 209 1671 ret.
227 1646 273 1672 Ait
290 1646 362 1673 enim
380 1652 493 1684 magnus
509 1645 628 1672 Basilius
644 1645 670 1672 in
687 1645 890 1672 commentariis
910 1646 943 1672 ad

154 1691 251 1719 ls:iiam
273 1700 280 1719 :
304 1701 313 1718 ι
332 1691 415 1718 Fama
441 1692 596 1726 hnjnsmodi
624 1700 671 1726 per
695 1691 868 1719 traditionem
890 1700 943 1720 non

156 1737 286 1772 st-riptam
303 1738 328 1764 in
345 1736 468 1765 Ecclesia
483 1738 600 1770 mansit,
619 1738 732 1772 primam
751 1742 884 1765 terrarum
899 1737 944 1765 Ju-

155 1783 239 1810 tlteam
257 1776 361 1810 Adamo
381 1783 569 1810 habitaculum
593 1784 752 1817 praestitisse
766 1803 773 1814 .
800 1789 943 1818 postquam

155 1828 201 1855 ille
222 1829 348 1863 paradiso
374 1829 478 1864 ejectus
492 1828 600 1862 fuerat,
617 1834 643 1855 et
658 1829 684 1855 in
709 1830 757 1856 hac
784 1829 941 1864 collocatus.

155 1874 189 1900 ad
205 1875 336 1902 bonarum
353 1882 412 1909 qua:
431 1875 560 1902 amiserat
585 1874 725 1902 solatium.
744 1874 843 1902 Eadem
859 1875 941 1909 igitur

155 1926 182 1947 et
198 1925 332 1947 mortumn
347 1920 431 1955 prima
449 1921 556 1955 excepit
574 1921 709 1948 hominem
727 1921 863 1948 Adamum
876 1941 883 1955 ,
897 1923 945 1956 qui

157 1967 258 2001 peccati
275 1974 381 2002 ptenam
397 1971 484 1994 morte
499 1967 638 2002 persolvit.
651 1977 661 1994 ι

196 2056 326 2084 TIIEOR.
341 2056 391 2090 Qui
414 2057 452 2084 ait
473 2057 578 2085 Domini
598 2057 760 2092 baptismum
785 2058 811 2086 in
827 2057 946 2086 Jnrdanc

159 2103 245 2130 fuisse
263 2102 461 2138 imperfectum,
478 2103 500 2130 is
518 2104 583 2130 mihi
601 2104 677 2130 valde
693 2105 780 2132 audax
797 2105 904 2131 videtur
919 2109 946 2132 et

158 2150 191 2175 ab
209 2148 338 2175 Ecclesia:
355 2150 489 2176 sententia
503 2149 619 2177 alienus.
644 2149 749 2177 Etenim
767 2150 845 2177 divus
865 2150 946 2186 Chry-

157 2198 297 2220 sostomns
320 2194 346 2220 in
373 2194 490 2221 secunda
518 2195 550 2221 ad
577 2195 724 2229 capitulum
749 2194 865 2222 Matthxi
891 2196 945 2229 pri-
962 2187 983 2214 θ

159 2247 230 2265 mum
253 2239 362 2266 humilia
380 2239 416 2265 ait
432 2248 439 2266 :
458 2249 467 2265 ι
485 2239 606 2274 Namque
622 2241 672 2267 hoc
694 2240 829 2267 lavacrum
845 2241 943 2276 partim

158 2291 237 2311 vetus
257 2285 336 2318 quid,
353 2284 450 2319 partim
475 2292 575 2311 novum
597 2285 754 2312 continebat
779 2293 786 2311 :
812 2285 945 2320 siquidem

157 2330 290 2364 baptizari
306 2338 319 2356 a
342 2330 472 2365 propheta
486 2350 493 2363 ,
518 2336 680 2359 vetustatem
699 2339 753 2366 pne
775 2339 804 2359 se
823 2326 943 2366 ferebat;

158 2374 277 2410 Spiritus
295 2381 386 2403 autem
401 2375 544 2408 adventus,
558 2377 703 2403 novitatem
722 2378 891 2405 ostendebat.
903 2379 943 2405 Ac

157 2421 243 2448 veluti
259 2421 357 2455 aliquis
371 2421 441 2448 inter
457 2423 523 2449 duas
541 2422 645 2449 medius
660 2422 793 2450 distantes
811 2431 854 2451 res
865 2424 945 2451 collo-

155 2471 255 2500 c.itus,
279 2467 408 2494 ambabus
434 2467 560 2501 utrinque
587 2469 709 2495 extensis
733 2469 856 2497 manibus
885 2469 944 2498 illas

156 2515 269 2548 cipiens
294 2514 452 2546 connectit,
476 2514 513 2541 ita
539 2513 618 2541 Iesus
640 2520 718 2542 vetus
742 2515 944 2544 Testamentum

159 2568 245 2592 novo,
264 2561 381 2587 divinam
401 2567 523 2587 naturam
549 2560 673 2587 humana:
686 2581 693 2592 ,
718 2568 766 2587 sua
783 2562 883 2589 nostris
897 2570 942 2588 an-

159 2607 263 2633 nexuit.
290 2606 422 2633 Praeterea
445 2614 512 2641 quos
529 2606 681 2642 Theologus
698 2607 843 2642 Gregorius
867 2616 943 2634 com-

159 2655 250 2690 posuit
266 2654 298 2681 de
314 2655 445 2688 baptismo
465 2663 605 2682 sermones
623 2656 689 2682 duos
702 2675 710 2686 ,
728 2655 870 2682 Luminum
887 2656 943 2691 (20)

159 2707 280 2735 tempore
293 2709 344 2728 non
363 2701 497 2728 Passionis
511 2702 600 2736 legere
614 2702 731 2729 Ecclesia
746 2702 813 2729 solet
830 2711 835 2729 :
849 2711 858 2727 Ι
876 2702 945 2728 “ur-

160 2755 206 2774 sus
223 2745 301 2774 Jesns
314 2767 321 2779 ,
340 2751 367 2773 et
381 2755 475 2774 rursus
493 2747 661 2783 mysterium.
682 2756 689 2772 ι
717 2747 749 2774 Et
765 2748 845 2782 paulo
861 2753 921 2782 post
938 2756 945 2774 :

993 1557 1041 1584 καὶ
1057 1557 1084 1583 ἐν
1104 1556 1179 1590 τόπῳ
1196 1554 1311 1590 κρανίου
1325 1554 1370 1581 τὸν
1383 1553 1426 1581 διὰ
1439 1553 1693 1588 σταυροῦ,θάνατον
1716 1562 1782 1581 κατ-

994 1600 1114 1634 εδέξατο,
1133 1599 1179 1626 ἵνα
1202 1598 1251 1625 τοῦ
1284 1598 1359 1625 θείου
1393 1597 1508 1633 αἵματος
1533 1597 1782 1633 παραῤῥεύσαντος

994 1647 1039 1673 τὸν
1067 1645 1155 1680 ’Λδὰμ
1188 1644 1333 1681 ἀποπλύνῃ
1367 1643 1413 1670 τοῦ
1439 1644 1678 1679 παραπτώματος·
1705 1644 1782 1678 λέγει

994 1693 1048 1727 γὰρ
1062 1693 1076 1719 6
1090 1693 1176 1727 μέγας
1190 1691 1333 1722 Βασίλειος
1348 1691 1376 1717 ὲν
1389 1692 1423 1726 τῇ
1437 1690 1477 1722 είς
1497 1690 1541 1717 τὸν
1560 1690 1674 1717 Ἡσαΐαν
1695 1690 1783 1725 ἑρμη-

994 1738 1054 1773 νείᾳ
1065 1745 1072 1753 ·
1088 1747 1098 1764 ι
1113 1737 1199 1771 Λόγος
1217 1737 1276 1763 ἐστὶ
1296 1735 1401 1763 τοιόσδε
1415 1735 1486 1762 κατὰ
1507 1735 1557 1770 τὴν
1571 1734 1697 1770 ἄγραφον
1715 1735 1784 1769 μνή-

997 1792 1050 1818 μην
1066 1783 1095 1809 ὲν
1109 1783 1141 1817 τῇ
1159 1781 1310 1817 Ἐκκλησία
1325 1780 1536 1815 διασωζόμενος,
1547 1779 1584 1811 ὡς
1610 1779 1664 1814 ἄρα
1685 1779 1782 1816 πρώτη

1001 1828 1116 1855 Ἰουδαία
1130 1826 1274 1862 ἄνθρωπον
1299 1823 1356 1861 εἶχε
1373 1826 1532 1860 οἰκητήριον
1547 1825 1593 1851 τὸν
1606 1825 1691 1860 Ἀδὰμ
1713 1825 1784 1859 μετὰ

995 1874 1025 1900 τδ
1040 1874 1208 1909 ἐκϐληθῆναι
1229 1872 1277 1899 τοῦ
1291 1872 1472 1907 παραδείσου,
1491 1872 1521 1898 ὲν
1535 1871 1622 1906 ταύτῃ
1653 1871 1784 1905 καθιδρυμ

996 1920 1077 1947 θέντα
1092 1920 1132 1950 εἰς
1154 1918 1332 1954 παραμυθίαν
1349 1914 1386 1944 ὧν
1411 1917 1547 1951 ἐστερήθη
1565 1924 1572 1930 ·
1602 1915 1698 1951 πρώτη
1728 1915 1777 1942 οὖν

996 1966 1043 1992 καὶ
1059 1966 1157 2001 νεκρὸν
1173 1964 1282 1996 ἐδέξατο
1296 1963 1441 2000 ἄνθρωπον
1461 1964 1520 1989 ἐκεῖ
1544 1962 1591 1989 τὸν
1614 1962 1702 1998 Ἀδὰμ
1732 1962 1784 1998 τὴν

996 2010 1145 2045 καταδίκην
1161 2009 1355 2044 πληρώσαντα.
1376 2018 1385 2035 ι
1445 2001 1449 2005 ’

1032 2057 1130 2083 ΘΕΩΡ.
1143 2057 1179 2083 Τὸ
1194 2057 1286 2090 λέγειν
1301 2056 1342 2082 ὅτι
1362 2055 1393 2082 τδ
1411 2054 1556 2090 βάπτισμα
1573 2055 1619 2081 τοῦ
1637 2054 1741 2090 Κυρίου
1753 2054 1785 2080 τδ

997 2104 1027 2130 ὲν
1039 2104 1078 2139 τῷ
1093 2103 1213 2138 Ἰορδάνῃ
1236 2102 1330 2133 ἀτελὲς
1345 2099 1390 2137 ἦν,
1408 2101 1509 2134 σςόδρα
1533 2109 1578 2135 μοι
1595 2101 1669 2127 δοκεῖ
1681 2101 1785 2136 τολμη-

999 2150 1115 2185 ρδν,καλ.
1129 2150 1179 2184 τῆς
1204 2148 1370 2183 Ἐκκλησίας
1394 2147 1556 2182 ἀλλότριον·
1593 2149 1660 2182 φησὶ
1690 2147 1745 2183 γὰρ
1770 2148 1786 2173 6

998 2197 1069 2227 θεῖος
1083 2195 1277 2231 Χρυσόστομος
1292 2195 1321 2220 ἐν
1339 2195 1371 2229 τῇ
1387 2193 1502 2229 δευτέρᾳ
1518 2193 1610 2229 ὁμιλίᾳ
1632 2193 1679 2220 τοῦ
1712 2194 1786 2220 κατὰ

996 2243 1135 2270 Ματθαῖον
1151 2241 1261 2278 πρώτου
1277 2248 1284 2256 ·
1306 2250 1314 2266 ι
1333 2241 1387 2266 Καὶ
1408 2239 1462 2273 γὰρ
1477 2240 1507 2266 τὸ
1521 2240 1634 2274 λουτρὸν
1650 2239 1785 2272 τοιοῦτον,

995 2286 1052 2323 εἶχε
1067 2288 1121 2323 γάρ
1137 2296 1162 2314 τι
1179 2286 1225 2313 τοῦ
1241 2285 1369 2318 παλαιοῦ,
1386 2282 1444 2320 εἶχέ
1463 2294 1490 2311 τι
1506 2286 1553 2311 καὶ
1574 2285 1621 2311 τοῦ
1638 2285 1699 2311 νέου
1710 2293 1718 2300 ·
1754 2286 1786 2311 τὸ

996 2334 1046 2367 μὲν
1061 2333 1115 2368 γὰρ
1134 2332 1186 2359 ὑπὸ
1196 2332 1243 2358 τοῦ
1264 2331 1407 2366 προφήτου
1424 2330 1617 2365 βαπτισθῆναι,
1630 2330 1659 2356 τὸ
1669 2330 1786 2357 παλαιὸν

993 2380 1113 2406 ἐδείκνυε
1127 2386 1134 2394 ’
1152 2379 1183 2404 τὸ
1196 2378 1224 2404 δὲ
1238 2377 1350 2411 Πνεῦμα
1367 2376 1518 2408 κατελθεῖν,
1533 2376 1562 2402 τὸ
1588 2376 1647 2403 νέον
1662 2375 1786 2411 ὑπέγρα-

993 2425 1037 2460 ψε.
1054 2425 1108 2451 Καὶ
1123 2424 1248 2458 καθάπερ
1264 2432 1305 2454 τις
1318 2423 1354 2455 ἐν,
1372 2421 1528 2457 μεταιχμίῳ
1547 2421 1613 2453 στὰς
1633 2421 1679 2447 δύο
1700 2422 1784 2449 τινῶν

995 2471 1118 2506 ἀλλήλων
1130 2470 1324 2505 διεστηκότων,
1341 2468 1500 2504 ἀμφοτέρας
1518 2467 1647 2498 ἀπλώσας
1662 2467 1711 2499 τὰς
1725 2470 1786 2503 χεῖ-

996 2527 1056 2554 ρας,
1077 2517 1249 2552 ἑκατέρωθεν
1264 2516 1365 2546 λαϐὼν,
1380 2515 1534 2549 συνάῲεεν,
1550 2514 1620 2540 οὕτω
1635 2515 1682 2540 καὶ
1702 2515 1786 2546 αὐτὸς

996 2565 1122 2599 εποίησε,
1135 2565 1183 2599 τὴν
1199 2563 1319 2590 Παλαιὰν
1334 2564 1366 2597 τῇ
1384 2563 1472 2597 Καινῇ
1487 2561 1640 2593 συνάπτων,
1651 2561 1699 2596 τὴν
1709 2560 1785 2588 θείαν

998 2611 1079 2645 φύσιν
1106 2611 1138 2645 τῇ
1164 2609 1331 2644 ἀνθρωπίνῃ,
1355 2608 1403 2643 τὴν
1424 2607 1507 2635 αὑτοῦ
1524 2609 1579 2638 τοῖς
1593 2607 1753 2642 ἡμετέροις.
1774 2617 1784 2633 ι

1004 2656 1084 2682 Ἀλλὰ
1115 2656 1162 2681 καὶ
1188 2655 1234 2686 οὓς
1257 2656 1270 2681 6
1298 2654 1428 2687 Θεολόγος
1458 2654 1609 2689 Γρηγόριος
1626 2652 1672 2678 δύο
1686 2653 1786 2686 λόγους

1000 2700 1127 2727 συνέθετο
1147 2701 1210 2734 περὶ
1222 2699 1268 2725 τοῦ
1285 2699 1484 2734 βαπτίσματος,
1499 2699 1529 2724 ὲν
1553 2698 1592 2732 τῷ
1613 2697 1701 2732 καιρῷ
1729 2697 1786 2724 τῶν

984 2745 1098 2772 -Φώτων
1115 2746 1132 2781 ἡ
1153 2745 1305 2781 Ἐκκλησία
1326 2744 1492 2780 παρέλαὸεν,
1510 2743 1560 2770 οὐκ
1575 2744 1604 2770 ἐν
1630 2743 1667 2778 τῷ
1696 2743 1787 2780 καιρῷ

202 2838 257 2874 (20)
274 2837 374 2873 Nempe
390 2837 433 2866 die
449 2838 561 2867 solemni
585 2839 843 2867 catecliumcnorum
861 2838 1034 2874 baptismatis
1045 2857 1052 2871 ,
1069 2844 1149 2874 quam
1168 2836 1393 2864 illuminationem
1411 2834 1496 2862 Gra‘ci
1513 2838 1619 2862 vocant.
