1942 3081
165 119 220 150 25'.)

889 112 1106 145 TIIEORHNI

1751 113 1802 145 2ῖο

166 179 286 202 nostram
300 174 423 203 dissolvit
438 177 577 206 naturam,
589 172 712 202 vicissim
731 172 830 201 accidit
843 176 872 198 ιιι
889 178 956 205 opus

1009 168 1185 204 γευσάμενοι,
1201 168 1281 196 πάλιν
1297 169 1456 204 ἀνκγκαῖως
1466 169 1513 197 καὶ
1529 170 1576 197 τοῦ
1592 169 1759 205 συνάγοντος
1773 171 1803 197 τδ

166 222 314 248 habeamus
340 228 373 247 eo
396 221 468 255 quod
491 220 595 255 colligit
617 227 649 246 ac
676 219 803 246 conciliat
828 218 854 245 id
881 217 954 252 quod

163 272 223 295 erat
239 267 398 294 dissolutum
418 274 426 292 τ
443 271 472 293 ιιι
486 274 547 293 cum
576 266 648 293 intra
667 273 718 293 nos
738 264 819 291 fuerit
837 263 889 290 hoc
910 270 955 289 sa-

166 314 252 341 lutare
264 313 504 346 medicamentum,
513 312 611 340 veneni
625 313 753 339 damnum
765 310 836 345 quod
848 309 954 344 corpori

165 359 394 391 lueratimiitutn,
422 366 470 393 per
499 358 663 386 cantrariam
692 357 805 391 repellat
833 355 956 382 ail'ectio-

166 413 237 432 neut.
252 405 321 437 Quid
341 411 406 439 ergo
429 404 481 431 hoc
505 403 565 431 est?
588 403 660 430 Nihil
685 403 757 430 aliud
782 409 863 437 quant
892 401 955 428 illud

166 457 275 484 corpus,
289 449 362 484 qttod
378 454 404 476 et
423 453 510 476 morle
524 449 612 476 evasit
633 448 780 484 potentius,
805 451 833 474 et
857 452 956 474 nostrae

156 497 227 529 vitm
244 495 294 522 fuit
309 496 428 523 initium.
446 495 524 522 Sicut
543 495 614 522 enim
630 494 765 521 modicum
781 493 955 526 fermentum,

166 545 193 568 ιιι
209 542 246 567 ait
261 540 453 574 Apostolus“,
471 540 625 566 universam
640 547 757 566 massam
774 539 824 567 sibi
840 538 955 566 similem

166 587 250 619 facit;
268 587 303 613 ita
324 586 388 613 illttd
409 593 508 620 corpus
525 593 538 612 a
567 586 620 612 Deo
641 585 846 611 immortalitate
872 585 957 611 dona-

166 637 234 664 ttun,
249 640 309 659 ('llm
330 632 411 659 fuerit
431 632 501 658 itttra
521 635 657 664 nostrum,
673 635 758 658 totum
775 631 807 658 ad
823 639 853 659 se
868 635 957 657 trans-

167 683 252 704 mutat
267 683 293 704 ct
310 677 451 705 transfert.
468 676 557 704 Velttti
573 676 647 704 enim
660 677 682 704 si
700 684 744 704 res
759 676 878 703 exitialis
893 683 955 703 cum

167 732 233 751 sana
255 724 458 757 admisceatur,
483 725 609 751 universa
636 723 728 750 mistio
754 723 954 757 corrumpitur;

166 771 201 797 ita
218 778 318 804 corpus
329 770 483 797 immortale
494 778 554 797 cum
567 770 650 797 fuerit
665 770 735 797 intra
749 777 811 797 eum
825 770 871 805 qui
883 777 957 796 sum-

166 815 230 851 psit,
249 816 406 843 universum
425 824 535 851 quoque
558 820 725 843 transmutat
743 816 769 842 in
786 823 861 843 suam
878 821 957 842 natu-

167 845 237 888 ram.
255 861 308 888 Sed
324 861 381 888 ﬁeri
400 845 452 889 non
469 845 559 896 potest
576 866 605 888 ιιι
621 862 657 889 sit
681 861 784 896 aliquid
805 861 876 888 intra
898 868 959 888 cor~
974 845 994 873 Β

169 916 231 942 pus,
245 909 295 935 nisi
312 916 361 943 per
374 916 451 936 esum
470 913 517 936 aut
532 914 625 943 potum
639 909 790 936 viseeribus
805 909 958 936 admiscea-

169 960 230 986 tur;
256 963 323 990 ergo
349 962 461 988 prorsus
487 960 605 989 oportet,
633 962 681 990 per
699 955 824 982 idoneam
855 959 959 982 natura:

166 1000 313 1034 ratiOnem,
325 1001 378 1028 vim
394 1000 526 1027 viviﬁcam
539 1001 609 1027 intra
622 1007 723 1035 corpus
739 1000 870 1034 recipere.
885 998 958 1026 Jatn-

166 1054 233 1074 vero
245 1055 327 1082 qutun
347 1047 413 1074 illud
428 1047 616 1074 tantummodo
631 1046 765 1074 deiferttm
778 1053 879 1080 corptts
889 1047 959 1073 hanc

166 1096 282 1130 gratiam
305 1096 462 1130 acceperit;
482 1103 601 1131 cumque
619 1095 791 1130 exploratum
811 1094 857 1125 sit,
879 1095 959 1121 aliter

169 1141 226 1168 ﬁeri
243 1149 294 1168 non
311 1149 390 1175 posse
412 1145 441 1168 ul
459 1145 580 1168 nostrum
605 1147 704 1175 corpus
723 1139 958 1167 immortalitatem

167 1191 365 1222 consequatur,
382 1187 435 1215 nisi
452 1192 564 1223 propter
578 1187 746 1215 consortium
763 1195 826 1214 cttm
846 1187 960 1213 immor-

168 1235 215 1262 tali
232 1234 421 1268 incorruptum
450 1234 558 1267 evadat,
573 1241 664 1269 opem
687 1233 805 1268 pretium
822 1237 864 1260 est
877 1232 960 1267 dispi-

165 1287 232 1307 cere
247 1280 382 1314 quomodo
400 1279 459 1307 ﬁeri
472 1279 569 1315 possit,
586 1285 615 1307 ut
630 1279 697 1306 illud
713 1279 823 1306 unicum
837 1283 877 1306 tot
892 1279 959 1306 lide-

169 1325 234 1353 linm
249 1325 371 1353 millibus
386 1326 412 1352 in
429 1330 486 1353 toto
499 1326 566 1353 orbe
583 1325 762 1353 distributum
780 1325 880 1359 iugiter
895 1332 959 1352 cor-

167 1380 231 1407 pusl
252 1377 338 1400 totum
355 1371 494 1407 sigillatim
512 1372 538 1399 in
556 1378 720 1407 unoquoque
733 1371 862 1404 exsistat,
878 1371 959 1399 idetn-

166 1426 222 1453 que
237 1419 306 1453 apud
324 1426 353 1445 se
365 1418 500 1454 integrum
518 1421 640 1445 maneat.

208 1525 217 1541 ι
238 1515 272 1543 Ut
288 1523 352 1550 ergo
370 1515 446 1549 ﬁdes,
459 1514 485 1542 id
499 1515 570 1550 qttod
587 1513 664 1542 nobis
680 1514 808 1542 usuvenit
820 1519 956 1549 spectans,
971 1525 992 1555 ο

168 1562 202 1589 dc
221 1570 249 1588 rc.
263 1561 403 1596 proposita
418 1561 488 1588 haud
505 1560 620 1593 dubitet,
630 1563 737 1595 oportet
754 1564 876 1588 nostram
893 1567 957 1587 ora-

168 1610 269 1635 tionem
285 1607 423 1642 paulisper
436 1607 576 1634 immorari
589 1607 615 1633 in
631 1606 748 1634 naturali
759 1606 882 1641 corporis
895 1613 959 1633 con-

168 1654 344 1680 sideratione.
363 1651 456 1679 Nostri
482 1652 608 1679 videlicet
624 1657 721 1679 natura
741 1652 867 1687 corporis
886 1653 957 1679 haud

168 1700 226 1734 ipsa
242 1707 289 1734 per
314 1706 343 1726 se
360 1699 443 1725 vitam
470 1698 553 1725 habet
577 1698 604 1725 in
629 1698 747 1732 quatiam
769 1699 881 1733 propria
908 1706 958 1726 sua

167 1743 330 1775 substantia,
344 1743 390 1770 sed
409 1749 457 1776 per
474 1742 628 1770 ailluentem
645 1743 816 1771 extrinsecus
832 1743 884 1771 sibi
901 1744 957 1770 vir-

167 1792 295 1816 tutemet
314 1795 344 1815 se
373 1791 507 1815 sustentat
535 1793 561 1815 et
585 1789 731 1815 essentiam
759 1789 868 1821 retinet,
893 1790 955 1816 dum

168 1838 241 1860 motu
259 1839 391 1867 perpetuo
406 1838 432 1861 ct
448 1833 519 1868 quod
543 1835 608 1861 utile
629 1839 672 1861 est
693 1835 726 1861 ad
747 1842 778 1862 se
793 1835 916 1868 attrahit,
929 1841 956 1862 ct

167 1886 400 1914 supervacaneum
425 1879 548 1914 expellit.
566 1879 652 1907 Porro
678 1880 723 1907 illa
743 1881 841 1913 virtus,
868 1882 956 1908 nutri—

168 1930 291 1952 mentum
305 1930 346 1952 est.
361 1929 387 1951 et
402 1925 512 1952 dicitur.
523 1926 579 1960 Age
593 1933 658 1952 vero
676 1934 730 1952 non
745 1926 814 1953 idern
830 1927 956 1954 onmibus

167 1978 228 2005 qua:
240 1970 350 1996 aluntur
362 1971 524 2004 corporibus
536 1971 731 1998 nutrimentum
746 1977 797 2004 est,
810 1973 857 1999 sed
876 1981 954 2000 suum

167 2017 266 2052 cuique
282 2024 436 2052 congrttuts
449 2018 483 2044 ab
499 2024 531 2044 eo
553 2017 599 2052 qui
615 2023 743 2044 naturam
759 2019 827 2052 regit
842 2019 956 2046 attribu-

169 2068 225 2089 tutn
258 2063 319 2089 luit.
349 2062 416 2089 Nam
454 2062 506 2090 alia
541 2063 649 2098 qttidetn
670 2065 809 2091 ‘animalia
851 2064 956 2092 elTossis

167 2113 315 2135 vescuntttr
332 2108 482 2141 radicibus,
497 2109 549 2136 alia
567 2109 659 2137 herbis
674 2121 680 2138 :
696 2117 790 2138 canem
807 2110 883 2138 alttnt
895 2118 957 2138 car-

168 2162 238 2181 nes:
255 2155 409 2190 prmeipuus
431 2155 551 2182 hominis
579 2155 656 2183 cibus
676 2157 754 2190 panis
769 2162 828 2190 est;
846 2161 900 2184 tum
923 2158 957 2184 ob

1005 217 1197 252 διαλελυμένον
1213 218 1411 254 ἐπεδεὴοημεν,
1431 218 1469 250 ὡς
1480 218 1513 245 ἂν
1528 219 1556 245 ὲν
1576 219 1643 253 ἡμῖν
1655 219 1803 252 γενόμενον

1006 263 1037 290 τὸ
1053 264 1173 290 τοιοῦτον
1196 263 1376 298 ἀλεξητήριον
1396 265 1445 300 τὴν
1460 265 1671 299 προεντεοεῖσιιν
1695 264 1733 298 τῷ
1747 264 1802 290 σώ-

1009 307 1133 340 ματιτοῦ
1153 307 1317 343 δηλητηρίου
1341 308 1446 344 βλάϐην
1468 310 1511 336 διὰ
1531 310 1579 343 τῆς
1603 309 1708 341 οἰκείας
1725 310 1801 336 ἀντι-

1007 353 1124 385 παθείας
1134 353 1288 389 ἀπώσηται.
1304 354 1338 380 Τί
1354 354 1402 381 οὖν
1416 355 1473 380 ἐστι
1491 354 1571 381 τοῦτο
1586 363 1593 388 ;
1607 355 1690 381 Οζδὲν
1708 355 1804 390 ἕτερον

1006 397 1022 432 ἦ
1040 399 1129 424 ἐκεῖνο
1140 398 1169 424 τὺ
1186 398 1278 432 σῶμα,
1296 399 1310 425 ὂ
1327 399 1374 426 τοῦ
1387 407 1417 425 τε
1437 399 1556 426 θανάτου
1585 400 1711 434 κρεῖττον
1730 399 1800 426 ἐδεί-

1007 443 1070 478 χθη,
1085 443 1133 470 καὶ
1147 445 1195 477 τῆς
1217 444 1290 478 ζωῆς
1313 445 1392 479 ἡμῶν
1417 445 1641 480 προκατήρξοιτο.
1669 446 1803 479 Καθάπερ

1007 491 1063 524 γὰρ
1080 490 1166 525 μικρὰ
1179 490 1264 526 ζύμη,
1279 491 1369 522 καθώς
1382 500 1465 526 φησιν
1480 492 1493 517 ὁ
1511 491 1683 523 Ἀπόστολος,
1700 492 1760 518 ὅλον
1772 491 1804 517 τὸ

1008 536 1123 571 φύριμα
1152 537 1220 571 πρὺς
1238 537 1340 571 ἑαύτὴν
1369 537 1500 572 ἐξομοιοῖ,
1523 537 1595 564 οὕτω
1617 537 1647 563 τὺ
1671 537 1804 564 ἀθανατι-

1008 581 1071 607 σοὲν
1086 581 1142 616 (24)
1159 582 1211 608 ὑπὸ
1228 582 1274 608 τοῦ
1290 581 1358 608 Θεοῦ
1378 582 1468 617 σῶμα.
1498 583 1527 609 ὲν
1545 582 1583 617 τῷ
1599 583 1728 618 ἡμετέρῳ
1756 591 1803 617 γε·

1007 627 1131 662 νόμενον,
1140 628 1201 654 ὅλον
1211 628 1278 663 πρὸς
1295 629 1375 655 ἑαυτὸ
1392 631 1536 664 μεταποιεῖ
1547 629 1594 656 καὶ
1608 630 1800 664 μετατίθησιν.

1013 673 1058 705 Ὣς
1075 673 1131 708 γὰρ
1157 674 1197 708 τῷ
1217 674 1375 710 φθοροποιῷ
1397 675 1466 710 πρὸς
1493 675 1523 702 τὸ
1551 676 1675 710 ὑγιαῖνον
1699 677 1802 710 ἀναμι-

1007 720 1109 755 χθέντι,
1123 719 1197 746 ἅπαν
1212 720 1242 746 τὸ
1258 721 1413 754 ἀνακραοὲν
1437 721 1647 756 συνηχρείωται,
1667 721 1739 747 οὕτω
1753 722 1801 747 καὶ

1006 767 1036 793 τὴ
1050 767 1183 794 ἀθάνατον
1198 768 1289 802 σῶμα,
1304 769 1332 794 ἐν
1344 768 1380 805 τῷ
1393 769 1628 795 ἀναλαεόντιαὺτὸ
1643 768 1801 803 γενόμενον,

1009 813 1076 848 προς
1087 813 1135 848 τὴν
1157 814 1256 840 ἑαυτοῦ
1286 815 1367 848 φύσιν
1388 815 1418 841 τὸ
1438 816 1492 841 πᾶν
1515 815 1713 850 μετεποίησεν·
1730 814 1800 841 ἀλλὰ

1011 859 1064 895 μὴν
1074 860 1124 887 οὐκ
1141 861 1214 887 ἔστιν
1230 861 1317 893 ἄλλως
1328 862 1402 893 ἐντός
1416 870 1442 888 τι
1457 862 1586 896 γενέσθαι
1597 862 1644 887 τοῦ
1661 861 1802 896 σώματος,

1011 906 1047 941 μὴ
1062 906 1106 933 διὰ
1124 907 1252 942 βρώσεως
1269 908 1284 943 ἧ
1301 909 1408 941 πόσεως
1425 910 1479 940 τοῖς
1495 909 1661 944 σπλάγχνοις
1676 917 1802 944 καταμι-

1009 953 1160 988 γνύμενον·
1180 954 1278 981 οὐκοῦν
1293 955 1451 988 ἐπάναγκες
1480 955 1551 982 κατὰ
1566 955 1612 982 τὸν
1628 955 1742 981 δυνατὸν
1765 956 1800 990 τῇ

1009 999 1090 1033 φύσει
1106 1000 1206 1034 τρόπον
1223 1000 1273 1036 τὴν
1295 999 1429 1032 ζωοποιὸν
1446 1001 1562 1036 δύναμιν
1582 1001 1621 1036 τῷ
1634 1001 1742 1036 σώματι
1756 1001 1803 1027 8;-

1010 1045 1117 1078 ξασοαι.
1128 1046 1217 1073 Μάνου
1231 1047 1259 1073 δὲ
1276 1047 1323 1073 τοῦ
1338 1047 1462 1084 θεοδόχου
1476 1047 1602 1083 σώματος
1615 1049 1720 1074 ἐκείνου
1737 1045 1803 1075 τασ-

1009 1099 1058 1126 την
1076 1091 1223 1127 δεξαμένου
1240 1093 1289 1128 τὴν
1318 1094 1409 1129 χάριν,
1440 1094 1528 1125 ἄλλως
1547 1094 1574 1120 δὲ
1590 1094 1742 1129 δειχθέντος
1763 1095 1801 1129 μὴ

1009 1136 1079 1165 εἶναι
1100 1138 1212 1166 δυνατὸν
1243 1141 1272 1165 ἐν
1303 1140 1440 1176 ἀθανασ’ᾳ
1459 1141 1586 1176 γενέσθαι
1616 1141 1646 1167 τὸ
1666 1141 1802 1176 ἡμέτερον

1010 1184 1100 1218 σῶμα,
1118 1185 1155 1220 μὴ
1175 1185 1219 1211 διὰ
1240 1186 1292 1220 τῆς
1313 1187 1381 1221 πρὸς
1398 1186 1429 1213 τὸ
1450 1187 1584 1214 ἀθάνατον
1604 1187 1748 1218 κοινωνίας
1772 1188 1802 1214 ἐν

1012 1233 1141 1267 μετουσίᾳ
1157 1232 1207 1267 τῆς
1219 1234 1375 1268 ἀφθαρσίας
1389 1234 1548 1268 γενόμενον,
1566 1235 1705 1269 σκοπῆσαι
1716 1243 1804 1270 προσ-

1009 1278 1072 1313 ήκει
1092 1279 1150 1310 πῶς
1162 1280 1271 1313 ἐγένετο
1286 1280 1399 1307 δυνατὸν
1415 1281 1444 1307 τὸ
1474 1280 1502 1307 ἓν
1522 1282 1611 1308 ἐκεῖνο
1638 1281 1718 1315 σῶμα
1740 1282 1802 1312 ταῖς

1009 1324 1155 1356 τοσαῦταις
1169 1324 1224 1351 τῶν
1245 1325 1349 1353 πιστῶν
1365 1327 1478 1361 μυριάπι
1502 1327 1574 1353 κατὰ
1588 1327 1677 1353 πᾶσαν
1699 1326 1748 1361 τὴν
1761 1326 1803 1352 οἱα

1009 1371 1147 1406 κουμένην
1171 1372 1257 1398 εἰσαεὶ
1276 1372 1543 1408 καταμεριζὸμενον,
1570 1373 1630 1400 ὅλον
1647 1374 1675 1399 ὲν
1692 1373 1804 1408 ἑκάστῳ

1009 1417 1052 1444 διὰ
1065 1417 1112 1444 τοῦ
1129 1418 1230 1453 μέρους
1241 1418 1378 1452 γίνεσθαι,
1395 1420 1442 1446 καὶ
1456 1419 1522 1446 αὐτὸ
1538 1419 1632 1454 μένειν
1651 1418 1694 1453 ἐφ’
1709 1418 1804 1454 ἑαυτῷ

1009 1463 1069 1490 ὅλον
1074 1483 1080 1491 .

1049 1520 1057 1535 t
1076 1510 1181 1537 οὐκοῦν
1193 1511 1230 1542 ὡς
1245 1511 1290 1544 ἂν,
1310 1511 1378 1547 προς
1393 1511 1423 1538 τὸ
1437 1512 1656 1548 ἀκόλουθονὴμῖν
1675 1513 1691 1548 ἡ
1707 1512 1804 1546 πίστις

1011 1555 1158 1591 βλέπουσα,
1191 1557 1327 1593 μηδεμίαν
1344 1558 1510 1593 ἀμφιϐολίαν
1527 1560 1591 1595 περὶ
1611 1558 1659 1593 τοῦ
1687 1568 1805 1595 προκει-

1011 1602 1093 1637 μένου
1106 1603 1241 1638 νοήματος
1257 1603 1317 1639 ἔχῃ.
1343 1604 1442 1639 μικρόν
1464 1613 1490 1631 τι
1508 1605 1643 1640 προσήκει
1662 1613 1806 1640 παρασχο-

1009 1647 1091 1683 λῆσαι
1118 1649 1164 1675 τὸν
1181 1648 1259 1683 λόγον
1272 1650 1311 1680 εἰς
1335 1650 1384 1685 τὴν
1401 1651 1579 1684 φυσιολογίαν
1595 1650 1642 1678 τοῦ
1661 1651 1804 1686 σώματος.

1009 1694 1057 1725 Τίς
1079 1694 1133 1729 γὰρ
1149 1695 1199 1720 οὐκ
1214 1692 1285 1721 οἵδεν
1309 1695 1350 1722 ὃτι
1369 1697 1385 1730 ὴ
1403 1695 1450 1722 τοῦ
1470 1697 1597 1731 σώματος
1622 1697 1700 1732 ἡμῶν
1718 1697 1804 1732 φύσις

1008 1741 1077 1776 αὐτὴ
1088 1741 1148 1767 καθ’
1162 1742 1262 1777 ἑαυτὴν
1283 1743 1311 1769 ὲν
1340 1743 1393 1778 ἰδίᾳ.
1409 1743 1462 1769 τινὶ
1483 1743 1632 1770 ὑποστάσει
1659 1743 1731 1778 ζωὴν
1748 1745 1803 1770 οὑκ

1007 1787 1075 1821 ἔχει,
1106 1787 1174 1814 ἀλλὰ
1190 1788 1234 1815 διὰ
1262 1788 1312 1824 τῆς
1337 1789 1534 1824 ὲπξισρεούσης
1561 1790 1630 1824 αὐτῇ
1657 1789 1803 1823 δυνάμεως

1008 1834 1115 1869 συνέχει
1132 1844 1162 1861 τε
1178 1835 1277 1870 ἑαυτὴν
1299 1835 1347 1862 καὶ
1372 1835 1402 1862 ἐν
1417 1836 1456 1871 τῷ
1472 1834 1542 1863 εἶναι
1561 1837 1649 1871 μένει,
1666 1836 1803 1872 ἀπαύστῳ

1007 1882 1112 1915 κινὴτει
1129 1881 1158 1907 τὸ
1181 1881 1285 1908 τέλειον
1310 1882 1377 1917 πρὸς
1390 1883 1491 1917 ἑαυτὴν
1511 1883 1690 1918 ἐφελκομένη,
1705 1883 1753 1909 καὶ
1768 1883 1802 1909 τὸ

1007 1928 1168 1963 περιττεῦον
1180 1928 1383 1964 ἀπωθουμένης
1405 1929 1438 1956 'H
1453 1929 1481 1955 δὲ
1493 1929 1609 1964 δύναμις
1626 1928 1696 1964 αὕτη
1711 1930 1802 1965 τροφὴ

1006 1975 1054 2000 καὶ
1068 1974 1126 2000 ἐστι
1144 1975 1191 2001 καὶ
1205 1974 1326 2008 λέγεται.
1346 1975 1423 2002 Ἔστι
1435 1975 1463 2001 δὲ
1477 1976 1525 2010 οὺχ
1543 1976 1559 2011 ὴ
1575 1976 1645 2011 αὑτὴ
1658 1976 1725 2002 πᾶσι
1742 1977 1802 2008 τοῖς

1007 2021 1186 2056 τρεφομένοις
1209 2020 1343 2056 σώμασιν,
1361 2021 1429 2049 ἀλλά
1446 2031 1488 2054 τις
1505 2023 1614 2058 ἑκάστῳ
1629 2022 1803 2057 κατάλληλος

1008 2066 1084 2100 παρὰ
1097 2067 1143 2093 τοῦ
1159 2067 1208 2102 τὴν
1222 2067 1303 2101 φύσιν
1323 2068 1531 2104 οἱκονομοῦντος
1555 2069 1801 2104 ἀποκεκλήρωται.

1007 2113 1048 2139 Τὰ
1067 2113 1116 2148 μὲν
1148 2113 1201 2148 γὰρ
1228 2113 1283 2140 τῶν
1311 2113 1388 2146 ζώων
1415 2115 1622 2150 ριζωρυχοῡντα
1647 2117 1802 2150 τρέφεταιο

1009 2158 1113 2193 ἑτέροις
1133 2159 1161 2185 δὲ
1177 2159 1251 2185 ἔστιν
1268 2161 1284 2194 ἡ
1298 2159 1351 2186 πόα
1376 2160 1510 2195 τρόφιμος
1521 2169 1528 2176 ·
1545 2162 1624 2192 κυνὸς
1640 2162 1668 2188 δὲ
1682 2162 1698 2197 ἡ
1711 2163 1801 2198 τροφὴ

167 2201 340 2229 retinendum
368 2203 642 2237 conservandumque
671 2203 833 2236 humorem,
863 2204 954 2238 potio;

1010 2204 1112 2239 σάρκες
1129 2205 1198 2231 εἰσιν
1209 2212 1218 2220 ⁸
1247 2205 1330 2240 ἄρτος
1345 2206 1373 2232 δὲ
1393 2207 1462 2233 κατὰ
1477 2207 1506 2232 τὸ
1529 2207 1737 2242 προηγούμενον
1753 2209 1802 2234 dv-

167 2253 255 2281 III‘QIIC
280 2246 338 2274 haec
363 2255 440 2282 aqua:
463 2249 670 2281 tantummodo,
701 2248 747 2275 sed
773 2249 828 2275 vini
848 2256 955 2283 quoque

167 2293 289 2319 adhibito
306 2293 492 2325 condiutento,
510 2298 540 2321 ut
558 2294 665 2321 interno
686 2294 773 2321 calori
789 2302 866 2329 opem
885 2293 957 2321 fera-

167 2347 238 2366 ntus.
264 2339 314 2372 Qui
332 2347 398 2374 ergo
414 2340 473 2367 haec
490 2340 654 2373 considerat,
670 2341 693 2367 is
725 2341 758 2368 de
782 2341 866 2368 nostri
892 2349 952 2368 cor-

167 2386 242 2420 poris
271 2386 439 2414 incretnento
462 2387 588 2414 videlicet
612 2387 737 2422 cogitat:
761 2395 878 2421 namque
904 2387 956 2415 ista

164 2432 297 2458 alimenta
313 2431 384 2459 intra
399 2439 449 2460 nos
462 2439 581 2468 recepta,
604 2433 717 2468 sanguis
735 2440 853 2468 caroque
871 2434 956 2466 ﬁunt;

165 2478 228 2504 dum
261 2479 390 2506 alimonia
424 2485 535 2514 propter
557 2480 612 2506 vim
636 2480 679 2507 sui
706 2480 911 2513 commutandi,
931 2481 956 2508 in

164 2526 288 2559 κλῆροι-ιδ
310 2526 424 2560 ligarant
441 2526 547 2553 transit.

204 2671 215 2686 ι
235 2661 281 2689 llis
295 2669 312 2689 a
331 2663 407 2690 nobis
419 2663 456 2691 ita
473 2664 633 2698 euuclcatis,
643 2665 677 2691 ad
695 2665 861 2700 propositum
878 2672 955 2693 mens

203 2735 245 2763 "1
259 2736 320 2763 Cor.
335 2744 361 2769 ν,
374 2738 402 2763 ὕ.

1008 2250 1128 2285 θρώπῳ·
1145 2252 1191 2278 καὶ
1208 2252 1248 2284 εἰς
1263 2252 1312 2287 τὴν
1327 2253 1374 2279 τοῦ
1392 2253 1477 2288 ὑγροῦ
1492 2254 1622 2288 διαμονὴν
1638 2255 1686 2280 καὶ
1701 2255 1803 2290 aui/1f)—

1009 2305 1088 2331 ρησιν
1104 2298 1186 2324 ποτὸν
1200 2298 1305 2333 γίνεται
1334 2300 1383 2326 οὐκ
1401 2300 1466 2326 αὐτὸ
1482 2301 1562 2335 μόνον
1586 2301 1615 2327 τὸ
1633 2301 1715 2335 ὓδωρ,
1741 2302 1800 2328 ἀλλ’

1006 2343 1071 2378 οἴνῳ
1086 2344 1216 2376 πολλάκις
1227 2345 1441 2380 ὲφηδυνόμενον,
1458 2347 1526 2381 πρὸς
1552 2347 1600 2380 τὴν
1623 2347 1670 2373 τοῦ
1695 2348 1800 2382 Οερμοῦ

1005 2388 1053 2415 τοῦ
1068 2391 1096 2416 ἐν
1111 2392 1176 2426 ἡμῖν
1193 2392 1362 2427 συμμαχίαν.
1384 2393 1491 2419 Οὐκοῦν
1505 2395 1518 2420 ό
1535 2394 1603 2429 πρὸς
1619 2393 1707 2420 causa.
1735 2393 1800 2428 βῗιέ-

1007 2445 1066 2463 πων
1090 2437 1286 2473 δυνάμειπρὸς
1308 2439 1353 2465 τὸν
1373 2439 1455 2473 ὄγκον
1472 2440 1520 2466 τοῦ
1544 2440 1680 2475 ἡμετέρου
1705 2441 1801 2474 σώμα-

1006 2491 1051 2513 τος
1067 2483 1158 2517 βλέπει
1169 2492 1175 2499 ε
1193 2485 1221 2510 ὲν
1231 2484 1294 2518 ἐμοὶ
1312 2485 1368 2520 γὰρ
1394 2486 1486 2512 ἐκεῖνα
1503 2486 1647 2520 γινόμενα,
1664 2483 1734 2520 αἷμα
1751 2487 1800 2513 καὶ

1008 2529 1088 2563 σῶμα
1099 2529 1204 2563 γίνεται
1225 2531 1412 2565 καταλλήλως,
1426 2531 1471 2558 διὰ
1485 2531 1534 2566 τῆς
1547 2531 1728 2566 ἁλλοιωτικής
1751 2532 1799 2558 δυο

1008 2575 1116 2610 νάμεως
1139 2577 1207 2611 πρὸς
1222 2577 1252 2603 τὸ
1262 2578 1308 2603 τοῦ
1323 2577 1449 2612 σώματος
1474 2576 1543 2609 εἶδος
1554 2577 1604 2612 τῆς
1616 2577 1719 2613 τροφῆς
1733 2578 1800 2613 μεο-

1009 2622 1169 2658 ισταμένης.

1047 2676 1056 2692 t
1073 2668 1183 2694 Τούτων
1194 2670 1261 2704 ἡμῖν
1273 2669 1367 2696 τοῦτον
1384 2670 1611 2706 δαυκρινῡέντων
1626 2671 1671 2698 τὸν
1685 2672 1796 2705 τρνῦπον,

202 2809 258 2842 (at)
283 2808 446 2850 [tm-tissime
472 2811 566 2837 ctnlex.
595 2809 716 2838 Pessime
748 2818 811 2837 vero
838 2810 953 2846 Ny>seui

1011 2813 1058 2841 itio
1093 2812 1265 2842 Oavastsﬂév.
1299 2819 1326 2842 et
1351 2814 1463 2843 ridicule
1488 2815 1676 2850 interpretatio
1699 2824 1714 2842 α
1740 2816 1795 2844 Dea

166 2849 249 2871 morle
266 2845 398 2878 alltc/um.
