1942 3081
110 137 157 168 261

787 135 1019 165 DlSPU'l‘ATlU
1042 137 1082 166 Il.

1688 137 1743 168 252

111 196 278 224 ἐπανακτέον
291 195 370 223 πάλιν
385 196 452 231 πρὸς
465 194 499 221 τὰ
512 194 684 230 προκείμενα
697 194 747 229 τὴν
761 193 883 221 διάνοιαν
895 202 901 208 ·

962 201 1050 222 nostra
1067 196 1219 222 revocanda
1238 199 1289 222 est.
1311 194 1508 227 Qua-rcbamns
1531 194 1603 221 enim
1625 202 1744 228 quanam

111 244 232 278 ἱζητεῖτο
247 242 312 277 γὰρ,
337 241 397 273 πῶς
411 241 441 267 τὸ
457 241 486 267 ἓν
500 241 590 266 ἐκεῖνο
607 240 686 275 σῶμα
715 240 763 266 τοῦ
783 240 903 275 Χριστοῦ

112 291 200 316 ’πᾶσαν
220 288 350 320 ζωοποιεῖ
372 288 423 323 τὴν
435 287 490 314 τῶν
511 286 666 321 ἀνθρώπων
680 286 773 320 φύσιν,
788 287 817 312 ἐν
831 286 904 317 ὅσοις

110 337 127 371 ὴ
148 336 237 366 πίστις
262 335 332 366 ἐπὶ,
353 335 422 370 πρὸς
441 335 546 365 πάντας
566 334 758 369 μεριζόμενον,
777 334 824 360 καὶ
837 333 905 359 αὐτὸ

112 381 139 408 οὗ
154 381 329 416 μειούμενον.
365 381 442 414 Τάχα
458 379 548 405 τοίνυν
566 379 648 412 ἐγγὺς
664 379 712 405 τοῦ
737 378 843 410 εἰκότος
863 378 906 405 λό-

111 436 159 462 γου
177 427 325 462 γινόμεθα.
345 427 374 453 ΕΞ
398 428 452 461 γᾲρ
474 426 576 457 nam;
594 425 641 453 τοῦ
658 424 815 460 σώματοςὴ
836 425 904 451 ὑπό-

113 483 205 505 στασις
224 475 255 499 εκ
271 473 321 508 τῆς
339 473 445 507 τροφῆς
464 471 580 506 γίνεται,
596 470 668 505 αῦτη
685 470 714 497 δὲ
731 470 833 506 βρῶσις
858 471 905 496 καὶ

113 519 189 549 πᾶσις
204 518 281 544 ἐστίν
295 526 302 533 ·
319 518 377 544 ἔστι
399 518 427 544 δὲ
440 517 469 543 ὲν
491 517 541 551 μὲν
554 518 587 552 τῇ
603 516 704 551 βρώσει
721 517 814 551 ἄρτος,
828 517 856 542 ὲν
876 516 904 542 δὲ

112 565 144 598 τῇ
160 564 238 589 πόσει
252 562 327 599 ὕδωρ
340 562 528 598 ὲφηδυσμένον
542 561 581 597 τῷ
594 563 658 597 οἴνῳ
670 570 678 577 ·
702 563 716 588 ὁ
731 561 759 588 δὲ
774 562 819 588 τοῦ
836 561 904 587 Θεοῦ

114 608 199 642 Λόγος
220 610 253 643 τῇ
263 608 428 644 ἀνθρωπίνῃ
449 607 604 642 συνεκράθη
633 606 725 642 φύσει,
751 606 798 633 καὶ¹
816 608 844 633 ὲν
866 606 904 642 τῷ

114 654 221 689 σώματι
235 655 273 689 τῷ
285 656 413 690 ἡμετέρῳ
427 654 584 689 γενόμενος,
599 655 649 680 οὐκ
662 653 745 689 ἄλλην
757 653 818 680 τινὰ
834 661 906 688 παρ-

113 702 313 737 εκαινοτόμησε
332 703 366 737 τῇ
384 701 465 736 φύσει
487 701 537 737 τὴν
552 701 695 732 σύστασιν,
709 700 777 727 ἀλλὰ
791 700 835 727 διὰ
851 700 904 726 τῶν

115 747 238 781 συνήθων
255 756 285 773 τε
302 748 350 774 καὶ
372 746 549 782 καταλλὴλων
562 746 665 773 δέδωκε
676 745 716 781 τῷ
728 746 792 772 καθ’
806 745 903 771 ἑαυτὸν

114 792 221 826 σώματι
236 791 285 826 τὴν
297 791 440 827 διαμονὴν,
460 790 561 827 βρώσει
577 791 624 817 καὶ
639 791 716 817 πόσει
729 790 904 826 περι;ιρατῶν

113 838 160 873 τὴν
181 838 349 864 ὑπόστασιν·
363 838 379 874 ἡ
394 838 422 864 δὲ
445 837 548 873 βρῶσις
570 837 652 872 ἄρτος
668 835 720 872 ἦν·
745 836 841 871 ὥσπερ
860 836 904 870 ὲῳ’

114 885 203 918 ἡμῶν,
220 884 311 917 καθὼς
329 884 379 920 ἤδη
394 884 513 920 εῐρηται,
529 884 543 910 ὁ
558 884 604 910 τὸν
619 883 701 918 ἄρτον
716 883 778 910 ἰδὼν
804 883 905 918 τρόπον

114 930 173 955 τινὰ
191 930 220 955 τὴ
239 930 317 966 σῶμα
345 930 373 957 τὸ
389 929 560 966 ἀνθρώπινον
580 929 689 965 βλέπει,
705 929 757 963 ὅτι,
774 930 803 955 ὲν
818 930 906 965 τούτῳ

115 976 218 1007 ἐκεῖνος
232 976 386 1011 γινόμενος,
397 976 477 1003 τοῦτο
492 975 598 1010 γίνεται
610 984 616 991 ·
631 976 704 1003 οὕτω
716 976 797 1003 κάκεῖ
807 975 837 1002 τὸ
849 975 906 1002 θεο-

115 1021 192 1056 δόχον
206 1022 299 1057 σῶμα,
315 1022 365 1057 τὴν
379 1023 484 1058 τροφὴν
498 1022 545 1049 τοῦ
573 1023 656 1059 ἄρτου
671 1022 905 1058 παραδεξάμενον,

115 1068 187 1103 λόγῳ
199 1070 252 1095 τινὶ
266 1069 363 1095 ταύτὸν
372 1067 406 1105 ἦν
419 1070 525 1105 ἐκείνῳ,
535 1069 585 1105 τῆς
600 1070 714 1105 τροφῆς,
728 1069 819 1100 καθὼς
829 1069 906 1104 εἴρη-

115 1123 173 1146 ται,
189 1115 259 1151 πρὸς
274 1115 323 1151 τὴν
338 1116 385 1142 τοῦ
402 1116 527 1151 σώματος
536 1116 617 1151 φύσιν
636 1115 850 1151 μεθισταμένης.
870 1115 906 1142 Τὸ

115 1161 168 1196 γὰρ
186 1162 295 1189 πάντων
310 1162 376 1189 ἴδιον
396 1163 444 1189 καὶ
467 1162 513 1189 ἐπ’
530 1162 638 1197 ἐκείνης
654 1163 705 1196 τῆς
720 1162 821 1197 σαρκὺς
833 1162 906 1197 ὠμο-

116 1203 236 1240 λογήθη,
258 1207 299 1232 ὅτι
312 1205 387 1241 ἄρτῳ
401 1207 512 1233 κάκεῖνο
533 1205 564 1232 τὸ
577 1206 656 1241 σῶμα
672 1205 843 1240 διεκρατεῖτο
855 1214 861 1221 ·
877 1205 907 1232 τὸ

117 1252 144 1278 δὲ
160 1252 240 1286 σῶμα
254 1254 286 1288 τῇ
300 1254 435 1288 ἐνοικήσει
451 1253 499 1279 τοῦ
515 1252 584 1279 Θεοῦ
604 1252 691 1286 Λόγου
712 1252 780 1287 πρὸς
791 1251 840 1287 τὴν
854 1251 908 1278 θεῖ-

117 1298 167 1332 κὴν
183 1299 262 1331 ἀξίαν
279 1299 459 1334 μετεποιήοη.
487 1299 585 1331 Καλῶς
609 1297 656 1325 οὖν
672 1299 719 1326 καὶ
735 1298 783 1325 νῦν
802 1298 848 1325 τὸν
869 1297 908 1334 τῷ

117 1343 189 1379 λόγῳ
200 1344 247 1370 τοῦ
257 1345 324 1371 Θεοῦ
340 1345 520 1380 ἁγιαζόμενον
537 1346 619 1381 ἄρτον
632 1345 673 1377 εις
689 1344 769 1379 σῶμα.
779 1344 826 1371 τοῦ
839 1344 907 1371 Θεοῦ

119 1391 207 1423 Λόγου
223 1391 429 1424 μεταποιεῖσθαι
446 1391 612 1426 πιστεύομεν
622 1399 629 1406 ·
645 1392 690 1418 καὶ
706 1391 762 1426 γὰρ
776 1391 864 1418 ἐκεῖνο
878 1390 909 1417 τὸ

121 1437 202 1470 σῶμα
221 1438 302 1471 ἄρτος
311 1439 344 1472 τῇ
365 1438 478 1473 δυνάμει
489 1436 521 1473 ἧν
532 1446 540 1453 ·
559 1437 678 1473 ἡγιάσθη
691 1437 719 1464 δὲ
733 1438 766 1472 τῇ
797 1437 910 1472 ἐπισκη-

121 1484 202 1511 νὼσει
217 1483 264 1510 τοῦ
277 1484 364 1518 Λόγου
378 1484 424 1510 τοῦ
439 1484 628 1519 σκηνώπαντος
639 1485 668 1510 ὲν
681 1485 715 1519 τῇ
730 1483 825 1518 σαρκί.
840 1483 910 1510 Οὐκ-

121 1530 168 1557 οῦν
192 1530 256 1557 ὅθεν
275 1532 288 1558 ο
308 1530 336 1556 ἐν
352 1530 449 1565 ἐκείνῳ
462 1530 500 1565 τῷ
518 1529 626 1564 σώματι
647 1528 844 1564 μεταποιηοεὶς
858 1527 910 1562 ἄρ-

119 1585 181 1609 τος,
196 1577 236 1609 εῑς
257 1577 331 1604 οείαν
347 1577 462 1611 μετέστη
477 1576 603 1610 δύναμιν,
620 1575 664 1601 διὰ
689 1574 734 1601 τοῦ
752 1573 835 1600 αὑτοῦ
861 1574 909 1600 καὶ

121 1623 169 1649 νῦν
185 1623 216 1649 τὸ
231 1623 288 1648 ἴσον
299 1622 416 1656 γίνεται.
435 1622 508 1648 Ἐκεῖ
524 1630 552 1648 τε
564 1621 618 1656 γὰρ
634 1621 650 1656 ή
664 1620 711 1646 τοῦ
723 1619 811 1654 Λόγοῦ
831 1619 911 1654 χάρις

121 1668 199 1703 ἅγιον
216 1669 327 1704 ἐποίησε
341 1668 432 1703 σῶμα,
445 1665 466 1702 ᾧ
481 1669 513 1694 ὲκ
525 1667 571 1694 τοῦ
595 1668 677 1702 ἄρτου
693 1668 709 1702 ὴ
723 1667 853 1697 σύστατις
865 1663 911 1702 ἦν,

121 1716 167 1742 καὶ
187 1715 288 1750 τρόπον
305 1715 366 1741 τινὰ
394 1714 442 1741 καὶ
465 1714 531 1740 αὐτὸ
565 1713 646 1747 ἄρτος
670 1711 720 1748 ἦν·
746 1711 865 1739 ἐνταῦθά
881 1719 911 1738 τε

121 1760 253 1790 ὡσαύτως
268 1761 282 1786 ὁ
301 1760 392 1795 ἄρτος,
410 1759 499 1790 καοώ;
517 1767 599 1794 φησιν
612 1759 626 1785 ό
643 1757 814 1790 Ἀπόστολος,
829 1757 911 1791 ἁγιά-

122 1807 199 1838 (tu:
212 1806 257 1833 διὰ
269 1806 348 1840 λόγου
357 1806 424 1832 Θεοῦ
438 1806 485 1832 καὶ
502 1805 660 1838 ἐντεύξεως,
675 1805 704 1831 οὗ
721 1803 765 1831 διὰ
784 1803 912 1839 βρώσεως

124 1854 228 1888 προῖὼν
244 1855 283 1885 εἰς
299 1853 330 1879 τὸ
345 1853 423 1887 σῶμα
434 1851 559 1886 γενέσθαι
574 1850 620 1877 τοῦ
635 1851 736 1885 Λόγου,
754 1849 812 1876 ἀλλ’
830 1849 912 1880 εὐθὺς

123 1900 192 1933 πρὸς
210 1899 240 1924 τὸ
256 1899 336 1932 σῶμα
365 1898 409 1924 διὰ
439 1897 518 1931 λόγου
547 1895 794 1932 μεταπαυόμενος,
820 1894 912 1926 καθὼς

122 1947 231 1980 εἴρηται
259 1945 312 1971 om
331 1944 377 1971 τοῦ
398 1944 498 1978 Λόγου,
522 1944 563 1969 ὅτι
581 1942 672 1969 Τοῦτό
687 1943 752 1969 ἐστι
772 1940 805 1968 τὸ
826 1939 912 1975 σῶμά

120 2000 180 2025 μου
198 1991 266 2027 (25).

166 2048 174 2063 ε
193 2039 286 2072 Ilion;
302 2037 330 2063 δὲ
350 2037 451 2072 σαρκὸς
466 2037 511 2063 καὶ
530 2036 575 2064 διὰ
586 2036 633 2062 τοῦ
645 2035 728 2071 ὑγροῦ
744 2034 913 2071 τρεφομένης

124 2086 166 2118 (οὗ
183 2085 237 2119 γὰρ
251 2085 283 2111 ἂν
294 2085 355 2119 δίχα
369 2084 418 2119 τῆς
435 2083 502 2119 πρὸς
517 2082 597 2110 τοῦτο
612 2082 744 2116 συζυγίας
757 2082 787 2108 τὸ
803 2083 832 2107 ἐν
845 2082 912 2115 ἡμῖν

122 2132 225 2165 γεῶὀες
237 2132 266 2157 ὲν
279 2131 318 2166 τῷ
334 2131 383 2166 ζῇν
395 2129 543 2165 διαμείνῃ),
564 2129 658 2164 ὥσπερ
675 2129 719 2155 διὰ
732 2128 782 2162 τῆς
794 2127 912 2163 στερρᾶς

123 2185 154 2202 τε
168 2176 216 2202 καὶ
231 2175 379 2202 ἀντιτύπου
395 2174 499 2209 τροφῆς
515 2174 545 2200 τὸ
569 2173 684 2208 στερρὸν
706 2172 754 2199 τοῦ
785 2171 912 2207 σώματος

957 240 1062 267 ratione
1087 240 1196 267 llttlt‘um
1223 240 1288 267 illud
1320 239 1421 267 Christi
1451 247 1552 274 corpus
1589 240 1743 267 universam

957 286 1095 313 hominum
1117 291 1242 312 naturam
1260 285 1379 313 viviticet
1396 286 1488 321 (modo
1506 286 1530 312 in
1557 285 1589 312 iis
1607 285 1673 312 ﬁdes
1697 286 1745 320 sit)

956 331 1063 359 cunctis
1094 331 1220 357 videlicet
1250 331 1425 358 distributum
1453 336 1480 358 et
1518 331 1605 366 ipsum
1634 331 1746 358 ntininte

956 378 1130 405 diminutum.
1149 376 1226 404 Nunc
1251 385 1314 404 rero
1338 377 1408 404 haud
1425 377 1529 412 procul,
1554 382 1582 404 ιιι
1605 385 1677 408 reor,
1699 377 1746 403 ab-

958 431 1054 451 sumus
1076 432 1090 450 θ
1119 424 1251 458 probabili
1279 424 1472 458 explicatione.
1497 423 1565 451 Nam
1583 424 1604 451 si
1626 424 1746 457 cujusvis

956 471 1077 505 corporis
1094 471 1270 498 subsistentia
1296 470 1473 503 nutrimento,
1498 470 1523 496 id
1549 475 1591 497 est
1612 471 1672 497 cibo
1697 479 1746 505 po-

957 521 1053 551 tnque,
1073 521 1199 549 constat;
1219 517 1239 542 si
1267 516 1463 542 nutrimentum
1491 516 1569 550 panis
1586 520 1640 547 est,
1668 520 1747 550 potus

955 567 1046 589 autem
1062 569 1131 596 aqua
1150 562 1212 588 vino
1228 562 1396 593 exbilarata;
1424 561 1446 588 si
1473 561 1519 588 Dei
1547 559 1668 588 Verbum
1683 569 1744 588 cunt

958 610 1076 636 ltuntatta
1093 612 1191 635 natura
1209 607 1385 642 c0ujunctutn
1405 613 1456 641 est,
1476 612 1674 641 assumptoque
1686 615 1746 635 cor-

956 662 1021 689 pore
1048 659 1141 682 nostro
1176 655 1246 681 baud
1272 655 1353 681 aliain
1380 655 1531 688 quamlibet
1554 655 1747 682 conservanda:

957 705 1061 728 natum
1089 708 1144 727 snte
1171 701 1336 734 excogitavit
1361 700 1507 732 rationem,
1533 701 1580 727 sed
1610 702 1747 728 consuetis

956 747 1140 782 congruiSquc
1162 747 1300 774 alimentis
1316 751 1402 775 semet.
1424 749 1598 779 sustentavit,
1619 747 1681 774 cibo
1706 747 1748 773 ui-

957 794 1057 821 miruut
1080 799 1197 828 potuque
1223 793 1428 821 subsistentiant
1459 800 1535 820 suam
1562 801 1745 826 conservans;

957 840 1034 867 cibus
1056 844 1145 866 autem
1170 839 1249 874 panis
1271 844 1348 873 erat;
1370 838 1490 874 profecto
1516 839 1561 874 qui
1586 840 1656 874 apud
1684 846 1745 872 nos,

958 885 997 912 uti
1008 885 1065 920 jam
1081 884 1184 912 dictum
1200 889 1252 916 est,
1269 892 1366 919 panettt
1385 885 1468 917 videt,
1483 884 1505 911 is
1516 884 1663 911 bumannut
1677 891 1746 918 quo-

956 932 1100 960 dammodo
1128 939 1225 966 corpus
1249 931 1338 964 ridet;
1363 931 1426 965 quia
1454 930 1530 966 panis
1555 930 1582 957 in
1611 931 1745 957 bominetn

959 979 1142 1010 introductus,
1158 985 1257 1012 corpus
1279 978 1427 1004 ltttntanum
1446 976 1484 1003 fit.
1503 975 1549 1004 Sic
1566 983 1630 1011 ergo
1647 981 1674 1003 et
1688 975 1747 1003 dei-

960 1024 1047 1052 fcrutn
1061 1031 1160 1059 corpus
1175 1024 1239 1051 illud
1256 1031 1317 1051 cttnt
1336 1024 1413 1058 panis
1434 1023 1629 1050 nutrimetttum
1652 1030 1746 1050 sunte-

957 1074 1009 1102 ret,
1023 1069 1100 1104 panis
1115 1069 1314 1104 quodammodo
1331 1073 1401 1101 erat,
1428 1070 1490 1103 quia
1506 1069 1701 1096 nutrimentum
1718 1073 1747 1096 ut

958 1116 1076 1144 diximus
1103 1117 1129 1143 in
1153 1121 1277 1143 naturam
1294 1115 1418 1151 corporis
1437 1116 1664 1143 commutabatur.
1680 1115 1746 1142 Nam

959 1163 1030 1198 quod
1044 1167 1086 1190 est
1100 1163 1221 1189 omnium
1239 1162 1378 1189 hominum
1398 1162 1540 1196 proprium
1552 1183 1559 1195 ,
1577 1162 1602 1188 id
1624 1163 1649 1188 in
1665 1169 1749 1188 carne

958 1209 1063 1242 pariter
1082 1207 1161 1235 Verbi
1178 1208 1368 1240 usuveniebat,
1392 1215 1492 1242 nempe
1510 1212 1537 1234 ttt
1557 1207 1619 1234 illud
1641 1215 1748 1242 quoque

959 1261 1060 1290 corpus
1076 1262 1145 1288 pane
1159 1258 1370 1282 conservaretur
1394 1262 1401 1281 :
1426 1261 1526 1288 corptts
1549 1258 1641 1280 autent
1664 1254 1747 1280 divini

959 1301 1156 1330 inbabitatione
1182 1301 1263 1328 Verbi
1295 1301 1328 1328 ad
1365 1301 1487 1328 divinam
1523 1301 1685 1328 translatum
1708 1305 1751 1327 est

960 1349 1131 1384 dignitatem.
1160 1347 1243 1375 Recte
1269 1355 1335 1382 ergo
1362 1355 1433 1374 nunc
1460 1354 1569 1382 quoque
1591 1346 1636 1374 Dei
1667 1347 1749 1373 verbo

959 1395 1158 1422 sanctiﬁcatum
1174 1401 1271 1428 panem
1291 1393 1317 1420 in
1337 1394 1420 1420 divini
1434 1392 1516 1421 Verbi
1531 1394 1672 1420 credimus
1687 1400 1749 1419 cor-

960 1447 1010 1475 pus
1028 1440 1200 1467 commutari.
1222 1439 1329 1467 Etenim
1346 1440 1410 1467 illud
1424 1446 1533 1474 quoque
1548 1446 1645 1472 corpus
1658 1439 1682 1465 ri
1699 1446 1748 1466 sua

961 1487 1078 1515 naturali
1097 1486 1175 1522 panis
1197 1491 1269 1519 erat,
1290 1493 1443 1521 quanquam
1460 1486 1544 1513 divini
1563 1485 1643 1513 Verbi
1666 1485 1747 1512 inba-

961 1533 1105 1564 bitatioue,
1123 1532 1195 1566 quod
1213 1532 1240 1559 in
1257 1539 1340 1559 carne
1364 1532 1532 1567 bospitatuut
1553 1536 1607 1565 est,
1623 1535 1748 1558 sanctum

963 1580 1061 1607 evasit.
1077 1579 1163 1614 Igitur
1183 1579 1262 1606 sicuti
1278 1579 1304 1605 in
1323 1579 1387 1606 illud
1408 1579 1473 1605 olint
1488 1586 1588 1613 corpus
1614 1583 1751 1605 transmu-

964 1630 1036 1653 tatus
1051 1626 1139 1660 panis,
1156 1625 1188 1652 ad
1203 1625 1323 1652 divinant
1340 1624 1451 1652 transiit
1474 1625 1653 1659 dignitatem;
1677 1624 1751 1658 ejus-

962 1671 1023 1699 dem
1050 1672 1151 1698 virtute
1174 1670 1256 1698 Verbi
1275 1678 1349 1698 nunc
1377 1671 1447 1697 idem
1476 1671 1515 1698 lit.
1539 1670 1606 1697 Nam
1632 1675 1660 1697 et
1686 1675 1750 1696 tttnc

963 1718 1050 1754 gratia
1067 1717 1149 1746 Verbi
1171 1717 1353 1744 aanctiﬂeavit
1376 1723 1497 1750 corpus,
1523 1715 1595 1749 quod
1621 1722 1654 1742 ex
1673 1715 1751 1749 panis

963 1767 1059 1791 natura
1076 1762 1229 1794 constabat,
1247 1762 1301 1788 imo
1315 1767 1342 1788 et
1360 1753 1442 1796 panis.
1458 1760 1658 1795 quodammodo
1672 1765 1749 1793 erat;

963 1813 988 1837 et
1010 1816 1082 1836 nunc
1102 1808 1230 1836 similiter
1252 1806 1341 1842 panis,
1357 1811 1387 1833 ιιι
1398 1807 1434 1832 ait
1450 1804 1596 1840 Apostolus
1607 1805 1641 1838 ¹⁶ι
1668 1803 1751 1832 verbo

963 1855 1009 1883 Dei
1033 1859 1062 1882 et
1083 1853 1254 1882 invocatione
1275 1852 1464 1880 sanetiticatnr
1487 1858 1563 1878 :non
1588 1850 1660 1886 quod
1684 1857 1752 1877 sane

964 1899 1040 1934 panis
1060 1904 1171 1933 propter
1193 1905 1268 1925 esum
1286 1897 1312 1923 in
1340 1904 1440 1931 corpus
1457 1895 1537 1923 Verbi
1554 1900 1750 1927 commutetur,

964 1945 1010 1972 sed
1032 1944 1094 1979 quia
1121 1944 1144 1971 vi
1172 1943 1248 1970 verbi
1267 1943 1358 1970 statim
1379 1950 1479 1977 corpus
1506 1941 1640 1972 edicitur,
1668 1941 1751 1968 sicuti

963 1990 1082 2018 Verbum
1099 1990 1186 2024 ipsum
1206 1989 1275 2017 dixit
1292 1998 1298 2016 ε
1314 1988 1372 2016 Hoc
1386 1995 1424 2016 est
1441 1997 1535 2023 corpus
1552 1996 1650 2014 meum.

1002 2047 1011 2063 ι
1032 2037 1087 2071 Age
1104 2043 1167 2063 vero
1188 2043 1248 2062 cum
1263 2037 1351 2062 omnis
1368 2043 1430 2063 caro
1449 2035 1563 2062 humore
1578 2041 1684 2069 quoque
1699 2041 1753 2060 nu-

965 2083 1060 2110 triatur
1083 2083 1181 2118 (neque
1206 2082 1279 2109 enim
1304 2081 1362 2109 sine
1388 2082 1507 2109 humoris
1532 2081 1663 2108 societate
1691 2087 1754 2114 pars

964 2134 1056 2157 nostra
1073 2133 1159 2156 terrea
1179 2129 1260 2155 vitam
1275 2128 1429 2162 retinebit);
1449 2127 1527 2155 siculi
1551 2134 1598 2161 per
1611 2127 1708 2153 durum
1721 2133 1754 2152 ac

965 2175 1080 2204 solidum
1107 2175 1266 2202 alimentum
1292 2174 1456 2202 soliditatem
1479 2173 1600 2208 corporis
1616 2172 1753 2205 fulcimus,

123 2220 358 2254 ὐποετηριζομεν,
371 2218 417 2245 τὸν
433 2219 514 2244 αὑτὸν
534 2218 633 2251 τρόπον
648 2217 695 2244 καὶ
712 2216 751 2251 τῷ
773 2215 850 2251 ὑγρῷ
864 2214 909 2250 τὴν

966 2223 1001 2249 ita
1017 2222 1098 2249 etiatn
1119 2221 1224 2248 humori
1249 2228 1281 2248 ex
1306 2221 1472 2256 ltomogeuea
1497 2225 1591 2247 natura
1617 2219 1754 2245 accessio-

124 2266 288 2303 προσοήκην
312 2267 343 2292 ἐκ
368 2265 417 2300 τῆς
445 2263 593 2299 ὁμογενοῦς
610 2262 762 2297 ποιούμεθα
786 2261 912 2296 φύσεως·

123 2315 194 2348 ὅπερ
212 2315 240 2338 ὲν
258 2313 324 2347 ἡμῖν
351 2311 493 2346 γινόμενον
507 2311 550 2336 διὰ
565 2311 615 2345 τῆς
635 2307 814 2343 ἁλλοιωτικῆς
831 2307 913 2334 δυνά-

125 2369 200 2395 μεως
220 2358 427 2392 ἑξαιματοῦται,
445 2357 493 2384 καὶ
508 2356 627 2391 μάλιστά
640 2363 672 2389 γε
689 2356 712 2381 εἰ
724 2355 768 2381 διὰ
780 2353 828 2380 τοῦ
841 2354 914 2380 οἴνου

124 2407 204 2434 latior
231 2406 281 2439 τὴν
296 2405 413 2438 δύναμιν
433 2404 500 2439 πρὸς
520 2403 569 2437 τὴν
587 2403 626 2433 εἰς
645 2402 675 2427 τὸ
701 2401 802 2436 θερμὸν
831 2409 916 2435 μετα-

125 2454 248 2488 ποίησιν.
259 2451 333 2478 Ἐπεὶ
344 2450 391 2477 οῦν
406 2451 453 2477 καὶ
463 2451 542 2477 τοῦτο
560 2449 642 2484 μέρος
654 2450 671 2483 ὴ
684 2447 806 2483 θεοδόχος
822 2448 914 2482 ἐκείνη

127 2501 198 2535 σὰρξ
222 2500 291 2534 πρὸς
317 2498 367 2533 τὴν
392 2497 520 2524 σύστασιν
545 2496 645 2529 ἑαυτῆς
673 2494 916 2530 παρεδέξατο,ὁδε

126 2546 298 2582 φανερωοεὶς
309 2545 375 2575 Θεος
389 2545 432 2571 διὰ
448 2544 526 2571 τοῦτο
540 2542 687 2577 κατέμιξεν
701 2542 796 2567 ὲαυτδν
809 2542 842 2576 τῇ
860 2541 916 2566 ἐπι·

127 2594 207 2629 κήρῳ
222 2593 314 2628 φύσει,
333 2592 377 2618 ἵνα
394 2592 427 2626 τῇ
440 2590 490 2625 τῆς
507 2589 632 2623 θεότητος
652 2587 780 2622 κοινωνίᾳ
797 2595 916 2613 συναπο-

127 2640 217 2674 θεωοῇ
247 2640 277 2665 τὸ
293 2637 465 2674 ἀνθρώπινον
476 2644 482 2652 ·
504 2635 602 2662 τούτου
619 2635 698 2670 χάριν
711 2633 780 2659 πᾶσι
795 2633 852 2664 τοῖς
866 2641 914 2659 πε-

165 2719 207 2746 "I
224 2717 294 2745 Tim.
311 2724 348 2748 tr,
363 2715 391 2742 5.

164 2802 219 2838 (‘25)
243 2802 309 2828 lliuc
325 2798 538 2838 cognoscimus:
559 2795 708 2838 Nyssenum
737 2794 789 2821 vim
816 2793 915 2820 consti-

129 2833 250 2865 tuis-sein
266 2836 370 2863 (ᾇιιιλὶκιι
392 2833 478 2860 verbis
494 2841 499 2858 :
516 2833 570 2858 Hoc
585 2836 622 2857 est
639 2839 732 2864 corpus
749 2838 850 2862 meum;
863 2837 915 2862 qua

129 2874 278 2909 gravissimi
304 2871 366 2898 Pati
377 2870 401 2896 is
431 2869 594 2895 auctoritate
619 2866 810 2892 nonnullorum
837 2873 915 2891 error

967 2275 1027 2295 nem
1045 2275 1195 2300 curatnus‘:
1212 2267 1257 2302 qui
1276 2273 1341 2294 sane
1355 2267 1424 2293 intra
1442 2273 1490 2292 nos
1507 2270 1630 2299 receptus
1651 2271 1698 2298 per
1713 2264 1754 2290 sui

967 2313 1149 2342 commutandi
1161 2313 1213 2339 vim
1226 2313 1336 2346 sanguis
1347 2313 1452 2345 evadit;
1464 2311 1610 2347 pra‘sertim
1623 2309 1756 2344 siquando

967 2366 981 2385 a
997 2358 1059 2385 vino
1074 2358 1229 2384 transeundi
1245 2358 1278 2384 ad
1293 2357 1472 2384 substantiam
1491 2355 1604 2383 calidam
1622 2354 1757 2388 acceperit

968 2404 1135 2431 facultatem.
1151 2403 1282 2437 Quoniam
1300 2404 1380 2438 igitur
1395 2404 1465 2430 ltanc
1478 2409 1585 2437 quoque
1600 2399 1755 2428 nutrimeuti

969 2456 1073 2485 partem
1100 2449 1201 2477 deifera
1229 2449 1273 2476 illa
1301 2457 1366 2475 caro
1392 2449 1427 2476 ob
1453 2449 1494 2475 sui
1522 2445 1755 2474 conservationem

969 2496 1100 2528 sumpsit;
1120 2494 1306 2521 ntauil‘estatus
1330 2498 1419 2520 autem
1437 2492 1496 2520 orbi
1522 2492 1592 2519 Deus
1615 2494 1755 2525 propterea

968 2548 998 2568 se
1022 2540 1127 2567 mortali
1147 2544 1250 2566 naturze
1266 2539 1421 2571 admiscuit,
1439 2543 1467 2565 ut
1484 2537 1673 2565 communione
1688 2536 1757 2563 diri.

970 2586 1060 2613 uitatis
1071 2586 1241 2612 deilicarctur
1251 2585 1330 2612 simul
1344 2584 1508 2615 humanitas,
1519 2583 1620 2610 idcirco
1632 2582 1758 2609 omnibus

969 2633 1014 2667 qui
1031 2631 1122 2667 gratim
1137 2631 1330 2670 dispensationi
1346 2630 1468 2663 credunt,
1486 2630 1580 2657 inserit
1595 2637 1625 2657 sc
1637 2636 1684 2664 per
1695 2636 1757 2656 car-

973 2793 1105 2820 ιῚιΐιἨίιιιΓ
1121 2792 1276 2820 Grmcorunt
1291 2797 1317 2818 ct
1330 2791 1519 2822 Orientalium,
1535 2791 1580 2825 qui
1596 2798 1644 2825 per
1661 2791 1755 2817 subse-

970 2835 1085 2864 anutes
1113 2835 1207 2863 preces
1233 2827 1486 2854 lt‘ﬂttsrltulalloncttl
1516 2826 1575 2854 ﬁeri
1602 2831 1756 2853 autumant.
