1942 3081
199 117 250 149 26'!

911 117 1126 148 THEURIANI

1781 117 1840 149 968

195 176 300 202 tionem
315 171 401 200 sancti
427 170 516 199 Procli
543 170 833 206 Constantinopolitani
856 171 884 198 in
899 176 992 205 proto-

1056 172 1166 207 Ἑχομεν
1184 171 1263 206 λόγον
1278 171 1325 197 τοῦ
1342 171 1422 205 ἁγίου
1436 171 1560 206 Πρόκλου
1579 171 1843 200 Κωνσταντινουπό-

171 225 176 227 ‘
195 225 359 255 martyrem,
369 218 445 252 cujus
455 217 563 245 initium
577 217 735 245 (Sensibilis
747 217 855 252 quidem
867 217 917 244 sol.
926 218 988 244 »Δια

198 273 251 301 que
274 265 318 292 hic
335 271 426 292 sermo
447 264 518 291 haud
540 263 629 290 secius
655 263 730 290 nobis
749 263 926 295 adversatur,
950 263 989 288 ait

197 313 270 339 cnim
285 320 292 338 :
308 320 318 337 ι
337 311 359 339 0
377 310 439 338 novi
459 310 530 344 regis
540 309 699 336 admiranda
719 308 803 336 facta!
821 308 883 334 Ileri
901 313 989 334 mater

169 372 179 379 -
198 366 260 385 eum
273 358 389 393 peperit.
401 361 428 384 et
438 356 518 384 hodie
532 356 581 390 ipsi
595 355 728 391 gloriosus
743 355 897 389 Stephanus
914 354 991 381 obla-

198 407 242 430 tus
256 407 308 429 est.
327 411 337 428 ι
353 401 407 428 Sed
431 400 504 428 enim
524 400 556 426 ad
572 398 639 426 festa
654 398 727 434 quod
754 398 860 430 attinet,
878 402 906 424 ut
924 398 990 425 olim

198 455 306 483 quoque
321 447 368 474 tibi
393 446 459 479 dixi,
474 446 582 472 vivente
600 444 689 472 adhuc
707 445 785 471 beato
803 443 848 471 illo
862 443 989 471 Generali

200 496 285 522 fratre
302 501 362 520 meo
382 493 409 520 in
433 491 613 519 familiaribus
636 491 707 517 inter
730 497 779 517 nos
793 489 936 524 colloquiis
951 490 993 516 sic

199 540 376 568 dicebamus:
394 538 447 565 Cur
458 542 557 572 praeter
572 535 691 563 omnium
704 535 927 562 consuetudinem
942 541 992 561 nos

200 585 269 613 festa
302 581 476 619 peragimus?
498 581 609 610 Franci.
633 580 760 609 Romani.
791 578 865 614 Syri,
891 579 993 614 qumvis

201 639 270 667 gens
290 629 457 662 Christiana,
476 628 634 662 cmispirant
649 627 676 654 in
693 625 770 654 festis
782 631 865 661 atque
879 632 994 653 consen-

201 681 290 711 tiunt;
308 677 356 705 soli
370 675 492 704 Armenii
505 683 520 702 a
536 673 644 702 cunctis
660 672 820 701 dill‘erintus.

237 767 365 795 Tlll'sOR.
374 765 432 794 Jatn
440 765 463 793 si
475 765 544 792 forte
553 762 758 797 vosmnlpudet,
767 761 838 796 quod
845 767 906 788 cum
916 766 996 788 omne

202 823 286 850 genus
301 813 520 842 Christianorum
536 810 675 838 laboribus
689 808 818 841 abstinet,
833 808 923 836 sacris
935 807 996 834 lau-

1039 217 1107 247 λεως
1116 217 1155 247 εἰς
1166 216 1211 242 τὺν
1220 214 1492 251 πρωτομάρτυρα,οὖ
1503 217 1519 251 ἠ
1532 216 1630 252 ἀρχὴ,ι
1641 217 1671 243 ’0
1682 217 1731 252 μὲν
1742 218 1840 254 αἰσθη-

1039 262 1083 294 τὴς
1097 263 1181 298 ἥλιος.
1197 271 1206 287 ›
1219 259 1302 293 Οὗτος
1312 262 1358 289 οὖν
1373 263 1424 289 οὐκ
1436 262 1549 290 ἔλαττον
1565 265 1578 290 ὁ
1593 264 1671 296 λόγοε
1686 265 1783 291 τούτου
1795 266 1841 292 ἀν-

1039 309 1157 336 τίκειται
1167 309 1243 344 ἡμῖν·
1255 308 1330 343 λέγει
1339 310 1403 344 γάρ·
1411 309 1457 335 (“ﬂ
1467 309 1543 343 ξένου
1554 310 1687 345 βασιλέως
1696 311 1841 347 παράδοξα.

1041 355 1208 390 πράγματαί
1222 354 1286 390 χθὲς
1300 354 1408 390 ἐτέχθη,
1421 356 1469 382 καὶ
1479 356 1599 391 σήμερον
1612 357 1686 391 αὺτῴ
1698 358 1839 392 Στέφανος

1044 402 1150 435 ἔνδοξος
1174 402 1362 438 προσηνέχθη.
1381 411 1390 428 ι
1412 402 1495 429 Ἀλλὰ
1510 404 1575 438 περὶ
1600 403 1654 430 τῶν
1673 405 1786 439 ἑορτῶν,
1799 404 1840 436 ὥς

1043 456 1085 474 σοι
1109 447 1158 474 καὶ
1186 447 1302 483 πέρυσιν
1321 446 1408 480 εἷπον,
1419 447 1461 474 ἔτι
1472 449 1614 483 περιόντος
1635 449 1682 475 τοῦ
1700 449 1840 484 μακαρίου

1043 493 1197 520 Καϐολικοῦ
1214 493 1322 520 ἐκείνου
1337 493 1385 520 τοῦ
1402 493 1469 528 ἐμοῦ
1487 494 1602 528 ἀδελφοῦ
1617 494 1684 530 πρὸς
1707 495 1840 530 ἀλλήλους

1044 539 1281 575 κοινολογούμενοι
1296 539 1377 566 τοῦτο
1394 540 1538 575 ἐλέγομεν,
1549 541 1610 568 Ἵνα
1626 542 1651 567 τί
1667 542 1842 576 κεχωρισμέ-

1023 615 1028 624 ὶ
1045 595 1098 618 νως
1115 586 1170 613 ἀπὸ
1185 585 1295 613 πάντων
1315 587 1396 621 ἡμεῖς
1409 586 1596 622 έορτάζομεν;
1612 588 1746 623 Φράγγοι,
1771 588 1842 614 Ἱδω-

1046 633 1129 666 μαὶοι,
1143 631 1234 667 Σύροι,
1247 632 1293 658 καὶ
1303 633 1356 659 πᾶν
1373 632 1449 664 ἔθνος
1464 633 1636 668 Χριςτιανῶν
1655 632 1841 668 ὸμοφρονοῦσι

1045 679 1093 704 καὶ
1112 678 1353 713 ὁμογνωμονοῦσιν
1376 679 1406 704 ὲν
1436 680 1497 710 ταῖς
1522 679 1642 714 ἑορταῖς,
1663 680 1739 713 μόνοι
1763 679 1791 705 δὲ
1815 679 1841 704 οῑ

1045 723 1187 758 Ἀρμένιοι
1204 723 1393 758 διαφωνοῦμεν
1404 725 1472 760 πρὸς
1489 724 1622 756 ἅπαντας.

1087 769 1117 796 '0
1127 769 1226 797 ΘΕΩΡ,
1239 769 1298 796 Κᾶν
1315 769 1395 796 τοῦτο
1405 770 1435 796 οὐ
1451 771 1526 797 ποιεῖ
1541 770 1671 806 ὲρυθριᾷν
1689 771 1771 806 ὑμᾶς,
1787 771 1840 804 ὅτε,

1047 816 1129 843 ὁπότε
1143 816 1198 842 πᾶν
1213 816 1289 850 γένος
1303 816 1477 852 Χριστιανῶν
1505 816 1606 852 ἀργίαν
1622 817 1691 852 ἔχει,
1719 818 1767 843 καὶ
1782 818 1842 848 ταῖς

203 846 284 889 dibus
302 864 475 894 occupatum,
491 862 519 885 et
534 861 591 884 toto
605 855 671 883 orbe
687 859 823 882 terrarum
838 852 915 882 festis
928 860 995 881 con-

1056 862 1117 898 πρὸς
1129 863 1196 889 Θεὸν
1211 846 1378 897 έοξολογίαις
1393 846 1842 898 ὲνασχολείται,καί-ἐναγάλλεται

203 908 327 936 cionibus
341 906 457 937 leuatur,
475 911 522 932 vos
536 903 586 931 soli
601 910 662 930 cum
684 901 806 929 Hebraeis
831 908 864 929 ac
880 900 997 928 Sarace—

203 953 249 983 nis
262 952 371 980 servilia
386 958 469 986 opera
485 949 577 977 facitis
597 947 758 983 (praesertim
775 947 838 982 quia
851 954 918 983 gens
937 953 999 973 ves-

205 1005 245 1026 tra
276 997 375 1026 divinis
405 995 555 1031 Scripturis
588 1000 752 1029 magnopere
777 993 866 1020 studet
892 991 998 1018 :erede

203 1045 277 1074 enim
296 1044 375 1076 mihi,
391 1043 460 1071 nihil
486 1042 521 1070 ad
545 1041 660 1077 gratiam
682 1039 789 1075 loquor,
806 1045 868 1066 cum
895 1045 943 1065 vos
971 1037 998 1064 in

204 1090 291 1119 sacris
305 1089 399 1117 Bibliis
418 1088 498 1116 valde
521 1087 644 1115 eruditos
669 1083 770 1120 dico;)
789 1084 854 1120 quid
873 1091 936 1111 cum
960 1082 999 1109 ait

204 1136 360 1172 Tlieologus
368 1134 533 1169 Gregorius:
547 1132 688 1160 «Christus
703 1135 783 1158 natus
792 1135 844 1162 est,
858 1129 977 1160 laudate,
987 1137 996 1154 ι

205 1188 234 1211 et
260 1182 340 1218 paulo
361 1186 420 1216 post
436 1191 442 1208 :
460 1189 470 1206 ί
486 1179 543 1207 Hoc
569 1178 647 1206 nobis
674 1176 832 1212 panegyrim
854 1177 998 1206 convocat,

205 1229 258 1256 hoc
273 1228 406 1256 hodierna
421 1226 594 1254 solemnitate
608 1223 767 1254 recolimus,
784 1222 929 1249 adventum
944 1220 999 1247 sei-

205 1276 271 1303 licet
287 1275 332 1302 Dci
360 1274 394 1302 ad
412 1273 557 1305 homines;
576 1280 585 1298 ι
604 1269 702 1298 deinde
721 1269 749 1296 in
775 1275 903 1296 sermone
919 1266 973 1294 alio
990 1273 998 1292 :

211 1331 221 1348 ι
239 1322 338 1349 lterum
363 1319 443 1348 Jesus
471 1326 558 1350 meus,
585 1318 684 1345 iterum
711 1315 886 1351 mysterium;
907 1322 917 1338 ι
938 1319 999 1340 cum

208 1375 295 1402 ergo:
318 1376 328 1392 ι
345 1365 456 1398 Iterum,
484 1374 494 1391 ι
511 1363 622 1396 auditis,
654 1362 810 1389 nondunine
835 1358 1000 1393 intelligitis,

207 1414 280 1449 quod
300 1421 352 1441 non
367 1413 461 1440 eodem
488 1411 533 1438 die
556 1409 657 1438 Christi
679 1409 773 1436 Natale
799 1415 831 1435 ac
860 1405 1001 1442 Baptisma

208 1461 401 1489 celebrandum
418 1460 454 1487 sit
465 1459 477 1486 ‘i

243 1507 323 1536 GEN.
342 1507 429 1542 Caput
443 1496 494 1533 hoc
508 1505 534 1533 in
557 1505 649 1541 priore
664 1503 846 1538 disputatione
862 1503 931 1530 satis
943 1502 999 1537 jam

211 1559 368 1592 tractatum,
384 1558 456 1581 recte
478 1551 658 1588 compositum
674 1550 736 1578 fuit.
754 1549 793 1577 Ne
815 1550 895 1584 igitur
910 1554 1000 1576 actum

210 1609 288 1637 agas.

245 1646 374 1675 TllEOR.
393 1645 518 1673 Profecto
539 1649 627 1672 actum
646 1651 698 1671 non
714 1650 783 1678 ago;
800 1642 847 1670 sed
861 1649 920 1677 quas
940 1646 1003 1668 tunc

209 1695 244 1723 ob
259 1694 369 1721 nimiam
387 1691 492 1727 copiam
508 1698 556 1719 nos
571 1690 710 1726 fugerunt,
728 1697 759 1718 ea
777 1696 851 1716 nunc
864 1688 1003 1723 complere

211 1739 263 1768 lert
276 1739 393 1766 animus.
410 1737 476 1765 Nam
492 1741 520 1764 et
532 1736 566 1764 de
580 1743 658 1764 sacro
673 1739 812 1768 unguento
826 1739 891 1761 tunc
908 1734 1001 1764 locuti,

210 1793 289 1813 sacra
311 1783 474 1812 auctoritate
498 1790 550 1810 non
572 1781 804 1813 conﬁrmavimus,
826 1785 954 1815 oportere
978 1781 1002 1806 id

210 1831 316 1860 St‘iliccl
330 1838 363 1858 ex
378 1832 437 1857 oleo
451 1829 574 1856 olearum
592 1828 648 1855 lieri
662 1835 670 1861 ;
688 1827 734 1855 sed
751 1831 796 1853 tua
814 1825 1003 1853 tantummodo

211 1878 293 1904 verba
306 1876 426 1904 refutare
437 1875 557 1902 contenti
574 1874 686 1901 fuimus.
698 1872 788 1906 Nunc,
800 1873 823 1899 si
841 1871 940 1906 placet,
955 1878 1004 1897 au-

213 1922 369 1950 ctoritatem
384 1927 491 1955 quoque
512 1919 699 1951 recitabimus,
716 1925 749 1946 ne
768 1918 832 1953 quid
853 1917 1003 1950 videamur,

214 1972 243 1994 ut
257 1968 292 1994 ait
308 1966 492 2002 proverbium,
509 1973 541 1992 ex
562 1970 656 1992 ventre
673 1964 757 1999 loqui.
775 1964 803 1991 In
825 1963 920 1990 Exodo
935 1963 1005 1990 scri-

215 2019 290 2048 pluut
303 2017 344 2039 est
359 2021 366 2039 :
384 2011 498 2039 Locutus
510 2018 545 2038 est
561 2011 689 2038 Dominus
705 2009 790 2044 Moysi
805 2009 912 2037 dicem:
925 2008 1005 2036 Sume

215 2059 261 2086 tibi
274 2062 403 2089 aromata,
417 2057 509 2092 primm
525 2057 640 2092 myrrqu
655 2061 680 2083 et
695 2057 782 2083 electa
800 2056 955 2091 quingentos
969 2055 1005 2081 ti-

215 2105 278 2136 είοθ,
296 2104 407 2131 etodori
428 2103 571 2130 cinamomi
587 2103 728 2130 dimidiam
747 2102 902 2137 portionem,
921 2101 950 2127 id
965 2105 1004 2127 est

215 2154 340 2178 ducentos
353 2150 542 2186 quinquaginta
562 2150 650 2183 siclos,
663 2155 686 2176 et
703 2149 809 2176 odorati
821 2147 918 2174 calami
929 2147 1005 2173 aimi-

216 2199 276 2225 iiter
289 2199 414 2224 ducentos
427 2197 631 2232 quinquaginta,
648 2201 671 2223 et
684 2196 764 2223 casia:
784 2194 863 2221 εἰσίοι
879 2194 1008 2229 quingen-
1023 2187 1046 2215 1)

217 2252 256 2273 tor
272 2246 305 2272 ad
321 2244 468 2272 sanctuarii
484 2244 586 2279 pondut
603 2249 720 2275 exactos,
736 2247 759 2269 et
775 2242 860 2269 oleum
875 2241 1007 2271 olearum.

216 2288 389 2326 conﬁciuque
406 2290 537 2317 unctionis
544 2290 644 2323 oleum,
658 2294 819 2324 unguentum
834 2287 1007 2322 compositum

217 2343 276 2365 arte
304 2337 485 2373 unguentarii.
519 2336 575 2364 Hoc
608 2337 693 2362 oleant
726 2334 858 2362 unctionis
888 2338 1007 2361 sanctum

216 2385 264 2411 erit
278 2384 349 2411 '°'".
364 2381 490 2410 Audisti?
500 2381 730 2413 Oleumoleurum,
741 2388 793 2408 non
804 2380 914 2412 sesami,
926 2379 1004 2406 dixit.

252 2524 332 2555 GEN.
347 2525 431 2553 Sacra
447 2525 504 2552 haec
517 2524 676 2557 auctoritas,
692 2528 756 2551 ante
769 2523 851 2550 etiam
867 2530 948 2557 quam
967 2530 1010 2548 re-

218 2574 331 2603 citares,
350 2575 413 2598 nota
431 2571 509 2598 nobis
523 2574 592 2598 erat.
606 2570 659 2598 Sed
676 2577 738 2605 age,
753 2570 829 2597 trade
842 2569 921 2596 nobis
941 2568 1010 2594 scri-

219 2624 275 2653 pla,
290 2618 311 2645 si
329 2618 427 2652 placet,
440 2617 560 2652 capitula
574 2615 676 2647 omnia,
693 2624 752 2650 qua:
767 2619 876 2642 sanctus
890 2615 1009 2649 impera-

220 2669 262 2690 lor
278 2667 306 2690 et
319 2662 504 2690 Romanorum
519 2669 612 2691 sancta
631 2662 753 2690 Ecclesia
771 2669 787 2688 a
805 2661 882 2688 nobis
899 2660 1009 2695 probari

220 2709 370 2744 postulant,
386 2714 416 2737 ut
430 2711 476 2736 llat
493 2710 568 2737 unio.
586 2708 634 2736 His
656 2710 728 2736 enim
743 2707 923 2735 communiter
943 2715 1010 2734 con-

220 2755 356 2788 sideratis.
371 2761 490 2784 nostram
505 2756 538 2783 de
549 2755 673 2783 omnibus
689 2753 853 2782 sententiam
873 2754 1008 2781 dicemus.

258 2846 318 2862 ¹⁰·¹¹
336 2847 420 2876 Exod.
439 2856 502 2882 xxx,
515 2846 612 2875 22-25.

1048 909 1101 935 ἀνὰ
1125 909 1216 935 πᾶσαν
1231 909 1282 943 τὴν
1298 908 1463 944 οἰκουμένην
1477 908 1676 944 πανηγυρίζον,
1693 909 1773 943 ὑμεῖς
1791 908 1841 942 μό-

1047 962 1090 981 νοι
1114 953 1266 989 ἐργάζεσθε
1292 954 1362 988 μετὰ
1377 953 1431 980 τῶν
1451 953 1585 989 Ἐϐραίων
1608 954 1655 980 καὶ
1672 952 1842 988 Σαρακηνῶν

1050 1000 1108 1036 (καὶ
1125 1000 1227 1036 μᾶλλον
1244 1000 1320 1031 ἔθνος
1346 998 1548 1034 ἀσχολούμενον
1569 1000 1630 1030 ταῖς
1655 998 1742 1029 θείαις
1769 998 1842 1032 Γραε

1050 1048 1128 1082 φαίς·
1155 1048 1204 1073 καὶ
1226 1046 1370 1073 πίττευσόν
1387 1054 1432 1080 μοι
1443 1065 1450 1078 ,
1467 1045 1498 1072 οὐ
1516 1044 1582 1080 πρὸς
1598 1044 1678 1079 χάριν
1693 1044 1773 1078 λέγω,
1792 1051 1841 1068 πε-

1050 1093 1245 1127 πυκνωμένους
1262 1092 1335 1126 ὑμᾶς
1348 1091 1469 1126 εὑρίσκω
1481 1091 1522 1122 εις
1536 1090 1585 1126 τὴν
1601 1089 1677 1116 θείαν
1693 1089 1817 1124 Γραφήν·
1832 1088 1842 1123 )

1048 1139 1076 1166 τί
1098 1137 1146 1166 οὖν
1159 1139 1223 1166 ὅταν
1241 1138 1308 1174 λέγῃ
1324 1139 1338 1164 ὁ
1355 1137 1486 1172 Θεολόγος
1504 1136 1654 1172 Γρηγόριος
1670 1144 1676 1150 ·
1698 1145 1707 1161 ‹
1724 1135 1844 1171 Χριστὸς

1049 1187 1190 1220 γεννᾶται,
1202 1185 1332 1218 δοξάσατε
1344 1193 1350 1199 ·
1367 1194 1377 1211 ι
1395 1185 1443 1211 καὶ
1460 1183 1530 1218 μετά
1542 1192 1604 1210 τινα
1614 1191 1622 1199 ·
1641 1192 1650 1208 t
1666 1181 1752 1208 Τοῦτό
1767 1183 1844 1208 ἐστιν

1049 1234 1116 1268 ἡμῖν
1132 1233 1148 1268 ἡ
1168 1232 1334 1267 πανήγυρις,
1348 1231 1429 1258 τοῦτο
1447 1230 1612 1267 ἑορτάζομεν
1629 1229 1760 1266 σήμερον,
1778 1229 1842 1254 ἑπι-

1049 1279 1151 1314 δημίαν
1164 1277 1232 1305 Θεοῦ
1249 1278 1316 1314 πρὸς
1333 1277 1528 1313 ἀνθρώπους-ι
1546 1274 1606 1303 εἶτα
1621 1276 1651 1303 ἐν
1669 1275 1741 1310 ἄλλῳ
1759 1274 1844 1308 λόγῳο

1055 1335 1063 1350 ι
1082 1324 1169 1351 Πάλιν
1190 1323 1295 1359 Ἰησοῦς
1320 1324 1334 1350 ὁ
1362 1324 1438 1358 ἐμὸς,
1468 1323 1516 1349 καὶ
1541 1321 1622 1349 πάλιν
1640 1321 1810 1355 μυστήριον·
1833 1327 1842 1344 ι

1051 1372 1115 1399 ὅταν
1131 1370 1176 1397 οὖν
1192 1369 1310 1404 ἀκούητε
1326 1369 1356 1396 τὸ
1370 1378 1379 1395 ι
1400 1369 1486 1396 Πάλιν
1501 1377 1523 1400 ›,
1538 1365 1593 1402 ἆρα
1606 1367 1636 1393 οὺ
1648 1367 1733 1393 νοεῖτε
1748 1366 1789 1392 ὅτι
1813 1364 1845 1391 οὑ

1051 1419 1122 1446 κατὰ
1133 1419 1183 1453 τὴν
1200 1417 1285 1453 αὐτὴν
1300 1416 1409 1452 ἡμέραν
1428 1415 1590 1451 έορτάζεται
1603 1413 1637 1441 τὰ
1649 1412 1777 1440 Γενέθλια
1795 1412 1847 1438 καὶ

1051 1465 1082 1492 τὸ
1095 1465 1260 1503 Birt-noua;

1097 1509 1127 1535 ὐ
1141 1508 1221 1535 ΚΑΘ.
1234 1508 1270 1534 Τὸ
1278 1507 1425 1543 κεφάλαιον
1433 1506 1512 1533 τοῦτο
1519 1507 1547 1533 ὲν
1554 1506 1586 1542 τῇ
1597 1505 1716 1542 προτέρᾳ
1728 1504 1849 1537 διαλέξει

1054 1555 1236 1590 τρακταῖσθὲν
1249 1554 1349 1586 ἱκανῶς
1359 1555 1399 1586 εἰς
1413 1555 1500 1588 πέρας
1518 1552 1589 1588 ἢχθη
1605 1553 1722 1588 χρηστὸν
1735 1560 1741 1566 ·
1756 1551 1786 1578 οὐ
1803 1551 1848 1578 δεῖ

1053 1602 1120 1637 γοῦν
1137 1601 1178 1628 ἔτι
1196 1600 1373 1635 ταοτολογεῖν
1388 1601 1428 1632 είς
1440 1600 1530 1626 κενόν.

1096 1646 1126 1673 ’0
1139 1646 1235 1673 ΘΕΩΡ.
1249 1646 1306 1672 Οὐκ
1322 1643 1560 1678 έστιταυτολογία,
1575 1643 1632 1670 ἀλλ’
1642 1644 1691 1670 ὅσα
1700 1643 1759 1670 τότε
1767 1643 1845 1678 ἡμᾶς

1054 1693 1099 1720 διὰ
1113 1692 1144 1719 τὸ
1168 1691 1271 1728 πλῆθος
1293 1690 1467 1726 παρέδραμε,
1483 1689 1531 1717 νῦν
1554 1690 1753 1726 ἀναπληρῶσαι
1781 1697 1853 1723 προ-

1054 1737 1245 1772 τεθυμήμεθα.
1269 1736 1323 1763 Καὶ
1346 1735 1400 1771 γὰρ
1416 1735 1481 1771 περὶ
1501 1735 1549 1762 τοῦ
1567 1735 1655 1771 μύρου
1677 1735 1739 1761 τότε
1755 1735 1850 1761 εἰπόν-

1054 1793 1112 1817 τες,
1131 1784 1182 1811 οὐκ
1211 1783 1353 1818 ἐδωκαμεν
1381 1782 1496 1818 χρῆσιν,
1512 1782 1554 1809 ὅτι
1579 1782 1608 1814 ἐξ
1625 1782 1717 1808 ελαίου
1743 1780 1790 1807 τοῦ
1818 1781 1852 1814 ἐξ

1056 1831 1158 1857 ἐλαιῶν
1189 1830 1220 1857 τὸ
1250 1830 1338 1865 μύρον
1365 1829 1468 1863 ὀφείλει
1494 1828 1761 1860 κατασκευάζεσθαι,
1781 1827 1852 1853 ἀλλὰ

1058 1877 1137 1913 μόνον
1159 1877 1205 1904 τὸν
1231 1876 1277 1903 σὺν
1293 1875 1540 1910 ἁνεσκευασάμεθα
1556 1874 1646 1910 λόγον,
1670 1873 1728 1901 Νῦν
1743 1871 1801 1905 οὖν.
1823 1874 1851 1900 εί

1057 1923 1189 1956 κελεύεις,
1207 1923 1329 1958 εἴπωμεν
1342 1923 1391 1949 καὶ
1408 1921 1457 1957 τὴν
1472 1922 1581 1957 χρῆσιν,
1611 1921 1654 1948 ἵνα
1673 1921 1711 1956 μὴ
1725 1919 1852 1954 δόξωμεν

1057 1970 1111 1997 ἀπὸ
1123 1969 1227 2000 κοιλίας
1247 1968 1318 1995 κατὰ
1333 1968 1383 2003 τὴν
1400 1967 1553 2003 παροιμίαν
1568 1967 1670 1995 λαλεῖν.
1688 1967 1853 2001 Γέγραπται

1058 2016 1086 2042 ὲν
1101 2017 1133 2051 τῇ
1151 2015 1252 2047 Ἐξόδῳ
1263 2022 1270 2028 ·
1294 2013 1467 2047 Ἐλάλησεν
1482 2014 1498 2040 ό
1512 2013 1585 2045 Θεὸς
1599 2013 1675 2047 ,πρὸς
1691 2011 1785 2045 Μωσῆ
1799 2011 1853 2038 λέ-

1057 2070 1136 2096 των·
1162 2061 1217 2088 Καὶ
1235 2060 1277 2088 σὺ
1303 2059 1372 2087 λάϐε
1397 2059 1569 2094 ἡδύσματα,
1594 2059 1686 2091 ἄνθος
1712 2060 1853 2092 σμύρνης

1057 2106 1204 2141 ἐκλεκτῆς
1223 2106 1444 2138 πεντακοσίους
1459 2105 1598 2138 σίκλους,
1614 2104 1663 2131 καὶ
1676 2103 1851 2138 κιναμώμου

1059 2153 1191 2187 εὐώδους
1216 2153 1250 2180 τὸ
1276 2152 1371 2187 ἥμισυ
1399 2152 1518 2184 τούτου,
1537 2151 1713 2183 διακοσίους
1737 2149 1853 2184 πεντή-

1061 2209 1165 2231 κοντα.
1181 2200 1230 2228 καὶ
1246 2199 1385 2234 καλάμου
1401 2198 1535 2230 εὐώδους
1550 2197 1727 2230 διακοσίους
1740 2196 1854 2229 πεντή-

1060 2255 1163 2279 κοντα,
1192 2246 1241 2273 καὶ
1258 2245 1340 2279 ίρέως
1361 2245 1433 2281 [cotL
1451 2243 1561 2279 ίερέως[
1587 2243 1718 2276 σίκλους
1743 2250 1855 2269 πεντα-

1060 2291 1186 2323 κοσίους
1206 2290 1259 2317 τοῦ
1278 2290 1377 2324 ἁγίου,
1402 2289 1451 2316 καὶ
1467 2290 1572 2316 ἔλαιον
1594 2288 1628 2320 ἐξ
1658 2286 1779 2320 ἐλαιῶν,
1801 2287 1854 2314 καὶ

1061 2337 1200 2371 ποιήσεις
1216 2337 1288 2363 αὐτὸ
1308 2336 1411 2363 ἔλαιον
1427 2335 1540 2370 χρίσμα
1556 2334 1642 2370 ἅγιον
1653 2335 1751 2369 μύρον
1777 2342 1855 2368 μυρ-

1061 2384 1170 2417 εψικύν
1192 2382 1283 2416 τέχνῃ
1314 2381 1470 2418 μυρεψοῦ·
1500 2381 1605 2408 ἔλαιον
1631 2380 1746 2414 χρίσμα
1765 2379 1854 2412 ἅγιον

1061 2430 1156 2456 ἐσται.
1174 2429 1326 2462 Ἥκουσαςς
1345 2429 1466 2455 Ἕλαιον
1477 2427 1513 2460 ἐξ
1523 2426 1634 2454 ἐλαιῶν
1648 2424 1736 2455 εἶπεν.
1756 2425 1807 2452 οὐκ
1818 2425 1852 2450 ἐκ

1063 2476 1205 2510 σησάμων.

1103 2523 1134 2548 ’0
1145 2522 1222 2549 ΚΑΘ.
1232 2522 1287 2557 Τὴν
1301 2522 1399 2558 χρῆσιν
1413 2520 1525 2556 ταύτην,
1536 2519 1584 2546 καὶ
1593 2518 1646 2554 πρὸ
1662 2516 1710 2544 τοῦ
1726 2525 1754 2543 σε
1765 2517 1855 2542 εἰπεῖν

1062 2569 1266 2603 ὲγινώσκομεν·
1284 2569 1354 2602 πλὴν
1372 2569 1397 2594 εί
1411 2567 1543 2598 κελεύεις,
1561 2566 1606 2597 δὸς
1620 2565 1687 2600 ἡμῖν
1704 2563 1853 2597 ἐγγμῖφως

1062 2615 1097 2642 τὰ
1121 2615 1259 2649 κεφάλαια
1277 2615 1385 2641 ᾶπαντα
1403 2614 1453 2639 ὅσα
1469 2614 1482 2639 ὸ
1501 2612 1578 2646 ἅγιος
1607 2608 1734 2645 βασιλεὺς
1758 2605 1806 2632 καὶ
1835 2605 1852 2638 ἡ

1063 2659 1129 2693 ἁγία
1151 2659 1302 2694 Ἐκκλησία
1325 2658 1379 2684 τῶν
1401 2656 1547 2692 Ῥωμαίων
1567 2653 1644 2687 ζητεῖ
1672 2651 1737 2686 παρ’
1762 2649 1852 2686 ήμῶν,

1063 2706 1111 2733 ἐπὶ
1141 2705 1181 2739 τῷ
1208 2704 1336 2739 γενέσθαι
1364 2705 1413 2738 τὴν
1441 2704 1550 2732 ἕνωσιν,
1578 2700 1622 2726 ἴνα.
1649 2697 1737 2724 ταῦτα
1775 2697 1852 2730 κοινῇ

1064 2753 1265 2786 σκοπήσαντες,
1280 2752 1402 2785 εἴπωμεν
1426 2748 1456 2775 τὸ
1474 2747 1539 2783 ἡμῖν
1558 2744 1762 2780 παριστάμενον
1789 2741 1855 2776 περὶ

1065 2798 1184 2825 πάντων).
