1942 3081
105 181 158 212 269

779 183 894 214 DlSl’U

950 184 1013 214 T10
1035 183 1076 214 iI.
1683 188 1735 219 270
1785 163 1786 166 Ἴ

145 237 176 264 ⁴0
191 235 289 263 ΘΕΩΡ.
304 236 413 263 Ἔδωκα
430 236 566 271 κεφάλαια
578 235 672 264 ταῦτα·
684 238 742 264 Ἶνσ.
757 238 895 272 ἀναθεμα-

983 238 1109 266 TllEOR.
1128 239 1195 266 Tum
1214 247 1264 275 ego
1281 240 1339 268 hinc
1353 240 1469 276 capitula
1491 241 1588 269 tradidi
1611 251 1618 269 :
1638 250 1737 277 nempe

104 284 199 316 τίξωσι
214 284 277 314 τοὺς
298 282 429 316 λέγοντας
445 282 514 317 μίαν
533 282 614 317 φύσιν
630 284 675 310 τὸν
689 284 819 318 Χριστὸν,
841 285 895 310 Εὑ-

104 329 188 364 τυχέα
203 337 232 355 τε
247 329 296 355 καὶ
312 329 472 364 Διόσκορον,
489 329 611 364 Σεὸῆρον
633 330 680 356 καὶ
695 329 829 364 Τιμόθεον
848 330 896 356 τὸν

104 375 234 410 Δῖλουρον
255 375 304 402 καὶ
322 375 427 406 πάντας
450 375 514 407 τοὺς
538 375 695 411 ὁμόφρονας
712 376 825 402 τούτου·
848 377 896 402 καὶ

105 421 149 447 ἵνα
162 421 318 456 ὁμολογῶσι
333 421 380 448 τὸν
396 420 498 457 Κύριον
528 421 609 456 ἡμῶν
637 421 741 456 Ἰησοῦν
763 422 894 458 Χριστὸν,

105 468 154 494 ἕνα
177 467 307 502 Χριστὸν,
329 467 379 494 ἕνα
395 467 471 499 Υίδν,
485 467 534 494 ἕνα
555 467 668 503 Κύριον,
691 467 721 495 ἓν
736 469 894 504 πρόσωπον,

107 513 171 548 μίαν
188 513 342 540 ὑπόστασιν
366 513 398 539 ὲκ
418 512 466 539 δύο
482 512 596 540 τελείων
619 513 729 547 φύσεων
743 513 895 541 ἐνωοεισών

106 561 147 591 εἰς
173 559 238 594 μίαν
262 559 423 592 ὑπόστασιν,
445 560 617 595 ἀχωρίστως,
642 560 815 596 ἁδιαιρὲτως,
848 561 896 588 ἀν-

106 605 273 637 αλλοιώτως,
297 605 480 640 ἀσυγχύτως·
506 606 557 632 οὐκ
585 607 666 633 ἄλλον
689 607 733 633 τὸν
757 607 821 634 Υίὸν
847 607 894 634 τοῦ

105 652 175 677 Θεοῦ
193 652 241 679 καὶ
258 651 339 679 ἄλλον
351 652 401 686 τῆς
420 652 570 687 Παρθένου,
586 652 655 679 ἀλλὰ
676 653 721 680 τὸν
736 653 818 680 αὐτὸν
830 653 896 681 Υίὸν

105 698 152 724 τοῦ
167 698 236 725 Θεοῦ
253 699 300 725 καὶ
314 698 378 726 Υίὸν
401 697 558 733 ἀνθρώπου,
584 698 681 733 φύσεις
698 699 761 731 δυο,
782 700 828 726 τον
847 700 896 727 ἕνα

105 745 172 772 Θεὸν
189 746 237 772 καὶ
261 745 406 780 ἄνθρωπον
417 753 424 760 ·
446 745 491 771 καὶ
509 746 538 771 ὲν
559 745 620 772 δυσὶ
636 746 735 780 φύσεσι
753 747 798 773 τὸν
813 746 896 773 αὑτὸν

105 793 155 819 καὶ
167 791 215 819 ἕνα
226 792 344 827 Χριστὸν
358 791 454 827 ἔχοντα
470 791 518 818 δᾶο
531 791 658 827 θελήσεις
672 792 801 827 φυσικὰς,
819 792 895 819 θείαν

107 839 156 865 καὶ
170 837 360 874 ἀνθρωπίνην,
383 838 432 864 οὐκ
455 838 666 873 ὲναντιουμένας
685 838 817 873 ἀλλήλαις
837 839 896 866 ἀλλ’

104 884 243 919 ἑπομένην
255 884 304 919 τὴν
319 884 498 920 ἀνθρωπίνην
517 884 626 918 θέλησιν
643 886 676 919 τῇ
692 884 753 921 θείᾳ
769 885 894 920 θελήσειε

950 288 979 310 ut
991 283 1112 310 Armenii
1126 283 1270 311 anathema
1285 284 1408 313 dicerent
1421 285 1454 313 iis
1473 286 1520 320 qui
1540 293 1620 313 unam
1633 286 1735 315 Christi

949 334 1072 355 naturam
1103 327 1247 362 afﬁrmant,
1273 329 1428 365 Eutycheli,
1456 332 1595 364 Dioscoro,
1623 332 1735 366 Severo,

947 374 1091 403 Timotheo
1103 374 1200 403 rEluro
1213 377 1372 412 cunctisque
1383 377 1495 405 asseclis
1506 386 1612 406 earum.
1626 378 1660 406 Ut
1670 387 1737 407 con-

949 420 1089 448 ﬁterentur
1098 420 1242 449 Dominum
1252 428 1374 450 nostrum
1386 422 1480 451 Jesum
1493 424 1640 458 Christum,
1652 433 1734 453 unum

947 466 1097 500 Christum,
1120 476 1202 496 unum
1228 468 1337 501 Filium,
1364 477 1449 497 unum
1476 470 1628 503 Dominum,
1651 480 1734 499 uuam
1761 472 1766 478 ⁵

949 520 1111 547 pcrsonam,-
1129 521 1210 541 unam
1244 515 1410 550 hypostasim
1435 523 1468 544 ex
1496 516 1603 544 duabus
1632 519 1737 547 naturis

948 559 1032 587 uuitis
1045 561 1095 588 sub
1107 568 1159 587 una
1175 562 1325 596 hypostasi,
1339 562 1567 597 inSeparabiliter,
1585 564 1737 593 indivisibi-

947 606 1020 638 liter,
1044 607 1251 641 invariabiliter,
1269 609 1410 637 inconfuse
1428 618 1435 637 :
1457 617 1544 645 neque
1567 611 1649 638 alium
1676 619 1738 640 esse

948 652 1044 680 Filium
1067 654 1124 687 Dei,
1141 655 1224 682 alium
1243 656 1371 691 Virginis,
1393 657 1440 684 sed
1464 659 1589 701 eumdem
1614 665 1676 686 esse
1694 658 1738 686 Fi-

947 698 1012 726 liqu
1032 699 1076 727 Dei
1101 705 1128 727 et
1149 701 1246 728 Filium
1273 702 1401 735 hominis,
1425 703 1492 730 duas
1512 698 1634 736 naturas,
1654 713 1736 732 unum

948 745 1030 772 Deum
1048 751 1074 772 et
1085 746 1221 774 hominem
1239 756 1246 774 :
1264 753 1344 782 atque
1370 748 1395 775 iu
1411 749 1517 776 duabus
1531 750 1636 778 naturis
1654 758 1736 778 unum

948 793 1128 826 eumdemque
1144 792 1282 820 Christum
1300 794 1367 821 duas
1380 799 1585 829 expromentem
1600 796 1736 824 naturales

947 838 1118 872 operationes
1132 838 1251 866 divinam
1266 844 1347 873 atque
1360 840 1524 874 humanam;
1540 841 1607 869 duas
1622 846 1738 870 natura-

950 883 989 910 les
1002 883 1155 911 voluntates
1169 884 1287 911 divinam
1301 889 1382 920 atque
1400 885 1556 920 humanam,
1572 886 1643 914 haud
1658 888 1737 915 invi—

104 932 153 958 καὶ
169 932 211 958 ἵνα
224 931 324 965 λέγωσι
339 931 370 958 τὸ
384 932 526 967 τρισάγιον
543 932 628 966 χωρὶς
644 930 702 964 τοῦ,
727 933 743 959 d
762 940 896 966 σταυρω-

950 937 1006 957 cem
1023 930 1213 963 adversantes,
1229 931 1276 958 sed
1288 931 1324 958 ita
1338 936 1510 966 comparatas
1530 937 1559 959 ut
1577 932 1675 961 divinae
1691 941 1736 961 vo-

104 977 168 1011 θείς
182 977 220 1004 δι’
236 976 315 1012 ἡμᾶς
331 976 400 1012 (28),
416 977 461 1003 καὶ
484 977 569 1012 χωρὶς
592 978 640 1004 τοῦ
660 978 711 1005 καὶ
732 978 896 1014 συνδέσμου.

103 1024 162 1051 Καὶ
174 1024 215 1050 ἵνα
232 1024 383 1059 ἐορτάξωσι
399 1024 447 1055 τὰς
465 1024 561 1059 ἑορτὰς
575 1024 644 1059 μετὰ.
666 1024 720 1051 τῶν
739 1025 895 1060 Ῥωμαίων,

103 1071 150 1097 τὸν
166 1070 373 1105 Εὑαγγελισμὸν
398 1069 443 1096 τοῦ
473 1071 577 1106 Κυρίου
600 1072 634 1106 τῇ
652 1071 762 1107 είκοστῇ
782 1072 896 1108 πέμπτῃ

103 1116 153 1143 τοῦ
167 1117 305 1151 Μαρτίου,
322 1117 370 1152 τὴν
385 1117 515 1152 Γέννησιν
531 1119 564 1154 τῇ
590 1122 628 1145 κε’
641 1118 688 1145 τοῦ
714 1118 894 1153 Δεκεμϐρίου,

103 1162 156 1198 τὴν
173 1163 330 1198 Περιτομὴν
340 1163 411 1190 κατὰ
426 1163 524 1198 ὀγδόην
538 1165 588 1200 τῆς
598 1165 715 1200 Χριστιῦ
728 1166 894 1201 Γεννήσεως,

103 1209 232 1236 τουτέστι
254 1210 287 1245 τῇ
312 1209 409 1244 πρώτῃ
426 1210 473 1236 τοῦ
501 1210 680 1247 Ἰανουαρίου,
696 1211 744 1247 τὴν
762 1212 896 1238 Βάπτισιν

103 1256 146 1285 εἰς
160 1255 211 1287 τὰς
225 1259 251 1287 ς’
265 1255 312 1282 τοῦ
330 1256 511 1292 Ἰανουαρίου,
530 1257 579 1293 τὴν
597 1257 779 1292 ’Υπαπαντὴν
792 1258 831 1288 si;
847 1258 895 1289 τὰς

105 1299 129 1336 β’
145 1300 192 1327 τοῦ
207 1301 390 1336 Φεϐρουαρίου
401 1321 409 1334 ,
424 1301 473 1328 καὶ
489 1302 580 1334 ἁπλῶς
601 1302 711 1334 ἁπάσας
726 1303 775 1334 τὰς
793 1303 897 1329 Δεσπο-

104 1348 186 1378 studt;
200 1348 308 1382 ἑορτὰς,
333 1348 441 1384 καὶτῆς
456 1349 610 1384 ὑπεραγιας
636 1349 768 1376 Θεοτόκιιυ
786 1350 832 1376 καὶ
848 1349 896 1376 τοῦ

105 1394 267 1429 Προδρόμου
291 1395 339 1421 καὶ
355 1394 410 1422 τῶν
435 1395 521 1430 ἁγίων
545 1396 702 1423 ἀποστόλων
713 1404 719 1411 ·
736 1396 779 1423 ῐνα
797 1397 896 1423 ποιῶσι

103 1442 156 1476 τὴν
172 1440 247 1467 θείαν
271 1441 417 1468 κοινωνίαν
436 1441 506 1476 μετὰ
534 1441 618 1477 ἄρτου
630 1442 737 1478 ἀζύμου
754 1444 800 1470 καὶ
823 1442 896 1470 οἴνου

104 1487 154 1513 καὶ
169 1486 266 1518 ὓδατος
277 1495 284 1502 ·
300 1486 344 1513 ἵνα
359 1485 458 1513 ποιῶσι
481 1486 512 1513 τὸ
526 1486 604 1521 ἅγιον
621 1487 708 1523 μύρον
722 1487 791 1522 μετὰ
806 1487 896 1515 ἐλαίου

103 1532 152 1558 τοῦ
170 1532 200 1565 ἐξ
213 1531 310 1559 ἐλαιῶν
322 1540 329 1548 ·
348 1532 391 1559 ἵνα
423 1532 554 1559 ίστῶνται
577 1532 678 1564 πάντες
694 1533 719 1559 οἱ
737 1533 897 1568 Χριστιανοὶ

104 1579 184 1611 ἐντὸς
215 1579 364 1615 ἐκκλησίας
391 1579 435 1606 ὅτε
463 1579 581 1606 τελεῖται
607 1580 624 1614 ἡ
641 1579 701 1606 θεία
726 1579 895 1614 λειτουργία,

105 1627 178 1660 πλὴν
199 1625 254 1652 τῶν
269 1625 469 1660 κεκωλυμένων
493 1625 570 1661 παρὰ
586 1626 641 1652 τῶν
667 1625 746 1652 Θείων
762 1625 895 1658 κανόνων,

104 1671 209 1706 ὁμοίως
222 1672 268 1698 καὶ
281 1672 320 1703 εἰς
328 1672 377 1703 τὰς
389 1671 484 1702 λοιπὰς
493 1671 656 1703 ἀκολουθίας
663 1672 713 1706 τῆς
720 1671 894 1707 Ἐκκλησία,·

105 1718 150 1744 ἵνα
168 1717 300 1752 δέχωνται
326 1717 375 1749 τὰς
392 1717 462 1744 ἑπτὰ
477 1717 670 1752 οίκουμενικὰς
683 1717 808 1748 συνόδους
826 1725 834 1733 θ
853 1717 897 1743 ἵνα

103 1763 238 1798 δέχωνται
254 1762 303 1798 τὴν
317 1762 469 1798 πρόὸλησιν
489 1762 535 1788 τοῦ
558 1762 704 1789 καθολικοῦ
722 1762 803 1797 μόνου
821 1762 897 1798 παρὰ

103 1810 152 1837 τοῦ
169 1810 302 1845 βασιλέως
316 1809 534 1845 τὼνῬωμαίων.
544 1808 652 1836 Τούτων
668 1808 723 1835 τῶν
740 1808 897 1843 κεφαλαίων

104 1856 242 1882 δοθέντων
257 1855 297 1891 τῷ
324 1855 481 1891 Καθολικῷ,
510 1855 653 1892 ἠρώτησεν
674 1856 750 1891 ἡμᾶς
778 1855 793 1882 ὁ
823 1855 898 1882 Καθ-

104 1903 210 1934 ολικός.

147 1949 179 1975 '0
199 1948 279 1975 ΚΛΘ.
289 1948 383 1975 Ταῦτα
394 1948 483 1976 πάντα
490 1949 520 1981 ἐξ
527 1948 649 1983 ἀνάγκης
657 1947 818 1975 ἀπαιτοῦσιν
825 1947 899 1983 ἡμᾶς

105 1996 235 2031 ποιῆσαι,
247 1996 297 2028 ὡς,
315 1995 364 2022 ἐὰν
381 1995 410 2021 ἓν
432 1995 534 2022 τούτων
550 1995 641 2032 λείψῃ,
661 1995 691 2022 οὐ
711 1993 855 2029 γενήσεται
880 1995 897 2029 ἡ

102 2041 203 2072 ἐνωεις
216 2050 223 2074 ;
236 2042 252 2076 ἥ
267 2041 325 2068 ἔστι
342 2041 404 2068 τινὰ
416 2041 530 2074 τούτων,
546 2038 584 2067 ὧν
598 2041 682 2076 χωρὶς
699 2039 898 2074 παραδέξονταί

103 2087 182 2122 ἡμᾶς
197 2088 237 2117 εἰς
256 2086 302 2122 τὴν
317 2086 431 2119 ἔνωσιν;

146 2133 176 2159 '0
195 2132 293 2159 ΘΕΩΡ.
311 2132 405 2159 Ταῦτα
418 2132 465 2167 μὲν
482 2132 535 2158 eici
549 2131 583 2158 τὰ
597 2131 726 2158 ποιοῦντα
741 2131 786 2158 τὸν
798 2139 898 2165 χωρισ-

102 2180 167 2216 μόν·
181 2182 197 2214 ἡ
214 2179 362 2214 Ἐκκλησία
371 2179 400 2205 δὲ
414 2180 460 2206 καὶ
477 2180 490 2206 ὁ
501 2179 626 2214 βασιλεὺς
636 2179 761 2211 ἐξουσίαν
771 2179 828 2212 ἔχει
838 2178 899 2204 τινὰ

108 2225 177 2255 iam;
195 2223 299 2250 τούτων
312 2224 392 2250 ἐᾶσαι
404 2224 437 2250 δι’
454 2223 619 2258 οἰκονομίας,
637 2225 684 2250 καὶ
704 2222 741 2259 μὴ
752 2222 898 2258 περικόψαι

101 2270 154 2305 τὴν
183 2270 284 2296 ἕνωσιν
312 2269 346 2295 δι’
373 2270 457 2296 αὑτά·
488 2268 582 2305 ὥσπερ
608 2269 704 2303 γέγονε
722 2269 769 2295 καὶ
783 2269 830 2295 ὲπὶ
843 2268 898 2294 τῶν

947 976 1044 1004 luntati
1072 976 1239 1005 obsecundet
1262 977 1391 1005 humana.
1415 977 1528 1013 lnsuper
1547 984 1576 1006 ut
1594 979 1734 1014 trisagium

948 1023 1097 1050 recitarem
1113 1024 1217 1058 absque
1236 1024 1327 1052 verbis
1345 1033 1352 1051 :
1367 1023 1517 1058 Cruciﬁzus
1534 1033 1583 1060 pro
1603 1026 1689 1059 nobis,
1706 1031 1735 1054 et

947 1069 1049 1104 absque
1060 1069 1166 1104 copula,
1179 1075 1217 1103 et,
1236 1068 1270 1098 Ut
1286 1069 1370 1098 festos
1383 1071 1440 1098 dies
1458 1071 1553 1099 eodem
1570 1079 1602 1098 ac
1619 1071 1734 1099 Romani

949 1120 1070 1149 tempore
1089 1115 1236 1150 agitarent,
1253 1115 1359 1143 Domini
1374 1116 1616 1144 Annnntiatiouem
1643 1118 1687 1144 die
1699 1117 1736 1145 25

947 1161 1050 1194 Martii;
1067 1160 1172 1188 Natalia
1189 1160 1233 1188 die
1249 1160 1286 1188 ‘25
1303 1161 1475 1194 Decembris,
1493 1162 1735 1190 Circumcisionem

948 1207 991 1235 die
1006 1213 1102 1235 octava
1121 1212 1181 1242 post
1195 1206 1298 1235 Christi
1316 1207 1435 1241 Natalia,
1452 1208 1479 1236 id
1493 1213 1537 1236 est
1553 1208 1676 1236 Januarii
1693 1209 1736 1238 die

947 1254 1051 1289 prima;
1067 1253 1233 1289 Daptismum
1249 1254 1292 1280 die
1306 1253 1322 1282 6
1335 1253 1474 1288 Januarii;
1493 1255 1611 1289 Virginis
1635 1255 1736 1283 Puriliu-

947 1300 1082 1327 catiouem
1104 1300 1149 1328 die
1171 1299 1361 1335 2Februarii;
1384 1307 1466 1336 atque
1491 1302 1602 1329 omnino
1623 1306 1736 1331 cunctas

948 1345 1055 1374 Domini
1074 1346 1272 1380 solemnitates,
1285 1347 1404 1382 itemque
1416 1348 1595 1376 sanctissinue
1606 1349 1736 1384 Virginis,

947 1393 1138 1426 Przecursoris,
1161 1398 1188 1421 et
1211 1398 1371 1422 sanctorum
1396 1394 1591 1429 apestolorum.
1613 1394 1649 1423 Ut
1664 1395 1738 1423 divi-

948 1448 1011 1468 nam
1027 1440 1227 1468 Eucharistiam
1242 1441 1269 1468 in
1286 1448 1356 1475 pane
1371 1440 1535 1469 fermentato
1550 1447 1576 1469 et
1591 1443 1653 1470 vino
1675 1450 1737 1470 cum

949 1493 1018 1521 aqua
1046 1491 1252 1514 consecrarent.
1279 1487 1312 1515 Ut
1335 1492 1459 1515 sanctum
1484 1488 1603 1516 chrisma
1628 1496 1662 1516 ex
1677 1489 1738 1516 oleo

948 1532 1068 1560 olearum
1085 1533 1266 1561 conficerent.
1285 1533 1321 1561 Ut
1338 1534 1593 1563 Christianiomnes
1608 1536 1678 1563 intra
1693 1543 1739 1563 ec-

949 1578 1059 1606 clesiam
1075 1579 1269 1610 consisterent,
1286 1578 1350 1606 dum
1365 1587 1444 1606 sacra
1458 1580 1566 1615 liturgia
1589 1581 1738 1615 peragitur.

950 1624 984 1652 iis
996 1624 1117 1658 exceptis
1137 1631 1205 1658 quos
1219 1623 1291 1651 sacri
1315 1631 1436 1652 canones
1456 1629 1564 1658 arcent;
1580 1626 1738 1660 pariterque

950 1670 1055 1698 caeteris
1078 1670 1205 1698 Ecclesiae
1222 1669 1320 1697 olliciis
1339 1670 1480 1703 adessent;
1498 1675 1526 1697 ut
1541 1675 1643 1705 septem
1660 1677 1737 1698 cecu-

951 1717 1071 1744 rnenicas
1089 1716 1207 1751 synodos
1233 1716 1427 1749 admitterent;
1444 1717 1560 1751 denique
1577 1722 1606 1744 ut
1627 1716 1738 1744 electio-

951 1768 1010 1788 nem
1035 1761 1120 1788 solius
1139 1761 1281 1789 Geueralis
1303 1762 1337 1788 ab
1364 1762 1528 1796 imperatore
1550 1760 1734 1789 Romanorum

949 1807 1009 1835 ﬁeri
1024 1807 1222 1842 permitterent.
1242 1807 1385 1841 Postquam
1398 1808 1456 1835 haec
1474 1807 1593 1842 capitula
1609 1807 1735 1835 Generali

951 1852 1122 1886 tradidimus,
1140 1853 1163 1881 is
1179 1853 1216 1880 ita
1231 1860 1281 1881 nos
1294 1853 1451 1881 sciscitatus
1465 1858 1517 1881 est.

986 1942 1067 1970 GEN.
1084 1941 1209 1970 Haecine
1221 1943 1312 1970 omnia
1325 1942 1479 1970 necessario
1492 1942 1549 1969 ﬁeri
1566 1950 1580 1969 ιι
1594 1941 1672 1970 nobis
1684 1941 1739 1970 Ro-

951 1991 1022 2016 mani
1035 1989 1184 2024 postulant,
1202 1989 1239 2016 ita
1250 1994 1280 2016 ut
1293 1989 1392 2024 siquid
1408 1992 1504 2016 horum
1518 1989 1596 2022 desit,
1614 1989 1678 2016 uuio
1687 1997 1738 2016 non

950 2035 986 2062 sit
1000 2035 1111 2068 futura;
1130 2041 1163 2062 an
1179 2034 1287 2069 aliquod
1297 2042 1331 2062 ex
1346 2035 1388 2062 his
1400 2040 1453 2066 est.
1471 2042 1524 2069 quo
1541 2034 1738 2070 praetermisso,

951 2081 1126 2109 nihilominus
1142 2081 1174 2108 ad
1194 2081 1321 2109 unionem
1339 2088 1388 2109 nos
1400 2081 1565 2109 admittent?

987 2127 1116 2155 THEOR.
1133 2127 1236 2162 Nempe
1249 2128 1305 2155 haec
1323 2133 1386 2154 sunt
1405 2135 1466 2162 quze
1489 2128 1607 2155 schisma
1623 2127 1739 2155 faciunt.

950 2173 1122 2208 Czeteroquin
1134 2172 1263 2200 Ecclesia:
1286 2177 1314 2200 et
1336 2173 1493 2208 imperaturi
1509 2173 1601 2200 licebit
1616 2174 1738 2207 quaedam

951 2227 983 2247 ex
1000 2220 1042 2248 his
1064 2219 1181 2247 fortasse
1202 2219 1353 2253 remittere,
1371 2219 1520 2254 prudentiae
1534 2220 1633 2254 gratia,
1651 2225 1740 2252 neque

952 2265 1049 2291 horum
1075 2264 1185 2291 nomine
1211 2264 1338 2291 unionem
1363 2263 1510 2298 praecidere
1534 2272 1543 2290 :
1562 2262 1641 2290 sicuti
1669 2263 1740 2296 apud

102 2300 243 2350 Οθγγρων
255 2323 261 2329 ⁵
289 2315 353 2342 ὅταν
367 2315 421 2350 γὰρ
440 2300 725 2346 ἐκείνους-ἐϐάπτισεν
740 2315 754 2341 ό
767 2315 835 2350 παρ’
849 2314 896 2340 αὐ-

951 2310 1094 2346 Hungaros
1105 2318 1214 2345 quoque
1232 2309 1384 2338 factitatum
1400 2314 1453 2342 est,
1469 2317 1521 2344 quo
1539 2314 1658 2344 tempore
1674 2316 1738 2335 sane

101 2362 160 2388 τῶν
176 2361 257 2395 ἅγιος
270 2361 405 2394 Στέφανος
416 2381 423 2392 ,
443 2360 488 2387 La.
504 2361 543 2396 μὴ
557 2360 587 2386 τὺ
601 2360 662 2386 ὅλον
675 2359 814 2395 ζημιωθῇ.
828 2367 898 2394 παρα

101 2408 248 2443 εχώρησεν
275 2408 319 2432 ἵνα
347 2407 371 2432 οἱ
389 2407 533 2433 ἐπίσκοποι
552 2406 642 2432 αὐτῶν
657 2406 741 2440 ἔχωσι
763 2406 898 2439 γυναῖκας

103 2455 253 2488 νομίμους,
283 2453 381 2488 ὥσπερ
403 2452 449 2479 νῦν
473 2453 497 2479 οἱ
516 2453 599 2487 tepet;
627 2453 725 2487 ἡμωνθ
746 2451 794 2478 καὶ
819 2450 898 2476 τοῦτο

102 2501 243 2535 πεποίηκε
261 2500 332 2534 μετᾶ
355 2499 515 2534 βρεὸιλέγου
544 2498 591 2525 τοῦ
617 2500 677 2524 τότε
696 2498 775 2525 πάπα
788 2517 796 2529 ,
816 2496 831 2523 ὃ
848 2497 896 2522 καὶ

101 2548 203 2580 κρατεῖ
217 2546 299 2580 μέχρι
312 2545 362 2579 τῆς
375 2545 494 2580 σήμερον
508 2543 547 2575 εἷς
561 2551 640 2574 τινας
660 2542 715 2569 τῶν
737 2541 898 2568 ἐπισκόπων

103 2592 188 2618 αὐτοῦ
202 2592 271 2627 (29).

140 2722 200 2757 (28)
219 2721 290 2757 Lege
307 2721 422 2755 priorem
437 2722 657 2757 disputationem,
674 2729 701 2755 p.
719 2720 782 2757 ιίᾙ.

139 2754 198 2791 (29)
217 2754 290 2783 Vana
308 2754 365 2783 inec
382 2763 424 2783 est
439 2763 467 2783 et
482 2754 606 2783 inaudita
621 2760 653 2783 ite
669 2754 772 2782 maritis
788 2754 899 2789 llnnga-

103 2801 198 2820 rorunt
216 2794 364 2826 episcopis.
381 2795 548 2819 concedente
563 2791 703 2822 Pontilicc,
719 2791 807 2817 fabula
819 2798 899 2826 quam

100 2836 173 2856 sacri
192 2825 338 2854 cwlihatus
355 2828 396 2853 his
409 2829 466 2854 orta
493 2835 601 2861 prursus
624 2835 676 2853 non
693 2826 826 2860 agnoscit.
846 2825 901 2852 Ne-

101 2873 174 2897 qune
193 2864 290 2889 Ilurcle
316 2871 358 2888 res
379 2867 433 2888 tam
453 2863 566 2896 insignis
588 2863 644 2889 sive
670 2863 696 2888 iu
720 2862 805 2888 sancti
829 2862 902 2897 regis

102 2895 156 2926 vita
178 2899 385 2934 copiossissime
407 2907 421 2924 a
445 2895 559 2926 diversis
585 2897 670 2930 edita,
689 2897 746 2924 sive
772 2897 798 2923 in
826 2895 902 2923 lastis

952 2363 1013 2385 ctus
1035 2357 1155 2392 ipsorum
1179 2356 1335 2391 Stephanus
1355 2364 1401 2384 eos
1426 2355 1603 2391 baptisandos
1623 2353 1740 2385 curavit.

952 2403 997 2437 qui
1013 2409 1046 2430 ne
1060 2410 1103 2430 res
1122 2402 1246 2430 universa
1261 2404 1492 2437 pessumdaretur,
1512 2403 1575 2429 sivit
1589 2406 1617 2429 ut
1627 2409 1740 2429 corum-

954 2449 1013 2476 dein
1044 2448 1164 2484 episcopi
1197 2448 1334 2484 legitimas
1363 2456 1461 2476 uxores
1494 2448 1637 2480 haberent,
1660 2447 1743 2474 sicuti

951 2502 1023 2522 nunc
1038 2494 1258 2529 presbyterorum
1274 2499 1429 2522 nostroruru
1446 2502 1504 2521 mos
1517 2498 1559 2521 est
1573 2502 1580 2520 :
1596 2493 1678 2527 idque
1688 2494 1744 2528 egit

953 2542 1097 2575 impetrato
1123 2541 1196 2568 hrcvi
1225 2541 1259 2568 ab
1285 2547 1318 2568 eo
1341 2541 1384 2576 qui
1409 2546 1472 2568 tunc
1497 2544 1556 2567 erat
1572 2547 1640 2574 papa
1659 2548 1666 2566 :
1684 2547 1745 2574 qua:

954 2586 1043 2614 adhuc
1063 2588 1233 2615 consuetudo
1257 2588 1326 2622 apud
1354 2586 1500 2614 nonnullos
1527 2586 1647 2621 regionis
1669 2585 1744 2613 illius

955 2632 1096 2668 episcopos
1111 2633 1192 2668 viget.

950 2718 1125 2754 lluugaricis,
1145 2720 1202 2747 sive
1216 2720 1242 2747 in
1259 2719 1410 2748 Annalibus
1426 2720 1620 2749 ecclesiasticis
1639 2722 1742 2755 scripta

950 2763 1002 2781 non
1022 2760 1092 2782 esset
1109 2765 1114 2781 :
1130 2763 1216 2789 neque
1244 2757 1294 2782 hoc
1316 2757 1448 2791 exemplo,
1467 2761 1526 2791 post
1547 2757 1679 2784 excitatas
1696 2759 1746 2784 de-

952 2798 1005 2816 nuo
1030 2791 1063 2817 de
1092 2798 1120 2817 re
1146 2791 1319 2824 quwtioues,
1341 2793 1382 2818 usi
1408 2800 1461 2819 non
1487 2796 1580 2820 essent
1598 2793 1744 2820 caelibatus

951 2826 1056 2852 hostes.
1072 2825 1136 2852 Illud
1155 2826 1219 2852 mihi
1241 2827 1330 2860 potius
1351 2829 1511 2862 cunctisque
1528 2833 1644 2861 constat,
1662 2837 1743 2856 sum-

951 2868 1025 2887 ruum
1050 2861 1133 2887 fuisse
1149 2862 1221 2887 omni
1239 2867 1358 2896 tempore
1383 2862 1567 2890 Ronmtornm
1582 2863 1743 2892 l’outilirum

953 2896 1073 2922 studium
1094 2900 1175 2930 atque
1195 2902 1320 2924 conatum
1343 2905 1391 2932 pro
1410 2899 1595 2927 conservanda
1612 2901 1638 2926 in
1655 2899 1756 2940 coelo:
