1942 3081
211 149 262 182 Ξῖί

247 205 328 234 (AEN.
345 204 391 232 Dic
413 203 567 239 perspicue,
583 209 675 237 ccqttzc
689 201 744 229 sint
757 208 789 228 cx
808 201 851 228 his
867 200 1006 235 capitulis,
1024 204 1043 230 Α

212 252 310 286 quibus
334 249 472 285 Sepositis,
489 255 540 276 nos
563 251 653 274 tamen
672 246 705 274 ad
723 248 856 280 integrann
876 244 1001 271 unionem

213 295 371 330 excipient?

249 338 378 366 TIIEUR.
394 337 461 365 Puto
481 337 550 371 quod
576 341 602 363 tu
628 335 708 363 sicuti
733 339 867 362 tuummet
882 333 1002 360 animum

213 384 384 418 exploratum
413 383 508 415 habes,
524 383 561 409 ita
586 382 740 409 voluntates
756 388 863 415 quoque
885 380 1006 406 subditu-

213 437 273 457 rum
288 429 423 463 pervides,
437 428 574 462 probeque
592 427 662 454 nosti
686 426 815 461 quidnam
838 432 870 451 ex
897 425 939 451 his
955 425 1002 450 ad-

214 476 323 503 missuri
344 475 408 508 sint,
421 475 520 510 quidve
534 481 626 501 secus.
645 473 735 506 Quare
750 478 777 499 tu
795 472 896 506 potius,
913 471 935 498 si
952 471 1003 502 vis,

172 518 176 519 ν
215 521 304 548 indica
318 520 394 552 ntilti,
412 527 535 555 qntenaut
552 519 688 546 Armeniis
704 518 796 553 gravia
809 518 894 544 visunt
910 516 942 543 iri
957 524 1004 550 pu-

213 571 265 596 tes.
282 574 376 600 quaeve
403 574 538 600 nunqumn
557 565 608 592 sibi
634 565 792 600 persuaderi
819 563 923 599 passuri
938 563 1003 590 sint.

250 612 329 640 GEN.
344 611 452 639 Nescio.
470 612 597 639 Fortasse
608 612 732 646 quaedam
749 611 814 637 mihi
831 610 1004 642 videbuntur,
1024 618 1027 625 ί

214 659 248 686 de
264 659 362 693 quibus
380 659 459 686 aliter
470 659 588 693 synodus
605 657 784 684 existimabit.

250 705 381 732 TllEOit.
398 705 424 732 Si
443 711 482 736 tu,
498 705 542 739 qui
560 709 640 739 caput
664 711 703 737 es,
720 704 772 731 hoc
794 703 914 738 ignoras,
931 710 1004 738 quo-

215 754 296 780 ntodo
318 760 367 787 ego
390 751 437 786 qui
454 759 500 787 pes
521 759 591 781 sunt.
611 752 666 778 imo
680 758 712 778 ne
729 758 776 785 pes
795 751 917 785 quidem,
935 750 1005 785 apud

214 800 399 827 Romanorum
415 799 559 834 synodum,
578 800 648 832 quod
671 805 750 833 rogas
768 802 934 832 compertum
951 797 1003 824 ba-

214 845 313 873 beam?
331 845 509 872 Nihilominus
538 846 694 879 coniectans
722 844 822 871 dicant.
848 843 1002 878 Capitulum

215 892 280 918 illud
297 893 330 918 de
344 891 485 918 Generalis
499 890 640 921 electione,
655 889 766 916 llOttOl‘lS
780 895 845 922 ergo
856 893 940 922 atque
953 887 1008 914 uti-
1027 893 1046 921 Β

214 937 299 964 litatis
313 942 364 964 tute
375 941 402 964 et
417 936 622 964 succedentium
638 934 812 963 Generaliunt
827 934 1007 969 perscriptum

215 990 257 1011 cst
274 992 280 1011 :
295 991 412 1018 namque
431 984 464 1010 ad
492 983 565 1011 sedis
588 983 767 1010 stabilitatem
796 981 1007 1016 firtnitatemqne

214 1034 329 1064 spectat,
340 1036 403 1064 quta
418 1029 473 1056 hzec
485 1028 655 1056 defensorem
671 1033 796 1056 sanctum
815 1027 1006 1062 imperatorem

215 1076 432 1104 nancisceretur.
454 1075 568 1102 Romani
595 1079 696 1106 tamen,
714 1078 743 1100 ut
763 1078 837 1108 puto,
856 1074 910 1100 vim
929 1073 1007 1100 vobis

215 1123 242 1150 iu
257 1123 308 1150 hoc
333 1121 405 1150 haud
423 1121 523 1148 facient
539 1131 546 1149 :
560 1121 606 1148 sed
625 1128 659 1148 tte
681 1120 708 1147 in
724 1120 874 1155 quastione
896 1119 1007 1153 quidem

921 144 1136 176 TllEOltIANI

1818 142 1856 173 72

1102 197 1131 224 '0
1148 196 1226 224 ΚΛΘ.
1249 196 1315 223 Εἰπὲ
1342 197 1408 232 ἡμῖν
1424 196 1562 232 φανερῶς,
1574 196 1598 223 εί
1610 197 1666 224 ἔστι
1678 197 1781 226 τούτων
1799 201 1857 228 τὼν

1060 243 1219 277 κεφαλαίων
1243 242 1314 276 τινὰ,
1337 239 1374 269 ὦν
1398 242 1482 278 χωρὶς
1505 242 1630 275 δέξονται
1651 244 1725 278 ἡμᾶς
1752 245 1791 277 είς
1809 254 1854 272 -ιῖε⁴

1058 288 1133 314 λείαν
1153 289 1262 315 ἕνωσιν,

1101 335 1131 362 '0
1147 335 1245 362 ΘΕΩΡ.
1263 333 1465 368 Ὑπολαμϐάνω
1481 334 1521 360 ὃτι
1536 333 1631 369 ὥσπερ
1650 334 1797 368 γινώσκεις
1822 337 1855 362 σὺ

1061 382 1110 418 τὴν
1122 381 1238 417 καρδίαν
1255 389 1314 411 σου,
1339 380 1425 411 οὕτως
1441 380 1586 414 γινώσκεις
1615 381 1662 406 καὶ
1682 381 1737 406 τῶν
1755 381 1807 407 ὑπὸ
1825 381 1855 407 σὲ

1059 428 1212 464 ἀρχιερέων
1222 427 1252 454 τὺ
1267 427 1384 462 θέλημα,
1395 426 1442 454 καὶ
1456 425 1602 460 γινώσκεις
1616 426 1677 454 τίνα
1690 427 1793 454 τούτων
1810 427 1856 454 δέ·

1059 475 1161 507 ξονται,
1180 475 1227 500 καὶ
1239 474 1299 500 τίνα
1310 472 1340 499 οὗ
1353 482 1359 489 ·
1371 473 1429 505 καὶ,
1446 473 1470 498 εἰ
1482 472 1614 504 κελεύεις,
1633 473 1693 498 εἰπὲ
1716 474 1784 508 ἡμῖν
1796 473 1856 499 τίνι

1058 520 1161 546 τούτων
1179 521 1234 551 τοῖς
1257 519 1412 556 ’Δρμενίοις
1436 519 1510 544 δοκεί
1533 518 1663 553 φορτικὰ,
1685 521 1732 544 καὶ
1756 519 1807 544 οὐκ
1823 519 1856 545 ἂν

1063 566 1218 593 συνέλθοιεν
1234 565 1303 592 ὣστε
1317 564 1523 599 παραδέξασθαι
1540 565 1621 592 αὑτά.

1109 612 1138 639 '0
1157 612 1238 639 ΚΛΘ.
1259 612 1315 638 Οὐχ
1333 610 1407 638 οἶδα·
1422 611 1489 642 ἴσως
1501 610 1632 638 δοκοῦντα
1647 611 1709 647 ὲμοί
1724 620 1802 642 τινα,
1823 611 1855 645 τῇ

1062 659 1166 693 συνόδῳ
1182 659 1213 685 οὐ
1227 658 1296 690 δᾶξει
1312 657 1410 689 οὕτως.

1105 707 1135 733 Ὀ
1153 706 1292 734 ΘΕΩΡ.Σὺ
1312 705 1417 741 κεφαλὴ
1436 706 1484 737 ὢν,
1503 706 1610 740 ἀγνοεῖς
1622 705 1713 738 τοῦτο,
1727 706 1786 737 πῶς
1800 704 1856 739 ἐγὼ

1062 753 1130 785 ποῦς
1142 753 1179 780 ὢν
1195 752 1243 787 τῆς
1267 751 1342 786 παρὰ
1364 752 1419 778 τῶν
1444 751 1590 787 Ῥωμαίων
1614 751 1737 785 συνόδου,
1755 751 1856 787 μᾶλλον

1061 799 1090 826 δὲ
1105 799 1165 826 οὐδὲ
1180 798 1258 830 ποῦς,
1275 797 1396 832 δύναμαι
1412 806 1429 832 γ
1448 798 1516 824 ὦναι
1527 797 1631 824 τοῦτοὸ
1647 799 1769 834 ἐρωτᾷςς
1783 797 1856 833 Πλὴν

1062 844 1262 879 στοχαζόμενος
1278 843 1363 869 εἴπω·
1384 843 1413 869 τὸ
1434 844 1483 878 τῆς
1506 843 1686 878 προὸλήσεως
1703 843 1855 877 κεφάλαιον

1062 892 1153 926 ἀφορᾷ
1167 891 1208 922 εἰς
1225 890 1309 926 τιμὴν
1331 891 1378 917 καὶ
1393 890 1530 924 ὠφέλειαν
1547 891 1596 925 σὴν
1613 890 1724 916 καὶτῶν
1740 891 1810 924 μετὰ
1825 890 1855 916 οὲ

1062 936 1244 965 Καθολικῶν·
1274 938 1313 968 είς
1341 937 1472 963 σύστασιν
1497 936 1552 972 γὰρ
1574 936 1621 963 τοῦ
1651 936 1747 972 Θρόνου
1775 936 1856 963 τοῦτὸ

1061 983 1120 1009 ἐστι
1148 983 1196 1009 καὶ
1221 981 1364 1018 διαμονὴν,
1395 982 1432 1013 ὡς
1450 982 1594 1017 μέλλοντος
1612 981 1685 1016 ἔχειν
1700 982 1854 1018 δεφένσορα

1060 1029 1107 1055 τὸν
1124 1028 1237 1064 βασιλέα
1250 1029 1296 1055 τὸν
1307 1028 1385 1062 ἆγιον
1397 1037 1403 1044 ·
1419 1029 1465 1055 καὶ
1484 1027 1563 1063 οἶμαι
1576 1029 1649 1064 ὑμᾶς
1661 1029 1701 1060 είς
1714 1028 1794 1056 τοῦτο
1804 1029 1855 1056 οὐκ

1062 1073 1276 1108 ἀναγκάσουσιν⁸
1289 1073 1347 1101 ἀλλ’
1362 1074 1423 1101 οὐδὲ
1437 1076 1501 1109 περὶ
1513 1074 1568 1101 τῶν
1583 1074 1698 1110 ἀζύμων
1713 1074 1855 1110 βιάσουσιν

1062 1121 1148 1156 ὑμᾶς,
1162 1122 1210 1148 ἐὰν
1227 1121 1266 1153 εἰς
1283 1121 1318 1148 τὰ
1335 1121 1404 1148 ἄλλα
1417 1121 1574 1157 συνέλθητε.
1735 1123 1737 1126 ⁴

216 1169 250 1198 de
263 1168 372 1204 Azymis
389 1175 438 1195 vos
453 1172 559 1202 cogent,
577 1167 600 1194 si
623 1169 697 1194 certe
714 1167 747 1193 de
770 1166 876 1193 caeteris
890 1166 1099 1195 eonscnscritis.

252 1214 330 1242 (SEN.
348 1213 410 1241 Ilaec
427 1214 519 1240 omnia
539 1213 573 1239 ad
593 1212 690 1248 synodi
706 1212 891 1247 cognitionem
916 1211 1008 1246 perfe—

216 1269 275 1290 rant
289 1270 295 1288 :
308 1265 335 1287 et
347 1268 407 1287 eum
418 1261 519 1294 legatos
533 1262 609 1286 {neos
621 1258 654 1286 ad
669 1259 770 1294 regiam
785 1259 878 1286 urbem
891 1258 1008 1290 mittam,

217 1308 320 1344 scripto
336 1306 495 1342 significabo
512 1311 567 1333 tum
584 1310 681 1333 vestra:
697 1305 802 1337 synodo
819 1308 876 1332 tum
894 1304 978 1332 etiam
993 1312 1007 1330 a

217 1353 273 1381 Deo
289 1358 421 1381 coronato
437 1351 594 1387 imperatori
615 1358 674 1386 quae
687 1350 806 1378 admissa
817 1349 920 1378 fuerint
935 1350 1009 1384 capi-

217 1400 274 1427 tula
288 1404 385 1435 etquae
399 1406 489 1431 secus,
506 1398 641 1432 simulque
651 1405 750 1425 causas
762 1397 883 1432 aperiam
897 1401 1008 1432 prepter

217 1454 288 1482 quas
303 1446 395 1480 aliqua
411 1444 528 1472 fortasse
543 1445 683 1480 repudiata
698 1443 808 1472 fuerint.
825 1444 858 1471 Et
872 1444 926 1471 nisi
943 1451 1009 1478 pra-

217 1500 269 1520 vus
281 1491 420 1520 hominum
436 1491 522 1518 hostis
537 1491 642 1518 dremon
659 1498 785 1525 magnum
801 1490 852 1518 hoc
868 1490 1007 1525 negotium

217 1537 420 1570 disturbaverit,
434 1537 467 1564 ad
483 1543 531 1564 nos
544 1535 654 1572 quident
671 1536 742 1571 quod
759 1536 857 1564 attinet
873 1536 923 1571 (sic
937 1535 1008 1562 Deus
1022 1528 1043 1557 C

220 1583 350 1620 adjuvet)
372 1591 423 1610 non
440 1583 612 1618 impedietur.
630 1582 744 1618 Oportet
759 1583 831 1610 enim
850 1589 939 1618 neque
961 1589 1011 1609 nos

219 1637 326 1657 summo
337 1629 399 1664 jure
411 1635 503 1663 agere.
517 1635 604 1663 neque
618 1628 681 1655 item
697 1635 755 1660 vos,
770 1627 906 1663 siquidem
925 1628 1009 1655 unio-

219 1683 281 1702 ncnt
307 1674 460 1708 exoptatis;
476 1674 523 1701 sed
551 1674 578 1701 in
595 1673 758 1709 quibusdam
782 1673 934 1708 indulgere,
951 1682 1012 1708 qute

220 1720 300 1747 fidem
318 1727 370 1747 non
386 1719 487 1747 violant
504 1727 511 1746 :
526 1719 625 1754 quippe
637 1720 735 1747 rituum
746 1719 898 1748 differentia
917 1722 1009 1747 eccle-

220 1766 406 1799 siasticoruut,
424 1766 562 1793 hominem
586 1774 600 1793 a
630 1765 787 1794 Christiana
811 1767 942 1801 religione
958 1776 1010 1795 non

220 1813 373 1840 submovet.
400 1811 478 1840 Nunc
502 1819 578 1844 vero.
600 1814 623 1840 sl
651 1812 751 1847 placet,
767 1813 884 1841 reditum
905 1819 1009 1849 parate.

218 1857 285 1886 Post
298 1858 371 1886 enim
385 1858 535 1886 discessum
555 1863 686 1892 vestrum,
703 1860 736 1886 ad
753 1866 827 1887 meos
839 1866 934 1887 omnes
948 1861 1009 1894 cpi-

219 1911 316 1938 scopos
330 1904 458 1937 scribant,
473 1908 503 1931 ut
518 1902 558 1930 vel
573 1904 622 1938 ipsi
642 1904 761 1937 veniant,
776 1905 817 1932 vel
832 1904 1011 1940 legatosmit-

221 1955 290 1982 tant,
306 1953 440 1984 quotquot
454 1949 546 1984 gravis
560 1956 641 1976 causa
659 1949 692 1976 ad
712 1949 847 1985 synodum
862 1942 1010 1979 convenire

221 1995 356 2030 prohibet.
374 1994 461 2022 Porro
487 2002 556 2030 opus
569 1999 610 2022 est
635 1999 664 2022 ut
683 2003 733 2030 ego
746 1996 854 2024 ttnionis
871 1998 1010 2032 negotium

220 2048 274 2068 non
290 2041 350 2068 sine
363 2040 484 2068 Albaniae
499 2041 626 2068 Generali
643 2042 790 2076 transigant
807 2051 814 2070 :
827 2042 870 2070 hic
881 2043 953 2070 enini
966 2051 1011 2071 se-

222 2086 283 2112 dctn
293 2083 417 2120 Gregorii
430 2084 502 2112 illius
518 2086 617 2112 insidet
629 2086 674 2120 qui
686 2086 774 2113 sancti
785 2085 910 2122 Gregorii
927 2095 1011 2121 nepos

221 2130 284 2162 fuit,
299 2130 327 2157 iu
350 2130 477 2158 Armenia
504 2139 611 2166 magna,
632 2131 742 2165 quicum
766 2132 832 2159 mihi
848 2133 1011 2167 spiritalium

223 2175 392 2208 uegoriorum
411 2180 540 2209 perpetua
564 2176 719 2202 communio
742 2181 795 2208 est,
814 2176 850 2202 ita
867 2182 895 2204 ut
916 2182 1012 2204 neuter

223 2220 309 2248 inscio
324 2220 410 2247 altero
425 2221 571 2255 quidquam
593 2225 665 2256 agat.
686 2220 735 2248 Est
759 2227 851 2250 autem
875 2223 945 2250 inter
962 2231 1012 2251 nos

223 2267 396 2295 intervallum
410 2267 462 2295 iter
476 2267 623 2301 mensium,
641 2272 669 2294 ut
686 2275 759 2300 reor,
782 2269 875 2296 trium.

259 2411 387 2440 THEOR.
415 2411 593 2445 Quandonam
623 2411 758 2447 synodum
790 2416 935 2438 coacturus
963 2411 1013 2438 es?

223 2458 343 2494 Tempus
357 2459 430 2486 enim
451 2459 561 2486 dellnite
587 2459 665 2485 nobis
688 2458 828 2492 designari
847 2462 968 2493 oportet,
985 2463 1014 2485 ut

224 2506 382 2541 imperatori
399 2511 426 2532 et
443 2504 571 2532 Ecclesiae
588 2505 782 2540 significemus.

227 2637 348 2665 siasticis
370 2637 436 2665 viris
459 2637 510 2664 hac
524 2637 623 2664 virtute
647 2637 919 2671 convenientissima;
936 2637 1013 2672 cujus

228 2673 266 2699 rei
299 2673 439 2708 cumulare
468 2672 703 2708 teStimoni:t_non
733 2673 855 2700 interest.
875 2673 1014 2708 Sylvester

227 2711 300 2734 certe
315 2706 335 2733 ll
355 2707 379 2734 in
408 2707 506 2734 celebri
531 2707 563 2734 ad
581 2706 610 2734 S.
627 2706 793 2742 Stephanum
819 2706 908 2742 regem
935 2707 1011 2735 Bulla

228 2743 294 2768 ttilttl
317 2743 349 2768 de
365 2743 487 2769 caelibatu
514 2744 588 2769 dicit.
605 2742 675 2768 Idem
694 2751 755 2769 vero
780 2743 806 2770 in
833 2750 958 2770 sermone
978 2744 1011 2770 ad

227 2778 370 2812 cpismpos
397 2777 487 2812 (apud
514 2776 700 2804 Mabillonium
722 2778 821 2805 Anecvl.
856 2778 900 2804 ed.
936 2785 1010 2809 ιιον..

227 2820 255 2847 p.
274 2812 321 2839 ιοι
336 2814 344 2847 )
367 2813 445 2839 verba
460 2812 534 2839 Pauli
551 2813 628 2839 unius
641 2813 730 2839 uxoris
746 2814 781 2839 vir
798 2813 951 2840 litteralilcr
963 2821 1011 2840 ex-

228 2849 271 2882 ph:
283 2853 319 2880 at,
337 2854 370 2874 ne
389 2848 510 2881 bigantus
527 2847 564 2880 (id
581 2853 621 2874 est
640 2849 684 2882 qui
700 2848 803 2875 duabus
817 2849 946 2876 uxoribus
956 2849 1011 2883 jam

228 2885 363 2910 dulttlttjlts
380 2883 521 2917 copulatus
542 2883 634 2917 luerit)
656 2883 688 2910 ad
712 2885 897 2920 episcopatum
916 2891 997 2912 ascen

113 3043 232 3077 Δ

1104 1212 1133 1240 Ὀ
1143 1214 1224 1241 ΚΛΘ.
1235 1214 1330 1241 Ταῦτα
1342 1213 1432 1241 πάντα
1443 1214 1573 1249 προθήσω
1587 1214 1702 1241 ὲνὼπιον
1719 1215 1768 1249 τῆς
1789 1224 1854 1243 συν-

1061 1258 1123 1285 όΞου
1135 1267 1142 1274 ·
1158 1259 1206 1286 καὶ
1222 1259 1285 1286 ὅταν
1303 1259 1394 1295 μέλλω
1418 1259 1579 1286 ἀποστεῖλαι
1605 1260 1796 1296 τυποτηρητὰς
1814 1262 1854 1293 είς

1063 1305 1113 1340 τὴν
1127 1305 1335 1340 βασιλεύουσαν,
1347 1305 1518 1341 δηλοποιήσω
1535 1306 1680 1341 ἐγγράφως
1696 1308 1729 1341 τῇ
1745 1315 1773 1333 τε
1787 1307 1855 1343 ἁγίᾳ

1063 1351 1165 1386 συνόδῳ
1181 1352 1228 1377 καὶ
1240 1351 1280 1386 τῷ
1296 1351 1441 1386 θεοστεφεῖ
1465 1351 1573 1386 βασιλεί
1587 1354 1621 1378 τὰ
1635 1353 1854 1388 παραδεχθέντα,

1062 1397 1172 1433 καὶμὴ,
1187 1398 1324 1432 κεφάλαια
1335 1406 1342 1414 ·
1367 1399 1415 1425 καὶ
1432 1397 1510 1424 δώσω
1528 1399 1576 1425 καὶ
1592 1398 1640 1430 τὰς
1661 1400 1751 1431 αἰτίας
1770 1399 1804 1426 δι’
1820 1400 1856 1433 ἃς

1061 1445 1096 1470 τὰ
1113 1444 1151 1480 μὴ
1165 1445 1371 1480 παραδεχθέντα
1389 1447 1419 1471 0")
1442 1445 1652 1480 παραδέχομαιο
1671 1445 1718 1472 καὶ
1738 1447 1762 1473 εἰ
1778 1447 1792 1473 ὁ
1806 1456 1855 1474 πο-

1063 1490 1146 1525 νηρὸς
1162 1482 1210 1516 καὶ
1241 1490 1433 1526 μισάνθρωπος
1460 1490 1566 1525 δαίμων
1592 1490 1622 1517 οὐ
1651 1492 1854 1526 παρεμποδίσει

1060 1536 1138 1563 τουτὶ
1152 1537 1182 1563 τὺ
1197 1537 1269 1571 μέγα
1282 1536 1389 1571 χρῆμα,
1411 1535 1442 1568 ἐξ
1457 1536 1596 1572 ἡμετέρας
1612 1537 1712 1571 αἰτίας,
1730 1538 1778 1564 σὺν
1793 1538 1854 1574 Θεῷ

1062 1581 1145 1616 λέγω,
1162 1582 1211 1608 οὐκ
1227 1581 1471 1616 ἐμποδισθήσεται.
1496 1582 1542 1607 Δεῖ
1557 1581 1611 1617 γὰρ
1629 1583 1697 1617 μήτε
1715 1583 1788 1617 ἡμᾶς
1803 1583 1855 1618 τῆς

1063 1629 1135 1662 ἄγαν
1150 1628 1295 1664 ἀκριϐείας
1314 1629 1383 1663 μήτε
1402 1629 1475 1663 ὑμᾶς
1488 1628 1538 1663 τὴν
1556 1628 1656 1655 ἕνωσιν
1674 1628 1856 1663 βουλομένους

1062 1673 1244 1709 ἀντέχεσθαι,
1263 1673 1332 1705 ἀλλά
1346 1682 1408 1700 τινα
1422 1674 1556 1709 παρορᾷν,
1575 1674 1625 1700 ὅσα
1646 1673 1695 1708 τὴν
1712 1674 1803 1701 πίστιν
1822 1674 1854 1700 οὐ

1063 1719 1257 1755 παραὸλάπτει
1268 1726 1275 1734 ·
1289 1718 1439 1754 συνηθειῶν
1456 1718 1509 1754 γὰρ
1521 1719 1652 1754 διαφορὰν
1661 1719 1856 1754 ἐκκλησιαστι-

1063 1767 1131 1800 κῶν,
1155 1766 1300 1802 ἄνθρωπον
1324 1766 1372 1793 τοῦ
1396 1766 1616 1802 Χριστιανισμοῦ
1638 1767 1688 1793 οὐκ
1705 1767 1854 1802 ἀλλοτριοί.

1062 1812 1121 1839 Νῦν
1134 1810 1191 1846 οὖν,
1202 1813 1227 1838 εί
1238 1811 1375 1845 κελεύετε,
1395 1812 1449 1839 ἀπὸ
1463 1812 1510 1839 τοῦ
1526 1813 1573 1839 νῦν
1591 1813 1771 1848 ἐτοιμάσθητε
1784 1814 1854 1849 πρὸς

1064 1859 1258 1895 ὑποστροφήν·
1289 1859 1338 1886 καὶ
1370 1859 1439 1895 μετὰ
1471 1859 1521 1895 τὴν
1555 1860 1632 1895 ὑμῶν
1666 1859 1853 1896 ἀναχώρησιν,

1063 1905 1163 1941 γράψω
1179 1905 1247 1941 πρὸς
1262 1905 1386 1937 ἅπαντας
1412 1905 1475 1937 τοὺς
1498 1905 1582 1940 ἐμοὺς
1603 1905 1783 1941 ἀρχιερεῖς,ῆ
1811 1906 1855 1933 ἵνα

1064 1951 1142 1978 αὐτοὶ
1158 1951 1284 1984 ἔλθωσιν,
1312 1951 1328 1986 ἢ
1347 1952 1538 1986 τοποτηρητὰς
1565 1951 1774 1984 ἀποστείλωσιν,
1796 1952 1855 1979 ὅσοι

1063 1997 1187 2033 δηλονότι
1201 1999 1234 2025 δι’
1248 1997 1402 2033 ἀναγκαίας
1418 1998 1510 2029 αἰτίας
1525 1998 1564 2030 είς
1579 1998 1629 2034 τὴν
1643 1998 1752 2025 σύνοδον
1764 2007 1856 2034 παρα-

1062 2044 1191 2078 γενέσθαι
1213 2045 1243 2070 οὐ
1257 2045 1398 2072 δύνανται.
1418 2043 1489 2078 Ἐγὼ
1503 2044 1532 2070 δὲ
1557 2044 1626 2076 πρὸς
1643 2044 1764 2079 ἀνάγκης
1786 2044 1856 2078 μετὰ

1063 2090 1110 2116 τοῦ
1128 2089 1282 2117 Καθολικοῦ
1298 2091 1346 2117 τοῦ
1368 2090 1470 2117 Ἀλὸὰκ
1483 2090 1540 2126 (50)
1568 2090 1617 2125 τὴν
1634 2091 1732 2117 ἕνωσιν
1751 2089 1856 2122 ταύτην

1064 2137 1187 2172 ’ποιήσω’
1203 2134 1282 2168 οὗτος
1296 2138 1350 2171 γὰρ
1363 2137 1458 2172 ἐπέχει
1473 2137 1520 2163 τὸν
1531 2137 1626 2172 θρόνον
1643 2137 1795 2172 Γρηγορίου
1807 2138 1857 2163 τοῦ

1066 2183 1179 2217 ὲγγόνου
1198 2182 1244 2209 τοῦ
1264 2183 1342 2216 ἁγίου
1364 2182 1517 2218 Γρηγορίου
1538 2183 1588 2218 τῆς
1613 2183 1735 2217 μεγάλης
1757 2183 1858 2218 Ἀρμε-

1067 2229 1136 2260 νίας,
1152 2229 1198 2254 καὶ
1209 2228 1252 2255 ἀεί
1267 2229 1352 2262 ἐσμεν
1368 2229 1397 2254 ὲν
1405 2229 1465 2260 ταῖς
1481 2229 1681 2262 πνευματικαῖς
1698 2229 1857 2259 ὑποθέσεσι,

1067 2275 1114 2301 καὶ
1139 2273 1215 2300 οὐδὲν
1240 2273 1307 2309 ἄτερ
1333 2273 1454 2309 ἀλλήλων
1482 2273 1625 2308 ποιοῦμεν.
1646 2275 1724 2300 Ἐστι
1741 2275 1769 2300 δὲ
1793 2275 1856 2301 66ιῦ

1067 2321 1206 2355 δ.άστημα
1232 2320 1279 2346 ἀπ*
1303 2319 1429 2346 ἐντεῦθεν
1453 2320 1504 2351 Eo,-
1532 2321 1590 2346 ἐκεῖ
1615 2320 1664 2356 οὐχ
1680 2317 1764 2356 ἧττον
1777 2318 1859 2355 οἶμαι

1070 2366 1163 2402 μηνῶν
1183 2366 1276 2400 τριῶν.

1109 2413 1138 2439 '0
1153 2412 1251 2439 ΘΕΩΡ.
1263 2412 1318 2439 Καὶ
1335 2413 1401 2438 πότε
1418 2413 1525 2448 μέλλεις
1537 2413 1650 2448 ποιῆσαι
1666 2413 1714 2449 τὴν
1723 2413 1835 2440 σύνοδῑν
1850 2422 1859 2447 ;

1070 2459 1167 2485 Δοῦναι
1184 2458 1239 2493 γὰρ
1256 2459 1322 2492 ἡμῖν
1341 2458 1460 2492 ὀφείλεις
1480 2460 1612 2494 ὀνομαστὶ
1628 2459 1674 2486 τὸν
1693 2460 1800 2495 καιρὺν,
1814 2460 1859 2487 ἵνα

1070 2505 1138 2540 πρὸς
1151 2505 1197 2530 τὸν
1217 2503 1330 2539 βασιλέα
1350 2504 1397 2530 καὶ
1421 2504 1470 2540 τὴν
1492 2504 1657 2540 Ἐκκλησίαν
1681 2505 1759 2532 τοῦτο
1780 2506 1859 2540 γνῶ-

1071 2552 1200 2586 ρίσωμεν.

1068 2638 1130 2672 dat;
1149 2638 1292 2673 allegorice
1307 2646 1381 2676 vero,
1403 2647 1436 2667 ne
1451 2639 1595 2675 episcopus
1611 2645 1673 2676 post
1697 2640 1859 2670 catholicum

1068 2675 1176 2708 dogma,
1192 2682 1301 2701 sensttm
1321 2675 1476 2702 hatreticum
1494 2681 1602 2709 sumat;
1615 2675 1721 2704 'scillcct
1735 2683 1764 2703 ut
1777 2678 1860 2705 unitts

1068 2709 1218 2745 uxorirspid
1237 2714 1279 2736 est
1299 2709 1438 2742 Ecclesiae,
1456 2711 1669 2745 virappelletur.

1106 2744 1162 2779 (30)
1179 2744 1216 2771 De
1225 2745 1330 2779 origine
1342 2746 1497 2773 Armeniaci
1511 2744 1712 2780 patriarchulus
1725 2746 1860 2779 Albanizc,

1065 2781 1110 2813 qni
1127 2781 1262 2806 secundus
1275 2782 1345 2807 inter
1358 2780 1560 2815 patriarchatus
1569 2781 1712 2808 Armenios
1728 2782 1861 2813 dignitate

1065 2818 1133 2844 erat,
1152 2814 1247 2848 legesis
1263 2814 1371 2842 doctum
1385 2823 1464 2850 opus,
1481 2816 1524 2843 cui
1547 2816 1641 2843 titulus
1663 2825 1671 2844 :
1695 2817 1861 2849 Catttpendm

1066 2850 1164 2876 storico
1184 2850 1212 2875 di
1227 2851 1349 2878 memorie
1371 2851 1553 2885 troitulogithe
1571 2853 1737 2878 concutietur"
1752 2853 1778 2878 In
1798 2854 1860 2879 reli-

1066 2885 1141 2920 gione
1157 2893 1171 2912 e
1185 2885 1211 2911 ιη
1230 2887 1328 2913 morale
1348 2887 1416 2914 «Icllu
1434 2894 1546 2914 nauonc
1562 2888 1687 2921 Armenii,
1700 2893 1719 2915 t.
1740 2888 1772 2920 ΙΙ,
1790 2896 1817 2922 p.
1833 2890 1861 2917 9.
