1942 3081
68 157 118 188 ε’ῖι

748 152 982 184 DISPUTATIO
1004 151 1047 182 ΙΙ.

1651 143 1705 175 2³14

105 212 138 239 '0
155 212 236 239 ΚΛΘ.
256 213 326 239 Οὐδὲ
343 212 398 247 ἐγὼ
411 209 479 242 οἶδα.
496 211 520 238 εῑ
541 211 578 246 μὴ
592 211 723 247 ἐρωτήσω
734 210 866 245 λεπτομε-

953 209 1031 237 GEN.
1048 208 1087 236 Ne
1099 214 1150 243 ego
1165 207 1275 242 quidem
1292 206 1366 237 novi.
1379 205 1455 241 prius
1472 212 1553 240 quam
1568 212 1614 232 eos
1625 212 1706 232 aceu<

69 258 123 293 ρῶς
143 259 208 291 τοὺς
226 260 414 292 γινώσκοντας
435 259 469 285 τὰ
483 258 656 293 διαστήματα
671 259 725 285 τῶν
740 258 848 294 χωρῶν.

111 305 143 332 '0
161 305 261 332 ΘΕΩΡ.
280 305 334 332 Καὶ
352 305 471 340 μάλιστα
487 304 599 331 πλείονα
618 304 715 339 καιρὸν
744 303 864 339 ὀφείλεις

68 351 172 382 δοῦναι,
188 352 232 378 διὰ
251 352 282 378 τὸ
300 352 414 386 ποιῆσαι
429 350 545 378 ἕκαστον
560 351 609 386 τὴν
630 350 789 385 οἰκονομίαν
818 350 866 377 αὺ-

69 397 115 424 τοῦ
133 397 287 432 ἀρκοῦσαν.

109 443 141 470 Ὀ
155 443 422 476 ΚΛΘ.“Εξαπάντως
433 443 519 475 οὕτως
536 442 640 478 ὀφείλει
650 443 867 478 γενὲσοαι·πλὴν

72 490 126 524 ὶγὼ
158 491 250 525 μέλλω
281 491 352 525 μετὰ
374 490 427 516 τῶν
456 490 611 525 ἀνθρώπων
633 499 683 526 μου
705 490 868 517 ἀποστεῖλαι

75 537 182 573 γραφὴν
201 537 270 572 πρὸς
286 537 332 564 τὸν
350 535 474 572 βασιλέα,
493 536 541 563 καὶ
555 536 669 572 δηλώσω
683 537 732 572 τὴν
755 536 868 572 διωρίαν

74 583 119 617 τῆς
136 583 262 610 συνόδου.

112 628 144 656 Ὀ
159 629 256 656 ΘΕΩΡ.
269 629 362 662 Δεῖξον
373 630 450 664 ἡμῖν,
462 630 487 656 εἱ
501 628 633 662 κελεύεις,
642 629 674 664 ἣν
682 628 788 664 μέλλεις
801 629 869 656 ἀπο-

72 674 175 701 στεῖλαι
188 675 256 709 πρὶς
267 675 314 701 τὸν
326 674 438 709 βασιλέα
453 675 609 710 ἐπιστολήν.

110 721 144 747 ’0
164 721 247 748 ΚΛΘ.
264 721 351 748 Τοῦτο
376 722 484 755 ποιήσω
495 730 503 737 '
519 721 567 748 νῦν
585 722 606 748 δ’
628 722 759 756 ὑπάγετε,
776 722 868 748 διανα-

73 767 228 803 παὺσοιλτε,
258 767 305 794 καὶ
329 768 373 794 ὅτε
396 767 548 803 ἐκθήσομαι
565 768 615 804 τὴν
633 768 779 804 ἐπιστολὴν
790 768 870 802 δείξω

72 816 150 849 isiu-

108 862 149 897 Τῇ
166 862 301 898 ἐπαύριον
316 861 436 889 ἔστειλεν
453 862 519 897 ἡμῖν
537 863 551 889 ὁ
579 862 729 894 Καθολικδς
744 861 793 898 τὴν
822 861 869 888 ἔκ-

73 907 149 934 θεσιν
165 908 216 942 τῆς
230 909 299 944 πρὸς
315 909 368 934 τῶν
385 908 498 942 βασιλέα
515 909 670 943 ἐπιστολῆς,
687 906 721 944 ἧς
736 909 753 944 ἠ
769 909 868 940 ἔννοια,

73 954 116 980 ἴνα
133 955 164 981 ὲν
177 955 296 990 ὲπιτομῇ
311 955 392 987 εἴπω,
407 954 487 989 αῦτη.
501 970 536 975 --
547 955 604 982 Οὐκ
613 955 776 990 ἐνομίζομεν
789 963 871 981 σκαν-

71 1001 231 1027 δαλίῗεσοαι
242 1001 321 1035 ἡμῶν
331 1009 406 1032 τινας
421 1001 555 1036 λεγόντων
568 1002 632 1037 μίαν
652 1001 733 1036 φύσιν
749 1002 794 1028 τὸν
804 1002 871 1036 Χρι-

73 1048 138 1074 σῖόν
148 1056 155 1063 ⁸
170 1048 259 1083 ὀρθῶς
274 1048 329 1084 γὰρ
339 1049 559 1084 ἑρμηνευόμενον
573 1049 653 1076 τοῦτο
668 1050 718 1075 οὐκ
735 1048 794 1076 ἔστι
819 1058 869 1076 κα-

71 1095 122 1122 κνῧν
136 1105 142 1111 ι
160 1096 222 1121 ἐπεί
238 1095 265 1121 δέ
275 1104 348 1126 τινες
366 1095 602 1128 σκανδαλίζονται,
620 1095 762 1128 παντελῶς
787 1096 870 1130 ἐγκα-

71 1142 285 1176 τ-ιλιμπάνομεν
302 1141 367 1177 μίαν
379 1144 461 1176 φύσιν
484 1143 575 1177 λέγειν
601 1143 647 1170 τὸν
670 1143 788 1178 Χριστόν
802 1142 868 1177 (51).

73 1187 142 1214 Εἶτα
159 1189 293 1223 ἠθέλησεν
303 1188 477 1220 ὁΚαθολικδς
491 1189 563 1216 κατὰ
579 1190 660 1224 μόνας
676 1189 714 1224 τῷ
723 1188 870 1224 Θεωριανῷ

74 1236 219 1270 συντυχεῖν
236 1243 243 1249 ·
260 1235 308 1261 καὶ
323 1235 581 1270 μετακαλεσάμενος
590 1236 638 1271 ὀψὲ
653 1236 785 1271 Σαῦὸάτῳ
799 1237 870 1266 λίαν.

74 1278 154 1307 εἶπεν
165 1280 263 1315 αὐτῷ·
296 1281 565 1316 Ἐσκανδαλίσθησαν
589 1282 614 1308 οἱ
639 1282 702 1317 ἐμοὶ
732 1282 871 1318 ἀρχιερεῖς

74 1329 135 1354 κατ’
158 1327 241 1362 ἐμοῦ,
254 1328 302 1354 καὶ
317 1327 391 1354 ἔστιν
403 1328 550 1362 ἀναγκαῖον
568 1328 708 1360 ἐξελέσθαι
734 1329 764 1356 τὸ
787 1329 871 1356 σκάν-

74 1374 156 1400 δαλον
176 1375 209 1400 ὲκ
225 1374 279 1400 τῶν
296 1374 414 1410 καρδιῶν
428 1374 519 1401 αὐτῶν
536 1382 543 1389 ·
562 1374 803 1409 ὲσκανδαλισμένοι
816 1375 871 1411 γὰρ

75 1422 164 1453 ὄντες,
181 1422 311 1456 οὐδαμῶς
330 1422 507 1449 ὑπακούσωσι
525 1431 576 1456 μου
593 1423 631 1454 ὡς
649 1423 783 1458 κεφαλῆς,
802 1423 871 1450 ἀλλὰ

77 1468 246 1495 σινιὰσουσιν
256 1465 301 1495 οἷα
314 1469 393 1502 γένος
409 1469 566 1505 ἀτέραμνον
592 1469 640 1495 καὶ
662 1469 871 1505 σκληροτράχη-

75 1514 121 1540 λον
137 1522 144 1529 ·
161 1514 220 1541 ἀλλ’
235 1513 331 1549 αὔριον
343 1515 401 1541 ἐστὶ
414 1515 558 1549 Κυριακὴ,
582 1514 631 1541 καὶ
661 1514 788 1549 μέλλουσι
809 1524 872 1541 συν-

916 261 974 284 rate
992 261 1121 287 rogavero
1139 254 1184 289 qui
1198 253 1318 280 locorum
1332 251 1472 280 intervalla
1490 252 1589 279 sciunt.

951 301 1079 330 TllEOll.
1097 302 1169 328 Sane
1187 305 1293 335 tempus
1310 308 1323 326 a
1341 304 1366 327 te
1382 299 1532 333 spatiosum
1555 297 1710 325 conceden-

917 349 979 374 dum
1002 353 1052 380 ρει,
1071 350 1100 373 ιιι
1123 345 1222 382 singuli
1250 344 1411 372 viaticorum
1437 351 1547 372 suorum
1573 343 1708 370 rationem

916 394 1043 421 habeant.

951 440 1031 469 GEN.
1045 440 1090 468 Sic
1107 447 1218 476 prorsus
1230 439 1364 475 agendum
1379 442 1430 466 est.
1446 438 1641 466 Verumtamen
1658 444 1709 471 ego

917 495 964 522 per
980 487 1102 514 homines
1117 493 1192 514 meos
1218 485 1368 512 familiares
1395 483 1555 519 imperatori
1575 483 1706 515 scribam,

919 541 1079 569 tempusque
1096 533 1199 569 synodo
1213 532 1377 565 praefinitum
1394 530 1566 566 signiﬁcabo.

955 625 1082 653 TllEOB.
1099 625 1217 652 Ostende
1241 625 1328 655 nobis,
1348 625 1370 651 si
1395 623 1441 651 libi
1467 623 1567 658 placet,
1581 629 1661 657 quam
1676 622 1709 649 ad

919 673 1112 705 imperatorem
1130 672 1264 699 missurus
1280 678 1309 699 es
1324 669 1480 705 epistolam.

955 717 1032 746 GEN.
1048 718 1086 745 ιω
1110 725 1185 745 sane.
1204 717 1280 744 Nunc
1300 724 1365 744 vero
1379 717 1410 743 ad
1433 715 1555 750 requiem
1570 713 1710 746 secedite;

920 764 1012 791 statim
1033 771 1064 790 ac
1091 763 1163 791 enim
1187 762 1328 798 epistolam
1352 762 1498 796 scripsero,
1516 760 1594 788 vobis
1618 764 1712 787 osten-

921 809 992 836 datu.

956 862 1070 890 Postero
1086 861 1129 890 die
1146 861 1220 888 misit
1236 861 1269 888 ad
1287 869 1337 888 nos
1354 859 1496 888 Generalis
1511 861 1664 888 litterarum
1679 859 1711 885 ad

923 908 1115 943 imperatorem
1136 907 1286 942 exemplar.
1302 914 1416 941 quarum
1432 913 1537 934 summa
1553 905 1611 933 haec
1630 910 1688 932 erat
1704 913 1711 933 :

922 955 1146 983 Existimavimus
1164 955 1299 982 neminem
1317 954 1448 981 oﬂ‘ensum
1467 953 1499 980 iri
1513 953 1645 980 adversus
1662 959 1711 979 nos

922 1003 967 1037 qui
989 1009 1069 1029 unam
1092 1001 1193 1029 Christi
1213 1006 1337 1028 naturam
1365 1000 1468 1032 dicunt,
1489 998 1710 1034 quandoquidem

922 1049 948 1076 id
975 1055 1047 1077 recta
1073 1048 1299 1083 interpretatione
1330 1047 1506 1082 explicatum,
1534 1046 1599 1072 vitio
1626 1049 1712 1073 caret.

924 1096 976 1124 Sed
1003 1096 1066 1132 quia
1088 1095 1211 1123 nonnulli
1240 1094 1397 1123 scandalum
1422 1093 1485 1121 hinc
1500 1092 1650 1127 patiuntur,
1663 1099 1713 1118 nos

922 1144 1030 1179 quidem
1046 1151 1129 1171 unam
1150 1143 1241 1171 dicere
1264 1142 1367 1169 Christi
1387 1146 1511 1169 naturam
1533 1147 1643 1176 prorsus
1656 1140 1712 1174 jam

923 1190 1087 1218 desinemus.
1101 1190 1169 1218 Exin
1189 1189 1330 1218 Generalis
1360 1193 1496 1216 secretum
1522 1186 1626 1220 optavit
1649 1193 1712 1212 cum

923 1234 1077 1263 Theon-iano
1105 1235 1281 1269 colloquium,
1307 1241 1386 1268 quem
1415 1233 1535 1260 Sahhato
1553 1232 1618 1259 hora
1635 1231 1714 1258 valde

922 1282 1042 1310 scrotina
1057 1281 1092 1309 ad
1107 1289 1136 1309 se
1150 1287 1275 1309 vocatum
1291 1282 1326 1308 ita
1343 1281 1476 1308 allocutus
1489 1284 1532 1307 est
1549 1288 1556 1306 :
1575 1278 1624 1306 Mei
1646 1277 1712 1304 mihi

922 1328 1042 1364 episcopi
1061 1327 1155 1355 οποηεί
1179 1333 1253 1360 sunt,
1270 1327 1384 1358 ideoque
1409 1334 1478 1361 opus
1495 1330 1536 1353 est
1553 1333 1586 1352 ex
1604 1324 1711 1351 illorum

923 1374 1022 1402 animis
1039 1374 1197 1401 scandalum
1222 1373 1351 1401 revellere
1369 1382 1376 1402 :
1392 1373 1520 1408 quamdiu
1540 1372 1612 1399 enim
1632 1371 1667 1398 ita
1683 1378 1712 1397 se

922 1421 1078 1454 habuerint,
1096 1427 1268 1455 nequaquam
1286 1420 1351 1447 mihi
1368 1423 1398 1447 ut
1415 1419 1521 1454 prmsuli
1541 1426 1644 1445 morem
1664 1425 1713 1453 ge—

923 1472 993 1499 rent,
1016 1467 1063 1494 sed
1094 1466 1302 1500 cavillabuntur,
1335 1471 1428 1502 utpote
1459 1474 1545 1501 genus
1573 1466 1713 1493 hominum

922 1513 1050 1549 pervicax
1068 1518 1093 1540 et
1107 1513 1281 1541 obduratutn.
1297 1513 1350 1542 Sed
1376 1514 1447 1541 enim
1468 1521 1530 1541 eras
1552 1513 1597 1540 die
1621 1512 1712 1540 Domi-

76 1560 196 1595 αχθῆναι
210 1560 350 1596 ἀρχιερεῖς
364 1560 467 1591 πολλοὶ,
495 1561 544 1588 καὶ
558 1561 690 1596 ἄρχοντές
709 1570 761 1596 μου
776 1561 870 1596 σχεδὸν

928 1559 983 1586 nica
1001 1558 1162 1586 conventuri
1188 1560 1222 1586 ad
1238 1559 1367 1596 Synaxim
1395 1565 1458 1587 sunt
1480 1559 1555 1587 multi
1580 1559 1712 1594 episcopi.

76 1607 209 1638 ἅπαντες.
227 1607 353 1642 Λάλησον
365 1607 420 1640 οὖν,
434 1608 458 1634 εί
472 1607 604 1640 κελεύεις,
618 1607 710 1639 αὐτοῖς
727 1607 798 1634 κατὰ
822 1607 872 1642 τὴν

76 1653 108 1679 ὲκ
122 1653 193 1679 Θεοῦ
214 1662 255 1680 σοι
273 1653 422 1689 δεδομένην
442 1653 539 1687 σοφίαν
564 1653 745 1689 πληροφορῶν
761 1653 872 1685 αὐτοὺς,

75 1699 137 1726 οὒτε
157 1700 269 1734 γραφὴν
286 1699 426 1734 μυστικὴν
446 1700 509 1726 οὕτε
524 1700 620 1733 λόγους
641 1699 787 1726 ἀπέστειλε
805 1699 873 1734 πρὸς

75 1746 121 1771 τὸν
140 1745 254 1780 βασιλέα
277 1746 291 1772 ὁ
314 1746 476 1778 Καθολικὺς,
497 1745 585 1781 ἀλλ’ἢ
612 1745 691 1772 τοῦτο
724 1745 803 1781 μόνον
819 1745 872 1777 ὅτι,

75 1793 124 1818 ἐὰν
139 1793 156 1827 ἡ
174 1791 298 1827 βασιλεία
317 1800 364 1819 σου
378 1793 443 1829 οέλῃ
458 1793 507 1827 τὴν
519 1793 626 1824 ἕνωσιν,
639 1793 688 1828 οὐχ
701 1790 782 1829 ἦττον
795 1792 873 1826 κάγὼ

75 1838 180 1872 ταύτην
198 1837 268 1863 θέλω
284 1838 332 1864 καὶ
346 1837 471 1873 ἐπιθυμῶ
483 1838 530 1865 καὶ
543 1838 686 1871 σπουδάζω
699 1838 741 1864 ἵνα
749 1838 872 1873 γένηται.

81 1882 237 1918 ’Υπέσχετο
263 1883 317 1918 γὰρ
344 1883 358 1909 ὁ
388 1883 540 1919 Θεωριανὺς
566 1884 645 1910 τοῦτο
677 1884 812 1919 ποιῆσαι·
839 1884 872 1918 τῇ

75 1929 213 1963 ἐπαύριον
235 1928 385 1963 ἐκκλησίαν
409 1929 524 1964 ἀγείρας
547 1929 690 1966 λαμπρὰν.
727 1929 874 1965 μετεκαλέ-

76 1983 143 2002 σατο
156 1975 242 2010 ἡμᾶς,
260 1977 308 2002 καὶ
331 1976 440 2008 ἀνοίξας
454 1976 485 2003 τδ
501 1977 593 2012 στόμα,
608 1977 690 2004 αὐτοῦ
717 1978 730 2003 ὀ
752 1977 874 2014 Θεωρια-

75 2022 122 2053 νὸς
138 2019 231 2048 εἶπεν.

293 2070 461 2104 Aulim-opm
483 2070 659 2104 Θεωρκινὸῦ.

110 2116 197 2142 Οὐδὲν
209 2115 282 2142 οὕτω
296 2117 436 2148 λυσιτελὲς
454 2118 511 2148 τοῖς
526 2117 684 2152 ἀνορώποις
701 2119 748 2145 καὶ
766 2119 874 2146 πολλῶν

75 2163 126 2190 καὶ
147 2163 279 2197 μεγάλων
293 2163 424 2198 πρόξενον
452 2163 574 2198 ἀγαθῶν,
601 2164 638 2196 ὡς
664 2165 695 2192 τὸ
731 2166 875 2200 φυλάττειν

75 2209 127 2240 τὰς
145 2209 257 2241 ἐντολὰς
272 2209 319 2236 τοῦ
335 2209 414 2236 Θεοῦ.
425 2210 474 2237 Διὰ
483 2209 563 2236 τοῦτο
577 2210 623 2237 καὶ
644 2211 811 2246 θεράποντες
827 2211 874 2238 τοῦ

75 2255 146 2282 Θεοῦ
161 2255 382 2291 χρηματίζομεν,
396 2257 444 2282 καὶ
461 2257 509 2289 τῆς
522 2257 718 2292 ἀκαταλήπτου
732 2257 874 2292 βασιλείας

76 2302 259 2336 κληρονόμοι,
278 2302 326 2328 καὶ
343 2302 455 2336 ἀδελφοὶ
471 2302 519 2329 τοῦ
536 2303 668 2338 Χριστοῦ,
683 2305 731 2330 καὶ
746 2303 800 2330 υίοὶ
826 2303 874 2330 τοῦ

75 2347 145 2374 Θεοῦ
177 2349 224 2375 καὶ
256 2344 328 2374 εἶναι
350 2349 398 2374 καὶ
426 2348 555 2383 λέγεσθαι
572 2349 722 2384 ἀξιούμεοα
735 2358 741 2364 “
756 2346 787 2377 οῦ
801 2350 827 2376 τί
842 2350 874 2377 ἂν

75 2395 186 2428 γένοιτο
203 2394 417 2430 μακαριώτερον
429 2395 477 2422 καὶ
500 2395 692 2430 εὐκταιότερον
708 2404 715 2428 ;
742 2395 828 2422 Τοῦτο
844 2395 875 2422 τδ

75 2439 257 2474 τηλικοῦντον
278 2440 361 2474 ἔργον
383 2441 432 2468 καὶ
457 2441 692 2476 δυσκατόρθωτον,
712 2441 742 2468 τὸ
770 2442 877 2477 μυρίων
892 2436 898 2439 ’

75 2484 144 2519 ἡμῖν
161 2484 311 2517 παραίτιον
324 2484 438 2518 ἀγαθῶν
453 2485 613 2520 ὑπισχνεῖτο
639 2486 766 2521 ποιήσειν
787 2485 847 2521 Θεῷ
863 2487 877 2512 ὁ

75 2530 224 2565 προφήτης
241 2530 289 2556 καὶ
304 2529 434 2564 βασιλεὺς
447 2531 493 2556 καὶ
513 2529 655 2566 οεοπάτωρ
669 2531 762 2564 Δαϐὶδ,
787 2531 811 2557 εί
828 2531 876 2566 μό-

75 2582 121 2600 νον
138 2575 329 2609 συκοφαντίας
340 2575 479 2610 ἀνώτερον
497 2575 578 2602 τοῦτο
590 2576 715 2610 φυλάξει.
757 2576 875 2610 Λύτρω-

75 2621 130 2647 σαι
142 2629 182 2654 με
200 2621 261 2648 ἀπὸ
275 2622 483 2656 συκοφαντίας
509 2623 672 2657 ἀνθι-ώπων
702 2623 800 2657 λέγων,
824 2622 874 2650 καὶ

74 2667 204 2700 φυλάξω
220 2668 275 2699 τὰς
284 2667 413 2700 ἐντολάς
423 2675 492 2695 σου.
506 2669 528 2694 Τ
532 2669 539 2694 i
554 2668 601 2696 οὖν
618 2669 722 2695 ἰδιῶται
743 2669 874 2704 ποιήσου-

110 2746 134 2762 ²³
145 2746 221 2774 Psal.
238 2754 334 2780 cxvtu,
356 2747 417 2774 154.

111 2811 170 2844 (3|)
190 2811 304 2846 Egregia
324 2819 392 2839 sane
417 2812 607 2846 disputationis
622 2813 770 2843 conclusio,
793 2811 867 2837 fruc-

76 2849 172 2879 tusque
187 2848 343 2881 pretiosus!
356 2847 470 2875 Prorsus
480 2848 562 2879 enim.
572 2849 633 2882 quia
643 2849 702 2874 dua:
715 2853 779 2875 sunt
792 2847 871 2874 Chri-

77 2882 111 2909 sti
130 2887 247 2916 naturae,
263 2890 344 2910 uuam
365 2883 455 2910 dicere
471 2882 644 2918 (prmscrtim
671 2888 730 2919 post
756 2883 871 2918 agitatas

924 1605 1105 1640 prmsulesque
1122 1606 1173 1633 tnei
1199 1614 1283 1641 prope
1305 1613 1410 1633 omnes.
1430 1606 1469 1632 'l‘u
1488 1606 1580 1640 igitur,
1595 1605 1618 1632 si
1634 1605 1711 1635 libet.

924 1659 973 1685 pro
985 1659 1016 1679 ea
1031 1658 1110 1685 quam
1131 1651 1178 1679 tibi
1194 1652 1308 1679 contulit
1322 1652 1454 1686 sapientia
1467 1651 1537 1679 Deus
1549 1652 1713 1678 concinnare

924 1697 994 1731 apud
1009 1704 1067 1728 eos,
1083 1697 1170 1731 iisque
1198 1697 1293 1729 suade,
1306 1705 1394 1732 neque
1417 1705 1545 1724 arcanam
1569 1696 1713 1730 epistolam

924 1750 1012 1776 neque
1035 1743 1135 1770 dictum
1153 1743 1260 1778 aliquod
1284 1743 1317 1770 ad
1337 1742 1527 1777 imperatorem
1548 1749 1563 1768 a
1587 1741 1713 1769 Gt‘nerali

925 1789 1038 1816 missum
1055 1788 1150 1820 fuisse,
1169 1789 1219 1816 nisi
1240 1789 1290 1816 hoc
1322 1793 1438 1820 tantum,
1456 1795 1552 1822 nempe
1571 1795 1652 1822 quam
1667 1791 1713 1814 tua

926 1834 1053 1869 maiestas
1066 1839 1140 1869 optat
1168 1834 1225 1862 ﬁeri
1249 1836 1387 1867 unionem,
1408 1842 1458 1867 ego
1477 1841 1586 1869 quoque
1611 1837 1638 1861 et
1653 1833 1714 1858 volo

924 1887 951 1908 et
966 1881 1056 1916 cupio,
1074 1885 1154 1915 atque
1165 1886 1194 1907 ut
1222 1880 1266 1907 liat
1282 1889 1391 1914 operam
1411 1880 1455 1908 do.
1467 1880 1549 1914 Igitur
1559 1879 1714 1906 Thcoriano

925 1927 1079 1961 excipiente
1103 1928 1252 1961 negotium.
1272 1926 1391 1954 crastina
1410 1927 1454 1953 die
1465 1925 1607 1953 Generalis
1623 1925 1715 1960 splen-

925 1973 990 2000 dida
1004 1972 1135 2000 concione
1149 1978 1254 2005 coacta,
1269 1973 1394 2000 invitavit
1408 1980 1469 2000 nos.
1487 1971 1557 1999 Tum
1574 1972 1609 1999 ibi
1623 1972 1715 2000 Theo-

926 2020 1022 2047 rianns
1039 2018 1096 2046 htec
1112 2019 1194 2047 verba
1211 2018 1285 2046 fecit.

1171 2072 1315 2100 Tlteoriani
1337 2074 1432 2101 oratio.

961 2118 1034 2146 Nihil
1051 2126 1126 2152 a‘que
1140 2119 1205 2147 utile
1223 2119 1394 2151 hominibus.
1415 2124 1507 2154 totque
1529 2127 1561 2146 ac
1577 2124 1715 2146 tantorum

926 2165 1059 2192 honorum
1075 2173 1157 2193 causa
1173 2170 1224 2198 estI
1243 2171 1271 2191 ut
1286 2172 1485 2201 pnrreptorum
1508 2166 1553 2193 Dei
1568 2168 1717 2194 observan-

929 2211 975 2239 tia.
1001 2211 1118 2246 Propter
1143 2213 1215 2239 hanc
1242 2213 1314 2240 enim
1338 2218 1365 2240 et
1391 2213 1436 2241 Dei
1463 2213 1532 2240 servi
1557 2221 1664 2245 sumus,
1690 2217 1718 2240 et

929 2258 1223 2293 incomprehensiblilis
1260 2258 1335 2294 regni
1371 2259 1492 2286 haeredes
1515 2279 1523 2292 ,
1555 2263 1583 2286 et
1615 2259 1717 2285 Christi

929 2305 1044 2336 fratres.
1059 2304 1142 2332 etDei
1157 2305 1203 2331 lilii
1221 2312 1282 2331 esse
1298 2305 1405 2338 dieique
1425 2312 1562 2332 meremur
1576 2314 1582 2331 :
1597 2313 1647 2338 qua
1658 2305 1718 2339 qui—

929 2351 988 2377 dem
1002 2357 1031 2377 re
1050 2350 1116 2377 nihil
1130 2350 1236 2377 beatius
1248 2355 1292 2377 aut
1304 2350 1450 2385 optabilius
1464 2358 1523 2378 esse
1535 2355 1630 2384 potest.
1643 2350 1719 2377 llanc

929 2400 1122 2430 prmceptorum
1138 2394 1184 2422 Dei
1202 2395 1417 2428 observantiam,
1433 2403 1489 2423 rem
1509 2403 1574 2423 Sane
1591 2403 1717 2430 magnam

929 2446 1010 2474 atque
1035 2439 1169 2467 dillicilem
1190 2445 1217 2468 ct
1244 2441 1413 2469 inﬁnitarum
1441 2441 1571 2468 bonorum
1597 2440 1718 2470 fontem,

929 2486 1112 2520 prmstiturum
1137 2493 1166 2513 sc
1192 2487 1343 2521 spondebat
1367 2486 1422 2513 Deo
1451 2486 1587 2519 Propheta
1614 2493 1663 2513 rex
1692 2492 1720 2513 et.

929 2531 1072 2566 theopater
1092 2530 1188 2561 David.
1203 2532 1225 2558 si
1246 2534 1328 2559 modo
1343 2532 1484 2559 calumnia
1498 2532 1552 2558 vim
1569 2531 1655 2559 vitare
1669 2539 1719 2566 po—

927 2578 1024 2604 tuiseet
1039 2586 1045 2604 :
1066 2577 1169 2604 Redime
1184 2587 1233 2609 me.
1251 2578 1347 2612 inquit,
1359 2587 1375 2605 a
1387 2578 1524 2605 calumniis
1534 2578 1680 2610 hominum,
1691 2582 1721 2606 ut

927 2624 1074 2650 custodiant
1087 2625 1214 2650 mamlata
1227 2629 1272 2650 tua
1291 2624 1324 2651 ’³.
1337 2624 1406 2657 Quid
1420 2631 1485 2659 ergo
1497 2624 1593 2658 privati
1609 2624 1718 2653 fat-ient.

927 2670 949 2696 si
968 2677 1015 2697 rex
1034 2669 1198 2696 calumniam
1212 2670 1377 2698 extimescit.
1393 2675 1475 2704 atque
1485 2673 1518 2703 ,ιιι
1530 2669 1563 2697 ab
1575 2677 1608 2698 ea
1623 2669 1722 2697 |iberc~

892 2234 913 2261 D

926 2821 988 2839 cum
1015 2814 1210 2848 monophysitis
1226 2813 1441 2848 contrOttersias)
1460 2815 1534 2841 nulla
1552 2814 1661 2842 subtilis
1678 2814 1721 2842 in~

927 2849 1085 2881 tet-prolatio
1110 2849 1149 2875 wl
1174 2849 1311 2876 elaborata
1337 2850 1477 2877 excusatio
1500 2851 1649 2878 concedere
1670 2851 1722 2877 Ar-

927 2884 1024 2911 tucuiis
1037 2893 1106 2912 nunc
1125 2884 1241 2912 videtur.
