1942 3081
246 107 258 123 ιτ

207 105 261 138 Ξτ5
919 107 998 137 ΊἮΕ

1052 106 1134 136 ῙΑΝΙ

1781 103 1843 135 Ξῗΰ

206 169 260 197 tur,
274 163 457 198 perdifﬁcilem
471 163 647 199 sponsionem
658 163 741 193 facit?
753 164 829 192 Haud
842 165 892 193 sibi
903 169 994 200 postu-

1052 177 1099 199 rtv,
1121 168 1184 195 ὅταν
1208 166 1336 202 βασιλεὺς
1356 164 1458 192 δέδοικε
1476 163 1526 200 τὴν
1561 161 1757 196 συκοφαντίαν,
1788 160 1843 187 καὶ

205 209 244 236 lat
260 209 408 244 longaevam
421 210 515 244 vitam,
528 214 591 246 puta
603 211 812 246 quingentorum
822 211 863 239 vel
876 211 992 246 amplius

207 262 353 287 annorum,
375 255 417 283 vel
434 255 554 284 universi
570 256 644 284 orbis
663 257 886 289 dominationem,
905 263 994 291 neque

205 301 277 328 aliud
291 301 437 337 quidquam
452 301 569 337 optabile
584 306 631 330 aut
642 302 813 335 admirabile,
830 302 876 330 sed
893 302 994 330 adver-

204 356 251 376 sus
266 348 418 376 calumnias
430 348 570 376 hominum
584 348 788 383 defensionem;
805 356 886 384 quam
903 349 925 376 si
942 349 995 375 im-

207 399 317 428 petret,
341 395 469 422 mandata
500 394 548 423 Dei
580 400 750 423 servaturum
784 403 813 423 se
847 395 992 431 promittit.

207 440 354 468 Maximum
371 448 465 476 reapse
486 441 617 469 malorum
641 441 776 469 calumnia
799 446 858 475 est;
879 441 994 476 ideoque

206 493 281 514 mens
299 486 343 514 illa
361 488 483 522 apprime
498 487 657 523 prophetica
669 492 696 515 et
711 487 811 522 regalis
826 488 897 515 hanc
912 494 995 522 expa—

206 533 304 566 vebat,
335 540 422 568 neque
453 541 482 561 se
511 533 545 561 ab
574 540 605 560 ea
635 538 723 561 tutum
742 534 827 561 totius
852 533 927 569 regni
952 532 994 560 sui

205 580 308 608 viribus
324 581 447 613 crdebat,
463 581 508 616 qui
521 580 686 615 cacteroquin
700 580 823 608 victoriis
844 579 995 607 innumeris

204 628 309 662 potitus
326 627 426 655 fuerat.
446 627 533 656 Mater
555 627 627 654 enirn
649 627 841 655 scandalorum
858 625 994 654 calumnia

205 673 319 701 infinitis
347 673 428 701 malis
450 674 543 701 orbem
572 673 662 701 obruit
695 682 702 701 :
741 673 842 701 fratres
878 673 993 700 invicem

206 719 347 752 distrahit,
362 724 489 755 parentes
509 727 525 747 a
545 719 654 753 liberis,
685 720 734 748 hos
758 727 772 747 a
796 719 963 754 parentibus,
980 726 994 745 a

207 765 316 793 dilectis
332 766 462 794 uxoribus
485 767 572 794 viros.
597 765 702 801 Quippe
725 765 776 793 hoc
797 765 994 793 validissimum

205 811 306 838 diaboli
324 816 405 846 atque
420 808 637 847 antiquissimum
655 812 737 840 telum
759 816 812 845 est,
828 812 899 839 unde
912 811 994 839 etiam

206 864 307 884 nomen
324 857 459 885 homicida
474 858 519 886 ille
533 863 628 886 nactus
644 863 686 887 est
703 867 709 885 :
726 865 815 893 neque
829 858 902 886 enim
923 857 995 885 aliud

207 903 385 930 calumniator
410 904 545 939 signiﬁcat
575 912 656 939 quam
682 904 830 932 diabolum.
856 903 997 931 Neminem

205 948 356 983 quamlibet
366 950 543 978 reverendum
556 954 697 978 reveretur
709 950 833 984 Satanas,
846 949 999 978 honorabili

206 995 337 1023 honorem
350 996 464 1031 denegat
474 996 565 1023 audax
577 996 622 1024 ille
631 1001 658 1024 et
669 997 890 1032 procacissimus.
898 995 999 1030 Quam-

206 1042 300 1069 obrem
321 1041 448 1069 inimicus
464 1049 497 1069 ne
513 1042 661 1070 venerabili
676 1042 786 1078 quidem
806 1042 882 1070 Patri
905 1047 998 1070 nostro

206 1087 382 1115 sanctissimo
407 1087 533 1116 Generali
559 1089 701 1124 pepercit,
728 1097 809 1124 quem
838 1093 1000 1117 reverentur

207 1135 297 1170 angeli
325 1140 454 1171 tanquam
479 1144 558 1164 suum
582 1138 782 1170 aemulatorem,
805 1138 851 1173 qui
877 1138 997 1174 ipsorum

207 1188 298 1209 mores
321 1181 396 1209 luteo
425 1181 452 1209 in
480 1189 594 1217 corpore
620 1182 722 1210 imitari
749 1183 891 1210 contendit
917 1193 924 1210 :
951 1183 999 1210 sed

207 1231 298 1254 vetere
319 1234 369 1255 suo
389 1227 535 1256 adversum
559 1228 633 1256 illum
650 1228 715 1262 telo,
728 1228 864 1256 calumnia
883 1229 998 1262 scilicet,

147 1300 153 1306 ,
203 1280 274 1301 usus
286 1276 339 1301 est.
353 1273 450 1301 Audivi
465 1275 538 1302 enim
555 1273 670 1302 furtivos
681 1275 861 1310 quorumdam
873 1282 1000 1302 sermun-

206 1318 282 1346 culos
300 1319 497 1353 dictitantium,
522 1321 593 1356 quod
617 1325 724 1348 secreto
744 1321 887 1349 Generalis
912 1322 998 1356 impe—

207 1366 290 1392 ratori
305 1365 512 1401 signiﬁcaverit,
529 1374 558 1394 se
571 1371 695 1402 quartam
712 1367 846 1403 synodum
865 1368 997 1403 recipere,

206 1414 289 1445 atque
305 1411 338 1438 ad
366 1410 504 1439 Romanas
528 1417 620 1447 partes
636 1413 775 1447 accedere,
798 1414 855 1442 sive
875 1414 998 1442 Armenii

205 1462 357 1492 sequantur
374 1458 431 1485 sive
444 1466 534 1486 secus.
561 1459 595 1486 Et
615 1460 663 1487 has
680 1461 788 1495 quidem
806 1460 914 1489 fraudes
928 1461 999 1496 apud

1045 215 1114 250 ὑπὲρ
1128 214 1175 242 τοῦ
1187 213 1359 250 λυτρωθῆναι
1373 211 1486 247 ταύτης,
1500 209 1648 245 ὑπόσχεσιν
1676 208 1749 234 ποιεῖ
1771 207 1843 233 δυσ-

1044 261 1234 297 κατόρθωτονς
1261 259 1298 287 οὐ
1327 259 1404 293 ζητεῖ
1431 257 1504 292 ζωὴν
1532 255 1729 290 μακροήμερον
1766 253 1842 279 ἐτῶν

1046 307 1232 336 πεντακοσίων
1247 307 1264 341 ἢ
1280 303 1450 340 πλειόνιυν,ἢ
1465 303 1515 338 τῆς
1527 302 1590 334 ὅλης
1606 300 1773 335 οἰκουμένης
1785 298 1840 332 τὴν

1046 355 1196 391 βασιλείαν,
1215 354 1271 381 οὐδ’
1283 353 1348 380 ἀλλο
1364 361 1391 379 τι
1406 351 1460 379 τῶν
1478 350 1625 386 ἐπαράτων
1650 348 1698 375 καὶ
1726 347 1843 380 θαυμα-

1046 400 1128 432 στῶν,
1145 398 1213 426 ἀλλᾶ
1237 396 1421 432 συκοφαντίας
1452 394 1604 429 ἀνθρώπων
1634 391 1841 425 ἀπολύτρωσιν,

1045 447 1093 474 καὶ
1108 446 1170 473 ἀντὶ
1181 445 1283 480 ταύτης
1300 443 1447 478 φυλάττειν
1475 441 1525 473 τὰς
1555 439 1668 469 ἐντολὰς
1692 437 1740 464 τοῦ
1767 435 1842 463 Θεοῦ

1046 490 1255 525 ἐπαγγέλλεται.
1275 489 1379 519 Ὄντως
1403 486 1539 522 πάμμεγα
1556 484 1650 511 κακῶν
1667 483 1684 518 ἡ
1699 489 1842 516 συκοφαν-

1045 536 1090 563 τία
1105 544 1111 551 ·
1126 535 1173 562 καὶ
1191 535 1234 561 διὰ
1249 534 1327 561 τοῦτο
1346 534 1360 560 6
1385 531 1631 567 προφητικώτατος
1658 529 1705 555 καὶ
1731 527 1842 563 βασιλι-
1871 531 1873 535 ‘

1046 583 1167 614 κώτατος
1188 581 1251 613 νοῦς
1265 580 1368 610 ἐκεῖνος
1390 578 1484 605 ἐδεδίει
1500 576 1597 612 αὐτὴν,
1611 576 1647 611 μὴ
1675 574 1746 600 πάνυ
1772 573 1844 608 θαῤ-

1049 630 1103 666 ρῶν
1127 628 1185 656 κατ’
1216 627 1301 662 αὐτῆς
1326 625 1369 660 ἐφ’
1393 625 1457 660 ὅλην
1481 623 1529 658 τὴν
1558 621 1697 658 βασιλείαν
1709 619 1806 650 αὐτοῦ,
1827 620 1842 645 6

1049 676 1132 711 μυρία
1159 672 1350 716 κατωρθωκὼς
1379 672 1428 699 καὶ
1457 671 1559 705 στήσας
1592 666 1840 716 ἀνδραγαθήματῆ

1047 721 1197 757 Γεννητικὴ
1213 710 1268 755 γίὶρ
1283 719 1440 747 σκανδάλων
1453 718 1470 753 ἡ
1487 715 1666 750 συκοφαντία,
1685 713 1733 740 καὶ
1752 710 1842 757 ἑσμοῦ

1048 756 1142 795 κακῶν
1155 766 1204 800 τὴν
1213 765 1376 800 οἰκουμένην
1386 762 1580 796 έμπίμπλησιν
1589 768 1596 775 ’
1612 759 1747 793 διίστησιν
1763 756 1844 783 ἀδελ-

1048 814 1116 848 φοὺς
1131 812 1179 839 ἀπ’
1197 811 1331 846 ἀλλήλων,
1357 810 1446 845 γονεῖς
1474 809 1589 839 τέκνων,
1616 805 1699 832 τέκνα
1724 803 1842 837 γονέων.

1048 859 1148 894 ἄνδρας
1164 858 1357 894 περιποθήτων
1371 855 1519 885 συνευνῶν,
1534 853 1571 884 ὡς
1589 852 1736 888 πρόχειρον
1755 849 1842 876 ὅπλον

1047 903 1096 932 τοῦ
1111 903 1237 931 διαϐόλου
1253 903 1300 930 καὶ
1318 901 1498 937 ἀρχαιότατον
1517 899 1546 931 ἐξ
1562 895 1593 925 οὗ
1622 897 1669 924 καὶ
1697 895 1747 930 τὴν
1766 895 1843 920 ἐπω-

1046 952 1148 987 νυμίαν
1160 952 1174 978 6
1190 949 1417 986 ἀνθρωποκτόνος
1431 947 1568 981 ἐκτήσατο
1580 953 1586 960 ·
1601 944 1631 971 οὐ
1643 943 1699 978 γὰρ
1714 942 1779 969 ἄλλο
1790 941 1842 975 δη-

1047 998 1110 1026 λοῦν
1127 997 1215 1024 ἐθέλει
1229 996 1260 1022 τὸ
1276 996 1326 1030 τῆς
1344 992 1527 1027 συκοφαντίας
1541 991 1640 1026 ὄνομα,
1668 989 1727 1016 ἀλλ’
1743 987 1760 1023 ἢ
1793 987 1842 1013 τὸν

1048 1045 1183 1072 διάϐολον.
1201 1044 1258 1071 Οὐκ
1277 1042 1394 1069 αἰδεῖται
1407 1041 1434 1067 τί
1445 1039 1499 1066 τῶν
1519 1037 1612 1070 αἰδοῦς
1627 1036 1712 1069 ἀξίων
1726 1035 1841 1061 όΣατα-

1049 1093 1108 1123 νᾶς,
1129 1091 1163 1118 τὰ
1175 1091 1225 1126 τῆς
1238 1089 1321 1124 τιμῆς
1336 1088 1399 1122 ἄξια
1421 1087 1452 1113 οὺ
1466 1086 1545 1121 τιμᾷ,
1559 1081 1739 1118 ἀναίσχυντός
1752 1081 1841 1126 ἐστιν,

1049 1137 1179 1172 αὐθάδης,
1210 1135 1373 1169 πάντολμος.
1398 1133 1447 1160 Διὰ
1477 1131 1558 1158 τοῦτο
1579 1129 1639 1157 οὐδὲ
1670 1128 1717 1155 τοῦ
1745 1125 1842 1160 τιμίου

1049 1183 1250 1218 Πατρδςιὴμῶν
1264 1181 1311 1208 τοῦ
1343 1179 1497 1214 ἁγιωτάτου
1527 1175 1683 1204 Καθολικοῦ
1710 1173 1843 1209 ἐφείσατο

1049 1234 1063 1259 6
1082 1230 1189 1268 ἐχθρὸς,
1201 1229 1231 1257 ὃν
1243 1227 1382 1257 αἰδοῦνται
1398 1226 1446 1253 καὶ
1464 1224 1578 1259 ἄγγελοι
1591 1223 1628 1255 ὡς
1643 1221 1736 1252 αὐτοῖς
1757 1218 1842 1268 ἁμιλ-

1048 1265 1180 1313 λώμενον,
1197 1276 1244 1304 καὶ
1262 1275 1310 1311 τὴν
1323 1273 1437 1301 ἐκείνων
1463 1269 1604 1306 διαγωγὴν
1619 1269 1647 1295 ὲν
1663 1267 1768 1302 πηλίνῳ
1787 1265 1843 1313 ad):

1051 1311 1118 1361 ματι
1156 1322 1331 1358 κατορθῶσαι
1361 1317 1568 1355 φιλονεικοῦντα
1583 1325 1589 1332 ’
1612 1314 1681 1343 ἀλλὰ
1704 1311 1842 1361 nixa-1‘

1049 1359 1133 1400 αὐτοῦ
1150 1370 1189 1406 τῷ
1203 1368 1310 1405 ἀρχαίῳ
1325 1365 1409 1394 αὑτοῦ
1423 1365 1498 1400 ὅπλῳ
1512 1365 1544 1400 τῇ
1563 1361 1733 1397 συκοφαντίᾳ
1756 1359 1842 1406 ὲχρήῗ

1050 1426 1126 1445 σατο.
1145 1417 1270 1443 Ἤκουσα
1300 1414 1355 1449 γάρ
1384 1420 1466 1439 τινων
1489 1407 1742 1445 ὕποψιθυριζόντων
1765 1406 1806 1432 ὅτι
1827 1405 1842 1431 6

1050 1462 1202 1495 Καθολικδς
1215 1462 1336 1497 ἐμήνυσε
1363 1459 1453 1495 λάθρα
1482 1457 1551 1492 πρὸς
1575 1454 1766 1491 τὸνβασιλέα,
1799 1453 1842 1479 ὅτι

205 1510 256 1530 vos
271 1507 366 1531 contra
393 1504 555 1532 Geueralem
571 1505 656 1533 draco
671 1499 775 1534 nexuit;
796 1506 900 1534 Rursus
921 1507 998 1535 nobis

1052 1511 1169 1546 Δέχομαι
1202 1508 1252 1544 τὴν
1277 1506 1413 1542 τετάρτην
1445 1504 1565 1535 σύνοδον,
1594 1501 1643 1528 καὶ
1660 1500 1772 1547 ἀπὸτοῦ
1793 1498 1842 1526 νῦν

207 1550 213 1576 1
227 1557 278 1578 anc
290 1550 455 1578 calumniam
467 1551 605 1585 imposuit,
625 1552 698 1587 quod
709 1560 770 1580 eum
783 1553 870 1588 ipsum
887 1554 995 1581 haereti-

207 1604 267 1623 rum
283 1605 329 1630 per
340 1596 495 1624 universam
505 1597 665 1625 Romaniam
677 1599 904 1630 dictitaremus.0
915 1600 996 1628 Sata-

206 1650 248 1669 n:e
256 1642 467 1677 improbitatem!
480 1643 544 1677 Quis
553 1644 623 1678 apud
635 1652 684 1672 nos
694 1644 854 1673 Geueralem
863 1646 902 1673 hlE‘
908 1654 998 1675 reseos

207 1688 392 1722 insimularet,
410 1697 490 1723 quem
507 1697 557 1725 ego
581 1690 785 1718 sanctissimum
813 1691 840 1719 in
876 1692 998 1727 disputa-

209 1735 282 1763 tione
304 1736 405 1770 scripta
425 1736 568 1772 appellavi,
589 1744 649 1772 qua:
670 1738 696 1764 in
716 1738 819 1773 palatio
842 1746 874 1766 ac
896 1742 999 1774 synodo

207 1781 276 1809 lecta
292 1781 352 1814 fuit,
373 1790 406 1810 ex
423 1790 475 1817 qua
495 1783 558 1810 licet
580 1784 744 1810 contrariam
761 1792 872 1818 prorsus
894 1785 1000 1812 calum-

209 1828 348 1856 niantibus
374 1829 539 1857 sententiam
559 1829 704 1857 conﬁcere.
729 1830 782 1857 Sed
809 1831 866 1858 haec
890 1831 999 1866 quidem

208 1872 382 1900 machinatus
400 1877 442 1900 est
455 1873 530 1908 pacis
544 1877 572 1900 et
587 1873 740 1901 concordiae
752 1873 849 1905 hostis.
865 1875 910 1909 qui
927 1880 1001 1903 recte

209 1917 290 1945 factis
317 1925 426 1952 semper
443 1918 615 1946 adversatur.
632 1917 688 1946 Nos
705 1926 769 1946 vero
794 1918 956 1947 Generalem
974 1925 1001 1948 et

209 1968 333 1991 sanctum
353 1963 509 1998 iudicamus
530 1968 557 1992 et
583 1965 724 1992 dicimus:
750 1973 838 2000 neque
853 1966 1000 2001 quidquam

209 2016 269 2050 ipse
286 2015 320 2043 ad
333 2017 535 2051 imperatorem,
557 2021 655 2050 praeter
677 2016 729 2044 hoc
749 2018 859 2052 scripsit
883 2027 889 2045 :
914 2019 1000 2052 Quam

209 2067 256 2089 tua
271 2062 399 2097 maiestas
413 2063 470 2090 vult
484 2063 625 2096 unionem,
645 2071 694 2091 nos
708 2072 816 2099 quoque
830 2064 957 2093 volumus
970 2073 1002 2094 ac

210 2113 401 2144 peroptamns;
419 2114 446 2136 et
468 2117 530 2136 cum
552 2109 685 2144 synodum
704 2115 826 2138 nostram
851 2111 1002 2139 celebrabi-

211 2163 292 2187 mus,
319 2155 468 2191 lcgatorum
498 2155 653 2190 maiestatis
675 2162 727 2184 tum
749 2165 889 2185 sermones
908 2167 999 2186 coram

1059 1557 1195 1592 Ῥωμαῖος
1218 1555 1326 1590 ἔσομαι,
1358 1553 1410 1580 κᾶν
1437 1560 1467 1578 τε
1503 1551 1617 1585 ἕψονται
1645 1548 1671 1575 οἱ
1688 1546 1841 1582 ’Δρμένιοι,

1052 1605 1104 1633 κᾶν
1130 1613 1160 1631 τε
1193 1603 1240 1630 καὶ
1267 1602 1317 1637 μή.
1346 1600 1402 1628 Καὶ
1429 1599 1516 1625 ταῦτα
1548 1597 1598 1632 μὲν
1628 1595 1689 1622 κατ’
1723 1593 1805 1621 αὐτοῦ
1827 1593 1841 1618 6

1054 1651 1201 1688 μισόχαλος
1227 1648 1391 1684 ὲτεκτῂνατο
1410 1646 1538 1682 δράκων·
1571 1643 1632 1670 καθ’
1653 1641 1729 1677 ἡμῶν
1751 1639 1841 1688 δέ-ὅτι

1052 1685 1098 1727 τὴν
1119 1697 1272 1727 Καθολικδν
1293 1694 1430 1730 αἱρετικὸν
1450 1691 1580 1726 ἐλέγομεν
1601 1691 1630 1716 έν
1659 1688 1708 1724 ὅλῃ
1721 1687 1754 1720 τῇ
1774 1685 1841 1713 Ῥω-

1055 1747 1154 1782 μανίᾳ·
1180 1743 1203 1771 ὣ
1231 1743 1280 1777 τῆς
1300 1741 1400 1773 κακίας
1429 1739 1476 1766 τοῦ
1495 1737 1622 1765 Σατανᾶί
1653 1734 1715 1766 Πῶς
1745 1732 1842 1782 ἠθελον

1053 1779 1192 1828 αἱρετικὸν
1207 1791 1293 1817 εἰπεῖν
1321 1788 1366 1815 τὸν
1385 1784 1536 1814 Καθολικὸν
1567 1784 1597 1810 ὂν
1620 1783 1648 1809 έν
1673 1782 1705 1816 τῇ
1726 1779 1844 1828 διαλέξει

1055 1826 1207 1872 ἁχιὼτατον
1226 1835 1417 1871 ἐμαρτύρησα,
1431 1833 1494 1869 ἥτις
1505 1829 1665 1865 ἀνεγνώσθη
1686 1828 1732 1854 ἐπὶ
1758 1826 1845 1853 ’παλα-

1054 1886 1111 1913 τίου
1137 1884 1205 1911 κάπὶ
1235 1883 1360 1915 συνόδους
1382 1881 1436 1908 Καὶ
1467 1877 1588 1909 ἐναντίος
1617 1876 1700 1907 αὐτὺς
1725 1875 1754 1900 ὲν
1774 1874 1842 1908 αὐτῇ

1055 1932 1217 1967 ἐλεγχθῆναι
1234 1938 1241 1945 ·
1259 1928 1340 1956 Ἀλλὰ
1354 1927 1440 1954 ταῦτα
1466 1925 1515 1961 μὲν
1533 1923 1669 1952 ὑπέὸαλεν
1690 1922 1704 1948 6
1725 1921 1774 1955 τῆς
1788 1966 1793 1967 7
1806 1920 1845 1946 εί-

1057 1966 1140 2016 ρήνης
1155 1979 1202 2005 καὶ
1221 1977 1270 2012 τῆς
1288 1976 1399 2011 ὁμο-βίας
1418 1972 1524 2010 ὲχθρὺς,
1544 1971 1574 2003 ὃς
1594 1970 1638 1998 ἀεὶ
1652 1969 1712 2016 ταῖς
1728 1966 1845 2016 ἀγαθαίς

1056 2012 1188 2061 ατράξεσιν
1203 2023 1406 2050 ἀντιτάσσεται.
1434 2019 1506 2046 Ἀλλ’
1526 2018 1606 2053 ἡμεῖς
1632 2016 1681 2057 μὲγ
1698 2012 1844 2061 ἄγιονΔτδν

1056 2059 1210 2100 Κ-αθολικὺν
1229 2070 1277 2096 καὶ
1289 2068 1389 2104 ἔχομεν
1402 2065 1450 2094 καὶ
1466 2064 1641 2100 ὀνομάζομεν
1655 2070 1661 2077 ·
1696 2061 1743 2088 καὶ
1763 2059 1845 2104 αυτὸς

1056 2116 1132 2144 οὐδὲν
1144 2115 1208 2144 ἄλλο
1223 2116 1292 2149 πρὸς
1304 2103 1353 2139 τὸν
1369 2110 1482 2146 βασιλέα
1503 2108 1623 2144 ἔγραφεν
1635 2105 1693 2133 ἀλλ’
1717 2105 1733 2140 ἢ
1746 2103 1825 2130 τοῦτο
1835 2111 1844 2118 ο

1060 2174 1069 2190 ι
1085 2163 1163 2190 Ἐπεὶ
1176 2163 1193 2197 ἡ
1208 2162 1274 2195 ἁγία
1289 2157 1415 2194 βασιλεία
1429 2165 1477 2183 σου
1497 2155 1586 2182 ἐθέλει
1603 2154 1654 2189 τὴν
1674 2152 1783 2179 ἕνωσιν.
1793 2149 1846 2197 θέ-

209 2202 337 2229 sistemus
354 2210 360 2234 ;
375 2206 402 2229 et
413 2203 486 2238 quod
505 2202 576 2230 Deus
590 2208 693 2230 rectum
713 2210 774 2230 esse
800 2203 998 2231 demonstrave-

1057 2211 1140 2245 λομεν
1153 2195 1200 2236 καλ.
1213 2205 1400 2240 ὲπιποθοῦμεν
1416 2203 1520 2237 αὑτήν·
1549 2201 1596 2228 καὶ
1624 2200 1688 2245 ὅταν
1712 2197 1760 2224 σὺν
1786 2195 1846 2245 Θεῷ

210 2249 256 2281 rit,
279 2249 428 2282 faciemus;
452 2249 533 2285 idque
553 2255 637 2277 tounn
658 2250 761 2285 potenti
781 2250 917 2286 majestati
950 2257 1002 2279 ture

211 2303 260 2329 per
287 2300 396 2324 nostros
426 2296 564 2324 antistites
595 2296 825 2331 significabimus.
857 2296 921 2325 llaec
954 2305 1003 2332 per

211 2342 344 2376 scriptum
361 2341 501 2370 Generalis
519 2343 692 2378 signiﬁcavit.
709 2342 765 2370 Pax
777 2347 868 2370 autem
883 2343 929 2370 Dei
943 2352 1003 2379 qua:

211 2393 325 2423 superat
348 2395 457 2416 omnem
482 2396 604 2421 sensum.
621 2397 701 2424 quam
717 2395 742 2417 et
766 2389 815 2417 Dei
831 2397 892 2418 esse
908 2389 1004 2418 didici-

213 2442 284 2469 mus,
299 2439 327 2462 et
351 2435 428 2469 cujus
453 2435 523 2463 Deus
559 2435 617 2470 ipse
647 2435 718 2462 Deus
742 2441 792 2467 est,
812 2443 924 2471 quasque
947 2437 1002 2472 ipsa

214 2481 286 2509 Deus
300 2486 353 2514 est,
368 2486 497 2516 tanquam
512 2482 538 2508 in
555 2488 623 2516 pace
641 2481 688 2509 Dei
702 2481 800 2514 nostri,
817 2489 880 2509 suos
894 2482 1003 2517 quidem

216 2528 309 2555 hostes
327 2528 355 2555 in
371 2533 503 2556 mternum
523 2528 697 2560 exlerminel,
714 2533 851 2556 amatores
866 2533 956 2556 autem
976 2529 1002 2556 in

214 2573 323 2601 Christo
337 2574 400 2602 Jesu
418 2574 532 2602 Domino
545 2581 577 2602 ac
591 2582 654 2601 vero
672 2574 728 2601 Deo
746 2579 837 2601 nostro
855 2575 1014 2603 concordes-

214 2624 314 2646 servet.

1056 2242 1106 2290 τὴν
1127 2253 1263 2290 ἡμετέραν
1276 2251 1438 2287 ποιήσωμεν
1452 2247 1572 2279 σύνοδον,
1587 2246 1651 2276 τοὺς
1677 2243 1774 2290 λόγους
1788 2242 1847 2290 ’τῶν

1058 2288 1212 2336 ἀνθρώπων
1230 2298 1281 2332 τῆς
1295 2295 1437 2330 βασιλείας
1462 2302 1510 2320 σου
1534 2293 1575 2323 είς
1601 2291 1683 2326 μέσον
1706 2288 1846 2336 ,προθησο-

1061 2332 1134 2382 μεν-·
1152 2346 1199 2372 καὶ
1216 2345 1284 2379 ὅπερ
1297 2344 1310 2370 6
1322 2342 1388 2374 Θεὸς
1404 2342 1469 2376 ἡμῖν
1486 2340 1539 2365 ἀπο
1547 2337 1650 2375 [δείξει]
1669 2335 1751 2382 καλὸν
1766 2332 1846 2382 εἶναι,

1060 2378 1221 2426 ῖποιήσομεν,
1241 2378 1288 2415 καὶ
1308 2387 1466 2422 δηλώσομεν
1480 2385 1569 2411 πάντα
1581 2382 1615 2409 δι’
1629 2381 1778 2426 ήμετέριοεί
1797 2378 1849 2426 ἀρ..

1058 2421 1174 2472 χιερέων
1184 2436 1216 2470 τῇ
1231 2421 1353 2469 κραταιᾷ
1367 2421 1493 2466 βασιλείᾳ
1502 2438 1561 2456 σου.
1584 2437 1592 2454 ι
1609 2425 1705 2472 Ταῦτᾴ
1734 2421 1806 2472 εἰσιν
1826 2421 1847 2449 ἃ

1058 2470 1204 2519 ἔγκέράφως
1232 2480 1368 2515 ἐμήνυσεν
1397 2479 1411 2504 6
1438 2475 1600 2522 Καθολικός.
1623 2471 1732 2522 ξιιλδε.
1750 2470 1844 2522 simu,

1058 2515 1188 2555 τοῦ-Θεοῦ
1203 2527 1219 2562 ὴ
1235 2524 1407 2559 ὑπερέχουσα
1420 2521 1507 2549 πάντα
1519 2519 1593 2551 νοῦν,
1620 2517 1653 2553 ἢν
1665 2515 1733 2543 Θεοῦ
1764 2523 1793 2540 τε
1810 2515 1844 2539 εἴ·

1059 2585 1102 2603 ναι
1130 2559 1275 2608 ἀκούομεν,
1310 2570 1358 2597 καὶ
1387 2567 1420 2606 ἦς
1442 2568 1509 2594 Θεὸν
1529 2566 1575 2593 τὺν
1590 2565 1666 2596 Θεὸν,
1693 2562 1740 2589 καὶ
1761 2559 1846 2594 αὐτὴν

1059 2622 1135 2653 Θεὸν,
1154 2621 1190 2648 ὡς
1211 2607 1239 2646 έν
1253 2619 1285 2653 τῇ
1299 2618 1394 2652 εἰρήνῃ
1408 2615 1454 2642 τοῦ
1472 2613 1540 2640 Θεοῦ
1552 2611 1642 2648 ἡμῶν,
1655 2610 1715 2641 τοὺς
1734 2607 1784 2642 μὲν
1804 2607 1847 2641 ὲχ-

215 2664 297 2698 οροὺς
310 2664 397 2698 αὐτῆς
415 2665 455 2697 εἰς
467 2664 543 2697 τέλος
557 2664 717 2697 καταϐαλεῖ,
748 2665 898 2701 φρουρήσει
918 2665 946 2692 δὲ
980 2666 1043 2697 τοὺς
1064 2652 1209 2701 φιλοῦντας
1229 2652 1313 2698 αὺτῆν
1332 2663 1361 2688 ἐν
1380 2663 1414 2697 τῇ
1434 2660 1519 2694 αὐτῆς
1539 2658 1661 2694 ὁμονοίᾳ,
1688 2656 1716 2682 ὲν
1736 2652 1847 2689 Χριστῷ

215 2711 304 2746 Ἰησοῦ
322 2710 360 2746 τῷ
378 2711 473 2746 Κυρίῳ
485 2712 532 2738 καὶ
546 2710 667 2746 ἀληθινῷ
682 2711 741 2746 Θεῷ
756 2712 845 2746 ἡμῶν.

249 2759 330 2788 GEN.
352 2758 399 2786 llis
412 2759 503 2791 dictis,
521 2758 741 2788 Geueralis'ait:
765 2759 904 2787 Neminem
931 2760 1000 2795 frugi

216 2806 343 2840 ignorare
372 2805 511 2837 arbitror,
543 2805 614 2839 quod
639 2806 715 2841 origo
747 2806 856 2833 malitiae
889 2813 1002 2840 serpens

216 2852 434 2882 Christianorum
465 2852 591 2879 unionem
616 2856 739 2887 spectare
771 2860 824 2880 non
849 2853 965 2880 susxinct
992 2862 998 2879 :

1098 2759 1128 2784 Ὀ
1149 2757 1228 2785 ΚΑΘ.
1243 2755 1352 2783 Τούτων
1367 2754 1438 2781 οὕτω
1455 2752 1604 2788 ῥηθέντων,
1615 2749 1715 2777 εἶπενό
1732 2749 1848 2777 Καθολι-

1056 2805 1119 2836 κνες·
1135 2804 1237 2831 Οὐδένα
1251 2802 1305 2828 τῶν
1317 2799 1346 2828 εὖ
1361 2799 1533 2835 φρονούντων
1553 2799 1661 2832 ἀγνοεῖν
1674 2794 1762 2831 οἶμαι,
1784 2797 1848 2824 ὅτιὸ

1056 2851 1208 2886 ἁρχὲκακος
1227 2849 1287 2885 δίις
1314 2847 1434 2883 καθορᾷν
1452 2846 1480 2873 οὐ
1504 2845 1581 2880 φέρει
1601 2844 1650 2880 τὴν
1681 2843 1779 2871 ἕνωσιν
1793 2844 1843 2871 τῶν
