1942 3081
99 93 159 125 ΞΠ

786 93 1019 126 DISPUTATIO
1041 94 1084 124 Il.

1685 90 1740 123 278

102 149 285 185 Χριστιανῶν
296 157 304 165 ⁸
322 149 469 184 σφάττεται
489 149 543 186 γὰρ
561 151 592 186 τῇ
605 151 718 186 ὁμονοίᾳ.
732 151 786 177 τῶν
800 151 903 177 τέκνων

961 154 1086 177 enecatur
1100 148 1173 176 enim
1197 156 1211 175 a
1230 147 1346 175 ﬁliorum
1372 147 1418 174 Dei
1435 145 1598 179 concordia;
1613 145 1739 174 lcthalem

102 195 158 222 τοῦ
173 194 254 227 Θεοῦ.
269 195 317 221 καὶ
335 195 474 230 ῥομφαίαν
505 197 577 223 κατὰ
605 197 720 232 καρδίας
751 196 903 231 εἰσδέχεται

103 241 233 277 καιρίαν,
247 241 400 269 θάλλουσαν
415 242 465 277 τὴν
480 243 594 278 εἰρήνην
616 243 700 278 ὁρῶν.
718 243 774 270 Καὶ
803 243 827 269 εἰ
843 242 903 269 καθ’

103 285 191 320 ἡμῶν
203 285 317 313 τοιαῦτα
334 286 461 322 ἔμηχανή
468 295 543 318 sata,
557 286 735 322 παρασλάψαι
755 285 839 312 θέλων
853 285 904 320 τὴν

103 330 221 363 ἕνωσιν,
245 331 403 366 θαυμαστὸν
426 333 524 359 οὐδέν’
550 332 609 359 ἀλλ’
629 333 704 367 ἡμᾶς
727 332 757 359 οὐ
783 331 905 358 διέλαϐον

102 378 144 403 τὰ
163 377 302 404 σκάνδαλα
315 377 410 405 αὐτοῦ.
425 378 472 404 Διὸ
491 378 544 405 τῶν
564 378 627 405 καθ’
652 379 733 413 ήμῶν
764 377 904 413 ῥηθέντων

104 423 207 450 οὖδὲνα
221 424 302 458 λόγον
316 424 479 459 ποιούμεθα,
501 424 559 451 ἀλλ’
572 424 640 459 ὅπερ
661 423 839 460 ὲμηνύσαμεν
866 423 905 458 τῷ

107 468 230 503 βασιλεῖ,
261 471 309 496 καὶ
333 470 415 496 πάλιν
449 470 599 506 μηνύομεν.
630 470 696 496 Ἀπὸ
720 469 766 496 τοῦ
790 469 850 503 νῦν,
880 470 905 496 εἰ

106 513 254 547 κελεύετε,
269 516 514 550 ἀποχαιρετίσατε.

154 578 436 614 ’ᾼποχαιρετισαντες
462 577 509 606 οὖν
522 577 644 615 ἤλθομεν
664 581 705 612 εἰς
732 580 763 607 τὸ
785 579 906 607 Κεσσού-

110 633 172 651 νων
184 632 191 639 ·
204 624 323 660 εὕρομεν
336 625 364 651 δὲ
384 625 443 652 ἐκεῖ
460 625 507 652 τὸν
520 626 636 661 μοναχὸν
649 626 787 661 θεόδωρον
803 625 849 652 τδν
865 635 907 660 φι-

105 671 229 704 λόσῡφον
249 671 297 698 τοῦ
330 671 487 698 Καθολικοῦ
498 672 552 698 τῶν
576 671 745 699 Ἰακωΰιτῶν
770 673 830 708 ἦτοι
856 673 905 699 Σύ-

109 725 168 752 ρων
186 718 242 749 :32)
256 719 441 753 περιμένοντα
456 719 590 746 διατῶσαι
606 720 680 754 ἡμᾶς
692 720 731 751 εἰς
749 720 795 746 τὸν
816 720 907 748 Καθο-

108 761 189 788 hbe
214 761 298 788 αὑτοῦ
320 761 386 788 ὂντα
411 762 473 789 τότε
498 762 527 789 ἓν
547 771 601 789 τινι
638 763 791 798 καστελλιῳ
821 763 905 790 αὑτοῦ

954 195 1073 230 gladium
1100 194 1250 222 visceribus
1273 193 1388 228 accipit.
1414 193 1437 220 si
1462 198 1619 227 prosperam
1645 198 1740 226 pacem

955 245 1059 269 cernat.
1073 241 1142 277 Ergo
1157 241 1226 275 quod
1241 239 1320 268 nobis
1335 238 1491 274 hujusmodi
1507 237 1618 266 fraudes
1631 241 1742 265 struxe-

955 288 1001 320 rit.
1014 287 1123 315 unionis
1140 294 1222 315 causa
1245 285 1439 317 disturbandae,
1455 284 1492 312 nil
1505 290 1547 312 est
1561 283 1716 311 mirandum
1732 291 1740 310 :

955 334 1002 362 sed
1021 339 1109 361 tamen
1126 340 1176 361 nos
1189 332 1248 368 eius
1262 331 1389 360 scandala
1403 339 1455 358 non
1482 331 1630 358 latuerunt.
1652 329 1743 363 Quare

955 379 1090 407 dictorum
1112 379 1241 406 adversus
1255 385 1305 405 nos
1321 377 1422 404 nullam
1440 376 1573 404 rationem
1596 375 1741 409 habemus,

956 426 1003 454 sed
1019 425 1091 460 quod
1108 425 1173 452 olim
1187 424 1346 459 imperatori
1364 422 1588 458 signiﬁcavimus,
1605 429 1676 449 nunc
1690 422 1743 449 ite-

956 479 1015 498 rum
1043 470 1237 507 signiﬁcamtts.
1269 470 1323 497 Vos
1350 472 1473 500 autcm,.
1494 467 1517 497 si
1549 467 1654 501 placet,
1686 466 1741 501 jam

955 517 1052 545 valete.

991 581 1075 616 Igitur
1101 580 1160 607 vale
1173 580 1265 612 dicto,
1289 578 1449 607 Cessunium
1480 577 1594 613 profecti
1627 584 1742 609 sumus;

956 634 1010 661 quo
1033 626 1131 653 inloco
1151 625 1330 653 monachum~
1348 624 1521 652 Theodorum
1554 623 1743 659 philosophum

956 672 1096 701 Generalis
1130 670 1315 699 Jacobitarutn
1342 677 1389 698 seu
1415 669 1546 706 Syrorum
1582 668 1745 696 oﬁ'endimus

957 718 1172 753 praestolantem,
1183 722 1213 744 ut
1224 724 1274 744 nos
1286 716 1438 744 incolumes
1449 716 1481 743 ad
1492 715 1653 744 Generalem
1666 722 1744 742 suum

957 765 1128 800 perduceret,
1141 763 1167 790 in
1179 762 1296 798 quodam
1307 762 1436 797 oppidulo
1451 766 1667 789 commorantem
1679 781 1687 793 ,
1701 760 1745 787 cui

107 807 282 842 λεγνμμένῳὸ
307 807 385 842 ἅγιος
414 808 578 844 Βαλααμών.
603 809 746 840 Μαθόντες
769 809 799 835 δὲ
824 810 906 844 ἡμεῖς

961 817 1057 837 nomen
1069 813 1179 837 sanctus
1194 807 1349 836 Balsamon.
1366 807 1558 836 Verumtamen
1575 815 1623 835 nos
1636 806 1745 834 indiciis

107 853 155 881 ὅτι
169 855 353 889 Σαχαπετῖνος
368 856 383 882 ὸ
401 855 512 890 ἀμηρᾶς
540 855 674 891 ὲνεδρεύει
697 855 745 882 τοῦ
768 857 906 892 κρατῆσαι

110 898 390 934 ήμᾶ;,ὲφοῆήθημεν
415 892 474 926 ὲκΞί
505 899 645 931 ἀπελθεῖν,
670 899 740 926 ἀλλὰ
765 899 814 926 καὶ
837 900 907 926 ἀπεη

111 945 277 979 στάλκαμεν
292 946 361 979 πρὸς
374 946 454 972 αὑτὸν
473 946 522 980 τὴν
548 945 691 982 βασιλικὴν
713 946 833 982 γραφὴν,
859 947 906 973 καὶ

110 991 197 1023 αὐτὸς
220 992 286 1025 ἡμῖν
317 991 475 1018 ἀπέστειλεν
499 991 646 1027 ἐγγράφως
674 992 827 1026 Ἑλληνιστὶ
857 992 907 1029 τὴν

110 1036 262 1071 ὁμολογίαν
273 1038 322 1072 τῆς
339 1037 421 1063 αὑτοῦ
434 1037 566 1068 πίστεως.
589 1038 636 1064 καὶ
667 1038 811 1065 πιττάκιον
839 1038 908 1073 πρὸς

113 1083 202 1118 ἡμᾶς,
221 1084 263 1110 ’ὁτι
276 1085 337 1110 ἐπεὶ
359 1084 409 1110 οὐκ
433 1083 587 1119 ἠδυνήθητε
608 1083 697 1110 ἐλθεῖν
723 1083 792 1119 πρὸς
820 1085 906 1120 ἡμᾶς,

113 1129 258 1164 ἀπεστάλη
276 1129 341 1164 παρ’
356 1129 435 1166 ἡμῶν
449 1130 517 1166 πρὸς
537 1129 568 1156 σὲ
585 1130 599 1156 ὁ
621 1126 742 1165 μοναχδς
767 1130 907 1166 Θεόδωρος

114 1177 261 1210 συντυχεῖν
276 1184 317 1202 σοι
332 1175 471 1212 προσώπῳ
486 1176 566 1212 ἡμῶν
584 1176 649 1211 περὶ
674 1176 793 1204 πάντων.
819 1176 852 1203 'H
877 1177 906 1204 δὲ

113 1222 250 1257 ὁμολοκια
277 1222 329 1254 τῆς
351 1222 469 1254 πίστεως
495 1222 577 1249 αὐτοῦ
599 1222 656 1258 ἔχει
678 1223 751 1250 κατὰ
773 1223 848 1258 ῥῆμα
860 1222 906 1250 οὕ-

113 1280 169 1303 τως
183 1271 250 1308 (33).

155 1375 212 1406 (32)
233 1374 282 1402 llic
305 1379 364 1402 crat
387 1375 501 1404 Michael
531 1376 689 1411 patriarcha
723 1380 907 1411 cognomento

117 1410 244 1445 Magnus,
262 1411 294 1437 de
308 1419 361 1445 qtto
380 1410 544 1439 Assemanus
559 1411 620 1439 loco
633 1419 694 1438 mox
708 1410 855 1439 lamlando.

156 1444 213 1474 (53)
236 1445 272 1472 De
288 1447 338 1472 hac
362 1454 422 1473 cum
451 1446 526 1481 Syris
552 1447 698 1474 Tlieoriani
726 1447 909 1481 disputatione

119 1481 228 1525 :l‘lslignf?
246 1486 335 1522 ‘atque
354 1481 487 1525 prolixum
512 1487 612 1523 exstat_
629 1480 811 1525 testimonium
844 1480 909 1522 [Par-
923 1495 944 1525 ε

119 1515 226 1542 Ili‘ltrmi
246 1516 272 1543 in
297 1518 414 1543 secunda
431 1516 555 1544 Clironici
572 1517 613 1544 sui
637 1521 714 1550 parte
739 1515 828 1543 adhuc
852 1516 909 1543 ine~

120 1551 175 1575 dita
207 1550 278 1583 (nam
304 1551 419 1584 primam
437 1552 520 1579 edidit
540 1551 695 1587 Kirschius)
708 1551 791 1587 cuius
807 1551 909 1587 vatica-

121 1593 186 1621 num
202 1587 323 1613 codicem
339 1586 424 1613 habes
441 1587 606 1621 descriptum
627 1587 652 1613 iu
667 1586 747 1621 hujus
769 1593 836 1613 mea
851 1586 908 1614 col-

121 1620 248 1657 lectionis
265 1625 337 1648 tomo
355 1621 388 1652 V.
408 1627 479 1656 part.
494 1630 524 1653 ιι.
534 1620 568 1657 ⁷ρ.
582 1621 625 1649 49.
639 1620 751 1649 Interim
766 1628 831 1648 vero
844 1622 908 1657 dum

121 1655 211 1692 adhuc
235 1663 303 1691 opus
332 1655 467 1691 desiderat
494 1655 618 1692 typorum
643 1657 752 1692 lucem,
777 1656 907 1692 praeclara

121 1690 254 1726 habemus
273 1690 412 1718 Asseinani
437 1690 565 1726 excerpta
588 1692 614 1718 iu
640 1691 768 1719 Biblioth.
793 1691 904 1724 orient.,

122 1729 142 1751 t.
161 1725 196 1757 ll,
215 1726 293 1761 cujus
303 1726 391 1753 locum
412 1735 438 1759 p.
456 1725 526 1757 564;
545 1729 582 1755 rei
602 1732 699 1753 nostra;
716 1726 834 1753 maxime
848 1727 908 1754 ido-

123 1768 203 1787 neum
223 1762 340 1788 recitare
355 1761 399 1788 hic
415 1769 483 1796 opus
497 1767 548 1793 est.
572 1763 722 1795 praesertim
738 1761 803 1796 quia
826 1765 909 1788 testa-

122 1800 165 1821 tur
183 1796 262 1823 nobis
276 1797 308 1823 de
324 1794 442 1824 secundo
455 1797 552 1824 itinere
567 1794 712 1824 Thcoriaui
730 1794 756 1823 in
768 1794 907 1824 Orientem

121 1831 156 1856 ad
173 1831 377 1865 disputandum,
394 1839 427 1858 ne
437 1832 496 1866 quis
512 1832 580 1859 forte
595 1833 620 1859 id
632 1830 908 1859 conlictumaGraecis

122 1870 209 1899 putet,
226 1874 286 1893 cum
311 1874 344 1893 ex
365 1874 475 1900 perraro
496 1866 590 1894 Grazco
623 1867 714 1893 codice
730 1874 743 1893 a
758 1873 801 1892 me
821 1873 909 1901 nuper

124 1900 271 1937 observato
286 1905 314 1928 et
337 1901 409 1928 edito
423 1909 469 1929 res
490 1906 565 1937 gesta
583 1909 660 1937 nunc
673 1901 844 1937 divulgetur;
861 1900 908 1935 qui

123 1935 233 1969 quidem
245 1937 328 1963 codex
340 1941 394 1963 tam
407 1935 512 1970 priscu's
525 1942 577 1969 est,
591 1942 620 1963 ut
637 1936 672 1963 ab
685 1936 771 1970 ipsius
786 1936 910 1971 disputa-

125 1971 209 1997 tionis
227 1976 306 1998 aatate
322 1971 392 1998 haud
409 1972 602 2007 yaldeiabesse
615 1971 751 1999 videatur.
774 1971 820 1998 Sic
844 1979 909 2007 ergo

125 2007 194 2032 aoud
211 2006 392 2033 Assemanum
409 2006 617 2033 Bar-Hchrteus.

162 2043 240 2078 Anno
251 2040 407 2078 firme-orum
418 2041 491 2078 71481
514 2040 580 2078 [into
598 2041 678 2072 “82.
691 2041 793 2078 Christi
805 2040 908 2078 Δ117().]

123 2075 231 2111 Manucl
245 2076 400 2104 Comuenus
418 2077 483 2110 imp.
496 2075 544 2110 per
561 2076 786 2111 Cliristophorum
804 2075 909 2104 litteras

125 2111 159 2147 ad
185 2109 342 2147 Michaelem
370 2109 551 2145 patriarchant
571 2113 604 2139 de
633 2109 762 2147 religione
783 2112 907 2147 scripsit.

124 2146 308 2173 Thcorianum
336 2147 449 2181 insuper
471 2148 503 2173 ad
521 2149 643 2174 eumdem
660 2146 693 2174 ct’
709 2148 743 2174 ad
765 2146 907 2174 Nersetem

124 2182 314 2217 Armeniorum
327 2181 486 2217 Generalem
499 2183 582 2214 misit,
592 2183 638 2217 qtti
649 2189 710 2208 cttm
724 2182 750 2208 in
765 2181 909 2215 Ῥωμαιων

124 2215 221 2252 scenici,
236 2214 364 2252 Castrum
381 2216 541 2252 Romanum,
554 2214 731 2251 pervenisset,
746 2217 909 2252 signilicavit

127 2251 269 2280 Michaeli.
286 2256 314 2277 ut
332 2252 357 2278 in
382 2251 489 2286 Syriam
510 2253 543 2279 ad
560 2252 722 2286 colloquium
740 2251 908 2286 properaret,

125 2287 255 2318 quoniam
272 2287 320 2320 ipsi
337 2287 362 2312 in
380 2286 600 2321 Mesopotamiam
620 2287 754 2321 proficisci
772 2295 824 2314 non
842 2287 908 2314 licc-

126 2321 182 2356 i:at.
209 2321 321 2348 Michael
349 2321 480 2350 Joannem
511 2323 666 2356 episcopum
702 2322 908 2349 Chisumeusem

127 2355 183 2392 [hic
210 2358 236 2392 in
255 2356 341 2390 prima
364 2355 548 2392 disputatione
559 2355 704 2384 Theoriaui
726 2356 851 2392 apparet]
875 2358 908 2383 ad

127 2391 309 2418 'l‘lieoriantnn
319 2391 453 2426 allegavit.
469 2391 638 2420 Theorianus
648 2391 807 2427 Byzantium
819 2391 910 2419 rever-

127 2433 184 2461 sus,
202 2431 354 2461 uterumque
371 2429 404 2454 ab
428 2427 594 2461 imperatore
621 2428 647 2454 in
675 2427 783 2461 Syriam
810 2429 910 2455 tnissus

127 2460 183 2497 ian.
201 2460 296 2497 1172.]
314 2460 475 2489 Micliaelem
489 2462 521 2497 ad
541 2462 666 2489 Castrum
690 2460 842 2490 Rotttauum
863 2470 910 2497 per

127 2495 233 2523 illlCI‘dS
248 2495 339 2522 denuo
353 2497 480 2524 arcessit.
501 2495 525 2523 Is
537 2505 602 2524 vero
617 2497 790 2525 Theodorum
815 2495 910 2524 mona—

127 2532 207 2558 chum
224 2537 403 2565 cognomento
419 2531 628 2566 Bar-Vehehun,
649 2532 809 2567 discipulum
830 2540 908 2559 suum

127 2567 225 2602 mittit,
246 2572 275 2592 ut
299 2567 332 2593 ad
361 2567 504 2594 Theoriaui
532 2569 696 2602 qttaestiones
721 2567 908 2601 responderet.

128 2601 312 2635 Disceptatum
337 2606 379 2628 est
397 2603 430 2629 de
454 2601 608 2629 substantia
633 2608 658 2630 ct
684 2607 777 2629 natura
803 2610 836 2629 ex
861 2604 910 2629 do-

126 2638 212 2664 ctrina
235 2636 419 2672 Arjstotelica,
443 2637 598 2665 Tlteoriano
620 2639 651 2664 ad
673 2637 807 2664 Theodori
827 2645 909 2672 argu-

127 2677 214 2698 menta
228 2677 256 2697 ut
268 2670 465 2700 Bar-Hebratns
478 2680 512 2699 ex
526 2681 618 2700 amore
631 2681 686 2700 sua:
706 2677 786 2699 secta:
805 2670 910 2700 fabula-

126 2711 185 2737 tur.
211 2706 427 2742 olnnutcscente.
451 2708 521 2734 Hinc
544 2708 733 2735 Armeniorum
756 2707 908 2742 Geueralis,

126 2742 169 2776 qui
187 2742 273 2768 victas
289 2741 444 2769 ’l‘heoriauo
460 2751 556 2770 manus
582 2743 704 2774 dederat,
730 2743 833 2770 viribus
864 2751 905 2770 re-

127 2777 249 2810 sumptis,
267 2776 313 2812 sic?
325 2777 358 2803 ad
374 2777 498 2804 eumdem
519 2778 660 2812 scripsisse
674 2778 773 2805 dicitur
789 2786 798 2804 :
817 2787 827 2804 ι
840 2778 908 2805 Cum

118 2813 258 2848 synodum
274 2811 460 2847 celebravere,
473 2811 634 2841 sententiam
649 2820 735 2840 tncam
753 2814 913 2851 imperatori,

959 856 1080 890 acceptis
1094 853 1165 889 quod
1194 854 1391 889 Sachapetinns
1405 861 1513 880 ameras
1530 857 1560 880 ut
1576 860 1625 880 nos
1637 855 1745 887 caperet

961 901 1075 928 insidias
1089 900 1255 933 struxisset,
1275 900 1415 927 timuimus
1439 899 1485 927 illo
1499 899 1557 933 ire;
1586 899 1634 927 sed
1658 897 1748 933 regias

961 949 1066 977 litteras
1089 949 1122 975 ad
1138 947 1300 976 Generalem
1316 947 1453 980 misimus,
1467 946 1514 981 qui
1538 946 1657 973 vicissim
1685 944 1744 972 ﬁdei

959 1002 1014 1023 suae
1037 994 1235 1022 confessionem
1262 993 1355 1022 Graece
1380 993 1508 1028 scriptam
1540 991 1618 1020 nobis
1653 990 1746 1018 misit:

959 1049 1020 1068 cttnt
1042 1041 1156 1075 epistola
1170 1047 1222 1075 qua
1245 1039 1434 1075 signiﬁcabat,
1452 1037 1674 1074 quandoquidem
1697 1043 1749 1064 nos

958 1086 990 1113 ad
1003 1093 1065 1113 eum
1079 1085 1214 1120 proﬁcisci
1230 1092 1283 1112 non
1305 1084 1484 1120 potuerimus,
1506 1084 1578 1111 mitti
1590 1092 1604 1110 a
1618 1091 1648 1111 se
1660 1082 1744 1110 Theo-

960 1132 1056 1159 dorum
1073 1132 1237 1159 monachum
1254 1131 1300 1166 qui
1311 1130 1453 1159 Generalis
1470 1130 1579 1158 nomine
1594 1129 1628 1157 de
1644 1137 1674 1157 re
1692 1133 1744 1157 tota

960 1183 1020 1203 cum
1037 1176 1191 1203 Theoriano
1199 1176 1355 1204 dissereret.
1368 1175 1443 1203 Fidei
1459 1182 1523 1204 vero
1537 1174 1674 1203 confessio
1689 1174 1748 1202 [nec

960 1221 993 1248 ad
1010 1221 1128 1261 litteram
1143 1221 1311 1249 continebat.

959 1376 1116 1413 declarabo.
1136 1386 1145 1403 ι
1164 1377 1314 1413 Epistulam
1331 1385 1440 1413 quoque
1455 1377 1555 1405 Nerses
1572 1377 1605 1413 ad
1629 1376 1747 1405 Michae:

959 1412 1014 1439 lem
1029 1412 1214 1446 patriarcham
1233 1413 1309 1441 misit
1320 1412 1346 1440 in
1365 1412 1423 1441 haec
1440 1413 1521 1440 verba
1538 1422 1545 1441 :
1566 1422 1576 1439 ι
1591 1412 1746 1440 Graecorum

962 1447 1111 1487 imperator
1143 1447 1236 1487 decem
1272 1448 1358 1487 nobis_
1385 1449 1550 1487 quaestiones
1565 1446 1746 1487 Aprpposuit;

962 1482 1082 1517 quinque
1097 1482 1129 1509 de
1145 1482 1197 1510 ﬁde
1214 1503 1222 1516 ,
1244 1488 1273 1511 ut
1292 1482 1420 1511 nimirum
1439 1483 1507 1511 duas
1521 1484 1548 1511 in
1562 1482 1671 1510 Christo
1687 1482 1746 1509 uni-

961 1515 1002 1544 tas
1023 1515 1134 1544 naturas
1146 1515 1280 1552 dicamus,
1295 1518 1363 1546 duas
1379 1518 1547 1550 voluntates.
1564 1518 1633 1546 duas
1649 1524 1746 1551 opera-
1792 1515 1794 1518 ’

960 1552 1064 1584 tiones;
1083 1557 1112 1579 ut
1130 1559 1192 1579 cum
1205 1554 1292 1581 tribus
1310 1553 1420 1589 synodis
1437 1558 1463 1581 et
1482 1558 1606 1588 quartam
1620 1557 1648 1589 et
1663 1552 1746 1589 quin-

961 1591 1054 1623 tamet
1066 1591 1170 1623 sextam
1183 1593 1209 1615 et
1221 1587 1364 1623 septimam
1376 1587 1571 1623 prazdicemns:
1585 1592 1615 1614 ut
1629 1587 1746 1623 denique

959 1629 974 1648 e
991 1621 1217 1658 trisagiorhymno
1228 1621 1404 1658 appendicem
1423 1622 1516 1650 illam:
1533 1622 1585 1656 Qui
1601 1622 1746 1658 crucifixus

959 1664 985 1693 es
1004 1664 1052 1693 pro
1070 1657 1154 1689 nobis,
1167 1657 1355 1693 expungamus
1369 1667 1375 1685 :
1391 1664 1420 1684 ut
1435 1659 1537 1685 scilicet
1553 1658 1652 1685 festum
1669 1657 1746 1683 Nati-

959 1691 1052 1718 vitatis
1080 1699 1141 1718 cutn
1171 1691 1277 1720 caeteris
1301 1693 1457 1721 nationibus
1481 1693 1649 1720 celebremus
1679 1701 1686 1719 :
1715 1697 1747 1718 ut

959 1725 1123 1753 fermentum
1151 1727 1177 1754 in
1205 1727 1396 1760 Eucharistia,
1421 1732 1448 1755 et
1471 1735 1567 1762 aquam
1606 1727 1640 1762 ini
1659 1726 1746 1754 calice

960 1769 1092 1795 ponamus
1107 1769 1116 1788 ξ
1133 1767 1162 1788 ut
1177 1762 1297 1790 chrisma
1320 1770 1353 1791 ex
1378 1763 1438 1790 oleo
1452 1761 1531 1790 olivae
1545 1761 1722 1790 conﬁciamus
1736 1770 1743 1788 :
1787 1775 1810 1794 -,

959 1801 989 1823 ιιι
1007 1797 1033 1823 in
1047 1795 1174 1832 ecclesiis
1189 1804 1298 1825 oremus
1318 1806 1324 1825 :
1341 1803 1372 1825 ut
1395 1797 1532 1832 liturgiam
1550 1797 1641 1832 palam
1658 1797 1746 1823 facia-

961 1838 1029 1867 i_nns.
1047 1830 1080 1858 Et
1101 1832 1173 1867 ritus
1190 1832 1300 1866 quidem
1330 1830 1481 1860 reformare
1498 1830 1557 1867 pro'
1574 1832 1653 1867 bono
1670 1831 1745 1866 pacis

959 1865 1043 1902 facile
1053 1866 1141 1902 _nobis
1158 1865 1240 1899 esset.
1258 1867 1378 1902 duasque
1402 1865 1512 1902 naturas
1531 1867 1607 1901 juxta
1632 1865 1746 1894 Theolo-

959 1909 1022 1938 gum
1034 1899 1209 1938 [Gregorium
1218 1901 1296 1938 Nam]
1308 1899 1409 1930 dicere.
1424 1899 1567 1929 \‘erumVut
1580 1902 1741 1937 particulam

959 1935 1048 1972 illam}
1060 1935 1262 1971 Quicruciﬁxus
1277 1935 1303 1964 ἐς
1319 1946 1366 1972 pro
1383 1938 1467 1968 nobis.
1481 1935 1678 1972 expungamus,
1698 1942 1746 1963 aut

960 1971 1064 1998 sanctis
1081 1972 1147 1998 viris
1163 1973 1308 1999 anathema
1320 1971 1458 2005 dicamus,
1476 1971 1534 1999 lieri
1550 1971 1621 1999 nulla
1638 1972 1747 1999 ratione

960 2010 1059 2043 potest.
1075 2005 1123 2043 ilia
1142 2011 1233 2043 tamen
1249 2014 1301 2034 non
1319 2008 1492 2035 obstantibus
1506 2007 1638 2043 quidquid
1658 2012 1685 2034 tu
1704 2005 1745 2034 fe-

960 2041 1042 2072 ceris,
1057 2041 1139 2067 etiam
1157 2049 1206 2070 tios
1222 2041 1363 2070 faciemus.
1381 2052 1391 2068 ι

996 2076 1065 2109 Quid
1081 2080 1140 2112 post
1154 2076 1212 2112 hgec
1227 2076 1331 2104 Nerseti
1349 2077 1464 2105 Michael
1476 2077 1659 2112 rescripserit,
1673 2077 1744 2105 haud

961 2111 1090 2146 exprimit
1104 2110 1315 2140 Bar-Hebratus.
1334 2112 1405 2140 Vero
1418 2118 1508 2140 tamen
1527 2110 1615 2140 simile
1630 2118 1682 2145 est,
1697 2113 1746 2140 lto-

961 2145 1061 2174 minetn
1079 2145 1230 2174 Jacobilam
1248 2147 1285 2173 nil
1298 2147 1460 2175 intentatum
1478 2147 1633 2182 reliquisse,
1650 2154 1679 2175 ut
1694 2149 1746 2175 Ara

962 2182 1078 2218 nienios,
1088 2188 1156 2215 quos
1166 2189 1346 2218 praecessores
1355 2183 1396 2209 sui
1407 2183 1632 2218 Mouopbysiticis
1646 2184 1745 2210 errori-

962 2217 1013 2244 bus
1026 2216 1189 2249 inl‘eceraut,
1203 2217 1237 2243 ab
1247 2216 1376 2245 Ecclesiae
1389 2216 1584 2245 communione
1599 2223 1743 2245 averteret.

961 2252 989 2280 Id
1004 2256 1078 2279 certe
1096 2251 1149 2287 egit
1162 2252 1373 2287 cumﬂJacobitis
1390 2253 1445 2280 suis
1462 2262 1469 2279 :
1492 2262 1501 2278 ι
1513 2259 1575 2279 nam
1591 2254 1623 2279 ad
1640 2253 1745 2280 litteras

961 2286 1132 2321 imperatoris
1145 2290 1197 2321 'per
1219 2286 1403 2314 Theorlanum
1417 2292 1445 2314 et
1462 2287 1574 2314 alterum
1598 2289 1744 2321 quemdam

961 2321 1083 2349 Graecum
1101 2321 1247 2348 Caloenum
1263 2323 1372 2349 nomine
1391 2323 1564 2350 transmissos
1575 2342 1582 2354 ,
1597 2323 1695 2356 quibus
1711 2323 1744 2349 ad

961 2358 1096 2393 unitatem
1124 2355 1253 2384 Ecclesia:
1279 2357 1448 2393 invitabatur
1465 2377 1472 2390 ,
1510 2357 1546 2384 ita
1572 2355 1745 2391 respondisse

960 2392 1058 2427 fertur.
1074 2390 1128 2427 Nos
1145 2393 1219 2425 pacis
1243 2390 1415 2427 summopere
1431 2393 1546 2420 studiosi
1563 2390 1666 2425 sumus,
1695 2400 1746 2419 nec

961 2435 1021 2454 eam
1045 2425 1188 2460 fugimus:
1207 2428 1287 2455 modo
1300 2425 1361 2454 cum
1389 2428 1422 2455 iis
1444 2427 1501 2461 ﬁat,
1525 2428 1570 2462 qui
1597 2429 1675 2454 fidem
1693 2427 1745 2454 Pa-

961 2467 1030 2489 trum
1060 2462 1268 2497 haudquaquam
1299 2467 1424 2494 mntent,
1450 2469 1478 2490 et
1504 2471 1564 2489 cum
1593 2463 1744 2490 Athanasio

960 2503 1041 2530 atque
1058 2497 1158 2532 Cyriilo
1182 2505 1262 2525 unam
1291 2497 1371 2540 Verbi
1400 2499 1533 2525 inearnati
1554 2498 1746 2532 naturamjdi-

960 2537 1034 2560 cunt.
1051 2542 1061 2558 ι
1328 2537 1346 2563 ἀ

997 2567 1045 2594 llic
1060 2567 1150 2595 exitus
1175 2567 1226 2595 fuit
1249 2568 1386 2596 missionis
1411 2568 1556 2596 TheOriani
1577 2568 1653 2602 juxta
1679 2567 1744 2594 Bar-

960 2602 1101 2630 Hebraaum
1117 2611 1125 2630 :
1140 2603 1182 2629 cui
1198 2611 1348 2631 consonare
1364 2605 1487 2631 videntur
1499 2611 1558 2638 qua:
1572 2611 1603 2631 ex
1622 2603 1742 2631 Mcnolo-

959 2639 1003 2672 gio
1022 2639 1210 2665 Armeniorum
1225 2639 1318 2666 scribit
1333 2638 1453 2667 Galauus
1471 2645 1542 2666 toruo
1556 2639 1565 2666 Ι
1588 2638 1690 2666 Concil.
1704 2646 1744 2665 ec-

960 2671 1045 2700 uena:
1067 2673 1188 2700 Armenta
1205 2682 1267 2700 cum
1285 2673 1393 2706 Latina,
1419 2682 1446 2708 p.
1464 2674 1527 2707 240,
1547 2671 1590 2701 ubi
1607 2674 1743 2701 Net-salem

960 2709 1148 2735 Armeniorum
1174 2709 1355 2741 patriarcltam
1381 2710 1482 2737 obiisse
1509 2709 1641 2742 aliirmat,
1669 2713 1741 2736 ante-

959 2751 1040 2778 quam
1058 2743 1188 2778 synodum
1203 2751 1259 2770 sua:
1272 2745 1360 2778 gentis
1373 2744 1562 2779 episcoporum
1575 2748 1695 2779 cogeret,
1717 2744 1742 2771 in

960 2786 1012 2813 qua
1030 2779 1211 2816 orthodoxam
1230 2779 1297 2816 ipsis
1322 2779 1356 2806 de
1379 2780 1567 2808 incarnatione
1585 2781 1664 2808 tidem
1682 2786 1743 2816 pro:

961 2821 1061 2849 ponere
1076 2813 1243 2841 decreverat.
1261 2813 1429 2844 Assatuuus.
