1942 3081
160 83 213 117 279

258 140 396 176 Confessio
410 142 472 177 ﬁdei
492 142 629 172 Genera“:
652 145 849 174 Jeco-bitarmu.

196 232 352 266 Credimus,
375 237 467 261 sancte
491 234 654 270 imperator,
678 242 759 271 atque
788 237 950 265 conﬁtemur

162 277 281 309 Patrem,
298 277 408 312 Filium,
424 283 452 306 et
469 285 593 308 sanctum
606 281 749 316 Spiritum,
763 290 846 310 unum
863 283 949 310 Deum

161 331 266 355 verum),
284 325 360 352 initio
377 332 410 353 ae
425 326 477 354 ﬁne
492 331 629 355 carentem
649 329 715 356 etin
731 329 840 356 nomine
854 333 951 357 sancto

160 368 219 402 ejus
233 369 416 404 baptizamur,
428 373 578 400 secundum
591 374 773 408 apostolorum
787 374 950 408 doctrinam,

161 421 242 448 quam
266 423 282 442 a
306 417 397 444 veraci
429 418 540 446 doclore
565 420 676 447 auribus
701 420 759 448 suis
784 425 952 456 acceperunt

162 460 270 488 dicente
287 462 352 496 ipsis
367 471 373 489 :
393 462 495 491 Euntes
507 466 596 492 docete
615 474 704 492 omnes
719 466 842 500 populos,
864 466 951 500 bapti-

163 512 254 534 zanles
271 517 315 536 eos
330 509 357 537 in
368 511 472 537 nomine
484 510 586 544 Patris,
598 516 622 538 et
636 511 712 543 Filii.
727 517 750 539 et
761 513 848 539 sancti
862 513 951 547 Spiri-

163 556 217 580 tus.
234 552 285 586 Qui
305 555 459 588 crediderit,
473 562 498 583 et
521 557 670 591 baptizatus
681 558 771 592 fuerit,
787 558 951 591 salvabilur;

163 600 208 634 qui
223 609 281 627 vero
307 610 358 629 non
383 602 525 630 crediderit
545 605 765 632 condemnabitur
780 605 814 632 “.
839 605 953 639 Recepi-

164 653 225 673 mus
241 652 330 675 autem
348 653 374 676 et
390 649 508 685 amplexi
523 658 618 679 sumus
642 659 691 679 nos
709 652 881 687 maioresque
906 660 955 680 no-

166 692 216 718 stri
237 692 310 720 hanc
328 693 419 727 ﬁdem,
438 702 554 730 eamque
579 697 740 729 retinemus.
765 705 870 733 proque
895 698 953 732 ipsa

164 739 314 772 periculum
328 741 444 776 quodvis
465 743 499 770 ab
513 743 556 776 iis,
572 745 617 779 qui
637 753 685 772 nos
702 745 846 781 tyrannide
861 746 954 780 oppri-

163 789 251 818 munt,
278 789 464 822 perepetimur
480 799 496 817 :~
514 794 541 817 et
565 791 732 819 immobilem
758 799 953 819 couservamus

164 831 420 868 ﬁdeigeﬁnitionem
431 836 578 864 secundum
590 845 753 865 consensum
768 841 795 865 et
811 838 954 865 conﬁrma-

163 876 264 904 tionem
276 878 399 907 divorum
412 885 623 917 sanctorumque
635 883 746 910 Patrum
764 883 952 911 Niczenorum:

168 920 276 950 Patrem
290 925 507 960 omnipotentem
524 929 710 962 agnoscimus,
730 929 831 957 Filium
847 930 871 956 ei
886 937 954 957 cen-

137 980 144 986 -
163 968 370 998 substantialem
385 973 578 1006 praedicamus,
595 973 725 1009 Spiritum
743 980 866 1002 sanctum
881 975 955 1010 ejus-

164 1014 225 1042 dem
242 1021 346 1045 natura:
362 1025 423 1061 cum
449 1018 530 1047 Patre
544 1027 576 1048 ac
600 1019 672 1048 Filio
698 1021 870 1054 conﬁtenmr,
900 1026 955 1048 trcs

165 1062 342 1097 hypostases,
366 1072 446 1092 unam
472 1066 672 1099 substantiam,
700 1075 782 1095 unam
808 1074 954 1101 naturam,

165 1116 247 1136 unam
274 1110 753 1149 divinitatem.Paterestgeuerans,
773 1115 880 1150 genitus
909 1115 954 1142 Fi-

165 1154 358 1192 lius,Spiritus
373 1159 533 1192 procedens.
544 1159 602 1188 Non
619 1161 725 1188 exstitit
738 1161 821 1189 Pater
837 1167 900 1189 ante
911 1161 955 1189 Fi-

165 1200 242 1234 lium.
257 1210 344 1236 neque
359 1203 423 1230 item
442 1209 506 1243 ante
517 1205 669 1240 Spiritum;
682 1207 728 1235 sed
743 1208 892 1235 secundum
909 1208 954 1235 do~

165 1249 280 1276 ctrinam
305 1249 568 1287 alﬁrmationemque
589 1253 712 1289 Gregorii
737 1253 866 1289 Theologi
889 1254 958 1282 alio-

168 1301 281 1329 rumque
294 1296 432 1324 veracium
447 1297 651 1332 magistrorum,
669 1299 748 1326 simul
765 1298 857 1331 Pater,
876 1300 957 1327 simul

165 1339 261 1372 Filius,
278 1341 358 1368 simul
379 1342 498 1377 Spiritus
513 1349 635 1372 sanctus.
653 1344 773 1373 Generat
797 1345 880 1373 Pater
897 1346 957 1373 sine

167 1391 304 1420 tempore,
333 1387 392 1415 sine
417 1388 568 1423 principio;
597 1390 718 1425 gignitur
743 1390 828 1418 Filius
854 1391 957 1426 absque

166 1435 289 1467 tempore
306 1440 315 1465 ;
333 1435 458 1468 procedit
478 1434 598 1471 Spiritus
620 1436 853 1464 inenarrabiliter.
869 1437 956 1466 Unum

874 92 1089 124 THEORIANI

1737 96 1798 128 230

1043 149 1200 184 Ὀμολογία
1216 149 1270 184 τῆς
1286 150 1416 182 πίστεως
1436 151 1489 177 τοῦ
1506 149 1676 178 Καθολικοῦ
1697 151 1757 177 τῶν

1304 185 1489 213 ’1ακωόιτῶν.

1037 241 1215 277 Πιστεύομξν,
1237 242 1298 276 ᾰγιε
1323 241 1444 277 βασιλεῦ,
1472 242 1521 269 καὶ
1544 242 1733 278 ὁμολογοῦμεν
1753 244 1804 275 είς

1002 289 1124 323 Πατέρα,
1141 290 1189 314 καὶ
1201 288 1277 319 Υίὸν,
1293 289 1339 315 καὶ
1356 289 1433 322 ἆγιον
1442 288 1567 324 Πνεῦμα,
1584 289 1631 316 ἕνα
1645 289 1712 316 Θεὸν
1725 291 1795 324 ἀλη-

1003 333 1085 366 Θινὸν,
1122 335 1191 369 μήτε
1214 333 1301 370 ἀρχὴν
1329 333 1425 369 ἔχοντα
1444 335 1512 369 μήτε
1525 334 1611 366 τέλος,
1631 335 1678 361 καὶ
1698 337 1726 362 ὲν
1754 335 1801 368 τῷ

1003 380 1115 414 ὀνόματι
1127 379 1168 414 τῷ
1190 380 1261 414 ἁγίῳ
1285 378 1367 406 αὑτοῦ
1390 379 1617 416 ἐϐαπτίσθημεν.
1644 381 1715 407 κατὰ
1747 381 1802 415 τὴν

1003 426 1184 461 ἀποστολικὴν
1198 426 1372 453 διδασκαλίαν
1387 426 1403 462 ἢ
1414 426 1534 462 ἥκουσαν
1548 427 1595 453 καὶ
1606 426 1709 462 ἔμαθον
1718 427 1801 462 παρᾶ

1003 471 1050 499 τοῦ
1074 471 1202 508 ἀληθινοῦ
1222 472 1384 499 διδασκάλου
1399 472 1524 504 εἰπόντος
1548 473 1655 503 αὐτοῖς·
1682 473 1802 507 Πορεύ-

1004 517 1107 549 θέντες
1122 517 1332 551 μαθητεύσατε
1348 517 1447 544 πάντα
1459 517 1495 544 τὰ
1514 516 1586 551 ἔθνη
1597 517 1802 550 βαπτίζοντες

1003 563 1116 596 αὐτοὺς
1128 565 1172 596 εἰς
1193 563 1226 590 τὸ
1243 563 1336 597 ὄνομα
1346 562 1399 590 τοῦ
1426 563 1553 596 Πατρός,
1578 562 1627 589 καί
1645 562 1698 589 τοῦ
1713 562 1800 593 ΥΙοῦ,

1004 609 1053 637 καὶ
1070 609 1121 636 τοῦ
1137 610 1222 644 ἁγίου
1238 609 1422 643 Πνεῦμα-τος.
1437 609 1465 634 Ὀ
1479 609 1648 642 πιστεύσας
1662 608 1712 635 καὶ
1739 602 1803 641 ,βα-

1004 655 1150 689 πτισθεὶς,
1165 655 1334 690 σωθήσεται
1347 664 1353 671 ·
1371 656 1388 682 ό
1399 655 1433 681 δὲ
1449 654 1636 689 ἀπιστήσας,
1658 662 1804 688 natanat-

1005 702 1138 735 θήσεται.
1167 700 1334 736 Ἐδεξάμεθα
1356 701 1384 727 δὲ
1407 700 1454 728 καὶ
1485 700 1688 735 ἐπιστεύσαμεν
1715 701 1803 735 ἡμεῖς

1005 749 1052 774 καὶ
1066 748 1091 774 οἱ
1109 747 1226 782 πατέρες
1237 747 1316 782 ἡμῶν
1332 747 1433 781 ταύτην
1448 746 1498 782 τὴν
1509 747 1602 773 πίστιν
1626 747 1675 772 καὶ
1692 745 1798 781 ἐπέχο-

1008 803 1068 827 μεν,
1084 794 1131 820 καὶ
1151 793 1220 829 ὑπὲρ
1236 793 1323 828 αὐτῆς
1338 793 1428 819 πάντα
1447 793 1571 819 κίνδυνον
1599 792 1801 827 ὑπερφέρομεν

1006 840 1038 866 ὲκ
1066 839 1175 867 πάντων
1196 838 1251 865 τῶν
1280 837 1484 872 τυραννούντων
1499 838 1591 873 ἡμᾶς’
1621 837 1669 863 καὶ
1691 837 1802 870 ἀμετα-

1006 886 1117 921 κίνητον
1141 885 1239 920 ἔχομεν
1267 883 1314 910 τὸν
1335 884 1398 919 ὅρον
1429 884 1480 919 τῆς
1506 883 1626 915 πίστεως
1650 882 1721 913 κατὰ
1747 881 1802 918 τὴν

1006 933 1104 959 ἕνωσιν
1130 932 1176 958 καὶ
1213 930 1358 966 βεϐαίωσιν
1387 929 1440 957 τῶν
1466 929 1605 965 θεοφόρων
1637 929 1685 955 καὶ
1710 928 1802 962 ἁγίων

1007 978 1137 1014 Πατὲρων
1166 978 1221 1004 τῶν
1250 978 1279 1004 ἐν
1300 976 1404 1011 Νικαίᾳ
1419 985 1425 992 ·
1444 975 1490 1002 τὸν
1514 975 1624 1010 Πατέρα
1640 973 1803 1009 παντοκράι-

1005 1027 1073 1060 τορα
1102 1024 1333 1059 ἐπιγινώσκομεν,
1370 1023 1417 1050 καὶ
1444 1022 1510 1049 Υἱὸν
1535 1021 1678 1057 ὁμοούσιυν
1713 1019 1801 1048 αὑτοῦ

1007 1071 1190 1107 κηρύττομεν,
1208 1070 1256 1097 καὶ
1270 1069 1384 1105 Πνεῦμα
1399 1069 1477 1104 ἅγιον
1494 1069 1614 1103 ὁμοφυὲς
1631 1067 1736 1101 Πατρδς
1750 1066 1802 1093 καὶ

1006 1116 1072 1143 Υἱοῦ
1095 1115 1294 1151 ὁμολογοῦμεν.
1320 1116 1401 1151 Τρεῖς
1425 1116 1603 1147 ὑποστάσεις,
1632 1114 1681 1149 μία
1705 1113 1801 1145 οὐσία,

1009 1163 1058 1199 μία
1076 1162 1167 1196 φύσις,
1194 1162 1240 1188 καὶ
1267 1161 1315 1196 μία
1333 1161 1444 1195 θεότης·
1464 1159 1559 1195 Πατὴρ
1571 1159 1722 1193 γεννήτωρ.
1735 1157 1802 1188 Υἱὸς

1007 1207 1148 1243 γεννητὸς,
1169 1207 1216 1234 καὶ
1237 1206 1350 1241 Πνεῦμα
1374 1205 1550 1240 ὲκπορευτόν.
1573 1204 1612 1231 Οὐ
1636 1203 1802 1238 προϋπῆρχε

1008 1254 1103 1290 Πατὴρ
1114 1253 1191 1283 Υίοῦ,
1203 1252 1261 1279 ἀλλ’
1277 1252 1337 1279 οὐδὲ
1359 1251 1494 1287 πρότερόν
1511 1252 1570 1278 ἐστι
1601 1249 1648 1276 τοῦ
1673 1248 1804 1283 Πνεῦμα·

1007 1309 1070 1332 τος,
1098 1299 1165 1326 ἀλλὰ
1190 1299 1261 1325 κατὰ
1285 1298 1334 1333 τὴν
1367 1298 1542 1325 διδασκαλίαν
1573 1297 1620 1324 καὶ
1653 1295 1802 1331 βεϐαίωσιν

1008 1345 1162 1382 Γρηγορίου
1175 1345 1222 1372 τοῦ
1241 1344 1374 1381 Θεολόγου
1391 1345 1439 1371 καὶ
1454 1344 1507 1370 τῶν
1530 1343 1634 1377 ἐτέρων
1663 1341 1802 1376 ἀληθινῶν

1008 1392 1186 1423 διδασκάλων,
1203 1392 1244 1418 ὅτι
1256 1392 1314 1425 ἅμα
1326 1391 1433 1427 Πατὴρ,
1446 1391 1504 1425 ἅμα
1526 1390 1598 1423 Υίὺς,
1616 1390 1673 1424 ἃμα
1687 1388 1802 1421 Πνεῦμα

1010 1439 1088 1472 ἅγιον
1101 1446 1108 1454 ·
1125 1437 1209 1472 γεννᾷ
1224 1438 1237 1463 ὁ
1253 1436 1349 1471 Πατὴρ
1360 1435 1494 1471 ἀχρόνως,
1508 1434 1635 1469 ἀνάρχως
1647 1443 1654 1449 ·
1670 1433 1802 1467 γεννᾶται

167 1482 231 1504 sunt
246 1479 418 1512 praecedente
427 1486 509 1507 omne
524 1488 611 1508 aevum
625 1486 733 1514 natura;
755 1482 956 1516 incomparabi-

1011 1486 1022 1511 δ
1037 1485 1100 1516 Υἱὸς
1116 1483 1239 1519 ἁχρόνως
1254 1491 1260 1498 ⁸
1279 1482 1325 1509 καὶ
1336 1481 1520 1517 ἐκπορεύεται
1536 1481 1566 1507 τὸ
1582 1479 1696 1513 Πνεῦμα
1708 1477 1802 1511 ἀνεξε-

167 1522 201 1549 lis
220 1529 336 1557 natura;
353 1524 397 1552 hic
411 1529 453 1552 est
478 1525 547 1553 Deus
571 1531 673 1558 noster,
693 1527 780 1555 factor
800 1528 955 1562 angelorum

167 1570 288 1597 omnium
304 1575 386 1605 atque
405 1571 558 1604 hominum,
575 1573 721 1602 visibilium
739 1582 828 1601 rerum
845 1580 873 1602 et
886 1575 957 1602 iuvi-

168 1615 289 1643 sibilium
314 1625 323 1643 :
347 1616 428 1651 huius
453 1619 608 1656 substantia
636 1625 678 1647 est
704 1620 850 1647 intermina
875 1625 957 1656 atque

168 1660 286 1695 inﬁnita,
295 1670 416 1697 praesens
425 1665 561 1698 omnibus,
574 1666 674 1694 nemini
687 1667 956 1701 comprehensibilis:

169 1708 308 1736 credimus
321 1717 392 1743 esse,
410 1718 498 1746 neque
515 1716 603 1739 tamen
621 1713 799 1748 intelligimus
814 1715 877 1749 quid
893 1715 929 1742 sit
950 1725 956 1742 :

170 1761 231 1781 nam
249 1755 407 1784 inscribitur
419 1758 527 1792 quidem
546 1758 572 1785 in
591 1763 682 1786 mente
698 1764 723 1787 et
737 1761 824 1787 anima
836 1781 842 1791 .
860 1766 958 1788 cuncta

170 1806 262 1828 autem
277 1802 305 1829 in
319 1810 349 1829 se
364 1803 422 1838 ipso
439 1805 578 1838 continet;
597 1806 632 1833 ab
646 1807 775 1835 omnibus
789 1808 813 1834 ei
836 1808 959 1835 adoratio

170 1848 296 1876 debetur.
314 1848 365 1877 Sed
382 1850 455 1877 enim
479 1852 603 1885 quamvis
629 1851 734 1880 inﬁnita
752 1853 778 1880 in
803 1853 890 1881 sacris
912 1853 959 1880 Li~

169 1894 227 1922 bris
242 1895 393 1931 theologica
412 1898 500 1925 oratio
513 1903 565 1931 est,
585 1906 644 1933 qua:
658 1899 960 1934 incomprehensibilem

171 1940 256 1967 Deum
288 1941 400 1973 laudat,
426 1943 472 1978 qui
501 1951 551 1978 pro
578 1952 627 1972 suo
657 1945 828 1980 beneplacito
857 1952 959 1974 tantam

175 1988 217 2014 sui
233 1989 413 2023 cognitionem
428 1992 560 2018 creaturis
571 1992 722 2027 impertitus
730 1997 770 2020 est
782 1998 910 2027 quautam
922 1995 962 2021 hae

171 2041 270 2068 capere
287 2040 431 2070 poterant;
450 2045 498 2065 nos
510 2042 600 2066 tamen
618 2045 675 2065 rem
693 2038 852 2068 brevissime
866 2040 892 2068 iu
911 2041 962 2068 hac

173 2079 317 2108 Trinitatis
343 2083 517 2118 expositione
541 2085 699 2120 attigimus,
728 2091 758 2113 ut
781 2087 844 2114 hinc
870 2092 960 2115 vestra

173 2127 304 2162 sapientia
327 2128 386 2156 ﬁdei
403 2135 501 2157 nostra:
513 2136 690 2163 cognosceret
704 2132 903 2159 rectiludiuem.

208 2267 285 2302 Quod
308 2273 397 2296 autem
417 2269 567 2304 altinetlad
590 2277 715 2304 magnum
734 2274 889 2304 mysterium
912 2270 963 2296 liu-

174 2316 276 2343 manati
291 2321 402 2351 propter
421 2321 541 2345 nostram
556 2317 671 2344 salutem
692 2317 770 2344 Verbi
788 2317 965 2350 (incarnatio-

175 2370 236 2390 nem
249 2362 321 2397 dico)
337 2362 407 2397 quod
417 2370 494 2390 suam
512 2363 899 2397 revelavit(lemonstravitque
911 2370 968 2389 ma-

173 2409 352 2445 gnitudinem,
368 2410 403 2437 ita
422 2410 568 2438 credimus.
588 2409 755 2438 C0uﬁtemur
777 2410 848 2445 quod
865 2417 897 2437 ex
916 2410 964 2437 in—

173 2457 349 2492 comparabili
368 2461 470 2484 saneta:
487 2457 627 2484 Trinitatis
649 2461 755 2490 natura,
777 2464 831 2483 una
850 2457 884 2484 de
899 2457 964 2484 ado-

175 2503 268 2528 raudis
287 2502 479 2537 lrypostasibus
492 2506 602 2537 sanctus
617 2502 701 2529 Filius
715 2502 748 2530 de
765 2507 858 2529 sancto
873 2501 964 2534 Patre,

175 2556 223 2575 sua
260 2547 402 2584 Patrisque
431 2555 457 2576 et
482 2549 598 2584 Spiritus
628 2549 777 2582 voluntate,
812 2549 966 2576 novissimis

177 2594 344 2629 temporibus
370 2599 479 2630 propter
500 2600 620 2623 nostram
643 2595 757 2622 salutem
773 2595 912 2622 descendit
934 2595 967 2621 de

176 2641 264 2672 cmlis,
282 2641 466 2676 habitavitque
483 2641 509 2668 in
527 2646 628 2669 sancta:
645 2641 762 2676 Virginis
774 2641 864 2668 Maria:
879 2646 965 2674 utero,

177 2686 325 2713 secundum
346 2687 416 2714 edita
433 2689 464 2714 de
477 2687 528 2714 hoc
546 2695 643 2722 magno
665 2687 794 2723 mysterio
809 2687 965 2722 prophetica

176 2731 315 2765 vaticinia,
334 2732 508 2767 suscepitque
534 2740 642 2761 carnem
666 2737 755 2761 mente
772 2737 799 2760 et
824 2733 911 2760 anima
926 2733 967 2759 iu-

212 2820 236 2837 “
249 2819 332 2849 Marc.
348 2829 402 2853 HI,
419 2821 464 2853 15,
481 2821 524 2849 16.

1011 1531 1160 1566 ρευνήτως,
1194 1529 1243 1556 Ἔν
1265 1529 1317 1556 εἰσι
1352 1529 1384 1563 τῇ
1410 1527 1567 1563 προαιωνίῳ
1588 1525 1688 1560 φύσει,
1719 1524 1802 1558 φύσις

1009 1578 1194 1612 ἀσύγκριτος·
1220 1576 1301 1607 αὐτός
1325 1576 1399 1602 ἐστιν
1426 1575 1440 1601 ὁ
1470 1573 1538 1605 Θεὸς
1561 1573 1651 1608 ἡμῶν,
1678 1570 1803 1606 εποιητὴς

1010 1625 1119 1651 πάντων
1136 1623 1261 1657 ἀγγέλων
1278 1622 1326 1649 καὶ
1348 1620 1510 1657 ἀνθρώπων,
1529 1619 1635 1652 ὁρατῶν
1652 1618 1699 1645 καὶ
1715 1617 1803 1652 ἀορά-

1010 1679 1078 1697 των”
1096 1668 1172 1702 οὗτός
1185 1670 1259 1696 ἐστιν
1273 1669 1428 1704 ἀπέραντος
1444 1668 1491 1694 καὶ
1507 1666 1636 1702 ἀόριστος
1650 1666 1682 1699 τῇ
1707 1664 1800 1699 οὐσίᾳ,

1011 1717 1094 1751 ἐγγύς
1109 1718 1167 1743 ἐστι
1184 1717 1241 1748 τοῖς
1255 1716 1335 1747 πᾶσι,
1352 1715 1399 1741 καὶ
1411 1713 1609 1748 ἀκατάληπτος
1628 1712 1685 1741 τοῖς
1709 1711 1777 1737 πᾶσι
1794 1718 1801 1724 ·

1012 1760 1178 1796 πιστεύομεν
1190 1761 1231 1786 ὅτι
1251 1760 1337 1791 ἐστὶν,
1358 1758 1388 1785 οὐ
1403 1756 1647 1791 καταλαμϐάνεται
1668 1754 1696 1780 δὲ
1722 1754 1752 1780 τὺ
1777 1753 1803 1779 τί

1012 1807 1069 1832 ἐστι
1081 1813 1088 1821 ·
1108 1803 1310 1838 περιγράφεται
1327 1802 1377 1837 μὲν
1397 1801 1498 1836 μεταξῦ
1516 1799 1561 1827 νοῦ
1577 1800 1623 1826 καὶ
1639 1799 1738 1834 ψυχῆς,
1750 1807 1804 1833 χω-

1013 1854 1056 1887 ρεῖ
1073 1851 1101 1878 δὲ
1114 1852 1142 1877 ὲν
1161 1850 1235 1885 αὐτῷ
1252 1849 1323 1885 lead.
1339 1847 1433 1884 αὑτῇ.]
1446 1847 1480 1874 τὰ
1497 1847 1597 1876 πάντα,
1624 1845 1804 1881 χρεωστεῖεαι

1011 1899 1040 1925 δὲ
1057 1896 1131 1932 αὐτῷ
1153 1895 1341 1932 προσκύνησις
1365 1896 1398 1921 ὲκ
1413 1894 1535 1920 πάντων.
1554 1892 1626 1919 Ἀλλ’
1640 1893 1663 1918 εί
1690 1890 1740 1926 μὲν
1757 1890 1805 1916 καὶ

1013 1944 1126 1977 ἄπειρός
1146 1943 1221 1968 ἐστιν
1237 1942 1250 1967 ὁ
1262 1943 1310 1975 τῆς
1323 1939 1464 1974 Θεολογίας
1476 1939 1555 1972 λόγος
1580 1939 1608 1964 ὲν
1634 1937 1690 1967 τοῖς
1715 1936 1805 1968 ἁγίοις

1014 1991 1127 2026 βίϐλοις,
1139 1989 1153 2015 ὁ
1167 1988 1287 2020 δοξάζων
1303 1986 1385 2013 αὐτὸν
1410 1986 1455 2012 τὸν
1476 1983 1682 2017 ἀκατάληπτον,
1712 1981 1804 2013 καθὼς

1013 2037 1144 2071 εὐδόκησε
1169 2036 1295 2070 μετέχειν
1319 2034 1375 2064 τοῖς
1405 2032 1537 2066 κτίσμασι
1564 2030 1614 2064 τῆς
1627 2028 1723 2056 ἑαυτοῦ
1737 2027 1806 2062 γνώ-

1015 2092 1084 2114 σεως
1101 2082 1264 2118 μετέδωκεν,
1278 2081 1339 2106 ὅσον
1354 2079 1454 2114 χωρεῖν
1477 2077 1619 2113 ἠδύναντο,
1641 2075 1698 2102 ἀλλ’
1726 2075 1805 2109 ἡμεῖς

1015 2131 1044 2156 ὲν
1060 2128 1222 2165 βραχυτάτῳ
1240 2126 1325 2154 ταῦτα
1341 2125 1507 2159 τεθείκαμεν
1521 2125 1550 2150 ὲν
1561 2122 1600 2157 τῷ
1613 2121 1676 2157 περὶ
1692 2120 1805 2156 Τριὰδος

978 2168 1097 2211 Ι)λόγῳ,
1123 2175 1166 2201 ἵνα
1195 2174 1226 2206 ἐξ
1252 2172 1342 2199 αὐτῶν
1361 2170 1503 2205 καταλάϐῃ
1531 2170 1548 2205 ὴ
1571 2168 1693 2207 ὑμετέρα
1724 2166 1806 2200 σοφία

1017 2222 1065 2257 τὴν
1080 2221 1129 2256 τῆς
1143 2219 1283 2255 ἡμετέρας
1301 2219 1418 2248 πίστεως
1435 2216 1581 2251 ὀρθότητα.

1058 2267 1128 2303 Περὶ
1140 2267 1169 2293 δὲ
1185 2266 1232 2292 τοῦ
1250 2264 1369 2301 μεγάλου
1383 2263 1534 2298 μυστηρίου
1550 2261 1598 2288 τοῦ
1613 2259 1806 2294 οἱκονομηθέν-

1018 2325 1065 2348 τος
1082 2315 1127 2341 διὰ
1147 2314 1197 2349 τὴν
1223 2312 1363 2348 ἡμετέραν
1384 2310 1521 2344 σωτηρίαν
1534 2329 1541 2341 ,
1564 2309 1613 2343 τῆς
1630 2306 1806 2342 ὲνανθρωπή-

1021 2370 1090 2393 Usu);
1117 2360 1189 2394 λέγω
1216 2358 1262 2386 τοῦ
1290 2357 1398 2391 Λόγου,
1425 2355 1473 2382 τοῦ
1503 2353 1731 2388 ἀποκαλύψαντος
1761 2352 1806 2378 καὶ

1018 2407 1159 2440 δείξαντος
1186 2405 1236 2439 τὴν
1267 2402 1364 2429 ἑαυτοῦ
1398 2401 1610 2437 μεγαλετότητα,
1640 2397 1806 2431 πιστεύομεν

1019 2454 1117 2485 οὕτως.
1139 2449 1344 2487 ὐμολογοῦμεν
1359 2449 1399 2475 ὅτι
1415 2449 1446 2474 ὲκ
1459 2448 1508 2481 τῆς
1523 2445 1690 2480 ὰσυγκρίτου
1701 2444 1807 2479 φύσεως

1021 2501 1068 2536 τῆς
1085 2500 1166 2533 ἁγίας
1181 2497 1298 2532 ’τριάδος
1315 2496 1365 2531 μία
1389 2494 1445 2521 τῶν
1470 2492 1666 2528 προσκυνητῶν
1692 2489 1807 2516 ὑποστά-

1024 2555 1092 2573 σεων
1110 2546 1124 2570 ὀ
1140 2544 1205 2575 Υἱὸς
1221 2544 1234 2569 ὸ
1251 2543 1340 2576 ἅγιος,
1357 2542 1371 2567 ὁ
1387 2541 1419 2566 ἐκ
1434 2539 1479 2567 τοῦ
1495 2539 1573 2571 ἁγίου
1592 2537 1710 2571 Πατρῦς,
1732 2537 1807 2562 εὐδο-

1019 2593 1068 2628 κία
1085 2590 1169 2618 αὐτοῦ
1186 2598 1216 2615 τε
1234 2587 1281 2615 καὶ
1296 2587 1343 2614 τοῦ
1369 2585 1476 2620 Πατρῦς
1496 2584 1545 2611 καὶ
1567 2582 1614 2609 τοῦ
1638 2581 1806 2616 Πνεύματος,

1019 2639 1048 2665 ἐν
1071 2637 1195 2673 ἐσχάτοις
1209 2634 1315 2670 καιροῖς
1339 2633 1383 2659 διὰ
1408 2631 1458 2667 τὴν
1475 2630 1553 2666 ἡμῶν
1573 2628 1711 2663 σωτηρίαν
1739 2636 1806 2654 κατ-

1020 2685 1102 2720 ῆλθεν
1132 2684 1164 2710 ἐκ
1204 2681 1259 2709 τῶν
1285 2678 1421 2715 οὐρανῶν,
1452 2677 1499 2704 καὶ
1528 2677 1685 2710 ἐσκήνωσεν
1720 2675 1748 2700 ἐν
1775 2675 1806 2709 τῇ

1022 2731 1115 2767 μήτρᾳ
1128 2729 1178 2764 τῆς
1195 2728 1274 2763 ἁγίας
1292 2725 1434 2760 Παρθένου
1452 2723 1563 2759 Μαρίας
1579 2722 1648 2748 κατὰ
1667 2721 1716 2752 τὰς
1741 2728 1805 2755 προ-
