1942 3081
99 144 150 174 281

782 128 1014 162 DISPUTATIO
1034 128 1076 159 ΙΙ.

1683 119 1737 150 2³2

100 197 225 235 φητικὰς
239 196 412 232 προρρήσεις
430 193 480 226 τὰς
499 193 563 228 περὶ
579 191 626 219 τοῦ
642 190 762 226 μεγάλου
789 196 893 224 μυστη-

960 190 1098 218 armatam,
1114 183 1263 220 perfectum
1279 180 1428 212 hominem,
1440 185 1520 214 quem
1532 176 1583 204 sibi
1596 175 1736 202 incentusa

983 233 988 235 Α
1138 232 1144 235 -
1183 231 1187 235 -
1391 231 1411 235 η
1442 225 1556 235 μίαν-.-
1588 222 1635 235 ιπηι-
1662 227 1726 235 ...ιι-ιι

100 245 162 280 ρίου
179 243 279 270 τούτου
297 250 304 256 ·
327 241 375 268 καὶ
387 239 467 267 ἔλαϐε
486 239 576 273 σάρκα
592 237 683 263 ἔννουν
699 235 745 262 καὶ
757 235 890 269 ἔμψυχον,

99 290 247 325 ἄνθρωπον
262 287 379 316 τέλειον,
394 286 441 312 καὶ
459 285 566 320 ἥνωσεν
583 282 681 310 ἑαυτὸν
697 280 792 308 ἑνώσει
806 281 893 313 ἀσυγ-

99 336 176 372 χὺτῳ
190 343 196 349 ·
224 335 255 361 οὐ
281 332 507 370 προπλασθείσης
522 331 572 361 τῆς
595 329 705 364 σαρκὸς,
727 326 787 354 εἶτα
800 326 891 362 quaen

101 382 172 417 αὐτῇ
199 381 277 413 Θεὸς,
307 378 366 406 ἀλλ’
390 381 419 405 ὲν
444 377 590 413 μυστηρίῳ
609 376 720 410 μεγάλῳ
749 373 797 400 καὶ
823 373 893 407 ὑπὲρ

99 429 182 463 λόγον
198 429 313 462 γέγονεν
333 425 477 460 ἄνθρωπος
494 424 617 456 τέλειος,
637 422 709 456 πλὴν
733 422 783 457 τῆς
803 421 894 455 ἀμαρ-

100 474 164 504 τίας
186 474 233 500 καὶ
255 472 342 508 μόνης
359 480 366 486 ·
390 472 437 497 καὶ
463 470 531 505 μετά
554 468 765 503 ὲννεαμηνιαίου
793 465 892 498 καιροῦ

101 521 174 548 κατὰ
190 520 235 546 τὶν
260 519 311 553 τῆς
334 517 511 553 ἀνθρωπίνης
529 516 639 550 φύσεως
659 515 742 549 νόμον
760 513 892 548 ἐγεννήθη

101 568 136 593 ὲκ
155 567 206 600 τῆς
222 565 374 600 Παρθένου,
394 564 441 590 καὶ
455 563 610 598 τετήρηκεν
635 561 721 594 αὐτὴν
747 559 895 595 παρθένον.

102 613 150 639 Διὸ
165 611 215 638 καὶ
227 611 361 638 Θεοτόκον
382 609 573 644 ὁμολογοῦμεν
588 607 637 643 τὴν
653 607 734 640 ἁγίαν
755 606 896 641 Παρθένον

102 658 226 694 Μαρίαν,
244 658 293 684 καὶ
308 657 350 683 ὅτι
362 656 408 683 τὸν
424 655 491 682 Θεὸν
514 655 602 689 Λόγον
619 654 767 689 γενόμενον
789 653 895 687 ἄνθρωι

103 713 155 732 πον
171 705 306 739 ἐγέννησε
323 712 331 719 ·
353 704 400 730 καὶ
425 701 542 737 τραφεὶς
561 703 590 728 ὲν
615 700 738 735 ἡλικίαις
758 699 898 735 ἀνθρωπι-

103 759 177 781 ναις,
197 749 312 780 τελέσας
337 748 388 783 τὴν
415 747 551 781 σωτήριον
576 745 751 779 οἰκονομίαν,
779 743 861 775 αὐτὸς
885 743 899 769 ό

104 796 173 827 Θεὸς
187 796 274 827 Λόγος
287 793 548 828 ἄνθρωποςἸησοῧς
564 791 693 826 Χριστὸς,
717 791 747 822 ὃς
769 792 845 817 ὲστιν
863 790 896 816 ὲκ

103 842 190 873 δυοῖν.
200 841 326 875 θεότητος
339 839 442 867 καὶάνο
448 839 614 875 ρωπὸτητος,
624 838 655 864 ἐκ
664 837 710 864 δύο
723 837 899 863 ὑποστάσεων

105 889 154 915 καὶ
186 887 308 921 φύσεων,
337 886 387 921 μία
416 885 567 916 ὑπόστασις
593 884 640 910 καὶ
666 883 715 919 μία
736 882 830 918 φύσις,
858 879 899 913 εἷς

105 934 238 969 Χριστός.

150 979 222 1006 Ἀλλ’
236 980 277 1006 ὅτι
297 979 371 1010 τινες
385 977 533 1005 ἀκούουσιν
553 976 632 1012 ἡμῶν
658 976 793 1011 λεγόντων
819 975 900 1003 αὒτδν

109 1026 177 1062 μίαν
187 1026 337 1052 ὑπόστασιν
360 1024 409 1051 καὶ
425 1024 490 1058 μίαν
503 1023 594 1057 φύσιν,
611 1022 730 1049 ἐνταῦθα
743 1021 805 1049 καθ’
819 1022 899 1057 ἡμῶν

107 1072 261 1108 ὑμνοῦντες
277 1072 404 1106 λέγουσιν
416 1071 458 1098 ὅτι
475 1070 546 1098 κατά
561 1069 607 1096 τὸν
627 1070 734 1105 Εὐτυχῆ
748 1069 901 1096 ἀποὸαλλὸ-

109 1120 193 1156 μεθα,
211 1120 259 1145 καὶ
284 1119 391 1150 πάντας
407 1117 469 1147 τοὺς
494 1116 626 1150 λέγοντας
645 1117 695 1152 τὴν
716 1116 850 1151 σύγχυσιν
870 1116 900 1142 ὲν

109 1167 145 1201 τῇ
163 1165 230 1200 ἁγίᾳ
248 1163 355 1190 ἐνώσει·
372 1164 430 1189 ἀλλ’
446 1161 635 1198 ὁμολογοῦμεν
651 1162 692 1188 ὄτι
712 1163 863 1196 τετήρηται
884 1161 901 1196 ἡ

107 1210 229 1244 διαφορά
244 1209 299 1235 τῶν
315 1208 423 1244 φύσεων
439 1207 469 1239 se
492 1205 530 1233 ὦν
551 1208 565 1233 ό
586 1206 708 1242 Χριστός
719 1213 725 1220 ·
741 1207 789 1233 καὶ
808 1206 902 1233 οὐκέτι

107 1256 230 1291 λέγομεν
257 1256 298 1282 ὅτι
329 1255 346 1290 ὴ
371 1254 468 1287 Θεότης
494 1251 629 1288 ἠλλοιώθη
659 1253 700 1284 εἰς
724 1252 754 1279 τὸ
774 1251 901 1286 γενέσθαι

110 1301 192 1337 σὰρξ,
215 1299 273 1327 ἀλλ’
297 1300 360 1326 οὔτε
387 1300 404 1334 ἡ
430 1298 500 1334 σὰρξ
527 1298 687 1334 μετηλλάγη
702 1299 742 1330 εἰς
758 1298 874 1333 θεότητα
892 1306 900 1314 ·

109 1348 201 1382 ἀλλ’ἢ
220 1346 317 1381 θεότης
333 1346 454 1381 διέμεινε
476 1346 573 1380 θεότης
586 1354 593 1361 ·
611 1347 658 1372 καὶ
687 1347 704 1382 ή
738 1346 806 1382 σὰρξ
834 1346 903 1382 σὰρξ

109 1395 274 1429 τετήρηται.
300 1393 356 1420 Καὶ
374 1392 421 1419 ὲάν
439 1401 482 1424 τις
508 1393 575 1427 ἡμῖν
603 1393 722 1419 ἐνταῦθα
741 1393 820 1428 εἴπῃ,
844 1393 903 1424 πῶς

109 1441 171 1466 ἔστι
187 1439 301 1466 δυνατὴν
325 1439 429 1466 ειδέναι
445 1437 481 1464 τὰ
505 1438 559 1465 τῶν
585 1438 695 1474 φύσεων
708 1439 901 1474 γνωρίσματα,

111 1487 210 1521 ἐπειδὴ
239 1486 290 1520 μία
308 1485 390 1519 φύσις
406 1485 517 1519 λέγεται
532 1486 546 1512 ὁ
567 1485 696 1520 Χριστὸς,
722 1484 808 1518 δεῖξαι
828 1484 905 1519 αὐτῷ

944 233 1045 261 unione
1067 231 1202 267 copulavit
1220 239 1225 257 :
1245 235 1331 263 neque
1353 231 1416 254 ante
1442 225 1557 252 formata
1588 222 1638 249 fuit
1662 227 1737 252 caro.

944 281 988 308 cui
1007 279 1135 312 deinceps
1159 276 1282 303 uniretur
1309 274 1389 305 Deus,
1418 272 1464 299 sed
1488 268 1618 306 mysterio
1640 273 1738 300 magno

945 332 1028 361 atque
1051 323 1189 352 inell‘abili'
1207 322 1294 349 lactus
1308 324 1349 347 est
1364 319 1445 346 homo
1461 317 1607 352 perfectus,
1626 316 1738 349 peccato

947 371 1134 400 tantummodo
1166 369 1276 396 excluso
1309 375 1316 393 :
1349 370 1374 393 et
1402 368 1462 399 post
1488 370 1583 390 novem
1615 365 1738 391 menses,

944 420 1019 454 juxta
1038 419 1163 445 humanae
1184 420 1290 443 naturae
1307 413 1405 447 legem,
1418 415 1496 438 natus
1508 414 1549 437 est
1573 408 1605 434 de
1617 406 1739 440 Virgine,

948 467 990 494 cui
1013 473 1089 493 suam
1110 461 1283 490 conservavit
1305 459 1500 494 virginitatem.
1527 455 1616 488 Quare
1633 458 1659 480 et
1680 451 1741 478 Dei-

948 520 1041 546 param
1076 510 1237 537 conlitemur
1276 510 1397 533 sanctam
1427 502 1566 536 Virginem
1608 497 1739 528 Mariam,

949 559 1091 593 ipsamque
1106 556 1153 583 Dei
1170 553 1302 584 Verbum,
1313 550 1450 578 hominem
1465 549 1577 578 factum,
1593 545 1719 580 genuisse
1734 552 1740 569 z

949 604 995 642 'qui
1015 603 1258 632 cxactishumanze
1281 598 1370 626 aetatis
1395 594 1572 629 temporibus,
1595 590 1741 618 salutarem

950 650 1129 680 oscommiam
1152 645 1369 674 consummavit:
1392 642 1450 674 Dei,
1469 640 1592 675 inquam,
1610 636 1742 666 Verbum,

950 700 1032 726 homo
1061 696 1141 723 Jesus
1161 693 1295 724 Christus,
1321 690 1367 726 qui
1395 692 1482 716 estex
1515 685 1620 713 duabus
1651 682 1742 712 rebus.

950 744 1091 774 divinitate
1113 741 1217 769 scilicet
1235 743 1262 765 et
1275 732 1415 764 lfumanita
1429 743 1454 766 c.
1473 741 1506 761 ex
1526 731 1629 760 duabtts
1656 730 1743 764 hypo.

951 790 1070 820 stasibus
1087 793 1116 816 et
1139 785 1254 818 naturis,
1267 791 1319 811 una
1340 781 1493 818 hypostasis
1516 784 1543 807 et
1559 785 1613 806 una
1635 779 1744 806 natura,

919 852 938 878 Β
951 838 1078 866 Christus
1094 842 1174 862 unus.

987 975 1040 1005 Sed
1062 975 1125 1009 quia
1144 971 1264 1000 nonnulh
1289 976 1350 997 eum
1371 974 1420 994 nos
1437 965 1550 992 audiunt
1563 968 1643 990 unam
1658 960 1745 995 hypo-

987 998 1040 1005 ην..
1063 998 1125 1009 ηψ-

951 1023 1046 1052 s'asim
1063 1022 1184 1048 dicentes
1197 1024 1223 1045 et
1237 1025 1316 1045 unam
1329 1019 1465 1044 naturam,
1476 1010 1604 1038 continuo
1615 1009 1746 1034 adversus
1775 998 1781 1003 ”

951 1078 1002 1098 nos
1019 1069 1160 1099 occinunt,
1181 1064 1253 1100 quod
1276 1070 1337 1090 cum
1354 1059 1505 1096 Eutychete
1519 1053 1680 1091 explodendi
1711 1052 1749 1079 si—

951 1123 1012 1144 mus
1029 1119 1056 1142 et
1074 1121 1135 1142 cum
1155 1112 1189 1139 iis
1200 1109 1326 1138 otnnibus
1345 1107 1391 1143 qui
1410 1105 1597 1134 confusionem
1613 1102 1640 1128 in
1653 1104 1746 1127 saneta

952 1162 1052 1189 unione
1067 1160 1167 1187 factam
1186 1157 1280 1184 dicunt
1294 1163 1300 1188 ;
1318 1161 1368 1181 nos
1387 1153 1480 1186 utiqtte
1492 1149 1654 1177 conlltemnr
1669 1149 1750 1172 natu-

953 1213 1046 1234 rarum
1063 1212 1096 1231 ex
1117 1203 1217 1239 quibus
1233 1205 1274 1228 est
1289 1199 1415 1227 Christus
1439 1196 1603 1224 incolumem
1622 1198 1683 1219 esse
1697 1189 1750 1217 dif-

954 1251 1096 1279 ferentiam
1121 1259 1129 1284 ;
1146 1255 1235 1284 neque
1250 1246 1366 1274 dicimus
1386 1242 1556 1271 divinitatem
1578 1239 1749 1266 immutatam

954 1303 982 1326 ut
997 1305 1060 1325 caro
1078 1296 1165 1326 ﬁeret,
1188 1283 1275 1328 neque
1289 1298 1399 1320 carnem
1417 1292 1547 1316 mutatam
1575 1285 1601 1312 in
1618 1283 1750 1310 divinita-

955 1350 1029 1373 tem:
1046 1344 1092 1371 sed
1117 1341 1257 1371 divinitas,
1277 1337 1377 1366 mansit
1401 1334 1545 1366 divinitas;
1567 1339 1631 1358 caro
1649 1332 1753 1360 autem,

955 1398 1019 1419 caro
1031 1389 1160 1425 perstitit.
1174 1385 1252 1420 Quod
1278 1385 1300 1411 si
1315 1383 1376 1419 quis
1398 1381 1475 1408 nobis
1501 1379 1544 1406 hic
1563 1376 1684 1410 ohjiciat,
1705 1371 1751 1408 qui

956 1437 1014 1465 fieri
1039 1435 1126 1470 possit
1140 1437 1170 1461 ut
1196 1437 1353 1459 naturarum
1382 1427 1565 1464 proprietates
1592 1425 1751 1452 cernantur,

955 1484 1088 1519 siquidem
1103 1489 1155 1508 una
1169 1485 1265 1507 natura
1278 1477 1378 1505 dicitur
1393 1474 1494 1502 Christi
1507 1481 1517 1511 ί
1532 1472 1583 1498 hoc
1596 1470 1620 1497 ei
1637 1474 1752 1501 respon—

111 1533 214 1566 ἔχομεν
235 1530 281 1556 καὶ
297 1514 387 1556 εἰπεῖν
411 1514 454 1557 δτὶ
478 1531 569 1557 πάντα
727 1514 830 1556 δυνατά
850 1514 904 1557 ato-It

960 1531 1064 1561 demus,
1092 1527 1182 1554 omnia
1204 1525 1307 1553 scilicet
1335 1522 1390 1549 Deo
1410 1527 1471 1547 esse
1499 1516 1649 1554 possibilia,
1675 1514 1752 1549 juxta

113 1577 188 1605 κατὰ
202 1577 253 1612 τὴν
269 1576 423 1612 μαρτυρίαν
437 1577 485 1603 τοῦ
512 1576 686 1611 ἀρχαγγέλου
710 1576 843 1612 Γασριήλ,
869 1577 906 1604 Τὸ

113 1623 142 1650 δὲ
158 1622 219 1654 πῶς
235 1621 386 1649 συνέλαϐεν
401 1623 417 1657 ἡ
434 1621 569 1656 παρθένος
590 1621 638 1647 καὶ
651 1621 743 1654 ἔτεκε,
774 1621 821 1648 καὶ
832 1629 906 1656 παρ-

114 1669 192 1701 θένος
208 1668 339 1704 διέμεινε,
353 1667 415 1699 νοῦς
441 1667 614 1703 ἀνθρώπινος
631 1668 717 1693 εἰπεῖν
731 1668 833 1699 ἀτονεῖ,
849 1666 907 1694 ἀλλ’

113 1714 163 1742 οὖν
191 1715 288 1748 γέγονε
316 1714 364 1750 μὲν
392 1714 502 1744 θεῖκῶς.
520 1712 598 1738 Οὕτω
627 1713 674 1738 καὶ
699 1712 728 1738 τὸ
748 1712 797 1743 τὰς
812 1712 909 1746 φύσεις

114 1762 261 1798 τηρεῖσθαι
286 1761 316 1786 ὲν
337 1759 456 1794 γνώσει*
472 1761 520 1786 καὶ
548 1759 711 1785 πιστεύεται
731 1759 782 1793 μία
805 1759 851 1784 διὰ
880 1759 910 1784 τὺ

117 1808 273 1844 ἀμέριστον
296 1806 351 1842 (54)
366 1814 373 1822 ·
390 1806 550 1833 πιστεύεται
574 1805 604 1831 δὲ
631 1805 677 1831 καὶ
705 1806 738 1831 ἐκ
762 1805 910 1836 διαλέξεων

113 1864 133 1888 νς
141 1853 246 1881 υσικῶν
259 1861 266 1868 ·
282 1853 307 1879 εἰ
324 1853 371 1880 καὶ
385 1853 435 1884 τὰς
451 1851 608 1887 μαρτυρίας
624 1851 675 1882 τὰς
696 1852 728 1877 ἐκ
752 1850 807 1877 τῶν
830 1850 911 1876 Θεῐων

119 1901 240 1936 Γραφῶν
257 1900 371 1935 ὲρευνᾷν
389 1907 431 1929 τις
448 1899 508 1934 μεθ’
526 1898 607 1934 ὴμῶν
632 1898 775 1933 θελήσειεν
787 1917 794 1930 ,
813 1897 912 1932 ἔχομεν

118 1948 207 1980 δεῖξαι
236 1946 310 1973 κατά
334 1947 384 1981 τὴν
402 1947 430 1972 ὲν
451 1946 517 1981 ἡμῖν
545 1946 643 1972 ἐλπίδα
660 1946 691 1971 ὲκ
707 1945 762 1971 τῶν
786 1945 912 1978 φυσικῶν

119 1994 280 2027 διαλέξεων.
308 1993 388 2019 Καθά
414 1992 488 2027 ψυχὴ
517 1992 565 2018 καὶ
593 1991 674 2026 σῶμα
696 1991 743 2018 ἕνα
766 1991 913 2026 ἄνθρωπον

119 2040 232 2067 τελοῦσι
245 2059 252 2071 ,
268 2039 315 2065 καὶ
333 2039 388 2065 εἰσὶ
412 2038 459 2064 δύο
475 2037 588 2071 φύσεις,
615 2036 687 2063 οὕτω
701 2037 749 2064 καὶ
766 2037 830 2071 περὶ
844 2037 914 2072 Χρι-

121 2086 188 2114 στοῦ
211 2086 260 2112 τοῦ
283 2085 352 2111 Θεοῦ
372 2084 461 2118 Λόγου
474 2084 592 2118 λέγομεν
609 2091 616 2099 ·
635 2084 681 2110 καὶ
696 2083 789 2115 καθὼς
809 2084 913 2119 ἥνωται

121 2134 139 2169 ἡ
163 2133 239 2168 ψυχὴ
264 2131 303 2167 τῷ
319 2129 439 2166 σώματι,
460 2131 508 2157 καὶ
523 2131 573 2156 οὐκ
592 2129 725 2157 ἀπόλλυσι
747 2129 796 2165 τὴν
815 2129 915 2164 ἑαυτῆς

123 2180 218 2215 φύσιν,
250 2177 322 2204 οὕτω
351 2177 482 2212 καὶπερὶ
511 2177 630 2211 Χριστοῦ
658 2177 706 2203 τοῦ
728 2176 798 2202 Θεοῦ
824 2176 914 2209 Λόγου

123 2213 254 2260 λέγομεν,
274 2223 337 2250 οὕτε
353 2224 369 2259 ἡ
384 2223 481 2258 θεότης
500 2223 658 2258 μετηλλάγη
671 2245 678 2256 ,
694 2222 757 2250 οὔτε
774 2223 806 2249 τὸ
823 2223 914 2258 σῶμα,
932 2213 954 2240 D

161 2269 257 2299 Οὕτως
277 2267 466 2303 ὁμολογοῦμεν
479 2267 524 2292 τὸν
540 2266 589 2293 ἕνα
604 2267 724 2301 Χριστὸν
752 2267 818 2301 μίαν
852 2267 920 2293 ὑπό-

125 2324 236 2348 στασιν,
252 2315 300 2342 καὶ
317 2314 384 2349 μίαν
396 2314 488 2348 φύσιν,
507 2313 575 2340 Θεὸν
587 2314 700 2346 τέλειον,
716 2314 762 2340 καὶ
773 2314 918 2348 ἄνθρωπον

125 2363 241 2394 τέλειον,
263 2361 282 2387 λὸ
305 2362 353 2388 καὶ
378 2360 457 2394 ὑμεῖς
483 2360 586 2392 οἴδατε,
604 2361 646 2387 ὄτι
670 2361 698 2386 αι
716 2359 787 2386 Θείαι
810 2360 919 2395 Γραφαὶ

127 2410 178 2436 ἕνα
201 2408 317 2443 Κύριον,
338 2408 388 2434 ἕνα
407 2407 526 2442 Χριστὸν
552 2406 676 2439 ἐδίδαξαν
703 2407 809 2442 ὑμνεῖν,
827 2407 852 2432 ει
874 2405 921 2432 καὶ

127 2457 162 2483 ὲκ
188 2455 262 2482 δυοῖν
285 2455 367 2481 αὐτον
384 2454 536 2488 ἐγίνωσκον
550 2462 556 2469 ·
585 2453 641 2481 ἀλλ’
663 2453 756 2480 οὐκέτι
780 2453 862 2479 αὐτὸν
882 2453 922 2484 εἰς

129 2502 178 2529 δύο
198 2501 335 2537 πρόσωπα
352 2500 524 2536 μερίζουσιν,
542 2501 558 2535 ἦ
575 2500 616 2532 εἰς
631 2499 677 2526 δύο
691 2499 862 2531 ¹ὑποστάσεις
875 2499 921 2525 τὸν

130 2548 219 2582 Λόγον
234 2549 280 2575 τὸν
299 2548 447 2582 γενόμενον
478 2547 641 2583 ἀδιάϐλητον
671 2547 826 2582 ἄνθρωπον,
851 2547 923 2574 καθά

131 2603 215 2629 φησιν
245 2595 260 2620 ὸ
288 2594 441 2624 ἀπόστολος
457 2593 596 2628 Ἰωάννης,
616 2594 658 2620 ὅτι
677 2593 704 2619 'O
726 2594 823 2627 Λόγος
845 2592 923 2626 σὰρξ

129 2641 261 2675 ἐγένετο,
287 2639 338 2666 καὶ
362 2638 543 2672 ἐσκήνωσεν
572 2639 607 2665 ἐν
626 2638 709 2673 ἡμῖν,
732 2639 781 2664 καὶ
800 2638 924 2665 ἐθεασά-

130 2690 208 2722 μεθα
227 2686 285 2720 τὴν
304 2686 400 2718 δόξαν
423 2686 528 2718 αὑτοῦ,
552 2685 648 2717 δόξαν
669 2685 709 2711 ὼε·
734 2684 925 2718 Μονοτενοῦς

134 2732 214 2766 παρὰ
231 2731 348 2765 Πατρός
361 2738 368 2746 ⁸
386 2730 401 2757 ὃ
422 2731 470 2757 καὶ
490 2731 575 2757 πάλαι
597 2731 611 2757 ὁ
636 2729 718 2761 αὐτὸς
746 2729 849 2765 Κύριος
878 2731 925 2756 καὶ

169 2792 192 2807 ’⁸
213 2791 292 2819 Joan.
311 2799 332 2823 ι,
351 2791 394 2817 14.

957 1575 1092 1605 Gabriclis
1112 1572 1268 1608 archangeli
1296 1567 1493 1598 testimonium.
1524 1565 1589 1592 Nam
1615 1560 1752 1596 quomodo

958 1625 1034 1658 virgo
1048 1620 1204 1655 conceperit
1226 1626 1258 1646 ac
1275 1615 1411 1652 pepererit
1435 1612 1569 1646 simulque
1593 1610 1670 1641 virgo
1690 1614 1753 1641 per-

959 1669 1101 1699 manserit,
1118 1673 1194 1694 mens
1208 1666 1323 1692 lmmana
1340 1661 1417 1690 effari
1438 1668 1491 1687 non
1510 1660 1608 1692 potest,
1618 1659 1646 1682 et
1664 1658 1754 1681 tamen

960 1715 1090 1744 divinitus
1103 1713 1203 1740 factum
1217 1715 1268 1737 est.
1281 1709 1319 1736 lla
1333 1712 1445 1735 naturas
1458 1711 1566 1739 quoque
1579 1703 1755 1731 conservatas

961 1764 1083 1796 apparet,
1101 1758 1223 1785 creditur
1246 1761 1335 1782 autem
1351 1759 1403 1779 una
1421 1755 1529 1786 propter
1554 1743 1755 1774 indivisihilila-

963 1813 1024 1836 tem.
1039 1805 1121 1839 quue
1130 1803 1240 1830 credere
1256 1805 1399 1836 possumus
1414 1794 1544 1823 naturalis
1555 1797 1664 1828 quoque
1674 1788 1759 1815 ratio-

963 1853 1027 1882 cinii
1058 1853 1151 1880 ductu.
1182 1849 1265 1877 Plane
1292 1845 1364 1874 enim
1393 1844 1415 1871 si
1446 1842 1507 1877 quis
1528 1845 1632 1867 mecum
1659 1835 1757 1862 divinae

964 1901 1114 1933 Scriptum
1136 1893 1292 1924 testimonia
1320 1889 1439 1919 scrutari
1465 1887 1540 1918 velit,
1569 1885 1757 1911 demonstrare

964 1955 1021 1976 rem
1045 1951 1073 1972 nt
1096 1951 1174 1979 spero
1196 1940 1287 1968 licebit
1308 1936 1424 1965 naturali
1451 1931 1670 1961 ratiocinatione.
1689 1927 1757 1954 Nam

965 1992 1044 2022 sicuti
1063 1991 1152 2018 anima
1167 1993 1193 2016 et.
1209 1994 1306 2021 corpus
1319 1991 1402 2011 unum
1427 1981 1564 2010 hominem
1586 1975 1718 2004 efficiunt,
1733 1977 1759 1999 et.

966 2047 1026 2067 etim
1045 2038 1086 2065 hae
1113 2036 1171 2063 duae
1189 2038 1292 2062 natura!
1316 2032 1380 2062 sint,
1410 2028 1469 2056 ﬁeri
1490 2031 1580 2054 tamen
1596 2020 1700 2056 nequit,
1730 2023 1760 2045 ut

966 2087 1048 2114 homo
1067 2079 1247 2110 dicatur'duae
1270 2084 1391 2109 naturai;
1417 2077 1457 2102 sic
1478 2078 1505 2100 et
1536 2072 1569 2098 de
1590 2068 1700 2097 Christo
1713 2064 1759 2092 Dei

970 2132 1057 2160 Verbo
1078 2129 1228 2165 loquimur,
1247 2125 1329 2161 «qttod
1353 2129 1438 2157 neque
1453 2118 1583 2148 divinitas
1607 2117 1711 2143 mutata
1726 2111 1762 2140 sit

969 2186 1055 2213 neque
1071 2183 1180 2211 corpus.

1007 2272 1095 2303 Atque
1114 2267 1151 2294 ita
1175 2263 1300 2292 videlicet
1324 2267 1406 2289 unum
1425 2257 1565 2286 Christum
1590 2252 1762 2281 confitemur,

971 2323 1052 2344 unan'.
1072 2312 1249 2349 hypostasim,
1266 2315 1401 2342 unamque
1417 2310 1552 2334 naturam,
1565 2301 1648 2328 Deum
1660 2297 1765 2333 perfec-

973 2369 1041 2393 tum,
1066 2361 1186 2394 itemque
1207 2357 1358 2393 perlectum
1380 2353 1518 2381 hominem
1539 2358 1545 2376 :
1573 2347 1598 2374 id
1622 2345 1693 2381 quod
1717 2350 1765 2370 vos

973 2415 1082 2444 quoque
1101 2407 1194 2438 scitis;
1212 2405 1274 2439 quia
1293 2402 1392 2429 divinae
1415 2399 1563 2433 Scriptura;
1576 2401 1658 2420 unum
1673 2389 1766 2417 Domi-

975 2463 1050 2485 num,
1065 2461 1146 2480 unum
1162 2451 1313 2480 Christum,
1325 2451 1437 2475 cantare
1447 2445 1596 2475 docuerunt
1610 2443 1764 2474 quanquam

975 2508 1036 2528 eum
1058 2507 1090 2527 ex
1109 2498 1212 2525 duabus
1233 2503 1295 2523 esse
1319 2497 1468 2528 agnoscant
1495 2499 1501 2517 :
1520 2489 1566 2516 sed
1593 2486 1719 2518 deinceps
1739 2483 1766 2509 in

975 2547 1042 2574 ditas
1059 2551 1190 2581 personas
1209 2551 1261 2570 non
1278 2541 1401 2568 dividunt
1421 2538 1462 2565 vvl
1477 2537 1501 2563 in
1526 2536 1592 2562 duas
1609 2533 1768 2567 hypostascs

979 2593 1096 2620 Verbum
1109 2590 1234 2618 elTectum
1257 2588 1360 2621 absque
1379 2587 1492 2620 peccato
1514 2580 1664 2609 hominem,
1688 2574 1767 2603 sicuti

979 2639 1118 2674 apostolus
1133 2637 1251 2664 Joannes
1269 2634 1326 2660 ait:
1349 2631 1461 2659 Verbum
1483 2636 1544 2654 caro
1561 2627 1658 2662 factum
1679 2628 1727 2654 est,
1744 2625 1769 2648 et

979 2684 1106 2711 habitauit
1119 2684 1146 2710 in
1167 2681 1252 2712 nobis,
1269 2683 1293 2705 el
1309 2678 1421 2704 vidimus
1443 2675 1553 2710 gloriam
1570 2673 1639 2706 ejus,
1656 2668 1767 2705 gloriam

979 2730 1056 2766 quasi
1074 2727 1207 2764 Unigem'ti
1223 2735 1238 2753 a
1256 2723 1378 2751 Patre“.
1396 2722 1472 2755 Quod
1484 2721 1555 2747 idem
1565 2719 1627 2746 olim
1640 2718 1769 2743 Domlms

169 2839 225 2871 (3t)
247 2838 388 2866 Consonat
409 2836 467 2864 haec
503 2835 563 2870 Syri
597 2835 741 2871 atlirmatio
775 2843 834 2861 cum
868 2834 913 2861 illa
934 2832 1054 2862 Armenii
1080 2840 1106 2868 p.
1133 2829 1196 2866 3°22,
1226 2838 1253 2859 v.
1281 2829 1330 2863 l5;
1359 2827 1409 2856 nisi
1434 2825 1506 2861 quod
1529 2822 1674 2851 Armenius
1701 2819 1767 2847 dicit

135 2870 290 2911 ἀχώριστον
313 2871 501 2907 inseparabile,
518 2879 568 2906 pro
590 2870 738 2906 ὀμέριῑτον
751 2870 919 2898 indivisibi’e.
