1942 3081
205 105 258 137 285

917 122 1134 153 THEORIANI

1784 129 1838 162 284

209 162 268 196 ipse
287 167 313 189 cl
338 162 410 193 Deus
428 172 520 196 noster
535 169 658 207 Philippo
675 173 778 201 dixerat
794 185 800 202 :
822 175 906 204 Tanto
932 183 980 205 tem

1034 203 1035 206 η
1050 178 1117 211 Θεὶς
1143 179 1222 215 ἡμῶν
1246 180 1315 216 πρδς
1331 181 1378 209 τὸν
1399 182 1534 210 Φίλιππον
1551 183 1646 219 εἴρηκε
1660 192 1668 200 ·
1685 183 1840 214 Τοσοῦτον

203 215 267 242 pure
282 211 412 238 vobiscum
438 221 506 244 sum.
521 221 545 242 et
570 219 686 245 nandum
705 223 846 255 cognovisti
862 233 913 257 me,
933 225 996 253 Phi-

205 253 297 288 lippe?
317 256 369 288 Qui
384 259 446 286 vidit
474 268 524 293 me,
542 263 607 290 vidit
626 271 649 291 et
665 253 772 295 Patrem
786 277 871 297 meum
883 253 916 298 “1
935 271 993 300 Non

204 300 278 332 quml
297 300 412 328 Vcl'itlllll
433 304 536 340 absque
549 315 631 336 carne
658 311 781 339 viderent
800 315 925 347 apostoli.
945 316 993 344 sed

204 345 265 378 quia
302 346 471 376 ini-amatum
501 352 593 386 Deum,
625 360 653 383 ut
670 364 751 384 unum
780 359 992 396 indivisumque,

202 397 216 417 s
228 399 244 422 β
265 391 382 420 iiit‘abat.

240 434 375 464 Prmlcrea
393 445 516 472 pastores
529 443 562 470 ab
574 445 668 479 angelo
678 447 819 476 nuntiante
827 450 969 479 audierunt
983 462 991 481 :

206 480 295 508 Natus
314 489 353 510 est
368 486 443 513 nobis
457 489 533 515 hodie
548 489 672 518 Servatur
684 493 716 520 ’⁷.
731 493 784 521 Vos
801 503 908 531 quoque
926 498 994 526 falc—

202 527 268 554 tniui
291 528 437 558 humanam
454 538 579 562 naturatn
600 537 671 564 haud
685 546 745 567 esse
763 540 946 577 Servatorem,
966 551 994 573 et

201 572 320 601 divinam
344 581 468 606 naturam
486 581 546 608 sine
562 590 646 610 carne
672 584 700 611 in
725 587 823 614 mundo
848 596 902 616 non
932 598 993 619 esse

201 625 291 647 natam
310 630 317 648 :
334 630 457 656 superest
473 625 554 660 igitur
568 633 596 655 nt
607 628 781 659 Servatorem
798 633 886 667 ipsum
901 637 993 670 appel-

200 663 286 692 lemus
302 669 347 702 qui
371 669 403 696 de
422 669 531 705 Virgine
547 680 625 702 natus
641 681 694 705 est.
711 677 785 706 Unus
806 663 820 708 a
841 663 992 710 nobis'c're-

202 711 275 739 ditur
288 714 355 747 ipse,
369 715 446 749 juxta
458 718 518 746 ﬁdei
531 719 717 751 deﬁnitionem
727 733 741 752 a
756 727 856 754 sanctis
866 727 990 758 Patribus

201 756 227 782 in
244 757 347 792 Spiritu
369 768 464 790 sancto
483 763 580 792 Nicaeae
594 770 768 804 congregatis
780 772 889 806 editam,
911 774 990 803 Jcsus

200 801 338 836 Christus,
360 807 526 842 unigenitum
551 811 680 847 Verbum.
708 816 797 845 lumen
821 820 853 847 de
875 821 986 854 lumine.

199 847 271 877 Deus
282 859 361 880 verus
373 853 406 881 dc
422 854 476 883 Deo
490 864 566 886 vero.
587 858 727 897 Vclimque
746 871 794 891 vos
809 867 893 899 probe
906 869 988 902 scire,

199 892 210 902 .

683 892 691 897 .
809 892 815 899 .
847 892 988 902 vri—nu»,

195 892 260 921 Iesu
274 905 372 925 nomen
390 908 443 928 non
463 903 495 930 de
510 904 598 932 divina
613 911 800 938 tantummodo
814 908 908 940 natura
923 916 988 948 dici,

196 941 243 989 sed
261 941 293 968 de
313 943 455 973 incantato
474 947 538 981 Deo,
556 951 600 984 qui
617 958 659 980 est
679 953 758 984 Jesus
774 957 907 986 Christus.
927 941 985 989 Alia

196 985 310 1018 plurima
325 995 387 1017 sunt
402 991 427 1017 in
444 993 544 1022 divinis
561 996 720 1033 Scripturis,
740 1009 800 1036 qua:
814 985 909 1040 dogma
924 1014 987 1041 prn-

197 1030 238 1041 [κν
253 1037 258 1041 ι
336 1034 341 1041 ¹
522 1039 527 1041 ⁸

197 1030 278 1065 haut;
294 1034 341 1060 sed
359 1043 407 1063 nos
421 1044 506 1071 pauca
522 1039 578 1068 haec
597 1045 678 1070 verba
691 1046 765 1074 vobis
782 1030 940 1084 obtulimus:
958 1057 987 1080 ιιι

195 1081 369 1112 cognoscatis
384 1091 436 1111 nos
446 1085 633 1122 inculpabiles,
648 1097 709 1118 cum
726 1093 812 1128 ipsum
826 1097 987 1126 couﬁtemttr

195 1130 275 1150 unam
295 1134 355 1154 esse
382 1129 559 1167 hypOstasim,
580 1134 605 1163 id
621 1141 662 1164 est
681 1145 761 1166 ttnatn
777 1140 879 1170 Christi
905 1148 985 1171 natu-

193 1179 262 1199 ram.
275 1173 341 1202 Nam
358 1177 390 1204 de
406 1183 505 1207 cmtero
521 1181 622 1211 scimus
637 1190 663 1212 et
675 1187 821 1223 credimus,
833 1198 866 1218 ex
880 1191 984 1221 duabus

193 1217 281 1251 ipsum
296 1228 358 1249 esse
379 1223 531 1258 inconfuse,
555 1228 680 1264 indivise,
711 1233 926 1271 immutabiliter,
943 1239 985 1266 in-

191 1266 415 1297 convertibiliter.
442 1270 519 1300 Hunc
543 1275 680 1304 credimus
693 1283 770 1307 vetus
789 1280 878 1310 fmdus
905 1291 982 1312 com-

192 1310 318 1344 plevisse,
334 1314 418 1349 ’jnxta
445 1319 638 1353 propltetarum
663 1324 803 1354 vaticinia.
833 1328 904 1356 ldem
921 1338 982 1358 cor-

192 1364 257 1390 pore
272 1359 453 1390 circumcisus
468 1370 521 1398 est,
550 1369 622 1403 quod
637 1375 730 1399 nostro
753 1373 842 1402 simile
858 1377 981 1405 circum-

192 1402 294 1431 furebat
308 1409 429 1441 passioni
446 1402 590 1441 obnoxium
610 1418 725 1445 tnortale
738 1422 765 1446 et
776 1424 954 1457 corruptibilc
972 1433 979 1451 :

192 1457 345 1486 quanquam
367 1462 461 1484 revera
480 1466 532 1486 non
553 1460 616 1489 sivit
638 1470 749 1492 carnem
772 1474 848 1494 suam
863 1471 981 1504 experiri

189 1498 404 1532 corruptionem.
423 1501 523 1532 Eadem
539 1506 566 1534 in
591 1515 674 1537 carne
697 1511 840 1547 jejtmavit,
864 1498 981 1545 tentato-

190 1550 246 1570 rcm
262 1548 411 1583 superavit,
423 1549 553 1579 miracula
568 1553 734 1592 virtutesque
746 1561 874 1593 patravit,
883 1569 981 1596 passus

189 1595 242 1622 est,
259 1593 425 1628 crnccﬁxus,
455 1603 588 1632 mortuus,
605 1603 737 1637 sepultus,
764 1607 842 1633 tertia
865 1608 981 1644 denique

189 1636 232 1664 die
250 1641 408 1669 resurrexit.

224 1736 291 1769 Quia
306 1747 371 1767 vero
386 1743 505 1771 nonnulli
521 1752 536 1771 a
549 1746 626 1774 nobis
641 1748 807 1784 existimant,
822 1751 978 1782 Passioncm

187 1783 320 1813 divinitati
338 1788 456 1822 obtrudi,
476 1792 547 1825 quod
564 1793 634 1821 alisit
658 1802 686 1822 ιιι
704 1805 821 1831 unquam
839 1799 977 1836 dicamus;

186 1830 229 1855 aio
247 1836 327 1864 'nos,
357 1839 437 1869 prout
465 1837 564 1866 divina:
593 1839 741 1875 Scriptura:
764 1844 863 1877 solent,
888 1847 978 1874 dicere

188 1876 271 1904 licum
290 1886 397 1912 passum
413 1886 440 1908 et
455 1889 603 1918 mortttttm,
624 1887 702 1914 sicuti
724 1893 751 1915 et
777 1889 878 1918 Paulus
894 1897 978 1920 testa-

185 1926 238 1955 tur,
265 1925 311 1952 sed
340 1927 365 1953 itt
383 1935 464 1955 carne
488 1930 623 1964 humana;
639 1935 722 1961 veluti
744 1941 854 1964 sanctus
869 1946 976 1974 quoque

184 1967 301 1997 Basilius
319 1972 463 2007 Cappadox
483 1977 520 2002 ait
535 1985 542 2004 :
568 1976 653 2006 Siculi
686 1975 786 2008 ferrum
803 1982 855 2016 igni
871 1985 974 2019 unittlr,

184 2015 247 2048 quin
262 2020 352 2044 tamen
374 2019 442 2053 ignis
457 2030 500 2053 ea,
525 2030 586 2057 qua:
602 2024 716 2059 ferrum,
748 2015 876 2061 patiatur.
903 2015 974 2058 Ilur;

183 2069 231 2089 sus
256 2063 336 2091 sicuti
367 2067 457 2094 anima
483 2068 641 2105 incorpore
662 2073 757 2107 recipit
786 2075 973 2105 iulirtnitatum

182 2108 336 2142 passiones,
367 2110 478 2146 famem,
493 2119 620 2149 mortem,
641 2118 706 2152 quin
726 2123 814 2149 tamen
835 2122 924 2150 anima
940 2125 974 2152 ab

181 2153 225 2180 his
241 2155 369 2188 patiatur,
383 2158 444 2192 quia
463 2160 593 2194 spiritalis
606 2168 633 2190 ct
649 2165 863 2201 iucorruptibitis
877 2174 972 2196 natura

1047 226 1161 260 χρόνον
1187 227 1253 261 μεθ’
1277 227 1361 262 ὑμῶν
1388 230 1458 264 ειμι,
1488 229 1538 256 καὶ
1562 231 1618 256 οὐκ
1641 231 1774 264 ἔγνωκάς
1786 242 1837 268 με,

1046 271 1197 305 «PL/turne;
1219 272 1245 299 '0
1259 272 1396 307 ἑωρακὼς
1428 274 1491 307 ἐμὲ,
1507 274 1619 308 ἑώρακε
1639 276 1694 303 τὸν
1708 279 1837 312 Πατέρα.

1047 318 1102 352 (ὶὺχ
1118 319 1158 345 ὅτι
1172 319 1217 345 τὸν
1231 319 1319 353 Λόγον
1339 321 1403 347 ἄνευ
1427 322 1528 355 σαρκὸς
1555 321 1692 358 ἐθεώρουν
1717 325 1742 350 οἱ
1770 326 1837 352 ἀπό-

1047 364 1146 397 στολοι,
1167 365 1234 392 ἀλλὰ
1252 365 1298 392 τὸν
1314 366 1530 402 σεσαρχωμένον
1555 366 1623 394 Θεὸν
1650 368 1688 400 ὡς
1712 369 1760 396 ἕνα
1786 370 1835 397 καὶ

1045 409 1196 444 ἀμέριστον
1209 411 1317 446 ἐδήλου.

1081 455 1142 482 Ἔτι
1155 456 1184 482 δὲ
1201 457 1227 482 οἱ
1255 457 1390 492 ποιμένες
1411 457 1464 484 ὑπὸ
1482 458 1530 485 τοῦ
1552 459 1671 494 ἀγγέλου
1690 462 1836 496 εὐαγγελι-
1861 489 1867 491 ,

1044 501 1153 536 ζόμενοι
1167 503 1266 537 ἤκουον
1281 511 1288 518 '
1302 503 1453 532 Γεννᾶται
1468 504 1541 539 ἡμῖν
1554 506 1689 541 σήμερον
1707 508 1810 543 Σωτήρ
1826 517 1834 525 ο

1043 549 1092 576 καὶ
1106 549 1185 583 ὑμεῖς
1206 551 1374 586 μαρτυρεῖτε
1389 551 1433 577 ὅτι
1453 551 1469 587 ὴ
1487 551 1649 589 ἀνθρωπίνη
1669 553 1753 588 φύσις
1777 555 1835 582 Σω-

1042 597 1095 632 τὴρ
1113 598 1163 624 οὐκ
1186 598 1258 631 ἐστι,
1278 599 1326 626 καὶ
1350 599 1366 634 ἡ
1384 599 1445 626 θεία
1462 603 1544 635 φύσις
1564 602 1630 628 ἄνευ
1652 603 1756 638 σαρκὸς
1782 604 1834 630 οὐκ

1042 645 1197 681 ὲγεννήθη’
1215 645 1310 674 λοιπὸν
1339 646 1387 673 ἕνα
1417 648 1531 682 Σωτῆρα
1558 648 1641 676 αὐτὸν
1667 649 1762 676 καλεῖν
1785 649 1833 676 τὸν

1042 692 1209 727 γεννηθέντα
1236 693 1268 720 ἐκ
1294 693 1345 728 τῆς
1375 694 1527 729 Παρθένου.
1564 695 1634 722 Ἕνα
1665 695 1832 731 πιστεύομεν

1041 738 1125 764 αὐτὸν
1152 739 1225 766 κατὰ
1249 739 1294 766 τὸν
1317 740 1381 775 ὅρον
1405 740 1456 774 τῆς
1481 741 1601 773 πίστεως
1618 741 1664 769 τὸν
1683 743 1834 770 ἐκτεθέντα

1041 784 1094 810 ὑπὸ
1114 784 1168 810 τῶν
1183 785 1212 810 ἐν
1230 785 1300 819 ἁγίῳ
1312 785 1452 819 Πνεύματι
1468 785 1670 820 ἀθροισθέντων
1683 788 1711 814 ὲν
1726 788 1833 824 Νικαῖᾳ

1040 829 1128 863 ἁγίων
1149 829 1281 865 Πατέρων
1295 837 1302 844 ·
1326 830 1429 864 Ἰησοῦς
1442 831 1560 866 Χριστὸς
1570 833 1720 868 μονογενὴς
1731 833 1830 867 Λόγος,

1043 875 1101 908 φῶς
1120 876 1153 902 ὲκ
1169 875 1270 909 φωτὸς,
1297 876 1365 908 Θεὸς
1389 876 1517 913 ἀληθινὸς
1545 878 1576 904 ἐκ
1600 878 1667 905 Θεοῦ
1686 879 1829 913 ἀληθινοῦ.

1043 922 1098 947 Καὶ
1112 922 1202 952 καλῶς
1217 922 1367 956 γινώσκετε
1381 923 1422 950 ὃτι
1437 923 1468 950 τὸ
1492 923 1597 959 Ἰησοῦς
1615 924 1701 959 ὄνομα
1716 925 1766 952 οὐκ
1782 925 1831 952 ἐπὶ

1039 966 1072 1000 τῇ
1088 965 1148 1000 θείᾳ
1163 966 1244 1000 φύσει
1259 966 1326 1001 μόνῃ
1351 967 1533 1001 ὁμολογεῖται,
1548 967 1608 995 ἀλλ’
1626 969 1672 995 ἐπὶ
1696 969 1763 995 Θεὸν
1787 978 1831 996 σε-

1041 1011 1231 1046 σαρκωμένον,
1250 1011 1280 1043 ὂς
1295 1012 1370 1038 ἐστιν
1385 1013 1490 1047 Ἰησοῦς
1510 1013 1638 1049 Χριστός.
1665 1015 1720 1041 Καὶ
1745 1015 1830 1050 ἕτερα

1039 1057 1157 1084 πλεῖστά
1175 1058 1245 1084 εἰσιν
1261 1058 1291 1084 ὲν
1306 1059 1367 1090 ταῖς
1380 1058 1468 1090 θείαις
1484 1059 1607 1094 Γραφαῖς
1621 1060 1701 1088 τοῦτο
1713 1061 1829 1097 δηλοῦν-

1038 1111 1091 1129 τα·
1108 1102 1197 1129 ταῦτα
1224 1103 1259 1130 τὰ
1284 1103 1414 1138 όλιγοστὰ
1441 1105 1552 1140 ῥήματα
1574 1107 1732 1142 ἠνέγκαμεν
1750 1108 1828 1143 ὑμῖν,

1039 1149 1110 1184 προς
1146 1149 1177 1176 τὸ
1205 1150 1308 1183 γνῶναι
1332 1151 1374 1177 ὃτι
1400 1150 1485 1178 ἀθῶοι
1514 1153 1598 1187 ἐσμεν
1630 1153 1828 1187 ὁμολογοῦντες

1037 1196 1119 1224 αὐτὺν
1137 1196 1202 1231 μίαν
1218 1196 1380 1229 ὑπόστασιν,
1395 1198 1479 1233 ἦγουν
1498 1198 1564 1233 μίαν
1579 1199 1673 1233 φύσιν,
1693 1199 1739 1226 τὸν
1759 1201 1828 1236 Χρι-

1038 1241 1112 1268 στόν.
1139 1241 1194 1269 Καὶ
1218 1242 1273 1278 γὰρ
1289 1242 1462 1279 γινώσκομεν
1477 1243 1524 1271 καὶ
1544 1245 1713 1280 πιστεύομεν
1728 1247 1769 1273 ὃτι
1792 1248 1826 1273 ἐκ

1035 1287 1082 1314 δύο
1104 1288 1180 1315 ἐστὶν
1206 1288 1371 1324 ἀσυγχύτως
1388 1290 1437 1317 καὶ
1455 1290 1615 1326 ἀμερίστως
1645 1292 1694 1318 καὶ
1718 1292 1826 1327 ἀμετα-

1035 1335 1143 1370 6λήτως
1157 1336 1204 1362 καὶ
1217 1336 1445 1372 ἀμετατρέπτως.
1467 1337 1569 1364 Τοῦτον
1590 1338 1757 1373 πιστεύομεν
1773 1338 1826 1374 τὴν

1035 1382 1157 1409 παλαιὰν
1182 1383 1397 1418 πεπληρωκέναι
1422 1383 1494 1410 κατὰ
1510 1384 1561 1416 τὰς
1583 1385 1753 1421 προρρήσεις
1768 1385 1827 1412 τῶν

1035 1426 1197 1462 προφητῶν,
1215 1428 1262 1454 καὶ
1286 1427 1458 1463 περιετμήθη
1481 1428 1520 1463 τῷ
1539 1427 1660 1464 σώματι,
1689 1428 1724 1465 Ῐό]
1752 1429 1826 1456 καθὰ

1033 1474 1082 1501 καὶ
1105 1474 1138 1501 τὸ
1161 1474 1300 1510 ἡμέτερον
1330 1474 1455 1510 παθητὸν
1495 1475 1592 1510 θνητὸν
1627 1476 1675 1502 καὶ
1702 1475 1827 1511 φθαρτὸν

1033 1521 1128 1556 ἐφόρει
1148 1528 1154 1535 ’
1173 1522 1220 1548 καὶ
1249 1521 1305 1547 οὐδ’
1332 1521 1500 1555 ἐγκατέλιπε
1525 1522 1576 1558 τὴν
1604 1521 1702 1548 ἑαυτοῦ
1730 1522 1825 1558 σάρκα

1034 1566 1098 1594 ἰδεῖν
1112 1566 1264 1603 διαφθοράν
1281 1575 1287 1583 ·
1306 1567 1353 1594 καὶ
1369 1568 1399 1594 ὲν
1422 1568 1491 1603 αὐτῇ
1509 1569 1542 1604 τῇ
1559 1568 1642 1603 σαρκὶ
1669 1567 1825 1603 νηστεύσας

1032 1615 1079 1640 καὶ
1097 1614 1257 1650 πειρασθεὶς
1279 1615 1326 1642 καὶ
1343 1616 1459 1650 νικήσας
1484 1615 1596 1642 ἐτέλεσε
1613 1615 1745 1650 θαύματα
1771 1616 1822 1642 καὶ

1030 1660 1173 1695 δυνάμεις,
1185 1661 1233 1687 καὶ
1247 1660 1359 1694 ἔπαθεν,
1371 1661 1545 1697 ἐσταυρώθη,
1559 1661 1706 1695 ἀπέθανεν,
1719 1661 1823 1697 ἐτάφη,

1030 1705 1077 1732 καὶ
1092 1705 1191 1741 ἀνέστη
1212 1706 1275 1740 τριή
1281 1715 1313 1740 με
1319 1714 1376 1741 ρος.

1072 1752 1149 1778 Ἐπεὶ
1159 1752 1187 1778 δὲ
1199 1750 1250 1779 ὧδέ
1264 1761 1338 1784 τινες
1353 1753 1415 1780 καθ’
1426 1753 1506 1788 ἡμῶν
1518 1753 1761 1788 ὑπολαμϐάνουσιν
1777 1753 1821 1780 ὅτι

1029 1798 1116 1829 πάθος
1141 1799 1174 1834 τῇ
1200 1798 1308 1834 θεότητι
1332 1799 1526 1835 προσάγομεν,
1549 1800 1619 1835 ὅπερ
1647 1799 1684 1834 μὴ
1710 1799 1820 1834 γένοιτο

1028 1844 1096 1877 ἡμῖν
1125 1842 1234 1877 λέγεινι
1262 1843 1322 1870 ἀλλ’
1353 1843 1448 1878 ὥσπερ
1477 1845 1524 1871 καὶ
1543 1845 1570 1871 αἱ
1597 1844 1667 1871 θεῖαι
1695 1845 1820 1879 Γραφαὶ,

1027 1888 1099 1915 οὕτω
1113 1889 1241 1924 λέγομεν,
1258 1890 1301 1917 ὅτι
1316 1890 1401 1917 ἔπαθε
1423 1890 1490 1922 Θεὸς
1504 1891 1551 1918 καὶ
1571 1890 1717 1923 ἀπέθανεν,
1743 1891 1820 1917 καθὰ

1027 1934 1075 1960 καὶ
1105 1934 1212 1966 Παῦλος
1248 1937 1394 1971 μαρτυρεῖ,
1427 1936 1486 1962 ἀλλ’
1518 1937 1547 1963 ὲν
1583 1938 1616 1972 τῇ
1650 1936 1814 1972 ἀνθρωπίνῃ

1027 1981 1121 2016 σαρκὶ,
1142 1981 1214 2008 καθά
1229 1991 1295 2015 φησι
1313 1983 1360 2008 καὶ
1388 1983 1402 2009 6
1423 1983 1502 2016 ἆγιος
1528 1982 1670 2014 Βασίλειος
1695 1983 1819 2009 Καππα-

1026 2026 1129 2058 δοκίας,
1146 2036 1155 2052 ι
1177 2026 1276 2059 Καθὼς
1288 2028 1302 2053 ὁ
1313 2027 1435 2063 σίδηρος,
1447 2027 1547 2061 λέγων,
1559 2027 1599 2062 τῷ
1614 2028 1681 2063 πυρὶ
1692 2028 1816 2060 ἑνοῦται,

1026 2072 1074 2098 καὶ
1090 2072 1120 2098 οὺ
1135 2072 1166 2098 τὸ
1183 2072 1239 2108 πῦρ
1256 2073 1359 2109 πάσχει
1386 2073 1436 2100 ὅσα
1466 2074 1513 2100 καὶ
1535 2074 1659 2109 σίδηρος.
1672 2083 1681 2099 ι
1707 2073 1816 2106 Ἀλλως

1024 2127 1054 2144 τε
1085 2118 1156 2146 καθὰ
1183 2119 1258 2155 ψυχὴ
1277 2119 1308 2147 ὲν
1330 2119 1438 2154 σώματι
1465 2119 1574 2155 δέχεται
1599 2121 1635 2146 τὰ
1660 2119 1734 2155 πάθη
1757 2119 1815 2147 τῶν

1024 2165 1187 2198 ἀσθενειῶν,
1203 2165 1250 2192 τὸν
1266 2165 1357 2201 λιμὸν,
1375 2167 1423 2193 καὶ
1441 2166 1488 2193 τὸν
1503 2166 1631 2200 θάνατον,
1650 2166 1697 2192 καὶ
1718 2166 1815 2193 οὐκέτι

180 2205 244 2234 est;
267 2201 307 2232 sic
332 2211 392 2231 cum
409 2204 493 2234 Paulo
510 2206 626 2236 fatemur
654 2210 737 2246 Deum
768 2219 880 2242 mortem
905 2224 971 2250 gns-

1034 2211 1040 2245 ᾖ
1058 2211 1134 2248 ψυχὴ
1148 2211 1181 2238 ὲκ
1195 2211 1301 2239 τούτων
1320 2212 1434 2248 πάσχει,
1455 2213 1522 2240 διότι
1538 2212 1712 2248 πνευματικὴ
1729 2212 1814 2246 φύσις

180 2251 264 2282 Iasse,
283 2249 348 2284 quin
374 2251 433 2286 ejus
449 2253 577 2283 divinitas
609 2257 757 2292 quidquam
775 2267 853 2294 passa
881 2249 970 2289 fuerit.

179 2292 264 2321 Porro
279 2295 379 2324 sufﬁcit
404 2299 482 2326 nobis
497 2301 585 2336 magni
611 2302 694 2338 hujus
717 2305 767 2332 viri
776 2292 970 2335 testimonium

177 2338 254 2374 (quin
270 2341 347 2376 plura
362 2346 526 2381 scrutemur)
547 2347 592 2382 qui
620 2355 708 2384 usque
725 2349 757 2376 ad
789 2351 898 2378 tertium
913 2360 971 2381 cce-

177 2385 243 2420 lum,
260 2391 288 2414 ttt
303 2394 405 2424 narrat,
426 2392 548 2421 sublatus
571 2395 675 2422 audivit
701 2395 861 2425 ineﬁ'abilia.
882 2397 970 2426 Simul

176 2434 383 2464 meminimusa
413 2443 508 2466 sancto
536 2439 619 2468 Paulo
639 2448 812 2470 communem
841 2449 965 2472 naturam

175 2480 305 2514 appellari
320 2487 346 2509 et
364 2485 522 2518 propriam:
538 2488 646 2522 propria
670 2496 734 2516 vero
765 2495 863 2518 natura
881 2491 968 2527 hypo-

175 2527 271 2553 stasitn
286 2528 432 2563 signiﬁcat.
452 2531 627 2567 Nequaquam
649 2534 731 2570 igitur
743 2535 869 2572 dicimus,
880 2537 964 2566 Deum

174 2574 314 2601 communi
341 2581 437 2604 natura
463 2579 568 2606 unitum
597 2588 659 2608 esse
687 2582 812 2610 humanm
849 2588 963 2613 naturas.

175 2618 252 2649 Quod
276 2621 327 2648 nisi
357 2622 392 2649 ita
419 2623 475 2657 sit,
505 2630 560 2653 tota
585 2627 706 2656 Trinitas
728 2629 775 2656 toti
800 2630 963 2659 humanitati

174 2663 248 2690 unita
282 2665 394 2700 fuisset;
420 2677 481 2696 cum
505 2677 600 2699 contra
635 2681 730 2709 reapse
747 2674 772 2701 in
789 2676 896 2710 propria
913 2685 962 2703 na-

175 2712 234 2736 tura
259 2710 379 2740 Verbum
397 2715 567 2750 hypostatice
591 2720 669 2747 carni
686 2721 792 2748 unitum
813 2721 908 2750 fuerit.
931 2722 963 2750 Et

174 2761 223 2782 vos
252 2764 371 2793 quoque,
389 2761 427 2788 uti
449 2770 478 2790 se
509 2771 552 2792 res
571 2765 662 2798 habet,
690 2774 722 2794 cx
749 2767 853 2797 duabus
882 2777 961 2797 unam

215 2834 239 2850 “
258 2834 336 2864 Joan.
357 2845 413 2873 xtv,
432 2839 459 2866 9.
499 2840 520 2855 "
541 2841 598 2870 Luc
624 2851 655 2878 ιι,
675 2844 716 2872 ll.

1020 2257 1079 2284 ἐστὶ
1093 2258 1140 2284 καὶ
1156 2258 1305 2294 ἄφθαρτος,
1323 2258 1396 2286 οὕτω
1412 2259 1482 2294 μετὰ
1498 2259 1604 2286 Παύλου
1622 2259 1812 2293 ὁμολογοῦμεν

1020 2304 1061 2330 ὅτι
1089 2303 1156 2335 Θεὸς
1181 2305 1316 2336 ἐγεύσατο
1336 2304 1465 2333 θανάτου.
1492 2304 1555 2340 μηδ’
1571 2304 1641 2336 ὅλως
1666 2303 1812 2337 παθούσης

1019 2350 1069 2384 τῆς
1098 2350 1184 2377 αὑτοῦ
1213 2350 1353 2386 θεότητος.
1377 2351 1482 2384 Ἱκανὸς
1505 2352 1572 2388 ἡμῖν
1594 2353 1670 2378 ἐστιν
1696 2349 1774 2383 οὗτος
1795 2352 1825 2378 ὁ-

1022 2396 1110 2431 μέγας
1123 2396 1163 2429 εἰς
1184 2398 1350 2433 μαρτυρίαν,
1376 2398 1391 2424 6
1415 2398 1462 2425 καὶ
1491 2398 1544 2429 ἕως
1567 2398 1661 2433 τρίτου
1688 2397 1809 2433 οὐρανοῦ

1021 2443 1136 2476 ἀναϐὰς,
1162 2445 1265 2472 καὶτὰ
1283 2445 1392 2481 ἄρρητα
1417 2445 1539 2476 ἀκούσας
1566 2445 1614 2471 τοῦ
1640 2445 1740 2476 εἰπεῖν,
1767 2443 1808 2476 ὡς

1020 2491 1127 2526 εἴρηκε,
1150 2491 1198 2518 καὶ
1215 2491 1298 2519 πλέον
1313 2491 1352 2527 μὴ
1368 2492 1494 2528 ὲρευνᾷν.
1509 2492 1561 2518 Σὺν
1578 2491 1684 2523 τούτοις
1704 2491 1809 2524 ὑπομι-

1021 2539 1182 2574 μνήσκομεν
1217 2539 1259 2566 ὅτι
1285 2540 1300 2566 6
1329 2539 1408 2574 ἅγιος
1443 2539 1551 2571 Παῦλος
1593 2539 1688 2574 κοινὴν
1722 2538 1807 2573 φύσιν

1019 2585 1110 2622 [φησὶ]
1138 2586 1187 2613 καὶ
1211 2586 1300 2621 ιδικήν
1314 2594 1321 2601 ·
1339 2586 1386 2613 καὶ
1402 2585 1472 2620 ῑδικὴ
1494 2586 1545 2621 μὲν
1564 2585 1647 2620 φύσις
1664 2585 1715 2620 τὴν
1736 2584 1807 2611 ὑπό-

1017 2641 1113 2659 στασιν
1141 2632 1226 2667 δηλοῖ.
1250 2632 1351 2659 Οὐκέτι
1379 2630 1427 2659 οὖν
1452 2632 1569 2667 λέγομεν
1596 2633 1639 2659 ὅτι
1662 2632 1696 2667 τῇ
1723 2633 1804 2667 κοινῇ

1016 2678 1097 2713 φύσει
1117 2678 1209 2714 ὴνώθη
1236 2679 1250 2705 ὁ
1274 2677 1342 2709 Θεὸς
1363 2679 1395 2714 τῇ
1424 2678 1583 2713 ἀνθρωπίνῃ
1608 2677 1700 2712 φύσει.
1729 2676 1760 2702 Et
1780 2676 1804 2703 δ’

1015 2724 1046 2750 οὐ
1065 2723 1210 2760 μὴοῦτως,
1226 2724 1405 2759 εὑρεθήσεται
1419 2723 1458 2755 ὡς
1471 2724 1513 2750 ὅτι
1527 2723 1585 2775 ὄλη-
1597 2723 1612 2758 ἡ
1628 2722 1701 2775 όιγῖα¹
1715 2721 1804 2775 Τριὰς

1016 2769 1064 2807 ὅλῃ
1091 2771 1124 2806 τῇ
1151 2770 1346 2807 ἀνθρωπότητι
1372 2769 1463 2806 ήνώθη
1478 2777 1487 2786 '
1501 2770 1559 2796 ἀλλ’
1577 2769 1606 2796 ἐν
1632 2768 1703 2804 ἱδικῇ
1722 2768 1805 2804 φύσει
