1942 3081
159 119 213 151 285

844 129 1075 162 DISPUTATIO
1095 134 1137 166 ΙΙ.

1744 138 1797 171 286

160 175 356 225 ῦποστατικίῦς
371 176 472 225 μήνώθη
493 179 507 204 ὁ
526 179 613 214 Λόγος
627 181 660 216 τῇ
678 182 771 218 σαρκί,
788 183 844 211 Καί
862 184 937 219 ὑμεῖς

989 185 1172 220 ιΙιγροειίιεὶιη
1202 192 1230 216 et
1256 197 1336 218 unam
1362 197 1506 225 personam
1529 190 1630 219 Christi
1660 191 1795 222 fatemini.

160 221 198 252 ὡς
215 223 262 248 καὶ
280 224 296 258 ἡ
312 223 428 259 ἀλήθεια
445 225 514 260 ἔχει,
533 227 564 253 ἐκ
589 227 636 254 δύο
657 228 722 263 μίαν
739 229 892 258 ὑπόστασιν
905 232 953 259 καὶ

160 267 190 294 ἓν
209 269 359 302 πρόσωπον
372 271 531 305 ὁμολογεῖτε
546 273 591 300 τὸν
608 275 738 309 Χριστόν.
766 276 799 303 Ἠ
813 277 882 313 αὑτὴ
905 277 953 305 οὖν

159 313 312 347 ὑπόστασις
350 316 417 343 ἄνευ
440 318 528 352 Λόγου
558 320 629 355 ἰδικὴ
653 321 736 355 φύσις
759 323 829 350 ἐστί.
850 324 952 352 Λοιπὸν

158 360 258 393 γνώτω
289 362 306 397 ἡ
340 363 524 399 μεγαλειότης
539 365 628 400 ὑμῶν,
643 367 688 394 ’ὅτι
712 369 801 404 μάτην
816 370 890 405 ἡμᾶς
906 381 952 406 μι‹

157 406 254 433 σοῦσιν
267 408 293 434 οἱ
310 409 458 444 μισοῦντες
470 419 478 427 ’
491 411 520 437 ἒν
532 412 587 446 γὰρ
602 412 633 440 τὸ
647 416 801 450 μυστήριόν
818 417 877 444 ἐστι
901 418 951 453 τῆς

157 453 279 486 πίστεως
301 455 332 481 τὸ
354 456 536 492 οἰκοδομηθὲν
549 459 594 486 ἐπὶ
612 460 650 495 τῷ
666 461 785 499 θεμελίῳ
807 464 862 491 τῶν
881 465 950 492 ἀπο-

156 499 272 548 στόλωψ
286 501 335 528 ἕνα
348 503 537 539 ὁμολογοῦμεν
553 505 599 532 τὸν
614 507 741 542 Χριστὸν,
756 509 785 536 ὲν
801 511 834 546 τῇ
852 512 950 548 συλλή-

155 544 217 579 ψει,
239 546 268 572 ἐν
288 548 428 583 γεννήσει,
451 550 480 576 ἑν
495 552 653 587 ἀνατροφῆ,
680 555 710 580 ἑν
736 544 893 584 πάθει-καὶ
920 544 948 585 έν

156 592 269 639 σταυρῷ
297 594 345 620 καὶ
371 596 444 631 ταφῇ
471 597 520 623 καὶ
547 597 697 626 ἀναστάσει
722 601 769 628 καὶ¹
790 603 947 639 ἀναλήψει·

153 638 252 666 τοῦτον
269 640 429 674 ἐλπίζοντες
446 643 536 670 ἐλθεῖν
551 645 580 671 ἐν
603 642 626 680 ᾧ
649 646 746 674 ἔλαϐεν
767 649 875 684 σώματι
899 651 947 678 τοῦ

153 687 248 721 κρῖναι
261 687 369 719 ζῶντας
384 691 432 716 καὶ
445 691 564 727 νεκρούς
579 700 585 707 ·
601 694 697 721 τοῦτον
717 695 763 722 τὸν
775 697 838 732 ὅρον
851 698 947 731 ἐδεξά-

155 731 228 766 μεθα
244 733 273 766 ἐξ
290 734 483 763 άποστολικῶν
501 738 613 772 χειρῶν,
631 740 679 766 καὶ
694 731 880 776 βεσαιωθέντα
892 744 946 771 ὑπὸ

153 779 212 806 τῶν
226 781 313 816 τριῶν
328 781 415 816 ἁγίων
430 783 586 812 καθολικῶν
604 787 733 814 συνόδων.

1007 233 1077 267 Ergo
1093 233 1149 268 ipsa
1165 235 1320 270 hypostasis
1335 237 1438 272 absque
1462 237 1564 270 Verbo,
1575 238 1684 272 propria
1697 243 1793 266 natura

1004 283 1055 305 est.
1079 279 1116 307 De
1132 285 1231 309 cetero
1255 282 1323 309 sciat
1349 283 1507 317 magnitudo
1524 286 1625 315 vestra,
1656 283 1793 311 immerito

1003 333 1052 352 nos
1070 327 1104 353 ab
1116 327 1272 355 odientibns
1298 329 1361 355 odio
1391 329 1483 356 haberi
1501 337 1507 355 :
1528 337 1610 356 unum
1637 330 1736 363 quippe
1750 334 1793 356 est

1004 371 1064 398 ﬁdei
1080 373 1253 406 mysterium,
1271 373 1334 400 illud
1352 374 1457 402 scilicet
1469 374 1542 409 quod
1569 381 1651 408 Super
1681 379 1793 409 apostoo

1003 416 1090 444 lorum
1106 417 1282 446 fundamento
1303 418 1466 446 aediﬁcatum
1489 423 1550 446 est:
1573 426 1655 446 unum
1675 419 1790 446 couiile-

1002 471 1063 490 mur
1091 464 1230 492 Christum
1259 466 1284 492 in
1308 465 1502 500 Conceptione,
1526 465 1552 492 in
1576 464 1734 497 Nativitatc,
1761 465 1789 492 in

1000 508 1164 543 Nutritione,
1193 510 1219 538 in
1250 510 1390 544 I’assione,
1410 512 1435 538 in
1461 511 1565 543 Cruce,
1587 511 1613 538 in
1632 510 1788 546 Scpnltura,

1000 555 1027 584 in
1042 555 1251 584 Resnrrectione
1273 561 1355 592 atque
1382 557 1550 584 Ascensione
1576 564 1584 583 :
1614 562 1695 592 atque
1717 557 1790 584 hunc

999 606 1154 636 venturum,
1181 605 1207 630 in
1236 611 1269 631 eo
1280 604 1352 638 quod
1370 603 1487 638 sumpsit
1501 610 1628 638 corpore,
1646 610 1789 638 speramus

1000 649 1032 676 ad
1047 649 1210 683 iudicandos
1226 650 1302 678 vivos
1326 658 1358 678 ac
1373 656 1504 683 mortuos,
1521 649 1579 677 lloc
1594 651 1691 684 dogma
1708 657 1788 678 acce-

998 695 1087 730 pimus
1106 695 1140 722 ab
1157 696 1313 730 apostolicis
1334 696 1471 728 manibus,
1488 704 1501 722 a
1515 696 1601 723 tribus
1615 696 1713 723 deinde
1725 703 1788 723 san-

998 741 1049 768 ctis
1063 741 1262 770 universalibus
1275 742 1387 778 synodis
1407 742 1609 770 conﬁrmatum.

188 828 245 886 Ναὶ.
265 828 319 864 μὴν
334 830 382 857 καὶ
399 831 446 857 τὸν
459 831 543 867 νόμον
559 833 607 860 καὶ
624 834 674 865 τὰς
693 835 786 868 τάξεις
804 836 937 872 ἔμάθομεπ

1033 839 1133 876 Utique
1158 841 1240 868 ctiam
1266 841 1352 876 legem
1369 841 1548 876 ordinemque
1565 841 1709 870 didicimus
1732 840 1786 868 Do-

149 873 208 900 τῶν
225 875 403 907 Δεσποτικῶν
416 877 530 912 ἑορτῶν,
557 881 607 914 τῆς
631 881 752 916 Χριστοῦ
774 884 941 917 γεννήσεως,

148 921 200 955 τῆς
223 920 391 957 Περιτομῆς,
414 922 470 950 τῶν
494 924 604 958 Φώτων,
623 926 672 962 τὴν
698 927 870 964 Σταύρωσιν.
891 929 941 964 τὴν

155 965 338 1001 ’Λνάστασιν,
356 970 406 1004 τὴν
428 970 586 1006 ’Λνὰληψιν,
601 972 650 1008 τὴν
666 973 874 1010 Πεντηκοστὴν,
891 977 943 1012 τὴν

149 1014 388 1050 Μεταμόρφωσιν,
414 1016 464 1052 τὴν
485 1018 533 1044 τοῦ
549 1019 643 1054 τιμίου
663 1020 783 1055 σταυροῦ
803 1021 940 1056 ’Υψωσιν,

148 1060 199 1096 τὴν
214 1061 265 1095 τῆς
281 1061 412 1089 Θεοτόκου
427 1063 570 1100 Γέννησιν,
587 1067 636 1101 τῆς
649 1065 784 1094 Θεοτόκου
806 1069 855 1104 τὴν
874 1070 941 1096 Κοί-

149 1116 248 1143 μησιν,
267 1109 314 1135 καὶ
335 1109 386 1142 τὰς
408 1110 464 1137 τῶν
487 1111 575 1146 ἁγίων
599 1113 769 1147 ἀποστόλων,
795 1115 876 1142 ἔτιδὲ
893 1117 940 1144 καὶ

147 1154 200 1186 τὰς
228 1155 283 1181 τῶν
310 1156 460 1192 μαρτύρων
487 1157 608 1193 ἑκάστην
634 1159 663 1185 ἐν
689 1160 779 1195 καιρῷ
803 1160 861 1197 ἰδίῳ
879 1161 940 1197 μεθ’

148 1199 229 1234 ὑμῶν
244 1200 388 1235 τελοῦμεν,
409 1203 520 1237 καὶτῆς
538 1205 753 1241 μυστικωτάτης
769 1206 868 1239 θυσίας
885 1208 940 1235 τῶν

146 1247 235 1281 ἁγίων
251 1248 403 1283 παράδοσιν
419 1249 471 1284 τῆς
484 1250 514 1282 ἐξ
529 1250 613 1286 ἄρτου
631 1252 680 1278 καὶ
699 1252 772 1280 οἴνου
787 1254 837 1280 σὺν
862 1253 940 1282 ὕδατι

144 1294 282 1329 τιμῶμεν,
299 1295 330 1321 τὸ
344 1297 534 1331 προσκυνητὺν
550 1298 703 1333 μυστήριον
721 1298 771 1334 τῆς
786 1300 867 1334 ἡμῶν
884 1309 938 1327 σω-

144 1340 256 1374 τηρίας.
288 1341 344 1368 Καὶ
370 1342 461 1368 πάντα
487 1343 534 1369 τὸν
551 1343 736 1378 ὁμολογοῦντα
760 1346 801 1371 ὅτι
831 1346 938 1381 Ἰησοῦς

145 1387 214 1419 Sed;
232 1388 292 1415 ἐστι
312 1389 361 1415 καὶ
387 1389 453 1421 Υίος
477 1389 558 1423 Θεοῦ,
585 1391 634 1418 καὶ
663 1392 869 1427 προσκυνοῦντα
892 1393 937 1420 τὸν

145 1434 238 1469 τίμιον
263 1435 392 1470 σταυρὸν,
412 1436 507 1464 τοῦτον
524 1438 689 1473 Χριστιανὸν
704 1438 878 1474 γινώσκομεν
889 1441 936 1467 καὶ

144 1481 348 1516 ἀποδεχόμεθα.
364 1482 420 1509 Καὶ
432 1483 492 1510 οὐδέ
508 1491 570 1510 τινα
585 1484 639 1510 τῶν
654 1485 934 1521 Χριστιανικωτάτων
947 1504 969 1534 c

143 1528 231 1556 ἐθνῶν
252 1529 397 1564 μισοῦμεν,
429 1529 529 1564 μᾶλλον
558 1530 588 1557 δι
618 1531 666 1558 καὶ
694 1532 759 1563 τοὺς
785 1532 933 1567 μισοῦντας

142 1572 218 1607 ἡμᾶς
234 1572 375 1608 ἐλεοῦμεν,
399 1575 448 1601 καὶ
476 1575 548 1610 ὑπὲρ
567 1575 682 1603 ἐκείνων
707 1577 858 1613 εὐχόμεθα.
879 1578 934 1605 Καὶ

141 1618 192 1654 τὴν
213 1619 294 1654 ἁγίαν
310 1620 418 1654 θυσίαν,
434 1622 495 1657 ἥτις
511 1621 570 1649 ἐστὶ
585 1622 648 1655 δόξα
673 1622 721 1650 τοῦ
737 1623 934 1656 ζωοποιοῦντος

140 1665 230 1700 ἡμᾶς,
245 1666 438 1702 προσφέρομεν
454 1667 523 1703 ὑπὲρ
540 1667 648 1696 πάντων
664 1668 719 1696 τῶν
733 1669 848 1697 πιστῶν·
863 1679 933 1698 κατ-

142 1713 245 1749 έχομεν
259 1714 288 1740 δὲ
304 1714 349 1740 καὶ
364 1714 428 1745 τοὺς
443 1715 559 1747 κανόνας
573 1715 628 1742 τῶν
641 1716 727 1750 ἁγίων
761 1717 931 1750 ἀποστόλων,

142 1761 192 1787 καὶ
217 1761 281 1791 τοὺς
307 1760 406 1796 ὀρθοὺς
433 1761 555 1795 θεσμοὺς
582 1761 693 1797 ἔχομεν,
719 1763 767 1789 καὶ
783 1763 861 1796 τάξιν
884 1763 932 1790 τοῦ

138 1807 230 1832 τελεῖν
245 1806 405 1842 ἱερουργίαν
415 1806 463 1834 τοῦ
479 1807 558 1842 ἁγίου
586 1808 687 1843 μύρου,
709 1808 758 1836 καὶ
785 1809 932 1845 καθιεροῦν

141 1853 294 1886 ἐκκλησίας
312 1852 385 1879 κατά
399 1853 448 1888 τὴν
464 1853 627 1880 ἀκολουθίαν
650 1854 697 1880 καὶ
720 1854 872 1890 ἑρμηνείαν
884 1855 932 1882 τοῦ

139 1899 262 1934 ἀληθοῦς
281 1899 405 1934 μαθητοῦ
422 1900 477 1926 τῶν
492 1899 580 1934 ἁγίων
597 1900 759 1928 ἀποστόλων
778 1901 930 1929 Διονυσίου.

139 1947 196 1973 Καὶ
211 1946 300 1974 ταῦτα
313 1947 402 1973 πάντα
426 1947 454 1974 ἐν
481 1947 577 1983 ἀγάπῃ
593 1947 662 1974 Θεοῦ
689 1948 738 1974 καὶ
765 1948 859 1976 πίστει
885 1948 932 1974 καὶ

139 1993 218 2028 φόῦῳ
235 1993 309 2020 τελεῖ
334 1994 349 2020 ὸ
375 1994 512 2029 ἡμέτερος
543 1992 685 2029 ὀρθόδοξος
713 1994 777 2026 λαὸς
803 1995 858 2022 ἀπὸ
881 1995 931 2030 τῆς

142 2039 268 2074 μεγάλης
292 2040 461 2075 ’Δντιοχείας
484 2040 532 2067 καὶ
556 2040 648 2076 πάσης
677 2041 789 2076 Συρίας,
806 2042 932 2069 Μεσοπο-

138 2086 256 2120 ταμίας,
274 2086 322 2113 καὶ
336 2086 389 2118 ἕως
403 2087 452 2121 τῆς
478 2087 601 2122 μεγάλης
620 2087 751 2123 Περσίας.
773 2088 866 2114 Ταῦτα
883 2089 931 2116 καὶ

996 888 1157 916 minicarum
1173 887 1363 920 festivitatum,
1386 888 1487 916 Christi
1503 888 1652 920 Natalium,
1665 888 1785 915 Circum-

995 934 1123 966 cisionis,
1164 934 1305 969 Baptismi,
1336 934 1489 962 Palmarum
1522 942 1529 961 :
1558 934 1783 965 Crucilixionem,

994 980 1242 1012 Resurrectionem,
1255 980 1460 1012 Ascensionem,
1477 980 1666 1011 Pentecosten,
1681 979 1784 1007 Trans-

993 1027 1358 1063 ﬁgurationemﬂeneranda’
1366 1027 1462 1055 Crucis
1471 1026 1680 1058 Exaltationem,
1688 1026 1784 1061 Deips-

993 1079 1030 1099 τω
1040 1071 1227 1104 Nativitatem,
1239 1071 1362 1106 Deiparaa
1372 1070 1568 1099 Dormitionem
1579 1071 1657 1098 :item
1669 1075 1780 1098 sancto-

992 1110 1052 1144 rum
1065 1117 1254 1152 Apostolorum
1265 1125 1315 1144 nec
1324 1125 1376 1144 non
1388 1121 1542 1144 sanctorum
1549 1117 1697 1151 Martyrum
1721 1116 1780 1143 sin-

991 1162 1052 1198 gula
1066 1161 1132 1190 festa
1147 1170 1196 1190 suo
1216 1167 1336 1197 tempore
1355 1170 1431 1196 aeque
1442 1169 1474 1189 ac
1485 1169 1532 1190 vos
1544 1161 1714 1189 celebramus
1731 1170 1737 1188 :
1753 1166 1781 1188 et

990 1208 1023 1236 de
1037 1207 1224 1236 sacratissimo
1233 1207 1378 1240 sacriﬁcio,
1388 1211 1544 1235 sanctorum
1557 1207 1693 1234 traditioni
1701 1206 1780 1234 obse-

990 1254 1111 1288 quimur,
1127 1257 1156 1280 ut
1178 1253 1225 1280 ﬁat
1242 1260 1274 1280 ex
1299 1260 1369 1289 pane
1385 1253 1451 1280 vino
1469 1256 1495 1280 et
1516 1259 1596 1286 aqua,
1610 1251 1777 1278 adorandum

990 1300 1050 1326 dico
1089 1299 1185 1326 salutis
1209 1303 1311 1326 nostrze
1342 1299 1513 1334 mysterium.
1551 1297 1640 1332 Atque
1670 1304 1777 1324 omnem

989 1346 1136 1379 hominem,
1157 1345 1203 1381 qui
1221 1345 1359 1373 Christum
1376 1345 1460 1372 Deum
1480 1349 1507 1371 et
1523 1344 1569 1371 Dei
1594 1343 1691 1371 Filium
1708 1351 1778 1370 cou-

989 1392 1090 1424 litetur,
1105 1396 1133 1419 et
1147 1392 1328 1419 venerandam
1345 1398 1453 1418 crucem
1476 1391 1582 1424 adorat,
1598 1390 1671 1418 hunc
1681 1389 1777 1418 Chris-

989 1439 1090 1465 tianum
1121 1439 1294 1472 agnoscimus
1313 1442 1340 1466 et
1365 1437 1565 1472 amplectimur.
1591 1435 1684 1472 Neque
1712 1442 1776 1463 vero

988 1485 1106 1520 aliquam
1128 1485 1429 1512 Christianissimarum
1452 1483 1570 1519 gentium
1589 1484 1708 1515 odimus,
1721 1483 1775 1510 imo

986 1532 1077 1566 potius
1122 1531 1167 1566 qui
1195 1538 1244 1558 nos
1267 1531 1330 1558 odio
1354 1530 1454 1557 habent
1484 1530 1656 1562 miseramur,
1677 1533 1705 1556 et
1726 1535 1775 1563 pro

985 1578 1027 1605 his
1057 1584 1180 1609 oramus,
1208 1577 1276 1604 Tum
1303 1580 1331 1603 et
1359 1580 1481 1604 sanctam
1499 1575 1626 1607 hostiam,
1654 1582 1715 1609 quae
1733 1578 1775 1601 est

985 1623 1148 1651 viviﬁcantis
1167 1630 1218 1650 nos
1233 1622 1332 1650 Christi
1350 1622 1447 1657 gloria,
1463 1629 1512 1656 pro
1531 1621 1656 1648 lidelibus
1669 1621 1774 1648 cunctis
1828 1651 1831 1654 _

983 1668 1134 1696 oﬂ'erimus.
1150 1668 1276 1695 Canones
1288 1674 1395 1702 quoque
1412 1671 1569 1694 sanctorum
1587 1666 1772 1701 apostolorum

984 1717 1145 1749 retinemus,
1173 1720 1315 1750 rcctasque
1341 1714 1458 1750 regulas,
1486 1719 1514 1741 et
1534 1714 1658 1741 ordinem
1683 1712 1770 1740 sancti

983 1762 1111 1796 unguenti
1124 1761 1288 1797 peragendi;
1309 1768 1358 1788 nec
1373 1768 1426 1787 non
1446 1759 1577 1787 ecclesias
1592 1757 1769 1786 consecrandi

981 1808 1056 1843 juxta
1086 1808 1167 1835 ritum
1200 1811 1227 1834 et
1250 1807 1502 1842 interpretationem
1529 1806 1586 1832 veri
1613 1809 1772 1833 sanctorum

983 1855 1168 1890 apostolorum
1184 1854 1308 1889 discipuli
1326 1854 1460 1889 Dionysii.
1479 1854 1567 1888 Atque
1592 1854 1650 1881 hac
1679 1853 1771 1881 omnia

982 1909 1043 1929 eum
1074 1900 1119 1928 Dei
1146 1907 1241 1927 amore
1264 1904 1292 1926 et
1321 1899 1374 1927 lide
1399 1906 1432 1926 ac
1463 1899 1559 1925 timore
1589 1897 1654 1925 facit
1679 1902 1772 1925 noster

982 1947 1097 1983 populus
1125 1947 1293 1974 orthodoxus
1318 1953 1332 1972 a
1353 1953 1449 1980 magna
1477 1945 1618 1972 Antiochia
1642 1948 1669 1972 et
1693 1944 1771 1978 Syria

982 2001 1015 2021 ac
1047 1993 1239 2028 Mesopotamia
1268 2000 1354 2027 usque
1389 1993 1423 2020 ad
1458 2000 1584 2027 magnam
1617 1992 1770 2019 Persidem.

982 2040 1046 2068 [iure
1083 2045 1111 2068 et
1139 2040 1190 2067 alia
1228 2040 1352 2074 quaedam
1392 2039 1484 2067 libello
1516 2039 1549 2066 ad
1580 2039 1770 2072 imperatorem

982 2088 1085 2122 scripto
1101 2093 1115 2113 a
1139 2085 1269 2122 Syrorum
1292 2093 1340 2113 seu
1358 2083 1542 2113 Jacobitarum
1568 2084 1687 2120 generali
1703 2091 1770 2111 con-

138 2131 211 2158 ἄλλα
227 2131 290 2158 τινὰ
316 2133 332 2167 ἠ
350 2131 420 2167 πρὸς
433 2132 478 2159 τὸν
496 2133 613 2168 βασιλέα
634 2133 729 2169 Γραφὴ
755 2133 810 2160 τῶν
833 2133 929 2170 Σύρων

989 2133 1146 2162 ,inebanlur.

137 2177 187 2204 τοῦ
205 2177 360 2204 Καθολικοῦ
373 2179 434 2214 ἦτοι
448 2179 616 2207 ’ῐακωὸιτῶν
633 2182 757 2216 περιεῖχε
772 2181 840 2216 (35).

181 2226 226 2256 Ὠς
246 2224 292 2252 οὖν
301 2227 460 2262 ἀνέγνωμεν
476 2226 579 2261 ταύτην
593 2227 642 2263 τὴν
655 2227 759 2254 τούτων
773 2227 931 2263 ὁμολογίαν,

138 2272 217 2299 οῦδὲν
235 2273 264 2298 ὲν
294 2273 363 2308 αὐτῇ
384 2274 435 2300 οὒκ
451 2274 538 2309 ὀρθῶς
556 2274 617 2310 ἔχον
635 2274 752 2310 εὕρομεν
772 2275 932 2310 προφανῶς,

138 2318 211 2355 πλὴν
237 2319 343 2347 τούτου.
373 2320 497 2355 Ἐγραφε
512 2321 568 2356 γάρ
582 2329 589 2336 ⁸
610 2331 620 2348 ‹
637 2321 722 2353 Αὐτὸς
734 2322 748 2347 ὁ
764 2321 830 2349 Θεὸς
847 2321 932 2355 Λόγος

137 2366 396 2401 ἇνθρωποςἾησοῦς
410 2367 537 2404 Χριστὸς,
552 2367 582 2398 ὃς
593 2367 668 2394 ἑστιν
685 2369 716 2394 ὲκ
731 2367 821 2400 δύο,ὲκ
835 2367 930 2403 θεότη-

136 2421 184 2443 τος
199 2413 247 2439 καὶ
264 2412 485 2448 ἁνθρωπότητος,
500 2414 532 2440 ὲκ
548 2413 595 2441 δύο
620 2414 796 2442 ὑποστάσεων
814 2414 860 2441 καὶ
875 2415 928 2449 φύ-

137 2467 218 2491 σεων,
239 2459 287 2494 μία
301 2459 450 2492 ὑπόστασις
464 2460 512 2487 καὶ
528 2462 577 2494 μία
592 2460 683 2494 φύσις.
699 2469 709 2486 ›
727 2461 811 2496 Φησίν
826 2462 842 2487 ἂ
857 2461 930 2488 Θεω-

139 2504 232 2538 pravo;
254 2504 324 2540 πρδς
336 2504 382 2532 τὸν
411 2505 527 2540 μοναχὸν
550 2505 688 2541 Θεόδωρον
703 2505 749 2532 τὸν
770 2506 926 2541 φιλόσοφον.

143 2550 240 2582 Ἐκτδς
267 2551 363 2577 τούτου
381 2551 416 2578 τὰ
440 2551 508 2578 ἄλλα
525 2551 601 2578 δοκεῖ
616 2560 661 2586 μοι
677 2551 755 2587 ὀρθά.
778 2552 807 2578 '0
818 2552 845 2578 δὲ
863 2552 929 2579 Θεό-

134 2595 221 2630 δωρος
242 2594 319 2623 εἷπεν
334 2604 342 2611 ·
357 2597 442 2624 Ὅταν
457 2597 573 2632 πρώτως
588 2595 667 2632 εὗρόν
685 2606 714 2624 σε
731 2597 761 2623 ἐν
780 2599 812 2633 τῇ
827 2598 927 2634 συνόδῳ

133 2641 182 2667 τοῦ
196 2641 348 2668 Καθολικοῦ
365 2642 420 2668 τῶν
442 2641 603 2677 1Δρμενίων,
616 2642 739 2678 ἠθέλησα
753 2644 818 2678 περὶ
830 2642 926 2670 τούτου

132 2686 311 2722 ζιαλεχοῆναί
334 2696 375 2714 σοι
393 2687 461 2722 (56),
479 2688 512 2714 σὺ
532 2687 561 2714 δὲ
577 2687 627 2714 οὑκ
651 2688 819 2723 ἐϐουλήθης·
837 2686 854 2724 ἦ
872 2689 926 2725 γάρ

133 2733 168 2760 ἂν
178 2734 268 2767 ἐδειξά
287 2743 327 2761 σοι
340 2735 382 2761 ὃτι
399 2734 485 2766 οὕτως
508 2734 612 2768 ὀφείλει
625 2735 680 2766 πᾶς
696 2735 861 2770 Χριστιανὸς
881 2735 928 2762 seu

1018 2231 1084 2258 Cum
1109 2231 1180 2258 hanc
1204 2229 1362 2263 legissemus
1386 2227 1597 2261 confessionem,
1612 2228 1677 2255 nihil
1697 2229 1722 2255 in
1739 2235 1770 2255 ea

982 2285 1096 2313 prorsus
1111 2284 1164 2304 non
1181 2281 1286 2304 rectum
1306 2276 1469 2311 reperimus,
1487 2283 1541 2303 uno
1559 2280 1683 2310 excepto.
1697 2275 1772 2303 Scri-

985 2321 1064 2348 bebat
1079 2321 1152 2348 enim
1175 2320 1316 2348 Generalis
1334 2330 1344 2347 ‹
1364 2321 1451 2355 ipsum
1469 2320 1515 2347 Dei
1541 2320 1671 2353 Verbum,
1691 2321 1772 2348 homo

983 2366 1064 2394 Iesus
1090 2366 1227 2400 Christus,
1253 2367 1299 2401 qui
1321 2371 1364 2394 est
1389 2374 1421 2393 ex
1451 2366 1594 2394 divinitate
1619 2366 1725 2394 scilicet
1744 2370 1772 2393 et

984 2413 1163 2444 humanitate,
1181 2420 1215 2440 ex
1227 2412 1331 2440 duabus
1345 2413 1537 2448 hypostasibus
1553 2417 1634 2447 atque
1654 2412 1770 2442 naturis.

982 2467 1035 2486 una
1052 2459 1205 2494 hypostasis
1220 2465 1248 2486 et
1271 2467 1324 2487 una
1340 2465 1448 2488 natura.
1476 2469 1485 2485 ι
1503 2459 1548 2486 Ait
1563 2466 1628 2493 ergo
1650 2459 1770 2493 philoso-

982 2504 1051 2538 phus
1067 2504 1237 2532 Theorianus
1261 2505 1294 2532 ad
1312 2505 1474 2532 monachum
1490 2504 1663 2532 Theodorum
1680 2503 1771 2538 philo-

981 2550 1095 2584 sophum
1120 2558 1128 2577 :
1148 2552 1198 2578 hoc
1224 2556 1348 2585 excepto,
1365 2555 1466 2577 caetera
1488 2550 1552 2577 mihi
1576 2554 1648 2577 recta
1674 2549 1770 2576 viden-

980 2601 1035 2623 tur.
1061 2596 1220 2624 Theodorus
1233 2596 1390 2630 respondit:
1412 2596 1541 2630 Equidem
1561 2603 1622 2623 cum
1639 2601 1664 2623 te
1681 2597 1770 2629 primo

980 2643 1006 2671 in
1025 2642 1167 2671 Generalis
1183 2643 1375 2670 Armeniorum
1401 2642 1503 2677 synodo
1525 2642 1626 2674 inveni,
1654 2643 1706 2669 hac
1734 2642 1768 2670 de

978 2696 1008 2716 re
1037 2688 1173 2716 volueram
1196 2693 1283 2716 tecum
1308 2688 1453 2719 disserere,
1474 2688 1525 2715 nisi
1550 2693 1576 2715 tu
1609 2689 1767 2718 renuisses:

979 2735 1100 2771 profecto
1137 2735 1209 2762 enim
1241 2735 1288 2762 tibi
1312 2734 1553 2767 demonstrassem,
1581 2735 1767 2766 Christianum

170 2825 227 2862 (ξῆ)
245 2824 331 2862 Macte
353 2824 424 2862 hanc
445 2825 606 2862 luculentam
631 2825 691 2853 lidei
711 2825 925 2862 confessionem,
944 2833 1005 2862 quae
1019 2826 1204 2855 Jacobitarum
1214 2826 1310 2862 dogma
1323 2825 1481 2862 planissime
1494 2825 1572 2855 nobis
1583 2823 1729 2856 edisserit!

169 2860 226 2896 (ὖῦ)
246 2859 316 2896 Lege
331 2860 449 2896 priorem
466 2861 687 2897 disputationem,
706 2868 733 2896 p.
745 2861 793 2889 461
811 2868 873 2898 sqq.
