1942 3081
137 104 189 137 981

138 207 217 233 aliter
232 207 386 238 conﬁtetur,
403 206 495 242 procul
512 207 626 233 veritate
642 207 782 234 aberrare.

180 251 302 280 l‘llEOR.
321 252 388 285 Quia
416 257 444 278 tu
465 259 497 279 ex
512 259 606 278 norma
624 251 753 278 librorum
772 251 926 278 Aristotelis

139 297 277 331 disputare
304 297 421 330 volebas,
441 305 491 324 non
512 305 542 324 ex
558 305 652 324 norma
669 298 809 325 doctoth
831 297 926 324 Eccle-

139 343 196 374 sim,
212 343 309 370 merito
326 350 376 377 ego
393 348 482 370 tecum
497 343 569 370 nolui
583 344 616 370 dc
636 343 687 371 ﬁde
706 343 925 371 Christianorum

139 389 284 415 dissert-re.
295 388 362 415 Nam
372 389 404 417 de
415 390 471 417 luto
483 394 649 425 unguentum
663 389 777 422 hauriri,
788 397 926 424 nunquam

141 441 183 462 est
198 436 332 464 auditum.

175 530 302 559 'l‘llEOD.
323 531 364 559 An
393 537 418 559 tu
435 532 534 565 nescis,
561 532 689 559 Ecolesiae
703 531 839 566 principes
855 531 928 559 viros

141 578 291 605 doctrinam
319 579 352 605 ab
378 579 494 605 ethnicis
518 579 686 613 sapientibus
711 579 854 611 hausisse;
881 585 928 606 eos

141 629 231 651 autem
257 625 289 651 de
315 625 414 651 nostris
435 624 548 657 sanctis,
571 625 617 659 qui
632 624 783 659 disciplinis
805 624 929 652 ethnico-

143 675 201 696 rum
221 677 272 696 non
288 669 397 697 luerunt
416 670 551 703 instructi,
578 671 677 698 idiotas
693 678 752 698 esse
766 675 848 706 atque
862 671 929 698 illit-

143 716 258 743 tcratos?
285 715 361 743 Nunc
384 716 431 743 tibi
461 721 563 750 repeto,
589 716 662 751 quod
685 722 740 744 ttttn
755 717 826 749 dixi;
858 717 880 745 si
895 724 928 744 ex

142 768 236 788 norma
267 761 418 797 sapientum
455 762 627 790 ethnicorum
666 770 771 790 mecum
800 763 928 798 congredi

142 808 192 839 vis,
208 812 317 843 paratus
329 816 388 836 sum
404 809 592 836 demonstrare
610 809 706 843 dogma
725 808 854 844 Syrorum
870 816 929 837 esse

143 854 335 882 orthodoxam.
363 853 410 881 Sin
430 855 529 888 minus,
544 862 594 890 ego
615 860 703 882 tecum
727 855 840 883 verbum
857 862 931 883 com-

143 903 249 925 mutare
264 906 317 926 non
330 900 428 934 patior.

178 943 306 972 TllEOR.
321 944 349 972 Si
365 946 397 972 de
412 945 464 972 alio
477 946 572 980 quovis
589 946 729 981 proposito
754 952 860 974 mecum
890 946 931 974 vis

143 990 282 1024 disputare
312 998 344 1017 ex
381 991 553 1018 ethnicorum
580 999 673 1018 norma
688 991 861 1026 sapientium,
876 1000 931 1020 non

145 1044 255 1070 recuso;
287 1044 382 1064 verum
405 1038 590 1065 enitnt'erode
623 1038 840 1067 Christianorum
868 1039 932 1072 ﬁde,

145 1084 195 1110 nisi
220 1084 368 1110 secundum
400 1084 572 1112 deﬁnitiones
590 1084 775 1120 theologorum
792 1084 931 1119 Ecclesite,

145 1134 300 1156 sanctorum
329 1130 532 1164 apostolorum,
565 1131 652 1157 sancti
686 1129 806 1164 Dionysii
849 1129 933 1158 Areo-

145 1175 253 1210 pagilm,
276 1175 363 1203 sancti
381 1175 535 1209 Athanasii,
550 1180 704 1203 sanctorum
728 1176 931 1211 Gregoriorum,

146 1221 235 1253 magni
262 1220 374 1253 Basilii,
399 1225 480 1256 atque
508 1221 692 1255 reliquorum,
725 1222 932 1257 disputationem

146 1267 287 1294 instituere
318 1267 377 1299 vis',
419 1275 453 1295 ne
479 1275 529 1302 ego
559 1267 667 1302 quidem
704 1269 813 1296 verbum
845 1274 932 1296 tecum

145 1312 330 1340 rommutabo.
344 1312 420 1346 Quod
434 1313 455 1340 si
478 1317 507 1340 tu
522 1314 589 1341 adeo
603 1314 779 1348 philosophiae
796 1318 848 1342 tute
861 1322 933 1341 cou—

147 1359 220 1391 ﬁdis,
245 1359 403 1387 deﬁniamus
420 1359 446 1387 in
469 1359 565 1394 primis
593 1365 707 1394 quatuor
726 1361 792 1393 haec,
808 1361 934 1388 substan-

146 1405 225 1437 tiam,
254 1410 392 1436 naturam,
414 1405 602 1441 hypostasim,
627 1410 653 1432 et
680 1413 833 1440 personam,
858 1405 935 1440 juxta

147 1451 224 1478 divos
238 1450 350 1484 Patres;
369 1455 450 1485 atque
462 1451 511 1478 has
524 1451 699 1482 deﬁnitiones
711 1459 759 1478 ceu
773 1452 936 1486 propositio-

148 1505 212 1525 num
243 1498 372 1525 terminos
394 1505 528 1533 ponamus

148 1551 253 1570 morum
280 1551 398 1579 pugnam
411 1551 444 1571 ex
459 1551 554 1572 norma
577 1544 746 1572 ethnicorum
771 1543 934 1578 sapientium

148 1597 336 1618 conseremus.

183 1640 312 1670 THEOD.
332 1641 393 1668 llmc
413 1640 469 1676 ipsa
485 1645 611 1676 quatuor,
636 1648 696 1676 quae
717 1641 797 1674 dicis,
823 1640 935 1676 intelligi

148 1694 164 1714 a
180 1695 222 1714 me
238 1694 349 1715 necesse
362 1691 404 1715 est
431 1695 463 1714 ex
488 1695 583 1715 eorum
608 1688 777 1715 ethnicorum
801 1688 936 1715 sententia

149 1732 193 1767 qui
210 1732 372 1760 invenerunt
393 1741 400 1760 :
417 1739 533 1768 pugnam
551 1733 614 1760 item
628 1733 845 1769 syllogismorum
859 1733 936 1767 juxta

148 1778 257 1805 eosdem
272 1779 340 1805 ﬁeri.

187 1823 316 1852 TllEOR.
342 1824 400 1851 Nisi
430 1824 601 1852 ethnicorum
640 1825 755 1861 theologi
784 1832 799 1851 a
837 1825 936 1852 nostris

150 1868 299 1903 differrent,
320 1875 366 1896 tuo
387 1869 447 1903 jure
475 1870 502 1897 id
519 1870 622 1897 faceres
637 1879 644 1897 :
661 1871 708 1898 sed
735 1871 798 1904 quia
819 1871 935 1898 maxima

151 1916 318 1943 dissonantia
347 1916 418 1943 inter
433 1916 493 1943 illos
520 1922 681 1951 nostrosque
704 1922 756 1950 est,
786 1925 839 1944 non
855 1917 936 1945 debes

150 1960 186 1987 ita
218 1965 243 1989 te
275 1968 379 1995 gerere.
405 1960 472 1988 Nam
499 1966 526 1989 et
547 1961 666 1989 Joannes
681 1961 848 1996 Philoponus
873 1964 935 1990 dum

149 2009 279 2045 profanos
309 2009 449 2043 sequitur,
492 2010 576 2037 veluti
605 2010 725 2038 trithcita
754 2012 787 2038 de
815 2011 935 2039 Ecclesia

149 2055 242 2090 pulsus
268 2060 318 2082 est.
337 2055 406 2083 Tum
430 2060 456 2083 et
474 2055 519 2082 alii
535 2056 609 2083 multi
626 2057 659 2083 ob
675 2057 745 2084 hanc
768 2057 853 2092 ipsam
871 2065 936 2084 cau-

150 2108 208 2128 sam
234 2109 249 2128 a
279 2101 330 2129 ﬁde
353 2102 561 2130 aberraverunt.
586 2102 674 2130 Veluti
697 2103 791 2131 scribit
822 2112 937 2138 magnus

150 2154 258 2182 quoquo
297 2147 395 2174 Paulus
434 2148 467 2175 ad
495 2147 665 2175 Timotheum
697 2156 707 2176 :
747 2148 933 2182 0Timotliee,

149 2191 295 2223 depositum
322 2191 436 2224 custodi,
454 2192 570 2219 devitans
591 2192 718 2227 profanas
747 2202 837 2221 vocum
862 2195 935 2222 novi-

149 2241 228 2270 tates,
258 2242 283 2264 et
296 2239 472 2272 oppositiones
487 2238 550 2273 falsi
575 2239 690 2266 nominis
711 2241 838 2272 scirntim,
856 2249 935 2276 quam

147 2282 258 2317 quidam
274 2284 454 2318 promittentes
466 2284 538 2312 circa
557 2284 636 2318 [idem
646 2286 800 2313 exciderunt
812 2287 846 2314 ’⁸.

188 2375 236 2404 llis
262 2377 351 2410 dictis,
369 2377 518 2405 monachus
543 2377 702 2407 Theodorus
725 2379 862 2407 discessit.
885 2379 935 2407 Po-

150 2427 225 2449 stero
253 2428 342 2451 autem
364 2423 408 2451 die
433 2424 507 2452 venit
521 2424 593 2451 Elius
604 2424 728 2452 Cessunii
744 2426 889 2461 episcopus
903 2427 936 2454 ad

150 2467 297 2497 'l‘heorianl
320 2470 466 2505 hospitium
480 2490 487 2504 ,
504 2476 532 2498 et
553 2471 613 2498 ait:
637 2472 720 2498 llliror
743 2479 793 2499 cur
818 2473 935 2500 nolueris

150 2522 212 2542 cum
235 2516 395 2551 philosopho
419 2521 515 2544 nostro
539 2517 688 2552 disputare,
719 2517 765 2544 sed
783 2519 936 2552 expaveris;

152 2562 180 2588 in
208 2562 400 2590 Armeniorum
421 2568 511 2590 autem
543 2562 647 2598 synodo
680 2567 783 2590 tantum
799 2563 937 2591 hominum

181 2617 205 2634 “
225 2618 235 2644 l
253 2617 324 2644 Tim.
345 2625 383 2652 vr,
402 2618 448 2646 20.

188 2664 245 2699 (57)
262 2663 390 2701 Jacohita:
405 2665 475 2701 hunc
491 2673 593 2694 morem
610 2674 623 2693 a
648 2666 749 2694 Severo
765 2673 877 2701 parente
892 2675 938 2693 ac-

151 2704 294 2734 ceperant,
311 2700 346 2726 de
365 2707 418 2734 quo
435 2700 571 2735 Nyssenus
588 2702 615 2728 in
639 2702 683 2729 illa
703 2700 805 2734 assuta,
823 2708 852 2729 ut
869 2703 939 2728 dixi-

155 2741 222 2772 mus
241 2742 268 2769 p.
302 2735 346 2772 7l_.
364 2736 523 2772 catecltctici
549 2737 669 2764 clausula
691 2737 747 2764 ait:
765 2735 841 2768 οὗτος
862 2738 938 2772 παρὰ

157 2770 269 2805 Σεὸήρῳ
287 2770 431 2804 κράτιστος
457 2770 580 2806 θεολόγος
604 2773 776 2806 γνωρίζεται,
797 2772 826 2803 ὃς
841 2773 874 2799 ἃν
890 2770 939 2802 τοις

158 2806 326 2840 κατηγορίας
339 2805 555 2839 Ἀριστοτέλους,
582 2809 629 2834 καὶ
654 2808 688 2833 τὰ
713 2807 793 2833 λοιπὰ
818 2809 872 2833 τῶν
888 2807 939 2840 ἔξω

159 2841 314 2876 φιλοσόφων
340 2840 432 2876 κομψὰ
455 2840 610 2877 ἠσκημένος
638 2842 788 2878 τυγχάνοι·
815 2842 842 2871 Is
869 2844 939 2879 apud

100 3021 225 3057 Α

608 135 612 140 λ
847 101 1062 133 ἸἩΕΟΒΙᾹΝΙ

137 169 246 189 omnem
266 161 302 189 ita
326 161 462 189 Christum
482 160 605 188 conﬁteri
622 161 736 194 debere;
760 165 861 188 etcum
876 159 921 194 qui

989 159 1092 193 ἰριστὺν
1125 158 1283 194 ὁμολογεῖν·
1307 160 1354 186 καὶ
1383 159 1420 195 μὴ
1448 159 1537 191 οὕτως
1557 159 1696 195 ὁμολογῶν
1717 161 1766 196 τῆς

1712 105 1766 137 988

977 206 1107 240 ἀληθείας
1120 206 1323 234 ἀποπλανᾶται.

1017 252 1047 280 Ὀ
1066 252 1163 280 ΘΕΩΡ.
1186 252 1262 280 Ἐπεὶ
1273 252 1326 278 ἀπὸ
1342 252 1396 278 τῶν
1411 252 1520 287 βιϐλίων
1539 252 1585 279 τοῦ
1612 253 1767 288 Ἀριστοτέ-

977 299 1040 329 λους
1052 298 1107 335 (57)
1132 298 1268 334 ἠθέλησας
1283 298 1469 334 διαλεχθῆναι,
1498 299 1544 325 καὶ
1559 298 1619 334 οὐχὶ
1646 299 1699 325 ὰπδ
1711 298 1768 326 τῶν

977 343 1145 371 διδασκάλων
1157 343 1206 378 τῆς
1223 343 1397 377 Ἐκκλησίας,
1410 343 1530 377 εὐλόγως
1546 344 1596 370 οὐχ
1611 343 1765 379 ἠϐουλήθην

978 392 1043 426 περὶ
1058 390 1108 426 τῆς
1123 390 1242 421 πίστεως
1252 390 1307 416 τῶν
1319 390 1492 425 Χριστιανῶν
1519 391 1587 425 μετὰ
1609 390 1656 416 σοῦ
1670 399 1766 416 συντυ-

978 437 1036 471 χεῖν
1045 444 1052 451 ·
1069 436 1100 462 ἐκ
1114 436 1169 471 γὰρ
1184 435 1314 471 βορὸόρου
1325 435 1410 470 μύρον
1421 435 1527 462 ἀντλεῖν
1541 435 1670 462 οὐδέποτε
1684 435 1767 471 ἡκού-

979 482 1041 518 σθη.

1014 529 1110 556 ΘΕΟΔ.
1127 530 1184 556 Οὐκ
1194 526 1267 560 οἶδας
1280 529 1321 556 ὅτι
1337 529 1361 555 οἳ
1372 529 1421 563 τῆς
1442 529 1604 564 Ἑκκλησίας
1622 529 1767 564 φιιιστῆρεξ

978 575 1028 611 τὴν
1044 576 1143 610 γνῶσιν
1160 575 1212 602 ἀπὸ
1228 576 1281 602 τῶν
1293 575 1345 607 ἔξω
1361 575 1451 610 σοφῶν
1471 576 1689 610 ἐκαρπώσαντο;
1719 574 1767 601 καὶ

979 623 1036 650 ὅσοι
1050 622 1104 650 τῶν
1119 622 1205 656 ἁγίων
1229 622 1279 657 τῆς
1302 622 1460 658 ἐπιστήμης
1476 622 1526 656 τῆς
1547 621 1599 654 ἔξω
1624 621 1674 648 οὐκ
1688 623 1768 648 ἐπαι-

979 669 1123 703 δεύθησαν,
1137 668 1239 695 ἰδιῶταί
1253 669 1306 695 εισι
1317 668 1364 695 καὶ
1384 668 1579 703 ἀγράμματοις
1599 667 1657 694 Νῦν
1671 667 1699 693 δὲ
1715 668 1768 694 πά-

979 716 1022 743 λιν
1036 715 1106 749 λέγω
1122 724 1164 742 σοι
1186 715 1201 742 ὃ
1214 714 1262 742 καὶ
1277 715 1338 742 τότε
1352 712 1440 747 εἷπον,
1465 715 1490 741 ει
1509 714 1558 749 μὲν
1577 714 1631 741 ἀπὸ
1647 713 1701 740 τῶν
1716 713 1769 746 ἔξω

981 763 1070 796 σοφῶν
1083 762 1146 797 αἱρῇ
1165 760 1224 796 μεθ’
1239 761 1318 796 ἡμῶν
1334 761 1485 796 συντυχεῖν,
1510 760 1620 795 ἕτοιμός
1636 760 1696 795 εἰμι
1715 760 1769 786 δεῖν

981 808 1024 842 ξαι
1041 809 1081 836 ὅτι
1093 808 1124 835 τὸ
1139 808 1227 842 δόγμα
1244 807 1299 834 τῶν
1314 807 1408 843 Σύρων
1424 807 1565 841 ὀρθόδοξόν
1586 807 1678 833 ἐστιν·
1697 806 1722 832 sl
1740 805 1770 832 δὲ

984 855 1031 891 μὴ,
1049 855 1156 887 οὐδενὸς
1169 853 1237 887 ἀξιῶ
1253 862 1283 881 σε
1303 854 1395 889 λόγου.

1024 945 1053 970 '0
1064 942 1160 971 ΘΕΩΡ.
1175 942 1238 970 Ἐὰν
1253 942 1333 978 θέλῃς
1350 943 1415 978 περὶ
1431 941 1515 977 ἄλλης
1530 941 1602 973 τινὸς
1613 940 1770 973 ὑποθέσεως

985 988 1044 1024 μεθ’
1060 989 1138 1024 ἡμῶν
1153 988 1326 1023 διαλεχθῆναι
1344 987 1398 1014 ἀπὸ
1410 987 1464 1014 τῶν
1477 987 1529 1020 ἔξω
1545 986 1644 1021 σοφῶν,
1660 985 1771 1020 ἕτοιμός

983 1036 1040 1069 ιίμι
1051 1041 1058 1049 ·
1087 1034 1151 1070 περὶ
1167 1034 1196 1061 δὲ
1212 1035 1262 1070 τῆς
1276 1033 1394 1066 πίστεως
1407 1034 1461 1060 τῶν
1478 1033 1661 1069 Χριστιανῶν,
1679 1033 1704 1059 εἱ
1731 1033 1770 1069 μὴ

984 1081 1053 1109 κατὰ
1063 1081 1127 1112 τοὺς
1142 1082 1223 1116 ὄρους
1236 1080 1292 1107 τῶν
1308 1081 1441 1115 θεολόγων
1459 1081 1508 1116 τῆς
1529 1080 1704 1115 Ἐκκλησίος,
1714 1080 1770 1107 τῶν

984 1128 1069 1163 ἁγίων
1084 1128 1251 1160 ἀποστόλων,
1263 1127 1309 1154 τοῦ
1328 1127 1405 1161 ἁγίου
1422 1127 1560 1154 Διονυσίου
1574 1126 1620 1154 τοῦ
1637 1127 1771 1162 Ἀρεοπα-

983 1175 1071 1210 γίτου,
1083 1174 1130 1201 τοῦ
1142 1174 1222 1208 ἁγίου
1241 1173 1411 1206 Ἀθανασίου,
1433 1173 1488 1200 τῶν
1503 1173 1587 1206 ἁγίων
1600 1173 1770 1208 Γρηγορίων,

983 1221 1030 1249 τοῦ
1051 1221 1169 1255 μεγάλου
1185 1220 1338 1251 Βασιλείου,
1358 1220 1405 1246 καὶ
1420 1219 1474 1246 τῶν
1486 1219 1600 1251 λοιπῶν,
1614 1219 1664 1254 τὴν
1680 1218 1771 1246 διάλε-

986 1269 1025 1302 ξιν
1039 1268 1142 1300 ἐθέλεις
1156 1268 1296 1302 γενέσθαι,
1317 1267 1372 1294 οὐδ’
1386 1267 1441 1301 ὲγώ
1466 1276 1496 1293 σε
1511 1266 1579 1299 ἀξιῶ
1599 1266 1679 1300 λόγου
1694 1266 1769 1293 ποτε.

985 1317 1016 1343 Εἰ
1029 1316 1057 1342 δὲ
1076 1315 1202 1342 τοσοῦτον
1219 1315 1332 1350 θαρῤεῖς
1349 1315 1381 1350 τῇ
1397 1314 1542 1350 φιλοσοφίᾳ
1560 1322 1617 1346 σου,
1634 1313 1771 1349 ὁρισώμε-

985 1362 1019 1389 θα
1032 1361 1121 1389 ταῦτα
1137 1361 1246 1397 πρῶτον
1263 1362 1297 1388 τὰ
1314 1361 1447 1396 τέσσαρα,
1465 1362 1514 1394 τὴν
1541 1360 1647 1392 οὐσίαν,
1661 1361 1709 1395 τὴν
1721 1359 1773 1393 φύ-

986 1416 1028 1434 σιν
1049 1407 1116 1442 ('58),
1132 1407 1182 1444 τὴν
1209 1407 1372 1440 ὑπόστασιν,
1401 1409 1449 1434 καὶ
1474 1407 1504 1434 τὸ
1523 1407 1682 1442 πρόσωπον,
1701 1406 1773 1433 κατὰ

986 1455 1048 1486 τοὺς
1068 1454 1156 1485 θείους
1174 1454 1308 1488 Πατέρας,
1338 1453 1386 1480 καὶ
1403 1453 1495 1488 θῶμεν
1517 1453 1604 1480 ταῦτα
1628 1453 1666 1484 ὡς
1691 1453 1773 1488 ὄρους

553 1506 560 1524 :
585 1502 648 1525 tunc
679 1499 786 1525 demum
813 1497 933 1533 syllogis-

989 1500 1162 1535 προτάσεων,
1182 1500 1230 1526 καὶ
1245 1500 1307 1526 τότε
1333 1500 1384 1535 τὴν
1416 1499 1576 1534 συμπλοκὴν
1597 1498 1652 1526 τῶν
1679 1499 1774 1526 συλλοσ

986 1546 1094 1581 γισμῶν
1114 1546 1184 1573 κατὰ
1195 1545 1259 1578 τοὺς
1279 1546 1332 1578 ἔξω
1344 1545 1444 1580 σοφοὺς
1459 1545 1639 1584 ποιησόμεθα.

1021 1638 1117 1664 ΘΕΟΔ.
1133 1637 1208 1664 Alt-cdt
1220 1637 1254 1663 τὰ
1269 1637 1391 1671 τέσσαρα
1407 1636 1424 1664 ἃ
1439 1636 1528 1671 λέγεις
1537 1637 1638 1671 ὀφείλω
1653 1638 1721 1664 νοεῖν
1735 1637 1776 1670 ὡς

986 1683 1169 1718 οῑὲφευρεταὶ
1193 1683 1284 1710 αὐτῶν
1314 1684 1338 1710 οἱ
1368 1682 1420 1715 ἔξω
1447 1683 1542 1717 σοφοί·
1569 1681 1629 1710 εἶτα
1658 1684 1706 1710 καὶ
1722 1685 1775 1719 τὴν

988 1730 1148 1765 συμπλοκὴν
1163 1729 1224 1756 κατ’
1249 1730 1347 1761 αὐτοὺς
1364 1728 1485 1760 ἐκείνους
1500 1730 1587 1755 ποιεῖν
1599 1728 1652 1757 τῶν
1679 1729 1775 1756 συλλο-

987 1778 1105 1813 γισμῶν.

1028 1824 1163 1851 ὈΘΕΩΡ.
1178 1823 1209 1850 Εἰ
1227 1823 1264 1859 μὴ
1277 1823 1432 1858 διεφέροντο
1443 1825 1510 1858 πρὸς
1517 1824 1580 1855 τοὺς
1591 1823 1643 1856 ἔξω
1654 1825 1678 1850 οἱ
1688 1823 1778 1851 010M-

987 1879 1031 1905 γοι
1046 1871 1135 1905 ἡμῶν,
1154 1869 1245 1902 καλῶς
1256 1869 1289 1897 ἂν
1309 1869 1388 1897 τοῦτο
1402 1870 1534 1905 ἐποίησας
1547 1879 1554 1886 ·
1573 1870 1634 1897 ἐπεὶ
1652 1870 1680 1896 δὲ
1694 1871 1777 1905 μεγι-

988 1926 1037 1952 στη
1063 1917 1197 1952 διαφωνία
1218 1917 1301 1952 μέσον
1328 1916 1431 1943 τούτων
1458 1916 1593 1944 κάκείνων
1614 1918 1698 1950 ἐστὶν,
1723 1918 1777 1944 οὐκ

987 1965 1105 1999 ὀφείλεις
1118 1964 1198 1991 τοῦτο
1219 1964 1348 1998 ποιῆσαι·
1365 1963 1476 1998 καὶγὰρ
1493 1964 1506 1990 6
1521 1963 1665 1998 φιλόπονος
1685 1964 1778 1990 Ἰωάν-

986 2019 1046 2046 νης,
1058 2010 1114 2041 τοῖς
1129 2009 1182 2042 ἐξω
1200 2007 1400 2044 ἀκολουθήσας,
1426 2009 1464 2041 ὡς
1488 2009 1627 2045 τριθεΐτης
1645 2010 1695 2043 τῆς
1716 2010 1777 2036 Ἐκ-

987 2055 1103 2092 κλησίας
1115 2055 1290 2091 ὲκϐέῧληται.
1306 2055 1386 2082 Ἀλλὰ
1398 2055 1445 2082 καὶ
1461 2055 1537 2083 ἄλλοι
1555 2056 1648 2082 πολλοὶ
1660 2056 1694 2082 δι’
1708 2057 1776 2083 αὐτὸ

986 2095 1077 2130 τοῦτο’
1089 2101 1152 2137 περὶ
1180 2101 1229 2137 τὴν
1246 2101 1339 2128 πίστιν
1363 2101 1517 2137 ἠστόχησαν
1532 2110 1539 2117 ·
1568 2102 1606 2134 ῶς
1622 2111 1672 2128 που
1689 2103 1736 2132 καὶ
1762 2103 1777 2129 6

989 2149 1074 2183 μέγας
1091 2147 1197 2180 Παῦλος
1215 2147 1282 2182 πρὸς
1294 2147 1426 2182 Τιμόθεον
1441 2147 1556 2182 γράφων
1571 2148 1664 2183 φησίν·
1674 2146 1711 2174 Ὦ
1731 2148 1778 2175 Τί-

985 2195 1084 2230 μόθεε,
1096 2194 1153 2228 τὴν
1168 2193 1421 2228 παρακαταθήκην
1435 2193 1584 2228 φύλαξον,
1598 2195 1777 2229 ἐκτρεπόμε-

988 2249 1042 2274 νος
1056 2241 1109 2273 τὰς
1124 2230 1278 2273 βεϐήλους
1290 2240 1489 2274 καινοφωνίας
1513 2239 1582 2275 [εοοί.
1601 2240 1708 2275 nemp]
1728 2242 1777 2268 κιιὶ

989 2286 1155 2319 ἀντιθέσεις
1179 2285 1235 2321 τῆς
1257 2286 1456 2320 ψευδωνύμου
1471 2286 1617 2320 γνώσεως,
1642 2286 1683 2320 ’ῆν
1697 2296 1778 2321 τινες

989 2333 1252 2368 ἐπαγγελλόμενοι,
1275 2333 1342 2365 περὶ
1358 2331 1415 2366 τὴν
1427 2332 1532 2360 πίστιν
1551 2333 1739 2367 ἠστόχησαν.

1020 2380 1130 2406 Τούτων
1141 2379 1212 2405 οὕτω
1229 2379 1377 2415 ῥηθέντων,
1392 2379 1406 2404 ὁ
1428 2378 1544 2413 μοναχὺς
1559 2379 1696 2413 Θεόδωρος
1711 2379 1776 2407 ἀνε-

985 2424 1104 2460 χώρησε.
1119 2425 1158 2460 Τῇ
1174 2424 1203 2452 δὲ
1220 2424 1352 2460 ἐπαύριον
1369 2422 1451 2459 ἦλθεν
1467 2424 1562 2456 Ἠλίας
1586 2424 1600 2450 6
1625 2424 1777 2455 ἐπίσκοπος

986 2471 1152 2498 Κεσσουνίου
1171 2472 1211 2502 είς
1229 2471 1259 2497 τὸ
1289 2470 1435 2505 κατάλυμα
1462 2470 1509 2496 τοῦ
1533 2469 1700 2506 Θεωριανοῦ,
1729 2470 1776 2496 καί

987 2526 1053 2552 φησι
1069 2517 1138 2552 πρὸς
1160 2517 1254 2544 αὐτόν·
1274 2516 1413 2551 Θαυμάζω
1427 2516 1486 2548 πῶς
1498 2516 1549 2543 οὐκ
1565 2516 1702 2551 ἠθέλησας
1716 2516 1778 2543 δια-

987 2563 1115 2599 λεχθῆναι
1131 2564 1200 2599 μετὰ
1225 2562 1273 2590 τοῦ
1293 2563 1428 2598 ἡμετέρου
1453 2562 1612 2597 φιλοσόφου,
1631 2561 1690 2589 ἀλλ’
1705 2562 1777 2589 ἐδει-

990 2667 1114 2694 Severum
1139 2667 1251 2699 optimus
1267 2666 1419 2703 agnoscitur
1439 2667 1580 2701 theologus,
1598 2667 1643 2703 qui
1665 2667 1693 2694 in
1708 2675 1778 2700 prce-

989 2702 1143 2729 dicameuti:
1159 2702 1306 2728 Aristotelis
1330 2702 1483 2736 cwterisque
1506 2703 1670 2729 ethnicorum
1691 2703 1777 2735 philo-

990 2740 1130 2771 sophorum
1147 2737 1299 2770 pompaticis
1313 2736 1457 2770 disciplinis
1471 2737 1629 2764 exercitatus
1650 2737 1741 2770 fuerit.

1027 2772 1084 2832 (53%
1105 2771 1203 2798 Recole
1220 2771 1419 2798 adnotationem
1444 2775 1473 2806 'p.
1492 2772 1555 2803 588,
1573 2773 1617 2798 ubi
1645 2773 1776 2799 Theoria-

1031 2815 1043 2832 s
1071 2807 1167 2832 ticitur
1197 2806 1376 2832 disputavisse
1405 2813 1464 2832 cum
1483 2806 1552 2832 Svro
1578 2807 1721 2832 Theodoro
1744 2809 1776 2832 de

991 2815 1043 2834 nus
1071 2806 1167 2833 dicitur
1197 2806 1376 2840 disputavisse
1405 2813 1464 2842 cum
1483 2806 1552 2842 Syro
1578 2807 1721 2835 Theodoro
1744 2809 1776 2836 de

992 2842 1142 2872 substantia
1157 2846 1184 2870 ct
1205 2846 1312 2875 natura,
1329 2848 1361 2869 ex
1378 2841 1699 2871 doctrina’Aristotclica.
