1942 3081
128 141 183 172 289

819 143 1052 175 DISPUTATIO
1074 144 1118 174 Ιῐ.

1716 151 1770 186 2ῡο

123 200 234 234 λίασας,
250 201 291 232 εἰς
307 200 335 227 δὲ
348 199 398 236 τὴν
414 200 524 227 σύνοδον
539 199 594 227 τῶν
624 201 777 236 ’Δρμενίων
792 202 917 228 τοσοῦτον

975 211 1115 231 numerum
1129 212 1180 232 non
1192 204 1325 234 timueris.
1340 205 1416 235 Scito
1426 211 1528 241 autem,
1540 208 1650 237 nulloin
1669 219 1722 247 pop
1734 213 1770 240 ilo

123 247 228 282 πλῆθος
239 247 288 273 οὐκ
302 247 465 278 ἐδειλίασας.
483 247 604 274 Γίνωσκε
631 247 659 274 δὲ
678 248 719 274 ὅτι
735 247 825 274 ούδενὶ
848 248 920 275 ἔθνει

125 293 198 319 οὕτω
228 293 310 327 σοφία
326 292 536 328 ἐμπολιτεύεται
553 292 601 320 νῦν
626 293 655 319 ἐν
682 295 739 325 τοῖς
755 294 816 320 καθ’
845 295 920 329 ἡμᾶς

125 338 242 373 χρόνοις,
261 338 300 370 ὡς
319 339 348 366 ἐν
365 339 403 372 τῷ
420 339 491 365 ἔθνει
518 339 572 365 τῶν
592 339 697 374 Σύρων.
722 339 771 365 Διὰ
791 339 869 366 τοῦτο
887 340 917 366 οὺ

125 384 338 419 παραδεχόμεθα
356 385 444 416 ἄλλως
469 385 653 419 διαλέγεσθαι.
672 386 793 412 Γίνωσκε
821 386 848 413 δέ
870 387 915 413 καὶ

124 426 215 463 τοῦτοῖ
234 432 274 457 ὅτι
291 432 306 457 ὁ
325 431 464 467 Θεόδωρος
491 432 558 467 ἐμὸς
584 433 708 468 μαθητής
727 434 796 465 ἐστι,
825 434 871 459 καὶ
885 433 924 465 ὡς

125 479 187 510 νέος
207 479 246 505 ἔτι
258 479 336 514 ζητεί
351 480 419 514 πρὸς
435 480 480 506 τὸν
495 480 749 515 διαλεχθησόμενον.

169 525 199 552 Ὀ
215 525 314 552 ΘΕΩΡ.
331 526 462 559 Γίνωσκε,
476 527 606 561 δέσποτα,
621 528 662 554 ὃτι
685 527 709 553 οί
729 528 862 562 Ῥωμαῖοι
879 528 920 559 εἰς

126 572 177 606 μὲν
189 573 224 598 τὰ
235 572 304 598 ἄλλα
317 571 516 607 ἁνδρικώτατοί
532 573 613 605 εἰσὶν,
629 574 669 604 είς
681 573 708 599 δέ
719 573 749 599 τὸ
763 573 920 608 παραὸἧναι

124 617 188 651 ὅρια
199 617 252 643 τῶν
270 617 357 650 ἁγίων
381 617 511 652 Πατέρων
528 617 577 644 καὶ
589 617 692 652 σφόδρα
703 617 796 644 δειλοί.

168 663 198 689 Ὀ
218 662 281 690 'EII.
296 663 350 690 Καὶ
373 662 425 689 ποῦ
440 662 593 689 κεκώλυται
627 664 659 689 ἐκ
679 663 734 690 τῶν
761 663 813 697 ἔξω
832 663 921 699 σοφῶν

125 708 194 743 περὶ
211 709 330 740 πίστεως
342 708 535 743 ῖιαλέγεσθαι;

168 755 198 781 'U
207 754 307 782 ΘΕΩΡ.
326 755 355 781 ’0
371 755 442 786 θεῖος
457 755 609 790 Γρηγόριος
620 757 649 783 ὲν
661 756 701 791 τῷ
712 756 779 791 πρὸς
790 755 922 791 Εὐνόμιον

124 801 201 836 λόγῳ
217 800 314 836 φησίν·
346 810 355 827 ι
374 800 458 828 Βάλλε
485 810 530 837 μοι
547 802 691 834 Πλάτωνος
705 803 754 834 τὰς
773 803 856 835 ίδέας,
874 802 923 829 καὶ

125 848 176 878 τὰς
193 847 454 883 μετενσωματώσεις
472 849 520 875 καὶ
548 849 691 883 περιόδους
709 849 762 875 τῶν
778 849 922 884 ἡμετέρων

976 253 1077 275 tantam
1090 257 1150 276 esse
1161 250 1290 278 hodierna
1302 256 1381 278 actate
1396 254 1569 287 sapientiam,
1585 261 1684 289 quanta
1698 258 1769 291 apud

975 294 1058 329 Syros
1068 301 1202 322 versatur.
1213 295 1301 329 Quare
1313 305 1364 324 non
1377 300 1495 332 patimur
1504 300 1557 327 alia
1567 302 1672 330 ratione
1682 303 1772 339 dispu-

974 346 1042 369 tare.
1053 342 1186 370 Praeterea
1197 343 1266 371 scito
1276 342 1449 371 Theodorum
1461 345 1536 373 illiilli
1549 354 1638 374 meum
1649 356 1708 376 esse
1719 351 1771 377 dis-

970 389 1086 422 cipuluin
1114 390 1159 423 qui
1176 395 1269 425 utpote
1282 390 1442 419 adolescens
1472 392 1562 419 adhuc
1590 399 1652 422 avet
1680 399 1769 423 tecum

977 434 1127 469 disputare,

1010 528 1138 556 'l'llEOll.
1159 529 1244 564 Scito,
1272 531 1392 565 domine,
1419 532 1556 561 Romanos
1575 539 1604 562 ut
1622 532 1767 564 ad‘ctetera

976 580 1038 602 sunt
1055 575 1241 610 audacissimi,
1271 577 1307 604 ita
1334 579 1367 605 ad
1395 579 1634 613 transgredienilos
1660 587 1768 609 sancto-

976 630 1035 649 rum
1051 622 1161 650 I’atrum
1180 624 1256 657 lines,
1276 625 1353 653 valde
1367 634 1427 654 esse
1444 627 1630 655 meticulosos.

1010 667 1117 695 EPISC.
1135 669 1184 701 Qui
1203 677 1284 704 porro
1300 674 1342 698 est
1363 672 1487 704 vetitum,
1503 680 1536 699 ex
1558 680 1651 700 norma
1676 673 1768 708 profa-

974 724 1070 743 norum
1084 718 1245 751 sapientium
1262 718 1294 745 dc
1314 719 1365 746 [ide
1378 720 1535 754 disputare?

1013 761 1142 790 THEOR.
1173 763 1253 790 Divus
1269 763 1417 798 Girgorius
1443 766 1468 792 in
1497 767 1621 794 oratione
1639 769 1769 796 adversus

975 807 1140 836 Euuomiuin
1159 810 1197 836 ait
1212 819 1219 836 :
1236 810 1329 844 Apage
1345 811 1408 838 milii
1427 811 1547 840 Platonis
1564 814 1648 847 ideas,
1666 815 1769 842 anima-

974 862 1032 882 ruin
1060 859 1216 883 nostrarum
1229 857 1262 883 ad
1279 857 1330 884 alia
1354 865 1469 892 corpora
1489 859 1664 888 transitiones
1677 866 1702 888 et
1721 868 1770 896 pe—

125 893 232 928 ψυχῶν,
246 893 293 920 καὶ
311 894 360 925 τὰς
377 894 556 929 ἀναμνήσεις,
575 894 621 920 καὶ
633 894 696 926 τοὺς
709 894 740 920 οὐ
764 894 863 926 καλοὺς
878 894 917 921 διὰ

975 901 1076 933 riodos,
1098 905 1125 928 et
1143 902 1377 935 reminisceutias,
1396 909 1423 931 et
1438 913 1490 932 non
1506 906 1633 940 pulchros
1648 914 1696 942 per
1711 907 1768 942 pul-

124 939 181 966 τῶν
193 940 284 966 καλῶν
301 940 436 974 σωμάτων
451 941 498 966 ἐπὶ
512 939 600 975 ψυχὴν
616 940 732 976 ἔρωτας,
755 940 919 976 Ἐπικούρου

125 986 176 1021 τὴν
188 986 283 1014 ἁοεῖαν
310 987 424 1018 καὶτὰς
450 987 581 1022 ἀτόμους,
606 987 653 1014 καὶ
681 987 730 1023 τὴν
754 988 923 1022 ,ἀφιλόσοφον

126 1033 236 1069 ἡδονὴν,
261 1033 468 1068 Ἀριστοτέλους
498 1034 545 1068 τὴν
575 1034 758 1069 σμικρολόγον
780 1035 921 1069 πρόνοιαν,

126 1079 219 1105 καὶτὸ
233 1078 369 1113 ἔντεχνον,
388 1081 435 1105 καὶ
450 1079 514 1110 τοὺς
540 1078 655 1114 Θνητοὺς
675 1079 740 1114 περὶ
765 1079 855 1116 ψυχὴν
877 1080 922 1106 λό-

127 1132 205 1159 γους,
224 1125 271 1152 καὶ
284 1125 314 1151 τὸ
329 1124 504 1160 ἀνθρωπικὸν
520 1125 575 1151 τῶν
590 1125 747 1159 δογμάτων.
768 1135 777 1151 ι
798 1125 892 1152 Ταῦτα
907 1125 922 1152 ὁ

126 1171 257 1206 Θεολόγος
268 1172 332 1206 περὶ
345 1171 400 1197 τῶν
418 1170 481 1204 ἔξω.
494 1171 534 1198 Τὰ
544 1171 572 1197 δὲ
584 1172 705 1206 ἡμέτερα
721 1171 793 1204 τίνα,
802 1173 849 1198 καὶ⁸
862 1171 922 1203 πῶς

125 1217 273 1252 ὀφείλομεν
287 1217 474 1251 διαλέγεσθαι,
505 1217 622 1244 ἄκουσον
644 1217 728 1244 αὑτοῦ
748 1217 874 1251 λέγοντος
892 1219 921 1244 ἐν

125 1265 165 1300 τῷ
176 1264 298 1300 δευτέρῳ
313 1263 446 1299 εἰρηνικῷ
458 1272 464 1279 ·
484 1264 591 1290 «Ταῦτα
604 1263 640 1296 ὡς
652 1265 680 1291 ἐν
691 1264 804 1300 βραχέσι
819 1265 921 1300 δογμα-

125 1311 212 1343 τικῶς
229 1311 287 1338 ἀλλ’
302 1311 353 1338 οὐκ
375 1311 567 1345 ἀντιλογικῶς,
597 1311 761 1343 ἀλιευτικῶς
789 1311 847 1338 ἀλλ’
870 1311 919 1338 οὐκ

126 1357 352 1393 ἀριστοτελικῶς,
366 1357 604 1393 ἐκκλησιαστικῶς
623 1357 680 1384 ἀλλ’
696 1358 746 1384 οὐκ
772 1358 918 1393 ἀγοραίως,

126 1403 274 1439 ὠφελίμως
289 1402 348 1430 ἀλλ’
361 1404 410 1430 οὐκ
425 1404 630 1435 ἐπιδεικτικῶς.
651 1413 661 1430 ι
690 1404 734 1430 Ἐν
755 1403 783 1430 δέ
797 1404 835 1439 τῷ
847 1404 920 1439 λόγῳ

126 1447 166 1483 τῷ
183 1448 248 1482 περὶ
261 1449 310 1482 τῆς
327 1449 355 1474 ὲν
368 1449 426 1480 ταῖς
440 1448 591 1481 διαλέξεσιν
608 1449 736 1481 εὐταξίας
750 1449 827 1484 φησί⁸
849 1450 919 1481 «Td;

127 1498 275 1534 Πύρρωνος
297 1499 448 1532 ἐνστάσεις,
467 1498 483 1534 ἢ
509 1499 658 1534 ἐφέξεις,ἣ
685 1499 847 1532 ἀντιθέσεις,
873 1499 919 1526 καὶ

126 1546 182 1573 τῶν
201 1546 366 1581 Χρυσίππου
390 1545 579 1581 συλλογισμῶν
593 1546 642 1578 τὰς
666 1545 815 1578 διαλύσεις,
833 1546 849 1581 ἢ
864 1546 919 1573 τῶν

974 946 1039 973 chra
1055 954 1169 982 corpora
1184 947 1210 974 in
1228 949 1347 975 animam
1363 950 1511 978 subeuntes
1527 958 1644 984 autores,
1658 952 1766 987 Epicuri

974 991 1137 1019 atlieismum
1162 997 1190 1020 et
1215 998 1321 1021 atomos
1337 999 1417 1029 atque
1442 995 1578 1031 indignam
1605 997 1768 1033 philosopho

973 1036 1152 1072 voluptatem,
1170 1039 1326 1068 Aristotelis
1340 1049 1449 1068 avaram
1462 1042 1660 1076 providentiam
1677 1049 1704 1071 et
1721 1051 1767 1072 ar-

973 1082 1127 1116 tiﬁciosam,
1145 1090 1171 1111 et
1192 1086 1321 1113 mortales
1346 1087 1378 1114 de
1391 1088 1481 1115 anima
1497 1096 1647 1122 sermones,
1671 1094 1698 1117 et
1715 1090 1763 1118 hu-

973 1135 1079 1155 manam
1106 1130 1262 1165 dogmatum
1291 1133 1435 1161 rationem.
1458 1143 1467 1159 ι
1488 1134 1551 1162 Haec
1578 1135 1718 1171 theologus
1733 1137 1767 1163 de

972 1175 1098 1202 ethnicis.
1129 1175 1227 1204 Nostra
1253 1183 1343 1205 autem
1369 1187 1431 1215 qua:
1455 1180 1526 1213 sint,
1547 1185 1574 1207 et
1602 1183 1766 1215 quominodo

972 1221 1085 1248 tractari
1099 1221 1225 1255 debeant,
1238 1224 1300 1250 audi
1319 1226 1351 1250 ah
1366 1224 1486 1258 ejusdem
1504 1226 1593 1254 verbis
1606 1227 1631 1254 in
1646 1228 1766 1255 secundo

972 1273 1097 1294 sermone
1127 1267 1160 1295 de
1185 1276 1275 1302 pace:
1294 1278 1304 1295 ι
1330 1269 1392 1297 llaec
1416 1271 1508 1305 paucis
1536 1273 1687 1307 dogmatice
1711 1281 1765 1301 non

971 1312 1152 1346 contentiose,
1178 1314 1324 1347 piscatorio
1345 1324 1420 1344 more
1438 1324 1492 1344 non
1513 1317 1700 1352 Aristotelico,
1715 1319 1766 1347 Ec-

971 1358 1060 1385 clesia:
1089 1366 1140 1386 non
1160 1358 1213 1387 fori
1234 1361 1315 1396 stylo,
1336 1362 1439 1389 utiliter
1451 1371 1504 1390 non
1527 1365 1690 1399 pompatice.
1708 1375 1718 1391 ι
1736 1365 1764 1393 lu

971 1411 1098 1432 sermone
1120 1411 1208 1433 autem
1230 1407 1262 1434 ile
1279 1409 1468 1436 moderatione
1494 1410 1520 1436 iu
1536 1411 1765 1445 disputationibus

972 1450 1105 1477 servanda
1127 1451 1186 1480 ait:
1206 1460 1215 1477 ι
1239 1451 1390 1488 Pyrrhonis
1406 1455 1589 1489 oppositiones
1605 1461 1651 1484 aut
1667 1464 1762 1484 assen-

972 1495 1054 1523 lieudi
1092 1498 1258 1526 retentiones
1283 1507 1314 1526 ac
1342 1500 1543 1534 oppositiones,
1569 1507 1596 1529 et
1619 1502 1763 1538 Chrysippi

971 1542 1188 1576 syllogismorum
1206 1545 1365 1579 solutiones,
1380 1551 1427 1574 aut
1446 1547 1626 1576 Aristotelicas
1638 1549 1705 1576 artis
1717 1557 1763 1576 ar-

135 1579 339 1627 ’Δριστοτέλους
352 1591 455 1626 τεχνῶν
470 1579 527 1627 τὴν.
540 1592 729 1627 κακοτεχνίαν,
751 1593 767 1628 ἢ
787 1579 917 1628 τῆς-Πλά-

975 1587 1084 1615 tilicium
1106 1596 1229 1624 pravum,
1254 1591 1296 1619 vel
1324 1591 1470 1620 Platonica:
1483 1594 1599 1621 suadela:
1616 1595 1764 1630 praestigia,

127 1645 214 1670 τωνος
228 1637 394 1671 εὐγλωττίας
410 1637 444 1663 τὰ
456 1637 643 1671 γοητεύματα,
660 1637 685 1664 οἳ
705 1637 796 1670 κακῶς
814 1639 854 1669 εἰς
869 1637 919 1674 τὴν

133 1683 300 1719 Ἐκκλησίαν
321 1683 401 1719 ἡμῶν
425 1683 605 1718 είσέφρησαν,
624 1682 719 1719 ὥσπερ
733 1683 917 1717 Αίγυπτιακοί

125 1738 198 1761 τινες
215 1730 360 1764 μάστιγες.
380 1738 389 1755 ι
415 1729 512 1764 Ὑμεῖς
527 1728 554 1755 δὲ
572 1728 701 1764 βούλεσθε
717 1730 749 1756 ἐκ
770 1730 820 1764 τῆς
836 1738 918 1756 κακο-

125 1775 235 1811 τεχνίας
250 1774 305 1801 τῶν
326 1774 530 1810 Ἀριστοτέλους
546 1775 649 1810 τεχνῶν
667 1774 851 1810 διαλέγεσθαι,
870 1775 917 1802 καὶ

126 1822 263 1855 μάστιγας
275 1821 480 1855 Αἰγυπτιακοὺς
504 1822 544 1852 είς
557 1821 661 1856 φθορὰν
681 1821 731 1856 τῆς
751 1821 920 1857 Ἐκκλησίας

125 1869 251 1902 ἐπάγειν,
263 1868 316 1894 τῶν
329 1867 458 1903 κηρύκων
469 1867 518 1902 τῆς
528 1868 647 1900 πίστεως
662 1868 898 1904 καταφρονοῦντες
910 1877 917 1902 ;

131 1914 203 1948 Ἐγὼ
218 1914 247 1940 δέ
257 1923 299 1940 σοι
314 1913 503 1949 χαριζόμενος,
515 1913 540 1940 εἰ
551 1913 682 1946 κελεύεις,
699 1915 744 1940 καὶ
755 1915 788 1941 ὲκ
803 1914 858 1942 τῶν
869 1915 918 1942 τοῦ

129 1960 336 1995 Ἀριστοτέλους
356 1960 580 1995 διαλεχθήσομαι,
598 1960 636 1992 ὡς
661 1961 694 1987 ἂν
711 1961 759 1988 ἴδω
772 1961 833 1989 τίνα
847 1963 918 1990 εἰσὶν

124 2006 168 2040 ἐφ’
180 2004 221 2037 οίς
235 2006 420 2041 ὲπερείδεσθε.

168 2050 198 2077 '0
217 2051 280 2077 'El].
293 2051 324 2077 Εί
337 2051 416 2078 τοῦτο
427 2052 564 2088 ποιήσεις,
576 2051 738 2087 θεραπεύεις
749 2054 822 2089 ἡμᾶς
832 2062 838 2069 ·
852 2053 917 2086 ἴσως

124 2095 152 2122 δέ
167 2096 214 2122 καὶ
226 2094 383 2130 σύμφρονες
392 2095 608 2131 εὑρεθησόμεθα.
627 2097 827 2132 Ὑπισχνοῦμαι
837 2098 863 2124 δέ
875 2106 917 2124 σοι

123 2140 165 2167 ὅτι
179 2139 242 2167 οὔτε
260 2139 425 2174 σοφιστικῶς
440 2139 496 2167 οὒτ’
506 2141 652 2175 ἐριστικῶς
668 2140 913 2177 διαλεχθησόμεθα.

164 2187 197 2213 ὐ
208 2187 307 2214 ΘΕΩΡ.
321 2185 358 2213 Εὖ
374 2186 479 2220 λέγεις’
493 2187 624 2222 ἀπόκρινε
646 2186 704 2221 οὖν,
727 2187 773 2215 τὸν
797 2187 916 2224 Χριστὸν

125 2234 192 2268 μίαν
205 2232 303 2259 οὐσίαν
316 2232 407 2266 λέγεις
417 2251 426 2264 ,
444 2232 460 2267 ἢ
474 2233 535 2266 δύος

164 2279 197 2307 '0
224 2279 289 2306 ’EII.
300 2279 374 2306 Μίαν
384 2281 429 2306 καὶ
442 2280 552 2314 ἄτομον.

166 2326 197 2353 '0
211 2327 310 2353 ΘΕΩΡ.
324 2326 380 2361 Τὴν
394 2326 458 2361 μίαν
474 2327 521 2354 καὶ
537 2327 650 2362 ἄτομον,
665 2327 714 2363 τὴν
729 2325 811 2354 οὖσαν
830 2329 859 2354 ἐν
876 2327 915 2362 τῷ

124 2373 246 2409 ἀριθμῷ,
256 2373 332 2408 λέγει
340 2373 530 2408 Ἀριστοτέλης
543 2374 717 2409 ἐπιδέχεσθαι
728 2375 785 2409 ἅμα
794 2375 829 2401 τὰ
837 2376 913 2403 ἐναν-

122 2420 179 2452 τία,
193 2420 210 2456 ἢ
223 2419 272 2452 οὖς
291 2417 354 2446 Οίον
371 2419 453 2454 λέγω,
467 2419 547 2447 τοῦτο
562 2420 592 2446 τδ
604 2420 670 2456 πῦρ,
686 2421 732 2448 καὶ
743 2420 844 2456 θερμὸν
856 2421 914 2457 ἅμα

122 2466 172 2492 καὶ
181 2465 286 2501 ψυχρόν
297 2473 305 2480 ·
320 2465 336 2501 ἢ
353 2465 462 2493 κτιστὺν
479 2466 527 2493 καὶ
537 2466 664 2493 ἄκτιστον
686 2467 716 2494 τὸ
729 2467 806 2501 αὐτὸ,
819 2468 867 2495 καὶ
880 2469 914 2496 τὰ

121 2512 246 2543 τοιαῦτα,
261 2511 277 2546 ἢ
292 2510 342 2544 οὓς

164 2557 194 2584 ὐ
217 2558 283 2585 ἘΠ.
297 2557 440 2592 Οὐδαμῶς.

163 2605 193 2631 ’0
209 2604 309 2632 ΘΕΩΡ.
319 2605 529 2641 Ἐπιδεχόμενος
538 2603 585 2633 οὖν
593 2606 608 2632 ὀ
616 2606 734 2642 Χριστὸς
743 2607 801 2642 ἅμα
818 2607 852 2634 τὰ
866 2607 912 2634 δύο

121 2650 233 2676 ἐναντία
247 2659 254 2666 ·
272 2650 328 2677 ἔστι
343 2651 397 2686 γὰρ
415 2650 523 2682 κτιστδς
539 2651 585 2677 καὶ
598 2651 737 2684 ἄκτιστος,
756 2652 852 2686 θνητὸς
866 2653 913 2679 καὶ

120 2696 267 2728 ἀθάνατος,
277 2696 390 2732 ἔναρχος
406 2697 454 2723 καὶ
469 2697 597 2732 ἄναρχος,
614 2698 710 2733 ὁρατὸς
724 2698 772 2724 καὶ
784 2699 911 2733 ἀόρατος,

120 2744 171 2770 οὐκ
187 2744 265 2770 ἔσται
284 2744 334 2778 μία
344 2743 432 2770 οὐσία.
445 2744 498 2770 Καὶ
508 2744 587 2777 δῆλον
601 2745 633 2771 ἐκ
649 2745 698 2779 τῆς
713 2746 910 2781 ἀντιστροφῆς.

119 2791 150 2817 Εἰ
167 2791 221 2826 γὰρ
241 2792 257 2826 ή
276 2791 326 2826 μία
340 2791 416 2818 οὐσία
431 2791 478 2818 καὶ
489 2792 590 2827 ἄτομος
606 2794 664 2827 ἅμα
688 2794 722 2820 τὰ
738 2794 848 2821 ἐναντία
861 2796 912 2822 οὐκ

119 2835 284 2870 ἐπιδέχεται,
294 2836 352 2862 ἀλλ’
365 2836 416 2862 ἀνὰ
429 2836 511 2871 μέρος
522 2837 575 2862 τῶν
588 2838 717 2864 ἐναντίων
735 2838 910 2865 εἰσὶδεκτικὰ

119 2879 188 2907 κατὰ
201 2882 239 2907 τὸ.
260 2880 450 2915 Σταγειρίτην,
470 2881 500 2907 τὸ
515 2881 707 2918 ἐπιδεχόμενον
718 2882 776 2918 ἅμα
788 2884 820 2910 τὰ
834 2884 910 2910 ἐναν-

971 1631 1043 1660 malo
1056 1640 1121 1661 sane
1139 1634 1229 1662 omine
1246 1635 1274 1662 in
1285 1636 1429 1664 ecclesiam
1443 1644 1565 1666 nostram
1581 1639 1762 1673 irrepserunt,

970 1684 1020 1705 ceu
1048 1680 1170 1713 quaedam
1195 1681 1328 1717 Egyptiae
1355 1683 1451 1719 plagae.
1476 1693 1485 1711 ι
1510 1684 1563 1712 Vos
1585 1693 1650 1712 vero
1677 1686 1763 1712 avetis

972 1724 1109 1753 inalitioso
1123 1725 1276 1755 Aristotelis
1301 1729 1419 1757 artilicio
1444 1731 1591 1764 disserere,
1613 1737 1640 1759 et
1658 1731 1761 1766 ﬂagella

971 1769 1128 1805 Egyptiaca
1159 1772 1191 1798 ad
1209 1771 1338 1801 Ecclesia:
1356 1775 1502 1808 perniciem
1528 1776 1666 1807 inducere,
1693 1785 1761 1804 cou-

971 1815 1080 1850 templis
1097 1816 1157 1843 ﬁdei
1174 1818 1363 1852 praeconibus?
1386 1818 1441 1855 Ego
1455 1820 1632 1848 nihilominus
1656 1826 1685 1849 ut
1701 1822 1761 1856 tibi,

971 1861 1056 1894 slvis,
1072 1863 1221 1897 gratiﬁcer,
1244 1872 1319 1892 more
1343 1873 1450 1900 quoque
1473 1867 1646 1895 Aristolelico
1666 1868 1761 1903 dispu-

971 1908 1043 1941 tabo,
1053 1913 1082 1935 ut
1096 1916 1156 1943 quae
1170 1909 1224 1938 sint
1240 1909 1413 1939 fundamenta
1431 1918 1520 1940 vestra
1532 1921 1705 1950 cognoscam.

1005 2054 1112 2083 EPlSC.
1133 2055 1190 2084 [Ioc
1198 2065 1290 2093 agens,
1307 2067 1356 2087 nos
1370 2060 1564 2095 demereberis,
1583 2063 1650 2091 etin
1665 2065 1758 2092 eadem

969 2101 1085 2130 fortasse
1094 2106 1228 2132 sententia
1238 2113 1297 2133 esse
1306 2107 1468 2136 vidchimur.
1479 2108 1563 2137 Porro
1572 2110 1636 2138 tihis
1643 2111 1758 2146 pontico,

970 2156 1058 2183 neque
1070 2151 1217 2184 sophistice
1226 2160 1276 2179 nos
1285 2153 1470 2188 disputaturos
1478 2164 1566 2191 neque
1579 2159 1759 2188 contentiose.

1005 2194 1133 2223 THEOR.
1171 2197 1264 2224 Recte.
1297 2198 1440 2233 Responde
1467 2201 1548 2237 igitur
1573 2210 1580 2229 :
1609 2202 1758 2237 Christum,

932 2250 954 2277 ι)
970 2248 1050 2267 uuam
1065 2242 1243 2270 substantiam
1260 2244 1329 2272 dicis
1344 2253 1377 2272 aii
1391 2247 1478 2274 duas?

1005 2286 1112 2315 EPlSC.
1137 2287 1222 2315 Unam
1236 2294 1262 2316 et
1274 2290 1478 2320 indivisibilein.

1003 2332 1130 2361 THEOR.
1153 2334 1243 2362 Unum
1259 2341 1286 2364 et
1297 2337 1472 2372 indivisibile,
1484 2340 1555 2373 quod
1569 2342 1601 2368 ad
1613 2349 1757 2370 numerum

966 2379 1094 2414 pertinet,
1111 2380 1185 2408 aitne
1210 2382 1371 2410 Aristoteles
1396 2384 1516 2419 recipere
1531 2387 1679 2418 contraria,
1707 2396 1758 2415 nec

967 2425 1019 2452 ne?
1039 2424 1160 2460 Exempli
1177 2433 1270 2458 causa,
1286 2427 1329 2454 hic
1347 2428 1416 2462 ignis
1433 2429 1551 2457 siuiiilnc
1567 2430 1668 2458 calidus
1679 2438 1757 2460 estet

966 2471 1099 2506 frigidus?
1116 2477 1161 2499 aut
1173 2473 1243 2500 idem
1260 2478 1406 2502 creatusue
1417 2481 1459 2502 est
1472 2481 1498 2503 et
1513 2484 1567 2504 non
1586 2478 1714 2505 creatus?
1729 2483 1757 2507 i-t

964 2518 1016 2545 alia
1028 2518 1126 2546 similia
1141 2519 1230 2547 dicina
1244 2525 1357 2554 queunt,
1377 2528 1427 2548 nec
1443 2522 1497 2549 ne?

1001 2563 1109 2591 EPISC.
1129 2563 1315 2600 Nequaquam.

1000 2608 1127 2637 TllEOR.
1148 2610 1215 2637 Cum
1231 2618 1295 2645 ergo
1310 2612 1435 2640 Christus
1451 2613 1505 2640 duo
1521 2613 1600 2641 simul
1616 2616 1753 2643 contraria

963 2655 990 2682 iu
1006 2664 1035 2684 se
1050 2657 1179 2691 recipiat;
1203 2662 1245 2684 est
1255 2658 1327 2685 enim
1342 2664 1449 2686 creatus
1470 2664 1497 2687 et
1515 2661 1663 2692 iitcreatus.
1681 2670 1756 2689 mor-

965 2701 1025 2728 talis
1042 2707 1069 2728 ct
1086 2702 1257 2734 immortalis,
1274 2710 1335 2730 cum
1351 2704 1483 2738 principio
1495 2710 1522 2731 et
1536 2706 1593 2733 siue
1607 2707 1752 2741 principio,

963 2747 1077 2775 visibilis
1106 2752 1131 2775 et
1162 2747 1321 2781 invisibilis;
1348 2757 1399 2776 una
1425 2750 1577 2778 substantia
1607 2760 1659 2779 non
1690 2754 1753 2780 erit.

963 2793 1043 2828 quue
1057 2801 1089 2820 ex
1110 2801 1241 2821 converso
1264 2800 1425 2828 argumento
1451 2801 1533 2830 patet.
1560 2797 1588 2824 Si
1613 2798 1684 2825 enim
1700 2807 1751 2826 una

962 2839 1115 2866 substantia
1134 2845 1160 2866 et
1185 2840 1369 2872 indivisibilis,
1383 2841 1464 2869 simul
1480 2844 1614 2870 contraria
1639 2852 1691 2870 non
1708 2853 1753 2870 re-

963 2884 1046 2919 cipit;
1075 2886 1120 2914 seil
1136 2890 1228 2913 contra
1245 2888 1316 2921 quod
1333 2890 1374 2914 est
1398 2887 1532 2916 divisibile
1551 2890 1750 2918 contrariorum
