1942 3081
164 154 214 186 ΞΜ

886 149 1103 180 THEORIANI

1742 152 1797 182 292

163 220 205 241 est
231 219 316 247 capax
335 210 482 239 secundum
507 209 655 244 Stagiritcn
669 229 676 241 ,
693 209 817 244 sequitur
835 213 861 236 et
880 209 951 243 quod

1013 207 1059 239 εἷα,
1073 208 1123 233 οὐκ
1139 205 1196 233 ἔστι
1211 207 1258 241 μία
1286 207 1375 234 οὐσία.
1390 207 1442 234 Δύο
1457 207 1512 243 ἄρα
1524 207 1614 234 οὐσίαι
1635 209 1648 234 ό
1663 208 1797 243 Χριστις,

163 260 243 288 simul
271 258 409 286 contraria
439 257 547 290 recipit,
564 264 617 283 nua
641 257 792 283 substantia
818 263 871 282 non
903 255 950 283 sit.

164 307 227 333 Duae
242 305 325 340 igitur
340 304 500 331 substantia:
513 302 649 335 Christus,
669 302 719 330 etsi
742 310 812 329 unus
826 300 952 328 Christus

163 356 205 378 est
219 360 226 377 :
243 356 270 376 et
283 351 430 376 secundum
443 349 551 383 quidem
568 356 649 375 unam
667 351 786 378 creatus,
804 347 952 373 secundum

164 398 277 424 alteram
295 395 433 422 int-reatus
447 403 453 421 :
469 395 725 421 similitermortalis
740 398 767 420 ct
783 391 952 424 immortalis,

164 451 225 470 cum
243 442 378 477 principio
405 446 432 468 et
455 441 513 468 sine
536 441 680 476 principio,
703 445 730 467 et
757 439 851 468 codem
875 439 954 466 modo

166 490 279 524 reliqua.

203 535 248 562 His
279 534 371 566 dictis,
390 533 577 568 interrogabat
603 532 787 559 Theorianum
812 531 955 566 episcopus

165 583 294 618 quidnam
315 583 348 609 de
361 582 497 609 Armeniis
511 580 667 614 judicaret?
683 580 734 612 Qui
750 580 906 614 respondit:
925 579 953 606 ιη

166 628 268 655 divinis
284 627 392 662 quidem
406 626 555 660 Scriptor-is
572 629 693 652 versatos
702 624 847 651 admodum
861 624 957 651 Arme-

158 675 226 702 nios
241 673 372 708 comperi,
392 677 446 700 tum
468 671 572 707 jejunio
587 675 613 699 et
629 670 724 698 orandi
739 671 830 698 studio
843 678 956 704 magno-

167 729 226 748 rum
242 725 399 747 sauctorum
411 718 523 745 aemulos
537 727 543 744 :
563 717 610 745 sed
624 717 656 744 ad
671 717 864 751 disputandum
879 717 957 751 plane

167 767 268 798 rudes;
286 766 415 792 videntur
432 765 505 791 enim
516 763 584 791 mihi
599 763 734 790 rhetorica
746 768 803 790 arte
815 768 842 790 et
856 762 957 790 dialec-

168 815 220 841 tica
249 809 415 848 rr-liqttisque
440 811 588 847 disciplinis
612 815 750 845 expertes.
779 810 869 843 Quare
895 815 956 836 cum

168 859 219 893 ipsi
234 860 284 887 silui
308 861 398 886 fucum
419 859 533 891 faciant,
555 856 714 884 ltallucinari
730 864 760 884 se
785 864 838 883 non
856 855 956 883 intelli-

1005 255 1029 279 εξ
1044 255 1089 279 καὶ
1099 251 1139 284 εἷς
1155 254 1273 288 Χριστός
1286 254 1363 280 ἐστι’
1378 254 1425 280 καὶ
1440 253 1510 280 κατᾶ
1528 254 1578 289 μὲν
1591 253 1641 289 τὴν
1651 253 1726 289 μίαν,
1741 263 1800 280 κτι-

1007 299 1086 331 στὺς,
1104 299 1173 326 κατὰ
1188 299 1217 325 δὲ
1233 299 1282 334 τὴν
1295 300 1403 334 ἑτέραν,
1422 300 1550 331 ἄκτιστος
1562 308 1568 315 ·
1585 299 1716 332 ὡσαύτως
1732 300 1800 334 θνη-

1006 346 1053 376 τὸς
1067 345 1114 371 καὶ
1128 345 1273 378 ἀθάνατος,
1291 345 1406 380 ἔναρχος
1423 346 1469 371 καὶ
1488 346 1617 381 ἄναρχος,
1634 346 1682 373 καὶ
1697 347 1731 374 τὰ
1742 347 1799 373 λοι-

1008 391 1046 417 πὰ
1057 391 1168 427 ὁμοίως.

1044 529 1155 557 Τούτων
1165 529 1238 556 οὕτω
1251 529 1400 565 ῥηθέντων,
1419 527 1515 563 ἠρώτα
1539 528 1553 554 ὁ
1577 528 1727 558 ἐπίσκοπος
1753 528 1800 554 τὸν

1009 577 1164 613 Θεωριανδυ
1191 576 1256 612 περὶ
1279 577 1334 603 τῶν
1358 576 1513 612 ’Λρμενῐων
1535 575 1637 609 λέγων·
1656 575 1801 607 Ποταποὺς

1009 624 1121 657 διέγνως
1135 624 1198 654 τοὺς
1214 620 1399 657 Ἀρμενίους-ς’
1415 622 1444 647 ’0
1459 622 1487 648 δέ
1505 627 1605 655 φησιν’
1627 621 1674 651 Εἰς
1687 620 1737 654 μὲν
1750 619 1800 654 τὴν

1009 670 1083 696 θείαν
1096 670 1206 705 Γραφὴν
1222 668 1453 703 πεπυκνωμένους
1476 669 1609 703 εὑρίσκω,
1634 668 1680 694 καὶ
1693 668 1733 698 εἰς
1751 675 1799 701 νη-

1011 716 1104 742 στείαν
1132 715 1179 741 καὶ
1195 714 1350 750 προσευχὴν
1364 715 1420 745 τοῖς
1434 714 1563 749 μεγάλοις
1578 714 1667 747 ἁγίοις
1679 712 1800 747 ἁμιλλω-

1011 763 1127 798 μένους⁶
1151 761 1191 792 εἰς
1205 761 1234 787 δὲ
1257 761 1288 787 τὸ
1313 760 1520 795 συλλογίζεσθαι
1547 760 1686 791 παντελῶς
1709 758 1801 793 ἀμυή-

1008 815 1090 838 τους·
1110 806 1239 841 ἀμέτοχοι
1252 805 1306 841 γάρ
1325 814 1370 841 μοι
1386 805 1494 832 δοκοῦσι
1514 805 1662 841 ῥητορικῆς
1681 805 1727 831 καὶ
1739 803 1800 830 δια·

1008 853 1136 887 λεκτικῆς
1152 853 1199 879 καὶ
1215 852 1269 878 τῶν
1285 852 1387 879 λοιπῶν
1405 852 1586 887 μαθημάτων.
1600 852 1645 878 Διὸ
1658 844 1703 878 καῖ
1719 850 1800 877 αὐτοὶ

168 909 244 938 gunt.
262 905 344 932 Aiunt
358 904 429 931 enim
447 907 573 930 naturam
588 903 698 937 quidem
718 909 780 929 esse
805 901 957 928 universale

1013 899 1123 930 ἑαυτοὺς
1138 898 1385 934 παραλογιζόμενοι
1401 899 1450 925 οὐκ
1468 899 1559 925 taxo-tv
1571 898 1614 924 ὅτι
1646 896 1800 931 παραλογί-

166 949 231 983 quid
248 954 275 975 et
289 956 451 981 commune;
470 955 612 983 personam
625 954 725 980 autem,
739 948 851 982 partiale
865 951 958 981 utpote

168 995 343 1026 iudivisibile.
369 995 448 1021 sicuti
476 995 558 1021 etiam
587 994 676 1021 sancti
704 993 755 1020 viri
783 993 957 1020 deﬁnierunt.

167 1040 271 1067 Deinde
288 1040 427 1068 Christum
445 1040 522 1067 aiunt
533 1047 592 1067 esse
603 1047 683 1067 unam
699 1047 852 1074 personam,
866 1044 959 1074 utpote

168 1086 232 1120 quid
250 1086 374 1120 parti-ale.
396 1085 428 1112 Et
457 1085 589 1112 hactenus
612 1085 721 1119 quidem
747 1091 822 1113 recte
847 1085 960 1113 ratioci-

170 1137 280 1158 nantur.
300 1131 367 1158 Exin
384 1132 477 1158 dicunt
491 1131 593 1158 ChriSIi
613 1139 694 1158 uuam
720 1138 855 1164 naturam,
878 1139 958 1166 quam

167 1177 224 1211 jam
244 1177 307 1204 fassi
323 1177 431 1205 fuerant
451 1185 510 1205 esse
530 1178 593 1213 quid
612 1178 764 1205 universale
781 1186 789 1205 :
808 1185 894 1212 neque
920 1178 959 1204 in-

170 1223 308 1257 telligunt,
322 1224 392 1256 quod
413 1224 435 1250 si
453 1222 577 1251 Christus
589 1228 631 1251 est
649 1224 711 1257 quid
727 1224 849 1259 partialc,
868 1229 960 1258 utpote

171 1270 216 1303 qui
234 1274 277 1296 est
291 1276 420 1304 peremta,
440 1277 493 1296 una
508 1275 604 1296 natura
619 1277 680 1297 esse
695 1277 746 1297 non
760 1275 848 1305 potest
864 1279 871 1297 :
891 1270 959 1297 alio-

170 1315 236 1350 quin
249 1314 320 1349 quod
333 1314 448 1349 partiale
457 1319 509 1348 est,
519 1320 592 1343 esset
601 1315 771 1349 universale;
786 1314 958 1346 indivisibile,

169 1367 243 1390 esset
261 1361 383 1396 species;
401 1361 473 1396 quod
499 1369 609 1396 prorsus
634 1361 692 1389 fieri
713 1369 767 1388 non
786 1367 882 1396 potest.
904 1360 961 1388 Etsi

170 1409 241 1436 enim
258 1408 387 1441 dicimus,
403 1409 543 1443 superiora
560 1409 700 1442 praedicari
718 1408 751 1435 de
774 1408 960 1441 inferioribus,

172 1455 226 1483 hoc
242 1460 332 1482 tamett
350 1454 377 1481 in
399 1454 588 1489 philosophico
609 1459 713 1482 tantum
733 1454 874 1487 vocabulo,
891 1456 961 1489 quod

171 1505 199 1528 et
211 1500 353 1535 physicum
366 1499 477 1533 dicitur,
491 1507 583 1527 verum
596 1500 700 1533 evadit;
714 1508 766 1527 non
779 1505 868 1526 autem
884 1499 910 1526 in
922 1507 962 1526 ar-

173 1545 275 1573 tiﬁciali
303 1545 444 1576 vocabulo.
467 1546 540 1579 quod
570 1546 652 1572 etiam
680 1545 797 1580 logicum
827 1545 962 1580 appellant

1010 944 1113 976 ζονται.
1125 944 1245 978 Λέγουσι
1259 944 1314 979 γὰρ
1328 943 1375 979 τὴν
1390 944 1439 979 μὲν
1467 944 1550 978 φύσιν
1577 942 1690 969 καθόλου
1708 950 1734 968 τι
1752 941 1800 968 καὶ

1010 990 1110 1023 κοινὸν,
1134 989 1206 1016 ⁸’τὸ-δὲ
1224 990 1371 1024 πρόσωπον
1389 989 1501 1024 μερικὸν
1524 989 1562 1020 ὡς
1578 989 1689 1023 ἄτομον,
1706 985 1801 1018 καθὼς

1010 1037 1057 1063 καὶ
1071 1037 1097 1062 oi
1111 1037 1183 1070 ἅγιοι
1201 1035 1288 1063 ταῦτα
1296 1037 1447 1071 ὡρίσαντο.
1460 1034 1526 1062 Εἶτα
1543 1035 1588 1062 τὸν
1603 1034 1720 1070 Χριστὸν
1731 1034 1800 1068 ὁμο-

1009 1083 1136 1118 λογοῦσιν
1151 1083 1181 1110 ἓν
1199 1083 1346 1118 πρόσωπον
1363 1083 1401 1114 ὡς
1419 1083 1542 1118 μερικον.
1563 1082 1618 1109 Καὶ
1636 1082 1715 1116 μέχρι
1735 1079 1800 1106 τού-

1010 1139 1056 1157 του
1072 1131 1161 1162 καλῶς
1178 1130 1315 1164 λέγουσιν.
1338 1130 1454 1156 Ἔπειτα
1483 1129 1593 1163 λέγουσι
1609 1128 1655 1154 τὸν
1682 1126 1802 1162 Χριστὸν

1013 1178 1076 1212 μίαν
1092 1177 1182 1211 φύσιν,
1200 1178 1232 1213 ἣν
1249 1175 1428 1211 ὡμολόγησαν
1442 1175 1557 1202 καθόλου
1575 1184 1601 1201 τι
1611 1173 1691 1200 εἶναι’
1712 1173 1758 1200 καὶ
1769 1173 1800 1198 οὐ

1010 1224 1175 1256 νοοῦσιν,ὃτι
1188 1224 1248 1249 ἐπεὶ
1262 1224 1276 1249 ό
1287 1223 1403 1258 Χριστὸς
1417 1222 1530 1258 μερικόν
1542 1223 1610 1254 ἐστι,
1626 1221 1662 1252 ὼς
1673 1220 1703 1246 δν
1714 1220 1802 1255 πρόσ-

1011 1279 1095 1303 ωπον,
1127 1270 1157 1297 οὐ
1172 1269 1285 1297 δύναται
1303 1267 1373 1296 εἶναι
1390 1269 1438 1304 μία
1457 1269 1554 1303 φύσις·
1570 1266 1587 1303 ἦ
1603 1269 1657 1302 γὰρ
1677 1267 1710 1293 ἂν
1721 1267 1800 1292 ἔσται

1011 1318 1041 1345 τὸ
1060 1318 1172 1353 μερικδν
1189 1317 1316 1349 καθόλου,
1333 1316 1379 1343 καὶ
1393 1315 1423 1342 τὸ
1436 1315 1539 1350 ἄτομον
1556 1312 1638 1345 εἶδος,
1655 1315 1723 1348 ὅπερ
1734 1313 1802 1340 ἁδύ-

1011 1373 1102 1392 νατον.
1116 1365 1146 1390 Εἰ
1161 1363 1215 1399 γὰρ
1231 1364 1279 1390 καὶ
1288 1363 1404 1397 λέγομεν
1428 1363 1469 1389 ὅτι
1484 1363 1518 1389 τὰ
1530 1362 1623 1388 ἐπάνω
1635 1362 1802 1395 κατηγορεῖ-

1011 1420 1057 1438 ται
1071 1410 1125 1437 τῶν
1145 1410 1287 1441 ὑποκάτω,
1315 1409 1383 1436 ἀλλὰ
1410 1408 1490 1436 τοῦτο
1505 1408 1633 1443 ἀληθεύει
1654 1407 1725 1434 κατὰ
1750 1407 1802 1442 τὴν

1012 1457 1105 1493 φωνὴν
1122 1457 1171 1493 τὴν
1183 1456 1327 1491 φιλόσοφον
1344 1456 1435 1490 μόνον,
1456 1456 1517 1489 ἥτις
1534 1455 1580 1481 καὶ
1601 1455 1704 1490 φυσικὴ
1723 1454 1804 1488 λὲγε-

1011 1511 1066 1534 ται,
1083 1503 1113 1528 οὐ
1131 1502 1183 1537 μὴν
1193 1501 1264 1528 κατὰ
1278 1502 1328 1536 τὴν
1342 1500 1470 1536 τεχνικὴν
1494 1500 1585 1535 φωνὴν
1613 1501 1646 1535 ἢν
1661 1500 1709 1526 καὶ
1728 1499 1803 1534 λογι-

1012 1550 1063 1584 κὴν
1073 1547 1249 1583 ὀνομάζουσιν
1263 1548 1287 1574 οἱ
1302 1548 1366 1583 περὶ
1380 1547 1468 1573 ταῦτα
1482 1547 1580 1573 δεινοί·
1597 1546 1724 1581 τεχνικὴν
1736 1546 1799 1580 μὲν,

172 1591 253 1626 hujus
276 1591 425 1626 disciplinae
440 1591 630 1626 professores:
654 1591 795 1619 artiliciale
822 1592 960 1623 nimirum,

1013 1596 1049 1627 ὡς
1063 1596 1168 1630 εὕρεμα
1180 1595 1288 1630 τέχνης,
1311 1594 1341 1620 οὐ
1359 1593 1479 1628 φύσεωςο
1497 1593 1608 1628 λογικὴν
1626 1593 1664 1625 δὲ,
1687 1593 1727 1619 ὅτι
1748 1592 1802 1627 τῆς

173 1642 266 1672 utpote
286 1637 354 1664 artis
369 1637 509 1664 inventura
523 1645 576 1664 non
594 1642 714 1671 natur-az;
738 1637 855 1673 logicum
871 1643 960 1664 autem

173 1683 237 1716 quin
251 1687 355 1716 spectat
371 1683 404 1709 ad
422 1683 535 1717 logicam
550 1682 733 1717 disciplinain,
747 1689 807 1718 quae
820 1688 861 1711 est
872 1683 960 1718 philo-

172 1728 278 1762 sophiae
292 1736 435 1762 organum,
451 1736 503 1754 non
529 1727 712 1763 philosophia.
726 1728 755 1755 lu
773 1729 961 1764 philosophica

172 1774 283 1808 quidem
301 1773 442 1805 vocabulo,
467 1774 632 1800 universalia
648 1774 830 1809 praedicantur
847 1775 880 1800 de
898 1781 961 1808 par-

174 1818 304 1851 tialibus;
322 1818 347 1844 id
361 1823 404 1845 est
422 1818 553 1845 inferiora
571 1819 706 1853 accipiunt
722 1823 749 1845 et
760 1826 857 1845 nomen
873 1826 905 1846 ac
918 1820 963 1846 de-

173 1863 326 1890 finitionem
342 1863 515 1898 superiorum
532 1873 539 1891 :
558 1864 674 1899 exempli
691 1871 784 1898 causa,
806 1864 902 1892 Petrus
921 1870 964 1892 est

173 1908 266 1942 homo,
278 1909 358 1937 homo
376 1914 417 1937 est
444 1909 556 1942 animal,
576 1917 641 1945 ergo
657 1910 753 1938 Petrus
779 1915 823 1939 est.
844 1912 924 1938 homo
936 1915 963 1938 et

174 1955 285 1982 animal.
309 1954 442 1982 Similiter
457 1955 645 1983 definitionem
670 1963 779 1991 quoque
802 1957 920 1985 hominis
936 1963 963 1985 et

174 2001 299 2029 animalis
317 2001 414 2028 Petrus
429 2002 526 2037 recipit
544 2011 550 2028 :
567 2006 608 2029 est
620 2004 692 2029 cnim
713 2002 814 2030 animal
831 2004 964 2031 rationale

174 2051 201 2073 et
213 2047 327 2074 mortale
336 2046 446 2079 Petrus,
458 2054 491 2074 ac
503 2047 655 2075 substantia
667 2048 785 2075 animata
793 2053 820 2076 et
831 2048 962 2076 sentiens.

174 2093 214 2121 En
231 2100 259 2121 ut
273 2094 299 2122 in
319 2095 509 2130 philosophico
525 2096 659 2124 vocabulo
675 2096 803 2124 inferiora
827 2097 964 2132 recipiunt

175 2140 256 2167 etiant
271 2141 443 2175 superiorum
460 2149 558 2169 nomen
572 2146 599 2168 et
610 2141 803 2169 definitionem.
822 2142 963 2170 Verumta-

176 2192 238 2212 men
255 2186 282 2213 in
299 2186 387 2221 logico
399 2186 531 2213 vocabulo
548 2186 574 2214 id
593 2194 646 2214 non
661 2187 795 2214 usuveuit.
810 2187 877 2214 Nam
891 2189 962 2222 quod

1012 1641 1126 1676 λογικῆς
1140 1642 1198 1667 ἐστι
1214 1640 1416 1676 πραγματείας,
1437 1639 1498 1674 ἥτις
1517 1639 1635 1673 ὅργανὲν
1650 1640 1708 1665 ἑστι
1725 1638 1804 1673 φιλο-

1013 1687 1121 1722 σοφίας,
1140 1687 1169 1713 οὑ
1183 1686 1337 1721 φιλοσοφία.
1363 1686 1424 1712 Ἐπὶ
1441 1686 1491 1720 μὲν
1510 1686 1564 1721 γὰρ
1588 1686 1639 1720 τῆς
1654 1686 1802 1720 φιλοσόφου
1843 1716 1846 1717 ν

1013 1733 1105 1768 φωνῆς
1119 1734 1153 1760 τὰ
1171 1732 1285 1759 καθόλου
1301 1733 1493 1767 κατηγορεῖται
1513 1732 1567 1758 τῶν
1583 1732 1714 1768 μερικῶν,
1727 1738 1804 1758 τουτ’

1012 1780 1117 1807 ἐστιτὰ
1130 1779 1260 1806 ὑποκάτω
1290 1779 1446 1813 ἐπιδέχεται
1468 1779 1515 1805 καὶ
1537 1779 1567 1805 τὸ
1589 1779 1676 1814 ὄνομα
1694 1780 1741 1805 καὶ
1756 1780 1803 1806 τὸν

1012 1827 1075 1861 ὅρον
1088 1826 1143 1853 τῶν
1155 1826 1246 1852 ἐπάνω
1257 1833 1263 1840 ·
1278 1822 1335 1851 οῖον
1346 1826 1360 1852 ό
1380 1824 1481 1860 Πέτρος
1504 1825 1579 1851 ἐστὶν
1608 1824 1656 1851 ἄνθ
1663 1833 1764 1860 ρωπος,
1790 1826 1804 1852 ὀ

1014 1874 1061 1900 ἄνθ
1068 1873 1157 1909 ρωπός
1174 1874 1232 1898 ἐστι
1248 1872 1279 1898 τδ
1290 1871 1370 1904 ζῶον,
1382 1873 1396 1898 ὁ
1407 1872 1510 1906 Πέτρος
1525 1871 1579 1907 ἄρα
1595 1871 1643 1898 καὶ
1658 1872 1804 1908 ἄνθρωπός

1013 1921 1073 1947 ἐστι
1090 1916 1136 1946 καὶ
1151 1919 1231 1951 ζῶον.
1255 1918 1394 1950 Ὡσαύτως
1407 1919 1453 1945 καὶ
1466 1920 1514 1944 τὸν
1523 1919 1586 1953 ὅρον
1596 1919 1644 1945 τοῦ
1655 1919 1803 1953 ἀνθρώπου

1014 1964 1061 1991 καὶ
1074 1964 1121 1991 τοῦ
1136 1963 1205 1995 (dico
1217 1962 1371 1998 ἐπιδέχεται
1382 1964 1395 1989 ό
1405 1963 1507 1998 Πέτρος
1519 1971 1526 1978 ·
1540 1963 1587 1989 καὶ
1596 1964 1649 1998 γάρ
1663 1964 1720 1990 ἐστι
1733 1964 1804 1996 ζῶον

1013 2010 1121 2045 λογικὸν
1138 2009 1236 2045 θνητὸν
1247 2010 1261 2035 ό
1277 2009 1392 2043 Πέτρος,
1407 2009 1455 2035 καὶ
1470 2009 1549 2035 οὐσία
1564 2009 1685 2044 ἔμψυχος
1704 2009 1804 2045 αἰσθη-

1014 2055 1088 2090 τική.
1113 2054 1179 2080 Ἰδοὺ
1195 2053 1243 2079 ἐπὶ
1259 2054 1308 2088 τῆς
1324 2053 1469 2087 φιλοσόφου
1496 2054 1588 2088 φωνῆς
1614 2054 1648 2080 τὰ
1674 2054 1805 2080 ὑποκάτω

1016 2100 1176 2135 ὑποδέχεται
1195 2099 1284 2126 καὶτὸ
1307 2099 1392 2134 ὄνομα
1404 2099 1453 2125 καὶ
1468 2099 1514 2125 τὸν
1531 2100 1594 2134 ὅρον
1617 2099 1672 2126 τῶν
1697 2100 1802 2128 ἐπάνω.

1022 2145 1084 2172 Ἐπὶ
1105 2146 1133 2172 δὲ
1153 2145 1203 2180 τῆς
1222 2144 1337 2179 λογικῆς
1361 2144 1453 2179 φωνῆς
1476 2144 1557 2171 τοῦτο
1576 2145 1606 2170 οὐ
1631 2145 1754 2179 γίνεται·
1773 2146 1804 2171 τὸ

1015 2192 1070 2227 γὰρ
1084 2192 1186 2226 ἄτομον
1214 2191 1277 2218 οὔτε
1302 2189 1372 2223 εἶδος
1397 2191 1522 2226 λέγεται,
1548 2191 1611 2218 οὔτε
1627 2192 1715 2226 γένος,
1740 2192 1804 2219 οὔτε

176 2235 218 2257 est
228 2230 403 2264 indivisibile,
424 2238 513 2266 neque
522 2231 628 2266 species
642 2231 751 2264 dicitur,
766 2239 854 2267 neque
865 2240 960 2267 genus,

1016 2237 1077 2263 ἐστὶ
1089 2237 1119 2263 τδ
1133 2237 1204 2264 κατὰ
1225 2237 1358 2263 πλειόνων
1376 2237 1422 2263 καὶ
1432 2237 1615 2273 διαφερόντων
1629 2238 1667 2273 τῷ
1681 2238 1803 2274 ἀριθμιῖ,

175 2283 267 2311 neque
292 2282 334 2305 est
361 2277 477 2312 plurale,
496 2285 583 2312 neque
608 2285 722 2305 nurnero
747 2276 847 2310 diﬂ’ert,
875 2285 965 2313 neque

176 2323 241 2350 item
264 2323 365 2358 specie,
394 2331 455 2351 cum
481 2324 545 2359 quid
562 2324 598 2351 sit
620 2325 790 2359 praedicatur.
817 2323 862 2351 Sic
885 2330 914 2352 et
937 2325 963 2351 in

175 2369 286 2398 Christo
302 2369 422 2396 accidit:
442 2376 502 2396 nam
520 2376 664 2404 personam
691 2370 799 2404 quidem
818 2370 906 2403 ipsum
922 2369 965 2397 di-

176 2415 266 2443 cimus
283 2421 311 2443 et
327 2415 507 2451 hypostasim,
524 2423 577 2443 non
599 2421 690 2443 tamen
712 2421 836 2444 naturam
853 2425 860 2443 :
877 2424 965 2452 neque

176 2462 249 2489 enim
265 2466 371 2489 naturae
383 2469 481 2489 nomen
493 2462 535 2489 vel
546 2462 730 2490 definitionem
748 2463 858 2498 recipit;
876 2463 964 2498 siqui-

177 2508 238 2534 dem
253 2507 379 2535 Christus
395 2515 448 2534 non
468 2511 510 2535 est
526 2512 614 2535 motus
625 2512 652 2535 et
664 2508 763 2542 quietis
789 2508 962 2543 principium,

177 2560 238 2587 qua:
251 2557 354 2579 natura:
370 2552 489 2580 deﬁnitio
503 2559 555 2580 est.
574 2552 640 2580 Nam
658 2560 784 2587 persona,
801 2555 964 2589 hypostasis,

177 2598 390 2631 indivisibilitas,
406 2600 521 2633 species,
536 2607 623 2634 genus
645 2604 673 2627 et
688 2600 798 2633 similia,
811 2608 864 2628 non
880 2602 965 2636 perti-

179 2649 244 2671 nent
261 2644 294 2671 ad
312 2645 501 2679 philosophica
522 2645 655 2673 vocabula
666 2653 715 2673 seu
732 2646 855 2682 physica,
870 2647 917 2674 sed
929 2647 962 2674 ad

177 2690 263 2726 logica
276 2698 325 2718 seu
334 2691 487 2718 artilicialia
499 2700 506 2718 :
520 2699 601 2726 porro
613 2693 802 2720 uuivcrsalitas
813 2693 965 2721 communis

178 2735 313 2767 vocabuli,
344 2737 377 2763 de
399 2737 560 2770 partialibus
586 2745 638 2764 non
667 2738 840 2773 praedicatur.
869 2737 965 2773 Itaque

179 2780 356 2815 philosophici
372 2782 495 2810 vocabuli
511 2783 691 2811 diﬂerentiarn
705 2793 719 2811 a
733 2785 821 2819 logico
836 2785 964 2820 ignoran-

179 2829 220 2851 tes
236 2825 368 2859 Armenii,
379 2827 505 2861 imperite
514 2829 795 2864 miscentpugnantia,
806 2830 868 2865 quia
877 2837 966 2865 neque

179 2870 242 2904 quid
258 2871 348 2899 dicant
363 2879 451 2907 neque
465 2873 529 2908 quid
545 2874 688 2909 allirment,
704 2875 866 2911 intelligunt.

1016 2284 1033 2319 ἦ
1047 2284 1085 2319 τῷ
1099 2283 1164 2310 εῖδει
1177 2285 1206 2310 ὲν
1229 2283 1269 2319 τῷ
1280 2284 1307 2310 τι
1317 2284 1375 2310 ἐστι
1395 2284 1642 2319 κατηγορούμενον.
1662 2286 1740 2313 Οὕτω
1756 2288 1805 2314 καὶ

1016 2329 1062 2355 ἐπὶ
1076 2330 1123 2356 τοῦ
1147 2329 1267 2364 Χριστοῦ
1285 2330 1431 2365 πρόσωπον
1453 2331 1502 2366 μὲν
1517 2331 1633 2368 λέγομεν
1652 2333 1733 2360 αὑτὸν
1756 2335 1804 2361 καὶ

1016 2375 1175 2407 ὑπόστασιν,
1192 2375 1222 2401 οὐ
1248 2375 1301 2411 μὴν
1322 2376 1370 2403 καὶ
1389 2377 1470 2411 φύσιν
1483 2385 1490 2393 ·
1508 2377 1569 2404 οὔτε
1590 2379 1646 2414 γὰρ
1666 2380 1696 2406 τὸ
1717 2379 1804 2415 suam

1015 2420 1065 2455 τῆς
1077 2423 1196 2455 φύσεως,
1223 2421 1284 2449 οὔτε
1313 2423 1358 2449 τὸν
1381 2423 1443 2458 ὅρον
1465 2424 1643 2460 ὑποδέχεται·
1659 2426 1721 2453 οὐδὲ
1749 2428 1804 2463 γὰρ

1015 2467 1123 2500 λέγεται
1148 2469 1162 2494 ό
1189 2468 1307 2503 Χριστὸς
1332 2469 1403 2505 ἁρχὴ
1436 2471 1569 2505 κινήσεως
1593 2473 1641 2499 καὶ
1664 2473 1802 2509 ἠρεμίας·

1015 2511 1095 2538 τοῦτο
1110 2513 1165 2547 γὰρ
1181 2513 1254 2541 ἐστιν
1270 2514 1390 2549 ἡφύσις.
1404 2515 1440 2542 Τὸ
1452 2516 1505 2552 γὰρ
1526 2517 1683 2553 πρόσωπον,
1701 2521 1716 2554 ἠ
1736 2521 1806 2547 ὑπό-

1017 2566 1124 2591 στασις,
1140 2560 1188 2585 καὶ
1200 2559 1231 2585 τὸ
1244 2559 1354 2594 ἄτομον,
1377 2561 1423 2587 καὶ
1439 2561 1469 2587 τὸ
1488 2561 1559 2594 εἶδος
1570 2582 1577 2594 ,
1595 2563 1642 2590 καὶ
1666 2565 1695 2590 τὸ
1713 2566 1803 2599 γένος,

1016 2604 1062 2630 καὶ
1074 2604 1108 2630 τὰ
1119 2604 1242 2637 τοιαῦτα,
1257 2605 1307 2632 οὐκ
1328 2607 1381 2633 εἰσὶ
1392 2608 1441 2642 τῆς
1457 2608 1603 2643 φιλοσόφου
1617 2611 1720 2646 φωιῆς,
1741 2613 1803 2647 ἤτοι

1016 2651 1065 2684 τῆς
1084 2651 1215 2686 φυσικῆς,
1228 2652 1296 2678 ἀλλὰ
1311 2653 1360 2688 τῆς
1380 2653 1503 2689 λογικῆς,
1528 2656 1587 2690 ἦτοι
1602 2659 1731 2692 τεχνικῆς
1742 2666 1749 2673 ·
1768 2659 1806 2686 τὰ

1015 2695 1043 2722 δὲ
1059 2696 1176 2724 καθόλου
1189 2697 1240 2731 τῆς
1269 2698 1416 2733 καθολικῆς
1444 2702 1534 2736 φωνῆς
1557 2701 1587 2727 οὐ
1607 2704 1806 2738 κατηγορεῖται

1015 2742 1069 2768 τῶν
1087 2743 1218 2777 μερικῶν.
1233 2743 1265 2770 Οἱ
1280 2743 1345 2777 γοῦν
1358 2745 1519 2778 ἀγνοοῦντες
1538 2748 1587 2782 τὴν
1604 2747 1736 2784 διαφορὰν
1753 2751 1804 2785 τῆς

1016 2787 1162 2822 φιλοσόφου
1189 2791 1291 2825 φωνῆς,
1313 2790 1346 2825 ἣν
1369 2790 1425 2826 ἔχει
1451 2792 1520 2828 πρὸς
1543 2794 1592 2829 τὴν
1617 2794 1740 2831 λογικὴν,
1760 2805 1806 2832 μι-

1015 2833 1170 2868 γνύουσιτὰ
1189 2835 1293 2870 ἄμικτα
1317 2837 1441 2871 ἀμαθῶς,
1467 2839 1505 2874 μὴ
1533 2839 1714 2874 γινώσκοντες
1739 2845 1806 2879 περὶ

1017 2879 1087 2912 τίνος
1099 2879 1234 2914 λέγουσιν,
1251 2881 1267 2916 ἢ
1285 2882 1349 2916 περὶ
1364 2883 1435 2915 τίνος
1450 2884 1680 2914 διαὸεΰαιοῦνται.
1808 2882 1811 2884 ξ
