1942 3081
103 162 154 193 295i

781 162 1012 193 DISPUTATIO
1032 163 1078 193 Il.

1690 161 1745 194 2M.

141 219 171 244 '0
185 217 253 244 'sn.
271 217 304 244 Τί
321 225 362 243 σοι
376 216 453 244 δοκεῖ
468 216 534 253 περὶ
566 216 677 252 αὐτῶνς
700 216 899 255 Ἐνωθήσςινται

989 218 1096 246 EPISC.
1108 217 1178 251 Quid
1195 217 1243 245 tibi
1255 218 1287 246 de
1297 218 1436 247 Armeniis
1446 217 1554 245 videtur
1565 217 1577 244 ?
1587 216 1747 245 Vobiscum-

101 263 161 299 μεθ’
180 262 272 297 ὑμῶν,
286 262 304 297 ἢ
318 261 367 295 05;

142 307 172 334 '0
184 307 285 334 ΘΕΩΡ.
303 307 386 334 Ὅσον
406 307 478 334 κατὰ
489 307 520 335 τδ
529 308 636 345 Θέλημα
646 308 693 335 τοῦ
703 308 857 336 Καθολικοῦ
871 307 902 340 ἐξ

100 355 223 386 ἅπαντος
239 354 317 381 ἔσται
334 355 350 389 ἠ
366 354 476 386 ἓνωσις.

148 402 178 429 ’0
193 401 260 427 'Ell.
278 400 417 427 Δύσκολον
427 400 508 427 τοῦτο
517 401 619 433 αὐτοῖς·
633 400 719 427 πολλὰ
734 402 788 436 γάρ
803 398 901 426 εἰσιτὰ

99 448 256 484 διείργοντα
269 456 277 462 ·
293 448 367 483 ὅμως
381 447 544 483 ἀκηκόαμεν
558 448 634 483 παρὰ
656 448 762 474 πολλῶν
776 448 816 474 ὅτι
836 455 900 474 συν-

100 496 233 530 έρχονται
259 495 325 530 ὑμῖν
340 493 387 521 νῦν
413 495 442 520 ὲν
463 494 577 521 ἅπασιν.
608 494 708 529 Ἡμεῖς
732 494 760 521 δὲ
777 495 801 520 οἱ
816 493 898 529 Σύροι

99 541 171 568 Θεοῦ
191 541 286 576 χάριτι
302 540 440 576 ἡνωμένοι
456 540 540 576 ἐσμὲν
556 540 630 567 κατὰ
645 540 735 567 πάντα
754 541 810 571 τοῖς
831 539 900 566 Ῥω-

102 588 195 622 μαίοις
212 588 290 623 ὑμῖν,
319 587 388 622 πλὴν
414 587 494 618 ἑνός·
516 586 562 613 τὸν
582 587 701 621 Χριστὸν
727 587 757 613 οὐ
784 587 901 621 λέγομεν

99 632 149 659 δύο
163 634 272 666 οὐσίας,
290 632 333 660 ἵνα
357 633 394 669 μή
416 640 459 664 τις
474 633 505 659 ὲν
519 635 552 668 τῇ
575 633 673 668 Τριάδι
689 633 835 669 προσθήκη
851 633 900 668 γέ-‹

94 687 195 714 νηται,
219 680 267 706 καὶ
293 679 454 715 εὑρεθῶμεν
475 680 594 714 τετράδα
613 680 662 707 καὶ
685 681 714 707 οὺ
733 681 836 716 Τριάδα
857 679 900 707 σέ·

102 725 214 756 6οντεγ
231 725 343 752 Μονάδα
358 726 413 761 γὰρ
424 725 473 752 καὶ
488 725 594 761 Τριὰδα
612 725 688 761 παρὰ.
699 725 753 753 τῶν
770 726 900 758 Πατέρων

101 772 151 798 καὶ
165 771 307 799 πιστεύειν
323 772 378 806 ,καὶ
401 771 546 807 ὁμολογεῖν
572 772 766 808 ἐδιδάχθημεν,
791 772 822 798 οὐ
845 771 900 807 μὴν

104 817 211 852 μονάδα
235 817 283 844 καὶ
305 817 442 853 τετράδα”
457 817 506 845 καὶ
520 817 564 844 διὰ
582 817 661 844 τοῦτο
674 817 791 853 λέγομεν
803 817 901 853 ὁμοού-

103 871 162 889 σιον
191 863 223 889 τὸ
252 864 332 898 σῶμα
345 864 384 899 τῷ
406 863 497 899 Λόγῳ,
517 865 561 891 ῐνα
581 864 619 901 μὴ
638 864 808 900 ὲτεροούσιὸν
822 873 849 891 τι
864 865 897 900 τῇ
913 891 937 921 Β

102 909 203 944 Τριάδι
219 910 420 944 προσάψωμεν.

149 955 180 980 '0
195 954 293 981 θΕΩΡ.
309 955 480 991 Προείρηκεν
493 956 598 984 ἄνωθεν
613 958 630 992 ὴ
643 956 783 993 ἀγιωσύνη
796 966 842 985 σου
859 958 899 985 ὅτι

103 999 135 1025 ὲν
153 998 242 1025 οὐδενὶ
259 999 332 1026 ἔθνει
349 999 421 1027 οὕτω
431 1001 512 1035 σοφία
521 1001 731 1036 ὲμπολιτεύεται
742 1003 801 1033 νῦν,
816 1003 854 1033 ὡς
871 1004 900 1030 ὲν

102 1045 143 1081 τῷ
160 1046 233 1072 ἔθνει
250 1046 306 1072 τῶν
321 1046 418 1082 Σύρων
431 1055 438 1062 '
457 1047 505 1074 καὶ
519 1047 566 1075 νῦν
581 1048 684 1082 ἀκούω,
703 1049 744 1075 ὅτι
763 1049 808 1076 διὰ
822 1049 901 1076 τοῦτο

102 1093 135 1119 οὺ
155 1092 252 1127 λέγετε
266 1093 315 1120 δύο
336 1093 434 1126 οὐσίας
452 1094 497 1121 τὸν
521 1095 650 1130 Χριστὸν,
669 1096 711 1122 ἵνα
736 1095 774 1132 μὴ
787 1096 900 1131 γένηται

103 1139 235 1174 τετρὰςή
257 1140 343 1175 Τριάς
358 1148 366 1156 ·
384 1140 464 1166 τοῦτο
487 1141 636 1177 τοιγαροῦν
659 1143 791 1176 ἐκφυγεῖν
808 1143 901 1177 βουλό-

105 1193 194 1219 μενοι,
211 1185 306 1219 λέγετε
321 1186 369 1213 τὸν
384 1187 470 1221 Λόγον
487 1187 525 1222 τῷ
539 1187 646 1224 σώματι
657 1189 804 1222 ὀμοούσιον
817 1197 824 1206 ·
834 1197 900 1216 ταυ-

104 1231 152 1259 τδν
168 1231 199 1258 δὲ
215 1232 303 1259 εἰπεῖν
315 1233 458 1266 ὁμοούσιον
470 1234 501 1261 τὸ
518 1234 597 1269 σῶμα
610 1234 648 1270 τῷ
662 1235 752 1270 Λόγῳ.

146 1278 178 1305 ὐ
198 1279 263 1305 ἘΠ.
281 1279 318 1306 Εὖ
333 1279 433 1314 λέγεις,
453 1280 524 1307 οὕτω
541 1280 670 1316 λέγομεν.

146 1325 178 1352 '0
190 1325 289 1354 ΘΕΩΡ.
301 1327 357 1353 Καὶ
373 1327 427 1363 μὴν
438 1326 485 1353 ἐὰν
493 1326 607 1363 λέγηται
622 1327 653 1354 τὸ
669 1327 751 1364 σῶμα
758 1328 902 1363 ὀμοούσιον

103 1372 145 1407 τῷ
166 1372 257 1408 Λόγῳ,
278 1373 339 1399 τότε
356 1373 457 1408 μᾶλλον
476 1374 580 1400 ποιεῖτε
592 1373 642 1409 τὴν
654 1374 757 1409 Τριάδα
770 1375 900 1410 τετράδα,

105 1417 155 1445 καὶ
174 1418 328 1453 ὲμπίπτετι
356 1419 396 1450 εις
410 1418 522 1453 βόθυνον
545 1418 574 1445 ὃν
599 1418 744 1453 διαφυγεῖν
766 1419 901 1446 διασπου-

105 1464 204 1497 δάζετε
218 1474 225 1481 ·
247 1466 297 1493 καὶ
320 1465 419 1492 ταυτὸν
445 1465 613 1497 σπουδάζετε
637 1466 694 1497 τοῖς
712 1466 783 1502 ὑπὲρ
798 1466 846 1493 τοῦ
863 1467 900 1502 μὴ

106 1509 256 1536 ἀποθανεῖν
277 1509 388 1536 πίνουσι
411 1509 538 1538 κώνειον.
559 1510 615 1536 Καὶ
639 1509 721 1537 τοῦτο
745 1509 901 1546 βουλομένῳ

954 274 987 293 ne
1004 266 1214 300 conjungentur.
1233 264 1340 291 necne?

988 309 1115 337 TllEOlt.
1126 309 1204 342 Quod
1215 310 1321 344 quidem
1337 310 1433 337 attinet
1449 309 1481 336 ad
1493 308 1634 337 Generulis
1646 312 1748 342 roletm,

952 364 1063 391 promis
1081 356 1126 383 ﬁet
1142 356 1217 383 unio.

987 402 1095 430 EPISC.
1116 403 1237 431 Arduum
1254 403 1305 430 hoc
1331 408 1372 430 est
1388 403 1542 436 Armeniis;
1573 402 1657 429 multa
1675 401 1748 428 enim

951 456 998 476 eos
1017 455 1130 478 arcent:
1153 450 1328 477 nihilomintts
1351 457 1365 476 a
1381 449 1474 477 tttultis
1502 450 1668 480 audivimus.
1688 450 1749 475 illos

951 502 1023 521 nunc
1043 495 1180 522 \obiscnm
1198 495 1224 522 in
1241 495 1366 522 onmibus
1390 495 1560 529 conspirare.
1587 494 1641 522 Nos
1657 501 1747 522 autem

952 540 1027 575 Syri,
1038 540 1084 568 Dei
1096 540 1239 572 beneﬁcio,
1255 541 1393 568 vobiscum
1406 541 1432 567 itt
1455 533 1581 567 oinnibus
1598 541 1748 567 concordes

950 593 1054 617 sumus,
1089 594 1141 612 uno
1167 592 1293 620 excepto,
1323 594 1420 621 nempe
1441 586 1513 621 quod
1540 586 1643 617 Christi
1679 586 1748 613 duas

951 632 1122 659 substantias
1148 640 1200 659 non
1228 633 1354 664 dicimus,
1371 640 1404 660 ne
1429 633 1502 667 quod
1530 633 1746 660 additamentum

951 678 1079 705 Trinitati
1114 678 1169 712 fiat,
1200 679 1331 713 nobisque
1357 679 1462 706 accidat
1495 680 1746 714 ntquaternionrm

950 732 1001 759 pro
1018 723 1153 752 Trinitate
1171 725 1305 752 colamus.
1322 725 1444 760 Namque
1460 725 1597 753 Unitatcm
1609 734 1641 753 ac
1654 725 1746 753 Trini-

953 775 1034 797 tatem
1052 770 1163 798 crcdere
1175 775 1203 798 et
1216 772 1338 798 confiteri
1355 779 1370 799 a
1383 772 1510 799 Patribus
1534 772 1622 799 edocti
1636 779 1743 805 sumus,

951 824 1005 844 non
1036 822 1125 844 autent
1158 818 1290 845 unitatem
1317 823 1345 845 et
1372 819 1602 853 quaternionem:
1631 818 1747 854 ideoque

951 864 1186 891 consubstantiale
1213 865 1329 892 dicimus
1357 872 1457 899 corpus
1484 864 1587 898 Verbo,
1625 873 1658 893 ne
1682 867 1747 901 quid

952 909 1063 936 alterius
1079 909 1240 936 substantia:
1252 909 1379 937 Trinitati
1391 909 1583 944 adiungamus.

989 955 1118 982 'I‘HEOR.
1140 954 1220 982 Modo
1241 955 1348 982 dixerat
1372 956 1503 983 sanctitas
1527 961 1586 990 tua,
1614 957 1685 984 nulla
1719 958 1746 985 in

952 1006 1032 1036 gente
1056 1008 1132 1035 teque
1161 1009 1232 1029 tmnc
1260 1002 1365 1029 versari
1390 1003 1551 1036 sapientiam
1576 1008 1656 1038 atque
1676 1003 1746 1038 apud

953 1048 1048 1083 Syros.
1072 1048 1141 1076 Ecce
1167 1053 1256 1076 autem
1282 1048 1373 1080 audio,
1403 1057 1450 1077 vos
1484 1049 1550 1076 duas
1578 1050 1747 1078 'substantias

951 1093 1087 1122 Christum
1107 1102 1159 1122 non
1181 1095 1282 1126 dicere,
1298 1103 1332 1122 ne
1343 1095 1461 1123 Trinitas
1481 1097 1579 1123 eradat
1592 1096 1746 1131 quaternio.

953 1140 988 1168 Ut
1003 1148 1067 1176 ergo
1082 1140 1108 1168 id
1124 1140 1225 1173 vitetis,
1248 1139 1367 1167 Verbum
1381 1141 1490 1176 corpori
1513 1141 1748 1169 consubstantiale

952 1187 1064 1214 dicitis:
1087 1186 1200 1221 perinde
1221 1186 1294 1214 enim
1320 1191 1362 1214 est
1388 1194 1486 1222 c0rpus
1515 1188 1748 1216 consubstantiaie

953 1232 1043 1261 Verbo
1058 1233 1159 1261 dicere.

987 1278 1095 1307 EPISC.
1116 1278 1199 1306 Recte
1218 1279 1268 1311 ais,
1282 1279 1322 1307 sic
1337 1279 1463 1308 dicimus.

988 1324 1116 1353 THEOR.
1136 1325 1218 1360 Atqui
1245 1326 1267 1353 si
1285 1333 1384 1358 corpus
1402 1325 1634 1354 eonsubstantiale
1660 1325 1748 1355 Verbo

952 1371 1070 1404 dicatur,
1084 1377 1147 1398 tunc
1163 1372 1251 1405 potius
1273 1372 1305 1398 de
1320 1371 1453 1399 Trinitate
1479 1371 1568 1400 facitis
1587 1374 1747 1407 quaternio-

953 1425 1029 1451 nem;
1043 1422 1071 1445 et
1091 1424 1174 1452 quam
1197 1416 1300 1443 foveam
1319 1417 1403 1444 vitare
1419 1417 1544 1449 stutletis,
1560 1417 1586 1444 itt
1603 1425 1662 1444 eam
1675 1418 1748 1445 deci-

953 1464 1038 1492 tlitis:
1058 1463 1184 1498 idemque
1199 1462 1289 1490 facitis
1310 1463 1428 1490 cicutam
1449 1464 1615 1496 bibentibus,
1631 1471 1665 1491 ne
1685 1472 1746 1491 ino-

953 1512 1068 1538 riuntnr.
1086 1510 1172 1543 Quam
1194 1517 1250 1536 rem
1263 1509 1363 1536 volenti
1381 1509 1428 1536 tibi
1442 1509 1571 1544 perfacile
1590 1509 1745 1537 estintelli-

106 1563 150 1584 σοι
167 1555 260 1590 ῥᾴδιον
276 1555 458 1591 καταμαθεῖν.
470 1556 508 1583 T6
523 1557 667 1593 ὁμοούσιον
681 1558 725 1593 ἑφ*
743 1557 804 1590 ἐνὸς
819 1567 899 1594 προσ-

956 1563 1029 1590 grrc.
1045 1554 1297 1587 Consubstnntiale,
1313 1554 1340 1581 in
1360 1562 1412 1582 una
1431 1562 1547 1589 persona
1563 1563 1616 1582 non
1629 1556 1745 1587 dicitur;

107 1602 183 1629 ώπου
203 1603 233 1629 οὐ
262 1602 372 1637 λέγεται
386 1611 394 1620 '
412 1603 473 1631 οὐδὲ
488 1603 544 1639 γὰρ
571 1603 681 1638 λέγεται
704 1612 732 1631 τι
754 1604 898 1640 ὀμοούσιον

107 1649 175 1675 αὐτὸ
191 1649 292 1684 ἑαυτῷ,
306 1649 375 1676 ἀλλὰ
389 1650 499 1682 πάντως
522 1650 592 1685 πρὸς
616 1650 712 1686 ἕτερον
727 1651 877 1686 πρόσωπον
889 1659 897 1667 θ

106 1696 164 1723 τῶν
178 1697 247 1731 πρός
269 1705 294 1722 τι
307 1697 362 1731 γάρ
377 1697 452 1723 ἐστιν
467 1704 474 1711 ·
496 1693 552 1724 οἷον
579 1697 610 1724 τὸ
633 1698 778 1732 ὁμοούσιον
802 1699 900 1733 όμοου-

108 1743 168 1769 σίου
200 1742 345 1777 ὁμοούσιον
373 1743 494 1777 λέγεται.
519 1743 616 1770 Τοίνυν
641 1744 655 1770 6
679 1744 766 1778 Λόγος
790 1744 900 1779 λέγεται

107 1789 146 1823 τῷ
167 1789 257 1823 Πατρὶ
273 1789 416 1824 ὸμοοὺσιος
431 1796 438 1804 ·
454 1789 550 1824 ἕτερον
576 1789 723 1824 πρόσωπον
747 1790 870 1824 δηλονότι
885 1791 900 1818 6

107 1835 216 1871 Πατὴρ,
241 1836 288 1862 καὶ
313 1835 407 1870 ἕτερον
423 1837 437 1862 6
453 1835 519 1867 Υἱὸς
539 1837 553 1862 6
572 1835 611 1871 τῷ
640 1836 730 1872 Πατρὶ
746 1837 898 1871 ὀμοούσιος.

113 1882 179 1908 Ἐὰν
206 1879 254 1908 οὖν
270 1881 394 1917 δώσομεν
422 1882 468 1908 καὶ
482 1881 513 1909 τὸ
533 1881 614 1917 σῶμα
630 1881 788 1918 καθ’,ὗμᾶς,
802 1882 902 1918 ὀμοού-

108 1937 167 1955 σιον
183 1927 223 1962 τῷ
233 1928 324 1963 Λόγῳ,
339 1927 558 1963 εὑρίσκεταιικαὶ
571 1929 600 1955 τδ
611 1928 691 1963 σῶμα
705 1928 798 1963 ἕτερον
813 1929 900 1964 πρόσ-

108 1981 184 1999 ωπον
201 1972 278 2006 παρὰ
294 1971 341 1998 τὸν
354 1971 429 1998 Υἱόν.
447 1971 555 2006 ’Ὠσπερ
569 1971 624 2008 γὰρ
635 1972 649 1998 6
663 1972 739 2005 Υἱὸς,
756 1972 901 2007 ὀμοούσιος

106 2019 145 2045 ὢν
161 2018 200 2053 τῷ
215 2018 314 2053 Πατρὶ,
329 2018 424 2053 ἕτερον
440 2017 588 2052 πρόσωπόν
603 2019 663 2045 ἐστι
681 2018 758 2054 παρὰ
774 2019 820 2046 τὸν
842 2019 900 2046 Πα-

106 2067 186 2099 τέρα,
198 2064 271 2091 οὗτω
290 2063 338 2090 καὶ
352 2063 383 2090 τὺ
400 2064 490 2098 σῶμα,
504 2063 551 2090 ἐὰν
566 2063 711 2099 ὁμοούσιον
756 2065 794 2100 τῷ
807 2065 898 2100 Λόγῳ,

106 2110 201 2145 ἕτερον
218 2108 367 2144 πρόσωπόν
383 2108 441 2134 ἔστι
454 2109 530 2144 παρὰ
547 2109 594 2136 τὸν
613 2108 696 2136 Υιὸν·
714 2111 762 2136 καὶ
774 2109 900 2145 εὑρίσκε-

106 2165 153 2183 ται
168 2157 182 2182 6
196 2156 260 2188 Υἱὸς
276 2156 324 2182 δύο
342 2154 478 2189 πρόσωπα
495 2154 575 2190 ἔχων,
598 2155 635 2187 ὡς
648 2156 662 2182 6
680 2155 828 2190 Νεστόριος
843 2156 901 2183 ἐλε-

107 2210 168 2236 γεν.
188 2201 307 2236 Ἐχομεν
320 2199 349 2225 δὲ
366 2200 414 2226 καὶ
433 2200 463 2226 τὸ
481 2199 594 2233 Πνεῦμα
616 2198 760 2233 ὁμοούσιον
782 2199 822 2235 τῷ
841 2201 899 2227 Πα-

106 2248 152 2282 cpt
170 2247 217 2273 καὶ
228 2246 267 2280 τῷ
279 2245 335 2280 Υἱῷ
350 2254 357 2261 ·
375 2245 422 2271 καὶ
432 2245 488 2272 ἰδοὺ
501 2245 625 2281 τετρὰςή
638 2245 727 2281 Τριὰς
744 2247 892 2282 προφανῶς

108 2292 170 2319 καθ’
186 2293 259 2327 ὑμᾶς
275 2300 282 2307 ·
300 2290 456 2326 προσώπων
480 2292 547 2328 γὰρ,
574 2291 625 2319 οὐκ
646 2292 758 2324 οὐσιῶν,
771 2293 789 2328 ἡ
802 2292 897 2328 Τριάς.

107 2341 171 2367 Κὰκ
180 2338 278 2365 τούτου
292 2337 450 2372 εὑρίσκεται
464 2337 495 2363 τὸ
510 2337 590 2372 σῶμα
610 2338 756 2373 ὸμοούσιον
772 2338 802 2364 οὐ
819 2338 900 2372 μόνον

107 2388 146 2423 τῷ
165 2386 232 2422 Υξῷ,
249 2385 320 2412 ἀλλὰ
333 2385 382 2412 καὶ
394 2384 434 2419 τῷ
453 2384 541 2419 Πατρὶ
563 2385 611 2411 καὶ
633 2384 673 2420 τῷ
700 2384 852 2420 Πνεύματι.
869 2386 900 2412 El

108 2433 162 2468 γὰρ
191 2432 337 2466 ὀμοούσιος
358 2432 372 2457 ὁ
388 2430 475 2464 Λόγος
502 2430 542 2465 τῷ
559 2430 648 2466 Πατρὶ
676 2431 747 2458 κατὰ
774 2431 824 2466 τὴν
844 2431 900 2458 τῶν

108 2478 239 2514 Πατέρων
255 2475 417 2511 ὁμολογίαν,
435 2474 567 2506 ὡσαύτως
582 2475 630 2502 καὶ
641 2475 680 2510 τῷ
695 2475 846 2511 Πνεύματι,
861 2476 899 2507 ὡς

108 2523 193 2550 ᾶπαςι
218 2521 366 2556 πρόδηλον.
399 2519 560 2555 Ὀμοούσιον
583 2519 612 2546 δὲ
635 2521 666 2546 τὸ
682 2521 763 2555 σῶμα
788 2520 827 2556 τῷ
841 2520 899 2556 Υἱῷ

108 2570 167 2596 καθ’
189 2569 274 2604 ὑμᾶ;,
287 2566 432 2602 ὸμοούσιον
446 2566 562 2598 πάντως
571 2567 632 2593 ἐστὶ
646 2566 678 2593 τὺ
695 2567 775 2602 σῶμα
789 2567 828 2602 τῷ
843 2567 899 2594 Πα-

107 2617 152 2650 τρὶ
175 2617 224 2642 καὶ
240 2613 310 2648 ἁγίῳ
327 2612 477 2646 Πνεύματι.
501 2612 557 2639 Καὶ
583 2612 758 2648 εὑρίσκονται
777 2614 899 2647 τέσσαρα

107 2662 236 2697 ἀλλήλοις
252 2659 395 2695 ὀμοούσισ..
418 2659 473 2686 Καὶ
496 2658 644 2693 φεύγοντες
657 2658 706 2694 τὴν
719 2660 844 2695 τετράδα,
860 2661 899 2691 εἰς

107 2709 191 2743 αὲτὴν
202 2708 228 2734 οἱ
244 2706 385 2741 φιλόσοφοι
402 2705 617 2741 ὲμπεπτώκατε,
633 2704 670 2737 ὥς
684 2713 766 2740 φησιν
781 2706 796 2732 6
811 2706 899 2740 μέγας

113 2755 275 2784 Ἀδανάσιος
299 2754 328 2779 ἐν
344 2754 377 2788 τῇ
395 2753 462 2788 πρὺς
487 2751 651 2786 Ἐπικτητον
675 2752 826 2778 ἐπίσκοπον
842 2753 898 2779 Ko-

109 2802 219 2837 ρινοίων
245 2799 401 2835 ἐπιστολῇ·
426 2808 435 2824 ι
465 2798 559 2825 Ταῦτα
590 2797 662 2824 οὕτω
691 2798 835 2832 λέγοντες,
867 2799 897 2824 οὺ

108 2848 215 2875 νοοῦσιν
238 2848 313 2877 ὅπως
335 2846 443 2877 ἑαυτοῖς
465 2844 688 2880 περιπίπτουσιν.
705 2853 714 2870 ι
740 2844 809 2879 Ἐγὼ
833 2845 899 2871 θαυ-

110 2894 188 2930 μάζω
216 2893 276 2926 πῶς
301 2892 331 2920 ἐν
354 2890 509 2928 φιλοσοφίᾳ,
539 2891 576 2923 ὡς
604 2891 669 2927 φὴς,
691 2890 897 2926 ἀσχολούμενος,

952 1601 1124 1636 nequeenim
1150 1600 1289 1635 quidpiam
1316 1600 1416 1628 dicitur
1432 1600 1543 1628 sibimet
1565 1601 1747 1628 consubstan-

953 1647 1024 1678 tiale.
1042 1646 1090 1674 sed
1115 1647 1227 1674 omnino
1242 1646 1294 1674 hoc
1319 1646 1479 1673 vocabulum
1504 1647 1530 1674 in
1547 1647 1660 1673 alteram
1688 1654 1744 1674 rem

952 1692 1052 1726 tendit;
1073 1699 1116 1720 est
1132 1692 1202 1719 enim
1229 1699 1262 1719 ex
1283 1691 1317 1720 iis
1338 1699 1398 1726 qua:
1414 1691 1447 1718 ad
1465 1692 1537 1718 aliud
1563 1691 1718 1719 referuntur
1736 1699 1743 1718 :

951 1738 988 1766 ita
1006 1744 1034 1765 ut
1051 1739 1123 1773 quod
1139 1742 1182 1765 est
1207 1737 1439 1765 consubstantiale
1456 1738 1692 1770 consubstantiali,
1718 1738 1744 1765 id

951 1784 1182 1812 consubstantiale
1210 1784 1327 1812 dicatur.
1353 1783 1479 1811 Jamvero
1504 1783 1621 1811 Versum
1643 1784 1744 1811 dicitur

950 1832 1024 1859 Patri
1059 1832 1290 1859 consubstantiale
1321 1840 1329 1858 :
1357 1835 1399 1859 est
1437 1838 1502 1866 ergo
1536 1831 1587 1858 alia
1627 1839 1742 1864 persona

950 1877 1041 1910 Pater,
1056 1877 1107 1904 alia
1123 1877 1208 1905 Filius
1223 1878 1269 1912 qui
1287 1877 1360 1905 Patri
1375 1877 1616 1905 consubstantialis
1633 1883 1684 1905 est.
1712 1878 1741 1906 Si

950 1931 1015 1958 ergo
1025 1930 1058 1950 ex
1072 1923 1206 1950 sententia
1218 1926 1308 1950 vestra
1319 1923 1511 1955 concedamus,
1528 1930 1626 1957 corpus
1635 1931 1743 1958 quoque

951 1969 1184 1998 eonsubstantiale
1206 1976 1266 1996 esse
1287 1968 1387 2002 Verbo,
1400 1968 1455 2002 jam
1481 1973 1508 1996 et
1531 1977 1630 2003 corpus
1659 1969 1741 1997 aliam

950 2022 1096 2051 personam
1114 2021 1174 2042 esse
1201 2015 1394 2049 comperimus,
1426 2019 1523 2050 praeter
1540 2014 1649 2042 Filium.
1673 2015 1741 2043 Nam

950 2061 1030 2089 sicuti
1055 2061 1119 2095 quia
1133 2061 1218 2089 Filius
1232 2067 1271 2088 est
1281 2060 1355 2088 Patri
1369 2061 1618 2095 consubsuantialis,
1635 2062 1741 2089 diversa

950 2117 965 2137 a
982 2109 1062 2138 Patre
1072 2117 1186 2145 persona
1202 2110 1309 2143 evadit;
1334 2110 1371 2137 ita
1397 2110 1478 2137 etiam
1495 2117 1595 2145 corpus
1608 2110 1740 2144 siquidem

950 2155 1040 2185 Verbo
1056 2152 1286 2184 consubstantiale
1311 2157 1358 2190 sit,
1374 2157 1481 2185 diversa
1510 2165 1524 2183 a
1543 2157 1610 2184 Filio
1628 2164 1741 2192 persona

951 2205 1002 2231 erit
1020 2212 1027 2231 :
1048 2203 1225 2238 sequiturque
1241 2208 1269 2230 ut
1284 2202 1370 2230 Filius
1388 2204 1456 2230 duas
1481 2210 1611 2238 personas
1633 2203 1740 2235 habent,

951 2255 981 2277 ut
996 2248 1136 2277 Nestorius
1152 2249 1250 2276 aiebat.
1278 2249 1330 2276 Sed
1346 2249 1478 2276 habemus
1502 2249 1584 2276 etiam
1609 2248 1741 2283 Spiritum

952 2301 1076 2324 sanctum
1089 2295 1163 2324 Patri
1177 2294 1301 2330 Filioque
1316 2295 1575 2323 consubstantialem
1589 2302 1596 2321 :
1612 2301 1644 2322 en
1660 2295 1741 2329 igitur

952 2342 1095 2370 manifeste
1117 2342 1143 2369 in
1168 2342 1301 2369 sententia
1321 2346 1412 2370 vestra
1428 2341 1571 2377 quaternio
1585 2347 1633 2374 pro
1648 2340 1741 2367 Trini-

952 2390 1017 2413 tate.
1050 2386 1098 2413 Est
1123 2386 1194 2413 enim
1213 2393 1401 2421 personarum,
1435 2393 1487 2413 non
1515 2386 1738 2418 substantiarum,

951 2431 1080 2460 Trinitas.
1108 2431 1153 2459 Sic
1180 2440 1244 2467 ergo
1259 2433 1397 2460 accideret
1423 2436 1453 2459 ut
1479 2439 1577 2466 corptts
1594 2439 1647 2458 non
1671 2430 1739 2457 Filio

951 2478 1037 2506 solum
1048 2483 1122 2506 esset
1135 2477 1375 2511 consubstantialc,
1389 2477 1436 2505 sed
1451 2477 1532 2504 etiam
1546 2475 1619 2503 Patri
1633 2479 1659 2502 et
1674 2476 1739 2510 Spi—

951 2524 1028 2551 ritui.
1043 2524 1071 2551 Si
1096 2524 1168 2551 enim
1191 2522 1308 2551 Verbum
1335 2523 1408 2550 Patri
1438 2527 1479 2549 est
1496 2522 1737 2560 consubstantiale,

948 2570 1025 2605 juxta
1040 2570 1150 2598 Patrum
1168 2570 1378 2601 confessionem,
1397 2575 1473 2603 usque
1496 2572 1538 2595 est
1557 2567 1739 2594 consubstan-

953 2617 1015 2645 tiale
1030 2617 1155 2651 Spiritui,
1174 2623 1204 2644 ut.
1218 2623 1312 2644 omnes
1332 2616 1465 2643 sentiunt.
1480 2615 1574 2649 Itaque
1590 2614 1612 2642 si
1627 2621 1737 2648 corpus,

951 2667 980 2690 ut
998 2670 1044 2690 vos
1058 2663 1161 2694 dicitis.
1178 2661 1408 2689 consubstantiale
1433 2660 1503 2688 Firto
1518 2665 1569 2694 est,
1595 2660 1664 2687 idem
1680 2660 1740 2687 sine

951 2709 1031 2736 dubio
1047 2716 1144 2742 corpus
1158 2708 1230 2735 Patri
1259 2714 1367 2742 quoque
1383 2712 1410 2734 et
1425 2707 1538 2741 Spiritui
1564 2711 1658 2734 sancto
1675 2713 1740 2733 eon-

951 2754 1129 2782 substautiale
1147 2754 1210 2781 erit.
1234 2753 1267 2781 Et
1283 2761 1316 2781 en
1331 2758 1447 2787 quatuor
1470 2753 1542 2780 inter
1567 2760 1597 2780 se
1623 2751 1740 2779 consub-

950 2800 1098 2828 stautialia.
1115 2800 1214 2832 Quare,
1234 2807 1249 2826 ο
1265 2799 1428 2834 philosophi,
1450 2800 1512 2826 dum
1532 2798 1738 2834 qualernionem

949 2846 1052 2882 fugitis,
1068 2846 1095 2873 in
1108 2853 1170 2874 eum
1193 2845 1329 2879 inciditis;
1345 2850 1376 2873 ut
1391 2846 1430 2873 ait
1450 2852 1563 2881 magnus
1573 2843 1740 2871 Athanasius

950 2892 978 2920 in
997 2891 1116 2927 Epistula
1131 2891 1166 2920 ad
1178 2892 1327 2928 Epictetum
1342 2892 1545 2921 Corinthiorum
1559 2891 1736 2927 episcopum:
