1942 3081
143 138 149 141 ν
187 125 241 157 995

899 125 1118 157 ΤΗΕΟΠῙᾹΝΙ

1766 124 1821 156 9ςὸ

189 194 200 211 ί
236 183 299 211 ἰίιιιο
330 183 392 211 dum
427 183 519 215 aiunt,
559 182 631 218 quod
665 190 694 210 se
727 181 802 218 ipsos
831 188 973 216 evertant,

1033 184 1142 215 ἑαυτοὺς
1152 183 1273 219 ἀτέχνως
1289 183 1515 219 παραλογίζεσθε.
1536 183 1654 220 Πέρυσιν
1669 185 1682 211 ὁ
1702 185 1755 220 πρὸ
1772 186 1819 212 σοῦ

186 231 322 257 nesciunt.
362 238 371 255 ι
409 229 466 263 Ego
493 236 556 256 vero
584 229 686 263 miror,
713 229 848 265 quomodo
872 236 920 256 vos
949 233 978 257 ut

187 277 275 304 dicitis
305 277 331 302 in
357 275 529 309 philosophia
557 275 667 308 nutriti,
698 275 807 302 incaute
833 275 908 302 vobis
927 275 976 309 ipsi

187 321 325 356 negotium
341 320 489 348 facessitis.
503 319 573 347 Olim
592 319 722 352 Joannes,
737 325 797 347 tuus
809 321 834 347 in
853 319 977 351 Cessunii

186 368 341 402 episwpatu
367 367 514 398 decessor,
549 367 740 393 Armeniorum
778 366 909 401 synodum
935 373 978 393 me

186 413 299 440 absente
318 413 466 447 ingressus,
493 412 696 446 itnperitissima
714 419 780 438 voce
806 411 888 438 missa
913 419 978 438 con-

186 465 292 485 sessum
308 466 415 485 omnem
438 457 615 492 perturbavit.
633 457 730 485 Paucis
748 464 810 484 vero
828 456 978 492 interjectis

186 505 281 532 diebus
308 512 404 532 rursus
436 503 522 532 adfuit
547 512 591 531 me
620 508 752 538 prmsetrte
785 504 810 530 in
847 503 976 542 synodo:

185 558 302 585 cumque
328 551 374 579 ille
393 551 520 585 congredi
540 550 632 582 nollet,
653 554 746 584 utpote
762 550 808 584 qui
836 550 862 577 in
890 550 977 577 aliena

185 597 289 631 synodo
307 601 472 627 versaretur.
494 604 544 631 ego
561 598 594 623 ad
613 596 803 623 Armeniorum
817 595 976 624 Generalem

185 643 266 669 verba
286 642 336 670 feci
355 652 362 670 :
378 648 434 669 tum
450 642 584 670 sermonis
610 643 662 669 mei
688 649 823 670 summam
853 643 879 670 in
907 649 977 677 prae-

186 691 288 719 dictum
306 692 464 727 episcopum
476 692 651 726 detorquens,
666 691 832 726 deprompsi,
856 692 975 724 domine,

185 739 328 772 quresitum
343 738 407 766 illud
421 738 532 772 quodin
549 739 640 773 priore
654 738 835 772 disputatione
846 737 976 773 scriptum

185 788 228 811 est
255 791 341 818 usque
371 783 404 810 ad
435 784 514 811 verba
535 792 542 810 :
565 792 574 810 ι
600 782 665 810 Sine
689 783 840 817 patriarcha
869 789 939 810 meo.
965 791 974 808 I

185 829 238 857 Sed
265 838 327 857 eum
357 830 403 857 illo
431 830 538 864 quidem
571 829 748 864 philosophiae
777 830 883 864 ignaro,
914 834 978 857 tunc

1029 231 1076 257 τοῦ
1095 231 1257 258 Κεσσουνίου
1270 231 1421 262 ἐπίσκοπος
1432 231 1570 265 Ἰωάννης,
1594 231 1820 267 παραγενόμενος

1029 279 1058 304 ὲν
1078 279 1111 313 τῇ
1141 278 1242 313 συνόδῳ
1265 277 1320 304 τῶν
1346 277 1499 312 Ἀρμενίων
1522 277 1638 308 ἀπόντος
1662 277 1741 311 ἐμοῦ,
1771 277 1822 304 καὶ

1029 324 1123 358 φωνῆς
1142 324 1284 358 ἀλογίστου
1309 323 1358 359 τὴν
1375 323 1485 350 σύνοδον
1500 323 1642 358 διετάραξε
1656 332 1663 339 ·
1685 325 1732 350 καὶ
1750 324 1822 358 μετά

1028 379 1105 402 τινας
1118 371 1224 406 ἡμέρας
1240 370 1322 396 πάλιν
1334 371 1425 405 παρῆν
1443 371 1524 401 αὐτὸς
1540 370 1619 404 κάγὼ
1640 372 1673 406 τῇ
1697 371 1798 405 συνόδῳ
1809 378 1820 385 ·

1029 417 1090 443 ἐπεὶ
1106 417 1134 443 δὲ
1151 419 1291 452 συντυχεῖν
1314 419 1418 448 ἐκεῖνος
1440 417 1490 444 οὐκ
1507 417 1658 452 ἠϐουλήθη,
1684 417 1720 448 ὡς
1740 417 1822 452 δῆθεν

1030 461 1131 496 συνόδῳ
1147 461 1309 497 προστυχὼν
1323 462 1466 498 ἀλλοτρίᾳ,
1485 464 1553 498 πρὸς
1572 464 1622 498 μὲν
1638 463 1684 488 τὴν
1701 462 1822 489 Καθολι-

1029 507 1078 533 κδν
1088 507 1142 534 τῶν
1163 507 1314 542 Ἀρμενίων
1330 508 1375 534 τὸν
1397 509 1476 543 λόγον
1493 509 1666 544 ἐποιησάμην
1682 508 1736 541 ἐγώ
1749 517 1756 524 ·
1774 507 1822 534 τὸν

1029 550 1091 576 νοῦν
1107 551 1135 577 δὲ
1152 550 1199 577 τοῦ
1215 550 1297 584 λόγου
1317 552 1385 586 πρὸς
1396 552 1442 578 τὸν
1457 553 1577 587 ῥηθέντα
1591 552 1741 578 ἐπίσκοπον
1753 551 1822 579 ἁπο-

1028 597 1184 632 τεινόμενος
1209 597 1288 632 ἔφην,
1304 598 1433 631 δέσποτα,
1465 599 1596 634 ἐρώτημα
1626 599 1695 633 ὅπερ
1710 598 1821 633 ἐγράφη

1029 643 1150 676 ὄπισθεν,
1160 644 1212 676 ἕως
1224 645 1271 671 τοῦ
1291 655 1300 670 ί
1315 645 1397 672 Ἀνευ
1409 645 1456 672 τοῦ
1468 645 1534 680 ἐμοῦ
1547 646 1718 682 πατριάρχου
1728 644 1785 680 (39)
1798 654 1821 671 ι.

1035 689 1106 716 Ἀλλ’
1125 690 1222 725 ἐκείνῳ
1240 691 1290 726 μὲν
1307 692 1368 719 τότε
1391 692 1653 726 παραδειγματικῶς
1674 692 1710 722 ὡς
1724 691 1823 725 ἀφιλο-

1030 735 1117 770 σόῳῳς
1142 736 1183 762 σοὶ
1197 736 1225 762 δὲ
1236 736 1282 763 νῦν
1296 736 1334 768 ὡς
1348 737 1486 772 φιλοσόφῳ
1498 737 1618 771 λογικῶς
1634 737 1799 772 ἀποδέδειχα
1812 744 1820 751 ·

1029 781 1126 818 ἐκείνῳ
1146 782 1196 817 μὲν
1212 782 1254 809 ὅτι
1276 783 1306 810 οὐ
1325 783 1430 818 γίνεται
1443 783 1541 819 τετρὰς
1557 785 1573 818 ἡ
1591 784 1688 820 Τριὰς,
1711 783 1755 810 διὰ
1770 783 1822 817 τὴν

1029 828 1191 864 προσθήκην
1204 829 1254 864 τῆς
1272 830 1368 865 ἐτέρας
1394 830 1501 864 φύσεως
1511 831 1565 867 (40)
1581 840 1588 848 '
1607 831 1648 858 σοὶ
1659 831 1686 857 δὲ
1704 831 1744 857 ὃτι
1760 832 1822 856 τότε

185 876 308 910 exemplo
337 877 439 903 abusus
459 884 538 909 sunt;
559 883 631 903 nunc
658 883 721 902 vero
741 875 787 902 tibi
806 875 975 910 pltilosopho,

1033 875 1134 910 μᾶλλον
1147 877 1253 909 γίνεται
1268 879 1368 912 τετρὰς
1380 879 1396 912 ἡ
1411 878 1508 914 Τριὰς,
1529 879 1592 905 ὅταν
1617 878 1760 914 ὀμοοὺσιον
1780 877 1822 903 εἰς

185 922 298 956 logicam
326 921 410 949 obtuli
442 922 711 948 demonstrationem.
738 921 772 948 Et
798 920 835 948 illi
868 922 976 955 quidem

185 969 270 1003 suasi,
301 976 353 996 non
389 969 447 996 ﬁeri
477 969 510 996 de
541 968 674 996 Trinitate
706 968 912 1003 quaternionem
943 970 976 996 ob
1009 969 1121 999 alterius
1152 977 1257 1000 naturae
1294 973 1493 1008 adjectiouem;

1033 931 1130 958 πωμεν
1143 923 1174 950 τὸ
1192 924 1271 959 σῶμα
1282 925 1315 959 τῇ
1336 925 1383 951 τοῦ
1399 926 1486 959 Λόγου
1504 925 1622 960 θεότητι.

1539 974 1587 1001 tibi
1614 981 1678 1001 vero
1703 974 1824 1005 ostendi,

190 1023 253 1044 tunc
273 1017 394 1044 maxime
413 1016 582 1044 deTrinitate
599 1017 655 1043 fieri
673 1017 879 1051 quaternionem
890 1036 899 1050 ,
915 1024 978 1044 curn
999 1024 1098 1051 corpus
1112 1020 1263 1048 dixerimus
1277 1022 1511 1049 eonsubstantiale
1524 1020 1605 1049 Verbi
1622 1021 1767 1048 divinitati.

223 1064 271 1092 His
301 1065 404 1098 dictis,
439 1064 580 1099 respondit
613 1065 755 1100 episcopus
789 1065 864 1093 Elias
894 1074 901 1093 :
931 1073 980 1093 nos

186 1109 328 1138 Christum
352 1117 433 1136 unam
449 1109 629 1137 substantiam
655 1110 835 1144 compositam
853 1110 980 1143 dicimus,

187 1159 216 1181 ut
235 1154 321 1181 sancti
340 1153 437 1181 Patres
453 1153 562 1181 docent.
576 1153 747 1188 Caeteroquin
760 1161 810 1189 ego
826 1154 897 1182 haud
919 1155 980 1182 veni

187 1201 391 1235 disputaturus,
416 1200 463 1227 sed
490 1200 611 1227 fraterno
636 1207 712 1227 more
742 1200 815 1228 hunc
846 1201 981 1228 commovi

186 1254 351 1279 sermonem,
379 1250 409 1273 ut
428 1245 611 1274 Romanorum
636 1246 669 1274 de
685 1246 738 1273 hac
766 1254 796 1274 re
819 1247 981 1274 sententiam

186 1300 391 1328 cognoscerem.
412 1291 596 1328 Philosophus
609 1298 698 1320 autem
712 1292 882 1326 Theodorus,
897 1294 942 1328 qui
965 1301 981 1320 a

186 1344 281 1367 nostro
313 1339 468 1374 patriarcha
503 1338 538 1367 ad
569 1343 595 1366 te
627 1338 727 1366 missus
757 1343 819 1372 est,
852 1346 901 1374 pro
932 1346 982 1366 suo

186 1385 313 1420 loquatur
326 1385 413 1413 libito.

222 1430 351 1458 TllEOR.
374 1430 481 1463 Dixisti,
500 1430 619 1463 domine,
643 1437 692 1458 vos
704 1437 785 1458 unant
801 1429 980 1465 compositam

186 1477 366 1505 substantiam
389 1475 531 1503 aliirmare.
558 1477 608 1504 Ast
632 1483 681 1504 oro
706 1483 741 1503 ne
761 1475 899 1511 explicare
914 1475 981 1503 mihi

186 1523 311 1559 graveris
327 1523 391 1557 quid
408 1523 444 1550 sit
463 1522 535 1557 quod
561 1522 601 1549 ait
626 1522 767 1558 theologus
785 1522 935 1557 Gregorius
953 1522 980 1549 in

186 1578 238 1598 suo
260 1570 294 1596 de
313 1567 415 1603 Spiritu
440 1572 536 1595 sancto
553 1574 679 1595 sermone
696 1576 704 1595 :
725 1576 734 1594 ε
755 1567 784 1595 Si
798 1572 887 1595 autem
914 1568 982 1594 sub-

186 1617 285 1646 stantia
307 1619 362 1648 est,
379 1619 407 1643 et
429 1622 482 1642 non
498 1614 600 1650 aliquid
616 1621 711 1642 eorum
734 1621 795 1649 quae
820 1613 982 1641 substantiae

185 1662 326 1692 accidunt,
352 1665 477 1696 superest
504 1660 583 1696 plane
614 1664 644 1687 ut
669 1660 710 1688 vel
726 1664 853 1688 creatura
876 1659 912 1688 sit
939 1660 982 1687 vel

1067 1068 1176 1095 Τούτων
1203 1068 1459 1107 ῥηθέντωνηεῐπεν
1481 1072 1495 1098 ὁ
1520 1071 1670 1103 ἐπίσκοπος
1702 1071 1797 1102 Ἠλίας
1811 1079 1819 1086 ·

1037 1110 1133 1145 Ἡμεῖς
1149 1113 1195 1139 τὸν
1216 1114 1333 1148 Χριστὸν
1352 1114 1415 1150 μίαν
1431 1115 1525 1142 οὐσίαν
1550 1116 1677 1142 σύνθετον
1692 1115 1823 1151 λέγομεν,

1032 1158 1069 1190 ὡς
1087 1159 1112 1186 οί
1124 1158 1198 1194 ἅγιοι
1220 1160 1345 1195 Πατέρες
1358 1161 1533 1188 διδάσκουσι·
1549 1162 1620 1197 πλὴν
1633 1162 1684 1197 μὲν
1699 1161 1755 1196 ἐγὼ
1771 1162 1825 1188 οὐκ

1031 1203 1113 1240 ἦλθον
1126 1206 1195 1241 πρὸς
1209 1206 1240 1233 τὸ
1251 1206 1435 1243 διαλεχθῆναι,
1448 1208 1507 1234 ἀλλ’
1519 1209 1673 1243 ἀδελφικῶς
1687 1209 1825 1243 κεκίνηκα

1031 1252 1077 1279 τὸν
1095 1253 1159 1288 περὶ
1176 1253 1272 1280 τούτου
1287 1253 1375 1287 λόγον,
1393 1254 1556 1289 βουλόμενος
1572 1255 1670 1290 μαθεῖν
1683 1255 1757 1290 παρὰ
1773 1255 1824 1281 σοῦ

1032 1299 1059 1324 τί
1073 1299 1137 1334 περὶ
1152 1300 1248 1326 τούτου
1269 1300 1396 1334 λέγουσιν
1411 1301 1436 1327 οἱ
1456 1302 1600 1336 Ῥωμαῖοι.
1629 1301 1658 1328 '0
1673 1301 1824 1336 φιλόσοφος

1032 1345 1060 1372 δὲ
1076 1346 1226 1381 Θεόδωρος,
1243 1347 1256 1373 ό
1276 1348 1323 1374 καὶ
1341 1347 1418 1382 παρὰ
1433 1348 1480 1374 τοῦ
1494 1348 1632 1383 ἡμετέρου
1647 1349 1824 1383 πατριάρχου

1032 1393 1199 1425 ἀποσταλεὶς
1210 1393 1279 1428 πρὸς
1293 1393 1333 1426 σὲ,
1351 1394 1457 1428 λεγέτω
1469 1396 1500 1420 τὸ
1516 1394 1613 1421 δοκοῦν
1626 1394 1700 1430 αὐτῷ
1714 1394 1783 1429 (41).

1074 1439 1103 1465 ’0
1112 1439 1209 1466 ΘΕΩΡ.
1217 1438 1315 1473 Εἷπας,
1322 1440 1453 1472 δέσποτα,
1460 1441 1501 1467 ὅτι
1513 1441 1579 1475 μίαν
1589 1440 1716 1467 σύνθετον
1724 1440 1823 1468 οὐσίαν

1032 1485 1126 1520 λέγετε
1144 1495 1151 1502 ·
1168 1487 1218 1513 καὶ
1232 1487 1399 1522 παρακαλῶ,
1423 1488 1460 1523 μὴ
1479 1487 1639 1523 ἁπαξιώσῃς
1653 1486 1825 1522 ἑρμηνεῦσαί

1033 1541 1090 1567 μοι,
1110 1532 1137 1559 τί
1150 1533 1224 1560 ἐστιν
1245 1533 1259 1559 ὃ
1279 1534 1354 1568 λέγει
1377 1533 1535 1568 ὁΘεολόγος
1558 1534 1708 1570 Γρηγόριος
1734 1534 1763 1560 ὲν
1782 1533 1826 1569 τῷ

1032 1579 1097 1614 περὶ
1109 1579 1159 1607 τοῦ
1175 1580 1253 1614 ἁγίου
1269 1580 1427 1614 Πνεύματος
1443 1580 1515 1616 λόγῳ
1530 1589 1537 1596 ·
1558 1590 1568 1607 ‹
1586 1581 1617 1608 Ei
1634 1581 1657 1608 δ’
1669 1581 1749 1608 οὐσία
1768 1589 1826 1614 τις,

1031 1625 1061 1651 οὺ
1077 1625 1132 1651 τῶν
1152 1626 1217 1660 περὶ
1230 1626 1279 1660 τὴν
1294 1625 1400 1658 οὐσίαν,
1417 1625 1477 1662 ἦτοι
1498 1627 1602 1661 κτίσμα
1628 1626 1826 1661 ὑποληφθήσε-

1031 1681 1078 1699 ται
1095 1672 1111 1708 ἢ
1128 1672 1194 1705 Θεός
1212 1681 1218 1687 ·
1239 1673 1323 1708 μέσον
1337 1674 1392 1708 γάρ
1408 1682 1450 1700 τοι
1465 1672 1579 1707 τούτων,
1597 1674 1656 1708 ἦτοι
1672 1673 1826 1709 μηδετέρου

188 1709 269 1736 Deus.
290 1707 358 1734 Nam
377 1707 485 1735 mediun
522 1707 585 1741 quid
610 1707 682 1734 inter
697 1707 765 1740 haec,
790 1707 830 1734 vel
853 1707 978 1734 neutrius

1034 1707 1162 1755 μετέχον,
1184 1719 1200 1755 ἢ
1227 1707 1256 1753 ἐξ
1280 1707 1382 1754 ἀμφοῖν
1415 1719 1553 1753 σύνθετον,
1579 1707 1634 1746 ουδ’
1655 1719 1688 1746 ἂν
1704 1707 1739 1746 Vol
1759 1707 1827 1752 τοὺς

186 1754 336 1791 particeps,
348 1753 390 1781 vel
406 1761 437 1781 ex
450 1753 581 1781 ambobus
592 1760 781 1787 compositum,
793 1759 827 1780 ne
841 1753 857 1780 ii
870 1752 978 1787 quidem

188 1799 348 1834 cogitabant
375 1799 421 1834 qui
453 1803 599 1826 centauros
626 1798 677 1825 sibi
695 1798 862 1832 contingunt.
885 1807 895 1823 ι
924 1797 980 1826 Cur

186 1853 251 1880 ergo
267 1853 314 1872 vos
331 1844 507 1879 compositam
524 1843 706 1871 substantiam
723 1842 861 1872 Christum
875 1843 978 1876 dicitis,

187 1899 271 1927 quum
289 1890 432 1925 theologus
448 1890 625 1925 compositam
653 1889 836 1917 substantiam
867 1896 980 1924 prorsus

187 1936 313 1972 ignoret?

223 1982 330 2010 EPISC.
342 1982 400 2009 Dixi
414 1981 480 2016 jam,
509 1988 552 2008 me
577 1982 610 2009 ad
634 1980 829 2016 pisputandum
849 1980 901 2008 huc
921 1988 973 2008 non

187 2028 307 2055 venisse.
324 2027 375 2054 Aio
399 2032 488 2054 tamen
505 2027 576 2054 haud
602 2034 728 2061 magnam
743 2034 804 2054 esse
826 2031 947 2054 nostram
965 2034 980 2054 a

187 2073 266 2100 vobis
285 2073 508 2107 discrepantiam.
535 2072 582 2099 llis
606 2072 696 2106 dictis,
715 2072 800 2107 Syrus
812 2073 922 2107 quidam
937 2080 983 2099 sa-

187 2119 285 2147 cerdos
317 2126 468 2154 exsurgens
495 2118 534 2145 ait
565 2118 718 2146 Theoriauo
742 2126 749 2145 :
780 2117 836 2145 Cur
863 2117 981 2146 frontem

188 2167 302 2201 signatis
327 2166 433 2194 duobus
461 2165 576 2201 digitis?
602 2173 694 2193 nonne
719 2165 794 2200 digiti
822 2165 981 2200 singillatim

187 2213 267 2240 divisi
291 2212 376 2240 sunt?
397 2217 425 2239 ut
438 2212 499 2239 dum
521 2211 622 2239 Christi
641 2215 746 2239 natura:
762 2215 892 2246 separata:
911 2211 981 2246 apud

189 2267 239 2287 vos
270 2259 427 2286 credantur.
454 2258 503 2285 Cui
527 2257 696 2285 Theorianus
717 2258 794 2292 quasi
811 2257 982 2291 joeabundus

188 2304 330 2340 respondit
348 2312 356 2331 :
376 2303 436 2331 Non
455 2309 484 2330 nt
500 2305 568 2331 duas
586 2303 687 2331 Christi
714 2309 825 2330 naturas
846 2303 982 2337 significe—

1033 1766 1223 1802 τραγελάφους
1249 1766 1416 1798 πλάττοντες
1443 1764 1613 1803 ἔνῦοήσαιεν.
1629 1775 1638 1792 ι
1657 1767 1718 1797 Πῶς
1742 1766 1828 1801 ὑμεῖς

1034 1813 1084 1848 μὲν
1100 1813 1226 1840 σύνθετον
1244 1812 1338 1839 οὐσίαν
1349 1813 1445 1848 λέγετε
1460 1813 1506 1840 τὸν
1520 1813 1648 1847 Χριστὸν,
1663 1812 1677 1839 ὁ
1689 1813 1828 1847 Θεολόγος

1031 1859 1059 1885 δὲ
1073 1858 1201 1885 σύνθετον
1219 1858 1315 1885 οὐσίαν
1328 1858 1463 1893 ἠγνόησεν
1478 1858 1597 1892 ὀλικῶς;

1072 1978 1100 2005 ’0
1110 1978 1173 2005 ἘΠ.
1192 1978 1353 2014 Προείρηκά
1362 1987 1414 2011 σοι,
1427 1978 1468 2005 ὅτι
1478 1978 1529 2005 οὐκ
1543 1976 1625 2014 ἦλθον
1641 1979 1824 2015 διαλεχθησό-

1033 2033 1112 2060 μενος
1126 2033 1133 2040 ⁸
1149 2024 1220 2059 λέγω
1234 2025 1262 2051 δὲ
1283 2026 1325 2052 ὅτι
1342 2025 1424 2060 μέσον
1438 2025 1517 2061 ἡμῶν
1534 2026 1581 2052 καὶ
1600 2026 1678 2061 ὑμῶν
1697 2028 1747 2053 οὐκ
1762 2027 1824 2056 ἔστι

1033 2071 1105 2107 μέγα
1122 2071 1246 2107 σφάλμα.
1261 2071 1370 2098 Τούτων
1383 2073 1455 2099 οὕτω
1478 2073 1632 2108 ῥηθέντων,
1646 2074 1767 2106 ἀναστὰς
1786 2076 1826 2102 ἱε-

1034 2118 1098 2154 ρεύς
1112 2127 1154 2150 τις
1170 2118 1225 2144 τῶν
1242 2117 1336 2152 Σύρων
1350 2116 1410 2145 εἶπε
1433 2120 1501 2154 πρὸς
1515 2119 1563 2145 τὸν
1578 2120 1735 2154 Θεωριανόν
1749 2129 1756 2137 ·
1772 2122 1825 2148 Διὰ

1030 2164 1058 2190 τί
1086 2163 1252 2199 σφραγίζετε
1270 2164 1414 2196 δακτύλοις
1441 2165 1537 2197 δυσί-η
1561 2166 1618 2192 Οὐκ
1643 2166 1714 2193 εἰσὶν
1736 2167 1761 2193 oi
1776 2167 1825 2195 δά-

1031 2209 1124 2236 κτυλοι
1140 2209 1389 2245 διακεχωρισμένοι
1406 2210 1458 2237 ἀνὰ
1479 2210 1583 2245 μέρος;
1604 2213 1705 2238 Λοιπὸν
1728 2214 1773 2239 καὶ
1794 2215 1823 2240 αι

1029 2256 1076 2283 δύο
1103 2255 1198 2290 φύσεις
1224 2256 1271 2282 τοῦ
1297 2256 1415 2291 Χριστοῦ
1440 2258 1643 2292 κεχωρισμέναι
1676 2259 1730 2284 εἰσὶ
1758 2260 1824 2286 xaﬁ‘

1031 2302 1114 2337 ὑμᾶς.
1137 2301 1166 2328 Ὀ
1183 2302 1211 2328 δὲ
1235 2302 1389 2338 Θεωριανὸς
1415 2302 1472 2329 οἷον
1501 2304 1696 2338 ἁστεῖζόμενος
1718 2303 1796 2331 εἶπεν
1816 2313 1823 2320 ·

191 2359 264 2385 mus,
282 2351 308 2378 id
322 2351 445 2385 agimus;
461 2351 507 2378 sed
519 2350 581 2385 quia
595 2350 737 2386 tyrannide
749 2349 847 2377 diaboli
862 2348 978 2382 liberati,

1033 2349 1070 2374 Οὐ
1084 2348 1134 2379 τὰς
1152 2348 1199 2374 δύο
1221 2348 1318 2382 φύσεις
1341 2347 1389 2374 τοῦ
1414 2348 1533 2383 Χριστοῦ
1551 2350 1730 2384 σημαίνοντες
1749 2350 1824 2378 οὕτω

187 2396 278 2423 edOcti
313 2394 417 2422 fuimus
445 2395 530 2423 aciem
560 2395 691 2422 adversus
722 2395 796 2422 illum
825 2394 980 2429 bellumque

188 2443 327 2479 instruere
344 2450 351 2469 :
367 2447 394 2470 et
409 2441 536 2469 manibus
549 2441 656 2476 quidem
670 2440 814 2474 justitiam,
830 2440 979 2474 cleetnosy‘

189 2497 264 2522 nam,
279 2495 441 2523 ceterasque
458 2488 573 2515 virtutes
587 2494 742 2521 operantur,
757 2493 816 2521 qua:
833 2491 876 2513 est
896 2485 978 2511 veluti

187 2523 259 2564 acies
277 2536 412 2564 instructa
430 2542 512 2562 :cunt
537 2539 627 2561 autem
644 2533 736 2566 digitis
757 2533 862 2567 signant
878 2531 979 2559 Christi

223 2606 281 2641 (59)
300 2605 370 2641 Ante
389 2606 439 2632 hoc
463 2604 629 2641 atlantussim
656 2603 815 2630 vocabulum
834 2602 924 2641 hiatus
940 2607 982 2630 est

189 2638 268 2669 editae
291 2640 391 2675 prioris
414 2640 620 2674 disputationis,
646 2647 727 2673 quem
754 2645 820 2673 ergo
843 2638 980 2665 defectunt

190 2684 240 2712 ope
253 2676 355 2712 codicis
371 2675 495 2712 Vaticani
508 2675 627 2712 explevi.

224 2711 282 2745 (ω)
305 2710 410 2738 Videsis
434 2711 490 2737 lttee
508 2707 642 2744 inpriore
658 2708 897 2745 disputationekp.
915 2707 978 2734 466.

225 2743 282 2781 (Η)
303 2745 385 2772 Recte
401 2743 706 2780 episcopusTheodord
720 2743 874 2781 disputandi
890 2749 979 2776 partes

188 2778 277 2813 cedit,
287 2788 367 2814 quem
395 2778 436 2807 sui
463 2778 592 2812 temporis
623 2781 707 2806 fuisse
731 2778 921 2814 doctissimum
947 2782 974 2804 et

189 2812 453 2850 eloquentissimum,
477 2816 638 2849 linguasque
662 2815 796 2850 Graecam,
824 2812 974 2850 Syriacam,

191 2859 217 2880 et
243 2848 436 2879 Saraccnieam
459 2848 601 2882 calluisse,
627 2850 665 2876 ait
683 2848 880 2876 Bar-llebracus
906 2849 976 2882 apud

1030 2394 1149 2429 δρῶμεν,
1163 2393 1232 2420 ἀλλὰ
1248 2395 1297 2428 τῆς
1314 2395 1470 2429 τυραννίδος
1487 2395 1533 2421 τοῦ
1548 2395 1672 2422 διαϐόλου
1698 2397 1824 2424 ἀπαλλα-

1029 2440 1135 2474 γέντες,
1152 2440 1330 2475 ἐδιδάχθημεν
1348 2440 1503 2476 παράταξιν
1519 2442 1608 2468 ποιεῖν
1637 2444 1697 2469 κατ’
1714 2444 1821 2470 ἐκείνου

1029 2485 1076 2512 καὶ
1093 2486 1221 2520 πόλεμον,
1239 2487 1298 2516 ταῖς
1317 2486 1366 2520 μὲν
1389 2488 1483 2522 χερσὶν
1509 2488 1690 2523 ἐργαζόμενοι
1715 2489 1822 2516 δικαιο-

1029 2531 1112 2566 σύνην
1142 2531 1190 2557 καὶ
1219 2531 1405 2567 ἐλεημοσύνην
1435 2533 1482 2558 καὶ
1507 2533 1557 2565 τὰς
1586 2534 1681 2565 λοιπὰς
1708 2535 1823 2569 ἀρετὰς,

1033 2602 1213 2628 Assemanum
1230 2601 1355 2629 Bibliot/t.
1368 2603 1473 2635 orienl.,
1490 2608 1509 2630 t.
1526 2603 1558 2635 ll,
1575 2611 1600 2636 ῃ.
1612 2603 1675 2630 “liii.
1692 2604 1822 2632 Attamen

1033 2645 1083 2673 ego
1112 2638 1205 2673 miror,
1233 2637 1333 2664 nullam
1362 2638 1490 2673 deinceps
1515 2646 1530 2665 a
1557 2638 1712 2666 Theoriano
1737 2641 1822 2666 serihi

1033 2671 1171 2709 :l‘ttcodori
1192 2672 1414 2706 disputationem,
1434 2671 1545 2708 eiet-pta
1571 2675 1695 2701 clausula
1724 2675 1750 2701 in
1766 2683 1821 2709 qua

1033 2706 1103 2745 idem
1120 2707 1278 2745 'l‘lteudorus
1354 2706 1553 2745 catholicorum
1570 2716 1661 2742 partes
1677 2718 1705 2736 se
1721 2706 1821 2745 prope-

1032 2741 1141 2767 modum
1153 2743 1268 2768 lt'ansire
1278 2743 1351 2769 dicit.
1364 2743 1426 2769 Mihi
1441 2744 1523 2776 igitur
1534 2744 1679 2771 Tlteoriani
1693 2741 1821 2771 tractatio

1029 2784 1102 2837 cruril
1123 2775 1253 2804 Jacobitis
1294 2778 1419 2805 inchoata
1446 2775 1536 2813 potius
1573 2787 1653 2814 quam
1700 2784 1822 2815 perfecta

1030 2818 1055 2837 Vl
1076 2819 1091 2837 e
1105 2819 1146 2837 ur.

1030 2816 1146 2839 thetur.
