1942 3081
162 117 220 152 309
769 123 1042 154 HISTORIARUM
1063 123 1137 154 LIB.
1157 123 1185 154 I.
1744 123 1803 156 310

164 182 217 202 sua
233 183 305 208 esse,
321 184 376 204 non
395 177 527 212 militum,
543 178 700 207 voluerunt.
717 178 857 214 Quidquid
873 179 918 211 sit,
937 178 1023 206 habes
1045 181 1120 205 certe
1138 180 1248 205 erutum
1272 176 1395 206 tenebris
1411 184 1444 205 ac
1458 183 1570 204 carcere
1587 183 1659 204 caeco
1675 178 1802 204 omnibus

164 219 320 254 aequalibus
344 221 456 254 ingenio
473 226 500 250 et
516 222 643 250 claritate
660 230 708 251 sua
724 223 916 258 praelucentem
940 222 1122 256 scriptorem;
1147 225 1184 255 et,
1209 220 1282 256 qttod
1307 221 1403 252 habes.
1420 221 1523 257 gratias
1541 221 1593 248 hoc
1610 228 1675 255 ages
1694 223 1802 247 nomine

165 263 312 291 industriae
326 268 354 291 et
370 265 530 294 liberalitati
546 267 707 301 amplissimi
731 271 813 301 atque
830 266 924 301 inclyti
946 266 1066 294 nominis
1082 265 1133 293 viri
1149 265 1236 293 Isaaci
1251 264 1353 298 Vossii,
1375 265 1421 300 qui
1444 273 1505 292 eum
1523 272 1538 292 e
1552 264 1646 292 codice
1663 264 1801 291 Vaticanae

164 306 343 335 bibliotheca:
366 309 535 344 exscriptum
561 310 710 344 majoribus
731 310 868 338 distentus
884 311 958 337 curis
975 310 1053 342 mihi,
1071 313 1101 337 ut
1116 309 1187 344 juris
1204 309 1321 337 facerem
1347 309 1458 343 publici,
1475 309 1588 336 donavit
1605 318 1611 336 τ
1631 317 1719 335 meum
1735 308 1757 335 si
1775 308 1800 334 in

165 351 303 378 vertendo
329 352 549 388 illustraudoque
574 354 695 381 studiqu
721 354 803 382 modo
829 354 983 388 agnoveris,
1007 355 1129 388 amplum
1154 355 1220 381 satis
1245 354 1387 380 collocata:
1406 361 1495 388 opcrze
1520 353 1663 388 prmmium
1689 352 1802 379 vidvlmr

165 395 306 423 retulisse.
323 395 457 424 Omnibus
471 398 545 425 enim
562 398 642 426 bonis
659 403 686 425 et
704 399 862 426 amantibus
876 406 982 429 eortun,
998 399 1045 432 qui
1065 398 1174 425 laudern
1191 398 1300 432 assequi
1318 405 1350 425 ex
1367 397 1467 424 studiis
1483 398 1675 429 counituntur,
1692 396 1802 423 Satisfe-

163 439 238 466 cisse
254 447 297 466 me
311 448 361 474 pro
375 440 566 468 mediocritate
583 449 641 469 mea
654 449 745 475 spero.
760 442 789 469 Si
805 443 850 476 qui
868 441 1046 476 supercilium
1064 441 1176 469 induere
1193 442 1293 474 volent,
1312 446 1338 469 et
1354 441 1381 468 in
1398 441 1462 467 vitia
1479 445 1531 468 tam
1547 449 1661 468 cernere
1676 446 1800 470 acuttnn,

164 490 248 515 quam
263 488 310 510 aut
323 484 426 518 aquila,
440 490 486 511 aut
498 492 610 519 serpens
624 485 801 520 Epidaurius,
816 485 852 512 illi
869 493 945 512 suam
958 486 1009 513 sibi
1024 486 1212 513 austeritatem
1230 486 1437 519 suavitatemque
1451 485 1537 519 magis
1553 485 1611 512 fore
1621 485 1686 511 vitio
1699 486 1800 515 sciant,

163 535 249 561 quam
269 535 390 555 errorem
415 534 463 556 aut
486 530 591 564 lapsum
615 530 727 564 juveni;
747 531 803 563 cui,
820 530 935 557 subacto
959 531 1075 557 nondum
1093 530 1124 556 ad
1142 530 1327 557 remotissima
1343 537 1458 564 quasque
1474 536 1522 563 per
1543 533 1651 556 aetatem
1679 528 1799 563 ingenio,

164 576 197 598 ut
212 577 252 598 est
268 580 361 599 errare
377 573 447 600 inter
462 574 586 601 homines
600 573 773 607 facillimum,
788 574 823 602 ita
840 575 947 608 primus
961 581 1071 608 quoque
1086 578 1150 600 ante
1165 581 1260 601 omnes
1276 574 1381 601 veniam
1400 573 1654 608 indulgentiamque
1669 578 1798 600 meretur.

162 615 292 648 Accedit,
310 616 382 651 quod
403 624 466 651 pars
486 625 583 652 magna
607 619 699 652 operis
726 618 897 645 conficienda
923 617 1005 644 fuerit
1030 617 1141 644 vixdum
1168 617 1286 645 ﬁrmatis
1309 625 1342 645 ex
1369 617 1448 652 longo
1469 624 1500 644 ac
1517 616 1679 651 gravissimo
1706 617 1800 643 morbo

162 659 283 687 viribus.
303 660 390 687 Simul
416 668 534 695 namque
560 662 669 696 prodire
686 669 700 689 e
717 661 824 689 funebri
840 662 917 696 quasi
934 661 1014 692 lecto.
1031 666 1058 687 et
1072 669 1183 688 manum
1201 661 1350 689 admovere
1367 660 1464 688 tabulae
1481 661 1567 695 potui,
1589 660 1699 687 exercui
1716 667 1760 686 me
1773 665 1801 686 et

164 703 325 737 tlel'atigavi,
343 712 376 731 ne
394 712 447 739 quo
464 704 528 737 alio,
545 709 574 732 ut
592 705 716 733 nonnulli
743 709 846 733 metum
864 705 1057 736 admovebant,
1076 706 1270 740 prreveniente,
1297 706 1386 732 oleum
1404 709 1431 731 et
1449 712 1558 739 operam
1582 708 1665 739 atque
1688 703 1799 738 aliquod

166 747 294 775 fortassis
312 749 376 776 inde
393 749 522 776 meritum
540 749 693 784 perderem.
709 749 789 777 Nunc
804 757 870 776 vero
885 757 961 784 spem
977 754 1097 776 nostram
1115 754 1254 784 utcunque
1275 748 1408 782 exsecuti,
1424 749 1521 776 damus
1538 748 1583 776 hic
1599 749 1647 776 tibi
1667 749 1800 783 quidquid

163 791 218 818 hoc
238 792 297 818 libri
324 797 372 819 aut
396 792 499 819 laboris
517 796 570 826 est,
588 797 672 828 utque
695 799 791 828 aequus
815 800 847 820 ac
872 792 961 819 libens
983 792 1086 825 fruare,
1105 793 1307 820 humanitatem
1329 797 1403 820 luam
1422 799 1562 826 rogamus.
1579 792 1644 820 Vale
1661 792 1757 824 lector,
1773 796 1800 818 et

162 841 295 869 quantum
310 836 376 863 mihi
394 835 440 863 Dei
456 836 625 872 benignitate
639 837 842 871 vitae_deinceps
856 837 975 869 dabitur,
988 836 1054 864 illud
1068 844 1149 864 omne
1163 836 1272 871 publico
1287 844 1330 864 me
1343 837 1426 870 bono,
1440 837 1463 864 si
1476 844 1529 872 qua
1544 837 1676 872 prodesse
1691 840 1799 871 potero,

163 879 246 907 crede
265 880 504 908 transmissurum.

166 987 323 994 .—

550 1079 601 1201 J
604 1075 798 1156 ΟΑΝ
803 1077 865 1155 Ν
873 1076 960 1155 IS
1021 1077 1419 1157 CINNAMI

443 1222 945 1282 HISTORIA'RUM
988 1224 1179 1280 LIBRI
1223 1222 1520 1282 SEPTEM.

488 1402 647 1430 EIIITOMH
668 1401 737 1430 ΤΩΝ
756 1401 1043 1429 ΚΑΤΟΡΘΩΜΑἸῺΝ
1063 1401 1107 1438 Τῼ
1126 1402 1310 1438 ΜΛΚΑΡΙΤῌ
1331 1401 1467 1429 ΒΑΣΙΛΕΙ

776 1459 837 1487 ΚΑΙ
856 1460 1183 1494 ΠΟΡΦΥΡΟΓΕΝΝΗΤῼ

536 1525 707 1570 ΚΥΡΙΩ
746 1524 963 1569 ΙΩΑΝΝΗ
1001 1525 1075 1568 ΤΩ
1115 1526 1400 1569 ΚΟΜΝΗΝΩ

855 1599 917 1626 ΚΑΙ
936 1597 1107 1625 ΛΦΗΓΗΣΙΣ

280 1659 351 1686 ΤΩΝ
370 1658 606 1690 ΠΡΑΧΘΕΝΤΩΝ
626 1659 671 1693 Tt)
690 1658 834 1694 ΑΟΙΔΙΜῼ
854 1658 911 1694 ΥΙῼ
930 1657 1047 1684 ΑΥΤΟΥ
1066 1657 1110 1693 TI)
1129 1657 1265 1685 ΒΑΣΙΛΕΙ
1285 1658 1345 1685 ΚΑΙ
1365 1635 1689 1694 ΠΟΡΦΥΡΟΓΕΝΝΠἹᾭ

707 1717 803 1752 ΚΥΡῼ
823 1715 998 1743 ΜΔΝΟΥΗΛ
1017 1716 1060 1752 Ta
1080 1717 1257 1752 KUMNHNQ

887 1768 1076 1798 nom-tonsa

565 1827 697 1864 msNNu
717 1827 880 1863 summa
899 1827 1136 1862 ΓΡᾹΜΜΑΤΙΚῼ
1155 1827 1198 1863 To
1219 1827 1391 1863 ΚΙΝΝΑΜῼ.

455 1933 607 1962 EPITOM-E
622 1933 746 1962 RERUM
762 1933 960 1963 PRECLARE
974 1933 1164 1963 GESTARUM
1180 1935 1201 1963 A
1222 1934 1315 1964 DIVE
1331 1935 1503 1964 MEMORIAE

792 1993 837 2022 ΕΤ
849 1993 1164 2023 PORPHYROGENITO

509 2059 750 2098 DOMINO
824 2059 1062 2099 JOANNE
1127 2060 1440 2105 COMNEN09

857 2128 902 2155 ΕΤ
923 2127 1104 2156 NARRATIO

172 2183 298 2212 IIERUM
316 2184 399 2218 ρυλε
417 2184 542 2214 GEST/E
563 2185 654 2214 SUN'I‘
674 2185 718 2212 AB
736 2185 888 2214 INCLYTO
904 2186 1014 2215 IPSIUS
1031 2186 1122 2215 FILIO
1143 2187 1372 2216 IMPERATORE
1391 2189 1435 2216 ET
1454 2186 1774 2217 POBPHYIIOGENITO

588 2253 794 2292 DOMINO
835 2254 1080 2293 MANUELE
1119 2255 1380 2296 οΟΜΝΕΝΟ,

898 2332 1058 2353 CONSCRII‘TA

547 2383 571 2409 Δ
586 2381 719 2411 JOANNE
736 2381 974 2411 IMPERATORIO
989 2381 1218 2411 GRAMMATICO
1233 2382 1399 2411 CINNAMO.

819 2512 1040 2557 BIBAION
1078 2512 1125 2556 A.

870 2643 1019 2681 LIBER
1062 2644 1094 2682 I.

188 2754 234 2790 [Ρ.
249 2755 260 2781 ‘l
277 2753 289 2790 ]
305 2754 339 2782 α’.
353 2755 422 2782 Οὐδὲ
438 2755 469 2782 τὸ
485 2764 535 2790 της
553 2757 675 2792 ἱστορίας
688 2757 768 2793 ἔργον
781 2759 945 2794 ἀφιλότιμον

1039 2762 1105 2797 1-3
1128 2763 1153 2789 l.
1176 2760 1321 2788 llisloriatu
1334 2760 1454 2788 scribere
1468 2760 1615 2795 gloriosum
1629 2761 1788 2795 jampridem

153 2802 210 2833 τθῖς
227 2801 316 2829 πάλαι
338 2801 468 2837 ἐνομίσθη
501 2804 605 2837 σοφοῖς.
637 2803 782 2836 “lete-rw;
810 2806 860 2840 μὲν
897 2805 920 2832 οἱ

1023 2809 1089 2835 isum
1113 2812 1155 2835 est
1179 2807 1358 2842 sapientibus,
1383 2814 1497 2841 quorum
1523 2807 1654 2841 plurimos
1677 2809 1790 2842 contigit

155 2847 245 2875 ηὐτῶν
258 2848 308 2874 καὶ
326 2847 452 2876 ἐντεῦθεν
471 2849 556 2876 εὗδε-γ·
568 2849 683 2883 ’.ιηκέναι
712 2851 821 2887 συνέϐη.
847 2852 875 2878 ’0
894 2853 922 2887 μέ

1020 2862 1055 2882 ou
1080 2854 1242 2882 mediocrem
1268 2852 1331 2880 inde
1347 2853 1445 2880 famam
1464 2852 1623 2887 laudemque
1648 2854 1787 2888 consequi.
