1942 3081
204 147 256 179 3l5

841 145 1014 177 .JOANNIS
1034 146 1196 178 CINNAMI

1783 152 1839 183 316

203 203 282 234 clusi,
299 201 342 229 alii
355 201 408 229 alio
424 209 471 236 per
496 200 721 236 circumjacentes
737 206 848 236 campos
859 200 990 234 fugerunt.

1049 200 1150 227 αὐτίκα
1167 200 1255 227 ὀπίσω
1269 200 1381 237 ἐχώρει,
1399 202 1448 229 καὶ
1471 203 1616 239 Ῥωμαίων
1624 204 1699 239 αὖτῷ
1716 206 1838 233 πλεῖστοι

203 251 305 285 hacque
320 251 425 277 ratione
443 250 507 278 urbs
524 255 705 285 expugnatur.

1047 246 1166 274 εἵποντο.
1187 246 1298 282 Ἐπειδή
1314 255 1346 273 τε
1364 247 1434 282 πρὸς
1451 250 1511 280 ταῖς
1529 249 1627 280 πύλαις
1641 250 1838 283 ὲγένοντο,τιῖιν

202 297 292 323 ἵππων
312 297 464 328 ἀποϐάντες
480 297 561 324 αὐτοῦ
588 298 715 324 ἵσταντο*
749 297 815 331 ἑξῆς
850 295 880 323 δὲ
910 295 957 322 καὶ
978 292 1011 319 τὸ
1048 292 1113 319 ἄλλο
1134 293 1279 328 Ῥωμαίων
1299 293 1459 329 στρᾶτευμα
1476 295 1532 322 τῶν
1556 297 1757 331 πραττομένων
1775 299 1838 324 ale-

202 345 310 378 οόμενοι
326 345 417 380 δρόμῳ
433 344 523 379 πολλῷ
538 345 672 380 ἐχώρουν,
709 345 792 371 κοιὶοὶ
822 342 948 377 πολέμιοι
975 341 1004 367 ἐν
1026 340 1104 376 μέσῳ
1123 340 1218 367 λοιπὸν
1252 341 1489 376 ὲνοιπειλημμένοι
1516 341 1596 374 ἄλλος
1627 343 1734 379 ἀλλαχῆ
1763 345 1837 371 κατὰ

201 391 250 424 τῆς
268 392 454 427 προκειμένης
474 391 583 419 ἐθέοντο
599 391 736 424 πεδιάδος,
750 391 767 426 ἥ
782 399 811 417 τε
836 389 915 420 πόλις
933 386 1070 423 ἡλίσκετο.

217 468 220 472 4
237 437 263 464 5.
286 437 427 472 Digressus
445 439 506 465 inde
526 439 672 472 imperator
692 437 934 472 llieracoryphiten
952 442 997 462 ca-

200 487 290 508 strum
317 482 356 509 sic
383 483 484 510 dictum
510 483 616 518 aliaque
641 482 780 517 complura
807 489 866 516 qua:
890 480 996 508 Altalim

201 528 315 554 ﬁnitima
339 534 403 555 sunt
428 530 508 563 cepit,
526 535 673 564 posteaque
693 528 852 563 Byzantium
870 534 995 554 reversus

199 578 254 602 est.
272 574 360 601 l’auco
384 575 480 601 deinde
504 575 596 610 elapso
621 579 743 609 tempore
767 574 793 601 in
811 572 993 600 Macedoniam

201 620 295 648 motit.
312 619 379 647 Nam
396 621 502 656 Scythae
526 621 678 655 ingentibus
691 620 776 655 copiis
792 619 890 647 Istrum
908 625 995 646 trans-

202 667 289 700 gressi
305 665 331 691 iu
347 666 414 693 lines
431 666 585 700 irruperant
598 665 794 693 Romanorum.
811 664 909 692 Verutn
921 664 993 699 quod

201 712 288 739 hiems
305 716 359 738 tum
375 716 445 744 erat,
461 712 535 739 circa
549 712 661 739 Beroem
675 712 812 740 civitatem
828 712 854 738 in
871 711 992 738 hibernis

201 758 314 785 militent
339 758 492 793 collocavit,
516 759 675 792 cunctisque
702 758 810 785 interim
835 758 868 784 ad
893 757 991 784 bellum

200 806 357 838 instructis,
390 805 521 840 quosdam
551 813 583 832 ex
615 805 725 832 illorum
758 804 913 840 phylarchis
940 803 991 830 sibi

1080 437 1117 467 γ’.
1134 433 1269 466 Βασιλεὺς
1286 435 1314 461 δὲ
1331 435 1437 462 ἐκεῖθεν
1457 436 1582 470 μεταϐὰς
1603 437 1833 472 ’ῐερακορυερίτην

1044 489 1074 506 τε
1095 477 1152 506 εἷλε
1168 481 1199 507 τὸ
1217 481 1349 515 φρούριον
1368 482 1415 508 καὶ
1444 482 1583 509 πλείστων
1615 482 1703 509 ἄλλων
1727 482 1745 509 ἃ
1773 483 1838 518 τῇδε

1045 526 1155 559 ἵδρυται
1170 527 1202 561 τῇ
1238 527 1368 553 Ἀττάλου
1392 527 1438 553 ἐπὶ
1471 527 1598 554 πλεῖστον
1622 527 1836 562 ἁγχιθυροῦντα,

1044 573 1115 600 οὕτω
1128 582 1158 599 τε
1175 574 1270 600 λοιπὸν
1287 575 1316 605 ἐς
1334 574 1484 607 Βυζάντιον
1501 575 1713 610 ἀνακομίζεται.
1742 572 1780 602 Οὖ
1804 575 1837 609 δὴ

1045 619 1090 645 ἐπ’
1106 619 1198 653 ὀλίγον
1215 619 1362 654 διατρίψας
1377 621 1425 646 ἐπὶ
1442 621 1491 655 τὴν
1507 621 1701 656 Μακεδονικὴν
1726 620 1836 656 ἐχώρει.

1044 663 1215 698 Σκύθαιγὰρ
1233 665 1389 700 πανστρατὶ
1403 665 1449 691 τὸν
1466 666 1576 700 Ἴστρον
1591 666 1733 697 διαϐάντες
1753 667 1795 698 είς
1803 666 1838 693 τὰ

1051 709 1194 744 Ῥωμαίων
1209 710 1350 737 εἰσέϐαλον
1359 711 1431 745 ὅρια.
1454 711 1534 738 Ἀλλὰ
1547 712 1609 738 τότε
1629 711 1678 746 μὲν
1701 712 1838 747 χειμῶνος

1043 756 1245 791 ἐπιλαϐομένου
1266 756 1386 783 ἐνταῦθά
1411 766 1463 784 που
1482 758 1546 794 περὶ
1566 758 1643 784 πόλιν
1667 758 1771 793 Βερόην
1795 758 1838 784 δι-

1043 803 1186 837 εχείμαζε,
1205 803 1235 829 τὸ
1250 803 1299 838 μὲν
1314 804 1348 830 τὰ
1374 803 1442 839 πρὸς
1472 804 1519 831 τὶν
1544 805 1663 839 πόλεμον
1686 803 1838 840 ὲξαρτύων,

200 850 345 878 conciliare
363 850 480 877 maxime
496 850 613 877 annixus
637 855 690 882 est,
714 854 744 877 ut
767 855 879 878 caeteros
902 849 990 877 abhis

1047 850 1088 886 [Ρ.
1101 847 1141 884 4,]
1160 849 1190 875 τὸ
1204 849 1233 875 δὲ
1249 849 1332 875 πλέον
1345 850 1426 885 ἤθελε
1448 850 1503 877 τῶν
1520 852 1549 878 ὲν
1579 851 1655 886 σφίσι
1689 851 1838 886 φυλάρχων

199 897 302 923 divisos
315 901 389 923 tanto
400 896 506 924 facilius
517 896 673 923 debellarct.
687 895 742 923 Sub
752 903 863 922 vernum
877 900 990 929 tempus,

200 949 261 968 cuin
272 949 305 969 ex
319 941 352 969 iis
363 942 517 977 complures
528 942 709 977 legationibus
721 941 837 969 subinde
849 941 992 969 submissis

200 988 233 1014 ad
247 995 310 1015 suas
328 988 466 1015 allexisset
483 993 585 1023 partes,
603 989 630 1015 in
650 993 765 1016 carleros
786 987 924 1022 profectus
940 992 990 1020 cst,

201 1043 344 1070 rerumque
368 1035 396 1070 8
420 1043 555 1063 summam
586 1042 648 1062 cum
676 1035 710 1062 iis
735 1035 831 1062 statuit
862 1034 990 1068 experiri.

200 1081 350 1108 Coruinissa
379 1087 495 1115 utraque
520 1081 596 1113 acie,
624 1089 701 1116 aequo
725 1081 880 1116 aliquandiu
906 1080 992 1107 Marte

201 1132 362 1162 pugnatum,
388 1127 499 1162 ipseque
518 1128 665 1162 imperator
683 1127 769 1162 iaculo
786 1127 811 1154 in
827 1134 908 1154 crure
931 1134 992 1161 per-

201 1181 297 1200 cussus
320 1178 372 1200 est.
399 1173 518 1200 Tandem
543 1173 673 1200 Romanis
699 1173 798 1200 acriter
824 1172 992 1200 certantibus

201 1223 365 1252 superantur
389 1219 515 1255 Srythze,
541 1227 656 1253 quorum
682 1219 728 1246 alii
755 1219 782 1246 in
811 1219 869 1252 ipso
900 1219 991 1252 prelio

201 1263 339 1295 interiere,
365 1263 409 1289 alii
435 1264 488 1290 vivi
504 1263 575 1297 capti
600 1268 674 1291 suttt.
701 1262 768 1290 Pars
783 1270 847 1289 vero
868 1263 990 1298 quaedam

202 1315 254 1333 non
281 1307 424 1341 ignobilior
449 1307 482 1334 ad
508 1312 598 1334 castra
625 1314 753 1340 reversa,
778 1306 848 1342 fugas
873 1314 902 1334 se
927 1306 991 1333 dare

202 1359 371 1385 nequaquam
395 1352 476 1379 voluit
496 1361 504 1379 :
521 1353 584 1386 quiti
603 1353 692 1387 potius
709 1359 771 1380 cum
790 1351 949 1387 conjugibus
964 1356 991 1379 ct

201 1398 294 1426 liberis
302 1399 431 1433 quidquid
441 1403 556 1426 restaret
569 1398 679 1432 periculi
691 1398 825 1426 sustinere
836 1399 989 1432 decrevere,

199 1444 412 1479 compositisque
433 1441 469 1470 et'
483 1448 545 1478 apte
570 1443 641 1470 inter
655 1450 685 1471 se
699 1443 828 1470 connexis
847 1443 989 1477 plaustris,

199 1497 260 1522 qua:
271 1490 386 1524 desuper
396 1488 502 1516 boriuis
512 1493 691 1516 contexerant
702 1488 829 1524 pellibus,
842 1489 990 1524 positisque

1047 895 1102 930 (10)
1115 893 1193 925 τινὰς
1208 894 1414 929 ὲταιρίσασθαι,
1434 895 1471 926 ὡς
1485 895 1517 922 ἂν
1544 895 1615 922 οὕτω
1646 896 1709 928 τοὺς
1740 896 1839 927 ἄλλους

1046 940 1131 976 χωρὶς
1143 939 1289 967 ἀπολαϐὼν
1297 941 1328 967 οὐ
1343 941 1392 977 σὺν
1406 941 1482 976 πόνῳ
1511 942 1749 977 καταγωνίσηται.
1767 941 1838 968 Ἔα-

1047 995 1093 1021 ρος
1108 986 1135 1012 δὲ
1152 985 1267 1018 πολλοὺς
1279 987 1330 1021 ἥδη
1353 987 1397 1014 διὰ
1422 988 1577 1022 πρεσϐειῶν
1604 988 1679 1023 αὐτῷ
1709 997 1839 1024 προσχω-

1047 1033 1130 1068 ρῆσαι
1146 1032 1297 1064 ἀναπείσας
1310 1033 1358 1059 ἐπὶ
1373 1033 1437 1064 τοὺς
1453 1033 1564 1066 λοιποὺς
1583 1034 1692 1070 ἐχώρει,
1724 1034 1839 1068 πολέμῳ

1046 1081 1139 1115 κρῖναι
1154 1079 1239 1105 θέλων
1254 1080 1288 1106 τὰ
1313 1080 1476 1115 πράγματα.
1509 1081 1705 1117 Συρραγέντων
1744 1081 1837 1107 τοίνυν

1046 1126 1171 1161 ἀλλήλοις
1183 1127 1236 1154 τῶν
1252 1127 1477 1162 στρατευμάτων,
1494 1127 1572 1162 μέχρι
1590 1128 1640 1162 μέν
1654 1137 1727 1159 τινος
1743 1128 1837 1154 ἰσοτά-

1045 1171 1142 1203 λαντος
1159 1173 1175 1208 ἡ
1191 1173 1265 1208 μάχη
1275 1172 1391 1207 ἐγίνετο,
1403 1173 1448 1200 ὅτε
1463 1174 1510 1199 καὶ
1524 1173 1605 1204 αὐτὸς
1620 1173 1746 1207 βασιλεὺς
1764 1174 1838 1208 βέλει

1044 1218 1090 1245 τὸν
1104 1219 1173 1245 πόδα
1184 1219 1290 1254 ἐπλήγη
1305 1227 1313 1234 ο
1329 1219 1383 1246 τῶν
1402 1219 1431 1246 δὲ
1451 1219 1596 1254 Ῥωμαίων
1612 1219 1741 1254 εὐθύμως
1761 1220 1838 1253 ἀγω-

1045 1263 1194 1298 νιζομένων
1209 1264 1343 1298 ἡττῶνται
1363 1264 1434 1291 κατὰ
1447 1265 1549 1300 κράτος
1596 1266 1621 1292 οἱ
1651 1266 1764 1298 Σκύθαι,
1788 1267 1838 1292 καὶ

1046 1309 1137 1336 αὐτῶν
1153 1310 1177 1336 οἱ
1195 1309 1244 1344 μὲν
1259 1309 1370 1342 ἔπεσον,
1385 1311 1410 1337 οι
1421 1310 1449 1337 δὲ
1465 1311 1587 1346 ζωγρείῳ.
1600 1311 1733 1338 ἑάλωσαν.
1747 1312 1837 1346 Μοῖρα

1044 1355 1072 1381 δέ
1088 1364 1128 1387 τις
1144 1355 1194 1382 οὐκ
1204 1356 1305 1391 ὰγενὴς
1328 1356 1376 1383 ἐπὶ
1402 1357 1433 1383 τὸ
1470 1357 1653 1392 στρατόπεδον
1685 1358 1837 1384 ἐπανιοῦσα

1044 1402 1137 1428 οὐκέτι
1148 1402 1262 1436 φεύγειν
1275 1403 1364 1438 ἠξίου,
1378 1403 1435 1430 ἀλλ’
1460 1404 1542 1431 αὐτοῦ
1574 1405 1623 1432 σὺν
1653 1405 1762 1440 γυναιξὶ
1788 1406 1837 1432 καὶ

1044 1449 1150 1480 τέκνοις
1167 1450 1223 1480 τοῖς
1235 1449 1327 1476 αὐτῶν
1343 1450 1390 1477 τὸν
1406 1451 1530 1478 κίνδυνον
1551 1451 1703 1486 ὑποστῆναι
1731 1452 1838 1478 εἴλοντο

1044 1495 1261 1530 προπονούμενοι
1276 1496 1330 1522 τῶν
1347 1497 1472 1532 ἁμαξῶν,
1482 1497 1515 1529 ἃς
1535 1497 1634 1533 βοείοις
1648 1498 1753 1526 ἄνωθεν
1769 1498 1837 1534 βύρ-

200 1535 228 1562 in
244 1534 277 1562 iis
293 1535 424 1562 uxoribus
438 1541 465 1562 et
479 1535 582 1568 liberis,
601 1535 722 1570 prmlium
741 1536 904 1563 instaurant.
919 1535 990 1562 [iur-

1048 1552 1109 1574 σαις
1121 1543 1317 1578 περιλαϐόντες
1337 1544 1366 1575 ὲς
1386 1544 1417 1570 τὸ
1439 1545 1555 1580 ἀκριϐές
1595 1554 1624 1572 τε
1646 1546 1837 1580 ἁρμοσάμενοι

200 1588 261 1609 sum
287 1581 369 1615 igitur
385 1585 461 1607 atrox
480 1581 633 1608 conseritur
658 1587 747 1615 pugna
763 1584 790 1607 et
808 1580 942 1614 utrimque
961 1581 991 1607 tit

203 1626 287 1654 multa
303 1627 400 1655 credes.
416 1626 525 1663 Scytha:
545 1627 645 1662 quippe
661 1627 786 1654 curribus
800 1627 881 1654 veluti
902 1626 990 1654 muni-

201 1679 292 1702 mento
310 1674 349 1701 usi
374 1682 426 1701 non
453 1675 594 1702 minimum
619 1674 748 1702 Romanis
772 1673 898 1701 damnum
920 1673 990 1701 intu-

201 1720 301 1748 lerunt.
315 1720 379 1753 Qua:
393 1728 452 1748 cum
470 1721 623 1748 adverteret
639 1722 797 1755 imperator,
813 1722 907 1748 statuit
920 1729 990 1756 equo

200 1767 364 1794 descendere
375 1764 510 1801 pedesque
519 1775 580 1794 cum
593 1767 699 1795 caeteris
711 1767 838 1794 militibus
850 1767 988 1795 dimicare.

203 1812 300 1839 \‘crum
326 1820 496 1847 nequaquam
520 1812 545 1839 id
570 1812 745 1847 probantibus
767 1813 843 1846 suis,
871 1813 990 1847 praecipit

201 1859 377 1893 bipenniferis
398 1859 442 1894 qui
461 1859 512 1886 sibi
534 1859 660 1886 astabant
677 1862 759 1894 (gens
774 1866 804 1886 ea
818 1864 860 1887 est
881 1859 989 1887 Britan-

202 1913 309 1936 norum,
322 1912 380 1939 qua:
393 1912 407 1930 a
421 1904 594 1932 multisretro
606 1904 713 1931 saeculis
726 1904 854 1931 Romanis
868 1905 988 1938 militat),

201 1955 230 1976 ut
248 1950 379 1977 instarent
403 1950 598 1984 securibusque
615 1951 672 1976 suis
689 1957 785 1978 currus
809 1950 987 1978 dissecarent.

200 1995 280 2023 .Iussa
302 1995 333 2022 iis
351 1995 441 2022 statim
465 1996 694 2029 exsequentibus,
712 1995 874 2031 Scytharum
892 1997 989 2024 castris

202 2042 304 2075 potitus
315 2045 353 2067 est
371 2040 528 2074 imperator.
543 2041 619 2068 Tune
637 2041 758 2076 plerique
775 2049 807 2069 ex
821 2041 853 2069 iis
869 2042 913 2076 qui
928 2042 989 2077 fuga

201 2087 252 2113 sibi
274 2086 488 2119 consuluerant,
512 2087 681 2122 popularium
705 2087 840 2115 desiderio
861 2087 987 2122 adducti,

201 2131 271 2158 ultro
291 2132 324 2159 ad
346 2140 407 2159 eum
432 2131 597 2161 conﬂuxere.
621 2132 856 2169 Romanorumque
879 2134 989 2162 sedibus

203 2177 267 2204 illati
280 2183 306 2206 et
318 2179 437 2206 numeris
450 2179 544 2207 inserti
560 2179 721 2208 militaribus
734 2180 886 2208 diutissime
896 2181 923 2209 in
936 2181 989 2208 (ide

201 2228 418 2258 perseverarunt.

234 2377 263 2412 9
281 2377 308 2403 ι.
329 2377 419 2409 Atque
442 2377 494 2404 isto
511 2377 619 2411 quidem
639 2376 717 2403 modo
733 2383 794 2403 sese
817 2375 911 2403 habuit
928 2376 994 2412 Scy-

199 2422 307 2449 tharum
328 2422 360 2449 ad
384 2421 521 2448 Romanos
538 2421 674 2447 transitio.
691 2420 884 2454 Imperatorem
900 2425 990 2447 autem

201 2476 295 2496 rursus
319 2468 456 2495 detinuere
481 2475 525 2494 res
541 2467 621 2493 Asize.
640 2466 687 2493 Ubi
711 2466 838 2493 Barbaris
862 2466 989 2501 inexspe-

200 2521 301 2548 ctatus,
320 2515 371 2542 sub
392 2514 488 2541 hiemis
512 2513 628 2540 maxime
646 2518 761 2546 tempus,
784 2513 843 2541 aliis
861 2513 886 2540 iit
904 2513 990 2540 servi-

201 2567 287 2589 tutent
314 2561 451 2592 redactis,
489 2559 609 2594 pluribus
636 2559 668 2584 ad
698 2558 881 2586 Christianam
912 2558 991 2585 ﬁdem

1045 1590 1088 1616 ἐπ’
1107 1589 1196 1616 αὐτῶν
1214 1591 1265 1622 τὰς
1281 1591 1416 1623 γυναῖκας
1456 1592 1502 1618 καὶ
1527 1591 1562 1618 τὰ
1586 1592 1670 1617 τέκνα
1694 1591 1834 1619 ἐνέθεσαν.

1045 1636 1128 1668 Αὖθις
1143 1635 1190 1663 οὖν
1208 1637 1283 1672 μάχη
1303 1637 1464 1664 συνίσταται
1484 1638 1608 1674 καρτερὰ
1621 1638 1670 1665 καὶ
1683 1639 1764 1672 φόνος
1781 1639 1837 1673 ἀμ*

1045 1682 1200 1718 φοτὲρωθεν
1207 1683 1322 1717 γίνεται.
1336 1683 1440 1710 Σκύθαι
1455 1683 1509 1719 γὰρ
1519 1683 1614 1719 ὥσπερ
1625 1684 1835 1719 ἐπιτειχίσματι

1045 1730 1105 1760 ταῖς
1119 1729 1238 1764 ἁμάξαις
1249 1729 1418 1764 χρησάμενοι
1434 1729 1539 1764 μεγάλα
1548 1729 1694 1765 Ῥωμαίοις
1704 1730 1834 1759 ἐλύπουν.

1048 1777 1080 1803 Ὃ
1107 1775 1233 1810 βασιλεὺς
1265 1775 1467 1810 ἑννοησάμενος
1491 1775 1570 1811 ἡθελε
1598 1776 1647 1810 μὲν
1675 1777 1757 1808 αὐτὸς
1786 1777 1835 1803 τοῦ

1046 1821 1131 1848 ἵππου
1144 1820 1251 1852 ἀποϐὰς
1261 1819 1330 1856 πεζῇ
1346 1820 1396 1846 σὺν
1411 1822 1467 1852 τοῖς
1482 1821 1665 1856 στρατιώταις
1681 1822 1726 1848 τὸν
1740 1823 1836 1856 ἀγῶνα

1044 1866 1200 1902 διαθλῆσαι.
1219 1865 1366 1900 Ῥωμαίων
1383 1866 1412 1893 δὲ
1424 1867 1531 1901 οὐδαμῆ
1560 1867 1747 1894 ἐπαινούντων
1773 1869 1838 1894 ἐκέ-

1045 1912 1108 1939 λευε
1121 1914 1178 1944 τοῖς
1192 1913 1261 1948 ἀμφ’
1288 1913 1370 1940 αὑτὸν
1385 1913 1584 1948 πελεκοφόροις
1612 1914 1667 1949 (Η)
1695 1914 1780 1949 (ἔθνος
1806 1915 1835 1942 δέ

1044 1960 1103 1985 ἐστι
1118 1959 1198 1986 τοῦτο
1213 1959 1394 1994 Βρεταννικδν
1416 1959 1557 1994 βασιλεῦσι
1597 1954 1743 1994 Ῥωμαίων
1774 1961 1837 1987 δου-

1044 2006 1122 2032 λεῦον
1136 2005 1284 2039 ἀνέκαθεν)
1313 2005 1457 2032 πελέκεσιν
1487 2006 1654 2037 ἑπιστάντας
1677 2007 1836 2033 διακόπτειν

1045 2052 1140 2083 αὑτάς.
1159 2051 1219 2078 Τῶν
1231 2052 1260 2078 δὲ
1273 2052 1373 2078 αὐτίκα
1391 2051 1472 2086 ἔργον
1484 2052 1635 2087 ἐχομένων,
1651 2052 1723 2079 οὕτω
1737 2053 1768 2088 δὴ
1787 2053 1836 2080 καὶ

1044 2098 1128 2124 αὑτοῦ
1145 2097 1191 2124 τοῦ
1208 2097 1321 2124 Σκυθῶν
1338 2098 1521 2133 στρατοπέδου
1549 2099 1689 2134 ἐγκρατὴς
1707 2099 1836 2134 βασιλεὺς

1044 2144 1160 2178 γίνεται.
1178 2144 1244 2170 Ὅτε
1259 2143 1306 2171 καὶ
1325 2144 1378 2170 τῶν
1394 2144 1493 2176 ἄλλων,
1509 2145 1568 2171 ὅσοι
1583 2146 1655 2180 φυγῇ
1675 2145 1725 2180 τὴν
1744 2154 1836 2181 σωτη-

1047 2189 1110 2225 ρίαν
1125 2189 1404 2224 ἐπραγματεύσαντο,
1418 2190 1443 2215 al
1474 2190 1587 2222 πλείους
1601 2190 1640 2226 τῷ
1661 2191 1765 2227 φίλτρῳ
1779 2192 1836 2219 τῶν

1045 2235 1207 2262 ἑαλωκότων
1222 2235 1369 2270 αὐτόμολοι
1400 2235 1507 2270 βασιλεῖ
1531 2236 1685 2271 γεγονότες,
1713 2238 1753 2269 είς
1781 2237 1835 2274 ῆθη

1047 2289 1073 2308 τε
1087 2283 1122 2308 τὰ
1147 2281 1293 2316 Ῥωμαίων
1305 2282 1472 2317 ἀπήχθησαν
1492 2284 1539 2309 καὶ
1561 2285 1772 2316 στρατιωτικοῖς
1788 2285 1834 2318 ἑγ-

1043 2328 1198 2363 γραφέντες
1215 2327 1376 2361 καταλόγοις
1393 2329 1439 2354 tm
1455 2329 1561 2363 μακρὴν
1578 2329 1745 2356 διετέλεσαν.

1077 2372 1109 2400 δ’.
1133 2373 1165 2400 Ἦ
1179 2373 1229 2408 μὲν
1246 2372 1292 2400 οὖν
1308 2374 1362 2400 τῶν
1374 2373 1520 2400 Σκυθικῶν
1533 2374 1619 2401 ἐθνῶν
1636 2375 1664 2406 ἐς
1687 2374 1836 2409 Ῥωμαίων

1043 2419 1170 2450 διάϐασις
1184 2418 1272 2454 ταύτῃ
1287 2427 1325 2454 πη
1341 2419 1402 2454 ἔσχε
1415 2427 1422 2435 ·
1436 2419 1568 2454 βασιλεὺς
1578 2420 1606 2446 δὲ
1622 2421 1670 2446 καὶ
1685 2417 1765 2451 αὖθις
1780 2421 1836 2448 τῶν

1043 2465 1115 2492 κατὰ
1130 2465 1180 2501 τὴν
1203 2466 1296 2491 Ἀσίαν
1308 2465 1396 2500 εἴχετο
1411 2466 1595 2501 πραγμάτων.
1613 2466 1835 2501 ’Λπροσδόκητος

1044 2513 1098 2546 γὰρ
1113 2513 1170 2542 τοῖς
1181 2511 1243 2547 τῇδε
1259 2511 1408 2546 βαρϐάροις
1423 2512 1558 2546 χειμῶνος
1585 2511 1702 2546 μάλιστα
1744 2512 1834 2538 ἐπιτι-

1044 2557 1157 2592 θέμενος
1171 2558 1257 2592 ἄρδην
1273 2557 1498 2592 ὴνδραποδίςετο,
1515 2557 1661 2589 πλείστους
1677 2567 1708 2585 τε
1742 2558 1835 2585 αὐτῶν

876 2630 924 2658 Du
941 2627 1054 2668 Cangii
1072 2631 1165 2659 noue.

239 2694 295 2727 (10)
321 2694 496 2728 dicampan
512 2692 578 2719 Nam
596 2692 621 2718 in
635 2691 727 2728 plures
748 2691 833 2728 tribus
849 2691 986 2728 distributi

202 2725 291 2760 erant,
309 2737 359 2755 nec
383 2725 570 2762 uni—parebant
585 2725 657 2756 duci.
686 2727 778 2762 inquit
791 2725 908 2762 Nicetas.
923 2726 989 2753 Pro-

204 2765 308 2796 copius,
324 2765 342 2791 Ι.
353 2772 359 2790 I
370 2765 405 2790 De
417 2763 485 2790 bello
500 2763 609 2795 Persico
623 2772 630 2789 :
647 2761 742 2793 Οὐδεὶς
757 2761 786 2787 δὲ
799 2761 862 2787 οὔτε
879 2761 989 2796 Ῥωμα-

204 2799 251 2824 ίων
289 2798 463 2834 στρατιωτῶν
493 2797 598 2834 ἄρχων,
623 2796 814 2834 ὀῦςλδοῦκαςΔ
843 2796 986 2834 καλοῦ-σιν,

202 2833 265 2860 οὔτε
279 2831 444 2868 Σαρακηνῶν
453 2833 508 2863 τοῖς
523 2832 669 2868 Ῥωμαίοις
684 2831 854 2868 ἐπισπόνδων
868 2832 988 2866 ἡγούμε-

204 2877 254 2903 νοι,
276 2869 301 2895 οἳ
321 2866 460 2903 ’φύλαρχοι
475 2866 668 2893 ἐπικαλοῦνται
690 2873 743 2893 etc.
758 2866 891 2894 (Steterunt
909 2875 989 2901 cxpe-

1044 2692 1292 2719 ditinuchoannis
1305 2691 1505 2719 Macedonicam
1520 2692 1553 2719 ad
1569 2699 1596 2718 a.
1609 2691 1625 2717 :‘i
1635 2690 1833 2726 imperiirel‘crt

1043 2727 1161 2758 Niectas,
1188 2728 1233 2761 qui
1251 2727 1322 2754 cadit
1336 2728 1362 2753 in
1380 2735 1444 2753 ann.
1461 2727 1525 2754 Chr.
1546 2727 1626 2754 “‘23.

1079 2763 1136 2797 (Η)
1163 2764 1394 2796 Πελεκυρόροις.
1426 2762 1564 2796 Varangis.
1585 2761 1744 2797 Bryennius,
1773 2761 1793 2788 Ι.
1813 2769 1833 2794 Ι,

1044 2805 1068 2824 c.
1090 2797 1125 2823 20
1139 2806 1144 2823 :
1178 2798 1370 2831 ’Λσπιδιφύρον
1386 2797 1496 2831 ξύμπαν
1507 2798 1553 2823 καὶ
1569 2796 1687 2823 πέλεκύν
1709 2805 1771 2823 τινα
1786 2797 1835 2823 ἐπὶ

1043 2831 1127 2867 ὤμων
1146 2833 1239 2867 φέρον.
1268 2832 1333 2860 Vide
1348 2838 1403 2860 not.
1418 2833 1451 2859 ad
1466 2832 1596 2860 Villltard.
1616 2837 1643 2860 et
1659 2832 1776 2858 Annam.
