1942 3081
160 173 215 205 337

777 178 1046 209 ΗΙΞΤΟΠῘΑΗΙΠῙ
1067 181 1140 212 LiB.
1163 181 1184 212 Ι.

1741 185 1792 216 322

160 228 261 255 πολλοῦ
284 228 524 263 μνηστευσάμενος
542 230 679 266 σκῆπτρα.
699 232 775 260 Ἐπεὶ
790 234 818 260 δὲ
834 234 880 261 καὶ
896 236 941 262 M1

1010 240 1035 262 et
1051 235 1076 262 in
1091 243 1176 270 puero
1194 243 1245 262 non
1264 243 1347 270 pauca
1363 235 1469 271 imperii
1487 236 1578 272 agnita
1591 241 1650 264 sunl
1665 242 1790 273 auguria,

157 277 240 310 νουὴλ
256 275 371 311 ἔσχατος
385 276 460 311 αὑτῷ
476 277 597 310 γένοιτο,
615 279 712 312 φάσεις
725 280 822 307 αὐτίκα
838 283 954 316 ἐφοίτων

158 324 206 349 καὶ
223 323 345 358 ξύμϐολα
363 323 500 358 βασιλείας
515 326 554 356 εἰς
569 325 614 350 τὸν
629 327 710 353 παῖδα
725 329 903 364 ἐγνωρίζετο,
918 327 954 356 ὧν

157 369 218 399 ἐτὸς
236 369 252 404 ἢ
272 369 345 396 δυοῖν
364 371 570 406 ἐπιμνησθῆναι
588 373 618 400 οὔ
640 383 685 409 μοι
704 376 791 409 ἔδοξεν
810 378 863 404 ἄπο
883 377 953 405 εἶναι

159 415 270 450 καιροῦ.
289 416 398 451 Ἐπειδὴ
415 426 480 443 ποτε
496 419 564 454 πρὸς
581 419 666 447 ὕπνον
682 422 850 458 κατέδαρθεν
864 424 878 450 6
893 425 953 452 Μα-

158 460 252 495 νουὴλ,
270 461 338 495 γυνή
356 469 398 493 τις
415 461 482 497 ὖναρ
499 464 643 498 ἐφίσταται
660 467 758 502 τούτῳ,
776 468 836 503 ὄψις
855 471 951 506 σεμνὴ,

159 506 276 540 μέλαινα
293 507 388 542 ἐσθὴς,
404 509 433 534 ὲν
448 509 476 536 δὲ
493 511 571 546 χερσὶ
588 512 683 540 πέδιλα
698 515 778 541 ὁποῖα
797 515 952 551 βασιλεῦσιν

157 552 333 600 ὑποδεδέσθαι
348 555 440 590 νόμος.
458 557 513 584 Καὶ
529 559 675 595 παρείχετο
689 561 727 596 τῷ
743 563 871 600 Μανουὴλ
886 565 952 600 χρῆ-

157 598 221 624 σθαι
238 599 386 627 κελεύουσα
401 603 611 640 ἀποσεισαμένῳ
625 606 704 633 ταυτί
717 616 723 623 ·
739 598 859 636 ἐδείκνυε
877 598 951 638 δὲτὰ

156 645 260 680 συνήθη
278 647 375 674 κυανά.
394 647 424 675 Ὀ
439 648 468 676 δὲ
478 669 486 681 ,
501 650 619 686 θορύὸου
637 654 734 688 μεστὸς
749 655 932 690 ἀνεγρόμενος
942 678 949 688 ,

154 691 250 726 ἐπειδὴ
267 694 304 727 μὴ
321 693 495 730 ἐντυγχάνειν
511 698 567 729 τοῖς
582 699 721 734 ὀραθεῖσιν
736 697 818 736 εῖχεν,
836 702 950 729 ἐκλαυθ-

155 737 289 772 μυρίζετο
312 739 384 765 κατὰ
406 741 467 773 τοῦς
491 743 589 775 παῖδας
612 745 660 771 καὶ
682 746 840 782 ἀφῃρῆσθαι
863 748 950 775 ταῦτα

153 784 233 818 παρά
249 793 295 810 του
313 785 367 811 τῶν
387 787 450 821 περὶ
468 788 516 822 τὴν
534 789 627 816 ἑστίαν
645 792 724 825 ᾤετο.
743 793 829 819 Τοῦτο
851 794 902 827 μὲν
918 794 949 830 δὴ

152 830 286 862 τοιοῦτον,
301 830 396 867 ἕτερον
410 833 438 859 δὲ
455 834 531 861 οὐδὲν
547 835 622 870 αὐτῷ
637 836 759 865 ἔλασσον.
773 836 827 866 γΗν
843 848 884 871 τις
901 849 950 875 μο-

152 877 263 911 ναχῶν·
287 879 386 914 πατρὶς
408 880 482 915 αὑτῷ
503 881 643 914 Γαλιλαία,
666 884 721 919 βίος
742 886 949 922 ἀναχωρητικός

153 930 183 948 τε
201 924 249 950 καὶ
261 924 350 959 δρειος
361 933 367 939 ·
384 922 472 960 οὗτος,
487 929 582 964 ἐπειδὴ
599 939 665 956 ποτε
680 932 708 963 ἐς
721 933 830 967 ὁμιλίαν
844 934 951 968 βασιλεῖ

153 967 304 1004 καθίστατο
320 970 442 1007 Ἰωάννῃ,
459 972 521 1004 τοὺς
539 974 636 1007 παῖδας
652 976 681 1007 ἐς
697 977 779 1004 αὑτὸν
797 967 949 1013 παρελθόν-

152 1022 202 1046 τας
220 1015 292 1047 ἰδὼν,
307 1017 363 1048 τοῖς
382 1018 431 1051 μὲν
447 1018 537 1050 ἄλλοις
553 1021 604 1048 ὃσα
621 1023 666 1048 καὶ
692 1023 838 1056 ίδιωτικοῖς
864 1034 949 1061 προσ-

151 1060 268 1095 ηνέχθη,
292 1062 421 1099 Μανουὴλ
447 1065 475 1091 δὲ
499 1065 593 1093 τοῦτον
611 1067 658 1093 σὺν
683 1068 812 1106 εὐλαϐείᾳ
828 1060 948 1106 προσιὼν

151 1106 305 1142 ἐπευλόγει,
348 1110 553 1145 Πυνθανομένου
572 1113 607 1148 [Ρ
627 1113 673 1150 15]
692 1115 719 1141 δὲ
738 1115 870 1150 βασιλέως
886 1118 948 1145 ὅτου

151 1152 236 1180 ἕνεκα
253 1154 338 1181 ταῦτα
357 1155 459 1191 ποιοίη,
478 1157 623 1185 ὑπολαῦὼν
640 1161 653 1186 6
674 1162 802 1196 μοναχῦς,
826 1172 835 1188 ι
849 1163 910 1190 Ὀτι
935 1173 944 1190 ι

151 1195 223 1242 ἔφη,
249 1207 258 1222 c
285 1199 364 1233 μόνος
385 1199 415 1232 ἐξ
438 1201 565 1228 ἁπάντων
586 1203 716 1239 Μανουὴλ
737 1195 865 1239 βασιλεὺς
886 1208 947 1242 ἐμοὶ

152 1240 290 1273 φαίνεται.
316 1251 325 1268 ›
347 1243 393 1269 Ἐκ
415 1244 442 1270 δὲ
465 1244 569 1271 τούτων
590 1246 636 1272 καὶ
657 1247 789 1274 τοιούτων
810 1240 947 1282 ἀλλων-ἐς

151 1286 325 1321 ἀπεράντους
342 1290 354 1314 ὁ
373 1289 500 1324 βασιλεὺς
519 1292 623 1324 ἑννοίας
642 1293 803 1325 ἐξέπιπτεν·
821 1296 947 1323 ἀναλύειν

149 1331 173 1357 δ’
183 1332 235 1358 οὐκ
251 1332 320 1368 ἔχων
334 1335 404 1367 ειπερ
420 1336 493 1371 αὐτῷ
509 1336 610 1369 δόξειεν
623 1339 753 1373 ἀρχῆθεν,
770 1341 799 1372 ἐς
813 1341 858 1367 τὸν
872 1343 947 1377 εἰρη-

152 1377 235 1411 μένον
253 1379 354 1406 σκοπὸν
368 1380 491 1415 ἔϐλεψεν.
512 1382 582 1408 Ἀλλ’
596 1383 684 1410 ἔοικεν
701 1385 876 1422 ἀνθρωπίνης
892 1387 946 1422 ἄρα

151 1421 275 1455 ἐπινοίας
295 1425 349 1451 τῶν
372 1426 480 1453 πάντων
500 1429 675 1463 πραγμάτων
695 1431 830 1465 ἠρτῆσθαι
850 1421 944 1467 μηδέν.

150 1466 236 1513 βῦπω
251 1469 305 1503 γὰρ
317 1471 367 1505 τῆς
383 1472 501 1499 Κιλίκων
513 1473 656 1513 ἐφίστατο,
670 1476 715 1502 καὶ
727 1476 799 1503 δυεῖν
830 1466 944 1513 μενγὰφ-

148 1512 232 1549 Δᾔρετο
249 1516 352 1542 παίδων
367 1517 390 1543 οἳ
407 1518 496 1554 χρόνῳ
511 1510 643 1554 προῆκον,
654 1520 750 1556 ἅτερος
765 1522 793 1548 δὲ
808 1524 863 1551 τοῖν
877 1510 945 1551 ἀπο-

149 1558 351 1596 λελειμμένων,
366 1563 427 1590 ἐπεὶ
444 1565 504 1600 μηδ’
516 1565 589 1600 αὐτῷ
604 1566 761 1600 ξυνέϐαινεν
774 1569 802 1599 ἐς
818 1569 848 1595 τὸ
864 1570 943 1605 σῶμα

150 1606 242 1638 καλῶς
258 1608 345 1643 ἔχειν,
363 1609 447 1645 ἀπῄει
462 1611 525 1642 τοὺς
541 1613 655 1647 νεκροὺς
671 1614 700 1645 ἐς
715 1614 861 1646 Βυζάντιον
876 1617 943 1644 ἀνα-

149 1652 283 1687 κομίζων.
298 1655 430 1687 Βασιλεὺς
443 1657 471 1683 δὲ
484 1657 530 1683 ἐπὶ
544 1658 593 1692 τῆς
608 1659 727 1686 Κιλίκων
739 1660 783 1686 τὸν
797 1661 854 1696 βίον
884 1658 943 1694 ξυνέ

149 1699 316 1733 εμερίσατο,
343 1703 389 1728 κα)⁸
414 1703 543 1738 Μανουήλ
557 1704 650 1731 λοιπὸν
673 1706 711 1737 είς
735 1706 781 1732 τὸν
806 1707 943 1742 βασιλείας

148 1743 237 1770 ἄνεισι
254 1745 358 1780 θρόνον.
374 1747 466 1780 Ἄξιον
481 1749 508 1775 δὲ
527 1751 574 1776 καὶ
588 1751 633 1777 τὸν
649 1752 697 1786 τῆς
713 1751 841 1788 τελευτῆς
859 1754 942 1781 αὑτοῦ

147 1790 251 1824 τρόπον
265 1791 458 1827 διηγήσασθαι.
477 1794 590 1828 Ἐξιόντι
609 1796 678 1830 πρὸς
696 1797 782 1832 θήραν
799 1799 873 1833 αὐτῷ
893 1800 942 1832 σῦς

148 1834 273 1869 ἀπήντα,
298 1837 369 1870 μέγα
390 1846 416 1864 τι
437 1837 549 1874 χρῆμα,
572 1840 651 1867 ὁποῖα
674 1841 760 1868 πολλὰ
781 1843 797 1877 ἡ
821 1843 942 1871 Κιλίκων

148 1881 246 1916 τρέφει
262 1883 298 1918 γῆ
314 1885 360 1911 καὶ
375 1884 424 1920 ὅρη
438 1886 472 1912 τὰ
485 1886 620 1922 Ταυρικά,
635 1887 664 1913 ’0
680 1888 728 1922 μὲν
743 1886 788 1914 οὖν
804 1889 940 1923 ἀκόντιον,

148 1927 187 1959 ὥς
207 1937 284 1962 φασι,
305 1931 499 1966 χειρισάμενος
520 1933 631 1959 ἐπιόντα
650 1933 745 1960 τοῦτον
764 1934 909 1969 ὑφίστατο·
926 1937 941 1963 ὁ

149 1974 189 2007 δὲ,
207 1975 257 2009 τῆς
275 1976 377 2011 αἰχμῆς
392 1977 431 2012 τῷ
451 1978 555 2014 στέρνῳ
573 1980 785 2015 ἐγκρυφθείσης,
804 1981 941 2016 θυμαίνων

149 2022 197 2047 ἐπὶ
213 2023 245 2057 τῇ
264 2022 355 2058 πληγῇ
375 2023 489 2058 ὠθισμῷ
510 2024 610 2058 μᾶλλον
627 2026 741 2060 ἐχρῆτο,
759 2026 798 2058 ὡς
815 2027 940 2054 ἐντεῦθεν

149 2067 200 2102 τὴν
219 2067 350 2102 βασιλέως
367 2070 447 2104 χεῖρα
462 2069 508 2096 διὰ
526 2070 643 2106 σφοδρὰν
658 2072 707 2106 τὴν
723 2072 875 2107 ἀντέρεισιν
892 2074 939 2100 τοῦ

149 2113 251 2145 εὐθέως
267 2115 449 2149 ἐκτραπεῖσαν
462 2116 505 2150 ἐφ’
517 2117 549 2152 ἢν
563 2119 723 2153 παρήρτητο
739 2119 939 2154 παρενεχθῆναι

149 2161 292 2195 φαρέτραν
313 2161 403 2196 πλήρη
431 2161 516 2196 βελῶν
536 2159 630 2190 οὖσαν.
651 2163 739 2195 Εὐθὺς
760 2162 807 2191 οὖν
829 2166 939 2200 τραῦμα

1006 289 1119 315 qimrum
1134 288 1214 307 unum
1228 285 1309 315 atque
1322 281 1436 308 alterum
1456 288 1598 309 recensere
1617 282 1686 308 haud
1701 283 1748 309 ahs
1765 293 1792 310 rc.

1006 326 1067 353 crit.
1086 326 1234 354 Dormienti
1251 326 1396 360 aliquando
1414 326 1528 354 Manueli
1545 328 1670 362 apparuit
1686 330 1793 359 mulier,

1006 371 1077 397 vultu
1104 379 1209 404 severo,
1234 372 1309 407 nigra
1332 372 1424 399 induta
1451 378 1535 405 veste,
1552 374 1675 402 manibus
1698 380 1793 403 Iuncus

1004 418 1197 449 calceamenta.
1220 419 1317 453 quibus
1335 419 1512 453 imperatores
1537 420 1611 447 indui
1635 422 1718 448 moris
1739 428 1792 448 est.

1004 463 1040 490 Ea
1053 463 1169 492 Manueli
1189 465 1295 497 obtulit,
1317 465 1492 500 indueretque
1508 467 1646 501 prreccpit,
1671 468 1789 503 rejectis.

1004 510 1102 544 quibus
1119 512 1157 539 uti
1175 517 1355 540 consueverat
1367 517 1394 539 et
1412 520 1472 547 quae
1488 514 1656 540 monstrabat
1683 515 1790 545 mulier,

1004 556 1134 584 casruleis.
1155 557 1292 586 Excitatus
1311 566 1372 585 cum
1391 559 1492 594 ingenti
1510 560 1724 594 perturbatione,
1745 561 1789 587 ubi

1003 609 1063 636 qua:
1084 603 1252 631 videratnon
1272 606 1381 640 reperit.
1394 612 1538 639 puerorum
1556 613 1632 632 more
1655 606 1789 639 plorabat.

1002 656 1087 682 eaque
1115 656 1130 675 e
1158 649 1313 678 domesticis
1340 651 1456 685 aliquem
1480 651 1607 678 credebat
1634 651 1788 679 abatulisse.

1003 692 1138 727 Ejusmodi
1163 694 1213 721 fuit
1226 697 1379 730 augurium,
1394 697 1437 723 cui
1460 696 1530 723 haud
1550 697 1620 724 istud
1635 696 1715 725 cedit.
1732 697 1790 723 Mo~

1002 739 1104 766 naclms
1123 745 1200 775 gente
1227 741 1364 774 Galilaztts,
1384 743 1428 777 qui
1456 743 1536 769 vitam
1563 745 1741 771 monasticam
1763 744 1789 771 iu

1002 785 1076 812 silvis
1104 794 1135 812 ac
1164 787 1301 814 montibus
1328 788 1440 822 agebat,
1469 789 1530 815 dum
1561 789 1630 817 forte
1652 797 1703 816 una
1729 798 1789 817 cum

1001 831 1165 867 imperatore
1178 833 1387 868 colloqueretur,
1406 835 1564 870 videretque
1580 837 1739 864 accedentes
1753 837 1786 862 ad

1001 885 1030 905 se
1055 878 1126 906 illius
1147 879 1265 912 liberos,
1284 886 1396 907 caeteros
1427 881 1509 907 veluti
1536 881 1656 915 privatos
1683 881 1788 911 habuit,

1001 924 1116 952 Mauricii
1153 933 1216 952 vero
1251 927 1403 953 humaniter
1427 931 1537 961 accepto
1572 927 1787 954 benedictionem

1000 970 1139 1004 impertiit.
1154 970 1273 1006 Rogatus
1291 980 1303 998 a
1320 972 1441 1007 principe
1459 981 1586 1006 quorsum
1601 973 1657 1000 haec
1673 974 1785 1008 egisset.

1000 1017 1137 1050 respondit
1152 1018 1310 1049 monachus,
1337 1026 1417 1045 ttnum
1440 1026 1472 1046 ex
1497 1018 1621 1045 omnibus
1637 1018 1786 1045 Manucletu

999 1063 1050 1090 sibi
1075 1063 1266 1098 imperatorem
1283 1065 1379 1093 videri.
1406 1064 1467 1092 lltec
1482 1069 1508 1091 et
1530 1064 1628 1092 similia
1645 1065 1696 1092 etsi
1710 1066 1786 1091 varie

1000 1109 1170 1143 imperatoris
1196 1109 1251 1145 24
1278 1110 1396 1137 animum
1426 1115 1566 1137 versarent
1587 1118 1670 1138 :cum
1696 1117 1786 1138 {animi

998 1162 1057 1188 qua:
1072 1159 1151 1182 antea
1173 1156 1330 1182 decreverat
1345 1155 1428 1182 nollet
1446 1156 1573 1188 rescindi,
1591 1157 1673 1190 priori
1687 1164 1786 1191 propo-

998 1201 1048 1227 sito
1068 1201 1153 1228 stetit.
1169 1201 1220 1228 Sed
1236 1202 1271 1228 ita
1299 1207 1483 1236 comparatum
1501 1207 1553 1235 est,
1577 1207 1605 1229 ut
1623 1210 1713 1230 rerum
1728 1205 1786 1230 exi-

999 1252 1040 1273 tus
1050 1255 1081 1273 οι(
1090 1247 1215 1274 immanis
1227 1255 1277 1274 non
1291 1248 1424 1282 pendeant
1437 1248 1566 1275 consiliis.
1580 1248 1701 1276 Nondum
1713 1250 1785 1276 enim

998 1293 1269 1327 attigeratCiliciam,
1286 1302 1345 1321 cum
1358 1294 1462 1322 duobus
1479 1295 1540 1321 ﬁliis
1557 1301 1619 1322 natu
1638 1296 1785 1329 majorihus

997 1339 1131 1365 orbatur:
1147 1340 1324 1374 superstitum
1349 1347 1412 1367 vero
1437 1334 1514 1372 alter,
1531 1341 1576 1375 qui
1595 1348 1644 1368 nec
1664 1342 1723 1375 ipse
1738 1342 1783 1368 ad-

998 1385 1107 1412 modum
1124 1392 1239 1420 corpore
1265 1385 1382 1417 valebat,
1402 1385 1561 1421 Byzantium
1590 1388 1705 1414 mittitur
1733 1388 1786 1414 fra-

998 1435 1066 1457 trum
1082 1431 1212 1459 cadavera
1230 1432 1406 1460 deducturus.
1429 1433 1542 1460 Moritur
1555 1434 1636 1460 etiam
1649 1435 1674 1460 in
1690 1434 1783 1461 Cilicia

998 1477 1155 1511 imperator,
1185 1477 1382 1512 imperiumque
1399 1478 1559 1513 adipiscitur
1587 1479 1700 1507 Mannel.
1727 1481 1784 1513 Quo

997 1528 1075 1558 pacto
1091 1528 1180 1551 autem
1197 1524 1281 1551 vitam
1299 1524 1409 1555 ﬁnierit,
1425 1531 1555 1551 enarrare
1571 1524 1675 1551 \‘iJrlttr
1695 1533 1784 1559 ορρωε

997 1569 1126 1604 pretium.
1153 1569 1193 1595 Ad
1213 1569 1383 1596 venationem
1411 1577 1522 1604 egresso
1549 1571 1643 1596 obvius
1675 1572 1700 1596 lil
1718 1579 1783 1605 nptl'

995 1615 1112 1649 ingentis
1142 1615 1346 1650 magnitudinis,
1373 1615 1467 1650 quales
1495 1615 1521 1641 in
1541 1614 1633 1642 Cilicia
1663 1617 1738 1643 multi
1756 1623 1782 1644 ct

994 1662 1132 1689 montibus
1148 1661 1289 1694 Tauricis;
1306 1662 1503 1694 advenientem,
1518 1668 1545 1689 ut
1563 1662 1615 1690 l‘ert
1632 1663 1713 1694 fama,
1730 1663 1782 1690 tein

993 1709 1064 1743 quod
1094 1716 1173 1735 manu
1203 1709 1310 1735 tenehat
1328 1709 1429 1743 excipit
1445 1715 1452 1736 :
1470 1714 1563 1736 contra
1589 1710 1632 1736 ille
1653 1718 1780 1737 mucrone

994 1755 1019 1782 in
1038 1759 1131 1789 pectus
1144 1755 1241 1781 adacto
1259 1762 1291 1781 ex
1313 1754 1391 1789 plaga
1417 1755 1580 1784 furibundus
1595 1756 1781 1783 vehementius

993 1801 1085 1832 instat,
1106 1800 1174 1828 adeo
1197 1805 1225 1826 ut
1240 1800 1301 1827 inde
1324 1808 1421 1827 manus
1443 1801 1624 1836 imperatoris,
1641 1809 1701 1836 quae
1716 1802 1778 1829 dum

993 1845 1089 1874 fortius
1104 1846 1236 1873 obnititur
1253 1854 1266 1872 a
1284 1850 1358 1872 recto
1372 1846 1475 1873 deﬂexa
1505 1846 1530 1873 in
1554 1847 1710 1881 pharetram
1737 1854 1781 1874 sa-

992 1893 1065 1927 gittis
1081 1892 1199 1926 plenam,
1214 1899 1295 1927 quam
1310 1899 1343 1919 ex
1359 1892 1472 1919 lmmero
1486 1900 1644 1927 suspensam
1659 1893 1780 1927 gerebat,

993 1939 1145 1973 impegerit,
1176 1946 1291 1973 quarum
1321 1938 1478 1973 cuspidibus
1509 1938 1648 1966 vulnerata
1667 1939 1779 1973 perstri-

991 1989 1088 2019 ctaque
1113 1988 1155 2010 est
1170 1990 1232 2016 pars
1247 1990 1328 2017 carpo
1339 1984 1470 2017 proxima.
1489 1984 1528 2011 Ex
1541 1991 1574 2012 eo
1588 1984 1699 2012 vulnere
1714 1993 1777 2012 crn-

991 2034 1052 2056 enta
1068 2029 1143 2056 sanie
1158 2027 1296 2060 efﬂuente,
1314 2029 1402 2056 tenuis
1414 2029 1581 2060 membrana,
1601 2038 1682 2064 quam
1698 2031 1777 2064 vulgo

991 2075 1117 2102 eederam
1143 2077 1251 2104 vocant.
1283 2074 1443 2108 imponitur,
1472 2083 1531 2109 quae
1548 2075 1662 2103 divisam
1680 2085 1778 2112 cogere

991 2130 1111 2154 carnem,
1126 2126 1152 2149 et
1169 2122 1324 2149 cicatricem
1351 2122 1538 2154 contraheret,
1562 2129 1596 2148 ne
1612 2122 1776 2149 inﬂammata

991 2168 1097 2195 dolores
1121 2167 1288 2201 concitaret;
1315 2167 1362 2194 sed
1391 2167 1446 2194 haec
1471 2167 1522 2194 fuit
1550 2172 1642 2202 postea
1673 2168 1778 2194 innim-

148 2207 329 2241 ἑπηκολοὺθει
344 2209 404 2239 ταῖς
420 2208 494 2234 ἀκίσι
509 2208 651 2240 ξυσθέντος
666 2210 748 2237 αὐτοῦ
762 2211 809 2237 τοῦ
824 2211 940 2247 ἐπικαρ-

995 2214 1116 2241 motionis
1134 2221 1233 2240 causa:
1252 2221 1312 2240 nam
1331 2221 1462 2240 venenum
1480 2222 1533 2248 quo
1550 2214 1629 2241 telum
1646 2215 1774 2242 infectum

148 2253 230 2278 πίου·
251 2253 297 2279 καὶ
316 2253 404 2288 ἀφρὸς
426 2254 475 2289 μὲν
492 2254 617 2281 ἐντεῦθεν
637 2255 787 2291 ὲξεμύσατο
807 2256 936 2292 ὕφαιμος,

147 2297 220 2332 ὑμὴν
235 2297 262 2324 δέ
279 2307 320 2330 τις
337 2298 444 2331 λεπτὸς,
459 2299 488 2326 ὃν
504 2300 621 2335 ἐκδηρᾶιν
638 2302 663 2327 οἱ
680 2302 773 2328 πολλοὶ
792 2302 936 2334 ἰδιωτικῶς

146 2342 325 2377 ὀνομάζουσι,
343 2345 497 2379 προσήγετο
513 2345 592 2379 δῆθεν
609 2346 731 2379 συνάξων
746 2347 777 2374 τὸ
792 2347 937 2382 διεστηκὸς

145 2388 195 2414 καὶ
212 2388 388 2415 συνουλώσων
403 2389 434 2415 τὸ
450 2389 575 2424 τραῦμα,
592 2390 630 2421 ὠς
647 2390 685 2426 μὴ
702 2390 859 2426 φλεγμῆναν
875 2392 938 2418 6δᾶ-

145 2444 194 2466 νας
210 2435 316 2472 ἐγείρῃ.
333 2435 403 2462 Ἀλλ’
413 2433 446 2471 ἦν
461 2436 550 2462 ἐκεῖνο
564 2437 612 2472 τῆς
627 2438 765 2463 εἰσέπειτα
782 2437 937 2473 φλεγμονῆς

146 2481 247 2508 αἴτιον.
265 2481 316 2506 Τὸν
332 2481 387 2516 γὰρ
404 2483 453 2516 τῆς
474 2482 566 2513 ἀκίδος
587 2482 625 2508 ἱὸν
642 2482 716 2509 ἔνδον
733 2485 766 2518 τῇ
788 2484 937 2518 στυφότητι

145 2526 315 2553 ἐναπολαεὸν
328 2527 374 2553 ἐπὶ
385 2529 414 2553 τὸ
427 2527 491 2554 ἄλλο
506 2528 640 2563 μετέφερε
655 2529 744 2563 σῶμα.
759 2529 838 2555 Ἀλλὰ
849 2529 936 2556 ταῦτα

147 2573 196 2607 μὲν
206 2571 319 2608 ὕστερον
329 2580 336 2586 ·
347 2572 408 2599 τότε
417 2572 445 2599 δὲ
456 2573 592 2608 μηδεμίαν
600 2575 640 2600 ἔτι
650 2575 745 2610 ὀδύνης
757 2575 936 2611 συναίσθησιν

142 2619 234 2654 ἔχοντι
259 2618 385 2653 τράπεζά
411 2626 440 2645 τε
465 2618 541 2654 αὺτῴ
561 2621 735 2655 παρετίθετο,
755 2622 805 2647 καὶί
819 2623 834 2656 ἡ
849 2622 930 2657 κλίνη

142 2663 240 2690 τοῦτον
252 2660 326 2699 εἶχεν
341 2664 379 2697 ὡς
402 2665 599 2700 ἀριστήσαντα,
630 2666 828 2701 Προϐαίνοντος
845 2667 874 2694 δὲ
887 2668 935 2695 τοῦ

142 2710 259 2744 ἀρίστου
273 2711 367 2743 παῖδες
385 2712 487 2747 ἰατρῶν
499 2712 617 2739 ἐνταῦθα
628 2714 841 2749 περιεστηκότες
857 2715 894 2747 ὼς
906 2716 936 2742 το

143 2756 265 2791 ἐπίθεμα
281 2755 361 2789 εἶδον,
379 2759 563 2786 ἐπννθάνοντό
582 2768 612 2785 τε
630 2759 680 2794 τὴν
697 2759 744 2785 τοῦ
776 2761 934 2796 τραύματος

144 2802 235 2828 αἰτίαν
248 2803 295 2829 καὶ
307 2804 478 2841 μαθόντεςτῇ
489 2814 520 2832 τε
535 2806 661 2842 τραπέζῃ
676 2807 870 2841 ἐπεμέμφοντο
885 2802 933 2834 καὶ

143 2847 239 2882 ἠξίουν
266 2850 367 2876 αὐτίκα
384 2850 434 2885 τῆς
462 2853 551 2887 χειρός
581 2852 725 2880 ἀπεῶσθαι
755 2852 852 2879 τοῦτο·
870 2854 883 2880 6
904 2854 933 2881 δὲ

145 2895 301 2930 προσφῦναι
316 2905 345 2923 τε
374 2897 404 2923 τδ
432 2899 544 2931 τραῦμα
576 2899 694 2927 ἐνταῦθα
715 2899 860 2926 διετείνετο
886 2901 933 2928 καὶ

989 2264 1066 2291 erat,
1094 2259 1148 2293 ipsa
1176 2258 1334 2286 astrictione
1366 2259 1419 2293 25
1444 2260 1545 2286 arctius
1573 2259 1719 2293 inclusum,
1750 2261 1775 2286 in

990 2305 1122 2338 reliquum
1151 2304 1319 2331 transfusum
1340 2310 1381 2332 est
1407 2312 1516 2338 corpus.
1544 2305 1582 2332 ita
1602 2313 1662 2332 cum
1688 2306 1776 2332 nullus

988 2350 1051 2377 dum
1068 2351 1176 2378 adesset
1191 2350 1278 2383 dolor,
1291 2355 1402 2385 paratur
1420 2351 1468 2385 ipsi
1489 2358 1592 2384 mensa,
1609 2350 1687 2385 eique
1702 2352 1775 2378 vclnt

987 2405 1135 2432 pransurus
1155 2397 1298 2425 accumbit.
1325 2397 1398 2424 inter
1425 2398 1622 2432 prandendum,
1651 2398 1696 2432 qui
1721 2399 1776 2425 eir-

987 2442 1155 2468 cnmstabant
1174 2442 1338 2470 medicorum
1362 2443 1419 2475 ﬁlii,
1435 2447 1465 2469 ut
1494 2443 1647 2478 appositum
1673 2444 1775 2477 empla-

987 2491 1071 2514 strum
1089 2494 1266 2522 conspexere,
1295 2489 1431 2516 cicatricis
1453 2496 1571 2516 causam-
1593 2489 1723 2517 sciscitati
1748 2498 1776 2517 et

986 2533 1086 2566 edocti,
1106 2535 1299 2561 removendum
1321 2534 1385 2561 illud
1403 2542 1417 2561 a
1434 2542 1528 2568 manu,
1540 2539 1568 2562 et
1584 2543 1598 2562 a
1616 2543 1710 2563 mensa
1729 2539 1775 2564 ah-

986 2579 1140 2606 stinendttm
1155 2585 1332 2608 censuerunt.
1344 2580 1443 2607 Contra
1460 2581 1503 2608 ille
1514 2581 1565 2609 hoc
1578 2578 1773 2610 medicamento

986 2625 1073 2652 coisse
1099 2625 1196 2653 vulnus
1223 2633 1272 2653 nec
1296 2626 1445 2661 quidquam
1476 2627 1538 2655 mali
1561 2628 1594 2655 de
1619 2633 1723 2656 tumore
1748 2635 1775 2656 et

987 2670 1199 2698 inﬂammatione
1213 2679 1273 2698 sese
1289 2676 1408 2700 metuere
1418 2672 1537 2701 dicebat.
1550 2671 1615 2701 Post
1627 2674 1770 2709 prandiqu

987 2724 1081 2744 somno
1096 2725 1125 2744 se
1140 2718 1222 2750 dedit,
1239 2719 1386 2752 statimque
1403 2720 1554 2747 acutissimi
1579 2720 1685 2748 dolores
1707 2721 1773 2748 sub-

986 2764 1048 2796 orti,
1076 2768 1185 2798 totaque
1210 2772 1306 2791 manus
1321 2765 1457 2792 intumuit.
1476 2765 1609 2794 Convenit
1624 2766 1696 2794 illico
1713 2768 1773 2794 uni-

987 2817 1064 2837 versa
1084 2809 1248 2836 medicorttm
1266 2810 1357 2847 turba,
1373 2811 1490 2845 quidque
1509 2811 1578 2838 facto
1601 2819 1668 2847 opus
1688 2813 1773 2839 variis

987 2854 1102 2882 invicem
1121 2843 1292 2889 disputaveie
1314 2856 1465 2883 sententiis.
1484 2856 1597 2889 Quidam
1613 2857 1685 2884 enim
1712 2865 1776 2884 cen~

986 2901 1082 2929 sebant
1097 2901 1277 2929 rcsecandum
1301 2906 1447 2936 tumorem,
1466 2903 1510 2931 alii
1534 2904 1654 2932 nondum
1684 2909 1773 2931 rnatu»
