1942 3081
181 104 235 136 3Ᾰ3

825 107 945 138 IOANN
949 107 984 137 IS
1004 107 1168 138 CINNAM’l

1753 111 1829 145 3η

183 161 228 195 qui
255 159 386 195 singulari
405 167 460 195 prae
478 160 582 188 caeteris
613 161 639 188 in
653 166 791 196 parentem
808 170 900 190 amore
923 163 971 190 lla-

1028 172 1083 195 πεις
1101 164 1149 190 καὶ
1166 163 1320 198 μελλόντων
1335 164 1424 200 ὀμφαὶ
1437 165 1554 200 γίνεται.
1573 166 1608 194 Ἀ
1633 167 1683 202 μὲν
1699 167 1746 195 οὖν
1759 170 1826 196 αὐ·-
1854 156 1858 159 Δ

184 207 290 241 grabat,
318 211 422 234 naturae
451 207 524 243 leges
553 208 695 242 reveritus,
723 210 847 237 demiSsis
871 209 967 242 oculis,

183 260 322 286 pronoque
342 253 368 286 in
384 257 477 287 pectus
494 254 590 289 capite.
609 254 729 290 profusis
744 255 871 290 lacrymis
888 257 966 292 pavi.

184 302 302 326 mentum
320 298 426 334 rigavit.
443 299 618 336 Chlamydem
638 305 726 328 tamen
749 301 870 333 indutus,
895 309 966 329 sutu-

183 348 283 378 ptoque
306 344 457 372 diademate
471 345 505 372 ab
522 345 649 374 universo
670 347 790 374 exercitu
819 347 968 382 imperator

183 390 238 426 29
251 391 442 425 proclamatur.
469 391 588 420 Joannes
604 400 668 420 vero
682 393 774 428 paucis
794 397 855 428 post
874 393 968 421 diebus

184 438 309 470 moritur,
331 444 392 464 cum
421 441 491 465 totos
519 438 610 471 viginli
630 439 747 473 quinque
771 446 867 470 annos.
892 447 968 466 men-

182 491 280 517 sesque
310 487 414 519 septem
436 484 570 512 Romanis
599 485 776 519 imperasset,
806 490 901 513 octavo
927 486 970 514 die

183 529 295 562 mensis,
309 538 390 565 quem
412 530 558 559 Xanticum
586 531 684 565 Graeci,
714 530 827 559 Romani
849 531 968 567 Aprilem

182 580 292 604 vocant.

1023 210 1068 241 τὸς
1079 210 1155 237 παιδὶ
1169 211 1253 246 τώμῷ
1262 211 1410 245 ξυνειδέναι
1423 209 1562 248 εἶχον,καὶ
1576 213 1608 249 δή
1623 222 1668 249 μοι
1680 214 1794 250 εἴρηται
1811 223 1827 232 ο

1024 256 1158 292 ὑμέτερον
1185 257 1209 283 δ’
1222 257 1255 284 ἂν
1283 259 1325 292 εἴη
1350 258 1400 293 τὴν
1427 258 1542 294 γνώμην
1555 259 1690 287 ἐπιθεῖναι
1717 261 1826 288 λοιπὸν

1023 303 1074 338 τὴν
1088 303 1205 330 ἑαυτῶν.
1225 313 1235 330 t
1255 304 1388 337 Βασιλεὺς
1416 305 1465 340 μὲν
1489 305 1610 332 τοσαῦτα
1633 303 1726 339 εἶπεν,
1740 307 1765 333 οἱ
1783 306 1825 332 δὲ

1025 349 1074 375 σὺν
1089 349 1170 385 ἡδονῇ
1185 358 1214 376 τε
1230 350 1278 377 καὶ
1291 351 1426 386 δάκρυσιν
1442 351 1584 379 ἐπένευον.
1593 352 1623 379 '0
1637 352 1666 379 δὲ
1681 353 1746 383 παῖς
1765 349 1826 387 (ἦν

1024 395 1078 429 γάρ
1088 395 1249 431 φιλοπάτωρ
1261 396 1341 432 εἴπερ
1351 406 1392 429 τις
1407 397 1497 432 ἄλλος)
1511 398 1559 424 καὶ
1575 398 1683 432 φύσεως
1692 397 1826 431 θεσμοὺς

1023 440 1223 476 εὐλαϐούμενος
1251 443 1325 470 κάτω
1341 443 1477 476 νενευκὼς
1502 443 1550 471 καὶ
1574 444 1621 470 ἐπὶ
1646 444 1746 479 στέρνα
1760 443 1823 477 τὴν

1024 487 1147 522 κεφαλὴν
1164 488 1271 523 ῥίπτων
1295 489 1413 524 δάκρυσι
1441 490 1472 516 τὸ
1493 489 1608 516 δάπεδον
1624 489 1732 516 ἐπλυνε.
1755 488 1825 523 Τὴν

1024 533 1150 569 χλαμύδα
1167 534 1224 569 (48)
1239 535 1261 562 δ’
1275 535 1351 570 ὅμως
1364 535 1521 572 περιδυθεὶς
1538 537 1585 562 καὶ
1602 535 1756 566 ταινιωθεὶς
1773 534 1826 569 τῷ

1023 579 1172 616 διαδήματι
1199 581 1328 616 βασιλεὺς
1355 582 1408 608 ὑπὸ
1442 582 1544 614 παντὸς
1567 581 1733 617 ἀνηγόρευτο
1762 580 1824 607 τοῦ

184 623 400 658 στρατεύματος.
416 624 548 655 Βασιλεὺς
577 623 606 650 δὲ
643 624 772 660 Ἰωάννης
792 624 897 659 ὀλίγαις
915 625 945 651 τὸ
976 626 1101 653 ἐντεῦθεν
1127 627 1253 660 ἐπιϐιοὺς
1284 629 1403 664 ἡμέραις
1437 628 1506 665 πρὸς
1532 629 1582 663 τὴν
1607 628 1712 655 ἐκεῖθεν
1735 627 1826 663 λῆξιν

185 668 331 706 μερίστατο
344 668 411 704 (49),
436 669 479 703 ἐφ’
494 668 567 701 ὅλοις
591 669 673 696 πέντε
691 669 739 697 καὶ
756 670 857 697 είκοσιν
876 671 1010 700 ἐνιαυτοῖς
1041 673 1088 699 καὶ
1123 673 1208 708 μησὶν
1221 674 1292 707 ἑπτὰ.
1310 674 1455 709 Ῥωμαίων
1484 675 1583 710 ἄρξας,
1617 674 1714 711 ὀγδόην
1729 676 1823 710 ἄγον-

182 724 228 746 τος
243 716 327 751 μηνος
342 716 371 743 ὃν
383 716 513 751 ’Έλληνες
533 716 582 752 μὲν
595 717 740 750 Ξανθικὸν,
758 717 899 753 Ἀπρίλιον
914 718 942 745 δὲ
968 718 1098 754 Ῥωμαῖοι
1115 720 1254 749 καλοῦσω.

856 777 906 807 Du
920 777 1141 816 Cangiinotas.

182 827 274 889 x"(408)
370 828 520 863 χλαμύδα.
535 829 611 858 Adde
620 829 786 858 Willelmum
807 829 930 865 Tyrium,
946 831 964 858 1.

1020 831 1065 865 qui
1080 831 1179 859 dicitur
1194 832 1310 860 Pratum"
1334 832 1489 860 Palliorum.
1511 832 1570 866 Quo
1587 837 1692 866 spectat
1707 832 1818 859 Leonis

1020 867 1085 904 imp.
1102 867 1135 893 de
1143 867 1219 904 illius
1233 868 1342 904 interim
1358 868 1525 902 vaticinium,
1542 868 1702 899 τόποι;δ“ὲν
1713 868 1821 904 ὑγροῖς

292 898 469 942 ρίερίοντᾳτο.
544 898 641 942 Ivi-ius
663 900 966 942 deittncturn‘Joanuem

1028 897 1067 927 ιαὶ
1085 902 1150 937 παρ’
1167 902 1263 942 ἐλπίδα
1278 904 1389 935 πεσείςι

182 931 233 959 sub
245 933 386 960 Anavarza
404 933 531 961 secundat
543 931 645 963 Ciliciae
657 935 810 969 metropoli,
822 936 848 963 in
862 943 894 963 eo
909 936 966 963 loco

837 1095 1058 1140 BIBAION
1096 1093 1147 1139 B'.

877 1243 1031 1284 LIBER
1068 1244 1122 1284 II‘.

222 1381 248 1408 Ι.
265 1378 343 1408 hunc
361 1380 441 1408 linem
468 1380 588 1409 habuere
610 1386 656 1409 res
683 1379 788 1409 Joanne
806 1381 971 1416 imperatore

1059 1382 1101 1418 [P.
1117 1381 1162 1417 16]
1178 1384 1212 1409 α’.
1230 1381 1270 1408 Τὰ
1291 1381 1340 1416 μὲν
1354 1381 1386 1416 δὴ
1400 1380 1531 1416 βασιλέως
1549 1381 1674 1408 Ἰωάννου
1688 1381 1825 1409 ὲνταῦοάν

186 1431 279 1462 gesta‘.
292 1426 398 1454 llanuel
415 1434 480 1454 vero
495 1431 603 1462 sceptro
625 1427 736 1462 potitus,
750 1427 800 1456 etsi
816 1428 974 1457 adolescens

186 1474 232 1501 vix
247 1474 334 1509 prima
347 1481 475 1508 aspersus
499 1473 637 1508 lanugine,
652 1473 764 1502 minime
790 1478 882 1503 tamen
900 1479 972 1502 tanta

186 1520 295 1554 imperii
321 1519 393 1547 mole
423 1519 581 1554 perterritus
596 1523 649 1553 est,
675 1520 795 1555 nihilque
809 1521 865 1556 egit
889 1521 973 1556 maje-

186 1570 257 1593 state
277 1565 350 1600 regia
367 1565 518 1600 indignum.
537 1564 641 1594 lsaacio
652 1566 722 1592 enim
738 1565 972 1602 Constantinopoli

187 1616 294 1646 agente,
316 1619 378 1639 cum
402 1610 502 1650 multos
518 1610 649 1639 subiisset
661 1611 781 1646 suspicio
792 1612 850 1640 fore
864 1616 896 1640 ut
908 1605 984 1640 neu:

188 1657 291 1691 tiquam
307 1664 337 1684 se
352 1664 366 1684 a
386 1657 467 1684 rebus
489 1656 622 1684 novandis
640 1657 808 1690 contineret,
833 1663 925 1692 utpote
946 1663 974 1686 et

188 1703 221 1730 ad
237 1703 331 1730 turbas
349 1706 444 1737 suopte
469 1708 570 1737 pronus
591 1702 698 1738 ingenio
719 1707 746 1730 et
759 1704 876 1738 quodam
890 1703 973 1731 animi

188 1748 400 1776 vehementioris
427 1748 526 1783 impetu
546 1748 637 1775 omnia
663 1748 774 1784 exsequi
794 1748 900 1782 solitus,
917 1754 974 1776 tum

189 1794 307 1821 maxime
330 1795 402 1829 quod
427 1793 454 1822 id
479 1801 598 1828 praesens
623 1794 752 1821 suaderet
776 1794 893 1827 occasio.
918 1795 975 1822 hate

190 1845 279 1867 tamen
309 1839 428 1875 neglexit
455 1839 613 1874 imperator.
648 1840 768 1875 Triginta
797 1845 886 1868 autem
915 1845 976 1876 post

188 1886 311 1920 parentis
328 1886 431 1913 obitum
449 1885 545 1913 diebus
561 1885 616 1913 illic
630 1890 815 1914 commoratus
832 1893 884 1913 non
901 1887 976 1921 prius

189 1932 319 1964 excessit,
342 1939 423 1966 quam
450 1931 522 1966 iusta
546 1931 633 1959 eidem
658 1939 708 1967 pro
733 1939 808 1960 more
827 1933 977 1969 ρει·οείε-ω

190 1978 274 2013 (inter
291 1977 343 2004 alia
358 1977 430 2005 enim
446 1979 640 2006 monasterium
655 1979 789 2007 exstruxit
805 1986 837 2007 eo
848 1979 918 2011 loco,
932 1979 976 2006 ubi

190 2028 268 2057 pater
282 2023 364 2050 vitam
378 2023 506 2059 ﬁnierat),
517 2028 544 2051 et
555 2023 657 2052 Ciliciae
667 2031 711 2052 res
727 2025 752 2052 in
764 2029 822 2052 tutu
832 2025 976 2060 posuisset.

190 2069 245 2105 3o
260 2069 422 2097 Antiocheni
438 2073 539 2103 autem,
552 2070 597 2105 qui
611 2069 714 2098 Joanne
729 2071 816 2099 adhuc
832 2071 977 2106 superstite
990 2061 1013 2095 C

192 2115 372 2143 defectionem
395 2121 578 2150 paraverant,
605 2124 652 2151 per
692 2106 796 2152 legath
828 2117 976 2146 Manuelem

193 2165 299 2196 rogant,
312 2161 409 2197 utagri
425 2161 466 2188 sui
483 2160 590 2195 ﬁnibus,
609 2169 688 2196 quem
704 2166 731 2189 et
746 2162 779 2190 ad
803 2162 896 2190 urbem
917 2170 979 2197 per-

194 2208 280 2234 linere
299 2207 509 2241 contendebant,
529 2215 579 2235 nec
594 2208 646 2236 nisi
667 2216 717 2243 per
738 2209 791 2236 vim
806 2216 820 2235 a
835 2208 975 2242 Romanis,

193 2253 320 2288 nulloque
343 2253 405 2288 jure
432 2253 574 2287 possideri.
596 2246 757 2281 decederet:
773 2253 837 2282 Haec
865 2253 915 2282 fuit
941 2255 979 2282 leo

192 2300 308 2336 gntionis
323 2294 441 2327 summa.
466 2299 570 2334 Quibus
588 2305 682 2328 contra
700 2300 848 2336 imperator
864 2302 890 2328 in
909 2302 979 2329 hanc

193 2346 356 2373 sententiam
373 2346 514 2380 respondit
528 2355 535 2373 :
552 2355 562 2372 ι
574 2345 667 2374 Palam
681 2351 723 2374 est
736 2346 870 2379 omnibus,
888 2346 979 2382 legati,

194 2392 326 2420 uihildum
352 2393 414 2420 mali
431 2399 445 2420 a
459 2393 537 2421 nobis
554 2399 695 2428 perpessos
710 2400 770 2420 esse
784 2393 979 2426 Antiochenos;

195 2440 217 2466 si
235 2446 299 2467 vero
321 2447 380 2474 qua:
403 2433 448 2466 cui
472 2439 560 2467 ablata
585 2443 650 2466 sunt
672 2439 706 2466 ab
729 2439 798 2472 aliis,
825 2447 930 2474 aequum
945 2439 981 2467 sit

195 2485 331 2519 prioribus
345 2485 463 2513 dominis
474 2485 580 2514 restitui
598 2493 605 2512 :
620 2493 669 2512 cur
682 2493 733 2512 non
753 2490 779 2513 et
793 2493 840 2513 vos
854 2485 981 2514 Romanis

196 2531 267 2558 ultro
280 2531 444 2564 reddidistis,
456 2531 641 2564 Antiochiam,
653 2530 766 2565 sedlrem
779 2531 981 2565 eodeduxistis,

197 2581 228 2604 u't
240 2577 265 2604 vi
279 2581 313 2611 ,οι
331 2577 415 2604 armis
433 2577 537 2611 parenti
560 2584 620 2604 meo
640 2576 782 2612 repetenda
807 2577 897 2605 esset?
913 2577 982 2610 Quid

197 2623 287 2659 enim?
314 2630 405 2650 nonne
425 2629 485 2650 eam
514 2622 602 2651 Persae
617 2630 678 2651 cum
698 2622 778 2651 nobis
794 2628 911 2658 pareret,
933 2631 983 2650 ex-

197 2669 375 2703 pugnarunt?
394 2668 453 2702 ejus
477 2673 567 2695 autem
589 2669 615 2696 in
637 2673 770 2703 potestate
787 2675 848 2696 esse
871 2669 983 2696 creditis

201 2714 261 2748 hos,
271 2721 340 2750 quos
356 2722 370 2741 a
382 2714 461 2742 nobis
477 2715 606 2750 repetitis,
617 2714 704 2742 lines?
719 2714 822 2742 scilicet
833 2714 984 2743 Aulim-hia:

1026 1436 1071 1462 μοι
1087 1428 1174 1463 πέρας
1201 1427 1300 1462 ἐχέτω.
1327 1426 1459 1459 Βασιλεὺς
1479 1427 1508 1466 δὲ
1524 1427 1653 1463 Μανουὴλ
1667 1427 1722 1454 τῶν
1739 1428 1814 1463 σκή-

1026 1483 1119 1509 πτρων
1135 1474 1187 1509 ἤδη
1206 1473 1416 1509 ἐπιλαϐόμενος,
1445 1474 1587 1509 μειράκιον
1612 1473 1664 1507 ἔτι,
1691 1473 1815 1509 πρώτως

1025 1520 1087 1555 ἄρτι
1112 1519 1271 1554 γενειάζων,
1295 1519 1358 1547 οὔτε
1376 1519 1563 1556 ξυνεταράχθη
1586 1521 1655 1556 πρὸς
1668 1519 1713 1547 τὸν
1727 1520 1816 1554 ὄγκον

1025 1567 1074 1601 τῆς
1091 1567 1177 1601 ἀρχῆς
1194 1566 1257 1593 οὒτε
1279 1575 1307 1593 τι
1322 1566 1434 1601 ἀγεννὲς
1461 1566 1575 1593 ἔπαθεν.
1600 1566 1735 1593 Ίσαακίου
1755 1565 1816 1599 γὰρ

1025 1612 1086 1638 κατ’
1101 1611 1206 1637 ἐκεῖνον
1221 1611 1268 1638 τὸν
1282 1611 1379 1646 χρόνον
1409 1611 1438 1637 ἐν
1463 1610 1605 1645 Βυζαντίῳ
1626 1609 1816 1645 διατρίϐοντος

1026 1656 1144 1691 ὑποψίας
1168 1664 1197 1682 τε
1212 1656 1338 1683 ἐντεῦθεν
1354 1656 1417 1688 τοὺς
1442 1655 1588 1688 πλείστους
1603 1655 1753 1690 εἰσιούσης.
1776 1655 1819 1686 ὡς

1026 1703 1076 1730 οὒκ
1103 1703 1135 1730 ἄν
1157 1711 1222 1729 ποτε
1245 1703 1390 1738 ἀνάσχοιτο
1413 1703 1455 1738 μὴ·
1470 1702 1569 1729 αὐτίκα
1595 1711 1621 1729 τι
1637 1702 1817 1738 νεωτερίσαι,

1027 1749 1107 1785 φύσει
1120 1750 1169 1784 μὲν
1184 1750 1232 1776 καὶ
1249 1749 1336 1781 ἄλλως
1350 1748 1459 1784 δύσερις
1471 1748 1509 1775 ὢν
1525 1749 1572 1776 καὶ
1592 1748 1671 1784 Θυμῷ
1683 1749 1718 1775 τὰ
1732 1748 1816 1775 πλεῖ-

1028 1801 1079 1821 στα
1096 1793 1294 1827 διοικούμενος,
1320 1794 1382 1821 τότε
1405 1794 1427 1821 δ’
1445 1793 1493 1822 οὖν
1508 1795 1556 1821 καὶ
1584 1795 1747 1830 προφάσεως
1775 1796 1820 1827 εἰς

1026 1840 1106 1867 τοῦτο
1118 1840 1279 1875 λαϐόμενος,
1296 1841 1311 1867 ὁ
1324 1841 1353 1867 δὲ
1366 1840 1461 1868 τούτου
1483 1841 1533 1876 μὲν
1544 1838 1626 1877 ἦττον
1641 1841 1818 1876 ἐφρόντισεν,

1027 1884 1070 1919 ἐφ’
1093 1884 1168 1916 ὅλαις
1181 1884 1210 1911 δὲ
1222 1885 1370 1920 τριάκοντα
1394 1885 1450 1920 (50)
1480 1885 1552 1920 μετὰ
1574 1885 1624 1920 τὴν
1646 1885 1694 1911 τοῦ
1709 1885 1819 1920 πατρὸς

1027 1931 1155 1967 τελευτὴν
1170 1930 1208 1966 τῷ
1221 1931 1302 1966 χώρῳ
1316 1931 1491 1967 ὲνδιατρίψας
1503 1932 1620 1967 ἡμέραις
1633 1932 1663 1958 οὑ
1680 1931 1818 1966 πρότερον

1029 1975 1133 2002 ἐκεῖθεν
1147 1977 1252 2012 ἀπῆρε,
1268 1977 1334 2012 πρὶν
1348 1977 1381 2004 ἂν
1397 1976 1435 2012 τῷ
1452 1977 1537 2012 πατρὶ
1559 1977 1608 2012 τὴν
1638 1977 1714 2004 ὁσίαν
1732 1977 1770 2008 ὡς
1786 1977 1819 2003 τὶ

1031 2020 1062 2057 [Ρ
1093 2021 1139 2058 17]
1164 2022 1238 2053 είκὸς
1253 2022 1390 2053 ἐξετέλεσε
1408 2022 1488 2058 (προς
1511 2023 1566 2058 γὰρ
1579 2024 1635 2055 τοῖς
1659 2023 1749 2055 ἄλλοις
1769 2023 1819 2049 καὶ

1030 2067 1242 2104 φροντιιδῄριον
1258 2067 1306 2093 ἐπὶ
1327 2066 1375 2093 τοῦ
1393 2067 1477 2094 τόπου
1490 2067 1634 2106 ιδρύσατο,
1650 2065 1680 2094 οὗ
1692 2067 1724 2102 δὴ
1747 2069 1819 2094 ἐκεῖ-

1029 2121 1074 2140 νον
1092 2113 1141 2148 τὴν
1156 2113 1245 2148 ψυχὴν
1261 2113 1372 2148 ἀφεῖναι
1394 2112 1550 2148 τετύχηκε),
1576 2113 1624 2140 καὶ
1643 2112 1677 2140 τὰ
1693 2113 1818 2139 Κιλίκων

1030 2159 1182 2194 πράγματα
1196 2159 1225 2185 ὲν
1236 2158 1274 2194 τῷ
1285 2158 1403 2194 ἀσφαλεῖ
1417 2160 1613 2194 κατεστήσατο.
1627 2158 1774 2194 Ἀντιοχεῖς
1788 2159 1817 2184 δὲ

1031 2205 1077 2232 καὶ
1094 2205 1227 2240 πρότερον
1243 2205 1292 2241 μὲν
1316 2205 1449 2240 βασιλέως
1471 2205 1595 2232 Ἰωάννου
1614 2205 1654 2232 ἔτι
1671 2205 1818 2240 περιόντος

1032 2253 1124 2288 χειρὸς
1137 2255 1187 2289 τῆς
1202 2252 1308 2280 ἐκείνου
1327 2253 1498 2288 ἁποσκιρτᾷν
1511 2252 1638 2289 ἧρξαν-ιο,
1653 2253 1714 2280 τότε
1728 2253 1756 2280 δὲ
1770 2254 1818 2280 ἐπὶ

1032 2300 1145 2335 βασιλέα
1162 2300 1323 2334 πέμψαντες
1340 2299 1470 2336 Μανουὴλ
1494 2300 1541 2327 καὶ
1565 2301 1648 2334 ὁρ⁷ων
1670 2300 1744 2334 σφίσι
1765 2301 1817 2334 γῆς

1032 2346 1201 2381 ὑπεκστῆναι
1220 2345 1326 2380 ἠξίουν,
1342 2346 1359 2373 ἃ
1374 2346 1453 2373 πόλει
1479 2345 1529 2381 μὲν
1542 2347 1574 2381 τῇ
1600 2345 1689 2372 αὐτῶν
1703 2346 1817 2380 ἀνήκειν

1032 2392 1163 2427 ἔφασκον,
1181 2391 1228 2427 βίᾳ
1251 2392 1280 2418 δὲ
1306 2392 1353 2419 καὶ
1374 2390 1404 2418 όὺ
1431 2392 1478 2424 ξὺν
1495 2391 1535 2426 τῷ
1556 2392 1652 2425 δικαίῳ
1674 2391 1742 2426 πρὸς
1760 2391 1816 2417 τῶν

1039 2435 1185 2471 Ῥωμαίων
1199 2436 1234 2463 τὰ
1250 2435 1297 2464 νῦν
1322 2436 1441 2472 ἔχεσθαι.
1467 2437 1498 2463 Οί
1528 2437 1578 2472 μὲν
1597 2436 1684 2463 ταῦτα
1712 2435 1816 2468 ἔλεγον,

1035 2483 1164 2519 βασιλεὺς
1183 2482 1211 2509 δὲ
1230 2482 1270 2513 εἰς
1295 2483 1445 2516 ἀπολογίαν
1472 2483 1564 2513 αὐτοῖς
1589 2480 1727 2513 καταστὰς
1744 2481 1816 2513 ἔλεξε

1033 2529 1139 2556 τοιάδε·
1157 2538 1166 2554 ι
1197 2528 1240 2560 Ὠς
1260 2529 1309 2564 μὲν
1325 2528 1432 2559 οὐδενὸς
1455 2528 1495 2554 ἔτι
1519 2527 1640 2562 φλαύρου
1659 2527 1723 2562 παρ’
1740 2527 1816 2562 ἡμῶν

1041 2576 1186 2611 Ἀντιοχεῖς
1210 2574 1375 2610 πειραθῆναι
1404 2574 1561 2608 ξυνέπεσεν,
1586 2573 1608 2600 ὦ
1633 2573 1729 2607 ἄνδρες
1753 2581 1813 2608 πρε·

1035 2616 1162 2653 σὸευτοὶ,’
1174 2619 1255 2646 παντί
1272 2628 1325 2646 που
1354 2620 1434 2655 δῆλόν
1449 2621 1533 2646 ἐστιν.
1562 2619 1592 2646 Εἰ
1609 2619 1639 2645 δὲ
1657 2619 1674 2646 ἆ
1690 2628 1734 2650 τις
1753 2619 1817 2653 παρ’

1035 2668 1079 2694 ἑτέ
1084 2674 1139 2701 ρων
1150 2665 1300 2700 ἀφῄρηται,
1308 2664 1395 2691 ταῦτα
1404 2665 1436 2700 δὴ
1451 2665 1518 2700 παρ’
1530 2664 1618 2692 ἄλλων
1632 2663 1818 2700 ἀποφέρεσθαι

1035 2715 1139 2742 δίκαιον
1153 2712 1185 2740 ἂν
1199 2713 1254 2750 εἴη,
1279 2713 1304 2740 τί
1320 2713 1358 2749 μὴ
1374 2714 1422 2741 καὶ
1446 2713 1534 2749 ὑμεῑς-
1548 2711 1715 2748 Ἀντιόχειαν
1741 2711 1817 2747 τήνδε

871 2773 921 2803 Du
937 2772 1048 2812 Cangii
1065 2775 1159 2803 notae.

238 2822 430 2861 t50)|P.}35]
458 2823 626 2859 Τριάκοντα.
662 2823 770 2852 Nicelas
795 2824 827 2851 in-
853 2823 923 2853 Man.
951 2823 968 2851 l.
985 2832 1006 2856 ι,
1025 2831 1052 2850 n.
1070 2824 1094 2851 l.
