1942 3081
134 164 186 196 345
753 174 1022 207 HISTORIARUM
1042 177 1116 211 ΠΒ.
1138 179 1179 210 Π.
1711 184 1763 215 346

135 221 287 256 Ῥωμαίοις
304 222 436 250 ἀπέδοσθε
452 223 598 260 πρότερον,
626 227 696 254 ἀλλὰ
717 230 791 264 χειρὶ
814 231 860 257 καὶ
878 229 923 266 βίᾳ

975 239 1033 260 esse
1051 234 1158 267 diaetis,
1186 243 1245 269 qua:
1270 236 1378 270 quidem
1403 241 1431 265 et
1453 237 1509 272 ipsa
1538 237 1673 272 quondam
1700 248 1761 273 pars

136 267 237 303 ταύτην
253 269 322 304 πρὸς
335 271 438 304 πατρὺς
452 271 593 307 ἀφῄρεσθε
609 274 729 309 τούμοῦ;
744 276 778 302 Ἣ
792 276 842 311 οὐχ
854 277 920 310 ἡμῖν

976 278 1080 312 imperii
1099 267 1259 308 nostri-luit.
1279 267 1356 315 Quod
1374 283 1394 309 si
1416 267 1476 318 qna-1
1493 267 1609 314 vos-ipsi
1624 267 1762 319 pepigistis

134 315 238 349 Πέρσαι
250 315 429 343 δουλεύουσαν
441 318 583 352 ἀφείλοντο
607 321 755 364 πρότερον)
773 323 875 354 ’Ἄλλως
895 324 923 351 δὲ

977 324 1078 352 (στᾶθι-³
1101 326 1202 353 violare
1229 327 1294 354 nihil
1323 335 1370 356 vos
1395 315 1486 362 pudet,
1512 330 1575 364 quid
1602 315 1763 364 post-habitas

134 361 209 393 τίνος
227 361 293 388 ὅντα
308 363 388 390 ταυτὶ
409 364 439 395 ἐξ
454 364 532 399 ἡμῶν
547 366 697 400 λαμϐάνειν
719 361 854 402 αἰτεῖσθε,
876 370 923 397 πό-

975 368 1084 401 instilia:
1112 371 1212 399 crimen
1237 373 1314 399 nobis
1341 374 1474 407 ingeritis,
1488 375 1532 408 qni
1551 375 1629 407 longe
1651 376 1761 410 trquiori

133 412 204 439 λεως
223 408 410 449 ’Δντιοχείαςς
433 411 465 437 Ἠ
489 411 518 438 δέ
547 413 594 439 καὶ
617 413 685 448 αὐτὴ
711 415 806 448 φθάνει
826 416 923 451 κράτει

975 414 1036 449 jure
1051 422 1145 450 poenas
1164 424 1178 443 a
1200 417 1276 445 vobis
1289 419 1452 445 debebamus
1472 422 1611 455 repetere?
1640 408 1692 448 Sed
1715 423 1763 448 Ιιςις

132 453 304 482 δουλεύουσα
315 455 353 491 τῷ
366 457 457 491 ήμῶν.
484 458 515 484 Εἰ
529 458 557 484 δέ
579 459 614 486 τὰ
629 460 693 494 ὑμῖν
708 461 800 493 αὐτοῖς
820 461 923 497 ὡμολο-

976 458 1049 486 forte
1078 465 1184 495 tempus
1204 463 1381 496 opportunius
1396 469 1488 491 nostro
1505 453 1611 499 pendet
1638 465 1763 500 imperio.

133 501 245 536 γημένα
261 502 317 537 (51)
338 503 521 538 παραϐαίνειν
534 505 599 540 ὑμῖν
616 506 732 541 αἰσχύνη
749 508 875 543 οὐδεμία,
897 509 924 535 τι

131 548 189 575 τῶν
204 548 320 576 δικαίων
337 549 492 584 παρόρασιν
509 551 705 585 ἐπικαλοῦντες
730 554 797 589 ἡμῖν
812 555 922 590 πάριτε,

135 595 166 622 οἵ
179 604 211 630 γε
223 595 454 632 εὐθύνας¹μᾶλλον
466 597 496 631 ἐξ
515 598 592 631 ὑμῶν
607 599 720 631 δικαίως
742 600 776 627 ἂν
801 602 925 628 ἀπαιτοῖ-

135 649 203 676 μσν;
227 641 306 669 ’Δλλά
320 642 355 668 τὰ
370 642 419 678 μὲν
435 643 501 679 περὶ
524 644 620 672 τούτου
636 646 732 680 καιρὸς
745 648 759 672 ὁ
774 648 923 682 προσήκων

133 688 203 722 ἡμῖν
217 688 393 723 παραστῆσαι
409 689 500 722 ἰκανδς
516 689 594 717 ἔσται
607 699 613 706 ·
637 691 667 718 τὸ
681 692 710 718 δέ
724 692 771 718 νῦν
786 693 923 728 ἀπόστητε

132 732 190 759 τῶν
211 733 242 759 οὺ
263 733 458 767 προσηκόντων
480 735 602 762 κελεύω·
623 737 685 770 ἐμοὶ
703 736 756 772 γὰρ
770 738 885 773 αὐξῆσαι
906 739 924 766 ἃ

133 777 205 812 πρὸς
221 779 326 814 πατρὸς
348 780 389 811 είς
402 781 497 815 χεῖρας
514 778 596 816 ἦλθον
610 781 690 817 ἐμὰς,
707 782 744 817 μὴ
760 783 793 809 ἂν
808 783 925 810 ἐλαττῶ-

135 836 183 854 σαι
200 828 324 862 γένοιτοί
341 838 351 855 ι
367 829 431 861 Τοῖς
448 830 580 865 πρέσϐεσι
597 830 646 865 μὲν
659 831 746 857 ταῦτα
763 828 852 858 εἶπεν·
868 831 882 856 ὁ
895 830 923 857 δὲ

135 875 184 902 ἐπὶ
197 875 246 908 τὰς
261 875 328 908 ναῦς
342 875 371 902 αἳ
386 877 462 912 παρὰ
482 877 528 903 τὶν
551 877 681 913 Πύραμον
695 877 848 912 ὡρμίζοντο
877 887 925 904 τιο-

135 921 237 956 ταμὸν,
253 921 283 952 ὃς
294 921 338 948 διὰ
349 921 540 956 Μοψουεστίας
559 922 709 958 φερόμενος
720 923 767 949 ἐπὶ
785 923 924 950 θάλασσαν

135 968 257 994 ποιεῖται
283 967 333 1002 τὴν
359 967 495 1003 ἐκϐολὴν,
519 969 567 995 σὺν
588 970 739 1004 προπομπῇ
758 969 804 996 τὸν
828 969 925 1005 νεκρὸν

135 1013 262 1047 κατῆγεν
284 1012 366 1044 αὐτὸς
391 1013 448 1049 ἄμα
473 1014 529 1045 τοῖς
553 1014 751 1048 γνησιωτάτοις
777 1015 823 1041 τὸν
848 1015 924 1050 ὦμον

136 1057 265 1092 ὑποσχὼν
280 1059 312 1093 τῇ
330 1057 413 1093 σορῷ.
434 1058 545 1094 Ἐπειδή
569 1067 600 1084 τε
624 1059 729 1085 ἐκεῖθεν
745 1060 771 1086 οἰ
784 1060 924 1095 δρόμωνες

134 1105 184 1130 ἐπὶ
202 1104 342 1132 θάλασσαν
360 1104 410 1140 ἤδη
429 1105 551 1140 ἀφῆκαν,
567 1103 653 1137 λύσας
676 1106 723 1132 καὶ
738 1103 816 1138 οὗτος
831 1106 924 1134 λοιπὸν

134 1152 188 1185 τὴν
213 1150 429 1184 στρατοπεδείαν
439 1150 483 1176 διὰ
503 1151 590 1186 μέσης
613 1151 713 1186 ἐχώρει
737 1151 788 1184 τῆς
808 1151 924 1187 Περσῶν

135 1197 189 1230 γῆς
216 1196 354 1231 ἀκηρυκτὶ
375 1195 544 1227 διαϐιϐἀζων
567 1196 597 1222 τδ
625 1197 794 1232 στράτευμα.
813 1197 886 1232 Πρὸς
910 1197 924 1224 ὃ

135 1242 243 1276 Πέρσαι
272 1241 496 1275 καταπλαγέντες
521 1241 572 1276 τῆς
598 1241 702 1277 τόλμης
724 1250 754 1268 τε
777 1242 808 1269 τὺ
829 1243 924 1277 περιὸν

134 1290 308 1324 ἁγασάμενοι
322 1289 377 1317 οὐδ’
390 1289 608 1322 ἀντιϐλεπτῆσαι
631 1290 780 1326 Ῥωμαίοις
791 1291 922 1327 ἐτόλμων·

135 1337 285 1364 συνέϐαινέ
299 1345 329 1364 τε
346 1336 446 1368 αὐτοὺς
459 1336 497 1368 ὠς
510 1336 544 1364 δ(
559 1337 665 1368 οἰκείας
679 1338 774 1364 λοιπὸν
789 1338 858 1366 ίέναι
873 1339 923 1375 τῆς

133 1384 294 1419 ἀλλοτρίας.
316 1375 423 1417 ’θ’μὲν
451 1384 498 1411 οὖν
521 1385 561 1416 εὶς
586 1384 636 1421 τὴν
655 1384 800 1420 Ῥωμαίων
827 1385 857 1412 οὐ
878 1385 923 1413 διὰ

135 1428 246 1455 πολλῶν
261 1429 386 1456 εἰσέϐαλε
400 1430 468 1464 γῆν
482 1429 511 1455 αἰ
526 1423 561 1455 ’δὲ
580 1429 706 1465 τριήρεις
727 1430 757 1461 ἐς
777 1430 924 1463 Βυζάντιον

136 1474 300 1509 ἀναχθεῖσαι
316 1474 366 1510 τὴν
383 1473 514 1509 βασιλέως
534 1473 609 1501 κόνιν
620 1475 653 1509 τῇ
670 1475 760 1510 χέρσῳ
776 1475 922 1509 ἀπέδοσαν,

133 1521 169 1556 ἢν
184 1521 355 1556 ἠῬωμαίων
369 1520 502 1556 γερουσία
517 1520 737 1557 μεγαλοπρεπῶς
748 1521 924 1549 ἀπολαϐοῦσα

977 504 1032 534 Vos
1047 507 1155 534 interim
1177 508 1211 535 ab
1233 508 1266 536 iis
1291 516 1351 543 qua:
1366 514 1454 537 vestra
1470 518 1521 537 non
1539 515 1603 537 sunt
1629 512 1765 538 abstinere

972 551 1055 586 jubeo
1075 561 1082 579 :
1100 561 1159 580 nam
1174 561 1234 588 qua
1253 554 1317 581 milli
1335 563 1348 581 a
1365 560 1441 589 patre
1457 556 1554 582 tradita
1573 561 1636 582 sunt
1653 563 1764 590 augere,

978 605 1031 625 non
1049 599 1172 626 minuere
1184 605 1228 626 est
1241 600 1375 627 animus.)
1391 601 1427 627 Ita
1447 601 1492 628 ille
1505 601 1599 637 legatis
1614 602 1764 636 respondit.

976 642 1041 671 Inde
1062 645 1095 671 ad
1111 652 1193 672 naves
1215 645 1242 672 in
1259 645 1375 681 Pyramo
1398 646 1489 679 ﬂuvio,
1503 647 1548 682 qui
1570 646 1762 681 Mopsuestiam

976 688 1100 716 dividens
1116 690 1143 717 in
1166 690 1217 725 31
1234 699 1308 718 mare
1320 691 1478 724 ellnmlitnr,
1506 692 1697 721 subsistentes.
1717 700 1765 726 pa-

976 736 1059 763 rentis
1093 736 1174 763 funus
1203 744 1263 764 cum
1302 745 1399 771 magna
1428 739 1652 773 snbsequentinm
1685 739 1763 766 turba

976 780 1094 813 deducit,
1123 782 1180 816 ipso
1203 783 1304 817 pariter
1330 788 1357 811 et
1383 784 1490 819 agnatis
1517 784 1617 812 feretro
1635 785 1764 812 humeros

975 827 1200 860 supponentibus.
1224 827 1290 856 Inde
1319 834 1347 855 ut
1364 829 1492 856 cursoriae
1514 837 1588 856 mare
1605 830 1765 864 attigerunt,

977 872 1059 898 tnovit
1074 877 1102 900 et
1115 873 1173 907 ipse
1188 878 1274 900 castra
1287 874 1433 909 copiasque
1447 882 1496 909 per
1507 875 1609 902 medias
1620 873 1764 901 Persarum

977 922 1073 951 terras,
1091 926 1142 945 non
1167 920 1250 953 petito
1263 927 1311 954 per
1331 920 1434 955 legatos
1457 925 1620 953 commeatu,
1643 920 1765 952 deduxit,

976 972 1028 1000 quo
1043 965 1102 1000 ejus
1117 966 1189 994 facto
1204 967 1310 994 attoniti
1324 967 1411 994 Persae
1431 967 1493 994 licet
1506 968 1583 994 talem
1598 968 1766 994 mirarentur

976 1012 1130 1047 audaciam,
1158 1013 1224 1040 nihil
1253 1018 1342 1041 tanton
1372 1017 1467 1040 contra
1491 1012 1627 1040 Romanos
1644 1013 1762 1040 vicissim

974 1061 1109 1085 attentare
1125 1058 1183 1086 ausi
1206 1063 1280 1086 sunt.
1315 1058 1352 1086 lta
1380 1059 1419 1086 illi
1446 1067 1495 1094 per
1521 1060 1640 1088 hostium
1679 1059 1764 1087 nihilo

974 1103 1098 1131 securius
1113 1111 1194 1138 quam
1215 1112 1263 1139 per
1285 1105 1421 1140 propriam
1450 1105 1578 1133 ditionem
1600 1105 1761 1140 transgressi

975 1154 1048 1177 sunt.
1068 1148 1160 1184 Neque
1186 1150 1223 1177 ita
1247 1151 1331 1178 multo
1357 1156 1417 1185 post
1440 1150 1545 1185 imperii
1572 1151 1639 1178 lines
1657 1150 1762 1177 Mantth

976 1194 1035 1228 ipse
1064 1194 1162 1229 attigit.
1188 1195 1325 1223 'l‘riremes
1346 1201 1438 1223 autem
1465 1196 1622 1231 Byzantium
1646 1195 1763 1230 appulsm

975 1239 1105 1275 principis
1121 1241 1227 1268 eineres
1248 1241 1275 1268 in
1290 1245 1393 1268 terram
1410 1247 1604 1277 exposuerunt,
1618 1249 1688 1276 quos
1705 1249 1762 1267 ma-

976 1285 1074 1320 gniﬁce
1090 1291 1230 1320 susceptos
1247 1292 1357 1314 senatus
1373 1287 1511 1315 Romanus
1527 1287 1553 1315 in
1567 1287 1761 1314 monasterium

975 1337 1075 1370 intulit,
1095 1337 1166 1372 quod
1188 1338 1343 1373 imperatrix
1360 1339 1446 1371 lrene,
1459 1344 1489 1366 ut
1505 1347 1583 1373 supra
1602 1339 1761 1369 indicatum.

975 1388 1146 1412 exstruxerat
1169 1385 1325 1419 diearatqne
1351 1385 1405 1413 Deo
1429 1385 1619 1420 omnipotenti.
1643 1385 1678 1412 At
1700 1392 1762 1411 cum

958 1451 960 1453 ›
975 1431 1112 1465 inperator
1129 1430 1242 1457 reditum
1259 1431 1421 1465 institueret,
1433 1439 1464 1459 ac
1482 1431 1594 1459 necdum
1617 1431 1650 1458 de
1682 1431 1746 1458 seba
1757 1445 1763 1450 -

974 1481 1123 1504 stocratore
1138 1477 1282 1512 quidquam
1306 1476 1444 1509 audisset.
1473 1483 1556 1511 utque
1593 1477 1762 1512 tyrannidem
1800 1479 1809 1491 '

975 1523 1144 1551 allec-tantem
1175 1523 1316 1556 nonnulli,
1349 1523 1447 1558 quibus
1480 1531 1569 1550 rerum
1596 1523 1765 1557 publicarum

137 1568 178 1598 ιίς
198 1567 230 1593 τδ
246 1566 317 1602 ἰερὺν
333 1566 499 1601 παρέπεμψε
515 1567 739 1602 φροντιστήριον,
758 1567 827 1601 ὅπερ
845 1569 860 1602 ἡ
875 1567 922 1603 βα-

975 1577 1034 1596 cura
1052 1569 1208 1596 demandata
1226 1573 1295 1602 erat,
1310 1569 1371 1595 dolo
1387 1569 1504 1603 aggressi
1522 1569 1548 1596 in
1563 1569 1757 1602 omnipotentis

135 1613 207 1644 σιλὶς
217 1633 225 1646 ,
244 1612 370 1648 καθάπερ
385 1612 465 1647 ἔφην,
491 1613 592 1648 Εἰρήνη
608 1612 657 1639 ἐπ’
671 1613 785 1648 ὀνόματι
799 1613 846 1640 τοῦ
860 1622 924 1641 παν-

133 1661 302 1696 τοκράτορος
316 1659 466 1694 ἐτύγχανεν
489 1659 539 1695 ήδη
554 1659 743 1696 δομησαμένη.
768 1660 879 1688 Βασιλεῖ
895 1661 924 1688 δέ

134 1706 266 1742 Μανουὴλ
278 1706 319 1733 ἔτι
332 1706 397 1741 περὶ
414 1706 464 1740 τὴν
486 1706 616 1733 ἐπάνοδον
631 1706 739 1742 ἔχοντι,
759 1707 855 1742 ἐπειδὴ
871 1717 924 1743 μη-

135 1752 211 1780 δέπω
225 1753 260 1779 τὰ
277 1753 348 1780 κατά
360 1752 406 1779 τὸν
422 1752 666 1787 σεϐαστοκράτορα
682 1752 805 1784 πύθοιτο,
820 1753 869 1780 καὶ
886 1753 924 1784 ὡς

134 1800 187 1836 ἢδη
200 1799 339 1835 τυραννίδι
358 1798 500 1825 ἐπιθέσθαι
525 1798 739 1833 βουλευσάμενον
762 1800 830 1835 δόλῳ
843 1800 926 1827 ὑπελ-

135 1845 242 1876 θόντες,
276 1841 318 1876 οἷς
348 1843 382 1870 τὰ
411 1843 544 1879 βασιλέως
564 1844 751 1880 ἐπιτέτραπτο
777 1845 923 1881 πρότερον,

134 1890 296 1925 ἔμφρουρον
317 1889 356 1924 τῷ
379 1889 427 1916 τοῦ
451 1890 673 1925 παντοκράτορος
694 1891 804 1926 τεμένει
821 1893 926 1928 ’ἐποιή-

134 1942 229 1965 σαντο,
246 1933 336 1960 ἔννοια
348 1933 443 1967 γέγονε
463 1935 569 1969 μήποτε
584 1935 640 1960 τῶν
651 1934 700 1961 σὺν
718 1935 793 1970 αὐτῷ
805 1945 861 1962 τισι
878 1937 926 1964 καὶ

135 1980 255 2015 μάλιστα
266 1981 322 2012 τοῖς
329 1980 378 2011 τὰς
393 1981 582 2016 ὑπερηφάνους
600 1980 631 2017 [Ρ
662 1981 705 2017 18]
723 1982 846 2009 διέπουσι
860 1983 925 2009 δυσ-

134 2026 273 2062 μεναίνων
292 2026 390 2062 ἀρχάς,
417 2027 504 2063 δράσῃ
520 2036 548 2054 τι
564 2028 612 2054 καὶ
635 2027 718 2063 ἄχαρι
742 2029 798 2060 τοῖς
825 2029 876 2056 ἀνὰ
895 2029 926 2055 τὸ

132 2072 285 2105 Βυζάντιον
298 2072 384 2104 οἴκους
397 2073 497 2100 αὐτῶν.
514 2073 623 2108 ’Δμέλει
640 2073 688 2100 καὶ
704 2074 854 2101 ἐσκέπτετο
866 2075 924 2107 πῶς

132 2117 168 2145 ἃν
180 2118 331 2154 ἀμηχάνως
348 2119 428 2154 τῆσδε
446 2118 495 2153 τῆς
509 2119 695 2154 ἐγχειρήσεως
710 2113 863 2154 ἀπαῇγείν
878 2121 933 2149 αὐσ,

950 1638 962 1647 ,
974 1615 1073 1649 templo
1088 1615 1292 1642 custodiendum
1309 1615 1482 1647 incluserint,
1507 1615 1589 1642 subiit
1613 1615 1683 1641 illius
1701 1614 1761 1640 ani-

975 1669 1047 1687 mum
1075 1660 1212 1695 cogitatio,
1236 1668 1268 1687 ne
1293 1660 1357 1695 quid
1385 1665 1487 1687 temere
1508 1661 1709 1686 sebastocrator
1735 1659 1761 1685 in

975 1706 1104 1741 quosdam
1125 1707 1170 1740 q‘ui
1186 1714 1245 1734 cum
1262 1714 1294 1733 eo
1310 1710 1400 1738 erant,
1427 1710 1454 1733 et
1469 1705 1629 1733 illustriores
1650 1713 1763 1739 praeser-

978 1753 1037 1785 tim,
1054 1753 1226 1787 ipsorumque
1255 1752 1326 1780 mdes
1356 1751 1526 1779 decerneret.
1552 1752 1655 1778 Anxins
1683 1751 1766 1785 igitur

978 1807 1031 1835 quo
1063 1803 1142 1834 pacto
1171 1797 1282 1825 fratrem
1316 1798 1350 1826 ab
1379 1798 1429 1825 hoc
1458 1797 1571 1825 consilio
1604 1797 1763 1828 dimoveret,

978 1845 1085 1872 tandem
1116 1843 1220 1870 libellos
1250 1844 1408 1878 Byzantium
1434 1843 1540 1870 mittere
1565 1843 1694 1874 decrevit,
1719 1842 1764 1875 qui

977 1891 1102 1918 homines
1119 1889 1285 1916 damnationi
1304 1889 1477 1922 subiicerent,
1492 1896 1576 1923 eoque
1596 1889 1653 1923 ipso
1678 1887 1764 1914 bono—

977 1944 1036 1964 rum
1064 1943 1096 1962 ac
1120 1935 1321 1969 possessionum
1343 1935 1449 1969 jactura
1467 1935 1520 1970 32
1538 1934 1693 1961 multarent.
1719 1934 1765 1960 Sic

977 1983 1048 2010 enim
1073 1982 1193 2008 futurum
1210 1984 1252 2007 est
1267 1980 1376 2015 (inquit)
1392 1984 1420 2007 nt
1433 1989 1481 2008 sna
1505 1981 1588 2015 ipsius
1601 1987 1682 2007 causa
1706 1979 1769 2006 illos

978 2029 1120 2056 adversus
1131 2028 1282 2062 principem
1302 2027 1414 2054 insidias
1427 2027 1534 2053 molitos
1549 2031 1623 2053 ratus
1639 2027 1764 2053 sehasto-

979 2080 1070 2103 Crator
1085 2081 1128 2101 res
1151 2081 1244 2100 eorum
1260 2073 1422 2100 domesticas
1444 2077 1586 2100 conservet
1600 2072 1764 2107 diligentius,

979 2129 1032 2157 quo
1047 2121 1120 2154 ipsos
1133 2120 1236 2147 iit-snas
1253 2122 1342 2154 partes
1357 2118 1490 2145 traducat.

130 2165 179 2191 τδν
197 2166 313 2198 γένοιτο.
336 2164 438 2191 Ἐδόκει
460 2165 551 2191 τθίνυν
571 2164 644 2199 αὐτῷ
659 2165 758 2200 τόμους
789 2165 818 2196 ἐς
845 2166 994 2201 Βυζάντιον
1009 2164 1149 2200 ἐκπέμψαι
1165 2164 1196 2199 (ἱ)
1223 2163 1388 2190 καθοσιώσει
1409 2163 1489 2198 δῆθεν
1502 2163 1563 2195 τοὺς
1585 2163 1684 2198 ἄνδρας
1699 2164 1767 2190 καθ-

131 2210 336 2242 υποϐἀλλοντας
372 2210 525 2246 χρημάτων
544 2219 574 2236 τε
596 2210 641 2237 διὰ
667 2210 747 2237 τοῦτο
783 2212 831 2238 καὶ
867 2214 1018 2249 κτημάτων
1041 2211 1196 2239 ἐκπτώσεσι
1222 2209 1400 2245 ζημιοῦντας.
1434 2209 1513 2250 Οὕτω
1541 2210 1595 2244 γὰρ
1622 2206 1765 2244 (ἔφασκεν)

131 2255 208 2292 ὑπὲρ
220 2256 303 2283 αὑτοῦ
318 2257 450 2292 βασιλέως
463 2257 513 2292 τὴν
521 2257 667 2293 ἐπιϐουλὴν
681 2259 844 2294 ποιήσασθαι
854 2261 917 2292 τοὺς
937 2261 1036 2296 ἄνδρας
1059 2257 1217 2293 ὑπειληφὼς
1235 2258 1248 2283 ο
1273 2257 1507 2292 σεϐαστοκράτωρ
1539 2257 1573 2283 τά
1591 2257 1661 2283 οἶκοι
1686 2265 1760 2286 ,συντ

131 2303 251 2338 τηρήσει
264 2303 366 2337 μᾶλλον
380 2303 484 2336 αὐτοῖς,
507 2303 540 2329 ἰν*
562 2303 609 2330 ἐπὶ
624 2303 707 2331 πλέον
729 2304 776 2340 ἔχῃ
794 2305 863 2340 πρὸς
882 2305 990 2333 εὖνοιαν
1007 2306 1107 2336 αὐτοὺς
1125 2302 1307 2330 ἐπισπᾶσθαι.

169 2349 204 2384 βῗ.
235 2349 307 2376 Ἀλλ’
330 2347 364 2385 ἢν
387 2351 441 2386 ἄρα
457 2351 490 2378 τὰ
506 2351 539 2386 τῇ
556 2351 671 2387 προνοίᾳ
694 2352 823 2386 καθάπαξ
848 2354 917 2381 δεδο-

1010 2355 1036 2381 2,
1055 2354 1200 2381 Enimvero
1215 2361 1274 2387 qua:
1291 2352 1375 2379 semel
1393 2352 1483 2379 divina
1500 2350 1671 2378 Providentia
1685 2359 1767 2378 cons-

131 2395 224 2430 γμένα
237 2395 407 2422 δυσανάλυτα
431 2397 520 2431 πάντη
539 2398 586 2423 καὶ
609 2397 750 2433 λογισμοῖς
767 2398 919 2434 ἀνθρώπων

977 2402 1061 2433 tituit,
1080 2400 1152 2427 nullo
1167 2400 1246 2427 modo
1262 2400 1376 2427 convelli
1396 2407 1482 2433 neque
1496 2399 1635 2425 hominum
1653 2399 1766 2432 argutiis

132 2440 379 2468 δυσεπιϐούλευτα,
399 2441 428 2468 ’0
448 2441 498 2476 μὲν
513 2442 568 2477 γὰρ
581 2442 668 2469 ταῦτα
685 2444 798 2477 ἐνενόει,
809 2445 923 2477 καὶτοῖς

975 2447 1060 2474 everti
1078 2451 1202 2480 possunt.
1219 2444 1284 2472 Nam
1298 2445 1341 2472 ille
1357 2444 1466 2478 quidem
1482 2443 1635 2478 hujnsntudi
1652 2444 1764 2470 consilia

132 2487 202 2522 περὶ
215 2487 298 2514 αὑτὸν
315 2487 344 2514 δὲ
365 2487 419 2522 ἢδη
429 2488 480 2523 τὴν
497 2488 594 2523 βουλὴν
613 2487 814 2520 ὲξεκάλυπτεν·
835 2490 923 2518 Ὶσαα-

976 2491 1105 2526 agitabat,
1123 2490 1216 2525 etjam
1234 2498 1295 2518 cum
1312 2491 1370 2518 suis
1388 2489 1624 2520 connnunicabut;
1649 2488 1767 2515 lsaacins

133 2531 212 2563 χίους
241 2531 271 2559 δὶ
297 2532 474 2568 ἀμφοτέρους
495 2533 541 2560 τὸν
567 2533 618 2568 μὲν
637 2533 667 2560 τὸ
683 2536 807 2570 σεμνεϊον
829 2535 922 2572 ἐτήρει

978 2541 1068 2564 autent
1086 2541 1199 2571 uterque
1214 2536 1241 2563 in
1259 2536 1372 2563 vinculis
1387 2534 1547 2567 habebatur,
1563 2533 1633 2562 alter
1644 2534 1771 2568 quidem,

813 2592 861 2623 Du
881 2593 993 2632 Cangii
1011 2598 1106 2625 noue.

167 2651 225 2688 (5|)
253 2651 478 2686 ὡμολογημένα.
505 2652 573 2680 Vide
603 2657 660 2680 not.
691 2652 725 2680 ad
748 2652 835 2681 Annae
862 2660 894 2688 ρ,
911 2653 964 2682 553
990 2654 1023 2683 Α.

772 2712 916 2745 Cornelii
933 2713 1029 2745 Tollii
1042 2716 1135 2745 notte.

970 2776 1043 2803 bulla
1070 2783 1162 2807 aurea,
1191 2782 1243 2809 qna
1269 2774 1434 2802 monasteria
1460 2774 1610 2809 Byzantina
1629 2775 1765 2810 ipsosque:

971 2812 1120 2838 monachos
1151 2810 1239 2837 litium
1264 2810 1371 2843 injuriis
1395 2811 1514 2837 exemit:
1534 2810 1589 2846 Τὴν
1604 2811 1696 2846 μέντοι
1709 2810 1769 2837 δω-

976 2847 1042 2881 ρεὰν
1057 2847 1104 2872 καὶ
1118 2846 1361 2882 τόμῳᾉὲστήριξεν,
1385 2846 1419 2882 ὃν
1439 2845 1487 2872 ᾶτε
1502 2845 1595 2880 χρυσῷ
1610 2847 1769 2882 ἐντεσημαο

970 2882 1079 2916 σμένον,
1099 2880 1279 2916 χρυσὸΰουλον
1302 2881 1362 2913 ἔθος
1379 2881 1471 2908 καλεῖν
1487 2882 1572 2908 ἐστιν.

169 2774 200 2810 (ἕ)
235 2775 389 2809 Τόμους-ἐς
413 2773 576 2805 Βυζάντιον
585 2774 747 2810 ἐκπέμψαι.
769 2775 916 2803 Familiare

131 2811 245 2839 verbum
261 2811 394 2845 Ginqamo
411 2810 460 2837 hac
479 2810 685 2845 signiﬁcatione,
709 2819 768 2844 pag.
783 2810 816 2837 57
834 2819 841 2837 τ
867 2812 916 2838 "Ov

132 2845 294 2872 ὲπικόλπιον
309 2843 366 2880 εἶχε
378 2845 472 2880 τόμον,
503 2843 624 2872 chartam
641 2843 720 2880 quam
729 2843 788 2872 sinu
798 2846 915 2873 abditam

134 2882 243 2915 gerebat.
271 2881 352 2908 (Iit-ca
370 2882 448 2908 liuent
469 2881 529 2908 libri
555 2882 643 2915 quarti
673 2881 708 2907 De
725 2881 872 2908 donatione
888 2887 915 2909 et
