1942 3081
196 107 249 138 3εῶ

846 99 1010 130 ΙΟΑΝΝῘΞ
1029 97 1191 128 CINNAMI

1781 93 1847 124 356

198 171 212 189 ι.
235 161 343 189 Caesare
359 159 481 190 tcntatis,
503 162 533 184 ut
556 156 731 190 eum‘conjux
748 161 807 190 post
826 155 924 182 multas
940 155 988 181 ad-

1052 152 1235 184 τὰςΊταλικάς
1248 150 1458 186 ἀναγράφοιμεν
1470 151 1571 186 μάχας,
1584 150 1630 176 ἐπὶ
1650 150 1698 185 τὴν
1713 150 1846 184 Καπύης

198 208 361 235 monitiones
377 205 583 233 obstinatiorem
610 203 688 234 vidit,
705 201 900 237 imperiumque
917 200 986 228 vali-

198 255 256 281 dius
280 253 462 283 aﬂectanleiu,
491 251 516 277 ni
542 250 738 285 provideretur,
765 247 945 282 nequidquam
972 254 986 273 a

199 299 337 334 proposito
366 305 443 332 posse
467 296 616 329 dimoveri,
645 295 784 322 accersitis
809 295 905 328 quibus
931 297 986 320 tum

199 352 303 372 summa
330 351 420 370 rertnn
445 343 500 378 38
517 347 587 374 erat,
607 350 665 376 qua:
683 341 841 374 agebantur,
860 340 988 374 prOtitllS,

199 392 253 418 Aut
270 391 349 422 milii,
365 391 461 424 inquit,
479 390 565 416 virum
585 389 692 419 tradite,
711 393 756 414 aut
776 387 852 413 vobis
870 393 941 413 cura:
954 386 991 412 sit

200 438 372 471 imperatoris
388 436 470 463 filiam
490 435 566 462 fratri
588 441 648 461 meo
672 440 823 460 reservare.
847 431 879 458 lli
905 431 990 458 modis

200 484 326 511 omnibus
349 482 483 510 Caesarem
503 480 600 513 adorti,
620 480 646 507 in
665 478 843 513 propinquum
861 477 990 512 Byzantio

201 532 387 560 suburbanum
407 531 587 560 adduxerunt,
607 528 685 563 quasi
712 535 753 554 res
778 527 911 561 quaepiam
935 526 990 553 illic

201 579 304 613 agenda
322 578 454 610 instaret;
472 582 526 603 tuin
545 575 589 602 ubi
610 582 641 602 eo
654 580 804 605 accessere,
821 573 857 600 ibi
877 573 990 600 dimisso

201 625 257 657 illo,
273 624 299 651 iu
316 625 408 651 urbem
428 623 543 650 rediere.

1039 199 1251 234 λιχνευςάμενος
1277 198 1366 233 ἀρχὴν
1381 198 1465 228 πολὺς
1489 197 1609 223 ἐνέκειτο
1623 196 1661 231 τῷ
1689 197 1769 232 ἀνδρὶ
1790 206 1848 223 πο-

1040 247 1141 281 λεμῶν.
1156 245 1215 280 Ἐφ’
1230 242 1271 276 οἷς
1287 243 1364 276 οὗτος
1381 244 1544 279 ἀπειρηκὼς
1565 245 1614 278 τὴν
1627 245 1665 275 εἰς
1685 243 1847 275 Βυζάντιον

1040 294 1191 320 ἐστείλατο.
1214 292 1335 327 Καίσαρι
1363 292 1412 326 μὲν
1431 290 1478 317 οὖν
1494 291 1582 317 ταῦτα
1612 291 1782 325 ἐπράσσετο.
1807 289 1845 316 Ἢ

1041 340 1070 366 δέ
1092 339 1218 370 σύνοικος
1241 338 1336 373 ἐπειδὴ
1354 337 1423 372 μετὰ
1441 337 1543 367 πολλὰς
1562 337 1740 372 παραινέσεις
1761 337 1847 372 ἰσχυ-

1045 385 1205 420 ρογνώμονα
1231 382 1328 410 τοῦτον
1356 383 1430 420 ἐὼρσ.
1458 383 1506 409 καὶ
1529 383 1624 414 δεινῶς
1653 382 1847 417 βασιλειῶντα

1044 435 1091 458 καὶ
1106 431 1161 459 οὐδ’
1185 431 1217 458 ἂν
1231 432 1257 458 ετ
1271 440 1298 457 τι
1315 431 1361 458 καὶ
1389 431 1503 465 γένηται
1538 429 1761 464 μεταθησόμενον
1792 428 1845 454 τοῦ

1044 478 1237 509 σκοποῦ,τοὺς
1268 477 1321 504 τῶν
1351 477 1449 503 κοινῶν
1476 476 1645 510 ἐπιμελητὰς
1669 476 1706 506 ὡς
1735 474 1846 508 ἑαυτὴν

1046 525 1285 560 μεταπεμψαμένη
1299 523 1435 550 κοινοῦται
1449 523 1477 549 τὸ
1487 524 1603 558 πρᾶγμα
1617 523 1674 553 καὶ,
1686 523 1720 548 Ἦ
1730 521 1815 556 (φησι
1825 521 1845 554 ι)

1046 571 1123 598 αὐτοί
1140 579 1185 605 μοι
1204 571 1250 596 τὸν
1260 571 1344 605 ἄνδρα
1360 570 1511 605 παράδοτε,
1524 570 1540 604 ἢ
1555 569 1621 603 γοῦν
1637 568 1753 602 μελήσει
1769 567 1846 593 πάν-

1045 626 1100 649 τως
1116 618 1181 652 ὑμῖν
1196 617 1244 643 τοῦ
1263 617 1313 649 τὴν
1334 616 1474 651 βασιλείαν
1488 615 1527 650 τῷ
1545 615 1652 650 ἀδελφῴ
1668 613 1846 649 συντηρῆσει

199 671 297 706 τώμῷ.
323 670 354 696 Ὶί
384 670 433 704 μὲν
466 668 554 695 ταῦτα
585 664 662 693 εἶπεν
676 675 683 683 ·
697 667 722 693 oi
755 667 784 694 δὲ
809 666 855 692 τὸν
869 664 1000 700 Καίσαρα
1030 664 1211 695 παντοδαπῶς
1228 664 1391 694 ὑπελθόντες
1409 663 1456 689 ἐπί
1478 671 1540 689 τινα
1560 663 1615 689 τῶν
1630 662 1714 697 ἀγροῦ
1734 661 1829 693 Βυζαν
1843 677 1849 681 -

203 719 262 746 τῖου
281 716 455 752 ιιροαστείων
474 715 573 750 ἐξῆγον
586 713 681 750 χρείας
697 713 778 749 δῆθεν
798 721 870 744 τινος
901 711 1112 746 ἓνεκα.Ἐπειδή
1125 719 1155 737 τε
1168 712 1215 737 ἐπὶ
1230 710 1277 737 τοῦ
1293 711 1376 737 τόπου
1409 711 1531 744 ἐγένετο,
1558 709 1639 736 αὑτὸν
1658 709 1707 743 μὲν
1720 707 1844 734 ενταῦοι

201 764 353 799 διατρίϐειν
373 763 494 798 ἀφῆκαν,
513 762 537 788 οί
553 761 580 788 δέ
596 761 642 788 ἐπὶ
667 761 716 795 τὴν
749 760 828 786 πόλιν
843 757 936 796 ἦλθον.

239 811 263 838 5.
282 810 419 845 Ejusmodi
438 809 538 844 ingenii
557 808 607 835 fuit
624 808 717 834 Maria.
735 807 809 833 illius
828 811 917 832 autem
942 813 990 833 co-

1079 807 1112 836 ε’.
1136 808 1168 834 Ἡ
1187 807 1238 843 μὲν
1255 809 1286 843 δὴ
1300 808 1394 844 Μαρία
1413 801 1511 835 τοιάδε
1527 817 1569 839 τις
1581 804 1624 843 ἦν.
1641 806 1775 838 Βασιλεὺς
1798 806 1840 837 δὲ,

202 857 276 890 guito
293 856 367 882 obitu
388 855 546 890 Byzantium
573 855 697 888 princeps
719 853 809 880 reiliil.
837 851 891 879 Nec
911 851 995 878 multo

204 902 344 935 interjecto
362 906 491 934 tempore,
509 899 604 927 locatis
618 901 650 926 ad
672 898 868 934 Rhyndacenos
886 904 996 931 campos

203 947 312 977 castris,
331 946 375 973 tibi
394 946 534 973 castellum
553 946 585 972 ile
603 953 671 971 novo
688 948 860 971 exstinxerat
878 942 996 970 Jo-annes

205 995 363 1028 imperator,
377 994 448 1028 quod
468 993 616 1027 Lopadium
641 992 719 1025 vulgo
745 992 889 1026 appellant.
905 989 997 1025 copias

205 1039 286 1073 cogit,
311 1043 338 1065 et
362 1037 390 1064 iu
419 1037 555 1065 Persidem
583 1038 712 1072 impetum
739 1036 828 1063 facere
847 1036 995 1063 constituit.

207 1084 296 1111 Persae
317 1084 463 1119 siquidem,
495 1084 657 1118 posthabitis
674 1083 830 1115 foederibus,
849 1083 997 1110 Pracanam

207 1134 444 1165 expugnaverant,
471 1129 564 1156 urbem
598 1129 726 1160 lsaurlze,
753 1134 780 1155 et
808 1129 860 1156 alia
887 1129 998 1164 insuper

209 1177 306 1203 damna
322 1175 451 1203 Romanis
476 1174 635 1202 intulerant.
653 1173 745 1202 Rebus
768 1179 797 1202 ut
821 1182 870 1210 par
891 1175 997 1202 eratad

209 1223 308 1250 bellum
326 1221 494 1257 compositis,
511 1226 597 1249 castra
614 1221 676 1249 inde
691 1229 813 1254 movens,
830 1222 855 1249 in
870 1221 997 1249 ulteriora

209 1267 398 1302 progreditur,
427 1273 481 1302 quo
508 1266 632 1294 incautos
665 1266 802 1300 inopinate
835 1273 998 1301 aggressus,

209 1313 326 1349 puberes
342 1319 436 1339 omnes
454 1311 638 1339 internecione
656 1311 765 1338 deleret.
783 1311 838 1338 Nec
863 1312 1000 1340 aberravit

210 1358 321 1385 omnino
333 1366 348 1385 a
364 1358 513 1393 proposito,
529 1357 580 1384 etsi
596 1357 629 1385 ad
644 1365 739 1384 manus
755 1362 863 1384 ventum
880 1365 932 1384 non
946 1361 998 1385 est.

210 1405 343 1439 Superato
358 1403 429 1431 enim
445 1403 558 1438 Olympo
577 1402 669 1438 Mysia:
691 1409 792 1435 monte,
812 1404 844 1429 ad
861 1403 998 1430 l’itliecain

210 1459 271 1478 cum
283 1450 462 1485 pervenisset,
473 1450 518 1477 ubi
531 1449 646 1477 validam
658 1450 715 1484 ipse
728 1457 818 1477 arcent
832 1450 998 1482 condiderat,

212 1501 291 1524 noctu
308 1497 333 1524 in
357 1501 409 1524 eos‘
425 1495 539 1524 secessit
555 1499 669 1528 montes,
687 1503 739 1531 qua
754 1495 916 1530 confragosi,
933 1503 1001 1530 prae—
1013 1481 1035 1512 Ο

210 1542 337 1577 ruptique
353 1547 425 1575 sunt,
442 1547 524 1577 atque
537 1542 654 1569 arbustis
666 1542 762 1570 consiti
777 1550 889 1569 :verum
903 1542 1002 1569 accidit

214 1593 242 1615 .ll.
256 1589 432 1616 ascendentes
445 1588 531 1615 crebri
547 1596 562 1615 e
579 1588 681 1622 tesquis
695 1595 810 1622 vapores
822 1592 902 1622 caput
918 1588 1001 1623 ipsius

211 1635 280 1662 adeo
301 1639 475 1670 occuparent,
492 1639 521 1662 ut
546 1634 636 1662 subito
655 1635 810 1662 concideret
835 1642 923 1670 neque
939 1643 1001 1662 sur-

212 1680 291 1716 gendi
309 1684 470 1716 potestatem
487 1680 610 1712 haberet,
626 1684 653 1707 et
668 1681 700 1707 ad
717 1680 832 1708 inediam
849 1688 935 1715 usque
949 1688 1000 1707 no-

212 1733 284 1756 ctem
307 1728 396 1756 omnis
421 1735 517 1757 sensus
537 1727 592 1763 39
616 1728 674 1755 fere
697 1735 796 1763 expers
821 1734 1000 1763 permaneret.

214 1775 282 1802 Tum
293 1780 431 1802 recreatus
440 1774 588 1809 paululum,
598 1766 811 1810 recuperataquc
820 1780 1003 1810 consequente

212 1822 256 1849 die
273 1821 436 1853 valetudine,
448 1817 512 1855 'ipse
525 1821 632 1856 quidem
655 1821 792 1855 substitit;
812 1830 922 1849 suorum
939 1830 1002 1850 vero

214 1873 317 1902 partem
331 1866 444 1900 dimisit,
459 1866 594 1901 praefectis
616 1867 649 1894 ad
668 1874 723 1894 rem
748 1868 927 1902 peragendam
945 1868 1002 1896 ido-

214 1914 273 1940 neis
295 1912 418 1939 ducibus.
434 1912 467 1939 ili
487 1912 631 1939 confestim
657 1912 778 1940 hostibus
797 1914 905 1940 obviam
928 1914 1002 1948 facti,

215 1959 302 1992 iisque
324 1958 482 1992 profligatis,
504 1959 634 1986 victorem
657 1959 807 1985 exercitum
832 1967 892 1986 cum
912 1960 1003 1988 multi-

215 2005 276 2038 puci
291 2006 392 2038 praeda,
411 2010 523 2031 ovantes
542 2004 718 2031 reduxerunt.
733 2004 798 2032 Dum
814 2006 870 2033 lizec
888 2012 1004 2041 aguntur

214 2051 248 2076 ab
262 2050 433 2083 imperatore,
449 2050 548 2083 Persae,
561 2051 641 2076 rebus
656 2050 688 2076 ad
705 2050 802 2078 bellum
818 2052 930 2086 paratis,
942 2060 1002 2079 cum

215 2095 317 2129 ingenti
330 2094 444 2122 militum
459 2095 630 2122 multitudine
642 2094 889 2124 in'Tliracesiorum
904 2101 1002 2125 terram

1048 854 1094 881 τοῦ
1110 855 1215 886 πάθους
1232 853 1414 889 ἀγγελθέντος
1431 853 1516 889 αὐτῷ,
1534 854 1595 880 τότε
1611 853 1661 889 μὲν
1676 854 1704 885 ἐς
1732 853 1842 886 Βυζάν-

1012 935 1014 938 I
1047 907 1105 926 τιον
1119 897 1195 935 ἦλθε·
1215 899 1284 933 μετὰ
1301 899 1330 926 δέ
1350 908 1414 927 τινα
1442 900 1540 936 χρόνον
1555 901 1583 931 ἐς
1597 899 1648 934 τὴν
1663 899 1709 925 ἐπὶ
1729 898 1845 926 Ῥυνδα·

1049 946 1097 973 κοῦ
1127 945 1310 982 αὐλισάμενος
1337 946 1464 980 πεδιάδα,
1501 946 1567 973 ἔνθα
1599 945 1844 982 βασιλεῖΊωάννῃ

1049 988 1181 1030 φρούριόν
1195 1003 1221 1020 τι
1237 995 1268 1021 ἐκ
1296 995 1394 1030 καινῆς
1420 993 1632 1029 ἀνῳκοδομήθη,
1662 993 1677 1020 ὃ
1703 993 1845 1020 Λοπάδιον

1049 1041 1212 1077 ὠνόμασται
1227 1042 1285 1072 τοῖς
1297 1040 1416 1072 πολλοῖς,
1431 1040 1552 1067 ἐνταῦθα
1565 1041 1612 1066 τὸν
1626 1040 1743 1076 στρατὸν
1761 1040 1844 1075 ἤγει-

1051 1096 1108 1123 ρεν,
1133 1088 1161 1118 ἐς
1173 1088 1222 1122 τὴν
1238 1086 1378 1122 Περσικὴν
1400 1085 1532 1121 ἐμϐαλεῖν
1548 1085 1752 1121 διανοούμενος.
1768 1085 1844 1120 Πέρ-

1049 1141 1095 1160 σαι
1110 1133 1165 1169 γὰρ
1190 1134 1240 1165 τὰς
1268 1133 1370 1168 μεταξὺ
1395 1133 1543 1168 Ῥωμαίων
1577 1133 1694 1164 σπονδὰς
1717 1132 1845 1169 παραλῦ-

1051 1188 1148 1212 σαντες
1164 1179 1311 1215 Πράκανάν
1327 1188 1356 1205 τε
1376 1179 1454 1205 πόλιν
1469 1179 1628 1214 Ἰσαυρικὴν
1648 1179 1845 1214 ἐκπορθήσαν-

1049 1236 1094 1259 τες
1113 1225 1184 1254 εἷλον
1195 1227 1241 1254 καὶ
1253 1226 1368 1254 πλεῖστα
1383 1226 1449 1253 ἄλλα
1474 1227 1629 1261 Ῥωμαίους
1646 1226 1843 1261 προσεξημίω-

1051 1282 1112 1300 σαν.
1132 1273 1243 1308 Ἐπειδὴ
1257 1272 1324 1307 γοῦν
1339 1272 1438 1307 ἄριστα
1453 1273 1664 1307 παρεσκεύαστο
1679 1273 1741 1308 ἤδη,
1769 1273 1843 1308 ἄρας

1051 1319 1155 1345 ἐκεῖθεν
1184 1319 1287 1354 σπουδῇ
1313 1320 1358 1345 ἐπὶ
1372 1319 1406 1345 τὰ
1434 1319 1527 1353 πρόσω
1552 1318 1661 1353 ἐχώρει,
1691 1319 1761 1345 κατὰ
1777 1319 1845 1346 νοῦν

1051 1365 1121 1400 ἔχων
1134 1365 1170 1397 ὡς
1189 1366 1222 1392 ἂν
1237 1364 1405 1399 ἀφυλάκτοις
1417 1365 1509 1395 αὐτοῖς
1533 1363 1700 1396 ἐξαπιναίως
1718 1364 1846 1391 ἐπελθὼν

1052 1412 1152 1448 ἡϐηδὸν
1178 1412 1333 1439 ἀπολέσειε.
1366 1410 1439 1447 Πλὴν
1465 1410 1534 1438 ἀλλὰ
1549 1410 1597 1437 τοῦ
1613 1411 1662 1445 μὲν
1690 1411 1794 1437 σκοποῦ
1810 1412 1845 1437 οὺ

1052 1459 1142 1493 πάντη
1169 1458 1330 1493 διήμαρτεν.
1351 1458 1388 1484 Οὐ
1415 1457 1469 1493 μὴν
1498 1458 1545 1484 καὶ
1571 1459 1667 1493 χεῖρας
1694 1457 1793 1493 ἔχρησε
1808 1459 1846 1494 τῇ

1054 1503 1127 1538 μάχῃ
1162 1503 1264 1539 ἐκείνῃ.
1289 1503 1333 1533 Ὠς
1349 1503 1403 1538 γὰρ
1429 1503 1514 1536 ὀξέως
1538 1503 1585 1530 τὸν
1610 1502 1715 1530 Μύσιον
1744 1503 1846 1535 διαϐὰς

1054 1549 1197 1584 Ὄλυμπον
1222 1549 1286 1584 ἄχρι
1300 1557 1330 1575 τε
1352 1550 1380 1580 ἐς
1394 1549 1441 1576 τὸν
1468 1549 1594 1585 Πιθηκᾶν
1625 1549 1682 1586 (66)
1709 1549 1844 1584 γεγονὼς,

1052 1594 1118 1621 ἔνθα
1148 1594 1279 1629 φρούριον
1302 1593 1384 1625 αὐτὸς
1412 1593 1541 1629 ἐδείματο
1564 1596 1710 1631 καρτερὸν,
1732 1595 1846 1631 νύκτωρ

1052 1640 1096 1667 διὰ
1111 1639 1260 1675 τῶνταύτῃ
1276 1640 1349 1675 ὀρῶν
1364 1639 1522 1675 ἐπορεύετο,
1542 1639 1560 1666 ἃ.
1572 1640 1635 1676 τῇδε
1649 1641 1848 1676 ἀποκρέμαται

1053 1686 1144 1723 ὑψηλὰ
1160 1687 1207 1713 καὶ
1232 1686 1328 1717 δεινῶς
1355 1686 1450 1718 λάσια,
1473 1686 1630 1719 ξυνέϐαινεν
1648 1686 1680 1712 ἐκ
1702 1687 1756 1712 τῶν
1771 1687 1849 1713 κατὰ

1053 1734 1102 1766 τὰς
1114 1733 1221 1769 λόχμας
1237 1733 1418 1768 ἀναγομένων
1429 1733 1753 1768 ἀτμῶνέμπιπλαμένης
1767 1733 1846 1768 αὐτῷ

1053 1780 1102 1815 τῆς
1120 1779 1243 1814 κεφαλῆς
1257 1779 1356 1814 ἁθρόον
1372 1778 1578 1814 κατενηνέχθαι,
1596 1778 1634 1810 ὠς
1652 1779 1753 1815 μηκέτι
1776 1779 1847 1814 μηδὲ

1054 1827 1204 1863 ἀναστῆναι
1220 1826 1361 1853 δύνασθαι.
1378 1826 1466 1861 Μέχρι
1483 1825 1534 1860 μὲν
1546 1825 1593 1852 οὖν
1609 1825 1656 1852 καὶ
1682 1826 1746 1861 περὶ
1758 1827 1848 1861 μέσας

1054 1872 1155 1903 νύκτας
1183 1871 1277 1906 σχεδόν
1291 1877 1316 1898 τι
1333 1870 1380 1898 καὶ
1410 1869 1619 1906 ὰνεπαισθήτως
1653 1866 1726 1905 εἶχεν
1748 1869 1846 1902 αὑτοῦ,

1056 1918 1088 1954 [Ρ
1119 1917 1165 1953 22]
1183 1917 1252 1954 μετὰ
1263 1917 1292 1944 δὲ
1306 1917 1398 1952 ὀλίγον
1411 1916 1572 1952 ἀνασφήλας
1584 1914 1643 1942 εῐτα
1658 1916 1732 1951 ῥᾴων
1749 1916 1777 1948 ἐς
1795 1915 1847 1950 τὴν

1055 1964 1202 2000 ὑστεραίαν
1229 1962 1360 1997 γεγονὼς,
1378 1962 1461 1993 αὐτὸς
1482 1963 1532 1998 μὲν
1547 1962 1637 1997 ἡσυχῆ
1656 1961 1757 1997 ἔμεινε,
1782 1963 1846 1996 μοῖ-

1057 2020 1106 2045 ραν
1133 2010 1161 2037 δὲ
1186 2010 1234 2036 τοῦ
1272 2009 1480 2046 στρατεύματος
1512 2007 1717 2043 ἀπολεξάμενος
1747 2007 1845 2043 ἱκανὴν

1055 2056 1113 2090 ἃμα
1125 2055 1291 2091 στρατηγοῖς
1317 2045 1409 2081 ὲπῖτὺ
1425 2054 1506 2090 ἔργον
1526 2054 1672 2088 διαφῆκεν,
1693 2053 1718 2080 οἳ
1738 2053 1784 2080 καὶ
1794 2054 1846 2080 οὐκ

1055 2102 1083 2133 ἐς
1120 2102 1231 2137 μακρὰν
1261 2101 1396 2135 δυνάμεσι
1427 2100 1674 2138 περιτετυχηκότες
1714 2099 1844 2135 ἐχθρῶν,

215 2140 379 2175 irrumpunt,
403 2146 431 2168 et
456 2141 598 2169 resistente
620 2142 728 2170 neniﬁie
751 2142 823 2178 (nam
846 2143 997 2171 Theodorus

1058 2148 1152 2184 ἐπειδὴ
1169 2147 1419 2184 καθυπέρτεροιτῇ
1434 2148 1508 2184 μάχῃ
1527 2147 1651 2181 ἐγένοντο
1668 2146 1798 2185 λαφύρων
1816 2155 1846 2173 τε

214 2192 395 2222 cognomento
418 2187 666 2223 Contosteplianus,
683 2188 715 2215 ad
736 2189 763 2215 id
789 2188 822 2215 ab
841 2189 1004 2223 imperatore

217 2233 331 2266 missus,
352 2234 473 2260 exercitu
497 2238 671 2268 comparato,
699 2234 818 2261 nondum
846 2235 1003 2270 adverterat)

214 2279 354 2306 castellum
372 2279 408 2306 illi
425 2286 477 2306 non
493 2279 572 2314 longe
587 2287 602 2306 a
619 2279 685 2306 mari
702 2279 836 2312 dissitum,
853 2281 924 2314 quod
944 2281 1004 2308 Cel-

215 2325 324 2351 bianum
341 2330 448 2358 vocant,
465 2325 646 2360 populabundi
672 2326 774 2357 ineunt,
799 2326 924 2362 factaque
950 2335 1003 2356 non

215 2370 319 2398 modica
334 2371 434 2405 praeda,
448 2372 647 2407 regrediuutur.
662 2371 709 2399 His
721 2371 868 2407 imperator
878 2375 1002 2408 cognitis,

216 2417 303 2451 impos
318 2417 358 2444 sui
373 2417 465 2444 statim
481 2425 542 2443 cum
558 2417 692 2445 universis
706 2417 792 2452 copiis
807 2418 888 2445 citato
902 2419 1003 2453 impetu

213 2461 335 2489 leonium
352 2463 502 2494 contendit,
519 2463 627 2498 scriptis
641 2463 716 2498 prius
730 2465 763 2490 ad
778 2464 912 2492 sultanum
931 2465 1005 2493 litte-
1033 2462 1035 2466 ’

215 2507 264 2540 ris,
281 2507 378 2542 quibus
394 2507 536 2535 consilium
560 2516 639 2536 suum
663 2509 810 2537 nuntiaret.
828 2508 929 2537 Harum
947 2510 1004 2538 lucc

215 2551 265 2579 fuit
279 2553 412 2581 sententia
429 2563 435 2581 :
456 2564 465 2580 ‹
486 2554 561 2582 Scire
577 2559 602 2582 te
618 2555 743 2582 volumus
764 2562 863 2582 nostra:
881 2556 943 2584 huic
958 2557 1004 2584 ad-

217 2605 309 2625 versus
327 2604 351 2626 te
376 2601 541 2635 expeditioni
567 2601 704 2628 molimina
729 2607 772 2628 tua
799 2609 908 2629 causam
935 2611 1003 2637 pra:-

1057 2187 1172 2231 μέγατι
1199 2194 1397 2230 περιεϐάλοντο
1421 2194 1518 2229 χρῆμα
1548 2194 1595 2220 καὶ.
1625 2193 1674 2220 σὺν
1703 2193 1847 2227 τροπαίοις

1055 2240 1161 2267 ἐκεῖθεν
1189 2238 1371 2273 ἀνέστρεψαν.
1397 2238 1531 2269 Βασιλεὺς
1546 2237 1597 2272 μὲν
1609 2235 1696 2265 ταῦτα
1711 2236 1844 2272 ἔπρασσε.

1056 2287 1159 2321 Πέρσαι
1172 2285 1201 2312 δὲ
1213 2281 1242 2311 ἐν
1254 2285 1342 2320 τούτῳ
1353 2281 1590 2319 συσκευασάμενοι
1603 2283 1712 2318 στρατῷ
1733 2283 1845 2318 μεγάλῳ

1054 2334 1089 2367 τῇ
1114 2331 1279 2367 Θρᾳκησίων
1308 2324 1475 2365 ἐμϐάλλουσι
1497 2331 1545 2365 γῇ.
1564 2330 1671 2361 οὐδενός
1694 2338 1723 2356 τε
1754 2329 1846 2363 σφίσιν

1057 2376 1304 2411 ὰντιστρατοῦντος
1338 2376 1489 2412 (Θεόδωρος
1508 2376 1563 2412 γὰρ
1588 2373 1609 2409 ᾧ
1627 2375 1846 2408 Κοντοστέφανος

1058 2421 1203 2457 ἐπίκλησις
1214 2419 1259 2457 ἦν,
1288 2422 1385 2448 τούτου
1397 2421 1428 2457 δὴ
1443 2421 1525 2448 ἕνεκα
1543 2422 1609 2457 προς
1629 2421 1759 2456 βασιλέως
1776 2429 1844 2455 πεμ-

1058 2465 1147 2500 φθεὶς,
1159 2465 1236 2493 οὔπω
1251 2466 1321 2502 ἔφθη
1341 2466 1387 2493 τὸν
1407 2466 1523 2501 στρατὸν
1538 2466 1651 2502 ἀγείρας
1673 2466 1736 2501 τῇδε
1764 2474 1845 2491 κατα-

1057 2510 1162 2547 λαῦεῖν)
1174 2512 1238 2547 ἄχρι
1251 2512 1299 2539 καὶ
1315 2511 1361 2538 ἐπί
1381 2521 1407 2538 τι
1423 2512 1478 2538 τῶν
1502 2512 1553 2538 οὐκ
1568 2513 1622 2538 ἀπὸ
1641 2512 1778 2546 θαλάσσης
1793 2520 1845 2546 χω-

1060 2558 1137 2593 ρίων,
1149 2557 1164 2583 ὃ
1178 2558 1332 2585 Κελὸιανὺν
1355 2557 1412 2594 (67)
1442 2558 1618 2593 ὀνομάζεται,
1633 2557 1844 2593 προνομεύοντες

1058 2601 1150 2640 ἦλθον,
1163 2604 1240 2632 λείαν
1248 2613 1276 2631 τε
1287 2605 1324 2636 ὠς
1337 2605 1468 2641 πλείστην
1480 2606 1645 2640 ἐπαγομενοι
1658 2605 1843 2639 ἀνεχώρησαν

892 2659 939 2690 Du
960 2661 1072 2702 Cangii
1086 2666 1178 2693 notua.

253 2720 309 2755 (66)
334 2719 476 2755 ΠιθηκᾶικζΖ
497 2718 682 2755 Conferendus
704 2720 783 2755 plane
801 2720 833 2747 ad
860 2721 930 2748 banc
946 2721 1001 2748 Ma-

215 2753 303 2782 nuelis
318 2755 437 2788 etpedit.
456 2753 524 2781 Hist.
542 2753 663 2786 Nicetes,
681 2753 735 2787 1ft,
751 2764 778 2782 ii.
799 2756 827 2782 '2.

252 2790 308 2824 (G7)
328 2790 504 2817 Κελόιανόν.
527 2788 630 2824 Lydia,
657 2797 706 2817 seu
735 2791 799 2817 Asia
826 2788 934 2824 Minor,
964 2792 1003 2819 sic

218 2825 301 2858 dicta,
321 2831 349 2852 ut
370 2829 465 2852 auctor
481 2829 523 2851 est
547 2824 740 2859 Pacliyineres,
763 2826 779 2853 Ι.
795 2833 833 2859 nt,
845 2834 870 2854 c.
888 2827 914 2854 8.
926 2827 1004 2854 'Cel-

1059 2723 1131 2750 biaai
1151 2728 1255 2751 tractus
1272 2723 1373 2750 mentio
1389 2728 1431 2750 est
1452 2724 1522 2758 apud
1545 2721 1666 2758 Nicetam
1687 2722 1712 2748 in
1737 2721 1843 2758 lsaacio.

1060 2759 1077 2785 Ι.
1095 2766 1122 2789 ι,
1143 2768 1169 2785 u.
1196 2760 1231 2791 4,
1249 2758 1349 2793 Acrop.
1374 2766 1399 2785 ε.
1428 2757 1475 2786 15⁷
1493 2763 1519 2785 et
1540 2759 1575 2784 al.
1607 2757 1670 2784 Vide
1705 2762 1784 2785 notas
1812 2757 1844 2783 ad

1059 2794 1226 2821 Alcxiadein.
