1942 3081
113 143 166 176 361

728 136 1003 176 HISTORIARUM
1023 137 1098 169 LIB.
1118 137 1158 169 ΙΙ.

1647 171 1650 174 ,
1696 135 1750 168 3C2

112 195 265 225 κάντεῦθεν
285 195 371 232 ᾤοντο
388 193 531 231 πρόδρομα
551 193 638 221 ταῦτα
658 192 707 228 τῆς
718 192 815 228 σὺντῷ
831 192 906 220 σουλ-

966 191 1028 220 "orte
1043 191 1070 219 in
1084 190 1214 219 montium
1231 189 1354 219 faucibus
1367 190 1568 219 delitescerent.
1583 189 1620 218 Ea
1632 191 1751 220 admira-
1786 227 1789 231 _

109 243 162 270 τὰν
178 241 291 269 ἔσεσθαι
318 239 501 276 παρατάξεως
528 238 569 274 τῷ
587 238 635 274 τοῦ
655 237 737 273 ὅρους
767 237 806 269 ὡς
832 237 907 270 είκὺς

111 287 270 324 ἀμφιλαφεῖ
302 285 522 322 κρυπτομένης),
541 283 736 320 θαυμαζόντων
751 281 812 318 οὖν,
826 282 908 315 αὐτὸς

110 334 205 371 ἡρέμα
227 332 428 367 διακεχυμένος
449 332 479 358 τὴ
498 331 657 367 πρόσωπον·
678 339 687 356 ι
702 329 827 365 Ἀνδρες,
842 329 906 364 ἔφη,

117 380 266 415 Ῥωμαῖοι,
283 379 321 414 μὴ
336 377 369 414 δὴ
386 378 469 413 τέχνη
487 375 645 413 βαρϐαρικὴ
672 374 834 402 δεδιττέσοω
858 374 909 410 τὴν

112 425 258 461 ἡμετέραν
280 423 435 459 ἀγχίνοιαν,
456 421 518 458 μηδ’
530 422 576 448 ἐπὶ
592 421 642 454 τὰς
657 421 778 457 σημαίας
797 420 909 447 ἀπεῖναι

112 471 259 507 ξυμϐαίνει
275 470 323 498 τοῦ
339 468 411 497 κατὰ
426 469 555 504 μέτωπον
567 468 635 504 ήμῖν
652 467 793 503 ὁρωμένου
810 466 908 493 τούτου

112 517 336 553 στρατεύματος,
349 514 504 551 ἀλλαχόθεν
521 522 574 541 που
591 513 697 545 ταύτας
713 513 762 540 σὺν
776 512 909 548 στρατεύη

114 572 183 599 ματι
214 563 290 599 ἄλλῳ
321 563 451 598 παρεωαι
475 561 576 588 οἴεσθε.
603 559 672 587 Οὔτε
686 559 741 595 γὰρ
761 559 842 594 ἑτέρα
868 567 910 590 τις

114 612 201 647 μοῖρα
219 610 364 645 δυνάμεως
386 607 595 642 ὑπολέλειπται,
613 603 703 642 οἶμαι,
717 606 847 641 Πέρσαις,
862 605 912 632 καὶ

111 659 149 685 τὰ
163 658 265 693 σημεῖα
280 656 309 683 δὲ
328 656 419 690 σφίσιν
433 654 517 682 αὐτοῦ
548 662 601 681 που
626 653 674 681 καὶ
695 653 743 680 ἐπὶ
768 653 801 688 τῇ
821 652 910 687 λόχμῃ

112 704 227 731 ἑστᾶσιν
239 703 269 731 έν
292 703 332 738 τῷ
346 702 456 737 ἀφανεῖ,
476 701 509 728 Iv”
521 701 652 733 ἐπιδείξει
663 700 782 736 πλήθους
793 699 912 735 εκπλήτο

113 759 172 777 τειν
183 750 258 786 ἡμᾶς
270 748 370 784 ἔχοιεν.
388 748 435 783 Μὴ
450 747 544 774 τοίνυν
558 746 607 774 τοῦ
624 745 746 782 πλήθους
759 744 911 781 θαμσεῖσθε

113 797 145 823 τὸ
165 796 317 833 βάρὸαρον,
348 794 542 831 περιφρονεῖτε
569 793 598 821 δὲ
630 792 732 829 μᾶλλον
759 793 809 828 τῆς
831 791 913 819 ἀσθεο

113 843 190 875 νεὶας
206 850 214 858 ν
230 842 261 869 οὐ
277 842 331 877 γὰρ
348 840 473 876 πέφυκεν
492 839 608 876 ἀλήθεια
627 838 766 875 φαντασίᾳ
781 837 912 873 συγγίνε-

961 237 1033 265 ιίοηο
1048 236 1154 269 deﬁxis,
1171 236 1269 265 leniter
1281 236 1425 265 subridens
1441 245 1447 263 :
1466 246 1476 263 ι
1499 235 1567 271 Viri,
1584 237 1681 272 inquit,
1700 238 1754 265 Ro-

960 284 1043 317 mani,
1059 284 1212 312 animorum
1232 288 1387 312 nostrorum
1408 283 1547 312 solertiam
1563 291 1597 318 rte
1613 284 1753 320 perturbet

960 330 1140 358 Barbarorum
1154 333 1328 366 strategema.
1340 331 1432 366 Neque
1443 331 1514 359 enim
1527 335 1669 367 propterea
1679 333 1751 366 qttod

960 378 995 405 ab
1011 377 1143 411 exercitu,
1157 376 1203 412 qui
1221 384 1235 404 e
1250 377 1359 412 regione
1372 377 1549 411 conspicitur,
1563 377 1658 405 abesse
1672 378 1750 413 signa

960 423 1110 458 contingat,
1126 430 1158 451 ea
1174 422 1282 450 aliunde
1297 430 1357 450 cum
1375 422 1427 450 alio
1446 423 1568 451 exercitu
1584 422 1678 452 adfore
1693 426 1753 452 exi-

960 468 1125 496 stimandum
1141 473 1193 496 est.
1208 467 1325 502 Nullam,
1342 473 1371 496 ut
1394 469 1523 502 arbitror,
1544 469 1623 497 aliam
1647 470 1752 498 exerci-

963 520 1006 542 tus
1023 520 1126 550 partem
1143 515 1243 543 habent
1259 515 1348 544 Persa:
1364 523 1372 544 :
1390 517 1437 544 sed
1459 517 1530 544 intra
1548 516 1658 544 arbusta
1681 522 1707 545 et
1724 517 1750 545 in

963 561 1080 589 obsruro
1093 561 1195 590 habent
1206 562 1333 590 militaria
1347 562 1434 597 signa,
1446 567 1475 590 ut
1487 562 1670 591 ostentatione
1685 563 1754 591 mul-

963 607 1087 637 titudinis
1103 612 1236 636 terrorem
1255 609 1334 637 nobis
1349 609 1492 637 incutiant.
1506 608 1595 637 Nolite
1608 612 1752 638 nume'rum

962 655 1143 682 extimescere
1158 654 1351 689 Barbarorum,
1368 655 1488 691 spernite
1503 657 1592 691 potius
1612 656 1754 684 imbecilli-

963 703 1061 733 tatem;
1079 700 1112 727 iis
1126 700 1198 727 enim
1215 708 1275 735 quae
1295 699 1386 735 fucum
1407 700 1519 734 faciunt,
1535 701 1611 730 adest
1627 709 1689 730 raro
1707 710 1755 730 ve-

963 745 1041 773 ritas.
1056 745 1196 774 Contende
1217 745 1301 782 igitur
1316 754 1377 774 cum
1394 747 1435 776 his
1448 747 1493 783 qui
1507 754 1599 775 coram
1614 753 1677 776 sunt
1690 756 1753 776 con-

963 795 1086 820 serturus
1096 790 1151 828 M
1160 799 1269 820 manus.
1281 790 1407 820 Vestrum
1418 793 1471 820 erit
1479 799 1540 820 cum
1551 793 1658 821 caeteris
1668 793 1755 829 copiis

963 838 1101 874 subsequi,
1111 846 1145 867 ne
1153 838 1221 867 alias
1230 839 1346 867 hostium
1357 838 1464 867 insidiis
1472 839 1727 868 circumveniamur.
1741 850 1750 867 ι

115 890 193 916 σθαι.
231 888 304 916 Ἀλλ’
333 887 390 922 ἐγὼ
427 886 480 923 μὲν
506 887 555 914 σὺν
579 886 635 913 τῶν
669 885 820 921 ταγμάτων
853 885 912 917 τοῖς

966 884 1026 913 Haec
1041 884 1146 913 locutus
1161 880 1308 920 imperator
1323 885 1422 920 impetu
1439 893 1537 921 magno
1550 886 1576 914 in
1594 886 1685 914 hostes
1699 886 1754 914 fcr-

114 934 298 972 ὲμπροσθίοις
310 934 409 970 ἄπειμι
436 933 503 969 παρ’
529 932 600 961 αὐτὰ
629 932 777 968 συμμίξων
805 931 909 963 αὐτοῖς,

114 984 189 1018 ὑμᾶς
207 982 236 1010 δέ
250 990 295 1018 μοι
316 981 364 1016 ξὺν
376 981 416 1016 τῷ
431 980 505 1016 ἄλλῳ
519 979 712 1015 στρατεύματι
724 977 911 1014 ξυντεταγμέ-

115 1038 179 1061 νους
196 1029 304 1056 ἐπιέναι
316 1027 416 1064 χρεὼν,
437 1027 474 1062 μή
489 1035 555 1054 ποτε
577 1025 716 1062 πολεμίων
726 1025 836 1062 ἐνέδρας
861 1033 911 1052 πε-

116 1077 241 1112 ριπεσεῖν
260 1075 380 1110 γένοιτο.
396 1083 405 1099 ι
427 1072 511 1100 Ταῦτ’
533 1072 620 1100 είπὼν
638 1072 653 1099 ό
667 1072 848 1107 αὐτοκράτωρ
864 1071 912 1098 ἐπὶ

117 1123 186 1155 τοὺς
204 1122 340 1157 πολέμους
353 1120 420 1154 leto,
451 1119 543 1156 χώραν
563 1118 645 1152 αὐτὸς
669 1118 720 1155 τὴν
730 1118 759 1145 ἑν
773 1117 912 1154 ἀριστερῷ

115 1168 343 1204 κληρωσάμενος,
360 1166 409 1194 an
420 1165 460 1202 τῷ
476 1163 636 1201 μεσαιτάτῳ
665 1162 912 1198 ἀντιμετωποῦσαν

115 1214 165 1241 τοῦ
189 1213 245 1241 τῶν
270 1212 401 1240 ἐναντίων
434 1210 654 1246 στρατεύματος,
681 1209 746 1236 ἔνθα
766 1208 912 1240 πλείστους

116 1269 147 1287 τε
163 1259 210 1287 καὶ
222 1259 350 1295 ἀρίστους
377 1257 535 1292 ξυνέϐαινεν
565 1255 636 1284 εἶναι
663 1255 787 1291 Περσῶν.
805 1249 920 1290 Πέρσαι

115 1306 210 1335 τῖιίνυν
231 1307 344 1342 μάχαις,
358 1303 446 1341 οἶμαι,
458 1305 520 1336 ταῖς
543 1302 744 1339 προλαϐοῦσαις
775 1309 912 1338 περιῃρη-

119 1354 197 1390 μένοι
208 1353 258 1388 τὴν
269 1352 382 1388 τόλμαν,
399 1351 494 1387 ἐπειδὴ
508 1349 557 1386 τὴν
577 1349 737 1385 Ῥωμαϊκήν
754 1346 824 1375 εἶδον
841 1349 912 1384 ῥομ-

119 1400 215 1435 φαίαν,
229 1399 280 1436 τήν
290 1398 367 1432 τάξιν
380 1397 561 1429 ἀπολιπόντες
575 1396 664 1423 οὐδενὶ
681 1396 776 1430 κόσμῳ
797 1394 913 1430 ἐφέρον-

119 1454 163 1478 το,
178 1446 253 1477 ὅπως
264 1445 346 1477 αὐτὸς
356 1444 475 1476 ἕκαστος
491 1443 601 1480 πρῶτος
615 1441 738 1470 ἁνθένδεν
769 1441 912 1469 ἀπαλλάσ-

121 1499 199 1518 σοιτο
229 1490 348 1524 σπουδὴν
375 1489 495 1525 ἔχοντες.
518 1488 605 1517 Ἔνθα
631 1488 679 1515 καὶ
706 1487 753 1514 τὸν
766 1486 913 1522 σουλτὰνή

121 1538 203 1574 φήμη
218 1538 346 1573 παρεῖναι
375 1535 530 1572 διήγγελλε.
547 1534 705 1570 Φευγόντων
719 1531 765 1562 οὗν
776 1534 910 1569 Ῥωμαῖοι

120 1586 156 1620 τῇ
169 1584 261 1617 διώξει
273 1584 429 1619 ἐγκείμενοι
453 1582 539 1610 πολύν
550 1591 611 1610 τινα
625 1580 795 1618 κατέτριψαν
805 1581 912 1617 χρόνον.

123 1631 179 1657 Καὶ.
195 1631 220 1657 oi
234 1630 283 1666 μὲν
300 1630 329 1656 ἐν
341 1629 447 1661 τούτοις
477 1626 548 1665 ἦσαν
561 1635 568 1643 ·
588 1628 619 1655 τὸ
633 1628 662 1655 δὲ
672 1628 737 1656 ἀλλο
768 1627 915 1663 Ῥωμαίων

121 1674 284 1707 στράτευμα
293 1671 364 1699 κατά
373 1670 459 1698 νώτου
475 1670 713 1705 συντεταγμένως,
728 1669 823 1706 ὥσπερ
835 1669 912 1705 εἴρη-

118 1727 178 1752 ται,
197 1718 274 1745 ὲπιδν
289 1717 319 1744 τὸ
335 1717 385 1752 μὲν
413 1717 523 1752 πρῶτον
544 1716 634 1751 λόχοις
644 1716 717 1743 τισίν
732 1715 762 1748 ἑξ
776 1715 913 1751 ἀπροσδο-

122 1765 208 1800 κήτου
236 1763 385 1799 περιτυχὺν
406 1762 551 1798 ἐτρέψατο,
573 1760 634 1789 εἷτα
658 1762 705 1788 καὶ
736 1762 791 1789 τῶν
826 1762 915 1790 ἄλλων

122 1811 242 1839 κατόπιν
265 1809 435 1846 ἐπιθεμένων
445 1809 550 1842 αὐτοῖς,
564 1809 622 1836 ὅσοι
638 1807 670 1845 [Ρ
685 1807 732 1845 25]
756 1817 786 1835 τε
801 1807 915 1835 Ἰκονίου

121 1858 200 1890 ἐντὸς
217 1857 345 1892 φυλακὴν
360 1854 434 1891 εἶχον
450 1854 619 1892 (ἐπεξῄεσαν
639 1855 694 1890 γὰρ
705 1855 756 1891 ήδη
775 1855 822 1882 καὶ
841 1852 916 1882 οὗτοι

121 1905 314 1942 θαρσήσαντες
336 1904 375 1939 τῷ
391 1903 437 1930 τδν
464 1902 656 1939 αὐτοκράτορα
678 1902 789 1938 μακρὰν
814 1901 916 1929 ἄποθεν

127 1952 243 1979 Ἰκονίου
276 1950 413 1977 ποιεῖσθαι
427 1949 477 1986 τὴν
502 1948 605 1985 δίωξιν)
620 1949 667 1976 καὶ
678 1950 735 1976 ὅσοι
748 1950 778 1976 έν
794 1948 833 1984 τῷ
848 1956 915 1975 κατ-

120 1997 257 2033 αντειτῆς
270 1997 375 2028 πόλεως
388 1997 487 2030 ὀπίσω,
500 1996 626 2032 καθᾴπερ
637 1995 757 2031 εἴρηται,
772 1995 915 2029 ἐτάξαντο,

122 2044 283 2073 κλονεῖσθαι
296 2044 347 2080 ήδη
362 2042 587 2080 ῆρξατουὊπερ
619 2042 713 2078 ἐπειδὴ
733 2042 850 2078 τάχιστα
871 2041 918 2077 βα-

89 2106 93 2109 ·
123 2091 218 2122 σιλεὺς
229 2090 330 2127 ήκουσε
341 2089 473 2125 δυνάμεις
487 2090 543 2116 τῶν
562 2089 609 2116 σὺν
626 2088 703 2124 αὺτῷ
721 2089 771 2124 τὴν
784 2088 917 2124 ταχίστην

122 2137 284 2172 ἐξέπεμπεν
299 2135 345 2163 ἐπ’
372 2136 476 2170 αὐτοῖς,
490 2132 528 2163 ὧν
541 2134 768 2172 Πυρῤογεώργιός
785 2144 814 2162 τε
830 2133 917 2171 ἦρχεν

123 2185 198 2220 ἀνὴρ
209 2184 374 2219 δραστήριος
389 2183 518 2219 μάλιστα,
545 2182 576 2214 ὃς
590 2182 638 2209 καὶ
659 2181 697 2218 τῷ
712 2181 760 2209 τοῦ
783 2189 918 2217 πριμικη-

124 2230 187 2266 ρίου
200 2230 251 2265 τῆς
265 2229 352 2264 αὐλῆς
373 2227 519 2264 ἐσύστερον
529 2229 678 2263 τετίμηται
708 2227 857 2263 ἀξιώματι,
869 2227 917 2254 καὶ
936 2248 956 2276 D

121 2279 138 2305 ὁ
151 2277 284 2312 Χουροὺπ
297 2277 326 2308 s;
341 2276 405 2308 τοὺς
417 2275 551 2311 βασιλέως
566 2276 615 2302 καὶ
632 2275 701 2311 πρὸς
715 2275 768 2310 τῆς
788 2275 917 2310 ἁλουργί-

120 2324 167 2356 ὂος
175 2323 317 2359 ὑπηρέτας
325 2322 409 2350 τελῶν
420 2322 488 2358 (69).
500 2322 578 2350 Ἀλλὰ
587 2322 635 2349 καὶ
642 2322 747 2349 τούτων
753 2321 918 2357 βεϐοηθηκό-

121 2379 179 2398 των
203 2369 282 2397 οὐδὲν
311 2367 394 2406 ἦττον
409 2370 458 2396 καὶ
476 2368 558 2396 πάλιν
577 2368 732 2396 κλονεῖσθαι
757 2367 916 2396 συνέϐαινεν

123 2417 201 2450 ἅπαξ
220 2416 379 2451 πεπονηκὸς
398 2415 428 2442 τὸ
444 2414 653 2450 στρατιωτικόν.
675 2414 756 2441 Ἀλλά
777 2415 916 2450 βασιλεὺς,

123 2460 160 2498 ἧν
175 2462 231 2499 γὰρ
244 2462 374 2495 ὀξύτατος
383 2461 415 2488 τὸ
426 2461 485 2489 δέον
495 2461 588 2497 εὑρεῖν
596 2462 644 2489 καὶ
659 2461 918 2497 καταστοχάσασθαι

964 937 1018 964 tur,
1046 932 1190 967 locumque
1212 936 1327 967 occupat
1355 932 1498 961 sinistrum
1525 933 1620 961 media:
1645 933 1753 961 illorum

963 978 1106 1006 obversum
1129 978 1207 1011 aciei,
1231 978 1257 1006 in
1279 983 1332 1013 qua
1353 978 1461 1013 plurimi
1478 978 1588 1007 stabant
1603 979 1756 1015 Optimiquc

962 1023 1120 1055 Persarum.
1147 1024 1182 1051 At
1206 1023 1234 1052 hi
1256 1024 1454 1060 superioribus,
1478 1029 1507 1052 ut
1523 1025 1629 1060 opinor,
1653 1027 1754 1062 praeliis

962 1071 1049 1099 attriti
1073 1077 1252 1106 repressaque
1270 1071 1396 1104 audacia,
1423 1071 1467 1100 ubi
1492 1072 1628 1101 Romanos
1652 1074 1753 1102 micare

963 1116 1066 1153 gladios
1080 1116 1181 1150 vident,
1192 1117 1294 1146 relictis
1302 1118 1455 1154 ordinibus,
1465 1118 1632 1154 dissipantur
1640 1120 1751 1155 passim,

963 1169 1125 1197 unoquoque
1144 1161 1260 1190 militum
1282 1161 1344 1190 inde
1358 1162 1473 1191 evadere
1488 1162 1559 1190 inter
1580 1163 1683 1198 primos
1703 1164 1754 1190 ad-

964 1211 1077 1239 nitente.
1093 1211 1123 1239 ln
1136 1211 1236 1248 quibus
1249 1211 1337 1247 ipsum
1353 1211 1433 1240 etiam
1448 1211 1525 1240 aiunt
1538 1212 1656 1240 adfuisse
1671 1212 1756 1241 suita-

964 1265 1040 1286 num.
1065 1257 1180 1286 Romani
1205 1258 1267 1286 dum
1289 1257 1455 1293 fugientibus
1471 1259 1561 1288 acrius
1584 1259 1688 1287 instant
1702 1267 1755 1288 non

964 1312 1058 1339 parum
1086 1305 1215 1340 temporis
1237 1312 1442 1340 consumpsere.
1469 1304 1558 1341 Atque
1583 1305 1621 1334 ita
1647 1306 1757 1343 quidem

964 1358 1025 1380 sese
1050 1358 1092 1379 res
1111 1351 1214 1379 habuit.
1239 1352 1306 1379 Alia:
1334 1351 1442 1380 interim
1463 1350 1646 1380 Romanorum
1671 1352 1757 1388 cepiae

965 1396 1116 1431 instructis,
1133 1402 1162 1425 ut
1177 1397 1268 1430 retuli,
1285 1397 1426 1426 ordinibus
1447 1405 1461 1426 a
1488 1402 1563 1434 tergo
1580 1399 1758 1428 succedentes

965 1445 1052 1480 primo
1065 1444 1174 1480 quidem
1196 1444 1223 1472 in
1246 1444 1358 1472 insidias
1373 1444 1516 1480 quasdam.
1533 1446 1694 1481 necopinato
1707 1446 1757 1474 de.

965 1491 1048 1526 lapsze
1066 1490 1204 1527 fugantur.
1221 1490 1413 1527 ingruentibus
1433 1499 1539 1527 quoque
1561 1498 1576 1519 a
1594 1495 1670 1528 tergo
1696 1492 1758 1521 aliis

967 1536 1072 1566 turbari
1096 1537 1178 1565 etiam
1205 1541 1347 1573 coeperunt
1364 1546 1371 1567 :
1388 1545 1450 1567 nam
1473 1542 1500 1566 et
1523 1543 1656 1574 quotquot
1679 1543 1759 1566 erant

969 1583 1050 1611 lconii
1070 1583 1230 1619 praesidiarii
1253 1584 1354 1612 milites
1377 1589 1563 1618 excesserant,
1588 1593 1620 1613 ea
1645 1585 1756 1619 fiducia,

969 1627 1039 1663 quod
1055 1627 1246 1663 imperatorem
1262 1628 1368 1664 longius
1381 1629 1414 1657 ab
1427 1630 1493 1658 urbe
1504 1630 1664 1666 insequendi
1677 1632 1758 1660 ardor

969 1674 1134 1709 abripuisset
1148 1683 1155 1701 :
1171 1679 1200 1702 ut
1215 1679 1242 1702 et
1260 1679 1392 1710 quotquot
1406 1680 1466 1710 post
1483 1676 1632 1710 civitatem,
1647 1677 1684 1705 uti
1699 1686 1759 1706 mc-

969 1723 1121 1752 moratum,
1147 1720 1173 1747 in
1200 1720 1297 1748 declivi
1326 1725 1470 1750 steterant.
1495 1722 1523 1750 Id
1550 1723 1629 1751 simul
1654 1725 1760 1760 accepit

968 1764 1087 1799 Manuel,
1103 1771 1208 1802 partem
1225 1767 1366 1802 copiarum
1383 1773 1485 1802 quanta
1509 1773 1597 1804 potest
1619 1770 1760 1799 celeritate

970 1813 1064 1846 mittit,
1088 1813 1187 1849 quibus
1208 1813 1368 1849 praepositus
1391 1814 1441 1843 fuit
1467 1814 1690 1853 Pyrrogeorgius,
1718 1814 1759 1846 vir

970 1859 1090 1888 maxime
1104 1860 1266 1893 industrius,
1284 1861 1330 1896 qui
1347 1862 1516 1896 postmodum
1530 1863 1676 1898 primicerii
1690 1864 1759 1892 aulae

969 1905 1100 1940 dignitate
1116 1909 1211 1933 auctus
1229 1910 1280 1940 est,
1305 1910 1332 1933 et
1349 1905 1508 1942 Cliurupus.
1524 1907 1595 1936 inter
1618 1909 1759 1938 ministros

970 1951 1153 1985 imperatoris,
1169 1951 1216 1987 qui
1234 1959 1248 1978 a
1264 1959 1382 1987 purpura
1398 1958 1471 1987 sunt,
1486 1954 1609 1982 allectus.
1625 1954 1680 1982 Illis
1696 1955 1761 1983 licet

971 1998 1173 2033 adjuvantibus,
1185 1998 1271 2026 nihilo
1285 1999 1374 2028 secius
1389 2008 1497 2028 rursum
1515 1999 1569 2038 45
1582 2002 1760 2031 (-ontuibatur

970 2044 1054 2072 acies.
1079 2045 1114 2072 At
1141 2044 1290 2080 imperator
1314 2045 1405 2074 animo
1424 2048 1673 2082 perspicacissimus
1689 2054 1717 2077 et
1734 2050 1760 2078 in

971 2091 1053 2118 rebus
1078 2090 1270 2126 investigandis
1295 2092 1500 2128 solertissimus,
1528 2096 1643 2125 consilio
1671 2099 1761 2132 potius

972 2143 1053 2172 quam
1067 2137 1151 2165 armis
1168 2145 1224 2165 rem
1241 2142 1297 2166 tum
1310 2146 1390 2175 egere
1403 2140 1605 2170 animadvertit.
1622 2143 1759 2173 Advocato

971 2182 1054 2217 igitur
1068 2182 1176 2223 cuidam
1190 2190 1205 2210 e
1219 2183 1360 2217 militibus,
1376 2186 1486 2214 nomine
1500 2186 1696 2222 Bempitz‘iolte,
1711 2191 1760 2225 qui

971 2228 1146 2264 Adrianopoli
1157 2230 1287 2257 oriundus
1298 2235 1366 2265 erat,
1382 2231 1463 2266 iussit
1476 2237 1506 2260 ut
1520 2234 1657 2269 demptam
1672 2237 1761 2271 capite

971 2275 1085 2311 galeam,
1098 2280 1126 2303 et
1141 2276 1265 2304 manibus
1278 2276 1304 2304 iu
1321 2277 1405 2306 altum
1419 2279 1553 2308 sublatam
1569 2281 1759 2310 circumferret

972 2322 1081 2357 ubique,
1099 2326 1262 2358 captumque
1276 2331 1339 2351 esse
1353 2324 1490 2354 sultanum
1507 2334 1604 2363 magna
1617 2335 1665 2363 per
1679 2337 1760 2356 exer-

971 2369 1054 2397 citum
1070 2377 1135 2397 voce
1149 2369 1342 2405 proclamaret.
1358 2371 1386 2399 Id
1408 2374 1608 2408 strategematis
1626 2374 1761 2403 Romano-

972 2423 1033 2443 rum
1055 2415 1191 2451 exlemplo
1206 2416 1357 2445 sublevavit
1378 2417 1496 2451 animos,
1514 2419 1621 2455 vimque
1641 2420 1760 2448 hostium

971 2461 1062 2489 acrius
1077 2462 1258 2491 insistentium
1280 2463 1389 2492 retudit.
1406 2463 1444 2491 ita
1463 2472 1534 2501 saepe
1549 2466 1700 2495 numerosis
1714 2474 1760 2495 co-

803 2537 852 2567 Du
870 2535 983 2576 Cangii
997 2539 1095 2568 uoltu.

161 2601 220 2637 (69)
242 2601 272 2629 Ρ.
284 2602 319 2629 Μ
334 2609 362 2629 v.
377 2602 423 2630 25.
447 2603 496 2636 Ἐς
511 2601 583 2636 τοὺς
598 2601 755 2635 ,βασιλέως
773 2602 822 2628 και
840 2601 916 2635 πρὸς

123 2637 181 2673 τῆς
204 2637 385 2672 ἁλουργίδος
404 2638 557 2672 ὑπηρέτας
578 2637 685 2665 τελῶν.
706 2637 808 2673 Tollius
824 2638 914 2669 vertit,

125 2671 197 2701 inter
219 2671 381 2708 purpuratos
405 2671 571 2707 imperatoria
598 2673 721 2700 allectus.
739 2671 851 2708 Verum.
870 2676 916 2700 aut

124 2709 217 2741 fallor,
228 2708 388 2744 dignitatem
403 2709 482 2736 istam
499 2709 634 2744 spectavit
645 2709 730 2744 vestis
742 2707 822 2742 regite
833 2715 916 2744 cura,

125 2751 178 2779 qua
191 2743 238 2778 qui
249 2742 371 2779 donatus
382 2749 452 2775 erat,
465 2752 481 2770 α
497 2742 565 2772 veste
580 2744 652 2779 regia
663 2743 817 2771 dicebatur.
833 2742 915 2771 Vetus

124 2778 274 2814 inscriptio
294 2787 301 2806 :
325 2787 364 2807 τι.
391 2786 516 2807 casamo.
539 2778 616 2807 suc.’
637 2786 690 2807 ua.
722 2786 867 2806 coam-reo.
888 2785 914 2806 Α.

125 2822 221 2842 νιετε.
240 2821 332 2842 BEGIA.
345 2820 460 2843 HIRIEB.
472 2818 524 2842 LIB.
539 2822 662 2843 PATRONO
675 2822 733 2843 500.
744 2822 769 2841 Β.
783 2821 812 2841 Ι.
825 2821 914 2842 FECIT.

124 2850 246 2886 Contra,
270 2857 357 2886 penes,
368 2858 448 2884 quem
468 2852 580 2886 privata:
594 2854 663 2882 erat.
687 2858 702 2876 ιι
721 2854 789 2876 ueste
811 2851 914 2884 privata

127 2885 229 2913 dicitur
242 2885 268 2914 in
285 2885 337 2912 alia
350 2885 476 2920 inscript.
490 2894 498 2913 :
510 2893 564 2914 ms.
580 2893 695 2914 tumens
709 2892 807 2914 causa
828 2893 913 2913 οπμε-

299 2933 440 2965 ΡΑτιιοι.
461 2933 517 2965 Gs.
537 2933 698 2966 CXXXI“.

971 2609 1014 2629 τι.
1032 2610 1061 2629 Ι.
1081 2609 1186 2631 υιιηυε.
1203 2610 1264 2630 Αυῦ.
1281 2610 1334 2630 LIB.
1350 2610 1459 2632 νΔιεΝε.
1477 2612 1505 2634 Δ.
1521 2612 1607 2633 νεετι
1624 2614 1678 2634 ΙΙΙ).
1699 2615 1760 2636 Μυ-

968 2644 1054 2676 νεςη.
1069 2645 1179 2676 contus.
1196 2646 1299 2676 gntes.
1320 2642 1372 2667 etc.
1384 2639 1436 2676 Est
1455 2641 1538 2676 igitur
1555 2649 1570 2668 (ι
1591 2647 1669 2674 vene,
1687 2643 1757 2672 idem

970 2673 1016 2707 qui
1032 2674 1186 2712 ygstiarius.
1199 2672 1307 2712 Papias,
1324 2672 1478 2712 σεειὶανίιιεζ
1494 2677 1542 2709 qui
1561 2672 1674 2704 vestibus
1689 2686 1759 2712 pne-

969 2713 1018 2748 εειΓ
1033 2707 1195 2748 Vssrtanius
1213 2716 1275 2748 sua.
1287 2707 1553 2748 in_inscriptionibus
1565 2712 1676 2748 aliquot.
1689 2707 1758 2742 Pro-

969 2743 1033 2784 inde
1053 2744 1211 2779 ἁλουργίδος
1233 2744 1374 2780 ὑπηρέτης
1390 2743 1442 2784 erit
1467 2755 1485 2784 α
1505 2743 1622 2783 purpuris
1639 2751 1758 2784 impera-

969 2781 1046 2817 toris,
1071 2787 1123 2817 seu
1150 2787 1232 2817 penes
1256 2787 1335 2817 quem
1367 2782 1452 2809 vestis
1479 2781 1756 2817 itnperatoriaa'cura

968 2814 1036 2854 fuit;
1052 2814 1103 2854 nisi
1130 2815 1286 2854 quis‘malit
1306 2815 1382 2854 hisce
1398 2817 1488 2854 verbis
1501 2814 1636 2854 designari
1659 2821 1756 2847 υιιιὶα·

966 2850 1058 2913 ιηὲῐῗιηι,
1073 2849 1106 2878 de
1122 2857 1174 2885 qua
1191 2849 1323 2886 dignitate
1339 2852 1446 2881 abunde
1461 2849 1580 2882 diximu's
1596 2855 1630 2883 ad
1644 2854 1757 2883 Aleria-

1519 2932 1606 2975 12,
