1942 3081
209 156 264 189 ἓ63

849 159 1013 190 JOANNIS
1034 160 1199 192 CINNAMI
1275 176 1286 193 χ

1790 165 1845 198 364

205 217 258 252 piis
275 216 369 244 utilius
393 215 445 243 fuit
468 215 613 244 consilium
641 215 770 252 prudens,
790 216 893 253 virique
917 218 982 245 uniu

1051 219 1098 246 τοῦ
1115 221 1254 256 πρακτέου
1271 221 1444 257 δεξιώτατος,
1471 224 1542 260 ἔγνω
1562 225 1686 259 ἐπινοίας
1702 226 1806 263 μᾶλλον
1827 229 1843 266 ἢ

206 264 292 291 virtus
305 262 460 300 clypeorum
478 262 574 291 robore
591 262 716 291 validior.
730 263 766 290 At
785 262 928 291 deﬁciente
941 265 994 298 die,

203 310 241 337 ibi
266 313 466 344 pernoctatum.
495 309 560 337 inde
583 310 671 345 primo
696 317 776 338 mane
801 310 937 345 profectus
963 311 995 338 ad

203 355 324 383 Iconium
338 361 425 383 castra
437 356 538 391 posuit,
548 356 618 391 quod
628 363 690 384 eum
698 356 817 391 undique
827 355 996 391 explorasset

204 402 333 437 adituque
348 402 418 430 haud
435 402 515 430 facile
533 409 594 430 esse
616 402 738 435 vidisset,
755 410 864 430 rumore
882 403 914 430 ad
937 403 994 431 ltree

204 448 423 476 increbrescente
449 448 476 475 in
502 448 571 481 dies,
589 448 742 476 Occidentis
767 447 880 484 populos
897 448 994 483 patriis

201 495 307 524 excitos
323 495 433 523 sedibus
447 495 551 532 ingenti
569 495 741 524 multitudine
758 496 791 523 ad
812 495 879 523 ﬁnes
894 495 1011 523 Romar

203 549 298 569 norum
313 542 488 575 contendere,
503 542 537 569 ab
550 542 751 577 oppugnatione
765 542 872 577 quidem
889 543 994 571 destitit

202 589 326 624 longiore
352 593 473 624 tempore
497 593 524 615 et
548 587 651 623 majore
675 594 815 624 apparatu,
841 596 922 624 Quam
944 590 991 625 qui

202 636 307 669 aderat,
324 643 393 670 opus
418 635 469 663 sibi
495 634 551 663 fore
576 635 814 669 animadvertens;
839 635 887 663 sed
905 636 993 664 obviis

200 684 353 718 quibusque
369 682 487 710 incensis
504 686 531 709 et
547 681 660 716 perditis
676 681 798 710 recessit.
812 681 916 710 Ferunt
935 687 992 710 tum

200 730 333 757 militibus
349 728 480 757 Romanis
495 728 567 756 ftede
586 735 618 756 ac
632 728 830 756 contumeliose
844 727 991 756 Persarum

195 777 287 812 posita
300 777 375 812 juxta
393 776 486 804 urbem
507 776 634 812 sepulcra
660 775 854 808 tractantibus,
871 783 921 804 nec
937 783 991 803 non

199 833 232 852 ex
251 825 284 852 iis
300 825 382 852 multa
408 824 602 852 refodientibus
623 823 767 856 cadavera,
784 822 934 859 principem
958 830 992 850 eo

198 871 347 898 diuieilium
363 875 515 906 temporum
528 873 676 903 momento,
689 868 745 906 46
758 869 990 905 magnanimitatis

197 925 252 946 non
274 917 388 945 oblitum
412 924 480 948 suae,
499 916 646 943 inviolatus
663 920 692 943 ut
714 921 871 943 servaretur
894 915 990 944 matris
1006 909 1026 937 Β

197 963 296 991 sultani
311 962 392 996 ciuis,
406 961 568 998 praecepisse
582 971 589 989 :
605 961 773 997 dixisseque,
787 961 828 989 vel
850 961 990 990 minimunt

197 1010 366 1046 sapientibus
383 1009 558 1043 reverendam
575 1015 636 1037 esse
658 1008 827 1037 nobilitatem
844 1008 989 1037 infelicem.

200 1057 322 1093 Scriptas
337 1057 428 1091 itaque
440 1056 574 1084 oilieiosas
595 1054 740 1083 admodutn
763 1055 869 1083 litteras
884 1056 917 1083 ad
933 1056 990 1084 stti-

192 1102 253 1130 ‘taui
270 1102 411 1138 conjugem
430 1100 523 1133 mittit,
543 1101 569 1127 in
586 1100 656 1127 hanc
672 1099 835 1131 sententiam
852 1108 860 1127 :
878 1109 888 1126 ι
910 1098 989 1128 Scias

196 1149 288 1181 velim,
304 1147 442 1176 sultanum
467 1147 618 1182 majestatis
638 1150 739 1174 nostra:
761 1153 869 1174 servum
887 1146 988 1181 vivere,

195 1199 223 1222 et
237 1200 382 1229 superesse
394 1193 492 1227 adhuc,
504 1192 596 1220 vitatis
609 1192 669 1220 belli
687 1192 823 1227 periculis.
841 1201 850 1219 ι
866 1192 911 1220 Illa
924 1200 989 1221 vero

196 1242 328 1277 pecudum
357 1240 467 1269 circiter
487 1240 541 1267 duo
557 1239 650 1272 millia,
667 1240 748 1268 boum
766 1240 872 1276 copiam
891 1240 988 1276 ingen-

195 1294 259 1322 tem,
276 1292 302 1315 et
319 1287 419 1316 cibaria
437 1287 489 1314 alia
505 1286 656 1321 complura,
670 1286 769 1322 quibus
782 1287 920 1322 exciperet
935 1287 986 1315 im-

191 1340 358 1371 peratorem,
383 1337 573 1370 apparaverat.
597 1333 650 1361 Sed
677 1333 721 1361 ubi
745 1334 860 1362 :ediiicia
885 1335 985 1363 subur-

193 1381 274 1413 bana,
286 1380 325 1408 uti
337 1379 556 1412 memoravimus,
571 1378 685 1407 Romani
699 1379 888 1413 incenderunt,
901 1381 986 1409 baud-

193 1434 330 1462 quaquam
346 1429 474 1454 exsecuta
490 1430 530 1453 est
543 1426 722 1461 propositum.
738 1425 785 1454 His
799 1425 836 1453 ita
850 1427 985 1454 constitu-

1053 266 1145 302 ἰσχύος
1159 268 1277 296 ἐνταῦθα
1290 269 1404 305 χρῄζειν
1424 270 1454 298 τὸ
1478 273 1606 308 πρᾶγμα.
1624 274 1729 301 Αὐτίκα
1753 275 1844 303 τοίνυν

1051 312 1107 340 τῶν
1118 322 1178 340 τινα
1189 316 1366 350 στρατιωτῶν
1374 317 1502 351 καλέσας,
1515 319 1845 357 Βεμπιτζιώτην(70)μὲν

1050 358 1289 396 ἐπικεκλημένον,
1307 363 1414 395 πόλεως
1442 363 1470 390 δὲ
1492 365 1660 401 ὡρμημένον
1686 367 1841 403 Ἀδριανοῦ,

1049 405 1160 433 ἐκέλευε
1173 408 1205 434 τὸ
1226 408 1327 443 κράνος
1349 410 1400 444 τῆς
1420 411 1546 446 κεφαλῆς
1567 412 1737 449 ἀποθέμενον
1763 415 1842 450 μετέ-

1048 453 1120 489 ωρόν
1149 463 1180 481 τε
1201 455 1268 482 αὐτὸ
1296 456 1344 483 ἐπὶ
1372 457 1421 493 τῆς
1447 458 1539 494 χειρὸς
1559 460 1714 496 πανταχόσε
1737 461 1841 496 περιδι-

1049 500 1145 528 νοῦντα
1163 501 1213 537 τὴν
1228 502 1274 529 τοῦ
1296 503 1409 531 σουλτὰν
1421 504 1502 540 δῆθεν
1516 506 1562 532 ἐπὶ
1573 506 1620 534 τοῦ
1635 507 1843 544 στρατεύματος

1049 546 1298 583 διακηρυκεύεσθαι
1327 550 1440 579 ἅλωσιν.
1460 548 1498 579 OB
1513 553 1657 587 γεγονότος
1668 554 1842 591 ἀνεθάρσησέ

1049 602 1080 621 τε
1105 597 1280 632 παραχρῆμα.
1301 598 1333 624 τὸ
1366 598 1520 633 Ῥωμαϊκὸν
1552 600 1680 633 καὶτοὺς
1701 602 1842 634 ἐναντίους

1051 639 1170 675 ίσχυρῶς
1185 640 1365 675 ἐγκειμένους
1383 642 1540 671 ἀπεώσατο.
1563 644 1642 671 Οὕτω
1662 645 1794 677 πολλάκις
1811 645 1841 672 ἓν

1048 685 1187 722 βούλευμα
1202 688 1312 715 συνετὸν
1330 689 1401 724 ὑπὲρ
1412 689 1612 726 μυριοπληθεῖς
1627 690 1717 727 ὢνησε
1733 693 1840 727 χεῖρας,

1046 732 1094 759 καὶ
1112 732 1209 768 ἀνδρὸς
1223 734 1283 766 ἐνὸς
1298 735 1383 771 ἀρετὴ
1401 736 1508 763 πολλῶν
1525 736 1649 764 ἀσπίδων
1665 737 1841 773 δυνατωτέρα

1045 778 1249 814 γίνεται-Ἀλλὰ
1266 782 1326 808 τότε
1346 781 1406 817 μὲν,
1418 782 1513 816 ἐπειδὴ
1525 783 1642 818 τάχιστα
1654 782 1702 817 νὺξ
1715 784 1838 818 ἐγένετο,

1045 826 1129 854 αὑτοῦ
1157 835 1208 854 που
1222 827 1369 864 ηὐλίσαντο
1379 837 1385 844 ·
1401 828 1500 865 ὄρθρου
1515 827 1543 856 δὲ
1558 829 1629 866 ἄρας
1649 830 1756 857 ἐκεῖθεν
1769 831 1840 866 πρὸς

1052 871 1154 908 Ἰκονίῳ
1166 874 1445 910 ἐστρατοπεδεύσατο.
1472 876 1514 908 Ὡς
1531 875 1559 903 δὲ
1573 875 1666 912 κύκλῳ
1683 877 1840 912 περιελθὼν

1042 918 1093 945 οὐκ
1107 919 1234 954 εὒέφοδον
1245 917 1314 948 εἶναι
1326 921 1394 948 αὐτὸ
1413 922 1547 956 κατενόει,
1557 923 1575 958 ἢ
1588 931 1619 950 τε
1628 923 1718 959 φήμη,
1729 923 1747 959 ῆ
1771 923 1838 959 ἐονη

1042 965 1078 993 τὰ
1102 965 1172 1003 πρὸς
1197 966 1296 994 δύοντα
1320 968 1399 1004 ἥλιον
1429 968 1460 1003 ἐξ
1480 968 1550 996 ἐθῶν
1567 970 1762 997 ἐπαναστάντα
1780 970 1839 997 τῶν

1041 1013 1166 1049 πατρίων
1181 1014 1228 1041 ἐπὶ
1242 1013 1293 1050 τὴν
1323 1014 1467 1051 Ῥωμαίων
1487 1015 1648 1052 παμπληθεὶ
1662 1016 1765 1052 ἐμήνυε
1788 1017 1839 1052 φέ-

1043 1059 1150 1095 ρεσθαι,
1171 1060 1292 1097 ἑκάστης
1315 1060 1433 1097 ηὔξανεν
1450 1059 1569 1100 ἡμέρας,
1586 1061 1634 1090 τοῦ
1653 1064 1702 1100 μέν
1724 1064 1838 1100 πολιορ-

1041 1106 1101 1133 κεῖν
1123 1106 1270 1143 άπέσχετο,
1295 1108 1393 1145 χρόνου
1423 1117 1453 1136 τε
1477 1109 1602 1143 πλείονος
1631 1111 1679 1139 καὶ
1709 1111 1838 1147 μείζονος

1040 1152 1124 1188 ἄλλης
1139 1153 1155 1190 ἧ
1172 1155 1233 1182 κατ’
1260 1155 1370 1191 ἐκείνην
1386 1156 1468 1192 δῆθεν
1498 1157 1614 1193 νομίσας
1640 1159 1835 1194 παρασκευῆς,

1039 1199 1148 1236 δῃώσας
1165 1201 1194 1227 δὲ
1209 1201 1257 1228 καὶ
1269 1202 1417 1238 ἀφανισμῷ
1428 1204 1463 1231 τὰ
1474 1203 1503 1232 ἐν
1521 1204 1586 1231 ποσὶ
1597 1205 1747 1241 παραδοὺς,
1760 1205 1836 1232 ἐκεῖ·

1040 1245 1088 1272 θεν
1115 1246 1285 1282 ἀπήλαυνεν.
1318 1249 1382 1276 Ὅτε
1402 1249 1434 1285 δὴ
1457 1249 1568 1284 λέγεται
1584 1250 1622 1282 ὡς
1636 1252 1694 1283 τοῖς
1715 1251 1768 1287 πρὸ
1781 1251 1836 1287 τῆς

1038 1292 1144 1325 πόλεως
1162 1294 1275 1330 Περσῶν
1289 1295 1386 1330 τάφοις
1410 1295 1498 1324 πολλὰ
1519 1296 1567 1323 τοῦ
1591 1297 1749 1332 Ῥωμαϊκοῦ
1770 1299 1836 1324 ἐνυ-

1040 1339 1186 1376 ϐρίσαντος
1207 1341 1305 1369 ἐκϐετά
1325 1351 1355 1369 τε
1374 1343 1429 1370 τῶν
1445 1343 1581 1379 σωμάτων
1598 1344 1637 1376 ὡς
1653 1344 1768 1372 πλεῖστα
1782 1354 1836 1371 πε-

1037 1387 1198 1422 ποιηκότος,
1217 1389 1232 1414 ὁ
1247 1388 1275 1415 δὲ
1288 1388 1344 1416 οὐδ’
1357 1390 1386 1415 ἐν
1401 1389 1580 1425 τηλικαύταις
1595 1391 1700 1426 καιρῶν
1717 1391 1834 1427 ὀξύτησι

1036 1432 1201 1468 καθυφεῖναι
1222 1433 1307 1461 θέλων
1324 1435 1372 1462 τοῦ
1390 1435 1619 1471 μεγαλοπρεποῦς
1632 1437 1681 1472 τῆς
1691 1437 1737 1464 τὸν
1750 1438 1834 1464 σουλ-

192 1474 238 1507 tis,
256 1480 317 1500 eum
332 1472 389 1508 jam
405 1472 520 1500 reditum
539 1473 680 1499 moliretur
703 1472 860 1507 imperator,
886 1473 983 1501 iterum

1039 1478 1086 1505 τὰν
1108 1479 1274 1516 γειναμένης
1293 1482 1470 1509 παντάπασιν
1492 1483 1656 1519 ἀνύϐριστον
1673 1483 1836 1519 τηρηθῆναι

191 1521 225 1548 ad
241 1519 377 1547 sultanutn
394 1519 490 1547 scribit
507 1519 622 1551 litteras,
637 1527 668 1546 eo
684 1523 844 1554 argumento
859 1528 866 1547 :
884 1528 894 1546 ι
917 1520 984 1547 illul-

1039 1524 1084 1559 τὴν
1113 1525 1188 1553 κόνιν
1216 1526 1337 1561 ἐκέλευε,
1364 1528 1464 1563 χρῆναι
1488 1529 1544 1561 τοῖς
1574 1529 1621 1557 καὶ
1644 1530 1715 1557 κατά
1740 1530 1833 1566 βραχὺ

191 1570 248 1594 ιυηι
272 1571 298 1593 te
322 1572 508 1600 saepenumero
531 1565 717 1600 qumsivimus,
736 1567 851 1593 necdum
877 1567 982 1594 inveni-

1039 1571 1227 1606 σωφρονοῦσιν
1251 1573 1335 1601 εἰπὼν
1353 1575 1489 1602 αἰδεῖσθαι
1515 1575 1617 1612 μᾶλλον
1642 1565 1834 1612 δυστυχοῦσαν

190 1620 261 1640 nnts.
277 1611 359 1647 Fugis
383 1611 456 1638 enim
480 1618 598 1645 semper,
616 1615 697 1646 atque
721 1612 810 1639 instar
830 1613 933 1639 umbrae
956 1616 983 1641 te

1039 1617 1192 1651 εὐγένειαν,
1216 1619 1334 1655 γράμμα
1357 1628 1386 1646 τε
1400 1621 1522 1656 χαράξας
1538 1621 1569 1648 ού
1584 1622 1679 1658 πόρρω
1701 1611 1833 1658 θρύψεως

190 1659 268 1686 nobis
292 1659 432 1686 subducis.
448 1658 488 1686 Ne
507 1658 599 1693 itaque
620 1659 760 1686 videamur
774 1658 871 1686 bellum
889 1667 984 1695 gerere

1039 1662 1065 1689 ὃν
1084 1663 1162 1698 παρὰ
1183 1663 1233 1700 τὴν
1257 1665 1304 1692 τοῦ
1331 1665 1444 1693 σουλτὰν
1464 1666 1573 1702 ἔπεμπε
1603 1668 1738 1703 γαμετήν.
1764 1666 1832 1704 Εἶχε

189 1713 252 1734 cum
281 1706 392 1739 umbra,
416 1706 525 1733 domum
557 1706 645 1733 denuo
671 1705 820 1740 repetimus
836 1714 842 1733 :
857 1707 982 1740 proximo

1039 1709 1062 1735 δὲ
1079 1707 1131 1738 ὧδε
1156 1710 1187 1736 τὸ
1203 1711 1321 1747 γράμμα
1333 1720 1341 1727 ·
1361 1721 1370 1738 ι
1385 1713 1491 1739 Εἱδέναι
1513 1713 1667 1750 βουλόμεθά
1685 1723 1725 1747 σε,
1746 1715 1783 1746 ὼς
1798 1716 1834 1743 τὸ

187 1757 279 1780 autem
296 1758 359 1779 vere
373 1750 468 1785 majori
483 1758 545 1779 cum
565 1756 697 1786 apparatu
712 1751 744 1779 ad
764 1756 789 1779 te
803 1757 981 1780 revertemur.

1039 1754 1083 1790 τῆς
1107 1755 1247 1791 ἡμετέρας
1272 1756 1379 1784 παιδίον
1398 1757 1538 1793 βασιλείας
1560 1760 1575 1786 6
1597 1760 1714 1787 σουλτὰν
1729 1761 1763 1796 ζῇ
1779 1763 1832 1787 καὶ

187 1797 389 1826 Providendum
405 1797 454 1825 tibi
473 1804 507 1825 ne
523 1801 550 1825 et
565 1802 621 1824 tum
635 1805 744 1833 quoque
761 1797 852 1834 fugam
867 1798 982 1827 inertem

1039 1800 1073 1827 ἑτι
1089 1801 1215 1838 περίεστι
1227 1803 1277 1834 τὰς
1293 1803 1341 1830 τοῦ
1356 1804 1475 1840 πολέμου
1487 1806 1583 1841 χεῖρας
1595 1806 1801 1842 διαπεφευγώς.
1817 1817 1829 1834 ›

186 1851 405 1880 quaquaversum
423 1851 559 1879 capessas.
580 1853 590 1870 ι

1039 1846 1070 1873 Ἦ
1085 1847 1114 1874 δέ
1126 1847 1252 1884 πρόϐατα
1271 1850 1336 1885 περι
1352 1859 1404 1877 που
1420 1851 1454 1878 τὰ
1469 1851 1589 1887 δισχίλια
1609 1854 1655 1880 καὶ
1666 1853 1735 1889 βοῶν
1752 1854 1832 1889 μέγα.

186 1898 214 1917 τι
227 1889 324 1925 χρῆμα
339 1890 387 1917 καὶ
397 1889 513 1916 πλεῖστα
528 1889 596 1917 ἄλλα
609 1887 665 1916 τῶν
682 1889 822 1924 ἐδωδίμων
841 1891 871 1918 ὲν
903 1893 1068 1929 παρασκευῇ
1104 1894 1154 1929 μὲν
1185 1892 1258 1930 εἶχεν
1273 1896 1316 1931 ἐφ’
1333 1893 1356 1931 ᾧ
1390 1897 1502 1933 βασιλέα
1525 1898 1630 1931 τούτοις
1645 1887 1828 1933 meusami-

185 1938 250 1964 ἐπεὶ
262 1939 290 1965 δὲ
301 1937 369 1972 πυρὶ
381 1937 430 1984 τὰς
441 1936 496 1984 apo
512 1936 563 1984 τῆς
579 1936 684 1984 πόλεως
696 1937 853 1973 οἰκοδομὰς,
871 1939 999 1984 καθάπερ
1018 1940 1138 1977 εἴρηται,
1154 1942 1184 1970 τὸ
1206 1943 1361 1979 Ῥωμαϊκὸν
1372 1945 1493 1979 ἔφλεξεν,
1508 1946 1541 1983 [Ρ
1556 1946 1603 1983 26]
1617 1947 1708 1974 οὐκέτι
1722 1948 1828 1984 πέρατι

185 1985 232 2011 τὸν
249 1984 350 2011 σκοπδν
364 1983 459 2010 ἔδωκε.
475 1983 532 2009 Καὶ
543 1981 630 2030 ταῦτα
644 1982 695 2030 μὲν
712 1984 802 2030 τοιάδε
818 1985 880 2012 τινὰ
897 1983 979 2021 ἦσαν.
1000 1986 1132 2020 Βασιλεὺς
1146 1989 1185 2021 δὲ,
1204 1989 1298 2026 ἐπειδὴ
1312 1991 1361 2026 τῆς
1376 1981 1546 2027 ἅποπορείας
1566 1981 1678 2029 ἤρξατο,
1704 1981 1829 2030 γράμμα

187 2031 237 2059 καὶ
260 2030 342 2058 πάλιν
361 2030 408 2077 ἐπὶ
433 2029 481 2056 τὸν
505 2028 622 2077 σουλτὰν
643 2029 778 2077 ἔπεμψεν.
800 2030 909 2066 Ἐδήλου
923 2032 953 2059 δέ
984 2034 1001 2068 ἡ
1021 2035 1116 2070 γραφὴ
1144 2036 1225 2063 τάδε·
1245 2045 1256 2063 ι
1272 2038 1363 2065 Πολλά
1383 2048 1413 2066 σε
1434 2039 1567 2073 πολλάκις
1586 2028 1828 2077 γὰναζητήσαντες

184 2077 263 2105 οὔπω
276 2076 485 2126 ὲτύχομένησοιῖ
505 2075 622 2126 Φεύγεις
637 2076 692 2113 γὰρ
737 2077 782 2126 ἀει
795 2078 843 2104 καὶ
858 2077 985 2126 καθάπερ
1007 2080 1072 2108 σκιὰ
1103 2081 1296 2116 διολισθαίνεις
1308 2085 1399 2120 ἡμῶν.
1414 2085 1463 2112 Ἴν⁸
1487 2084 1533 2114 οὖν
1551 2087 1589 2123 μὴ
1613 2089 1661 2116 καὶ
1676 2075 1826 2126 δοκοίημεν

186 2125 364 2173 σκιαμαχεῖν,
391 2122 430 2158 τῷ
454 2123 524 2173 Τέως
538 2123 588 2173 μὲν
603 2123 707 2173 ἄπιμεν
731 2124 976 2173 παλινοστοῦντες·
997 2126 1080 2162 ἔαρος
1095 2128 1123 2156 δὲ
1142 2129 1191 2156 σὺν
1208 2130 1313 2165 μείζονι
1338 2133 1371 2167 τῇ
1389 2135 1552 2170 παρασκευῇ
1582 2122 1630 2162 ἐπὶ
1664 2136 1695 2163 σέ
1706 2122 1824 2173 ἥξομεν.

184 2172 306 2209 Μελήσει
319 2170 347 2198 δέ
364 2179 405 2197 σοι
420 2169 468 2197 τοῦ
488 2170 526 2206 μὴ
539 2170 587 2198 καὶ
600 2171 661 2197 τότε
675 2170 794 2204 ἀναξίως
818 2171 906 2204 οὕτως
921 2172 1019 2200 ἑαυτοῦ
1035 2175 1165 2209 φεύγοντι
1177 2176 1300 2212 οἴχεσθαι
1315 2177 1415 2206 διόλου.
1434 2189 1443 2207 ι

220 2219 246 2246 7.
263 2217 327 2246 llaec
351 2218 413 2251 ille;
440 2217 544 2244 interea
566 2216 709 2244 Persarum
726 2225 822 2253 magna
843 2219 895 2251 vis,
913 2226 974 2254 qua:
991 2221 1012 2248 ι)

184 2267 309 2302 regiones
332 2264 402 2291 ultra
429 2263 548 2290 Iconium
573 2263 640 2290 sitas
655 2263 803 2297 incolebat,
821 2265 865 2292 ubi
884 2265 974 2300 impe-

184 2315 293 2339 raverat
308 2310 457 2338 Tanisman
484 2309 540 2341 ille,
560 2308 690 2336 auxilium
706 2313 736 2336 ut
750 2310 834 2337 ferret
850 2310 974 2340 sultanus

182 2359 265 2391 venit,
279 2357 406 2392 illiusque
420 2356 505 2390 copiis
515 2355 684 2391 adiungitur.
697 2355 801 2390 Quibus
812 2356 858 2384 ille
873 2358 972 2393 elatus,

181 2413 235 2433 non
256 2405 362 2439 fugere,
378 2408 408 2431 ut
422 2402 476 2439 [.7
493 2407 567 2434 ante,
584 2403 669 2430 voluit
684 2411 691 2430 :
707 2404 773 2439 quin
794 2404 883 2439 potius
898 2405 973 2434 ordi-

181 2455 246 2479 nato
262 2450 370 2486 agmine
384 2457 444 2477 eum
461 2449 605 2482 Romanis,
619 2450 666 2485 qui
685 2454 740 2477 tum
756 2450 789 2477 ad
807 2450 896 2478 locum
911 2459 974 2487 pcr-

179 2501 324 2528 venerant,
336 2503 415 2531 quem
433 2495 663 2523 Tzibrelitzeman
682 2496 826 2524 barbarico
843 2498 974 2526 vocabulo

181 2539 353 2576 nuncupant,
373 2541 495 2577 praelium
514 2541 633 2568 initurus
653 2541 826 2576 deproperat.
845 2542 892 2570 Est
909 2550 974 2571 vero

178 2590 224 2622 is.
246 2589 268 2616 si
294 2589 356 2624 quis
380 2587 468 2621 alius,
496 2586 613 2615 ditiicilis
630 2595 753 2621 accessu,
774 2597 824 2617 nec
839 2590 974 2625 explicato

179 2637 313 2664 duntaxat
329 2635 442 2670 agmini,
462 2635 509 2662 sed
528 2639 555 2662 et
574 2635 669 2670 paucis
682 2635 883 2670 incedentibus,
898 2644 970 2673 aegre

178 2683 300 2717 pervius.
323 2682 391 2710 Dum
418 2685 508 2709 castra
536 2681 707 2710 communire
734 2688 848 2717 occupat
876 2684 970 2718 miles,

178 2729 339 2764 imperator,
369 2736 449 2764 quem
476 2729 568 2757 acrius
598 2729 736 2765 pungebat
766 2731 856 2757 aetatis
885 2730 971 2764 vigor,

179 2774 280 2810 quique
297 2774 378 2810 paulo
394 2767 457 2803 ante
474 2775 590 2803 duxerat
614 2784 726 2804 uxorem
752 2785 785 2805 ex
812 2775 971 2805 Latinorum

1062 2219 1095 2253 ζ’.
1107 2222 1201 2249 Ταῦτα
1218 2223 1267 2258 μὲν
1283 2223 1330 2251 οὖν
1343 2225 1373 2252 ὲν
1386 2226 1491 2259 τούτοις
1506 2225 1576 2264 ἦσαν
1599 2231 1634 2257 τά
1654 2231 1823 2267 γράμματα·

1029 2266 1144 2315 ρερσων
1160 2267 1189 2294 δὲ
1210 2269 1236 2295 οἳ
1259 2271 1391 2315 άνωτάτω
1419 2273 1524 2306 πόλεως
1549 2275 1672 2310 ᾠκοῦντο
1696 2266 1823 2315 Ἰκονίου,

1029 2311 1094 2340 ἔνθα
1112 2314 1255 2351 Τανισμὰν
1268 2314 1353 2352 ἦρχεν
1366 2317 1480 2350 ἐκεῖνος,
1490 2319 1620 2355 δυνάμεις
1636 2322 1673 2352 ὡς
1689 2311 1824 2359 πλεῖστας

1029 2360 1076 2387 ἐπὶ
1098 2362 1251 2398 ὁμαιχμίαν
1268 2364 1345 2400 παρὰ
1374 2364 1419 2391 τὸν
1436 2366 1554 2394 σουλτὰν
1571 2368 1738 2405 ἀφικόμεναι
1756 2379 1824 2399 συν-

1027 2406 1124 2442 έμιξαν
1139 2408 1190 2444 ἤδη
1209 2409 1305 2445 τούτῳ,
1322 2409 1366 2444 αἷς
1393 2411 1522 2447 ἐπαρθεὶς
1537 2413 1632 2441 οὐκέτι
1655 2415 1767 2449 φεύγειν
1782 2417 1823 2450 ὡς

1025 2453 1056 2479 τὸ
1075 2453 1210 2489 πρότερον
1236 2455 1329 2490 ἤθελε,
1357 2457 1509 2492 ταξάμενος
1526 2458 1554 2485 δὲ
1582 2458 1729 2495 Ῥωμαιοις
1755 2463 1822 2498 περί

1025 2507 1087 2525 τινα
1098 2500 1188 2535 χῶρον
1199 2501 1453 2539 Τςιϐρηλιτζημανὶ
1464 2504 1640 2541 βαρϐαρικῶς
1652 2507 1822 2544 ὠνομασμέ-

1025 2553 1071 2573 νον
1084 2546 1133 2582 ἠδη
1149 2549 1348 2584 γεγενημένοις
1366 2551 1511 2579 ἐπιθέσθαι
1533 2553 1675 2587 ἠπείγετο.
1690 2555 1770 2582 Ἐστι
1790 2555 1821 2582 δέ

1025 2592 1039 2618 ὁ
1051 2592 1140 2628 χῶρος
1168 2593 1348 2630 δυσπρόσοδος
1365 2603 1395 2623 τε
1411 2598 1492 2634 εἴπερ
1508 2606 1550 2630 τις
1576 2600 1623 2626 καὶ
1638 2600 1753 2637 ἀνδράσι
1779 2602 1819 2638 μὴ

1025 2638 1066 2665 ὅτι
1080 2647 1111 2673 γε
1126 2642 1363 2676 συντεταγμένοις,
1378 2643 1435 2670 ἀλλ’
1454 2645 1516 2672 οὐδὲ
1543 2647 1739 2682 πορευομένοις
1756 2655 1821 2675 κατ’

1020 2684 1128 2718 ὀλίγους
1151 2686 1253 2722 ῥᾳδίως
1267 2687 1480 2724 διεξίτητος.Τὺ
1506 2691 1556 2727 μὲν
1584 2691 1630 2719 οὖν
1655 2692 1720 2719 ἄλλο
1747 2693 1818 2720 Ῥω-

1024 2731 1115 2766 μαίων
1133 2733 1294 2769 στράτευμα
1307 2735 1357 2770 ἤδη
1378 2736 1451 2771 ἀμφὶ
1482 2736 1520 2773 τῷ
1550 2738 1652 2774 χάρακι
1671 2738 1816 2765 ἐπονεῖτοσ

1025 2777 1153 2812 βασιλεὺς
1165 2779 1194 2806 δὲ
1208 2780 1239 2807 τὸ
1260 2781 1309 2816 μὲν
1330 2783 1362 2818 τῇ
1383 2783 1476 2819 ἡλικίᾳ
1496 2785 1724 2821 τυραννούμενος,
1739 2784 1771 2812 τὸ
1787 2785 1818 2813 δέ

851 2848 898 2878 Du
915 2846 1028 2888 Cangij
1045 2851 1138 2881 notae.

217 2905 272 2941 [70)
290 2905 519 2942 Βεμπιτᾷώτην.
535 2905 600 2934 Vide
618 2911 697 2934 notas
728 2908 761 2936 ad
786 2909 872 2937 Anna».
897 2918 922 2944 p.
949 2910 1011 2939 188.
