1962 3074
158 129 213 162 365

763 129 1038 160 HISTORIARUM
1058 128 1134 160 LIB.
1155 128 1196 159 II.

1733 128 1785 161 366

159 197 186 214 τι
204 187 251 214 καὶ
265 187 376 222 γυναικὶ
390 187 420 214 οὐ
438 186 706 224 πολλῷ,Ευνοικήσας
723 187 867 224 πρότερον,
880 187 951 214 κατὰ

1009 191 1094 222 gente,
1112 185 1222 213 militari
1247 185 1337 220 aliquo
1357 184 1496 217 facinore,
1521 185 1667 212 secundum
1696 193 1790 214 eorum

161 233 224 265 ἔθος
240 233 270 260 τὸ
285 233 376 260 αὐτῶν
388 234 575 269 αὐτουργῆσαι
587 243 613 262 τι
629 235 657 266 ἐς
672 235 722 269 τὴν
740 235 830 270 μάχην
842 233 950 270 ἢθελεν.

166 280 258 316 Ἀνδρὶ
269 280 324 316 γὰρ
340 281 448 316 Λατίνῳ
463 280 521 315 (7|)
535 281 597 316 ἄρτι
609 283 727 316 γυναῖκα
741 282 952 318 είσοικισαμένῳ

163 328 201 363 μὴ
226 328 287 362 οὐχὶ
317 327 434 363 ἀριστέα
455 327 718 364 ᾳανῆναιαῐσχύνην
738 328 802 363 οὐχὶ
814 328 950 363 τυχοῦσαν

160 374 309 407 ἐπάγεται.
342 373 371 400 ὐ
403 374 451 408 μὲν
486 371 531 400 οὖν
562 373 658 409 λόχους
687 374 752 409 παρ’
782 373 902 409 ἑκάτερα
924 373 953 400 ὲν

162 420 285 455 φάραγξι
307 420 368 447 δυσὶ
389 419 531 452 καταθείς,
551 421 580 446 ὃν
602 420 651 455 μὲν
669 421 702 447 ὲκ
722 419 778 447 τῶν
801 420 863 447 καθ’
884 417 954 455 αἷμα

162 466 211 491 καὶ
225 466 370 500 ἐγγυτάτω
382 465 456 502 αὐτῷ
470 465 639 499 συνεστῶτα,
653 467 682 494 ἐν
692 463 733 498 οἷς
748 466 824 494 ἄλλοι
839 476 869 493 τε
882 464 954 502 ἦσαν

160 512 217 539 τῶν
232 512 308 548 αὺτῷ
323 513 499 540 οἰκειοτάτων
524 513 618 540 πολλοὶ
635 513 682 540 καὶ
707 514 736 540 οἱ
749 514 809 545 ταῖς
825 514 955 548 ἀδελφαῖς

162 556 247 582 αὑτοῦ
273 556 473 590 ξυνοικοῦντες,
502 557 532 585 ὃν
546 558 574 585 δὲ
594 558 642 585 καὶ
661 559 694 585 ἐκ
723 559 885 593 καταλόγων
909 559 955 586 δύο

163 602 380 637 στρατιωτικῶν,
399 599 437 630 ὧν
459 604 552 639 ἡγεῖτο
564 604 708 637 Νικόλαος,
737 605 794 640 (72)
810 605 955 642 ἐπίκλησιν

164 648 310 682 Ἄγγελος,
323 649 393 685 ἀνὴρ
408 650 458 686 τήν
471 658 500 677 τε
523 651 604 686 χεῖρα
619 653 744 684 γενναῖος
764 652 811 678 καὶ
827 653 955 687 ἀνδρείας

162 691 194 720 εὖ
209 694 296 729 ἥκων,
313 695 412 727 αὐτοὺς
431 695 480 730 μὲν
496 696 580 723 αὐτοῦ
596 696 686 732 ἡσυχῆ
706 698 798 732 μένειν
817 698 952 732 ἐκέλευεν,

161 740 217 772 ἕως
231 740 278 767 ἐπὶ
286 741 349 773 τοὺς
364 741 511 777 πολεμίους
523 743 606 770 αὐτὸν
616 743 802 779 ίππαζόμενον
820 745 910 773 ἴδοιεν.
925 745 955 772 '0

163 787 193 814 δὲ
214 788 295 823 μόγις
308 788 429 821 ἀξιοῦσιν
451 789 580 825 ’ῐσαακίῳ
599 798 629 817 τε
644 791 768 823 πεισθεὶς
787 791 826 826 τῷ
847 791 955 827 ἀδελφῷ

163 834 213 860 καὶ
234 833 346 870 Ἰωάννῃ
368 833 408 869 τῷ
417 834 474 861 τῶν
494 835 676 863 ’Λνατολικῶν
693 836 750 872 (75)
769 837 815 864 καὶ
832 837 954 864 Δυτικῶν

164 878 331 914 δομεστίκῳ,
351 879 408 914 ἅμα
424 880 517 912 αὐτοῖς
533 879 580 906 ἐπί
598 889 624 906 τι
639 882 739 917 χωρίον
754 879 846 917 ἦλθεν,
872 878 902 909 οὗ
922 882 954 919 δὴ

165 925 358 960 χορταγωγίας
371 926 453 953 ἕνεκα
480 927 536 954 τῶν
554 935 633 960 τινας
654 928 800 964 Ῥωμαίων
817 930 956 965 σποράδας

166 971 256 1003 ἰόντας
272 972 357 1008 ἑώρα,
371 973 492 1001 ἐνταῦθά
518 982 548 1000 τε
562 974 595 1001 τὰ
611 974 681 1001 ὅπλα
699 974 897 1011 καλυψάμενος,
917 975 955 1008 ὡς

166 1017 206 1053 μὴ
221 1018 254 1044 ὲκ
272 1017 319 1045 τοῦ
332 1018 572 1054 παραλλάσσοντος
594 1020 714 1055 Πέρσαις
735 1020 885 1056 κατάδηλος
899 1021 955 1058 εἴη,

164 1063 220 1090 τῶν
236 1064 350 1100 Περσῶν
364 1073 443 1097 τινας
453 1064 490 1097 ὡς
506 1065 536 1092 τὺ
550 1066 624 1098 είκδς
639 1067 873 1103 κακουργίποντας
885 1068 955 1095 ἰέναι

165 1107 316 1144 ἐξεδέχετο.
337 1108 382 1141 Ὠς
400 1110 430 1136 δὲ
448 1110 537 1142 οὐδεὶς
557 1111 707 1146 οὗδαμόοεν
728 1111 804 1148 αὐτῷ
822 1113 953 1148 κατεφαί-

164 1161 239 1186 νετο,
254 1154 308 1180 τῶν
319 1162 381 1182 τινα
406 1154 553 1192 Ῥωμαίων
565 1157 816 1192 μεταπεμψάμενος
825 1167 957 1195 στρατιω-

164 1199 231 1231 τῶν,
263 1200 372 1236 Πέρσην
400 1201 450 1236 μὲν
474 1202 505 1229 τὺ
523 1203 839 1239 γένος,ῐ]ουπάκην(74)
858 1204 954 1240 δνομα,

165 1245 290 1280 ἀνδρεῖον
311 1247 340 1274 δὲ
355 1247 443 1280 ἄλλως
459 1248 506 1275 καὶ
521 1249 589 1276 πολὺ
605 1249 636 1276 τὸ
657 1249 821 1285 δραστήριον
849 1249 955 1285 ἔχοντα,

164 1291 275 1319 ἐκέλευε
290 1294 460 1329 προσωτέρω
476 1295 734 1330 χωρήσοντα,εῐπου
751 1295 863 1330 Περσῶν
880 1304 956 1327 τινας

164 1338 294 1370 ἐπιόντας
301 1339 436 1374 προσίδοι,
446 1341 648 1376 ἐπιμελέστατα
655 1341 859 1368 διασκοπεῖσθαι
864 1341 955 1378 ,[ΡΞἹ]

169 1384 201 1410 '0
215 1385 265 1419 μὲν
281 1383 327 1412 οὖν
339 1385 432 1421 ἀπῄει,
449 1386 497 1412 καὶ
512 1387 603 1422 μικρῷ
626 1387 739 1423 ὕστερον
754 1386 873 1414 ἐπανιὼν
885 1388 957 1424 Περ-

164 1430 221 1457 σῶν
239 1432 269 1457 οὑ
290 1431 415 1465 πλείονας
432 1432 487 1459 τῶν
505 1432 576 1460 ὀκτὼ
597 1433 660 1460 ιδῑῖν
685 1433 851 1469 ίσχυρίσατο.
877 1433 907 1461 '0
929 1435 958 1461 δὲ

168 1476 296 1512 βασιλεὺς
314 1478 376 1510 τοὺς
389 1478 484 1511 ἄλλους
506 1479 575 1515 πρὸς
591 1481 651 1512 ταῖς
667 1480 800 1516 ἐνέδραις,
831 1481 957 1518 καθάπερ

1005 241 1120 263 morem.
1138 233 1213 260 vires
1230 239 1296 260 suas
1322 231 1443 259 decrevit
1469 231 1598 266 experiri.
1616 231 1680 259 V‘iro
1694 233 1792 267 quippe

1005 280 1112 313 Latino,
1129 281 1176 315 qui
1202 287 1288 314 nuper
1313 279 1455 315 coniugem
1474 280 1528 308 sibi
1555 279 1709 314 nuptiarum
1732 280 1794 314 jure

1003 326 1168 361 adjunxcrit,
1195 326 1297 352 nulluut
1325 327 1406 353 edere
1423 327 1613 362 generositatis
1637 327 1792 361 specimen,

1005 380 1056 399 non
1089 372 1224 399 modicum
1255 377 1297 399 est
1330 372 1459 399 dedecus.
1498 372 1610 400 Insidias
1647 373 1728 407 igitur
1764 372 1792 400 in

1007 417 1123 445 vallibus
1139 418 1210 445 binis
1225 418 1308 450 local,
1328 425 1442 452 quarum
1460 418 1553 446 alterae
1569 418 1737 447 constabant
1754 426 1792 446 .ex

1004 463 1121 499 agnatis,
1141 464 1249 499 sibique
1269 464 1424 492 arctissimo
1448 465 1588 500 sanguinis
1612 470 1682 492 nexu
1700 465 1794 498 proxi-

1005 510 1069 543 mis,
1093 518 1125 538 ac
1148 510 1231 538 etiam
1259 511 1373 538 sororiis
1390 519 1397 537 :
1417 511 1509 539 altera:
1524 518 1557 538 ex
1575 511 1678 538 duabus
1694 511 1794 538 milita-

1005 556 1081 584 ribus
1107 556 1265 584 cohortibus
1289 556 1413 584 conflata:
1440 562 1528 590 erant,
1554 556 1651 591 quibus
1681 562 1795 592 praeerat

1005 600 1134 630 Nicolans
1149 607 1331 638 cognomento
1349 603 1479 638 Angelus.
1497 604 1538 631 vir
1561 604 1676 640 impiger
1699 612 1795 638 manu,

1005 653 1032 676 et
1049 648 1210 676 fortitudine
1228 649 1351 684 insignis.
1370 649 1423 676 Hos
1438 657 1534 678 omnes
1548 649 1630 677 isthic
1645 650 1796 678 subsistere

1004 695 1092 730 jubet,
1111 696 1198 724 donec
1210 703 1240 724 se
1254 696 1424 730 conspiciant
1438 704 1509 733 equo
1522 696 1683 725 insidentem
1700 702 1795 725 contra

1006 741 1098 769 hostes
1111 743 1249 778 progredi.
1261 742 1311 770 Vix
1325 747 1415 770 autem
1432 742 1591 778 rogantibus
1602 743 1704 771 Isaacio
1715 742 1796 770 fratri

1005 793 1033 816 et
1044 788 1140 816 Joanni
1168 789 1348 817 Orientalium
1364 795 1445 823 atque
1465 788 1678 821 Occidentalium
1702 788 1797 817 dome-

1006 835 1076 863 stico
1093 843 1233 869 assensus,
1248 836 1330 864 simul
1345 843 1407 864 cum
1425 836 1492 870 ipsis
1506 837 1532 863 in
1548 836 1636 864 locum
1651 835 1795 872 quemdam

1008 881 1201 918 proficiscitur,
1219 882 1264 909 ubi
1280 881 1466 909 Romanorum
1485 886 1587 908 turmas
1600 881 1703 916 aliquot
1717 888 1797 915 spar-

1007 929 1059 957 sim
1076 928 1197 963 pabulari
1224 927 1426 959 auimadvertit,
1451 927 1544 961 ibique
1567 926 1732 954 absconditis
1748 934 1796 954 ar-

1009 975 1072 1008 mis,
1089 982 1122 1002 ne
1145 982 1160 1002 ιι
1177 973 1267 1002 Persis
1281 981 1314 1000 ex
1335 980 1428 1000 eorum
1449 973 1651 1008 comparatione
1665 979 1797 1007 agnosce-

1008 1026 1094 1054 retur,
1125 1021 1330 1056 opperiebatur,
1355 1019 1418 1047 dum
1442 1018 1551 1050 Persae.
1578 1019 1616 1046 uti
1646 1023 1705 1047 erat
1731 1027 1796 1047 vero

1008 1068 1114 1100 simile,
1140 1067 1166 1095 iu
1190 1066 1363 1102 pabulatores
1386 1066 1530 1094 irruerent.
1557 1065 1609 1094 Ubi
1633 1073 1697 1094 vero
1715 1074 1795 1094 nemo

1008 1114 1064 1150 48
1082 1114 1109 1141 in
1134 1118 1312 1148 conspectum
1336 1113 1420 1145 venit,
1448 1112 1561 1140 militem
1581 1116 1660 1140 vocat
1688 1113 1721 1140 ad
1748 1120 1793 1146 se,

1009 1160 1119 1188 Persam
1138 1159 1247 1195 quidem
1270 1166 1383 1194 genere,
1398 1158 1485 1186 virum
1502 1158 1670 1193 cateroquin
1686 1166 1797 1194 magna-

1010 1207 1134 1237 nimum,
1162 1212 1299 1239 manuque
1321 1209 1485 1236 strenuum,
1510 1203 1622 1232 nomine
1649 1203 1795 1238 Pupacem,

1010 1252 1074 1280 huic
1098 1251 1232 1286 praecipit,
1248 1254 1277 1277 ut
1288 1250 1480 1285 progrediatur
1494 1249 1611 1285 longius,
1627 1250 1796 1285 speculetur-

1009 1305 1061 1333 que
1076 1296 1295 1330 diligentissime,
1315 1303 1377 1322 nunt
1395 1295 1469 1323 forte
1489 1295 1670 1324 adventantes
1686 1296 1797 1325 aliunde

1010 1343 1107 1371 Persas
1122 1342 1307 1377 conspiceret.
1324 1341 1387 1368 Abit
1403 1341 1458 1373 ille,
1481 1345 1509 1368 et
1527 1341 1626 1377 exiguo
1642 1347 1704 1378 post
1727 1347 1797 1370 tem-

1009 1397 1085 1424 pore,
1105 1389 1176 1415 hami
1193 1386 1307 1421 amplius
1321 1392 1384 1414 octo
1403 1393 1435 1414 se
1447 1387 1547 1415 vidisse
1565 1388 1711 1416 renuntiat.
1726 1387 1796 1415 Tum

1011 1443 1073 1463 vero
1091 1435 1235 1469 princeps,
1262 1432 1386 1467 reliquis,
1410 1436 1440 1459 ut
1465 1436 1528 1459 ante
1553 1433 1654 1460 dictutn
1680 1437 1742 1465 est,
1769 1433 1797 1460 in

1009 1481 1115 1509 insidiis
1131 1480 1240 1511 relictis,
1257 1487 1318 1506 cum
1338 1479 1423 1508 fratre
1438 1484 1466 1507 et
1485 1480 1647 1512 domestico,
1664 1487 1797 1514 prsimon-

164 1524 284 1560 εἴρηται,
306 1525 448 1552 ἀπολιπὼν
472 1526 553 1558 αὐτὸς
582 1527 631 1553 σὺν
656 1526 693 1562 τῷ
716 1527 824 1563 ἁδελφῷ
852 1528 954 1563 καὶτῷ

1009 1533 1115 1555 strante
1143 1527 1214 1553 viam
1240 1526 1358 1560 Pupace,
1378 1531 1480 1560 quanta
1504 1527 1592 1562 potuit
1606 1527 1746 1554 celeritate
1769 1527 1796 1554 in

164 1571 317 1606 δομεστίκῳ
328 1571 375 1598 τοῦ
389 1572 521 1608 Πουπάκη
538 1573 587 1608 τὴν
600 1573 659 1599 ὁδὸν
672 1573 763 1607 σφίσιν
778 1573 951 1601 ὑποδεικνύν-

165 1625 223 1649 τος,
278 1618 379 1653 τάχους
400 1616 473 1654 εἶχεν
489 1620 532 1645 ἐπ’
550 1619 669 1651 ἐκείνους
682 1620 793 1656 ἤλαυνε.
819 1619 956 1656 Γαμὸροῖς
974 1648 979 1654 ,

167 1663 259 1698 μέντοι
274 1665 330 1696 τοῖς
350 1665 434 1692 αὐτοῦ
452 1666 498 1692 ἐπὶ
513 1665 639 1693 τοσοῦτον
655 1666 847 1702 ἀγανακτῆσαι
864 1675 958 1702 περιο-

165 1709 289 1744 ραθεῖσιν
308 1710 427 1745 ἐγένετο,
442 1711 480 1744 ὼς
495 1713 542 1739 καὶ
555 1712 647 1747 ὅρκοις
663 1712 892 1748 φρικωδεστάτοις
905 1712 956 1739 αὕ-

164 1756 220 1782 τῶν
231 1765 261 1783 τε
276 1756 392 1784 ἕκαστον
407 1758 456 1785 καὶ
469 1758 573 1789 πάντας
587 1758 655 1794 ὁμοῦ
669 1758 798 1794 ξυνδῆσαι
814 1759 861 1786 καὶ
871 1767 957 1785 κατα-

164 1801 269 1835 λαϐεῖν,
281 1799 300 1838 ἦ
312 1802 366 1837 μὴν
385 1803 450 1837 μηδὲ
465 1803 620 1840 βουλομένῳ
636 1804 670 1831 ἂν
686 1803 759 1831 οὕτω
775 1804 844 1840 τύχῃ
856 1804 958 1838 ταύτην

165 1848 335 1884 ξυνάρασθαι
346 1849 452 1885 βασι)ιεί
462 1851 512 1886 τὴν
526 1851 628 1886 μάχην.
639 1851 772 1883 Βασιλεὺς
782 1851 810 1878 δὲ
818 1851 894 1878 οὔπω
901 1851 958 1883 τοῖς

163 1895 304 1929 όραθεϊσιν
321 1895 486 1931 ἀνεμίγνυτο
500 1896 554 1923 τῶν
571 1897 695 1932 Περσῶν,
712 1897 760 1924 καὶ
775 1898 815 1929 εἰς
826 1897 958 1924 ὀκτωκαί-

162 1941 231 1968 δεκα
247 1942 360 1974 τούτους
380 1942 522 1978 ἠθροῖσθαι
537 1943 706 1971 συνέϐαινεν.
729 1943 828 1971 Ἤθελε
843 1944 893 1979 μὲν
907 1941 956 1970 οὖν

1007 1581 1054 1600 eos
1074 1573 1225 1600 contendit.
1251 1572 1285 1598 At
1304 1571 1377 1599 illius
1394 1571 1607 1606 consanguinei,
1630 1571 1700 1605 quod
1723 1571 1797 1599 nullo

1007 1618 1066 1645 loco
1092 1617 1176 1644 habiti
1202 1617 1251 1644 visi
1273 1621 1374 1649 essent,
1400 1620 1472 1643 tanta
1497 1621 1655 1643 exarserunt
1671 1616 1797 1652 indigna-

1008 1664 1092 1697 tione,
1119 1668 1148 1690 nt
1176 1663 1320 1690 horrendis
1348 1663 1528 1690 sacramentis
1555 1669 1596 1693 se,
1612 1667 1640 1689 et
1663 1667 1798 1697 quotquot

1009 1711 1124 1739 aderant
1138 1716 1242 1742 omnes,
1260 1709 1489 1742 constringerent,
1515 1708 1596 1736 etiam
1626 1709 1648 1736 si
1672 1708 1796 1742 juberet,

1009 1756 1137 1791 deinceps
1170 1763 1222 1783 una
1249 1762 1310 1782 cum
1341 1755 1506 1789 imperatore
1541 1761 1595 1781 non
1626 1761 1657 1782 se
1682 1753 1798 1787 amplius

1007 1806 1170 1830 certaturos.
1198 1801 1244 1828 Ille
1259 1801 1330 1828 visos
1347 1799 1446 1828 Persas
1467 1807 1522 1828 non
1538 1803 1602 1828 ante
1614 1803 1657 1827 est
1673 1799 1797 1832 adortus,

1005 1856 1087 1883 quam
1113 1847 1262 1875 coivissent
1286 1853 1402 1874 numero
1432 1845 1596 1873 octodecim.
1619 1844 1686 1873 Cum
1714 1845 1798 1879 igitur

1006 1895 1086 1923 vellet
1108 1894 1278 1930 gestirctque
1314 1893 1374 1920 illos
1399 1893 1492 1921 statim
1519 1892 1658 1925 invadere,
1679 1898 1714 1919 ne
1735 1898 1797 1919 cum

1006 1946 1097 1970 essent
1109 1941 1305 1977 expeditiores,
1315 1939 1378 1975 fuga
1393 1946 1422 1966 se
1437 1938 1629 1974 proriperent;
1646 1945 1695 1965 nec
1707 1941 1798 1973 posset

829 2012 879 2042 Du
898 2010 1011 2050 Cangii
1028 2014 1123 2041 notae.

201 2074 259 2110 (Ἠ)
284 2074 378 2110 ’ᾼνδρὶ
396 2074 452 2109 γὰρ
463 2074 590 2108 Λατίνῳ.
602 2073 728 2101 Solemne
740 2073 828 2110 fuisse
840 2072 878 2110 ait
891 2071 956 2099 Cin-

165 2108 272 2142 namus,
291 2108 404 2137 Latinis
423 2108 598 2145 proceribus,
618 2110 687 2145 sive,
709 2108 746 2135 nti
775 2108 955 2145 vocabantur,

166 2146 325 2176 baronibus,
353 2149 383 2172 ut
412 2143 501 2172 statim
526 2150 589 2179 post
607 2144 688 2171 initas
705 2144 825 2179 nuptias,
844 2143 953 2179 fortitu-

164 2181 239 2208 dinis
255 2188 312 2208 sum
322 2188 354 2207 ac
368 2178 540 2207 dexteritatis
552 2179 687 2213 specimen
704 2178 814 2212 aliquod
826 2178 951 2209 ederent,

165 2217 192 2243 in
210 2223 342 2244 novarum
367 2220 511 2249 nuptarum
530 2215 646 2249 gratiam
664 2222 672 2241 :
693 2215 765 2248 qttod
781 2213 954 2248 potissimum

164 2250 250 2278 ﬁebat
281 2252 307 2278 in
333 2247 505 2285 equestribus
532 2247 763 2277 decertationilms
782 2247 822 2276 iac
846 2253 955 2285 torncaf

165 2287 277 2318 mentis,
293 2283 486 2320 qure‘plurimo
503 2293 554 2312 non
571 2284 651 2312 modo
665 2291 727 2311 cum
744 2288 890 2320 apparatu,
907 2283 954 2320 sed

165 2326 192 2349 et
207 2319 404 2353 generosorutn
430 2320 544 2348 militum
559 2327 694 2347 concursu
709 2319 834 2346 solebant
851 2319 952 2353 peragi,

163 2362 190 2383 et
209 2354 322 2384 festivas
347 2355 501 2388 nuptiarum
537 2355 711 2382 caeremonias
729 2354 862 2388 ludosque
881 2361 954 2380 com-

135 2396 138 2399 ‘
165 2391 252 2425 plere,
271 2391 298 2417 in
314 2391 414 2425 quibus
430 2397 498 2416 nova
523 2396 624 2424 nupta,
641 2390 802 2424 exterisque
824 2389 954 2416 matronis

164 2424 368 2461 spectantibus,
391 2433 478 2452 novus
500 2425 601 2459 conjux
625 2425 696 2452 vires
717 2431 779 2451 suas
793 2424 953 2461 experieba-

164 2460 230 2488 tur:
247 2461 325 2495 cujus
347 2461 416 2487 ritus
439 2460 542 2487 inlinita
566 2465 690 2495 prostant
711 2460 844 2494 exempla.
869 2460 954 2485 Inter-

164 2497 228 2524 dum
256 2496 349 2527 etiam,
377 2503 431 2530 quo
456 2496 619 2522 amasiarum
645 2502 771 2526 suarum,
794 2495 868 2521 edito
886 2501 955 2527 pra:-

164 2532 241 2558 claro
270 2531 363 2566 aliquo
387 2529 489 2558 bellico
516 2531 636 2558 facinore
660 2530 875 2566 benevolentiam
903 2529 954 2566 sibi

164 2565 354 2599 conciliarent,
371 2566 503 2593 bellorum
519 2566 677 2593 occasiones
690 2565 858 2599 (ιιιωι-ρὺοιιῐ,
875 2570 905 2591 ut
926 2565 954 2591 in

164 2601 198 2628 iis
216 2602 318 2629 bellicae
336 2602 445 2629 virtutis
464 2601 572 2628 Iaudem
587 2605 830 2634 consequerentur,
849 2599 892 2626 vel
908 2599 955 2626 de-

163 2637 249 2671 nique
264 2643 290 2663 tn
307 2637 420 2664 solemni
432 2636 521 2671 aliqtta
534 2637 788 2671 venntionegontra
801 2635 872 2662 feras
882 2635 955 2670 ipsas

163 2670 354 2700 deiteritatem
370 2678 449 2699 suam
471 2670 657 2699 ostentabant.
683 2670 720 2697 Eo
739 2672 809 2697 enim
829 2675 955 2703 spectant

162 2707 315 2742 quahabet
326 2713 402 2733 vetus
418 2714 512 2741 poema
527 2706 701 2734 vernaculum
718 2713 767 2732 nis.
780 2707 813 2733 de
827 2705 953 2733 Alberico

163 2742 329 2779 Burgundia:
342 2742 411 2769 duce
428 2743 524 2769 lictitio
537 2750 544 2769 :

220 2796 264 2824 Dit
283 2796 310 2822 la
325 2796 409 2829 roine,
430 2796 489 2822 ains
510 2796 558 2822 sisi
572 2795 634 2821 moll
654 2801 730 2830 grant
752 2794 849 2829 folnige

219 2832 273 2865 Qui
285 2839 333 2865 par
348 2839 384 2858 un
399 2839 462 2865 perc
486 2840 502 2858 a
523 2838 572 2857 mas
596 2838 642 2856 ron
660 2839 717 2856 cors
733 2839 763 2857 ru
777 2832 863 2865 gaige,

217 2867 315 2894 Λαίδοτὶ
335 2866 416 2900 l‘oist,
437 2867 459 2894 si
485 2871 588 2901 respon!
603 2874 663 2893 satis
682 2866 811 2900 autraige,

1062 2072 1156 2102 Deme,
1179 2071 1272 2097 i'avoie
1292 2070 1364 2102 prius
1384 2069 1635 2103 siliautmariaige,

1063 2107 1120 2138 Que
1134 2107 1191 2132 bien
1204 2106 1293 2132 devoie
1307 2109 1439 2132 monatrer
1452 2113 1512 2131 mon
1526 2105 1680 2139 vasaelai'ge.

1042 2163 1098 2199 (η)
1119 2163 1279 2199 Νικόλαος.
1301 2161 1397 2199 Frater
1420 2162 1490 2199 forte
1504 2161 1675 2189 Constantini
1700 2161 1797 2197 Angcli

970 2200 991 2228 ῐ)
1007 2196 1177 2231 Philadclpli.
1195 2199 1228 2224 de
1242 2204 1295 2231 quo
1313 2196 1381 2224 infra
1398 2204 1425 2231 p.
1440 2196 1503 2224 ρει.

1045 2233 1102 2269 (T5)
1123 2232 1244 2268 Ἰωάννῃ
1256 2232 1295 2265 τῷ
1305 2232 1378 2269 τῶν.
1394 2231 1599 2269 ᾉνατολικῶίν.
1609 2236 1663 2260 etc.
1678 2231 1796 2269 Joannes

1008 2266 1150 2300 Ax‘ucltus,
1169 2266 1246 2301 cujus
1269 2267 1392 2294 meminit
1410 2266 1499 2294 Nicet.
1515 2268 1540 2294 in
1564 2266 1643 2294 lenta.
1661 2275 1687 2294 n.
1710 2266 1740 2293 II
1762 2267 1797 2293 l9.

1009 2306 1034 2333 in
1051 2305 1122 2332 Matt.
1138 2304 1155 2330 I.
1173 2312 1192 2334 ι,
1208 2311 1235 2330 n.
1251 2303 1276 2333 I.
1291 2307 1369 2338 etet;
1386 2302 1464 2333 Erat,
1481 2303 1568 2338 inquit
1586 2301 1696 2338 Tyrius,
1711 2302 1728 2328 Ι.
1748 2309 1796 2332 xv,

1008 2349 1034 2368 c.
1052 2341 1097 2370 25,
1120 2340 1187 2365 inler
1199 2338 1331 2376 primipes
1345 2337 1387 2374 [P.
1400 2338 1465 2376 458]
1479 2338 1520 2376 gir
1535 2337 1690 2376 magniﬁcus
1708 2344 1797 2376 maga:

1007 2375 1167 2403 domesticus
1195 2374 1313 2400 Joannes
1342 2373 1463 2400 nomine;
1478 2373 1515 2400 De
1544 2373 1634 2408 magni
1655 2373 1797 2408 domestici

1007 2411 1141 2446 dignitate
1158 2409 1223 2436 nihil
1242 2410 1286 2436 hic
1302 2415 1420 2446 congero
1433 2429 1440 2441 ,
1467 2416 1527 2446 rum
1547 2406 1628 2446 multa
1647 2407 1696 2434 viri
1719 2406 1793 2446 docti

1008 2441 1182 2477 :uﬁmtarint;
1200 2449 1304 2471 tantum
1319 2441 1399 2479 rad’do
1424 2441 1794 2479 prolodomesticum,_alium

1008 2482 1094 2508 videri
1116 2488 1130 2506 a
1155 2488 1191 2507 in.
1208 2478 1361 2506 domestico
1375 2478 1402 2505 in
1419 2477 1468 2505 hac
1489 2479 1600 2510 inedita,
1615 2485 1674 2511 qua:
1695 2477 1796 2504 Medio-

1008 2516 1062 2544 lani
1074 2516 1101 2543 iit
1120 2516 1176 2543 atde
1191 2515 1221 2542 S.
1236 2513 1335 2540 Vitalis
1348 2519 1450 2543 exstat.
1463 2512 1643 2547 inscriptione
1657 2521 1664 2538 :

1147 2570 1173 2588 Β.
1187 2569 1215 2588 ιι.
1225 2569 1268 2588 η.
1281 2569 1412 2589 tenemus
1426 2568 1494 2588 PItOT
1509 2559 1567 2596 (sic)
1584 2566 1649 2586 non.

1148 2604 1266 2625 ESTICUS.
1282 2605 1336 2628 QUI.
1354 2604 1436 2624 νιιιτ.
1457 2603 1544 2622 ANNIS.

1147 2641 1174 2659 L.
1191 2640 1220 2659 11.
1239 2640 1289 2659 IIII.
1310 2640 1337 2659 1).
1359 2638 1408 2659 IIII.
1427 2639 1459 2658 ΑΡ

1147 2675 1238 2695 CUTIO.
1255 2675 1388 2694 LIBER'I'US
1406 2675 1452 2694 ΕΠ]
1459 2677 1480 2693 1'.

1148 2710 1242 2730 POSUI'I'
1261 2710 1368 2730 CONTRA
1386 2710 1419 2730 νο

1148 2746 1214 2765 TUI.
1232 2745 1292 2764 EJUS
1306 2745 1464 2765 ΒΕΝΕΙΕΠΙΞΝ

1146 2782 1185 2801 TI.
1203 2781 1324 2800 PATRONO
1338 2780 1398 2799 SUO.

1046 2828 1102 2863 (7t)
1125 2826 1302 2860 Πουπάκην.
1317 2825 1656 2863 γειοιγιηεηγηὶλῐοοιιῑειιείε
1672 2826 1794 2862 proceris

1008 2861 1142 2892 ex‘l‘ratre
1158 2868 1298 2898 nepotem.
1316 2861 1386 2889 infra
1405 2869 1431 2897 p.
1449 2861 1510 2890 I14.
