1946 3083
194 145 246 179 301

832 145 995 177 IOANNIS
1014 144 1180 176 CINNAMI

1776 145 1832 178 368

195 213 256 233 tum
285 203 319 231 iis
343 202 442 231 collato
467 202 535 238 pede
559 194 688 239 prmliari,
712 201 784 238 quod
811 201 869 238 ipse
896 203 977 230 adhut

1037 202 1085 228 καὶ
1097 200 1249 236 ὲσφὰδαξεν
1261 200 1305 229 ἐπ’
1317 201 1418 233 αὐτοὺς
1430 201 1501 229 ἰέναι
1513 208 1522 218 ’
1533 200 1609 234 ὅπως
1621 200 1715 237 μέντοι
1727 201 1766 238 μὴ
1783 203 1832 231 Eure

194 251 309 279 distaret
327 249 432 284 procul,
450 249 559 277 laudent
580 249 606 278 id
626 249 853 277 comminiscitur.
869 248 986 284 Pupacae

193 299 321 333 imperat,
341 301 370 324 ut
396 296 487 324 Persis
514 296 659 324 accederet
686 303 769 332 quam
797 295 932 331 proxime,
957 300 985 323 et

192 344 274 372 simul
294 351 326 371 ac
339 343 401 371 illos
423 347 551 371 cerneret
566 343 709 376 advenire,
727 342 818 378 fugam
838 342 982 377 arriperet,

192 398 242 418 nec
259 389 415 422 desisreret,
435 389 522 417 donec
550 389 602 417 sibi
626 389 830 424 adiungeretur.
855 387 983 416 Mandata

192 437 238 465 ille
266 440 423 469 exsecutus,
451 435 580 464 Barbaris
608 435 828 470 insequentibus,
854 434 983 470 paulatim

192 482 287 514 cessit,
318 490 373 510 non
403 487 493 510 tamen
520 483 556 509 ita
581 482 728 510 maturavit
756 481 859 517 fugam,
888 486 918 508 ut
942 481 982 508 sui

191 528 343 563 attingendi
366 535 441 563 spem
460 528 618 563 prmriperet
640 525 783 558 hostibus‘;
805 534 865 554 cuin
883 534 948 554 vero
964 526 983 552 ii

190 574 296 602 fraudis
322 574 407 602 nescii
432 574 464 600 ad
489 574 678 608 imperatorem
693 572 847 608 “usque
868 572 984 600 fuissent

188 621 332 654 pet'trncti,
360 620 427 647 nihil
454 620 516 647 inde
544 624 632 646 tamen
654 626 687 646 ex
705 619 796 646 animo
819 619 864 646 ille
884 626 982 646 conse-

188 672 271 694 cutus
291 671 342 694 est.
371 665 432 701 Ipso
456 666 555 701 quippe
581 666 782 698 animadverso,
803 665 896 693 statim
915 665 984 701 fuga:

192 722 223 741 se
241 714 352 740 dedere.
380 712 442 740 Mox
460 712 579 748 adiuncti
604 712 800 747 quinquaginta
828 712 888 739 aliis
917 712 983 739 sub-

189 760 379 795 sequentibus,
407 766 523 786 numero
551 758 668 790 confisi,
700 759 844 786 consilium
872 759 983 793 capiunt

189 807 353 843 opperinndi
372 806 556 841 imperatoris.
575 806 634 838 Ille,
651 805 701 833 etsi
719 806 834 833 comites
854 810 882 832 ut
898 805 983 840 pluri-

191 862 265 880 mum
293 853 400 880 facinus
419 853 607 887 improbarent
623 859 707 887 seque
730 852 864 879 tliclarent
886 851 982 886 procul

189 904 310 927 semotos
328 900 362 926 ab
380 899 517 931 exercitu,
534 903 623 925 tamen
643 898 712 925 laxis
732 898 856 930 habenis,
873 905 906 925 nc
920 901 982 924 tan-

191 946 276 974 tillum
304 945 415 980 quidem
447 951 588 977 moratus,
621 944 784 979 insequitur.
816 943 980 978 Aliquandiu

188 992 300 1026 quidem
318 991 399 1019 etiam
419 991 622 1018 sebastocrator
640 989 690 1024 ipsi
709 989 803 1018 aderat
816 994 905 1017 etuna
918 997 981 1017 cum

188 1046 222 1066 eo
247 1038 382 1073 fugientes
410 1037 502 1065 hostes
539 1044 610 1071 equo
630 1041 724 1064 vectus
738 1037 911 1072 sequebatur.
929 1035 981 1063 Ubi

182 1092 254 1113 vero
273 1084 387 1119 fatigato
401 1083 456 1118 jam
472 1090 543 1117 equo
557 1090 670 1118 pergere
682 1082 796 1110 ulterius
812 1090 867 1109 non
881 1087 980 1117 potest,

189 1131 362 1166 despondens
389 1130 510 1157 animum
538 1129 680 1164 soluteque
708 1128 909 1164 quodammodo
933 1129 981 1156 de-

188 1182 309 1214 sperata,
328 1177 442 1203 fratrem
460 1176 599 1207 obsecrat,
620 1175 767 1209 uxorisque
783 1182 814 1202 ac
832 1174 979 1202 liberarunt

187 1230 281 1250 curam
309 1222 409 1249 habeat
437 1220 571 1248 hortatur.
589 1220 624 1247 At
640 1220 684 1248 ille
709 1227 876 1248 succensens
902 1219 980 1247 fratri

183 1269 412 1304 exprobransque
431 1272 531 1295 metum
549 1275 556 1294 :
575 1275 584 1293 ι
601 1266 715 1300 Frater,
744 1266 853 1301 inquit,
875 1266 980 1294 charis-

187 1315 269 1347 sime,
289 1322 368 1342 mene
381 1313 445 1342 dum
469 1317 610 1348 superstes
633 1313 670 1340 sis
688 1312 841 1340 cxistimam
856 1313 906 1341 sub
925 1320 981 1340 ma-

189 1363 270 1390 nibus
299 1366 324 1389 te
347 1361 469 1389 hostium
496 1360 678 1387 relicturum?
696 1359 770 1392 noli,
794 1367 897 1394 quaeso,
924 1363 979 1386 tam

187 1409 300 1443 indigne
315 1407 350 1435 de
366 1415 410 1436 me
425 1411 472 1434 aut
487 1406 602 1440 sentire,
626 1410 672 1434 aut
687 1406 770 1441 loqui.
791 1415 801 1432 ι
827 1406 895 1433 Tum
910 1405 954 1434 ille
970 1414 978 1434 :

190 1466 199 1482 ι
214 1455 292 1484 Mane
313 1454 407 1490 igitur,
421 1454 469 1486 aitI
499 1454 586 1481 donec
609 1448 698 1480 tecum
724 1451 862 1480 Barbaros
883 1460 980 1488 aggre-

188 1502 258 1530 diar.
278 1510 287 1527 »
306 1501 458 1536 Imperator
473 1504 564 1527 autem
581 1508 587 1526 :
605 1508 615 1526 ι
636 1499 701 1526 Post
718 1498 815 1526 initum
835 1499 957 1534 praelium
969 1518 977 1532 ,

1037 248 1215 283 εὐζωνότεροι
1254 248 1330 280 δντες
1359 248 1512 284 ἀποδρᾶναι
1537 248 1677 284 δυνηθεῖεν
1709 248 1749 285 (οὐ
1777 249 1834 286 γὰρ

1036 292 1110 330 εῖχεν
1123 295 1155 322 ἐκ
1168 295 1216 322 τοῦ
1230 295 1324 330 σχεδὸν
1337 295 1429 322 αὐτῶν
1449 294 1679 322 καθιππάσασθαι
1694 296 1833 332 ἀπωτέρω

1037 342 1078 369 ἔτι
1090 341 1200 377 ἑστώς),
1222 343 1313 370 τοιάδε
1331 342 1393 370 τινὰ
1412 342 1525 370 ἐνενόει.
1557 342 1685 369 Ἐκέλευε
1698 342 1745 370 τὸν
1759 343 1834 369 Που-

1036 390 1129 424 πάκην
1141 389 1257 424 ἔγγιστα
1269 389 1360 416 αὐτῶν
1375 388 1518 423 γεγονότα,
1533 388 1643 415 ἐπειδὰν
1663 389 1833 424 προσιόντων

1035 436 1169 467 αἴσθοιτο,
1197 435 1309 470 φεύγειν
1329 435 1445 470 δυνάμει
1464 436 1497 470 τῇ
1519 434 1593 470 πάσῃ
1617 434 1670 466 ἓως
1698 434 1749 470 ἤδη
1767 434 1834 469 παρ’

1035 482 1119 510 αὑτὸν
1151 482 1268 517 γένοιτο,
1302 483 1331 509 '0
1360 482 1410 518 μὲν
1440 479 1488 509 οὖν
1516 481 1588 508 κατὰ
1617 481 1649 507 τὸ
1685 480 1833 508 κελευσθὲν

1036 528 1138 560 ὲποίει,
1156 528 1218 554 ἐπεί
1237 537 1266 554 τε
1281 527 1427 554 διώκεσθαι
1443 527 1512 563 πρὸς
1531 527 1585 554 τῶν
1607 526 1760 562 Βαρδάρων
1780 527 1833 562 ἧρ-

1035 574 1100 608 ξατο
1126 575 1186 610 ἤδη,
1218 575 1318 609 ἔφευγε
1346 575 1459 602 λοιπόν·
1487 575 1517 601 οὐ
1535 576 1629 609 μέντοι
1656 575 1833 602 παντάπασιν

1034 620 1179 656 κατετάχει
1191 620 1236 648 τὸν
1251 621 1362 657 δρόμον.
1376 621 1419 648 ἀεὶ
1434 621 1462 648 δὲ
1477 621 1574 647 ἐλπίδα
1589 620 1636 647 τοῦ
1649 621 1832 657 καταληφθή-

1035 667 1131 694 σεσθαι
1148 667 1241 702 σφίσιν
1255 667 1482 702 ὲμπαρεχόμενος
1497 666 1595 694 ἔλαθεν
1604 666 1691 698 οὕτως
1703 664 1768 703 ἄχρι
1780 667 1833 694 καὶ

1034 714 1075 745 εὶς
1095 713 1208 748 βασιλέα
1222 713 1334 742 τούτους
1349 713 1596 749 παρελκυσάμενος
1608 721 1615 728 ·
1629 714 1660 741 οὒ
1691 713 1745 750 μὴν
1767 714 1832 741 οὐδὲ

1034 759 1072 791 ὡς
1088 759 1136 786 τοῦ
1148 759 1218 786 κατά
1247 760 1349 786 σκοπὸν
1367 759 1494 794 βασιλεὺς
1512 759 1618 795 ἔτυχεν.
1645 759 1756 796 Ἐπειδὴ
1775 760 1832 796 γὰρ

1034 806 1116 834 αὑτὸν
1123 804 1195 833 εἶδον
1207 806 1330 842 θᾶττονῆ
1341 807 1419 841 λόγος
1430 807 1651 842 ὲξιππασάμενοι
1661 806 1777 842 ᾤχοντο·
1791 806 1833 839 ὡς

1033 853 1063 879 δὲ
1076 854 1247 888 πεντήκοντα
1257 853 1362 888 ἑτέροις
1375 853 1490 880 κατόπιν
1500 853 1590 880 αὐτῶν
1602 852 1672 880 ίοῦσι
1685 853 1830 888 συνῆλθον,

1032 899 1072 934 τῷ
1093 898 1191 935 πλήθει
1216 899 1405 935 θαρσήσαντες
1418 899 1576 934 ἐλογίζοντο
1590 899 1641 935 ἤδη
1656 899 1693 931 ὡς
1711 900 1830 926 ἐπιόντα

1032 945 1127 972 τοῦτον
1139 945 1367 980 ὑποστησόμενοι.
1387 946 1415 972 Ὀ
1429 946 1457 973 δὲ
1469 947 1559 973 καίτοι
1574 946 1660 973 πολλά
1677 946 1734 972 τῶν
1757 946 1831 981 ἀμφ’

1033 990 1118 1017 αὑτὸν
1132 991 1184 1018 οὐκ
1211 992 1396 1018 ἐπαινούντων
1417 992 1448 1018 τὸ
1468 992 1624 1028 ἐγχείρημα
1645 992 1746 1026 (πολλῷ
1772 993 1832 1026 γὰρ

1034 1037 1156 1071 ἔφασκον
1171 1038 1222 1073 ἤδη
1243 1037 1344 1064 ἄποθεν
1367 1037 1414 1064 τοῦ
1432 1038 1634 1074 στρατεύματος
1660 1038 1758 1070 αὐτοὺς
1780 1045 1831 1071 γε-

1034 1083 1191 1118 γενῆσθαι),
1209 1084 1281 1116 ὅλοις
1294 1085 1369 1120 ὅμως
1379 1084 1512 1119 ῥυτῆρσιν
1526 1085 1640 1112 ἐδίωκεν
1650 1085 1747 1111 οὐδένα
1763 1093 1831 1111 και-

1033 1129 1080 1163 ρον
1109 1129 1207 1160 ἀνιείς.
1229 1129 1320 1165 Μέχρι
1346 1130 1396 1164 μὲν
1414 1128 1461 1157 οὖν
1492 1139 1564 1162 τινος
1583 1130 1732 1166 συμπαρῆν
1751 1129 1830 1165 αὐτῷ

1032 1175 1079 1201 καὶ
1091 1176 1104 1202 ό
1119 1175 1352 1211 σεϐαστοκρὰτωρ
1368 1177 1415 1202 καὶ
1426 1175 1612 1209 συνιππάζετο
1625 1185 1633 1192 ·
1658 1177 1721 1203 ἐπεὶ
1737 1176 1765 1203 δὲ
1776 1175 1829 1203 τοῦ

1033 1221 1119 1249 ἵππου
1138 1221 1190 1257 ἤδη
1213 1221 1298 1248 αὑτοῦ
1327 1223 1502 1259 κεκμηκότος
1528 1223 1620 1250 οὐκέτι
1650 1223 1830 1259 προσώτερον

1031 1268 1132 1303 χωρεῖν
1154 1268 1280 1303 ἠδύνατο,
1312 1269 1394 1301 αὐτὸς
1416 1270 1466 1304 μὲν
1485 1269 1568 1297 αὑτοῦ
1598 1278 1649 1296 που
1673 1269 1828 1302 ἐλέλειπτο,

1031 1315 1081 1349 τήν
1096 1323 1125 1341 τε
1141 1315 1282 1350 σωτηρίαν
1303 1315 1353 1351 ἤδη
1370 1316 1508 1350 ἀπογνοὺς
1531 1315 1617 1342 πολλὰ
1638 1316 1685 1342 τὸν
1708 1315 1829 1350 ἀδελφὸν

1031 1361 1184 1397 παρεκάλει
1199 1362 1330 1396 γυναικός
1344 1370 1373 1388 τε
1391 1362 1438 1388 καὶ
1453 1361 1556 1389 παίδων
1567 1362 1632 1397 περὶ
1643 1362 1698 1389 τῶν
1712 1363 1828 1390 ἑαυτοῦ.

1037 1407 1066 1435 '0
1079 1407 1107 1434 δὲ
1120 1407 1195 1444 αὐτῷ
1211 1407 1261 1443 μὲν
1275 1408 1395 1444 ἐπετίμα
1414 1410 1461 1436 καὶ
1484 1408 1533 1444 τὴν
1547 1408 1696 1444 ὀλιγωρίαν
1717 1408 1828 1435 ὠνείδι-

1030 1454 1088 1487 ζεν¹
1105 1452 1197 1488 (Εῐτα,
1209 1455 1307 1490 λέγων,
1318 1453 1340 1483 ὧ
1349 1455 1460 1490 φίλτατε
1473 1456 1582 1491 ἀδελφὲ,
1593 1455 1682 1488 ζῶντά
1696 1464 1730 1491 με
1745 1455 1828 1482 ὑπαί-

1029 1500 1120 1536 ληφας
1134 1501 1186 1528 ὑπὸ
1199 1503 1260 1534 ταῖς
1274 1501 1330 1529 τῶν
1345 1502 1484 1538 πολεμίων
1502 1511 1531 1529 σε
1544 1502 1698 1529 λελοιπέναι
1721 1503 1805 1538 χερσί
1818 1511 1826 1536 ;

187 1548 287 1584 inquit,
305 1554 387 1583 quam
402 1546 457 1574 cito
476 1545 549 1574 Deus
569 1545 677 1574 dederit
691 1545 724 1574 ad
740 1550 766 1574 te
781 1545 883 1573 redibo.
899 1545 977 1573 Nunc

1030 1548 1077 1583 Μὴ
1096 1547 1128 1575 σύ
1142 1555 1186 1583 γε·
1204 1548 1242 1584 μὴ
1255 1548 1343 1581 οὕτως
1353 1549 1470 1583 ἀναξίως
1485 1550 1583 1577 ἑαυτοῦ
1608 1550 1655 1576 καὶ
1670 1550 1763 1586 φρόνει
1774 1550 1828 1577 καὶ

186 1598 296 1632 quidem
323 1595 376 1623 alia
405 1594 497 1622 animo
523 1593 716 1626 obversantur,
741 1600 773 1621 ac
800 1592 894 1621 nescio
918 1599 979 1626 quae

187 1643 311 1678 praeclari
329 1641 482 1676 cuiuspiam
502 1639 600 1668 edendi
623 1639 753 1667 facinoris
781 1645 824 1666 me
851 1642 924 1666 tenet
947 1638 979 1665 li-

189 1690 289 1719 bido.r
322 1688 370 1716 llis
399 1688 514 1715 fratrem
543 1686 682 1714 allocutus
710 1685 792 1713 irruit
819 1684 846 1712 in
874 1685 977 1713 hostes.

187 1738 276 1772 Atque
293 1736 339 1764 ille
357 1739 414 1763 tum
431 1742 511 1763 casus
527 1732 686 1769 imperatori
705 1732 816 1760 obvenit
831 1741 838 1759 :
851 1732 897 1768 qni
913 1739 978 1759 vero

186 1785 215 1812 in
240 1783 357 1815 insidiis,
376 1782 414 1809 uti
433 1779 658 1812 memoravimus,
677 1778 757 1814 positi
778 1783 865 1812 erant,
881 1785 978 1812 quem-

185 1832 248 1858 dam
268 1837 284 1858 e
311 1829 483 1864 magnatibus
510 1826 665 1855 Cotettzcm
694 1825 804 1853 nomine
831 1824 976 1852 confestim

185 1878 298 1905 mittunt
314 1876 368 1911 5o
383 1875 430 1911 qui
446 1873 635 1902 sciscitaretur
649 1880 730 1907 quem
747 1871 849 1899 exitum
867 1871 977 1898 habuis-

180 1929 247 1952 sent
262 1924 296 1951 ab
313 1924 478 1957 imperatore
493 1923 607 1947 tentata.
622 1917 724 1946 Verum
743 1919 814 1946 hunc
829 1918 976 1952 imperator

182 1971 218 1998 ad
237 1977 284 1997 eos
302 1976 398 1996 rursus
415 1967 541 1998 miSsum,
567 1972 649 2000 quam
666 1965 721 1992 cito
742 1963 824 2000 jussit
844 1963 976 1997 celerare.

183 2017 398 2050 Praetergressus
419 2013 465 2041 ille
492 2011 664 2047 adiacentem
690 2010 807 2044 collem,
833 2010 929 2038 incidit
949 2010 976 2038 in

183 2070 280 2098 agtnen
305 2061 445 2089 Persicum
466 2058 582 2087 militum
607 2061 828 2094 quingentorum,
854 2058 927 2093 quod
960 2064 976 2086 a

184 2114 260 2145 tergo
269 2109 338 2136 haud
353 2107 448 2143 procul
461 2114 524 2135 cum
538 2105 667 2134 universa
687 2105 746 2133 acie
759 2104 977 2140 subsequebatur

172 2158 323 2184 ,sultauus.
351 2154 407 2183 Hos
434 2159 464 2182 ut
488 2153 569 2187 vidit,
597 2153 702 2181 directa
729 2152 821 2180 statim
842 2152 920 2179 hasta
947 2152 975 2179 in

173 2203 279 2231 ‘hosles
297 2202 352 2229 ruit
367 2200 514 2236 pluresque
531 2199 641 2227 fortiter
655 2198 811 2227 dimicando
828 2198 855 2225 in
873 2203 974 2226 terram

170 2248 343 2284 prosternit.
371 2246 490 2274 Tantum
512 2246 624 2274 facinus
651 2245 780 2273 admirati
807 2244 855 2278 illi,
882 2244 974 2272 nescio

170 2302 237 2330 vquo
258 2300 370 2329 stupore
390 2293 516 2329 .perculsi
545 2295 619 2321 sunt.
645 2291 751 2320 Interea
770 2291 835 2319 dum
854 2291 910 2319 haec
925 2298 974 2326 ge—

171 2347 292 2374 -runtur,
315 2340 371 2376 jam
397 2347 482 2374 prope
510 2339 750 2374 conspiciebantur
779 2337 873 2365 accita:
893 2337 974 2372 juSsu

182 2387 356 2423 imperatoris
370 2387 568 2418 Romanorum,
586 2392 646 2420 quae
661 2384 810 2417 latuerant,
828 2388 858 2412 ut
871 2385 974 2412 dictum

182 2439 243 2467 est,
273 2434 300 2460 in
317 2432 434 2465 insidiis,
452 2431 554 2466 capias,
580 2437 647 2465 quas
672 2435 816 2465 postquam
832 2432 974 2457 advertere

171 2478 272 2507 LPcrsat
294 2482 399 2514 partem
423 2476 560 2504 exercitus
576 2475 732 2511 imperatori
751 2475 778 2502 in
804 2479 908 2509 tergum
922 2474 974 2502 im-

181 2525 293 2552 mittunt
304 2530 419 2558 eamque
432 2528 461 2549 ut
472 2522 651 2549 adventantes
665 2519 801 2548 Romanos
815 2519 973 2554 prohiberet

177 2571 285 2606 jube_.t.
300 2569 359 2598 Jam
374 2569 447 2596 enim
465 2568 536 2595 intra
556 2567 624 2595 retia
637 2566 797 2594 conclusum
814 2566 889 2593 illum
913 2572 972 2593 esse

179 2616 394 2644 arbitrabantur.
411 2615 477 2642 Dum
494 2622 558 2642 suas
572 2614 612 2642 sic
628 2617 795 2648 componunt
818 2613 901 2646 acies,
919 2612 972 2639 im-

179 2668 288 2700 perator
315 2662 410 2690 defixae
443 2662 470 2689 in
490 2666 590 2689 terram
619 2662 702 2689 hasta}
727 2659 848 2690 innixus.
872 2659 918 2686 dat
943 2659 970 2686 in

180 2709 315 2737 mandatis
336 2709 462 2744 Pupacrc,
481 2709 527 2743 qui
544 2713 601 2736 tum
620 2708 671 2743 ipsi
686 2707 792 2739 aderat.
811 2711 840 2733 ut
861 2710 972 2734 curaret

179 2756 293 2789 sedulo,
325 2764 359 2783 ne
386 2756 524 2783 Romanos
554 2763 569 2783 a
595 2755 720 2790 proximo
748 2755 818 2782 colle
844 2758 971 2780 arcerent

178 2801 268 2829 Persae
285 2811 292 2829 :
312 2801 347 2828 ita
365 2802 465 2836 quippe
482 2801 551 2833 fore,
569 2807 598 2829 ut
617 2801 707 2828 omnis
733 2800 784 2828 sibi
803 2799 969 2827 interclude-

177 2852 254 2876 retur
267 2847 367 2875 exitus.
385 2847 439 2875 Sed
452 2847 523 2875 enim
539 2847 663 2882 Pupaces
679 2847 822 2875 consilium
837 2853 969 2881 respuens

175 2895 350 2931 imperatoris
365 2903 373 2924 ς
389 2905 399 2922 ι
416 2894 526 2929 Desine,
538 2894 636 2930 inquit,
650 2894 762 2929 desine;
779 2901 868 2923 nonne
881 2894 968 2928 vides,

1031 1594 1106 1629 λέγε.
1122 1604 1131 1621 r
1150 1595 1203 1622 Τοῦ
1219 1595 1252 1630 δ’,
1267 1606 1277 1622 ι
1296 1596 1377 1623 ’Λλλὰ
1392 1597 1444 1623 κᾶν
1458 1598 1549 1632 μεῖνον
1565 1596 1631 1632 γοῦν
1645 1597 1682 1628 ὡς
1708 1597 1828 1632 συνέψο-

1031 1641 1081 1677 μαί
1093 1650 1134 1669 σοι
1148 1642 1198 1678 τὴν
1207 1643 1253 1669 ἐπὶ
1268 1645 1332 1675 τοὺς
1343 1643 1504 1679 Βαρσάρους
1523 1643 1615 1677 ίόντι,ι
1629 1643 1826 1679 προστιθέντος

1029 1690 1086 1721 τοῖς
1102 1688 1204 1723 λόγοις,
1220 1698 1230 1715 ι
1243 1689 1320 1717 Μετά
1331 1690 1380 1725 τὴν
1395 1690 1568 1725 συμπλοκὴν,
1584 1700 1594 1716 ι
1616 1690 1680 1726 ἔφη,
1700 1699 1709 1716 ι
1724 1690 1826 1718 θᾶττον

1028 1733 1063 1768 ἣν
1082 1733 1146 1769 διδῷ
1175 1733 1251 1767 Θεὸς,
1268 1735 1315 1761 ἐπὶ
1335 1735 1365 1761 σὲ
1379 1735 1452 1770 ῆξωο
1468 1735 1506 1766 ὡς
1519 1734 1568 1762 νῦν
1587 1743 1619 1769 γε
1633 1732 1825 1771 πρδςλέτέροις

1005 1772 1017 1781 ί
1029 1779 1075 1807 τὸν
1089 1780 1152 1807 νοῦν
1167 1780 1232 1815 ἔχω,
1246 1781 1293 1808 καί
1310 1790 1344 1816 με
1363 1783 1379 1816 ἡ
1398 1781 1446 1809 τοῦ
1462 1781 1709 1818 ἀνδραγαθίζεσθαι
1725 1783 1826 1810 ὲπιθυο

1030 1826 1080 1861 μία
1105 1826 1200 1859 δεινῶς
1232 1828 1277 1862 ἐφ’
1311 1829 1413 1864 ἑαυτὴν
1439 1828 1524 1856 ἕλκει.
1541 1838 1550 1855 ι
1577 1829 1661 1856 Ταῦτ’
1678 1829 1764 1857 είπὼν
1781 1830 1825 1866 τῷ

1029 1872 1137 1908 ἀδελφῷ
1155 1873 1202 1909 τὴν
1221 1874 1267 1900 ἐπὶ
1280 1874 1343 1905 τοὺς
1357 1875 1505 1910 πολεμίους
1516 1875 1643 1911 ἧλαυνεν.
1656 1875 1711 1902 Καὶ
1722 1875 1756 1902 τὰ
1769 1877 1824 1910 μὲν

1030 1919 1102 1945 κατὰ
1111 1919 1157 1946 τὸν
1175 1919 1288 1954 βασιλέα
1299 1920 1363 1956 τῇδε
1378 1920 1508 1956 ἐφέροντο
1519 1928 1527 1935 ·
1556 1921 1582 1948 oi
1597 1920 1620 1948 δ’
1629 1921 1676 1948 ἐπὶ
1698 1921 1752 1948 τῶν
1773 1921 1823 1948 λό-

1029 1972 1096 1999 χων,
1111 1963 1238 2000 καθάπερ
1272 1965 1392 2000 είρηται,
1405 1966 1569 2001 τεταγμένοι
1594 1966 1649 1994 τῶν
1667 1966 1715 1994 ἐπὶ
1739 1967 1822 2003 δόξης

1027 2009 1088 2037 τινὰ
1095 2009 1239 2046 ἐπίκλησιν
1246 2010 1402 2047 Κοτέρτζην
1410 2011 1463 2047 ὅπη
1476 2011 1541 2038 ποτὲ
1549 2011 1635 2047 τύχης
1647 2011 1710 2048 ἔσχε
1719 2011 1821 2048 [P.28]

1027 2055 1064 2083 τὰ
1086 2055 1158 2084 κατά
1166 2056 1213 2083 τὸν
1228 2056 1343 2092 βασιλέα
1357 2057 1456 2093 μαθεῖν
1471 2059 1573 2094 σπουδῇ
1590 2058 1728 2094 ἔπεμψαν.
1746 2059 1821 2087 Ἀλλ’

1027 2101 1110 2129 αὐτὸν
1137 2102 1187 2137 μὲν
1211 2101 1340 2138 βασιλεὺς
1368 2100 1449 2135 αὖθις
1478 2104 1522 2130 ἐπ’
1548 2104 1672 2136 ἐκείνους
1695 2104 1822 2139 ἔπεμψεν

1027 2147 1107 2182 ἥκειν
1139 2148 1188 2184 τὴν
1211 2149 1344 2185 ταχίστην
1376 2149 1509 2182 κελεύσας
1526 2150 1636 2182 αὐτούς.
1665 2150 1693 2177 '0
1712 2150 1740 2177 δὲ
1755 2151 1820 2186 ἄρτι

1029 2193 1123 2229 βουνόν
1151 2203 1213 2222 τινα
1241 2194 1448 2231 παρακείμενον
1472 2196 1585 2223 διελθὼν
1612 2196 1665 2230 ὅλῳ
1690 2197 1820 2233 Περσικῷ

1027 2240 1188 2276 ἐντυγχάνει
1212 2240 1400 2276 στρατεύματι
1429 2241 1458 2274 ἐς
1480 2242 1677 2273 πεντακοσίους
1697 2242 1820 2276 μάλιστα.

1028 2286 1226 2322 ξυνισταμένῳ,
1250 2283 1281 2313 οὗ
1308 2288 1424 2314 κατόπιν
1451 2288 1481 2314 οὺ
1512 2287 1604 2322 πολλῷ
1627 2288 1728 2315 ἄποθεν
1746 2296 1819 2315 παν-

1027 2333 1124 2369 στρατὶ
1139 2334 1154 2359 ὁ
1171 2333 1285 2360 σουλτάν
1309 2334 1558 2370 ἑπορεύετολἋμα
1579 2343 1610 2362 τε
1629 2332 1676 2361 οὖν
1700 2331 1755 2362 εἶδε
1769 2335 1819 2361 καὶ

1025 2379 1084 2415 ἀμα
1103 2379 1133 2406 τδ
1161 2380 1226 2416 δόρυ
1255 2379 1347 2412 ῑθύνας
1370 2380 1431 2407 κατ’
1457 2381 1547 2407 αὐτῶν
1570 2380 1626 2407 ἵετο
1655 2379 1769 2410 πολλούς
1787 2388 1817 2406 τι

1024 2425 1170 2461 δορατίσας
1185 2426 1234 2459 είς,
1245 2426 1297 2461 γῆν
1308 2426 1429 2454 ἔϐαλλεν.
1446 2427 1477 2454 οι
1491 2427 1519 2453 δὲ
1534 2427 1630 2462 ὥσπερ
1640 2427 1679 2458 είς
1695 2426 1817 2460 ἀφασίαν

1024 2473 1252 2508 ἐμπεπτωκότες,
1270 2473 1425 2509 ἑστήκεσαν
1448 2473 1645 2509 ἀτρεμοῦντες.
1682 2473 1727 2499 Ἐν
1748 2469 1771 2506 ᾧ
1787 2473 1816 2499 δὲ

1023 2518 1111 2546 ταῦτα
1133 2519 1239 2553 ἐγίνετο
1254 2519 1400 2555 Ῥωμαίων
1415 2519 1546 2555 δυνάμεις
1567 2520 1594 2546 at
1614 2518 1665 2550 τὰς
1690 2518 1814 2553 ἐνέδρας,

1024 2566 1150 2603 καθάπερ
1157 2566 1276 2603 εἴρηται,
1289 2565 1499 2602 συμπληροῦσαι
1507 2566 1590 2600 ἔγγὺς
1601 2564 1814 2600 παρεφάνησαν,

1024 2613 1157 2648 βασιλέως
1172 2613 1402 2648 αὑτὰς,καθάπερ
1418 2612 1539 2649 εἴρηται,
1548 2611 1814 2647 μεταπεμψαμένου·

1022 2659 1036 2685 ὃ
1052 2660 1271 2696 συμβαλλόμενοι
1299 2660 1416 2694 Πέρσαι,
1431 2660 1517 2695 μέρος
1545 2659 1747 2695 ἀποτεμόμενοι
1764 2660 1815 2694 τῆς

1023 2707 1164 2741 στρατιᾶς,
1181 2706 1253 2733 κατὰ
1282 2707 1368 2733 νώτου
1395 2707 1482 2741 τούτῳ
1508 2705 1656 2740 γεγονότας
1688 2705 1815 2732 ἐκέλευον

1022 2753 1149 2788 ἐμποδὼν
1172 2753 1319 2788 Ῥωμαίοις
1334 2752 1458 2779 ἐπιοῦσιν
1480 2752 1619 2780 ἵστασθαι.
1637 2753 1732 2788 ᾯοντο
1759 2753 1814 2787 γὰρ

1021 2800 1073 2836 ήδη
1084 2799 1195 2835 ἀρκύων
1211 2799 1286 2832 ὲντδς
1303 2799 1384 2826 αὐτὸν
1407 2799 1654 2834 περιποιησάμενοι
1678 2798 1762 2834 ἔχειν.
1780 2798 1812 2825 Οί

1023 2848 1073 2883 μὲν
1089 2845 1135 2874 οὖν
1150 2847 1222 2874 κατὰ
1236 2847 1323 2873 ταῦτα
1344 2847 1454 2873 ἐποίουν
1467 2855 1475 2862 ο
1489 2845 1503 2872 ὁ
1517 2846 1546 2873 δὲ
1562 2845 1645 2881 ὀρθίῳ
1661 2845 1700 2880 τῷ
1717 2844 1812 2880 δόρατι

1021 2893 1093 2921 κατά
1123 2893 1175 2928 γῆς
1200 2893 1378 2928 ἐρεισάμενος
1404 2892 1509 2927 ἵστατο,
1533 2892 1580 2919 τόν
1606 2900 1636 2919 τε
1662 2891 1812 2926 Πουπάκην
