1946 3083
119 138 177 170 369

735 136 1009 170 IIISTORIARUM
1032 139 1106 172 LIB.
1128 142 1169 172 II.

1709 141 1767 174 370'

124 196 293 232 (παρίστατο
308 195 362 232 γὰρ
374 195 427 231 ἤδη
455 195 557 232 τούτῳ)
568 195 678 223 ἐκέλευε
694 197 788 232 τηρεῖν
801 193 924 230 ἀκριϐῶς

978 198 1097 232 domine,
1112 203 1214 234 quanta
1229 199 1254 227 in
1268 199 1337 227 mala
1349 198 1506 235 pracipites
1521 198 1654 226 ruamus?
1669 199 1766 228 salutis

125 243 166 278 μὴ
179 243 228 270 καὶ
239 243 294 271 ἀπὸ
310 243 358 270 τοῦ
375 243 492 278 ἄγχιστα
507 243 603 279 βουνοῦ
620 242 737 277 διεῖρξαι
751 243 872 278 Πέρσαις
888 242 921 268 τὺ

130 289 291 324 Ῥωμαϊκὸν
310 289 428 324 γένοιτο,
453 290 603 316 κάντεῦθεν
626 289 803 317 παντάπασιν
822 288 921 321 ἀδιεξί-

124 344 198 371 τητα
228 335 305 371 αὐτῷ
333 335 421 363 ἔσται.
454 335 525 363 Ἀλλ’
548 337 562 363 ὁ
589 336 740 371 Πουπάκης
764 334 921 362 τούναντίον

125 382 200 418 ᾗπερ
215 382 298 415 αὐτὸς
312 382 440 409 ὲσούλετο
453 383 670 418 προφερόμενος
685 391 694 409 t
707 382 834 414 Μέθεςτὺ
847 382 919 415 λίαν,

125 429 219 463 ἔλεγε,
233 429 326 464 μέθες,
340 426 362 456 ὦ
383 429 513 456 δέσποτα.
536 430 593 465 Οὐχ
606 430 675 465 ὁρᾷς
689 426 717 456 οἷ
730 429 823 456 κακῶν
834 429 922 463 γενοί-

127 477 200 512 μεθα
215 485 223 510 ;
239 477 350 511 Μνῆσαι
366 477 398 511 δὴ
426 477 566 513 σωτηρίας
589 477 639 510 τῆς
661 476 771 504 ἑαυτοῦ.
785 486 794 503 ι
819 476 848 503 '0
871 475 922 510 μὲν

123 523 247 551 τοσαῦτα
262 523 310 551 καὶ⁹
323 523 410 550 πλείω
424 523 527 551 τούτων
535 523 630 558 εἰπὼν,
647 525 746 559 ἐπειδὴ
762 524 801 559 μὴ
815 522 921 550 πείθειν

125 566 200 605 εἶχε,
216 570 286 597 κατὰ
305 570 335 597 τὸ
358 570 505 598 κελευσθὲν
531 571 628 599 ἐποίει.
650 571 681 598 '0
699 571 727 599 δὲ
742 570 869 605 βασιλεὺς
879 567 920 604 (Οὐ

125 617 184 651 γὰρ
209 617 273 652 ὲξῆν
299 617 374 652 αὐτῷ
406 618 444 653 μὴ
478 618 540 654 οὐχὶ
578 619 627 646 σὺν
660 618 758 654 ἀτιμίᾳ
789 616 837 643 τοῦ
863 615 921 642 λοι-

125 662 182 690 ποῦ
211 663 378 698 διαδρᾶναι)
403 665 461 696 τοῖς
498 665 548 700 μὲν
579 665 738 700 λεγομένοις
766 663 922 699 προσέσχεν

124 709 258 745 οὐδαμοῦ,
290 710 344 737 τῶν
376 711 406 738 δὲ
425 711 565 746 πολεμίων
583 710 663 743 αὖθις
690 709 922 744 καθιππευσάμε-

124 763 173 786 νος
199 755 246 782 καὶ
282 756 371 782 αὐτῶν
392 756 441 783 ἕνα
461 757 585 790 κτείνας,
614 757 679 788 τοὺς
711 757 824 788 λοιποὺς
856 766 921 784 συν-

126 803 273 838 ετάραξεν,
301 803 395 835 ἀδείας
420 812 450 830 τε
477 803 549 831 οὕτω
579 804 730 840 λαϐόμενος
759 805 808 832 ἐπί
824 814 849 832 τι
867 806 920 841 γή-

127 850 213 884 λοφον
229 849 312 878 ἀνιὼν
343 849 421 886 ἔστη,
446 850 511 878 ἔνθα
539 850 670 887 Ῥωμαῖοι
698 851 774 879 ἄλλοι
797 861 827 879 τε
846 852 960 896 αὺτῷΒ

128 897 302 932 συνέστησαν
323 897 371 924 καὶ
395 897 448 933 πρό
469 906 500 931 γε
522 897 631 924 πάντων
659 897 796 933 Ἰωάννης,
821 897 851 924 ὃν
871 897 920 925 ἅτε

128 943 290 979 ἀδελφιδοῦν
317 943 392 980 αὑτῷ
418 944 483 971 ὄντα
511 944 542 976 ἐς
556 944 586 971 τδ
603 944 658 971 τῶν
681 944 920 980 πρωτοσεϐάστων

128 991 240 1028 χρόνοις
254 991 368 1027 ὕστερον
384 992 560 1026 ἀνεγράψατο
583 991 703 1026 ἀξίωμα.
735 990 766 1017 '0
796 991 847 1026 μὲν
873 987 921 1017 οὖν

129 1040 259 1075 βασιλεὺς
287 1039 384 1067 τοῦτον
414 1039 461 1066 τὸν
487 1039 590 1075 τρόπον
621 1038 787 1074 περισωθεὶς
815 1037 922 1065 ἐκεῖθεν

127 1086 329 1121 ἀπηλλάττετο,
346 1085 485 1122 ίδροῦντος
499 1085 573 1120 αὐτῷ
590 1085 689 1121 κομιδῇ
707 1085 755 1112 τοῦ
772 1085 857 1112 ἵππου
873 1086 922 1112 καὶ

128 1133 226 1164 δεινῶς
250 1133 458 1165 πνευστιῶντας.
493 1133 523 1158 '0
549 1131 579 1159 δέ
600 1132 761 1168 δομέστικος
795 1132 923 1167 Ἰωάννης

128 1182 178 1206 τοῦ
199 1179 330 1215 βασιλέως
348 1180 388 1206 ἔτι
404 1180 460 1212 τοῖς
473 1179 614 1214 πολεμίοις
625 1178 833 1214 ἐμπλεκομένου
842 1178 922 1206 κατό-

129 1234 180 1253 πιν
196 1225 383 1260 ἀπολειφθεὶς,
405 1226 500 1258 δείσας
517 1225 555 1261 μὴ
576 1225 631 1253 τῶν
658 1225 797 1260 πολεμίων
827 1224 922 1252 ἄλλοτε

129 1272 220 1300 ἄλλων
242 1272 287 1300 ἀεὶ
312 1273 384 1299 κατὰ
407 1272 570 1308 συστήματα
594 1272 801 1308 ἐκφαινομένων
819 1272 924 1307 ἕρημος

131 1319 261 1354 βοηθείας
275 1319 313 1346 ὢν
329 1319 381 1347 ὑπὸ
396 1321 474 1356 χερσὶ
491 1320 598 1355 γένοιτο
612 1321 673 1351 ταῖς
690 1320 791 1353 αὐτῶν,
807 1319 924 1355 σκήψεις

129 1366 182 1401 οὺχ
198 1366 286 1400 ὑγιεῖς
300 1375 376 1398 τινας
391 1366 437 1394 ἐπὶ
453 1366 620 1403 ξυμφέροντι
641 1367 679 1402 τῷ
690 1367 774 1394 αὐτοῦ
787 1367 925 1394 ἀνέπλατ-

129 1421 173 1445 τε,
197 1414 311 1447 φάσκων
325 1413 444 1448 μάλιστα
458 1413 496 1445 ὡς
507 1413 653 1449 ἐπίκαιρον
678 1411 749 1441 εῖναι
767 1413 813 1440 τὸν
834 1413 924 1449 χῶρον

129 1456 163 1485 οὗ
179 1459 212 1496 δὴ
227 1460 310 1493 αὐτὸς
331 1459 418 1492 ἑστὼς
438 1460 528 1496 ἔτυχε,
548 1460 596 1487 καὶ
618 1460 675 1487 δεῖν
697 1460 798 1492 αὐτοὺς
818 1459 925 1495 βασιλεῖ

131 1507 298 1542 κατάντημα
316 1506 498 1542 ποιουμένους
509 1506 628 1534 ἐνταῦθα
647 1506 747 1541 μᾶλλον
765 1506 922 1542 ἠθροῖσθαι.

132 1553 252 1586 Πολλοὺς
279 1551 327 1581 οὖν
356 1553 411 1580 τῶν
435 1554 464 1585 ὲς
483 1553 594 1589 βασιλέα
610 1554 643 1580 ἐκ
659 1552 706 1579 τοῦ
728 1553 923 1589 στρατοπέδου,

130 1600 261 1635 καθάπερ
276 1599 394 1636 εἴρηται,
412 1600 507 1627 ίόντων
521 1600 608 1635 τούτῳ
623 1599 663 1634 τῷ
677 1601 771 1636 τρόπῳ
784 1599 850 1635 παρ’
862 1601 926 1627 ἐαυ-

130 1646 171 1681 ἰᾦ
186 1648 336 1682 κατασχεῖν
357 1647 465 1681 ῐσχυσε,
481 1646 551 1682 πρὸς
569 1646 660 1673 αὐτῶν
677 1655 706 1674 τε
718 1646 864 1678 διασωθεὶς
878 1647 927 1672 ἐπὶ

937 1543 960 1573 α

130 1692 247 1727 βασιλέα
279 1690 371 1728 ἦλθεν.
394 1693 460 1719 Ὅτε
482 1692 514 1728 δὴ
539 1692 620 1724 αὐτὸς
652 1693 781 1726 Ἰωάννης
797 1692 846 1719 καὶ
871 1693 926 1720 τῶν

130 1738 222 1765 ἄλλων
235 1738 380 1774 Ῥωμαίων
397 1738 491 1766 πολλοὶ
507 1738 646 1772 ὠνείδιζόν
662 1748 691 1766 τε
710 1740 785 1774 αὐτῷ
799 1739 849 1775 τὴν
862 1739 925 1767 τόλ-

132 1793 189 1821 μαν
205 1785 254 1812 καὶ
268 1785 299 1812 οὐ
315 1785 409 1821 πόρρω
420 1784 538 1820 θράσους
554 1783 624 1813 εῖναι
639 1785 674 1813 τὰ
691 1786 806 1813 τοιαῦτα
828 1787 926 1814 διετεί-

131 1840 222 1859 νοντο.
250 1831 330 1867 Ἐμοὶ
352 1832 380 1858 δὲ
405 1831 494 1859 ταῦτα
524 1832 750 1868 διασκοπουμένῳ
774 1833 927 1868 θαυμάζειν

131 1874 251 1907 ἔπεισιν,
266 1874 340 1905 ὅπως
356 1875 385 1901 ἐν
396 1874 472 1909 μέσῳ
488 1874 658 1909 τηλικούτων
682 1874 806 1908 γεγονότι
836 1875 928 1902 κινδύ-

129 1929 186 1947 νων
211 1920 244 1956 [P
259 1920 305 1956 29]
335 1920 395 1947 οὐδὲ
420 1920 573 1956 τετρῶσοαι
597 1920 664 1954 γοῦν
689 1921 749 1947 ούδέ
778 1921 927 1956 βεϐλῆσθαι

129 1967 243 2002 ἐκείνης
255 1968 304 2001 τῆς
323 1966 431 2002 ἡμέρας
447 1966 597 1993 συνέπεσεν
617 1967 692 2002 αὐτῷ
711 1975 720 1984 ·
744 1968 800 1994 εἴτε
825 1965 873 1995 οἷν
896 1969 927 1994 ἐκ

130 2012 178 2039 τοῦ
194 2012 279 2048 συχνὰ
295 2012 366 2040 κατὰ
382 2013 497 2039 τουτωνὶ
520 2013 575 2040 τῶν
592 2013 744 2049 Βαρϐάρων
755 2013 925 2049 ἀνδραγαθί-

131 2058 235 2085 σασθαι
253 2059 352 2093 πεῖραν
362 2059 410 2093 τῆς
426 2058 511 2085 αὑτοῦ
538 2060 749 2094 παρασχόμενος
771 2059 848 2093 σφίσι
862 2068 926 2093 γεν‹

130 2102 276 2135 ναιότητος
292 2100 442 2136 ἀπρόσιτος
454 2101 598 2136 μονονουχὶ
611 2101 720 2133 τούτοις
737 2101 859 2135 ἐγένετο,
872 2101 928 2128 εἴτε

131 2147 181 2173 καὶ
205 2146 257 2181 τῆς
291 2146 422 2177 προνοίας
451 2145 533 2173 αὑτὸν
556 2146 745 2181 περιεπούσης
755 2147 869 2182 τρόποις
887 2145 927 2180 οἷς

131 2193 205 2228 αὓτη
219 2191 376 2225 ἐπίσταται,
392 2192 482 2227 λέγειν
505 2193 555 2227 μὲν
570 2193 599 2220 οὐ
620 2194 693 2220 πάνυ
715 2192 820 2230 θαρρῶ.
841 2195 879 2222 Τό
896 2204 928 2227 γε

132 2239 190 2275 μὴν
200 2239 397 2274 πεπραγμένον
410 2239 460 2265 οὐκ
483 2240 512 2265 ἐν
522 2240 692 2271 ἐπαινετέοις
709 2240 791 2272 αὐτὸς
804 2240 927 2274 τίθεμαι.

131 2285 243 2312 Οὔκουν
266 2285 327 2312 οὐδέ
343 2285 392 2320 τὴν
413 2285 590 2320 Ἀλεξάνδρου
605 2286 708 2321 τόλμαν
719 2287 843 2313 ἐπαινεῖν
860 2287 926 2322 ἔχω,

131 2332 217 2358 ὁπότε
235 2331 273 2366 μὴ
286 2332 335 2358 σὺν
350 2331 418 2367 τύχῃ
430 2331 467 2367 (ο)
480 2331 513 2358 τὰ
527 2332 598 2360 κατὰ
608 2332 654 2358 τὸν
665 2333 750 2368 ἄνδρα
765 2332 928 2365 διεξετάζοι-

134 2386 178 2412 μι,
196 2378 221 2402 εἱ
241 2377 278 2412 μή
292 2385 335 2408 τις
351 2377 416 2412 διδῷ
431 2385 458 2403 τι
475 2377 522 2404 καὶ
534 2377 628 2412 ἡλικίᾳ
653 2378 781 2412 νεότητος
792 2386 800 2393 ο
822 2377 928 2414 ἄμαχον

132 2424 189 2459 γάρ
217 2432 244 2450 τι
271 2423 367 2459 χρῆμα
395 2424 490 2459 νεότης
522 2425 608 2457 ἐστὶν,
633 2424 706 2460 ίσχύῐ
730 2425 758 2452 δὲ
782 2425 830 2451 καὶ
848 2425 929 2461 ῥώμῃ

135 2470 359 2505 συνεργούμενον
374 2471 586 2507 δυσμαχώτερον
597 2472 714 2505 γίνεται.
747 2471 828 2498 ’Λλλὰ
841 2472 929 2499 ταῦτα

135 2517 188 2551 μέν
203 2517 242 2548 ὥς
258 2525 296 2551 πη
308 2516 384 2552 φίλον
397 2517 505 2552 ἑκάστῳ
521 2518 674 2551 φρονείσθω
688 2527 718 2545 τε
731 2519 778 2545 καὶ
794 2518 927 2553 λεγέσθω.

135 2563 272 2595 Βασιλεὺς
287 2563 316 2590 δέ
332 2564 418 2590 πολλὰ
432 2564 500 2599 πρὸς
511 2564 567 2590 τῶν
582 2565 651 2599 ἀμφ’
667 2565 760 2597 αὐτὸν,
780 2565 877 2600 ὥσπερ
891 2566 931 2592 εἵ-

137 2619 233 2646 ρηται,
245 2610 437 2645 κακιζόμενος,
456 2619 465 2636 t
481 2611 518 2637 Οὐ
531 2611 612 2646 χρεία
627 2611 832 2647 τοιούτωνὴμῖν
847 2612 876 2639 ἐν
892 2611 931 2647 τῷ

136 2659 267 2693 παρόντι,
277 2657 342 2692 ἔφη.
356 2657 513 2693 βουλευτέον
532 2659 555 2685 δ’
568 2658 606 2690 ὼς
625 2658 665 2685 ἐνι
688 2659 806 2694 μάλιστα
830 2659 868 2695 μὴ
884 2660 932 2686 καὶ

139 2704 252 2736 πλείους
275 2704 421 2740 Ῥωμαίων
437 2704 587 2732 ἀπολέσθαι
612 2705 733 2741 συμὸαίη
761 2707 790 2738 ές
819 2706 933 2742 ταυτηνὶ

975 246 1084 272 tandem
1102 245 1259 274 memineris
1279 250 1342 274 tute.
1359 255 1369 272 ι
1389 245 1452 274 llam
1467 245 1548 281 igitur
1563 244 1671 279 aliaque
1682 245 1766 272 multa

971 290 1000 317 id
1023 297 1108 326 genus
1130 290 1293 322 clamitans,
1320 295 1498 326 posteaquam
1522 290 1590 318 nihil
1611 290 1767 324 persuasit,

970 336 1047 370 jussa
1062 336 1231 372 exsequitur.
1245 336 1312 365 Cum
1330 337 1402 365 enim
1418 345 1471 365 non
1492 337 1595 372 absque
1609 335 1710 372 probro
1724 335 1766 362 lo-

972 389 1034 409 cum
1048 389 1078 410 se
1102 382 1229 410 deserere
1244 389 1324 417 posse
1337 387 1446 418 putaret
1459 382 1620 417 imperator,
1631 379 1766 415 ejusmodi

973 429 1084 457 monitis
1106 437 1201 457 aurem
1226 430 1348 465 praebere
1366 429 1463 457 noluit.
1479 428 1598 456 Rursum
1615 428 1666 464 51
1683 428 1766 464 igitur

972 475 1000 502 in
1015 476 1106 504 hostes
1121 483 1293 512 progressus,
1315 484 1370 504 uno
1382 483 1416 504 ex
1433 475 1466 503 iis
1480 476 1573 503 o'cciso
1589 475 1696 503 czeteris
1712 480 1766 502 ter-

974 529 1063 550 rorem
1080 523 1182 557 injecit.
1199 523 1295 552 Auctis
1309 523 1372 551 inde
1387 523 1487 550 animis
1502 522 1599 550 collem
1613 521 1692 557 petit,
1709 529 1764 556 quo

973 572 1001 596 et
1016 569 1060 595 alii
1072 576 1087 596 e
1099 568 1230 597 Romanis
1242 569 1410 597 conveniunt
1420 572 1447 596 et
1462 573 1527 597 ante
1537 575 1632 596 omnes
1645 567 1765 595 Joannes

974 614 1066 643 fratris
1083 615 1165 649 ﬁlius,
1181 624 1263 651 quem
1278 621 1372 651 postea
1389 613 1618 643 schastocratoris
1631 613 1766 648 dignitate

973 661 1095 688 donavit.
1113 661 1150 688 lta
1176 661 1310 689 liberatus
1335 660 1459 695 periculo
1480 659 1607 695 princeps
1630 658 1692 686 inde
1715 659 1765 686 ah-

973 708 1081 740 seessit,
1098 707 1213 735 sudante
1230 715 1285 735 non
1300 707 1436 734 modicum
1453 706 1599 741 acriusque
1617 705 1773 732 anhelante

973 759 1053 786 equo.
1079 751 1200 780 Joannes
1218 760 1285 780 vero
1301 752 1469 780 domesdcus
1494 751 1626 787 implicito
1643 751 1766 778 hostibus

974 798 1137 832 imperatore
1150 797 1264 826 relictus
1275 804 1336 833 post
1348 803 1465 833 tergum,
1478 798 1580 825 veritus
1594 805 1629 825 ne
1640 797 1773 825 hostibus

974 844 1089 871 subinde
1105 844 1242 872 turmatim
1260 845 1450 877 subeuntibus,
1471 851 1534 871 cum
1556 843 1629 871 nulla
1655 843 1771 870 adesset

975 895 1106 925 prmterea
1127 891 1222 918 auxilii
1248 898 1322 926 spes,
1347 891 1453 918 veniret
1473 892 1499 918 in
1521 898 1617 918 eorum
1643 894 1765 924 potesta-

974 941 1044 970 tem;
1063 936 1135 964 haud
1153 944 1235 964 sanos
1255 937 1281 964 in
1295 937 1337 965 his
1352 945 1442 965 rerum
1455 936 1587 972 angustiis
1601 944 1656 964 sua:
1670 936 1766 963 salutis

973 991 1057 1011 causa
1075 988 1222 1018 praetextas
1237 983 1392 1016 meditatus,
1408 983 1498 1010 locutu
1517 983 1544 1009 in
1560 989 1615 1018 quo
1635 987 1692 1009 tum
1707 985 1774 1009 erat

972 1037 1034 1057 esse
1046 1029 1154 1057 dicebat
1171 1029 1288 1057 maxime
1306 1033 1501 1064 opportunum,
1523 1035 1555 1056 ac
1575 1034 1688 1070 necesse
1704 1035 1766 1055 esse

974 1081 1003 1104 ut
1018 1076 1063 1111 qui
1081 1076 1115 1104 ad
1129 1083 1219 1111 regem
1236 1083 1266 1103 se
1281 1075 1407 1103 conferre
1418 1075 1527 1106 vellent,
1545 1081 1578 1102 eo
1592 1074 1772 1109 potissimum

973 1123 1033 1150 loco
1050 1130 1111 1151 sese
1130 1123 1301 1158 colligerent.
1318 1122 1385 1150 Cum
1411 1122 1495 1157 igitur
1524 1120 1656 1156 plurimos
1678 1128 1711 1148 ex
1732 1120 1771 1147 iis

974 1168 1022 1204 qui
1040 1176 1054 1195 a
1074 1168 1172 1196 casttis
1188 1167 1337 1203 pergebant
1361 1167 1394 1194 ad
1410 1166 1571 1201 principem,
1593 1165 1766 1198 detinuisset,

974 1222 1068 1243 eorum
1086 1221 1137 1249 ope
1153 1219 1279 1242 servatus
1290 1214 1323 1241 ad
1339 1214 1532 1248 imperatorem
1547 1212 1629 1239 venit.
1646 1211 1767 1240 Joannes

975 1264 1068 1287 autem
1084 1259 1256 1294 Romanique
1271 1258 1316 1286 alii
1340 1258 1515 1293 imperatoris
1539 1257 1705 1284 damnarunt
1719 1262 1768 1280 au-

975 1307 1092 1339 daciam,
1111 1306 1183 1340 quod
1208 1306 1241 1332 ad
1268 1304 1449 1332 temeritatem
1476 1304 1587 1338 propius
1611 1302 1778 1329 accederet..-

977 1353 1041 1382 Mihi
1056 1361 1121 1381 sane
1137 1353 1195 1380 base
1208 1352 1378 1388 percensenti
1393 1350 1486 1378 mirari
1498 1350 1579 1380 subit,
1592 1356 1644 1384 qua
1660 1347 1768 1376 ratione

976 1403 1003 1430 in
1022 1401 1121 1429 mediis
1138 1405 1263 1428 vcrsalus
1289 1399 1418 1435 periculis
1440 1404 1527 1432 neque
1541 1396 1700 1424 vulneratus
1722 1394 1774 1421 illo

977 1449 1020 1476 die
1038 1455 1126 1483 neque
1137 1447 1217 1475 laesus
1233 1446 1325 1474 fuerit.
1342 1445 1382 1472 An
1397 1452 1473 1477 vero,
1488 1443 1560 1479 quod
1576 1442 1698 1470 crebrius
1709 1448 1766 1468 rem

978 1495 1086 1523 fartilcr
1104 1494 1236 1521 adversus
1259 1492 1395 1520 Barbaros
1418 1490 1547 1526 gerendo,
1576 1487 1769 1525 generositatis

976 1550 1032 1570 suae
1050 1549 1102 1569 non
1127 1548 1212 1576 pauca
1231 1541 1362 1567 hactenus
1391 1538 1511 1565 dedissut
1535 1538 1714 1567 documenta,
1732 1535 1767 1561 ab

978 1589 1011 1616 iis
1027 1595 1198 1623 nequaquam
1216 1588 1251 1614 sit
1266 1587 1404 1621 impetitus
1422 1593 1429 1612 :
1448 1584 1490 1612 vel
1504 1583 1575 1619 quod
1592 1583 1681 1610 divina
1693 1581 1767 1608 illum

976 1634 1188 1662 circumsteterit
1202 1633 1387 1664 Providentia,
1406 1636 1547 1665 tutamque
1563 1629 1654 1662 fuerit,
1681 1628 1769 1656 modis

976 1681 1026 1715 ipsi
1051 1681 1100 1708 soli
1121 1680 1250 1714 cognitis,
1276 1686 1327 1706 non
1346 1678 1433 1705 ausim
1458 1677 1511 1712 52
1539 1677 1618 1710 plane
1642 1674 1767 1702 deﬁnire.

976 1726 1033 1762 Ego
1047 1726 1156 1761 quidem
1173 1729 1202 1752 ut
1216 1732 1385 1758 nequaquam
1399 1724 1425 1750 id
1439 1722 1520 1749 laudo
1535 1721 1653 1752 facinus,
1669 1719 1704 1746 ita
1719 1725 1775 1745 nec

976 1771 1125 1801 Alexandri
1140 1771 1331 1800 conuuendare
1352 1769 1440 1797 ausim
1463 1768 1616 1798 audaciam,
1630 1767 1652 1794 si
1666 1766 1769 1800 absque

977 1819 1089 1847 fortuna
1112 1824 1282 1852 quacunque
1304 1815 1398 1844 abillo
1422 1821 1497 1850 gesta
1517 1818 1581 1842 sunt
1600 1818 1768 1848 spectentur,

977 1865 1101 1900 nihilque
1116 1864 1198 1892 detur
1214 1863 1418 1892 adolescentiae.
1438 1862 1490 1889 [tes
1502 1861 1601 1896 quippe
1613 1860 1712 1887 invicta
1727 1863 1771 1886 est

975 1913 1104 1948 juventus
1120 1921 1128 1939 ς
1147 1917 1175 1940 et
1193 1919 1252 1947 qua:
1268 1918 1328 1938 eum
1346 1910 1450 1937 viribus
1466 1913 1492 1936 et
1505 1907 1588 1935 animi
1613 1905 1776 1933 fortitudine-

978 1959 1102 1992 fulcitur,
1120 1958 1232 1986 omnino
1250 1957 1345 1992 nequit
1359 1954 1482 1990 superari
1500 1963 1507 1981 :
1525 1954 1572 1982 sed
1588 1953 1621 1980 de
1636 1952 1678 1980 his
1691 1956 1772 1987 prout.

978 2011 1085 2038 libitum
1105 2010 1188 2037 fuerit
1212 2009 1329 2044 quisque
1350 2007 1450 2035 sentiat
1467 2006 1546 2034 velint
1572 2013 1603 2032 ac
1617 2003 1730 2033 scribat.
1748 2004 1773 2031 Α

979 2057 1035 2084 ειιίε
1058 2056 1150 2091 igitur,
1182 2061 1211 2083 ut
1237 2055 1340 2082 dictum
1367 2058 1419 2086 est,
1440 2052 1599 2088 objurgatus
1623 2051 1771 2086 princeps:

982 2112 992 2129 ε
1012 2102 1085 2130 Nihil
1107 2103 1176 2136 haec,
1194 2101 1294 2136 inquit,
1312 2101 1338 2128 in
1354 2107 1476 2135 praesens
1500 2098 1597 2133 juvant
1612 2106 1619 2125 :
1634 2097 1699 2133 quin
1722 2104 1773 2132 po-

981 2150 1035 2177 tius
1050 2150 1196 2177 videndum
1213 2148 1342 2180 maxime,
1361 2155 1396 2174 ne
1412 2147 1502 2179 plures
1521 2145 1600 2172 hodie
1614 2149 1724 2179 pereant
1739 2151 1772 2170 ex

981 2196 1096 2228 nostris,
1113 2202 1174 2222 cum
1191 2193 1268 2221 multi
1285 2193 1374 2220 adhuc
1388 2200 1403 2219 a
1419 2196 1497 2226 tergo
1513 2190 1599 2218 relicti
1622 2189 1741 2217 veniant.
1761 2197 1771 2214 ι

981 2241 1076 2276 itaque
1091 2240 1193 2276 placuit
1206 2239 1244 2266 ibi
1260 2239 1286 2266 in
1302 2238 1371 2266 valle
1385 2238 1507 2273 proxima
1527 2236 1639 2264 insidias
1658 2241 1771 2271 ponere,

982 2296 1042 2324 qua;
1065 2295 1135 2323 pone
1158 2286 1330 2314 venientibus
1353 2285 1457 2312 ferrent
1480 2291 1570 2318 opetu,
1592 2282 1656 2309 dum
1680 2281 1772 2309 cteteri

983 2334 1148 2369 pedetentim
1170 2336 1260 2360 castra
1286 2334 1452 2367 repeterent.
1476 2330 1523 2358 llis
1544 2330 1581 2357 ita
1605 2328 1773 2360 constitutis,

984 2389 1043 2408 eum
1063 2381 1156 2416 paucis
1172 2388 1205 2407 ex
1221 2379 1278 2408 suis
1294 2380 1445 2414 imperator
1456 2378 1571 2406 ulterius
1587 2375 1773 2412 progreditur.

983 2427 1110 2455 Nicolaus
1125 2434 1201 2458 vero,
1217 2425 1295 2460 cujus
1314 2432 1398 2460 supra
1419 2424 1541 2455 tuemini,
1560 2422 1660 2450 mansit
1684 2421 1711 2448 in
1727 2421 1775 2454 in.

984 2473 1060 2502 sidiis
1076 2481 1136 2501 eum
1157 2471 1265 2500 duabus
1279 2471 1450 2504 cohortibus,
1478 2471 1576 2504 quibus
1599 2476 1615 2496 a
1641 2468 1774 2503 principe,

984 2527 1044 2547 cum
1061 2519 1177 2554 primum
1204 2518 1231 2545 in
1256 2518 1356 2545 Persas
1382 2517 1476 2548 movit,
1508 2514 1652 2551 prmfeeuts
1675 2515 1774 2547 fuerat,

983 2565 1076 2599 Neque
1102 2565 1139 2591 ita
1156 2563 1269 2590 tntillum
1287 2567 1456 2598 perrexerat,
1479 2568 1541 2589 cum
1553 2560 1598 2587 ubi
1623 2560 1656 2587 ad
1677 2560 1772 2587 vallem

981 2611 1127 2647 quamdam
1154 2611 1276 2646 pertigit,
1300 2610 1480 2637 adventantes
1505 2608 1639 2643 conspicit
1664 2607 1772 2634 Persas.

982 2659 1072 2692 Quare
1096 2657 1192 2692 paucis
1211 2664 1244 2683 ex
1270 2656 1303 2683 iis
1327 2655 1374 2690 qui
1400 2662 1491 2682 secum
1510 2659 1589 2682 erant
1610 2653 1772 2687 assumptis,

983 2709 1088 2740 partem
1104 2703 1184 2730 vallis
1198 2706 1313 2736 occupat
1327 2707 1334 2727 :
1352 2705 1466 2728 caeteros
1480 2701 1576 2729 collem
1592 2708 1732 2735 superare,
1746 2705 1773 2726 et

778 2766 922 2797 Cornelii
942 2764 1036 2796 Tollii
1055 2766 1148 2794 noue.

172 2815 211 2851 (0)
233 2815 432 2852 Ἀλεξάνδρου
458 2817 573 2850 τόλμαν
593 2816 730 2843 ἐπαινεῖν
744 2817 813 2852 ἔχω,
836 2818 928 2844 ὁπότε
963 2831 967 2835 -

134 2853 178 2886 μὴ
193 2851 256 2879 σὺν
270 2852 357 2886 τύχῃ.
376 2851 433 2879 lluc
448 2852 512 2878 facit
527 2854 558 2885 ρ.
571 2853 658 2880 Curtii
676 2853 734 2879 ltuli
759 2856 792 2880 de
812 2853 928 2880 Alexan-

139 2889 187 2915 dro
206 2887 345 2922 elogium:
365 2886 513 2915 Fatendum
535 2893 572 2916 est
590 2896 650 2915 cum
667 2888 811 2917 plurimum
839 2889 930 2915 virtuti

982 2815 1110 2845 debuerit,
1128 2813 1186 2848 plus
1196 2812 1314 2839 debuisse
1330 2812 1462 2847 fortunw;
1479 2819 1558 2847 quam
1567 2810 1638 2838 solus
1653 2809 1771 2836 omnium

984 2847 1135 2878 mortalium
1151 2850 1176 2876 in
1193 2853 1348 2883 potestatem
1360 2847 1462 2875 habuit.
