1946 3083
136 88 195 121 3'33

747 82 1021 114 INSTORIABUM
1042 82 1115 112 LIB.
1141 81 1181 112 lI.

1717 77 1770 109 374

134 147 245 182 λεμίων
263 144 312 174 καὶ
326 145 460 181 γενναίων
472 144 624 182 αὕτουργδς
648 144 769 179 γεγονὼς
784 143 929 179 ἀριστείων

984 142 1036 169 sito
1052 141 1161 181 agmine
1177 140 1321 168 revertitur
1337 139 1362 165 in
1384 141 1484 170 castra,
1507 136 1623 171 indeque
1640 136 1773 171 postridie

137 193 371 228 συντεταγμένως
399 193 492 220 λοιπὸν
515 191 562 220 ἐπὶ
584 183 627 221 τὸ,
645 191 829 226 στρατόπεδον
852 187 930 226 ἧκεν.

139 240 265 276 Ὀρθρου
276 240 306 267 δέ
331 239 452 270 ἀναστὰς
466 239 526 267 ὁδοῦ
541 239 641 275 εἴχετο,
655 239 761 274 Πέρσαι
772 238 863 265 τοίνυν
879 237 935 273 (ἔγ-

137 295 225 322 γιστα
241 287 295 323 γάρ
305 296 357 314 που
371 285 420 314 καὶ
433 282 507 313 οὗτοι
524 285 860 322 ἐνστρατοπεδευσάμενοι
872 284 933 312 ἐτυ-

136 336 200 372 χον)
219 336 285 372 περί
304 344 366 363 τινα
379 335 533 371 δυσχωρίαν
550 332 627 365 αὖθις
642 334 782 369 γενομένῳ
800 332 838 369 τῷ
864 331 932 360 Ῥω-

139 383 234 417 μαίων
261 382 373 416 στρατῷ
402 382 434 408 ἐκ
460 381 508 408 τοῦ
532 381 598 417 παρ’
623 380 743 416 ἑκάτερα
775 379 933 414 ἐπιθέμενοι

137 428 262 464 ἰσχυρῶς
272 428 388 460 ξθλισον,
403 428 447 455 ὅτε
460 427 494 462 δὴ
510 427 557 463 καὶ
569 426 683 460 πολλοὺς
697 426 752 454 τῶν
764 426 796 454 ἐκ
813 425 933 459 πεζικῶν

137 474 303 509 καταλόγων
326 475 420 501 πεσεῖν
432 473 543 509 ἐγένετο
559 474 590 507 ἐξ
611 473 702 505 αἰτίας
727 473 846 501 τοιᾶσδε.
878 470 933 509 Ἦν

137 529 183 552 τις
197 521 226 547 ἐν
241 519 280 553 τῷ
306 520 449 555 Ῥωμαίων
465 520 642 556 στρατοπέδῳ
672 519 743 554 ἀνὴρ
766 519 870 553 ἀγαθὸς
887 519 933 546 ητὰ

136 566 263 605 πολέμια
278 563 467 603 ᾧΚριτόπλης
482 566 628 601 ἐπίκλησις
646 565 747 595 έκειτο.
776 563 862 599 Οὗτος
875 565 908 598 δὴ
920 566 934 592 ὀ

136 611 212 648 ἀιὴρ
243 612 367 652 πεζικῶν
382 612 433 647 μὲν
450 613 490 648 τῷ
518 613 579 640 τότε
601 613 744 648 δυνάμεων
764 611 833 650 ἦρχε
848 620 856 629 ·
885 612 934 647 τὴν

136 657 220 690 τάξιν
230 666 261 685 τε
272 657 459 693 παρεκκλίνας
471 658 594 694 Πέρσαις
606 659 639 686 ἐκ
653 658 701 686 τοῦ
721 658 815 695 σχεδὸν
832 656 934 693 ἑπομέ-

136 711 198 734 νοις
215 704 256 736 εὶς
269 704 364 739 χεῖρας
377 701 454 740 ἦλθε,
468 704 508 741 τῷ
524 704 624 740 πλήθει
638 713 668 731 τε
685 704 808 740 βιασθεὶς
828 705 868 736 εἰς
885 712 934 737 φυ-

137 749 194 784 γὴν
208 750 443 784 ἀπαρακάλυπτον
463 750 572 786 ἔϐλεψε,
599 750 687 787 τούτῳ
711 759 742 777 τε
764 750 803 786 τῷ
837 749 933 785 τρόπῳ

138 795 258 828 πολλοὺς
265 796 320 823 τῶν
333 797 402 832 ἀμφ’
411 797 494 826 αὐτὸν
508 797 705 833 ἁποόεὸληκὼς
714 797 794 833 μόγις
803 795 931 829 ἐσώζετο.

139 842 232 881 Ὅπερ
258 842 421 878 αἰσθόμενος
439 843 648 879 ὁαύτοκράτωρ
675 843 725 879 τὴν
753 842 824 878 ἀμφ’
851 842 933 870 αὑτὸν

137 889 272 924 φαλαγγα
289 889 327 924 τῷ
342 889 450 926 ἀδελφῷ
468 890 620 922 πιστεύσας
630 889 722 922 ἄλλοις
738 898 768 916 τε
796 889 853 917 τῶν
865 898 934 925 γνη-

138 935 284 962 σιωτὰτων
298 936 418 969 πολλοῖς,
432 936 514 969 αὐτὸς
528 937 577 964 σὺν
589 936 693 971 ὀλίγοις
716 936 746 964 τὺ
775 936 934 971 πεπονηκὸς

137 980 188 1007 τοῦ
206 981 324 1017 στρατοῦ
347 981 555 1017 ἀνακτήσασθαι
585 981 728 1017 ἠπείγετο.
763 981 806 1014 Ἐς
834 981 935 1017 μέσους

137 1027 232 1055 τοίνυν
244 1028 343 1060 αὐτοὺς
357 1027 500 1064 παρελθὼν
516 1028 612 1064 στῆναὶ
628 1036 657 1055 τε
669 1027 829 1063 θαρσαλέως
841 1028 933 1054 ἐνεκε-

137 1074 258 1102 λεύσατο
282 1074 331 1102 καὶ
361 1074 481 1110 Πέρσαις
503 1073 684 1109 ἀντεπεξῆγε.
715 1074 805 1109 Ὅπερ
831 1074 933 1101 ἐκεῖνοι

138 1121 361 1157 κατανοήσαντες
376 1121 469 1148 οὐκέτι
489 1120 543 1148 ἀπὸ
566 1121 657 1156 χειρὸς
690 1120 836 1157 Ῥωμαίοις
862 1120 933 1155 ἐμά-

138 1175 232 1202 χοντο.
249 1165 295 1202 Τῷ
317 1166 346 1194 δὲ
369 1166 476 1202 βασιλεῖ
496 1166 628 1202 ἐπιμελὲς
651 1166 774 1201 ἐγεγόνει
798 1166 872 1198 ὅπως
899 1166 933 1193 ἂν

138 1212 332 1248 ἀναθαρσῆσαι
345 1213 377 1240 ca
393 1213 546 1249 Ῥωμαϊκὸν
562 1212 669 1248 γένοιτο
683 1221 690 1229 ·
706 1212 757 1248 ήδη
769 1211 824 1248 γὰρ
844 1212 883 1244 ὡς
902 1211 933 1239 τὺ

139 1260 210 1295 περὶ
219 1261 267 1291 τὰς
278 1260 406 1292 πεζικὰς,
415 1259 453 1292 ὡς
466 1260 589 1296 είρηται,
604 1259 658 1287 τῶν
671 1259 814 1294 δυνάμεων
827 1267 933 1294 συμπε-

140 1305 190 1331 σὸν
207 1305 388 1333 ὐποκλέπτειν
409 1306 503 1341 ἠρέμα
520 1305 550 1333 τὸ
567 1306 692 1341 γενναῖον
711 1305 803 1337 αὐτοῖς
819 1305 932 1341 ἤρξατο,

139 1348 205 1375 ἐπεὶ
223 1348 307 1384 μηδὲν
324 1347 396 1376 οὕτω
410 1348 500 1384 ψυχήν
518 1348 577 1382 ἐστι
600 1349 762 1376 κατασεῖσαι
790 1348 882 1375 ἰκανὸν
894 1349 932 1383 (q)

139 1391 179 1424 ὥς
187 1392 218 1419 τδ
238 1392 387 1428 συμφΰλων
403 1392 530 1428 αἱμάτων
544 1392 672 1428 ἐκχύσεις
687 1393 718 1419 ἐκ
732 1392 780 1419 τοῦ
797 1393 932 1427 σύνεγγυς

140 1438 324 1474 καθορᾶσθαι.
347 1438 459 1474 ’Δμέλει
488 1438 537 1466 καὶ
553 1438 582 1466 ὃν
601 1439 762 1466 ἐπικόλπιον
780 1437 837 1475 εἶχε
850 1439 933 1474 τόμον

987 187 1036 215 sub
1064 195 1190 214 auroram
1221 186 1346 216 discedit.
1367 184 1402 211 At
1429 184 1532 217 Persae,
1559 190 1674 218 quorum
1700 182 1774 210 haud

986 234 1080 269 procul
1094 235 1207 263 aberant
1224 233 1308 265 aciesI
1326 232 1465 260 Romanos
1478 231 1521 266 qui
1539 238 1647 258 rursum
1663 229 1690 257 in
1705 228 1775 257 didi-

985 281 1029 308 cili
1045 280 1160 315 quodam
1185 279 1295 307 stabant
1312 278 1370 306 loco
1391 278 1425 306 ab
1444 283 1559 313 utraque
1576 280 1651 312 parte
1673 273 1774 304 adorti.

986 326 1132 354 nonnullos
1145 332 1159 353 e
1174 317 1311 361 peditibus
1326 318 1459 356 cecidere,
1473 323 1550 358 cujus
1564 321 1674 357 quidem
1690 319 1775 348 cladis

985 380 1016 400 ea
1030 377 1156 401 narratur
1172 380 1264 400 causa.
1279 371 1327 398 Vir
1342 370 1440 398 eratin
1455 370 1639 397 Romanorum
1652 366 1774 395 exercitu

985 418 1071 447 armis
1088 425 1142 454 pra:
1158 417 1262 446 caeteris
1278 421 1420 448 strenuus,
1443 415 1486 443 cui
1511 414 1609 442 nomen
1625 412 1772 448 Critoples,

986 466 1072 501 copiis
1087 465 1191 501 aliquot
1214 464 1386 500 pedestribus
1406 454 1579 498 pratp'ositus.
1602 457 1708 486 Relicto
1729 458 1775 485 ille

986 514 1080 541 ordine
1094 521 1154 540 cum
1170 512 1261 540 Persis
1273 519 1288 538 e
1302 511 1454 545 propinquo
1466 505 1696 543 Subsequentibus
1709 511 1775 532 con-

986 566 1096 595 gressus
1111 550 1275 592 tandemque
1288 555 1461 584 multitudine
1476 551 1669 584 circumfusus,
1685 549 1774 595 palam

986 593 1055 640 fugae
1076 613 1106 633 se
1132 604 1267 632 commisit
1295 604 1395 638 vixque
1415 601 1507 629 multis
1534 605 1643 627 suorum
1669 593 1776 623 amissis

986 658 1082 686 sospes
1102 650 1197 678 evasit.
1213 649 1291 683 Quod
1310 648 1354 678 ubi
1373 646 1506 675 intellexit
1524 645 1684 679 imperator,
1700 647 1775 667 com-

987 697 1070 724 missa
1086 695 1163 723 fratri
1181 694 1294 728 aliisque
1310 693 1412 728 aliquot
1432 700 1465 719 ex
1482 687 1690 724 consanguineis
1706 686 1775 719 acie,

987 741 1176 770 laborantibus
1192 737 1271 775 opem
1287 740 1391 767 laturus
1405 746 1464 766 cum
1476 736 1569 772 paucis
1581 736 1639 770 ipse
1655 733 1776 761 festinat.

987 787 1014 814 In
1037 786 1140 814 medios
1162 785 1244 822 igitur
1260 784 1319 812 illos
1343 791 1402 811 sese
1417 782 1552 815 inferens,
1575 779 1681 808 fortiter
1702 783 1776 806 stare

983 834 1078 869 jussos
1095 839 1201 860 rursum
1219 831 1246 859 in
1260 830 1359 859 Persas
1373 829 1474 858 educit.
1490 827 1526 856 At
1548 827 1583 854 illi
1610 834 1638 854 re
1653 825 1777 853 animad-

985 888 1063 908 versa
1079 879 1202 907 cominus
1213 886 1268 906 rem
1283 885 1378 914 gerere
1396 877 1558 904 detrectant.
1573 874 1641 901 Tum
1656 873 1777 908 impera-

986 930 1072 954 t0rem
1089 925 1173 954 subiit
1189 932 1266 958 cura,
1278 931 1333 959 quo
1347 927 1426 957 pacto
1444 921 1628 949 Romanorum
1643 918 1780 946 demissos

984 974 1091 1002 animos
1106 973 1159 1009 55
1176 977 1323 1001 recrearet.
1334 971 1392 999 lam
1405 970 1479 998 enim
1494 969 1538 996 illa
1554 967 1671 1004 peditum
1684 965 1777 995 clades

985 1011 1147 1049 imminuere
1159 1020 1280 1048 innatam
1296 1026 1389 1046 eorum
1407 1017 1535 1044 virtutem
1550 1018 1689 1049 emperat;
1708 1011 1778 1039 nihil

984 1068 1084 1104 quippe
1110 1071 1166 1095 tam
1195 1066 1313 1094 validum
1343 1065 1376 1093 ad
1406 1062 1630 1094 commovendam
1657 1065 1776 1087 mentem

984 1121 1066 1149 quam
1095 1113 1173 1142 eﬂ‘usi
1202 1104 1373 1148 popularium
1404 1109 1546 1144 sanguinis
1577 1115 1593 1136 e
1625 1107 1776 1142 propinquo

984 1164 1157 1196 conspectus.
1187 1159 1227 1187 Ad
1245 1158 1368 1187 ultimum
1388 1155 1525 1193 protrahit
1541 1162 1556 1183 e
1574 1154 1634 1183 sinu
1651 1153 1775 1181 chartam

984 1207 1104 1235 omnium
1121 1206 1249 1234 ordinum
1265 1204 1375 1233 nomina
1390 1203 1587 1234 continentem,
1609 1200 1693 1235 inque
1706 1199 1778 1234 ejus-

985 1254 1057 1281 modi
1077 1261 1166 1281 rerum
1182 1253 1328 1287 angustiis,
1345 1251 1410 1286 quid
1433 1249 1530 1284 cuique
1544 1248 1678 1283 agendum
1690 1252 1776 1279 esset,

983 1301 1099 1336 singulis
1116 1299 1284 1328 transmittit.
1301 1298 1395 1334 Magna
1411 1298 1484 1326 enim
1500 1296 1557 1332 jam
1581 1295 1697 1322 militum
1713 1300 1784 1328 pars

984 1356 1046 1384 quae
1061 1347 1197 1376 continuis
1212 1354 1272 1374 cum
1287 1347 1365 1376 hoste
1386 1344 1488 1381 prmliis
1506 1342 1635 1377 congredi
1657 1341 1775 1373 uolebat,

984 1394 1087 1422 relictis
1100 1393 1242 1421 ordinibus
1257 1393 1290 1419 ad
1307 1391 1500 1427 impedimenta
1521 1397 1552 1418 se
1574 1388 1711 1416 exercitus
1731 1395 1777 1414 re-

986 1441 1095 1473 tulerat.
1110 1440 1240 1476 neglectis
1255 1447 1340 1474 usque
1357 1438 1424 1466 adeo
1440 1435 1611 1477 imperatoris
1630 1433 1775 1466 mandatis,

138 1484 305 1520 ἐξενεγκὼν,
332 1482 355 1520 ᾧ
382 1485 450 1521 πρὸς
477 1485 564 1521 όνομα
593 1485 648 1513 τῶν
664 1487 811 1521 ταγμάτων
824 1486 867 1523 [Ρ.
885 1486 931 1524 51]

985 1493 1014 1515 ut
1034 1487 1140 1524 etiamsi
1164 1485 1286 1515 nonnulli
1304 1486 1436 1513 hactenus
1458 1488 1604 1520 eupropter
1618 1489 1712 1517 pennas
1727 1480 1776 1509 de-

138 1529 251 1564 ἐγένετο
272 1528 388 1562 ἕκαστα,
418 1529 448 1556 ἐν
467 1529 556 1562 οὕτως
570 1529 647 1564 ὀξείᾳ
661 1529 834 1565 πραγμάτων
860 1531 931 1566 ῥοπῇ

137 1575 244 1612 ἑκάστῃ
256 1575 286 1602 τὸ
297 1576 424 1610 ποιητέον
433 1575 605 1604 ἐπέστελλεν.
617 1576 685 1612 Ἤδη
695 1576 749 1612 γὰρ
761 1576 815 1604 τῗύν
823 1576 932 1612 ταγμά-

136 1630 192 1648 ¹τίων
210 1621 249 1653 ὡς
265 1621 379 1648 πλεῖστα
395 1622 558 1658 πανημέριοι
570 1623 627 1654 τοῖς
645 1621 788 1657 πολεμίοις
806 1621 934 1649 ἀντιτάτ-

135 1667 235 1695 τεσθαι
252 1667 426 1703 ἀπειρηκότα
441 1667 574 1696 ἀπέλιπόν
591 1676 620 1695 τε
641 1667 691 1704 τὴν
710 1667 786 1702 τάξιν
816 1668 864 1695 καὶ
885 1669 934 1695 ἐπὶ

136 1713 169 1740 τὸ
182 1713 379 1748 σκευοφορικὸν
396 1713 543 1749 μετέθεντο
560 1713 607 1741 τοῦ
624 1713 753 1749 στρατοῦ,
774 1715 820 1741 ἐπὶ
837 1715 933 1742 τοσοῦ-

136 1767 185 1786 τον
201 1758 256 1785 τῶν
270 1759 403 1794 βασιλέως
428 1760 697 1796 ἀφροντιστήσαντες
725 1760 931 1795 κελευσμάτων,

137 1805 177 1837 ὡς
210 1805 302 1833 καίτοι
331 1806 437 1832 πολλῶν
456 1807 485 1839 ἐς
507 1807 618 1841 ἐκείνην
632 1807 682 1841 τὴν
709 1807 818 1842 ἡμέραν
847 1807 877 1839 ἐς
902 1807 933 1834 τὸ

138 1852 221 1888 σῶμα
241 1853 310 1889 πρὸς
334 1853 418 1881 αὑτοῦ
447 1853 492 1880 διὰ
517 1853 605 1881 ταῦτα
631 1853 839 1889 ζημιωθέντων,
867 1848 930 1886 τοὺς

137 1900 238 1931 ἄλλους
252 1899 307 1927 οὐδ’
325 1900 432 1927 ἐπαΐειν
444 1899 499 1926 τῶν
511 1899 710 1935 πραττομένων
726 1901 879 1936 μονονουχί.
895 1900 932 1928 Τὸ

136 1947 196 1981 γὰρ
211 1945 272 1973 λίαν
291 1946 442 1981 φιλόψυχον
454 1946 632 1973 παντάπασιν
652 1947 859 1982 ἀνεπίμνηστον
880 1947 932 1982 τῆς

136 1993 241 2028 ἀρετῆς
261 1992 380 2028 γίνεται.
411 1992 464 2020 Τὸν
482 1990 529 2020 οὖν
554 1992 655 2029 τρόπον
685 1992 781 2020 τοῦτον
803 1993 847 2020 ἀεὶ
877 1993 931 2020 τῶν

137 2039 258 2068 κατόπιν
274 2040 332 2072 τοῖς
352 2039 508 2075 ἔμπροσθεν
524 2039 764 2075 ἐπιμιγνυμένων,
780 2039 854 2067 ἅπαν
876 2039 932 2066 λοι-

137 2086 191 2114 πδν
203 2086 235 2114 τὸ
250 2086 298 2113 τοῦ
316 2085 438 2121 πολέμου
457 2085 541 2122 βάρος
552 2086 592 2117 είς
606 2085 653 2112 τὸν
667 2085 780 2121 βασιλέα
797 2086 931 2121 περιστὰν

137 2134 235 2166 δεινῶς
248 2133 344 2161 τοῦτον
359 2132 467 2166 ἐπίεζεν
479 2141 486 2149 ·
509 2133 578 2160 ἀλλὰ
607 2134 779 2169 στρατηγικῇ
799 2127 931 2169 ἐμπειρίᾳ

985 1534 1106 1566 dissent,
1133 1533 1224 1561 caeteri
1243 1537 1331 1559 tamen
1358 1539 1451 1558 eorum
1478 1538 1537 1565 quae
1560 1529 1660 1557 ﬁebant
1676 1528 1775 1556 nullam

985 1579 1181 1615 propemodum
1194 1579 1326 1606 rationem
1339 1577 1482 1604 haberent.
1499 1575 1664 1611 Immodicas
1677 1574 1776 1608 quippe

984 1626 1046 1653 vita:
1063 1633 1140 1653 amor
1153 1625 1261 1652 virtutis
1276 1623 1440 1651 oblivionem
1458 1622 1568 1649 omnino
1581 1620 1693 1649 inducit.
1707 1620 1774 1646 Dum

985 1672 1067 1707 igitur
1081 1671 1129 1707 qui
1148 1679 1244 1706 agmen
1259 1670 1423 1699 claudebant
1437 1669 1473 1696 ita
1488 1668 1618 1696 continuo
1634 1675 1663 1695 se
1676 1666 1773 1699 adjun-

984 1723 1050 1754 gunt
1061 1718 1208 1754 prioribus,
1221 1721 1276 1745 tota
1290 1716 1341 1745 etsi
1355 1716 1381 1743 in
1394 1715 1587 1750 imperatorem
1604 1713 1775 1741 incumberet

983 1765 1045 1792 belli
1063 1764 1160 1798 moles,
1175 1763 1286 1792 militari
1302 1769 1392 1790 tamen
1410 1767 1469 1789 arte
1489 1760 1605 1790 subinde
1620 1761 1711 1788 hostes
1727 1767 1776 1794 ag-

983 1818 1094 1847 gressus
1118 1811 1152 1838 ab
1176 1817 1269 1837 eorum
1295 1809 1421 1836 manibus
1443 1807 1587 1835 incolumis
1612 1806 1709 1834 evasit.
1737 1805 1773 1833 lbi

985 1863 1042 1885 tum
1059 1857 1171 1884 locanda
1187 1861 1276 1884 castra
1296 1855 1445 1883 censebant
1469 1853 1578 1889 quidam
1603 1859 1689 1887 neque
1711 1857 1773 1886 pro-

983 1904 1161 1939 grediendum
1180 1902 1304 1930 ulterius.
1324 1901 1377 1929 Sed
1400 1908 1454 1928 non
1479 1900 1578 1936 placuit
1603 1906 1634 1927 ea
1657 1898 1778 1933 principi-

983 1949 1128 1982 seutentia,
1144 1949 1208 1984 quin
1224 1948 1311 1982 potius
1326 1947 1455 1974 Romanis
1467 1954 1527 1974 esse
1540 1945 1695 1985 bellandum
1709 1951 1774 1972 cen-

983 1996 1071 2027 sebat.
1096 1995 1158 2023 dum
1185 1994 1259 2022 nulla
1284 1993 1374 2022 adhuc
1401 1991 1587 2021 consternatio
1609 1992 1774 2019 tumultusre

984 2043 1093 2070 illorum
1119 2041 1267 2070 iuvasiSset
1293 2041 1418 2072 animos,
1447 2047 1526 2074 quam
1551 2038 1641 2073 primo
1664 2045 1775 2074 quoque

984 2094 1117 2124 tempore,
1132 2092 1179 2115 aut
1191 2095 1262 2115 anno
1281 2088 1415 2122 sequenti,
1437 2094 1498 2115 cum
1514 2086 1645 2121 angustiis
1662 2086 1774 2114 omnino

984 2139 1185 2170 premerentur.
1198 2134 1291 2175 Satius
1307 2134 1398 2169 itaque
1415 2133 1466 2161 sibi
1481 2133 1535 2169 56
1551 2132 1637 2160 videri
1652 2133 1774 2161 hostibus

135 2181 196 2212 τοῖς
208 2179 350 2214 πολεμίοις
364 2179 531 2212 ἁντεπεξιὼν
547 2179 643 2215 ἀσινὴς
660 2179 731 2206 οὕτω
755 2179 928 2214 διαγενέσθαι

984 2169 1202 2210 occurrendum.
1230 2170 1263 2206 iis
1288 2178 1371 2213 pulsis
1397 2178 1540 2205 habituros
1561 2179 1660 2215 tutiora
1681 2183 1771 2205 castra

136 2227 246 2262 ῐσχυσε.
263 2225 330 2253 Τότε
345 2225 378 2260 δὴ
389 2226 445 2256 τοῖς
458 2224 508 2260 μὲν
520 2225 612 2258 ἄλλοις
629 2225 714 2252 αὑτοῦ
737 2233 788 2252 που
811 2225 928 2260 σκηνοῦν

134 2273 225 2300 ἐδόκει
255 2272 323 2308 μηδέ
357 2271 525 2306 προσωτέρω
550 2272 666 2307 χωρεῖν·
689 2271 736 2298 τὸν
761 2271 875 2307 βασιλέα
900 2271 928 2299 δὲ

134 2319 226 2346 ταῦτα
240 2317 346 2354 οὐδαμῆ
355 2318 484 2354 ἡρεσκεν,
500 2318 539 2349 ὡς
557 2318 595 2354 μὴ
607 2319 636 2346 ἐν
654 2317 787 2354 συγχύσει
810 2318 858 2345 καὶ
883 2326 930 2345 τα‹

136 2366 216 2400 ράχῳ
236 2364 400 2400 φερομένοις
425 2363 703 2399 καταπολεμήσεσοαι
727 2364 828 2400 μᾶλλον
843 2356 846 2358 η
860 2365 928 2392 Ῥω-

135 2409 230 2444 μαίοις
253 2409 367 2444 γένηται
395 2409 411 2445 ἢ
427 2410 528 2437 αὐτίκα
551 2411 568 2447 ἦ
588 2411 653 2445 γοῦν
669 2412 697 2443 ἐς
714 2412 803 2439 νέωτα
819 2412 927 2444 πάντως

133 2456 162 2488 ἐς
176 2455 229 2491 τὴν
239 2455 357 2492 ἀπορίαν
374 2456 621 2493 συσκευαζομένοις
635 2457 772 2490 ἐπεξιέναι
782 2458 810 2486 δὲ
825 2459 926 2494 μᾶλλον

983 2228 1065 2260 atque
1083 2225 1110 2251 in
1124 2224 1184 2252 loco
1198 2224 1324 2252 liberiore
1339 2232 1529 2252 consessuros.
1547 2224 1594 2252 llis
1609 2224 1700 2256 dictis,
1720 2224 1771 2251 etsi

983 2279 1038 2299 non
1054 2279 1148 2301 omnes
1168 2271 1220 2299 sibi
1242 2271 1369 2298 assentiri
1391 2271 1633 2303 animath-rterct,
1655 2270 1772 2298 Tzieuu-

983 2319 1082 2355 dylem,
1100 2318 1250 2354 Sinopitem
1268 2322 1295 2345 ct
1316 2318 1465 2353 Critoplem
1487 2318 1609 2352 aliosque
1629 2324 1645 2346 e
1658 2317 1773 2346 ducibus

982 2366 1137 2401 complures
1151 2366 1248 2393 castris
1265 2366 1388 2401 praeficit.
1402 2365 1461 2401 Ipse
1475 2369 1584 2399 arrepto
1597 2364 1772 2400 imperatorio

983 2412 1094 2445 vexillo,
1121 2417 1178 2440 toto
1201 2412 1300 2446 impetu
1319 2419 1379 2439 cum
1404 2413 1460 2440 suis
1488 2412 1514 2439 in
1541 2411 1646 2439 hostem
1672 2412 1769 2442 fertur,

981 2459 1131 2494 crebraque
1147 2459 1295 2494 irruptione
1320 2458 1474 2493 fatigatum,
1501 2459 1608 2486 tandem
1624 2457 1657 2485 ad
1679 2457 1768 2492 fugam

776 2538 918 2571 Cornelii
936 2539 1031 2571 Tollii
1051 2544 1145 2571 notae.

171 2607 225 2652 (ᾳ),
244 2607 327 2636 Ἐπεί
344 2607 423 2649 μηδὲ
439 2607 518 2637 οὕτω
528 2609 639 2670 ἔτυχῄν
666 2610 733 2637 ἐστι
751 2610 930 2651 “mmigrat

171 2652 254 2670 ανον.
271 2644 401 2670 Rescribe
415 2644 511 2670 μηδέν.
550 2651 619 2670 ossrs
632 2645 685 2670 huc
700 2646 838 2670 adducere
862 2645 928 2670 Ltvn

134 2644 254 2671 ικανόν.
271 2644 401 2673 Rescribe
415 2644 619 2679 μηδένᾲῐῶεείε
632 2645 685 2672 huc
700 2646 838 2673 adducere
861 2645 928 2673 Livii

134 2679 237 2711 locum,
257 2679 274 2706 Ι.
296 2687 371 2709 xxxx.
387 2677 477 2706 0.75.1:
494 2677 572 2706 Nt/til
589 2685 644 2708 tam
658 2680 785 2708 incertum
811 2689 857 2707 nec
873 2686 928 2707 tam

136 2714 326 2742 ina-stiumbile
338 2720 387 2746 est,
417 2722 497 2748 quam
521 2715 604 2742 animi
634 2715 824 2743 multitudinis.
851 2716 930 2748 Quod

134 2751 310 2784 promptiores
338 2750 373 2777 ad
403 2749 566 2777 subeundam
594 2759 696 2778 omnem
727 2751 927 2778 dimicationem

134 2785 276 2822 uidebatur
290 2785 437 2822 facturum,
448 2785 476 2822 id
493 2792 587 2813 metum
599 2787 782 2822 pigritiamque
795 2787 906 2814 incussit
918 2795 928 2818 ;

135 2819 193 2854 iam
215 2820 260 2855 qui
275 2821 358 2848 hastis
381 2820 545 2856 sagittisque,
561 2826 586 2849 et
599 2819 672 2849 ’τὼ-ιι
699 2819 798 2851 lanceis
817 2822 925 2850 uulnera

985 2610 1057 2645 facta
1079 2608 1221 2649 _vidissent.
1247 2619 1304 2637 cum
1333 2609 1630 2649 Ci'mci{__lllgr_iisqtta_
1652 2618 1771 2645 pugnare

986 2645 1096 2676 assueti,
1111 2649 1281 2680 penem/nam
1312 2646 1399 2680 gladio
1421 2645 1593 2679 Hispaniensi
1613 2645 1770 2674 detruncata

983 2688 1104 2714 corpora,
1130 2678 1245 2707 brae/riis
1265 2678 1396 2711 tri-scissis.
1413 2686 1458 2707 aut
1471 2678 1528 2708 tota
1542 2682 1639 2708 cerv'ee
1654 2680 1769 2715 desecta,

982 2717 1070 2750 divisa
1091 2722 1106 2741 α
1128 2717 1350 2752 ςρηιονενειιρὶια,
1365 2717 1534 2752 patentiaque
1558 2716 1667 2748 viscera,
1688 2721 1710 2742 et
1723 2717 1770 2751 fw-

982 2747 1091 2778 dita’tem
1110 2747 1191 2789 altam
1205 2747 1347 2789 vulnerum
1358 2747 1496 2785 uiderunt}
1512 2754 1636 2789 aduersus
1649 2759 1707 2786 qua
1719 2747 1771 2779 iela

981 2794 1096 2848 gnosque
1119 2786 1186 2813 viros
1201 2786 1371 2821 pugnandum
1388 2792 1464 2822 esset,
1483 2787 1572 2822 pavidi
1587 2787 1662 2821 vulgo
1680 2794 1770 2814 cerna-

998 2828 1053 2848 aut.

998 2831 1012 2848 α
1016 2828 1042 2849 ιιι
1047 2841 1053 2849 .
