1946 3083
169 89 224 122 3⁵15

811 90 974 124 JOA‘NNIS
993 91 1160 123 CINNAMI

1749 96 1806 129 3'16

168 145 317 182 compellit.
330 146 473 175 Protracta
487 145 596 183 longius
609 146 791 180 insecutione,
812 146 927 176 Romani
944 154 960 174 a

1012 148 1107 184 ἔλεγεν
1122 148 1192 178 εῐναι
1210 149 1312 186 χρεὼν,
1335 149 1363 178 εί
1374 158 1434 183 πως
1446 149 1511 183 τοὺς
1530 150 1680 187 πολεμίους
1690 151 1806 180 ἀπωσά-

168 202 245 230 tergo
268 194 402 222 instantes
424 193 526 223 multos
547 195 685 228 occidunt,
707 196 839 231 quosdam
860 200 888 223 et
911 203 959 223 ca-

167 241 246 276 piunt
267 241 355 279 vivos,
381 247 451 276 quos
468 241 539 269 inter
553 241 602 269 fuit
622 241 786 276 Pharcusas,
807 241 898 277 magni
919 241 962 269 vir

167 286 238 321 apud
255 285 355 315 Persas
368 287 498 322 nominis,
519 287 566 324 qui
581 287 764 317 discumbentl
785 288 893 317 sultano
912 295 961 323 po-

167 333 259 360 cnium
274 333 440 369 porrigebat.
457 333 619 362 Pincernam
634 336 706 364 hunc
720 335 833 364 Romani
850 339 959 364 vocant.

167 378 234 406 Erat
248 384 338 407 autem
356 379 466 414 quidam
484 380 512 408 In
527 379 710 409 Barbarorum
727 380 860 412 exercitu,
882 387 928 415 qut
945 388 960 408 a

168 423 301 454 Romanis
315 424 459 458 oriundus,
482 425 553 460 apud
575 425 674 454 Persas
689 433 755 454 vero
776 426 913 455 enutritus
932 430 961 455 et

166 472 318 505 educatus.
345 471 418 500 forte
446 472 616 508 provinciam
646 472 791 508 quamdam
820 473 872 501 sub
902 473 961 501 haec

167 522 291 553 tempora
313 518 349 547 ab
377 519 445 554 ipsis
473 520 620 554 regendam
643 523 819 554 susceperat,
849 519 960 547 nomine

165 563 282 594 Gabras.
303 565 382 594 Hune
400 570 579 602 posteaquam
601 572 632 593 ea
656 565 700 594 die
719 566 880 594 occiderunt
902 566 961 594 Ro-

168 610 253 645 mani,
267 616 436 647 amputatum
452 611 523 639 illius
535 615 617 648 caput
630 612 657 640 in
676 617 766 641 castra
779 620 872 641 secum
888 617 962 641 attu-

165 655 233 684 lere.
263 656 426 691 imperator,
455 657 585 691 quoniam
613 657 697 685 multa
720 657 776 694 jam
803 665 856 686 nox
882 663 959 693 erat.

165 701 302 738 fugientes
317 710 370 731 non
384 703 492 737 longius
505 708 677 739 persecutus,
692 712 755 733 cum
773 704 884 740 tropals
896 704 961 733 inde

165 750 314 778 revertitur
330 759 338 778 :
354 749 541 786 Romanisque
563 751 590 779 in
613 758 720 779 summa
740 758 833 780 rerum
850 755 960 787 pertur-

166 796 277 825 batione
299 801 327 825 et
350 797 455 832 absque
479 798 534 826 ullo
559 798 657 827 ordine
681 793 798 826 inve‘ntis
825 798 958 834 (necdum

165 842 238 871 enim
258 842 375 871 sarcinis
398 842 585 879 iumentorum
608 844 690 872 dorsa
709 843 873 878 exuerant),
898 843 960 871 uni-

165 895 244 915 versa
263 887 407 916 confestim
424 889 657 924 circumequitans
672 893 763 918 castra
785 889 898 925 singulis
915 896 960 916 or-

166 933 276 960 dinibus
292 939 474 968 opportunum
489 935 580 962 locum
595 935 729 970 assignat.
745 933 799 963 Sed
811 942 864 962 non
880 934 958 970 pauci

166 979 277 1008 interim
304 987 320 1008 e
343 981 475 1009 militibus
498 985 605 1009 noctem
633 981 660 1008 in
683 981 762 1016 equis
786 986 958 1016 transegcrc,

166 1026 239 1061 quod
255 1026 324 1054 adeo
339 1027 486 1062 compressi
505 1026 676 1063 confertique
697 1032 809 1060 starent,
820 1026 874 1062 57
884 1031 912 1054 ιιι
926 1026 960 1054 ab

166 1072 201 1100 iis
217 1073 365 1109 nequirent
380 1073 502 1102 desilire.
520 1073 567 1102 Sic
585 1074 667 1108 igitur
682 1081 735 1102 nox
749 1073 792 1101 illa
810 1077 958 1101 transacta.

165 1119 200 1146 At
214 1123 276 1147 orto
290 1118 347 1154 jam
362 1119 418 1147 sole
433 1120 582 1155 imperator
598 1127 668 1155 equo
687 1120 713 1148 in
737 1120 855 1148 medium
878 1114 959 1148 exer-

165 1166 251 1194 citum
263 1164 399 1198 invectus,
412 1170 443 1194 ut
453 1166 540 1194 solent
555 1166 711 1194 militarium
725 1167 851 1194 ordinum
864 1166 958 1199 duces,

166 1211 193 1240 in
218 1212 292 1240 hunc
318 1212 429 1240 modum
453 1212 534 1241 verba
551 1212 636 1240 fecit:
653 1222 663 1239 ι
680 1211 737 1240 Viri
756 1213 877 1246 strenui,
905 1220 958 1240 non

166 1258 237 1293 quod
256 1258 431 1286 timiditatem
447 1258 528 1286 ulhun
542 1259 569 1286 in
581 1259 680 1286 animis
695 1259 793 1287 vestris
807 1259 849 1287 vel
864 1266 960 1294 quam-

165 1305 240 1340 piam
258 1304 339 1333 aliam
366 1304 591 1340 deprehenderim
610 1305 757 1340 ignaviam.
781 1304 815 1332 ad
831 1305 958 1333 virtutem

166 1357 194 1380 et
210 1351 352 1379 audaciam
369 1358 418 1379 vos
439 1351 608 1379 excitaturus
625 1352 705 1378 venio
722 1351 811 1388 (absit
832 1351 904 1379 enim
930 1355 960 1379 ut

166 1399 315 1434 degeneres
331 1397 386 1426 sint
403 1397 518 1425 Romani
531 1401 693 1433 partamque
708 1406 722 1426 a
741 1397 887 1432 majoribus
901 1398 960 1434 glo-

166 1445 235 1473 riam
250 1444 419 1480 deturpent),
437 1444 484 1472 sed
503 1449 532 1471 ut
548 1449 707 1472 consuetum
723 1444 837 1473 ducibus
851 1451 958 1473 servem

168 1486 286 1518 morem‘
299 1495 328 1518 et
349 1490 492 1518 adversum
514 1490 612 1519 futura‘
631 1491 753 1526 pericula
774 1498 822 1519 vos
846 1491 957 1520 reddam

165 1535 379 1564 obfirmatiores.
393 1534 472 1569 Quod
486 1536 558 1563 enim
572 1536 719 1572 improviso
732 1539 890 1572 supervenit
903 1545 959 1566 ma-

166 1583 223 1610 lum
238 1582 282 1610 vel
304 1581 482 1610 fortissimam
507 1587 625 1611 mentem
640 1583 775 1610 interdum
792 1588 881 1618 potest
899 1591 961 1619 per-

167 1630 288 1658 turbare.
315 1630 421 1657 Scitote
446 1629 540 1665 igitur,
573 1630 791 1663 commilitones,
818 1630 961 1658 imminere

169 1675 248 1703 nobis
264 1675 346 1704 hodie
360 1675 462 1704 bellum
481 1680 544 1703 ante
561 1675 631 1703 actis
645 1675 752 1703 cmteris
767 1676 846 1711 longe
862 1675 960 1711 majus,

167 1723 287 1758 illudque
300 1726 467 1758 postremum
490 1725 518 1750 et
540 1722 664 1749 ultimum
687 1723 768 1749 veluti
787 1729 848 1750 esse
870 1726 962 1750 certa-

167 1775 248 1802 men,
271 1769 342 1804 quod
367 1776 449 1802 quam
479 1769 582 1803 optime
609 1768 734 1803 apparari
758 1768 868 1800 deceat,
904 1771 959 1795 tum

167 1820 278 1851 propter
291 1812 382 1850 priora
396 1822 456 1850 quae
471 1815 604 1842 hactenus
619 1814 750 1850 gessimus
761 1813 842 1847 bella,
858 1818 914 1841 tum
928 1820 961 1841 ne

168 1863 282 1890 vilescat
300 1866 339 1890 tot
361 1861 492 1896 praeclare
511 1859 591 1888 factis
609 1860 721 1895 probata
747 1860 834 1888 virtus
857 1864 960 1893 nostra,

167 1915 253 1946 utque
269 1909 347 1937 nobis
364 1909 430 1943 ipsis
454 1908 578 1942 ingentes
602 1914 730 1942 paremus
757 1906 900 1933 utilitates.
925 1904 962 1933 Ut

167 1957 239 1985 enim
254 1955 372 1990 priorem
385 1953 571 1982 infelicitatem
584 1952 750 1987 auspicatior
762 1952 858 1979 deinde
869 1958 961 1979 emen-

168 2004 214 2030 dat
231 2002 351 2033 fortuna,
366 2000 402 2028 ita
416 2000 535 2035 priorem
551 1999 705 2026 felicitatem
719 1998 853 2026 subvertit
868 1998 962 2026 subse.

168 2054 231 2077 cuta
258 2048 410 2075 calamitas;
437 2046 524 2081 Igitur
553 2053 586 2074 ne
616 2046 768 2081 hujusmodi
789 2045 853 2080 quid
882 2045 961 2073 nobis

168 2095 289 2128 eveniat,
313 2094 364 2122 viri
381 2093 617 2128 praestantissimi,
635 2093 784 2120 curandum
802 2092 828 2120 in
853 2091 960 2128 primis,

168 2146 199 2170 ut
214 2148 279 2169 suos
296 2141 412 2176 quisque
425 2139 535 2168 ordines
553 2144 653 2172 teneat.
671 2139 777 2174 sibique
801 2138 912 2166 inducat
933 2138 959 2166 in

1013 204 1091 231 μενοι
1111 197 1174 225 κατ’
1196 196 1324 230 ἐξουσίαν
1349 205 1381 224 τε
1405 196 1453 225 τὸν
1471 197 1582 233 χάρακα
1606 197 1740 234 πήεονται
1755 199 1806 226 καὶ

1012 244 1200 280 σκηνώσουσιν
1212 244 1262 271 οὐκ
1273 245 1302 272 έν
1317 244 1404 280 στενῷ
1426 243 1517 280 χώρου
1533 245 1699 280 είρχθέντες.
1710 245 1807 273 Ταῦτα

1011 290 1110 325 λέγων,
1123 290 1219 326 ἐπειδὴ
1234 291 1272 326 μὴ
1283 290 1334 318 καὶ
1349 291 1456 322 πάντας
1465 291 1658 327 ἐνδεχομένους
1668 292 1713 320 τὸν
1725 292 1807 328 λόγον

1012 336 1097 373 ἑώρα,
1111 336 1301 373 Τζικανδῦλην
1313 337 1363 373 μὲν
1378 338 1426 365 καὶ
1441 338 1609 374 Σινωπίτην,
1628 339 1696 374 πρὸς
1709 339 1738 366 δὲ
1755 339 1807 366 καὶ

1010 385 1171 421 Κριτόπλην
1182 385 1294 413 καὶτῶν
1311 385 1402 413 ἄλλων
1426 385 1543 418 πολλοὺς
1571 386 1735 422 στρατηγῶν
1765 387 1807 422 τῷ

1011 431 1189 467 στρατοπέδῳ
1201 431 1310 465 έφίστα,
1325 432 1339 458 ὁ
1354 431 1383 459 δὲ
1393 432 1475 464 αὐτὸς
1488 432 1539 468 τὴν
1551 431 1697 468 βασιλικὴν
1708 432 1807 459 ἀνελό-

1012 486 1093 513 μενος
1106 477 1231 513 σημαίαν
1245 477 1295 504 σὺν
1308 478 1365 509 τοῖς
1379 478 1451 513 ἀμφ’
1465 478 1548 505 αὑτὸν
1571 477 1625 514 ὅλῳ
1641 477 1741 514 ῥυτῆρι
1759 477 1806 506 tu!

1009 524 1074 556 τοὺς
1090 523 1229 555 ἐναντίους
1238 524 1348 559 ἤλαυνε.
1374 523 1563 559 Καταπλήξας
1589 533 1620 551 τε
1652 523 1692 560 τῷ
1712 523 1806 559 ἀθρόῳ

1010 571 1060 606 τῆς
1073 570 1230 603 ἐπελάσεως
1248 571 1290 602 είς
1305 570 1397 606 φυγὴν
1416 570 1514 605 βλέψαι
1539 571 1694 606 ἠνάγκασε.
1724 571 1806 605 Λαμ-

1011 618 1086 652 πρᾶς
1098 617 1189 644 τοίνυν
1206 617 1358 652 γενομένης
1374 616 1424 651 τῆς
1442 616 1572 649 διώξεως,
1595 615 1714 643 κατόπιν
1743 615 1806 643 ἑπι-

1012 664 1145 699 σπόμενοι
1165 663 1299 698 Ῥωμαῖοι
1314 663 1431 695 πολλοὺς
1448 662 1585 695 ἔκτειναν,
1600 662 1679 694 τινὰς
1702 662 1731 690 δὲ
1756 661 1807 689 καὶ

1011 711 1150 746 ζωγρείαν
1179 708 1263 743 εἷλον,
1290 711 1320 737 ὲν
1346 707 1387 742 οἷς
1410 710 1458 737 καὶ
1485 710 1648 745 Φαρκουσᾶς
1670 707 1706 745 ἦν
1735 707 1807 745 ἀνὴρ

1012 757 1090 794 παρὰ
1104 757 1225 793 Πέρσαις
1233 757 1382 793 ἐπιφανὴς,
1402 757 1433 788 ὃς
1445 755 1601 784 δειπνοῦντι
1628 755 1668 790 τῷ
1688 755 1807 782 σουλτὰν

1012 805 1128 832 ἐνετίθει
1142 804 1172 831 τὸ
1187 804 1307 839 ἔκπωμα
1322 805 1387 832 ταῖν
1399 804 1492 839 χεροῖν
1509 811 1516 819 ·
1535 803 1691 838 πιγκέρνην
1708 802 1807 829 τοῦτον

1015 852 1150 887 Ῥωμαῖοι
1177 850 1321 878 καλοῦσιν.
1361 848 1417 878 Ἦν
1440 850 1470 877 δέ
1500 859 1543 882 τις
1558 850 1590 877 ὲν
1606 851 1639 885 τῇ
1653 849 1807 885 Βαρϐάρων

1015 899 1131 934 στρατιᾷ
1150 898 1191 928 είς
1216 897 1372 933 Ῥωμαίους
1386 896 1437 932 μὲν
1448 896 1595 931 ἀναφέρων
1617 896 1647 923 τδ
1662 895 1751 931 γένος,
1777 895 1808 922 ὲν

1013 946 1042 973 δὲ
1058 945 1177 981 Πέρσαις
1191 945 1239 972 καὶ
1257 944 1373 980 τραφεὶς
1386 943 1435 971 καὶ
1449 943 1580 979 αὐξηθεὶς
1594 942 1661 978 τύχῃ
1680 942 1735 970 τινὶ
1756 949 1808 968 σα-

1013 993 1148 1027 τραπείαν
1163 991 1328 1019 κατ’ὲκεῖνο
1353 990 1453 1026 καιροῦ
1480 990 1546 1025 παρ’
1572 990 1668 1021 αὐτοῖς
1695 989 1808 1016 διεῖπε⁸

1013 1039 1123 1075 Γαὸρᾶς
1134 1038 1209 1072 αὐτῷ
1222 1038 1367 1073 ἐπίκλησις
1380 1035 1424 1073 ἦν.
1438 1036 1541 1064 Τοῦτον
1554 1036 1648 1071 ἐπειδὴ
1663 1036 1726 1063 κατ’
1737 1035 1811 1062 ὲκεί-

1014 1090 1064 1117 νην
1078 1081 1128 1117 τὴν
1148 1080 1256 1116 ἡμέραν
1278 1079 1411 1115 Ῥωμαῖοι
1424 1079 1561 1112 ἔκτειναν,
1579 1078 1702 1113 κεφαλὴν
1726 1077 1809 1111 ἆγον-

1012 1135 1058 1159 τες
1068 1126 1118 1162 τὴν
1131 1125 1215 1153 αὐτοῦ
1231 1124 1308 1162 παρὰ
1323 1125 1353 1151 τὺ
1370 1124 1551 1160 στρατόπεδον
1565 1121 1659 1160 ἦλθον.
1673 1123 1810 1154 Βασιλεὺς

1013 1172 1042 1200 δὲ
1054 1172 1161 1208 (πόρρω
1170 1171 1225 1206 γὰρ
1234 1170 1284 1206 ἤδη
1293 1168 1328 1206 ἦν
1335 1169 1391 1197 τῶν
1398 1169 1517 1204 νυκτῶν)
1525 1169 1573 1196 καὶ
1589 1169 1629 1196 ἐτι
1638 1168 1686 1196 τοῦ
1696 1167 1810 1195 διώκειν

1013 1217 1203 1252 ἀποσχόμενος
1218 1215 1268 1242 σὺν
1282 1214 1425 1250 τροπαίοις
1437 1213 1544 1242 ἐκεῖθεν
1560 1214 1746 1249 ὑπέστρεφεν,
1777 1214 1810 1241 ὲν

1014 1263 1145 1299 συγχύσει
1155 1272 1185 1290 τε
1199 1263 1242 1290 ἔτι
1257 1263 1305 1290 καὶ
1322 1261 1422 1298 ἀταξίᾳ
1433 1261 1519 1298 πολλῇ
1545 1260 1700 1296 Ῥωμαίους
1716 1259 1809 1295 εὑρὼν

1013 1309 1101 1345 (οὔπω
1118 1310 1173 1345 γὰρ
1188 1309 1249 1336 οὐδὲ
1264 1307 1312 1335 τοῦ
1329 1307 1400 1335 κατὰ
1416 1307 1511 1335 νώτων
1527 1307 1628 1343 ἄχθους
1643 1305 1679 1333 τὰ
1708 1313 1808 1332 σκευο-

1013 1357 1084 1392 φόρα
1096 1356 1151 1383 τῶν
1165 1355 1243 1388 ζώων
1254 1354 1482 1391 ἀπηλλάττοντο),
1503 1354 1577 1381 ἃπαν
1603 1353 1634 1380 τδ
1653 1351 1809 1388 στρατόπε-

1012 1403 1057 1431 δον
1069 1403 1174 1440 σπουδῃ
1191 1401 1345 1437 περιελθὼν
1379 1401 1435 1428 τῶν
1448 1400 1598 1435 ταγμάτων
1614 1399 1724 1435 ἑκάστῳ
1755 1397 1809 1432 τὴν

1013 1449 1208 1485 προσήκουσαν
1220 1448 1348 1483 ἐνείματο
1372 1446 1476 1483 χώραν.
1504 1445 1586 1473 Ἀλλὰ
1615 1445 1663 1472 καὶ
1683 1443 1720 1475 ὡς
1750 1443 1808 1470 τῶν

1014 1494 1191 1529 στρατιωτῶν
1210 1493 1260 1520 οὐκ
1275 1491 1384 1526 ὀλίγους
1411 1491 1552 1526 ὲφίππους
1576 1487 1808 1523 διανυκτερεῦσαι

1013 1538 1146 1572 ξυνέπεσε
1163 1538 1202 1573 τῷ
1214 1537 1413 1572 ὑπερϐάλλοντι
1425 1536 1476 1571 τῆς
1491 1534 1661 1566 πυκνώσεως
1675 1533 1730 1560 οὐδ’
1743 1533 1809 1559 ὅσον

1012 1585 1149 1620 ἀποϐῆναι
1176 1583 1233 1611 τῶν
1251 1583 1344 1610 ἵππων
1372 1582 1548 1618 ἰσχύσαντας.
1588 1580 1645 1616 Τὴν
1675 1579 1725 1615 μὲν
1757 1575 1809 1606 οὖν

1012 1630 1097 1658 νύκτα
1116 1629 1148 1666 [Ρ
1161 1628 1207 1666 53]
1232 1628 1340 1664 ἐκείνην
1358 1627 1448 1659 οὕτως
1470 1626 1628 1663 ηὐλίσαντο.
1661 1625 1752 1653 Ἡλίου
1776 1625 1808 1651 δὲ

1012 1677 1075 1712 άρτι
1088 1675 1158 1711 πρὸς
1180 1675 1211 1702 τὸ
1231 1675 1281 1711 τῆς
1298 1675 1351 1710 γῆς
1383 1674 1571 1708 ὲπανάγοντος
1592 1673 1751 1708 πρόσωπον,
1776 1671 1808 1702 ἐς

1013 1724 1101 1759 μέσην
1120 1722 1241 1758 ἔφιππος
1261 1720 1407 1757 παρελθὼν
1430 1720 1480 1756 τὴν
1511 1719 1654 1755 στρατιὰν,
1677 1719 1715 1750 ὡς
1744 1717 1808 1750 ἔθος

1011 1771 1085 1798 ἐστὶν
1099 1768 1138 1802 οἷς
1163 1769 1370 1805 στρατιωτικῶν
1382 1767 1511 1803 ἡγεῖσθαι
1527 1767 1676 1802 ταγμάτων
1686 1764 1808 1799 συμϐαί-

1012 1827 1064 1851 νει,
1077 1812 1152 1850 έλὲξε
1168 1817 1258 1844 τοιάδε
1268 1825 1276 1833 ·
1294 1826 1304 1843 ‹
1317 1816 1431 1852 Ἄνδρες
1449 1816 1580 1850 γενναῖοι,
1595 1814 1643 1849 οὐχ
1651 1814 1688 1845 ὡς
1702 1812 1808 1840 δειλίαν

1012 1865 1090 1900 ὑμῶν
1109 1864 1262 1898 καταγνοὺς
1272 1863 1290 1899 ἦ
1305 1871 1366 1890 τινα
1381 1862 1533 1898 μαλακείαν
1547 1861 1630 1895 ἄλλην
1642 1860 1688 1887 ἐπὶ
1704 1859 1808 1894 θάρσος

1012 1911 1073 1945 ἥκω
1088 1909 1285 1945 παρακελεύων
1305 1909 1394 1944 ὑμᾶς’
1413 1909 1449 1944 μὴ
1469 1908 1555 1939 οὕτως
1576 1906 1730 1942 Ῥωμαίους
1755 1905 1805 1939 γέ-

1013 1966 1086 1984 νοιτο
1103 1957 1178 1992 σχεῖν
1192 1956 1327 1990 ἀγεννῶς,
1342 1955 1404 1991 μηδ’
1435 1955 1507 1982 οὕτω
1534 1954 1651 1989 πάτριον
1678 1952 1808 1988 αίσχῦναι

1013 2004 1110 2037 δόξανι
1127 2003 1196 2030 ἀλλὰ
1213 2003 1295 2038 νόμον
1309 2011 1339 2029 τε
1361 2002 1457 2029 τοῦτον
1484 2001 1668 2037 στρατηγικὸν
1699 1999 1808 2034 ἐκπλη-

1015 2049 1082 2085 ρῶν,
1113 2050 1183 2085 πρδς
1214 2049 1245 2076 τὺ
1279 2048 1375 2084 μέλλον
1406 2048 1437 2075 δὲ
1459 2047 1683 2082 ἀσφαλεστέρους
1699 2046 1808 2080 ὲνάγων

1014 2096 1098 2130 ὑμᾶς.
1121 2095 1307 2132 ’Δπροόρατον
1319 2094 1375 2130 γὰρ
1388 2093 1573 2130 ἐπερχόμενον
1588 2092 1618 2119 τὸ
1646 2092 1732 2119 δεινὸν
1758 2092 1808 2119 καὶ

1013 2142 1141 2176 γενναίαν
1154 2141 1229 2168 ἔστιν
1238 2143 1282 2168 ὅτε
1294 2139 1460 2176 ξυνετάραξε
1473 2139 1598 2178 γνώμην.
1613 2138 1686 2166 Ἴστε
1703 2138 1806 2172 τοίνυν,
1817 2132 1820 2143 ¹

168 2188 302 2221 animum,
318 2186 341 2214 si
357 2185 395 2214 illi
410 2190 553 2214 serventur
568 2186 652 2220 probe
672 2193 721 2213 nec
736 2193 750 2212 a
771 2186 850 2213 nobis
862 2184 959 2213 dissol-

1014 2186 1036 2216 ὧ
1057 2188 1271 2223 συστρατιῶται,
1290 2187 1410 2222 πόλεμον
1424 2187 1490 2222 ἡμῖν
1505 2184 1741 2233 ἁπαντήσεινλτην
1756 2185 1820 2233 σήἾ

167 2240 268 2263 vantur
282 2233 404 2268 omnino,
421 2233 443 2262 si
470 2233 589 2268 denique
612 2240 723 2268 operam
749 2233 865 2267 quisque
882 2239 960 2260 suam

165 2282 301 2318 iunxerit,
322 2285 425 2309 certam
445 2287 495 2307 nos
517 2281 665 2315 adepturos
691 2279 833 2307 victoriam
851 2283 879 2307 et
901 2286 962 2314 quae

169 2329 371 2357 lransmittelur
383 2326 439 2362 58
450 2326 482 2353 ad
495 2331 619 2361 posteros
629 2325 742 2360 gloriam
753 2329 960 2353 consecuturos.

166 2375 269 2404 Contra
297 2374 321 2402 si
347 2373 390 2401 vel
415 2372 556 2400 minimum
585 2371 696 2399 ordines
722 2371 791 2399 solvi
817 2371 962 2406 contigerit

168 2428 273 2456 nosque
289 2421 322 2448 ad
341 2420 457 2448 invicem
476 2419 608 2456 disjuiigi.
628 2426 678 2453 pro
700 2424 777 2447 certo
798 2418 895 2446 habete
913 2426 962 2446 nos

170 2469 251 2497 facile
268 2469 293 2496 in
309 2468 428 2496 hostium
444 2471 574 2494 venturos
586 2470 757 2501 potestatem.
778 2466 962 2500 Quemadmo-

168 2517 231 2543 dum
246 2515 319 2542 enim
337 2513 448 2541 effracta
464 2513 584 2540 obsessa
607 2512 728 2540 civitatis
750 2513 833 2540 latera
857 2512 960 2539 aditum

169 2558 391 2595 expugnantibus
414 2557 522 2586 facilem
538 2557 670 2592 prmbent,
688 2557 723 2585 ita
737 2564 766 2584 se
782 2565 824 2585 res
839 2557 919 2585 habet
933 2557 960 2585 in

168 2606 268 2634 castris
282 2610 309 2633 et
322 2605 349 2632 in
365 2605 502 2640 explicato
514 2605 648 2633 exercitu.
673 2603 765 2640 Neque
785 2611 865 2639 porro
879 2604 960 2632 aliam

167 2653 204 2680 ob
224 2659 334 2679 causam
353 2651 435 2687 prisci
452 2652 535 2679 duces
555 2651 684 2678 invenere
699 2651 821 2684 insidias,
837 2651 904 2678 aciei
919 2651 962 2678 in-

169 2698 361 2731 structionem,
378 2698 494 2732 primam
511 2697 553 2725 vel
569 2701 734 2732 postremam
752 2698 850 2730 aciem,
866 2698 961 2725 dextra

169 2747 218 2772 aut
240 2743 352 2771 sinistra
375 2751 488 2777 cornua,
511 2743 630 2779 aequales
646 2742 771 2771 ordinum
790 2739 962 2776 series,'for-

170 2797 297 2824 mamque
322 2790 490 2826 explicanda:
516 2790 594 2818 aciei.
620 2789 667 2817 Est
684 2790 755 2818 enim
779 2790 866 2818 instar
887 2790 962 2818 urbis

173 2837 313 2866 exercitus
336 2845 344 2866 :
367 2838 409 2867 cui
421 2842 449 2867 et
463 2837 549 2873 portis
569 2843 638 2872 opus
653 2840 681 2866 et
702 2836 822 2865 turribus
846 2840 874 2865 et
892 2836 961 2865 late-

1015 2241 1099 2269 μερον
1122 2233 1169 2259 τὸν
1204 2231 1290 2268 μείζω
1314 2239 1344 2258 τε
1360 2231 1415 2258 τῶν
1435 2230 1628 2266 προλαϐόντων
1641 2229 1689 2257 καὶ
1711 2228 1809 2264 ὥσπερ

1013 2259 1160 2314 άγίίινισμα
1192 2259 1352 2305 ¹έιλεῦιταϊον
1374 2277 1406 2313 δὴ
1434 2259 1514 2304 τοῦτο
1528 2275 1577 2303 καὶ
1606 2275 1721 2311 ἔσχατον
1736 2283 1743 2291 ·
1759 2259 1818 2323 miti

1014 2326 1067 2362 χρὴ
1080 2324 1307 2361 παρεσκευάσθαι
1322 2324 1415 2355 καλῶς
1432 2323 1488 2350 τῶν
1508 2331 1539 2350 τε
1565 2322 1708 2358 προτέρων
1739 2322 1809 2356 ἡμῖν

1014 2372 1129 2407 ἀγώνων
1143 2372 1226 2399 ἕνεκα
1240 2371 1287 2398 καὶ
1299 2371 1337 2402 ὡς
1349 2370 1382 2398 ἂν
1395 2369 1433 2406 μὴ
1447 2370 1495 2397 καὶ
1507 2369 1558 2404 τὴν
1586 2369 1732 2403 φθάσασαν
1755 2367 1808 2403 ἤδη

1013 2419 1068 2446 τῶν
1079 2417 1169 2454 ἔργων
1184 2417 1344 2452 ὲλέγξωμεν
1355 2416 1468 2452 ἀρετὴν,
1484 2415 1533 2442 καὶ
1558 2415 1652 2446 αὐτοῖς
1678 2413 1708 2440 δὲ
1739 2413 1808 2448 ἡμῖν

1013 2465 1088 2496 ὅπως
1101 2464 1228 2500 μεγάλων
1240 2463 1303 2500 ἄρτι
1319 2463 1403 2490 αἴτιοι
1427 2461 1546 2497 ἐσόμεθα
1565 2459 1726 2497 συμφορῶν.
1762 2459 1808 2491 Ὠς

1013 2512 1068 2548 γὰρ
1085 2510 1277 2547 προλαϐοῦσαν
1291 2510 1438 2546 δυστυχίαν
1455 2509 1611 2536 τελευταῖον
1634 2505 1808 2543 ἐπανορθοῦν

1014 2559 1158 2594 εὐτύχημα
1188 2559 1323 2594 πέφυκεν,
1353 2557 1442 2588 οὕτως
1456 2555 1587 2592 ἀτύχημα
1615 2554 1729 2591 ὕστερον
1755 2553 1806 2588 τὴν

1013 2605 1065 2641 ἠδη
1079 2604 1232 2641 διέφθειρεν
1243 2602 1405 2639 εὖκληρίαν.
1428 2601 1500 2630 Ἀλλ’
1514 2602 1589 2633 ὅπως
1606 2601 1643 2636 μὴ
1660 2600 1708 2627 καὶ
1738 2599 1807 2635 ἡμῖν

1013 2651 1106 2683 αὐτοῖς
1136 2650 1298 2686 τηλικοῦτόν
1318 2658 1356 2682 τι,
1381 2646 1527 2683 ὥλῷστοι,
1558 2647 1665 2682 γένοιτο
1696 2645 1808 2694 ξυμπε-

1014 2699 1082 2729 σεϊν,
1100 2697 1235 2732 τηρητέον
1250 2695 1287 2728 ὡς
1301 2695 1342 2722 Evr.
1360 2695 1478 2731 μάλιστα
1500 2693 1552 2730 τὴν
1576 2693 1654 2726 τάξιν
1680 2691 1805 2727 ἑκάστῳ,

1013 2745 1103 2770 ἐκεῖνο
1121 2743 1211 2774 καλῶς
1227 2742 1326 2770 είδόσιν
1347 2743 1385 2774 ὡς
1402 2743 1426 2769 εί
1455 2742 1504 2777 μὲν
1534 2742 1569 2768 τὰ
1591 2742 1641 2776 τῆς
1670 2742 1808 2775 τακτικῆς

1013 2790 1178 2825 ἀπαράλυτα
1191 2790 1370 2817 παντάπασιν
1386 2789 1454 2825 ἡμῖν
1464 2789 1571 2823 γένοιτο
1585 2788 1701 2821 ἕκαστός
1728 2797 1759 2815 τε
1776 2789 1806 2816 τὸ

1013 2836 1112 2865 ἑαυτοῦ
1137 2837 1195 2870 τοῖς
1224 2836 1316 2870 ἄλλοις
1347 2836 1550 2874 ξυνεισενέγκῃ,
1583 2837 1663 2872 νικᾷν
1682 2845 1711 2864 τε
1738 2837 1806 2872 ἡμῖν
