  <div class='ocr_page' id='page_1' title='image "/cluster/home/n/w/nwhite01/storage/ocr_20150623/133/njp.32101007797895/194.png"; bbox 0 0 1946 3083; ppageno 0'>
   <div class='ocr_carea' id='block_1_1' title="bbox 106 139 163 172">
    <p class='ocr_par' dir='ltr' id='par_1_1' title="bbox 106 139 163 172">
     <span class='ocr_line' id='line_1_1' title="bbox 106 139 163 172; baseline -0.035 0"><span class='ocrx_word' id='word_1_1' title='bbox 106 139 163 172; x_wconf 81' lang='grc'><strong>3⁵1⁸1</strong></span> 
     </span>
    </p>
   </div>
   <div class='ocr_carea' id='block_1_2' title="bbox 723 142 1158 176">
    <p class='ocr_par' dir='ltr' id='par_1_2' title="bbox 723 142 1158 176">
     <span class='ocr_line' id='line_1_2' title="bbox 723 142 1158 176; baseline 0.002 -1"><span class='ocrx_word' id='word_1_2' title='bbox 723 142 1001 176; x_wconf 79' lang='lat' dir='ltr'><strong>HISTORIARUM</strong></span> <span class='ocrx_word' id='word_1_3' title='bbox 1020 144 1096 176; x_wconf 87' lang='lat' dir='ltr'><strong>LIB.</strong></span> <span class='ocrx_word' id='word_1_4' title='bbox 1116 145 1158 176; x_wconf 85' lang='lat' dir='ltr'><strong>II.</strong></span> 
     </span>
    </p>
   </div>
   <div class='ocr_carea' id='block_1_3' title="bbox 1695 140 1748 174">
    <p class='ocr_par' dir='ltr' id='par_1_3' title="bbox 1695 140 1748 174">
     <span class='ocr_line' id='line_1_3' title="bbox 1695 140 1748 174; baseline -0.019 0"><span class='ocrx_word' id='word_1_5' title='bbox 1695 140 1748 174; x_wconf 82' lang='lat'><strong>378</strong></span> 
     </span>
    </p>
   </div>
   <div class='ocr_carea' id='block_1_4' title="bbox 105 195 903 237">
    <p class='ocr_par' dir='ltr' id='par_1_4' title="bbox 105 195 903 237">
     <span class='ocr_line' id='line_1_4' title="bbox 105 195 903 237; baseline 0.008 -15"><span class='ocrx_word' id='word_1_6' title='bbox 105 195 292 232; x_wconf 70' lang='grc' dir='ltr'>τυεριλήψεται</span> <span class='ocrx_word' id='word_1_7' title='bbox 312 196 360 225; x_wconf 78' lang='grc' dir='ltr'>καὶ</span> <span class='ocrx_word' id='word_1_8' title='bbox 375 197 456 232; x_wconf 83' lang='grc' dir='ltr'><strong>κλέος</strong></span> <span class='ocrx_word' id='word_1_9' title='bbox 473 197 584 233; x_wconf 70' lang='grc' dir='ltr'>ἑαυτοῖς</span> <span class='ocrx_word' id='word_1_10' title='bbox 604 199 783 237; x_wconf 65' lang='grc' dir='ltr'>περισώζειν,</span> <span class='ocrx_word' id='word_1_11' title='bbox 815 200 830 227; x_wconf 79' lang='grc' dir='ltr'><strong>δ</strong></span> <span class='ocrx_word' id='word_1_12' title='bbox 859 199 903 227; x_wconf 70' lang='grc' dir='ltr'>καὶ</span> 
     </span>
    </p>
   </div>
   <div class='ocr_carea' id='block_1_5' title="bbox 956 195 1749 237">
    <p class='ocr_par' dir='ltr' id='par_1_5' title="bbox 961 196 1749 235">
     <span class='ocr_line' id='line_1_5' title="bbox 961 196 1749 235; baseline -0.001 -7"><span class='ocrx_word' id='word_1_13' title='bbox 961 201 1036 229; x_wconf 88' lang='lat' dir='ltr'><strong>ribus</strong></span> <span class='ocrx_word' id='word_1_14' title='bbox 1055 206 1083 230; x_wconf 86' lang='lat' dir='ltr'><strong>et</strong></span> <span class='ocrx_word' id='word_1_15' title='bbox 1100 200 1182 230; x_wconf 83' lang='lat' dir='ltr'><strong>fossis</strong></span> <span class='ocrx_word' id='word_1_16' title='bbox 1195 205 1221 229; x_wconf 91' lang='lat' dir='ltr'><strong>et</strong></span> <span class='ocrx_word' id='word_1_17' title='bbox 1237 199 1346 230; x_wconf 65' lang='lat' dir='ltr'><strong>creteris</strong></span> <span class='ocrx_word' id='word_1_18' title='bbox 1359 206 1420 235; x_wconf 62' lang='lat' dir='ltr'><strong>qua:</strong></span> <span class='ocrx_word' id='word_1_19' title='bbox 1435 198 1468 227; x_wconf 87' lang='lat' dir='ltr'><strong>ad</strong></span> <span class='ocrx_word' id='word_1_20' title='bbox 1489 196 1597 227; x_wconf 77' lang='lat' dir='ltr'><strong>urbium</strong></span> <span class='ocrx_word' id='word_1_21' title='bbox 1617 205 1682 226; x_wconf 87' lang='lat' dir='ltr'><strong>usus</strong></span> <span class='ocrx_word' id='word_1_22' title='bbox 1699 207 1749 227; x_wconf 88' lang='lat' dir='ltr'><strong>ne-</strong></span> 
     </span>
    </p>
   </div>
   <div class='ocr_carea' id='block_1_6' title="bbox 105 243 903 283">
    <p class='ocr_par' dir='ltr' id='par_1_6' title="bbox 105 243 903 283">
     <span class='ocr_line' id='line_1_6' title="bbox 105 243 903 283; baseline 0.006 -14"><span class='ocrx_word' id='word_1_23' title='bbox 105 243 149 275; x_wconf 76' lang='grc' dir='ltr'>ιίς</span> <span class='ocrx_word' id='word_1_24' title='bbox 161 243 226 276; x_wconf 75' lang='grc' dir='ltr'>τοὺς</span> <span class='ocrx_word' id='word_1_25' title='bbox 242 243 385 272; x_wconf 84' lang='grc' dir='ltr'>είσέπειτα</span> <span class='ocrx_word' id='word_1_26' title='bbox 406 246 518 279; x_wconf 83' lang='grc' dir='ltr'>πάντως</span> <span class='ocrx_word' id='word_1_27' title='bbox 547 246 711 282; x_wconf 78' lang='grc' dir='ltr'><strong>ἀνθρώπους</strong></span> <span class='ocrx_word' id='word_1_28' title='bbox 737 249 903 283; x_wconf 83' lang='grc' dir='ltr'>παραμενεῖ.</span> 
     </span>
    </p>
   </div>
   <div class='ocr_carea' id='block_1_7' title="bbox 105 289 906 331">
    <p class='ocr_par' dir='ltr' id='par_1_7' title="bbox 105 289 906 331">
     <span class='ocr_line' id='line_1_7' title="bbox 105 289 906 331; baseline 0.006 -15"><span class='ocrx_word' id='word_1_29' title='bbox 105 289 140 316; x_wconf 85' lang='lat' dir='ltr'><strong>El</strong></span> <span class='ocrx_word' id='word_1_30' title='bbox 166 290 190 317; x_wconf 79' lang='grc' dir='ltr'>δ’</span> <span class='ocrx_word' id='word_1_31' title='bbox 218 289 252 317; x_wconf 80' lang='grc' dir='ltr'>αὖ</span> <span class='ocrx_word' id='word_1_32' title='bbox 286 290 446 319; x_wconf 81' lang='grc' dir='ltr'>τοῦνάντιον</span> <span class='ocrx_word' id='word_1_33' title='bbox 469 293 537 329; x_wconf 81' lang='grc' dir='ltr'>ἡμῖν</span> <span class='ocrx_word' id='word_1_34' title='bbox 563 292 690 330; x_wconf 79' lang='grc' dir='ltr'>ἀλλήλων</span> <span class='ocrx_word' id='word_1_35' title='bbox 700 293 906 331; x_wconf 78' lang='grc' dir='ltr'>ἀποδιῃρῆσθαι</span> 
     </span>
    </p>
   </div>
   <div class='ocr_carea' id='block_1_8' title="bbox 106 335 905 376">
    <p class='ocr_par' dir='ltr' id='par_1_8' title="bbox 106 335 905 376">
     <span class='ocr_line' id='line_1_8' title="bbox 106 335 905 376; baseline 0.008 -15"><span class='ocrx_word' id='word_1_36' title='bbox 106 335 247 372; x_wconf 77' lang='grc' dir='ltr'>συμϐαίη,</span> <span class='ocrx_word' id='word_1_37' title='bbox 261 336 362 364; x_wconf 83' lang='grc' dir='ltr'>αὐτίκα</span> <span class='ocrx_word' id='word_1_38' title='bbox 373 338 432 365; x_wconf 86' lang='grc' dir='ltr'>ίστε</span> <span class='ocrx_word' id='word_1_39' title='bbox 446 338 489 366; x_wconf 78' lang='grc' dir='ltr'>ὅτι</span> <span class='ocrx_word' id='word_1_40' title='bbox 505 339 538 375; x_wconf 83' lang='grc' dir='ltr'>δὴ</span> <span class='ocrx_word' id='word_1_41' title='bbox 548 339 707 376; x_wconf 82' lang='grc' dir='ltr'><strong>εὐχείρωτοι</strong></span> <span class='ocrx_word' id='word_1_42' title='bbox 720 341 779 372; x_wconf 88' lang='grc' dir='ltr'>τοῖς</span> <span class='ocrx_word' id='word_1_43' title='bbox 794 340 905 376; x_wconf 79' lang='grc' dir='ltr'><strong>ἐχθροῖς</strong></span> 
     </span>
    </p>
   </div>
   <div class='ocr_carea' id='block_1_9' title="bbox 106 381 906 422">
    <p class='ocr_par' dir='ltr' id='par_1_9' title="bbox 106 381 906 422">
     <span class='ocr_line' id='line_1_9' title="bbox 106 381 906 422; baseline 0.006 -14"><span class='ocrx_word' id='word_1_44' title='bbox 106 381 240 417; x_wconf 68' lang='grc' dir='ltr'>ἐσόμεθα.</span> <span class='ocrx_word' id='word_1_45' title='bbox 268 384 403 418; x_wconf 81' lang='grc' dir='ltr'><strong>Καθάπερ</strong></span> <span class='ocrx_word' id='word_1_46' title='bbox 432 385 488 421; x_wconf 82' lang='grc' dir='ltr'><strong>γὰρ</strong></span> <span class='ocrx_word' id='word_1_47' title='bbox 522 385 760 422; x_wconf 79' lang='grc' dir='ltr'><strong>πολιορκουμένης</strong></span> <span class='ocrx_word' id='word_1_48' title='bbox 801 386 906 418; x_wconf 83' lang='grc' dir='ltr'>πόλεως</span> 
     </span>
    </p>
   </div>
   <div class='ocr_carea' id='block_1_10' title="bbox 106 428 904 468">
    <p class='ocr_par' dir='ltr' id='par_1_10' title="bbox 106 428 904 468">
     <span class='ocr_line' id='line_1_10' title="bbox 106 428 904 468; baseline 0.008 -14"><span class='ocrx_word' id='word_1_49' title='bbox 106 428 215 464; x_wconf 76' lang='grc' dir='ltr'>πλευρὰ</span> <span class='ocrx_word' id='word_1_50' title='bbox 226 429 410 466; x_wconf 80' lang='grc' dir='ltr'>διαρῤαγεῖσα</span> <span class='ocrx_word' id='word_1_51' title='bbox 426 431 556 467; x_wconf 80' lang='grc' dir='ltr'>εὐέφοδον</span> <span class='ocrx_word' id='word_1_52' title='bbox 570 432 657 468; x_wconf 80' lang='grc' dir='ltr'>αὐτὴν</span> <span class='ocrx_word' id='word_1_53' title='bbox 686 434 744 464; x_wconf 78' lang='grc' dir='ltr'>τοῖς</span> <span class='ocrx_word' id='word_1_54' title='bbox 759 433 904 468; x_wconf 88' lang='grc' dir='ltr'>πολεμίοις</span> 
     </span>
    </p>
   </div>
   <div class='ocr_carea' id='block_1_11' title="bbox 105 474 905 515">
    <p class='ocr_par' dir='ltr' id='par_1_11' title="bbox 105 474 905 515">
     <span class='ocr_line' id='line_1_11' title="bbox 105 474 905 515; baseline 0.008 -15"><span class='ocrx_word' id='word_1_55' title='bbox 105 476 193 507; x_wconf 81' lang='grc' dir='ltr'>ποιεί,</span> <span class='ocrx_word' id='word_1_56' title='bbox 221 474 294 503; x_wconf 74' lang='grc' dir='ltr'>οὕτω</span> <span class='ocrx_word' id='word_1_57' title='bbox 325 475 358 511; x_wconf 85' lang='grc' dir='ltr'>δὴ</span> <span class='ocrx_word' id='word_1_58' title='bbox 385 478 434 504; x_wconf 74' lang='grc' dir='ltr'><strong>καὶ</strong></span> <span class='ocrx_word' id='word_1_59' title='bbox 459 477 507 505; x_wconf 74' lang='grc' dir='ltr'><strong>ἐπὶ</strong></span> <span class='ocrx_word' id='word_1_60' title='bbox 533 478 588 506; x_wconf 87' lang='grc' dir='ltr'><strong>τῶν</strong></span> <span class='ocrx_word' id='word_1_61' title='bbox 612 478 805 514; x_wconf 76' lang='grc' dir='ltr'><strong>στρατοπέδων</strong></span> <span class='ocrx_word' id='word_1_62' title='bbox 837 479 905 515; x_wconf 78' lang='grc' dir='ltr'>ἔχει.</span> 
     </span>
    </p>
   </div>
   <div class='ocr_carea' id='block_1_12' title="bbox 111 519 903 562">
    <p class='ocr_par' dir='ltr' id='par_1_12' title="bbox 111 519 903 562">
     <span class='ocr_line' id='line_1_12' title="bbox 111 519 903 562; baseline 0.008 -15"><span class='ocrx_word' id='word_1_63' title='bbox 111 519 226 556; x_wconf 80' lang='grc' dir='ltr'>Ἀμέλει</span> <span class='ocrx_word' id='word_1_64' title='bbox 247 522 295 549; x_wconf 85' lang='grc' dir='ltr'>καὶ</span> <span class='ocrx_word' id='word_1_65' title='bbox 320 522 417 550; x_wconf 80' lang='grc' dir='ltr'>τούτου</span> <span class='ocrx_word' id='word_1_66' title='bbox 446 523 529 551; x_wconf 73' lang='grc' dir='ltr'>ἕνεκα</span> <span class='ocrx_word' id='word_1_67' title='bbox 557 523 632 560; x_wconf 82' lang='grc' dir='ltr'>λόχοι</span> <span class='ocrx_word' id='word_1_68' title='bbox 642 525 691 552; x_wconf 79' lang='grc' dir='ltr'><strong>καὶ</strong></span> <span class='ocrx_word' id='word_1_69' title='bbox 724 526 903 562; x_wconf 77' lang='grc' dir='ltr'>παρατάξεις,</span> 
     </span>
    </p>
   </div>
   <div class='ocr_carea' id='block_1_13' title="bbox 104 566 905 605">
    <p class='ocr_par' dir='ltr' id='par_1_13' title="bbox 104 566 905 605">
     <span class='ocr_line' id='line_1_13' title="bbox 104 566 905 605; baseline 0.006 -12"><span class='ocrx_word' id='word_1_70' title='bbox 104 566 234 594; x_wconf 78' lang='grc' dir='ltr'>ὁπίσθιαί</span> <span class='ocrx_word' id='word_1_71' title='bbox 249 577 278 595; x_wconf 89' lang='grc' dir='ltr'><strong>τε</strong></span> <span class='ocrx_word' id='word_1_72' title='bbox 295 569 342 596; x_wconf 73' lang='grc' dir='ltr'>καὶ</span> <span class='ocrx_word' id='word_1_73' title='bbox 357 569 528 605; x_wconf 73' lang='grc' dir='ltr'>ἑμπρόσθιαι</span> <span class='ocrx_word' id='word_1_74' title='bbox 545 569 698 605; x_wconf 84' lang='grc' dir='ltr'><strong>φάλαγγες,</strong></span> <span class='ocrx_word' id='word_1_75' title='bbox 721 570 756 598; x_wconf 81' lang='grc' dir='ltr'>τὰ</span> <span class='ocrx_word' id='word_1_76' title='bbox 784 571 858 604; x_wconf 80' lang='grc' dir='ltr'>δεξιά</span> <span class='ocrx_word' id='word_1_77' title='bbox 875 579 905 598; x_wconf 83' lang='grc' dir='ltr'><strong>τε</strong></span> 
     </span>
    </p>
   </div>
   <div class='ocr_carea' id='block_1_14' title="bbox 105 614 905 653">
    <p class='ocr_par' dir='ltr' id='par_1_14' title="bbox 105 614 905 653">
     <span class='ocr_line' id='line_1_14' title="bbox 105 614 905 653; baseline 0.005 -12"><span class='ocrx_word' id='word_1_78' title='bbox 105 615 157 641; x_wconf 79' lang='grc' dir='ltr'>καὶ</span> <span class='ocrx_word' id='word_1_79' title='bbox 169 614 297 650; x_wconf 83' lang='grc' dir='ltr'><strong>εὐώνυμα</strong></span> <span class='ocrx_word' id='word_1_80' title='bbox 311 615 368 642; x_wconf 86' lang='grc' dir='ltr'><strong>τῶν</strong></span> <span class='ocrx_word' id='word_1_81' title='bbox 383 615 521 651; x_wconf 80' lang='grc' dir='ltr'><strong>κεράτων,</strong></span> <span class='ocrx_word' id='word_1_82' title='bbox 538 616 701 653; x_wconf 87' lang='grc' dir='ltr'>ίσοστοιχίαι</span> <span class='ocrx_word' id='word_1_83' title='bbox 715 626 746 644; x_wconf 83' lang='grc' dir='ltr'><strong>τε</strong></span> <span class='ocrx_word' id='word_1_84' title='bbox 763 618 812 645; x_wconf 76' lang='grc' dir='ltr'>καὶ</span> <span class='ocrx_word' id='word_1_85' title='bbox 835 617 905 653; x_wconf 84' lang='grc' dir='ltr'>σχή-</span> 
     </span>
    </p>
   </div>
   <div class='ocr_carea' id='block_1_15' title="bbox 106 662 904 701">
    <p class='ocr_par' dir='ltr' id='par_1_15' title="bbox 106 662 904 701">
     <span class='ocr_line' id='line_1_15' title="bbox 106 662 904 701; baseline 0.004 -13"><span class='ocrx_word' id='word_1_86' title='bbox 106 670 184 697; x_wconf 86' lang='grc' dir='ltr'>ματα</span> <span class='ocrx_word' id='word_1_87' title='bbox 202 662 385 698; x_wconf 79' lang='grc' dir='ltr'>παρατάξεων</span> <span class='ocrx_word' id='word_1_88' title='bbox 397 663 432 699; x_wconf 88' lang='lat' dir='ltr'><strong>(r)</strong></span> <span class='ocrx_word' id='word_1_89' title='bbox 448 665 505 695; x_wconf 83' lang='grc' dir='ltr'>τοῖς</span> <span class='ocrx_word' id='word_1_90' title='bbox 519 664 604 692; x_wconf 88' lang='grc' dir='ltr'>πάλαι</span> <span class='ocrx_word' id='word_1_91' title='bbox 629 665 786 701; x_wconf 80' lang='grc' dir='ltr'>ἀνθρώποις</span> <span class='ocrx_word' id='word_1_92' title='bbox 813 665 904 692; x_wconf 77' lang='grc' dir='ltr'>ἐπινε-</span> 
     </span>
    </p>
   </div>
   <div class='ocr_carea' id='block_1_16' title="bbox 103 707 904 746">
    <p class='ocr_par' dir='ltr' id='par_1_16' title="bbox 103 707 904 746">
     <span class='ocr_line' id='line_1_16' title="bbox 103 707 904 746; baseline 0.005 -12"><span class='ocrx_word' id='word_1_93' title='bbox 103 707 214 742; x_wconf 81' lang='grc' dir='ltr'>νόηται.</span> <span class='ocrx_word' id='word_1_94' title='bbox 232 709 314 741; x_wconf 82' lang='grc' dir='ltr'>Πόλις</span> <span class='ocrx_word' id='word_1_95' title='bbox 328 709 383 745; x_wconf 89' lang='grc' dir='ltr'><strong>γάρ</strong></span> <span class='ocrx_word' id='word_1_96' title='bbox 397 718 440 741; x_wconf 86' lang='grc' dir='ltr'><strong>τις</strong></span> <span class='ocrx_word' id='word_1_97' title='bbox 452 710 501 737; x_wconf 74' lang='grc' dir='ltr'>καὶ</span> <span class='ocrx_word' id='word_1_98' title='bbox 514 710 545 737; x_wconf 67' lang='grc' dir='ltr'>τὸ</span> <span class='ocrx_word' id='word_1_99' title='bbox 558 711 742 746; x_wconf 82' lang='grc' dir='ltr'>στρατόπεδόν</span> <span class='ocrx_word' id='word_1_100' title='bbox 756 712 826 739; x_wconf 79' lang='grc' dir='ltr'>ἔστι.</span> <span class='ocrx_word' id='word_1_101' title='bbox 847 711 904 738; x_wconf 78' lang='grc' dir='ltr'>Καὶ</span> 
     </span>
    </p>
   </div>
   <div class='ocr_carea' id='block_1_17' title="bbox 103 753 904 794">
    <p class='ocr_par' dir='ltr' id='par_1_17' title="bbox 103 753 904 794">
     <span class='ocr_line' id='line_1_17' title="bbox 103 753 904 794; baseline 0.005 -14"><span class='ocrx_word' id='word_1_102' title='bbox 103 753 148 781; x_wconf 78' lang='grc' dir='ltr'><strong>δεῖ</strong></span> <span class='ocrx_word' id='word_1_103' title='bbox 164 754 215 788; x_wconf 82' lang='grc' dir='ltr'>μὲν</span> <span class='ocrx_word' id='word_1_104' title='bbox 229 755 299 791; x_wconf 82' lang='grc' dir='ltr'>αὐτῇ</span> <span class='ocrx_word' id='word_1_105' title='bbox 314 755 415 788; x_wconf 86' lang='grc' dir='ltr'>πυλῶν,</span> <span class='ocrx_word' id='word_1_106' title='bbox 431 756 473 783; x_wconf 81' lang='grc' dir='ltr'>δεῖ</span> <span class='ocrx_word' id='word_1_107' title='bbox 486 756 515 783; x_wconf 77' lang='grc' dir='ltr'>δὲ</span> <span class='ocrx_word' id='word_1_108' title='bbox 534 757 673 794; x_wconf 81' lang='grc' dir='ltr'>πλευρῶν,</span> <span class='ocrx_word' id='word_1_109' title='bbox 684 757 765 791; x_wconf 77' lang='grc' dir='ltr'>δεῖδὲ</span> <span class='ocrx_word' id='word_1_110' title='bbox 777 759 904 794; x_wconf 81' lang='grc' dir='ltr'><strong>τάφρων,</strong></span> 
     </span>
    </p>
   </div>
   <div class='ocr_carea' id='block_1_18' title="bbox 105 800 902 839">
    <p class='ocr_par' dir='ltr' id='par_1_18' title="bbox 105 800 902 839">
     <span class='ocr_line' id='line_1_18' title="bbox 105 800 902 839; baseline 0.006 -13"><span class='ocrx_word' id='word_1_111' title='bbox 105 801 157 826; x_wconf 75' lang='grc' dir='ltr'>καὶ</span> <span class='ocrx_word' id='word_1_112' title='bbox 173 800 265 836; x_wconf 82' lang='grc' dir='ltr'>πάσης</span> <span class='ocrx_word' id='word_1_113' title='bbox 278 801 363 837; x_wconf 83' lang='grc' dir='ltr'>άλλης</span> <span class='ocrx_word' id='word_1_114' title='bbox 378 801 491 830; x_wconf 85' lang='grc' dir='ltr'>πόλεσιν</span> <span class='ocrx_word' id='word_1_115' title='bbox 515 803 707 839; x_wconf 81' lang='grc' dir='ltr'>ἀναλογούσης</span> <span class='ocrx_word' id='word_1_116' title='bbox 729 804 902 836; x_wconf 84' lang='grc' dir='ltr'>ἀκολουθίας.</span> 
     </span>
    </p>
   </div>
   <div class='ocr_carea' id='block_1_19' title="bbox 104 846 903 886">
    <p class='ocr_par' dir='ltr' id='par_1_19' title="bbox 104 846 903 886">
     <span class='ocr_line' id='line_1_19' title="bbox 104 846 903 886; baseline 0.006 -13"><span class='ocrx_word' id='word_1_117' title='bbox 104 846 168 883; x_wconf 82' lang='grc' dir='ltr'><strong>Χρὴ</strong></span> <span class='ocrx_word' id='word_1_118' title='bbox 183 846 274 874; x_wconf 84' lang='grc' dir='ltr'>τοίνυν</span> <span class='ocrx_word' id='word_1_119' title='bbox 290 847 362 875; x_wconf 76' lang='grc' dir='ltr'>οὕτω</span> <span class='ocrx_word' id='word_1_120' title='bbox 374 848 641 884; x_wconf 81' lang='grc' dir='ltr'>παρασκευάσασθαι</span> <span class='ocrx_word' id='word_1_121' title='bbox 665 850 713 877; x_wconf 82' lang='grc' dir='ltr'>καὶ</span> <span class='ocrx_word' id='word_1_122' title='bbox 726 850 812 886; x_wconf 78' lang='grc' dir='ltr'>ἡμᾶς.</span> <span class='ocrx_word' id='word_1_123' title='bbox 842 851 903 878; x_wconf 81' lang='grc' dir='ltr'><strong>Ἔτι</strong></span> 
     </span>
    </p>
   </div>
   <div class='ocr_carea' id='block_1_20' title="bbox 104 893 903 932">
    <p class='ocr_par' dir='ltr' id='par_1_20' title="bbox 104 893 903 932">
     <span class='ocr_line' id='line_1_20' title="bbox 104 893 903 932; baseline 0.006 -13"><span class='ocrx_word' id='word_1_124' title='bbox 104 893 163 929; x_wconf 82' lang='grc' dir='ltr'>γὰρ</span> <span class='ocrx_word' id='word_1_125' title='bbox 179 894 245 930; x_wconf 74' lang='grc' dir='ltr'>περὶ</span> <span class='ocrx_word' id='word_1_126' title='bbox 256 894 343 929; x_wconf 84' lang='grc' dir='ltr'>μέσην</span> <span class='ocrx_word' id='word_1_127' title='bbox 358 903 409 922; x_wconf 88' lang='grc' dir='ltr'><strong>που</strong></span> <span class='ocrx_word' id='word_1_128' title='bbox 426 895 478 931; x_wconf 87' lang='grc' dir='ltr'>τὴν</span> <span class='ocrx_word' id='word_1_129' title='bbox 498 895 634 931; x_wconf 78' lang='grc' dir='ltr'>πολεμίαν</span> <span class='ocrx_word' id='word_1_130' title='bbox 659 896 743 932; x_wconf 79' lang='grc' dir='ltr'>ἐσμὲν</span> <span class='ocrx_word' id='word_1_131' title='bbox 774 896 823 924; x_wconf 84' lang='grc' dir='ltr'>καὶ</span> <span class='ocrx_word' id='word_1_132' title='bbox 848 897 903 925; x_wconf 85' lang='grc' dir='ltr'><strong>τῶν</strong></span> 
     </span>
    </p>
   </div>
   <div class='ocr_carea' id='block_1_21' title="bbox 111 939 903 978">
    <p class='ocr_par' dir='ltr' id='par_1_21' title="bbox 111 939 903 978">
     <span class='ocr_line' id='line_1_21' title="bbox 111 939 903 978; baseline 0.005 -12"><span class='ocrx_word' id='word_1_133' title='bbox 111 939 266 975; x_wconf 79' lang='grc' dir='ltr'>Ῥωμαῖδος</span> <span class='ocrx_word' id='word_1_134' title='bbox 280 940 386 976; x_wconf 78' lang='grc' dir='ltr'>μακρὸν</span> <span class='ocrx_word' id='word_1_135' title='bbox 402 941 626 977; x_wconf 79' lang='grc' dir='ltr'>ἀποπλανώμεθα</span> <span class='ocrx_word' id='word_1_136' title='bbox 640 942 733 978; x_wconf 83' lang='grc' dir='ltr'>ὁρίων.</span> <span class='ocrx_word' id='word_1_137' title='bbox 748 951 758 968; x_wconf 77' lang='grc' dir='ltr'><strong>ι</strong></span> <span class='ocrx_word' id='word_1_138' title='bbox 776 942 903 970; x_wconf 80' lang='grc' dir='ltr'>Τοσαῦτα</span> 
     </span>
    </p>
   </div>
   <div class='ocr_carea' id='block_1_22' title="bbox 105 985 903 1025">
    <p class='ocr_par' dir='ltr' id='par_1_22' title="bbox 105 985 903 1025">
     <span class='ocr_line' id='line_1_22' title="bbox 105 985 903 1025; baseline 0.004 -12"><span class='ocrx_word' id='word_1_139' title='bbox 105 985 195 1014; x_wconf 78' lang='grc' dir='ltr'>εἰπὼν</span> <span class='ocrx_word' id='word_1_140' title='bbox 213 987 347 1020; x_wconf 82' lang='grc' dir='ltr'>συντάξας</span> <span class='ocrx_word' id='word_1_141' title='bbox 363 996 393 1014; x_wconf 86' lang='grc' dir='ltr'><strong>τε</strong></span> <span class='ocrx_word' id='word_1_142' title='bbox 408 988 480 1015; x_wconf 79' lang='grc' dir='ltr'>κατὰ</span> <span class='ocrx_word' id='word_1_143' title='bbox 491 989 595 1024; x_wconf 87' lang='grc' dir='ltr'>κόσμον</span> <span class='ocrx_word' id='word_1_144' title='bbox 606 988 637 1015; x_wconf 79' lang='grc' dir='ltr'>τὸ</span> <span class='ocrx_word' id='word_1_145' title='bbox 652 989 814 1025; x_wconf 82' lang='grc' dir='ltr'>στράτευμα</span> <span class='ocrx_word' id='word_1_146' title='bbox 837 989 903 1017; x_wconf 79' lang='grc' dir='ltr'>εὐθὺ</span> 
     </span>
    </p>
   </div>
   <div class='ocr_carea' id='block_1_23' title="bbox 104 1032 904 1072">
    <p class='ocr_par' dir='ltr' id='par_1_23' title="bbox 104 1032 904 1072">
     <span class='ocr_line' id='line_1_23' title="bbox 104 1032 904 1072; baseline 0.005 -12"><span class='ocrx_word' id='word_1_147' title='bbox 104 1033 159 1069; x_wconf 81' lang='grc' dir='ltr'>τῆς</span> <span class='ocrx_word' id='word_1_148' title='bbox 179 1032 290 1070; x_wconf 87' lang='grc' dir='ltr'>λίμνης,</span> <span class='ocrx_word' id='word_1_149' title='bbox 305 1034 339 1069; x_wconf 84' lang='grc' dir='ltr'>ἢν</span> <span class='ocrx_word' id='word_1_150' title='bbox 361 1034 447 1062; x_wconf 88' lang='grc' dir='ltr'>πάλαι</span> <span class='ocrx_word' id='word_1_151' title='bbox 466 1035 516 1070; x_wconf 72' lang='grc' dir='ltr'>μὲν</span> <span class='ocrx_word' id='word_1_152' title='bbox 544 1035 591 1062; x_wconf 82' lang='grc' dir='ltr'>τοῦ</span> <span class='ocrx_word' id='word_1_153' title='bbox 621 1035 757 1072; x_wconf 82' lang='grc' dir='ltr'>Σκ).ηροῦ,</span> <span class='ocrx_word' id='word_1_154' title='bbox 776 1036 849 1064; x_wconf 88' lang='grc' dir='ltr'>κατὰ</span> <span class='ocrx_word' id='word_1_155' title='bbox 875 1036 904 1064; x_wconf 77' lang='grc' dir='ltr'>δὲ</span> 
     </span>
    </p>
   </div>
   <div class='ocr_carea' id='block_1_24' title="bbox 104 1079 902 1118">
    <p class='ocr_par' dir='ltr' id='par_1_24' title="bbox 104 1079 902 1118">
     <span class='ocr_line' id='line_1_24' title="bbox 104 1079 902 1118; baseline 0.004 -12"><span class='ocrx_word' id='word_1_156' title='bbox 104 1080 172 1111; x_wconf 80' lang='grc' dir='ltr'>τοὺς</span> <span class='ocrx_word' id='word_1_157' title='bbox 189 1079 238 1107; x_wconf 81' lang='grc' dir='ltr'>νῦν</span> <span class='ocrx_word' id='word_1_158' title='bbox 251 1080 367 1115; x_wconf 82' lang='grc' dir='ltr'>χρόνους</span> <span class='ocrx_word' id='word_1_159' title='bbox 397 1080 446 1108; x_wconf 83' lang='grc' dir='ltr'>τοῦ</span> <span class='ocrx_word' id='word_1_160' title='bbox 475 1081 638 1118; x_wconf 84' lang='grc' dir='ltr'>Πουγγούση</span> <span class='ocrx_word' id='word_1_161' title='bbox 667 1082 808 1116; x_wconf 83' lang='grc' dir='ltr'>καλοῦσιν,</span> <span class='ocrx_word' id='word_1_162' title='bbox 841 1081 902 1110; x_wconf 82' lang='grc' dir='ltr'>ὀδοῦ</span> 
     </span>
    </p>
   </div>
   <div class='ocr_carea' id='block_1_25' title="bbox 103 1125 904 1163">
    <p class='ocr_par' dir='ltr' id='par_1_25' title="bbox 103 1125 904 1163">
     <span class='ocr_line' id='line_1_25' title="bbox 103 1125 904 1163; baseline 0.001 -11"><span class='ocrx_word' id='word_1_163' title='bbox 103 1125 207 1161; x_wconf 70' lang='grc' dir='ltr'>εἶχετο.</span> <span class='ocrx_word' id='word_1_164' title='bbox 237 1126 313 1153; x_wconf 78' lang='grc' dir='ltr'>Ἐπεὶ</span> <span class='ocrx_word' id='word_1_165' title='bbox 323 1126 346 1153; x_wconf 82' lang='grc' dir='ltr'>δ’</span> <span class='ocrx_word' id='word_1_166' title='bbox 369 1126 399 1153; x_wconf 74' lang='grc' dir='ltr'>ὲν</span> <span class='ocrx_word' id='word_1_167' title='bbox 412 1127 475 1159; x_wconf 80' lang='grc' dir='ltr'>ταῖς</span> <span class='ocrx_word' id='word_1_168' title='bbox 498 1127 625 1154; x_wconf 83' lang='grc' dir='ltr'>πεδιάσιν</span> <span class='ocrx_word' id='word_1_169' title='bbox 649 1127 702 1163; x_wconf 84' lang='grc' dir='ltr'><strong>ήδη</strong></span> <span class='ocrx_word' id='word_1_170' title='bbox 724 1127 834 1163; x_wconf 72' lang='grc' dir='ltr'>ἐγένετο</span> <span class='ocrx_word' id='word_1_171' title='bbox 855 1126 904 1154; x_wconf 79' lang='grc' dir='ltr'>καὶ</span> 
     </span>
    </p>
   </div>
   <div class='ocr_carea' id='block_1_26' title="bbox 104 1171 904 1212">
    <p class='ocr_par' dir='ltr' id='par_1_26' title="bbox 104 1171 904 1212">
     <span class='ocr_line' id='line_1_26' title="bbox 104 1171 904 1212; baseline 0.004 -15"><span class='ocrx_word' id='word_1_172' title='bbox 104 1171 156 1207; x_wconf 85' lang='grc' dir='ltr'><strong>τῆς</strong></span> <span class='ocrx_word' id='word_1_173' title='bbox 172 1172 311 1207; x_wconf 74' lang='grc' dir='ltr'>προτέρας</span> <span class='ocrx_word' id='word_1_174' title='bbox 328 1172 511 1212; x_wconf 76' lang='grc' dir='ltr'>στενοχωρίας</span> <span class='ocrx_word' id='word_1_175' title='bbox 533 1172 563 1199; x_wconf 77' lang='grc' dir='ltr'>ὲν</span> <span class='ocrx_word' id='word_1_176' title='bbox 589 1173 741 1209; x_wconf 80' lang='grc' dir='ltr'>εὐρυχώρῳ</span> <span class='ocrx_word' id='word_1_177' title='bbox 771 1173 904 1200; x_wconf 86' lang='grc' dir='ltr'>καθίστα-</span> 
     </span>
    </p>
   </div>
   <div class='ocr_carea' id='block_1_27' title="bbox 104 1216 904 1254">
    <p class='ocr_par' dir='ltr' id='par_1_27' title="bbox 104 1216 904 1254">
     <span class='ocr_line' id='line_1_27' title="bbox 104 1216 904 1254; baseline 0.003 -10"><span class='ocrx_word' id='word_1_178' title='bbox 104 1226 153 1244; x_wconf 82' lang='grc' dir='ltr'><strong>ται</strong></span> <span class='ocrx_word' id='word_1_179' title='bbox 178 1216 270 1252; x_wconf 80' lang='grc' dir='ltr'>τούτῳ</span> <span class='ocrx_word' id='word_1_180' title='bbox 300 1216 437 1254; x_wconf 85' lang='grc' dir='ltr'><strong>[[.τόπῳ]</strong></span> <span class='ocrx_word' id='word_1_181' title='bbox 468 1217 499 1245; x_wconf 78' lang='grc' dir='ltr'><strong>τὸ</strong></span> <span class='ocrx_word' id='word_1_182' title='bbox 527 1219 702 1254; x_wconf 86' lang='grc' dir='ltr'>στράτευμα,</span> <span class='ocrx_word' id='word_1_183' title='bbox 725 1219 833 1246; x_wconf 83' lang='grc' dir='ltr'>κελεύει</span> <span class='ocrx_word' id='word_1_184' title='bbox 849 1219 904 1246; x_wconf 84' lang='grc' dir='ltr'><strong>τῶν</strong></span> 
     </span>
    </p>
   </div>
   <div class='ocr_carea' id='block_1_28' title="bbox 106 1264 905 1303">
    <p class='ocr_par' dir='ltr' id='par_1_28' title="bbox 106 1264 905 1303">
     <span class='ocr_line' id='line_1_28' title="bbox 106 1264 905 1303; baseline 0.005 -13"><span class='ocrx_word' id='word_1_185' title='bbox 106 1264 286 1299; x_wconf 80' lang='grc' dir='ltr'>στρατιωτῶν</span> <span class='ocrx_word' id='word_1_186' title='bbox 299 1273 353 1292; x_wconf 82' lang='grc' dir='ltr'>τινι</span> <span class='ocrx_word' id='word_1_187' title='bbox 370 1265 442 1301; x_wconf 82' lang='grc' dir='ltr'>μέγα</span> <span class='ocrx_word' id='word_1_188' title='bbox 457 1275 483 1293; x_wconf 83' lang='grc' dir='ltr'><strong>τι</strong></span> <span class='ocrx_word' id='word_1_189' title='bbox 513 1266 562 1294; x_wconf 75' lang='grc' dir='ltr'>καὶ</span> <span class='ocrx_word' id='word_1_190' title='bbox 587 1266 755 1299; x_wconf 71' lang='grc' dir='ltr'>ἐξάκουστον</span> <span class='ocrx_word' id='word_1_191' title='bbox 782 1267 905 1303; x_wconf 78' lang='grc' dir='ltr'>ἀνακρα-</span> 
     </span>
    </p>
   </div>
   <div class='ocr_carea' id='block_1_29' title="bbox 105 1310 904 1349">
    <p class='ocr_par' dir='ltr' id='par_1_29' title="bbox 105 1310 904 1349">
     <span class='ocr_line' id='line_1_29' title="bbox 105 1310 904 1349; baseline 0.005 -12"><span class='ocrx_word' id='word_1_192' title='bbox 105 1310 185 1345; x_wconf 80' lang='grc' dir='ltr'>γόντι</span> <span class='ocrx_word' id='word_1_193' title='bbox 205 1311 319 1347; x_wconf 82' lang='grc' dir='ltr'>Περσῶν</span> <span class='ocrx_word' id='word_1_194' title='bbox 342 1320 404 1340; x_wconf 84' lang='grc' dir='ltr'>τινα</span> <span class='ocrx_word' id='word_1_195' title='bbox 430 1313 558 1341; x_wconf 80' lang='grc' dir='ltr'>καλέσαι.</span> <span class='ocrx_word' id='word_1_196' title='bbox 593 1313 623 1341; x_wconf 92' lang='lat'><strong>&#39;0</strong></span> <span class='ocrx_word' id='word_1_197' title='bbox 637 1314 688 1349; x_wconf 73' lang='grc' dir='ltr'>μὲν</span> <span class='ocrx_word' id='word_1_198' title='bbox 710 1311 759 1341; x_wconf 77' lang='grc' dir='ltr'>οὖν</span> <span class='ocrx_word' id='word_1_199' title='bbox 785 1314 857 1341; x_wconf 84' lang='grc' dir='ltr'>κατὰ</span> <span class='ocrx_word' id='word_1_200' title='bbox 872 1313 904 1340; x_wconf 84' lang='grc' dir='ltr'><strong>τὺ</strong></span> 
     </span>
    </p>
   </div>
   <div class='ocr_carea' id='block_1_30' title="bbox 106 1357 904 1396">
    <p class='ocr_par' dir='ltr' id='par_1_30' title="bbox 106 1357 904 1396">
     <span class='ocr_line' id='line_1_30' title="bbox 106 1357 904 1396; baseline 0.004 -12"><span class='ocrx_word' id='word_1_201' title='bbox 106 1357 255 1385; x_wconf 81' lang='grc' dir='ltr'>κελευσθὲν</span> <span class='ocrx_word' id='word_1_202' title='bbox 267 1358 365 1386; x_wconf 67' lang='grc' dir='ltr'>ἐποίει.</span> <span class='ocrx_word' id='word_1_203' title='bbox 381 1358 527 1395; x_wconf 85' lang='grc' dir='ltr'>Προσιόντι</span> <span class='ocrx_word' id='word_1_204' title='bbox 539 1358 570 1386; x_wconf 81' lang='grc' dir='ltr'>δὲ</span> <span class='ocrx_word' id='word_1_205' title='bbox 590 1359 630 1394; x_wconf 85' lang='grc' dir='ltr'>τῷ</span> <span class='ocrx_word' id='word_1_206' title='bbox 652 1359 745 1396; x_wconf 69' lang='grc' dir='ltr'>Πέρσῃ</span> <span class='ocrx_word' id='word_1_207' title='bbox 758 1366 767 1375; x_wconf 75' lang='grc' dir='ltr'><strong><em>ο</em></strong></span> <span class='ocrx_word' id='word_1_208' title='bbox 784 1369 793 1386; x_wconf 73' lang='grc' dir='ltr'><strong>ι</strong></span> <span class='ocrx_word' id='word_1_209' title='bbox 808 1359 904 1387; x_wconf 83' lang='grc' dir='ltr'>Ταῦτα</span> 
     </span>
    </p>
   </div>
   <div class='ocr_carea' id='block_1_31' title="bbox 105 1402 903 1441">
    <p class='ocr_par' dir='ltr' id='par_1_31' title="bbox 105 1402 903 1441">
     <span class='ocr_line' id='line_1_31' title="bbox 105 1402 903 1441; baseline 0.001 -11"><span class='ocrx_word' id='word_1_210' title='bbox 105 1402 178 1438; x_wconf 78' lang='grc' dir='ltr'>πρὸς</span> <span class='ocrx_word' id='word_1_211' title='bbox 196 1403 244 1431; x_wconf 86' lang='grc' dir='ltr'>τδν</span> <span class='ocrx_word' id='word_1_212' title='bbox 261 1404 387 1438; x_wconf 83' lang='grc' dir='ltr'>σουλτὰν,</span> <span class='ocrx_word' id='word_1_213' title='bbox 409 1404 538 1440; x_wconf 77' lang='grc' dir='ltr'>βασιλεὺς</span> <span class='ocrx_word' id='word_1_214' title='bbox 557 1403 589 1441; x_wconf 85' lang='grc' dir='ltr'><strong>[Ρ</strong></span> <span class='ocrx_word' id='word_1_215' title='bbox 604 1403 650 1441; x_wconf 76' lang='lat'><strong>33]</strong></span> <span class='ocrx_word' id='word_1_216' title='bbox 673 1404 737 1440; x_wconf 80' lang='grc' dir='ltr'>ἐφη,</span> <span class='ocrx_word' id='word_1_217' title='bbox 764 1404 903 1439; x_wconf 78' lang='grc' dir='ltr'>ἀγγελεῖς.</span> 
     </span>
    </p>
   </div>
   <div class='ocr_carea' id='block_1_32' title="bbox 104 1449 902 1488">
    <p class='ocr_par' dir='ltr' id='par_1_32' title="bbox 104 1449 902 1488">
     <span class='ocr_line' id='line_1_32' title="bbox 104 1449 902 1488; baseline 0.003 -12"><span class='ocrx_word' id='word_1_218' title='bbox 104 1449 240 1483; x_wconf 81' lang='grc' dir='ltr'>Βασιλεύς</span> <span class='ocrx_word' id='word_1_219' title='bbox 265 1459 308 1478; x_wconf 85' lang='grc' dir='ltr'><strong>σοι</strong></span> <span class='ocrx_word' id='word_1_220' title='bbox 346 1450 436 1486; x_wconf 82' lang='grc' dir='ltr'>μέγας</span> <span class='ocrx_word' id='word_1_221' title='bbox 458 1450 546 1479; x_wconf 82' lang='grc' dir='ltr'>ταῦτα</span> <span class='ocrx_word' id='word_1_222' title='bbox 583 1451 740 1479; x_wconf 64' lang='grc' dir='ltr'>ἐπιστέλλει</span> <span class='ocrx_word' id='word_1_223' title='bbox 762 1451 798 1479; x_wconf 89' lang='grc' dir='ltr'><strong>δι’</strong></span> <span class='ocrx_word' id='word_1_224' title='bbox 822 1451 902 1488; x_wconf 63' lang='grc' dir='ltr'>ἐμοῦ.</span> 
     </span>
    </p>
   </div>
   <div class='ocr_carea' id='block_1_33' title="bbox 108 1496 905 1534">
    <p class='ocr_par' dir='ltr' id='par_1_33' title="bbox 108 1496 905 1534">
     <span class='ocr_line' id='line_1_33' title="bbox 108 1496 905 1534; baseline 0.004 -12"><span class='ocrx_word' id='word_1_225' title='bbox 108 1496 238 1532; x_wconf 84' lang='grc' dir='ltr'>Ἦκομεν</span> <span class='ocrx_word' id='word_1_226' title='bbox 250 1497 316 1532; x_wconf 76' lang='grc' dir='ltr'>ἄχρι</span> <span class='ocrx_word' id='word_1_227' title='bbox 331 1497 380 1525; x_wconf 77' lang='grc' dir='ltr'>καὶ</span> <span class='ocrx_word' id='word_1_228' title='bbox 409 1498 450 1530; x_wconf 84' lang='grc' dir='ltr'><strong>είς</strong></span> <span class='ocrx_word' id='word_1_229' title='bbox 471 1498 583 1525; x_wconf 82' lang='grc' dir='ltr'>Ἰκόνιον</span> <span class='ocrx_word' id='word_1_230' title='bbox 600 1497 668 1525; x_wconf 86' lang='grc' dir='ltr'>αὑτό</span> <span class='ocrx_word' id='word_1_231' title='bbox 681 1505 688 1514; x_wconf 91' lang='grc'>·</span> <span class='ocrx_word' id='word_1_232' title='bbox 713 1497 905 1534; x_wconf 86' lang='grc' dir='ltr'>περιήλθομέν</span> 
     </span>
    </p>
   </div>
   <div class='ocr_carea' id='block_1_34' title="bbox 105 1529 939 1580">
    <p class='ocr_par' dir='ltr' id='par_1_34' title="bbox 105 1529 939 1580">
     <span class='ocr_line' id='line_1_34' title="bbox 105 1529 939 1580; baseline 0.002 -11"><span class='ocrx_word' id='word_1_233' title='bbox 105 1550 155 1569; x_wconf 86' lang='grc' dir='ltr'><strong>σου</strong></span> <span class='ocrx_word' id='word_1_234' title='bbox 174 1529 226 1578; x_wconf 72' lang='grc' dir='ltr'>τὴν</span> <span class='ocrx_word' id='word_1_235' title='bbox 237 1529 332 1578; x_wconf 57' lang='grc' dir='ltr'>χώραν</span> <span class='ocrx_word' id='word_1_236' title='bbox 349 1544 562 1579; x_wconf 81' lang='grc' dir='ltr'>μετελεύσεσθαι</span> <span class='ocrx_word' id='word_1_237' title='bbox 578 1553 609 1572; x_wconf 83' lang='grc' dir='ltr'><strong>σε</strong></span> <span class='ocrx_word' id='word_1_238' title='bbox 624 1545 674 1580; x_wconf 85' lang='grc' dir='ltr'>τῆς</span> <span class='ocrx_word' id='word_1_239' title='bbox 689 1545 719 1577; x_wconf 77' lang='grc' dir='ltr'>ἐς</span> <span class='ocrx_word' id='word_1_240' title='bbox 733 1529 899 1580; x_wconf 63' lang='grc' dir='ltr'>τῆνῆμετέ-</span> <span class='ocrx_word' id='word_1_241' title='bbox 916 1529 939 1560; x_wconf 74' lang='lat' dir='ltr'><strong>c</strong></span> 
     </span>
    </p>
   </div>
   <div class='ocr_carea' id='block_1_35' title="bbox 106 1588 901 1626">
    <p class='ocr_par' dir='ltr' id='par_1_35' title="bbox 106 1588 901 1626">
     <span class='ocr_line' id='line_1_35' title="bbox 106 1588 901 1626; baseline 0.004 -11"><span class='ocrx_word' id='word_1_242' title='bbox 106 1597 159 1624; x_wconf 81' lang='grc' dir='ltr'><strong>ραν</strong></span> <span class='ocrx_word' id='word_1_243' title='bbox 177 1588 319 1624; x_wconf 79' lang='grc' dir='ltr'>βασιλείαν</span> <span class='ocrx_word' id='word_1_244' title='bbox 337 1590 497 1626; x_wconf 85' lang='grc' dir='ltr'>ἁμαρτάδος</span> <span class='ocrx_word' id='word_1_245' title='bbox 524 1591 644 1625; x_wconf 84' lang='grc' dir='ltr'>μάλιστα</span> <span class='ocrx_word' id='word_1_246' title='bbox 663 1590 901 1626; x_wconf 81' lang='grc' dir='ltr'>προθυμούμενοι.</span> 
     </span>
    </p>
   </div>
   <div class='ocr_carea' id='block_1_36' title="bbox 105 1634 901 1673">
    <p class='ocr_par' dir='ltr' id='par_1_36' title="bbox 105 1634 901 1673">
     <span class='ocr_line' id='line_1_36' title="bbox 105 1634 901 1673; baseline 0.003 -12"><span class='ocrx_word' id='word_1_247' title='bbox 105 1634 143 1662; x_wconf 77' lang='grc' dir='ltr'><strong>Σὺ</strong></span> <span class='ocrx_word' id='word_1_248' title='bbox 157 1635 181 1662; x_wconf 80' lang='grc' dir='ltr'>δ’</span> <span class='ocrx_word' id='word_1_249' title='bbox 197 1635 349 1671; x_wconf 82' lang='grc' dir='ltr'>άνεχώρεις</span> <span class='ocrx_word' id='word_1_250' title='bbox 360 1636 405 1664; x_wconf 76' lang='grc' dir='ltr'><strong>ἀεὶ</strong></span> <span class='ocrx_word' id='word_1_251' title='bbox 418 1637 490 1664; x_wconf 84' lang='grc' dir='ltr'>κατὰ</span> <span class='ocrx_word' id='word_1_252' title='bbox 508 1637 573 1669; x_wconf 81' lang='grc' dir='ltr'>τοὺς</span> <span class='ocrx_word' id='word_1_253' title='bbox 587 1637 739 1673; x_wconf 80' lang='grc' dir='ltr'>δραπέτας,</span> <span class='ocrx_word' id='word_1_254' title='bbox 757 1636 842 1672; x_wconf 76' lang='grc' dir='ltr'>ἄλλην</span> <span class='ocrx_word' id='word_1_255' title='bbox 870 1646 901 1664; x_wconf 88' lang='grc' dir='ltr'><strong>τε</strong></span> 
     </span>
    </p>
   </div>
   <div class='ocr_carea' id='block_1_37' title="bbox 957 244 1751 282">
    <p class='ocr_par' dir='ltr' id='par_1_37' title="bbox 957 244 1751 282">
     <span class='ocr_line' id='line_1_37' title="bbox 957 244 1751 282; baseline -0.005 -7"><span class='ocrx_word' id='word_1_256' title='bbox 957 247 1077 275; x_wconf 75' lang='lat' dir='ltr'><strong>cessaris</strong></span> <span class='ocrx_word' id='word_1_257' title='bbox 1093 251 1251 275; x_wconf 78' lang='lat' dir='ltr'><strong>occurrunt.</strong></span> <span class='ocrx_word' id='word_1_258' title='bbox 1269 247 1333 275; x_wconf 71' lang='lat' dir='ltr'><strong>Haec</strong></span> <span class='ocrx_word' id='word_1_259' title='bbox 1348 246 1432 282; x_wconf 71' lang='lat' dir='ltr'><strong>igitur</strong></span> <span class='ocrx_word' id='word_1_260' title='bbox 1442 244 1532 274; x_wconf 80' lang='lat' dir='ltr'><strong>omnia</strong></span> <span class='ocrx_word' id='word_1_261' title='bbox 1545 251 1560 272; x_wconf 87' lang='lat' dir='ltr'><strong>a</strong></span> <span class='ocrx_word' id='word_1_262' title='bbox 1574 244 1654 272; x_wconf 79' lang='lat' dir='ltr'><strong>nobis</strong></span> <span class='ocrx_word' id='word_1_263' title='bbox 1668 252 1751 280; x_wconf 84' lang='lat' dir='ltr'><strong>appa-</strong></span> 
     </span>
    </p>
   </div>
   <div class='ocr_carea' id='block_1_38' title="bbox 957 285 1749 330">
    <p class='ocr_par' dir='ltr' id='par_1_38' title="bbox 957 285 1749 330">
     <span class='ocr_line' id='line_1_38' title="bbox 957 285 1749 330; baseline -0.004 -8"><span class='ocrx_word' id='word_1_264' title='bbox 957 294 1042 322; x_wconf 87' lang='lat' dir='ltr'><strong>rsnda</strong></span> <span class='ocrx_word' id='word_1_265' title='bbox 1062 299 1137 327; x_wconf 79' lang='lat' dir='ltr'><strong>sunt,</strong></span> <span class='ocrx_word' id='word_1_266' title='bbox 1155 294 1202 330; x_wconf 87' lang='lat' dir='ltr'><strong>qui</strong></span> <span class='ocrx_word' id='word_1_267' title='bbox 1220 294 1248 322; x_wconf 91' lang='lat' dir='ltr'><strong>in</strong></span> <span class='ocrx_word' id='word_1_268' title='bbox 1273 294 1362 322; x_wconf 87' lang='lat' dir='ltr'><strong>medio</strong></span> <span class='ocrx_word' id='word_1_269' title='bbox 1379 293 1429 321; x_wconf 89' lang='lat' dir='ltr'><strong>soli</strong></span> <span class='ocrx_word' id='word_1_270' title='bbox 1454 291 1563 321; x_wconf 85' lang='lat' dir='ltr'><strong>hostilis</strong></span> <span class='ocrx_word' id='word_1_271' title='bbox 1578 285 1720 320; x_wconf 71' lang='lat' dir='ltr'><strong>versamur</strong></span> <span class='ocrx_word' id='word_1_272' title='bbox 1734 299 1749 319; x_wconf 91' lang='lat' dir='ltr'><strong>a</strong></span> 
     </span>
    </p>
   </div>
   <div class='ocr_carea' id='block_1_39' title="bbox 957 338 1750 377">
    <p class='ocr_par' dir='ltr' id='par_1_39' title="bbox 957 338 1750 377">
     <span class='ocr_line' id='line_1_39' title="bbox 957 338 1750 377; baseline -0.001 -8"><span class='ocrx_word' id='word_1_273' title='bbox 957 340 1058 369; x_wconf 74' lang='lat' dir='ltr'><strong>ﬁnibus</strong></span> <span class='ocrx_word' id='word_1_274' title='bbox 1073 341 1202 369; x_wconf 79' lang='lat' dir='ltr'><strong>Romanis</strong></span> <span class='ocrx_word' id='word_1_275' title='bbox 1217 341 1297 377; x_wconf 87' lang='lat' dir='ltr'><strong>longo</strong></span> <span class='ocrx_word' id='word_1_276' title='bbox 1320 339 1466 368; x_wconf 85' lang='lat' dir='ltr'><strong>intervallo</strong></span> <span class='ocrx_word' id='word_1_277' title='bbox 1490 339 1632 375; x_wconf 72' lang='lat' dir='ltr'><strong>disparati.</strong></span> <span class='ocrx_word' id='word_1_278' title='bbox 1651 348 1661 366; x_wconf 86' lang='grc'><strong>›</strong></span> <span class='ocrx_word' id='word_1_279' title='bbox 1686 338 1750 368; x_wconf 65' lang='lat' dir='ltr'><strong>Hec</strong></span> 
     </span>
    </p>
   </div>
   <div class='ocr_carea' id='block_1_40' title="bbox 958 385 1750 423">
    <p class='ocr_par' dir='ltr' id='par_1_40' title="bbox 958 385 1750 423">
     <span class='ocr_line' id='line_1_40' title="bbox 958 385 1750 423; baseline 0 -10"><span class='ocrx_word' id='word_1_280' title='bbox 958 392 1102 423; x_wconf 82' lang='lat' dir='ltr'><strong>postquam</strong></span> <span class='ocrx_word' id='word_1_281' title='bbox 1129 392 1170 415; x_wconf 89' lang='lat' dir='ltr'><strong>est</strong></span> <span class='ocrx_word' id='word_1_282' title='bbox 1192 387 1300 420; x_wconf 79' lang='lat' dir='ltr'><strong>cﬂatus,</strong></span> <span class='ocrx_word' id='word_1_283' title='bbox 1331 386 1384 414; x_wconf 88' lang='lat' dir='ltr'><strong>rite</strong></span> <span class='ocrx_word' id='word_1_284' title='bbox 1402 386 1549 420; x_wconf 87' lang='lat' dir='ltr'><strong>composita</strong></span> <span class='ocrx_word' id='word_1_285' title='bbox 1571 385 1750 420; x_wconf 89' lang='lat' dir='ltr'><strong>ordinataque</strong></span> 
     </span>
    </p>
   </div>
   <div class='ocr_carea' id='block_1_41' title="bbox 957 430 1749 468">
    <p class='ocr_par' dir='ltr' id='par_1_41' title="bbox 957 430 1749 468">
     <span class='ocr_line' id='line_1_41' title="bbox 957 430 1749 468; baseline -0.003 -8"><span class='ocrx_word' id='word_1_286' title='bbox 957 433 1027 465; x_wconf 84' lang='lat' dir='ltr'><strong>acie,</strong></span> <span class='ocrx_word' id='word_1_287' title='bbox 1042 434 1074 460; x_wconf 84' lang='lat' dir='ltr'><strong>ad</strong></span> <span class='ocrx_word' id='word_1_288' title='bbox 1089 432 1227 468; x_wconf 80' lang='lat' dir='ltr'><strong>paludem,</strong></span> <span class='ocrx_word' id='word_1_289' title='bbox 1253 439 1334 467; x_wconf 91' lang='lat' dir='ltr'><strong>quam</strong></span> <span class='ocrx_word' id='word_1_290' title='bbox 1349 431 1414 459; x_wconf 91' lang='lat' dir='ltr'><strong>olim</strong></span> <span class='ocrx_word' id='word_1_291' title='bbox 1440 436 1546 459; x_wconf 89' lang='lat' dir='ltr'><strong>veteres</strong></span> <span class='ocrx_word' id='word_1_292' title='bbox 1569 430 1652 458; x_wconf 88' lang='lat' dir='ltr'><strong>Scleri</strong></span> <span class='ocrx_word' id='word_1_293' title='bbox 1676 437 1749 458; x_wconf 90' lang='lat' dir='ltr'><strong>nunc</strong></span> 
     </span>
    </p>
   </div>
   <div class='ocr_carea' id='block_1_42' title="bbox 957 476 1748 514">
    <p class='ocr_par' dir='ltr' id='par_1_42' title="bbox 957 476 1748 514">
     <span class='ocr_line' id='line_1_42' title="bbox 957 476 1748 514; baseline -0.004 -8"><span class='ocrx_word' id='word_1_294' title='bbox 957 486 1023 507; x_wconf 79' lang='lat' dir='ltr'><strong>vero</strong></span> <span class='ocrx_word' id='word_1_295' title='bbox 1036 478 1170 514; x_wconf 82' lang='lat' dir='ltr'><strong>Pungusae</strong></span> <span class='ocrx_word' id='word_1_296' title='bbox 1186 483 1296 510; x_wconf 86' lang='lat' dir='ltr'><strong>vocant,</strong></span> <span class='ocrx_word' id='word_1_297' title='bbox 1316 482 1392 506; x_wconf 87' lang='lat' dir='ltr'><strong>recta</strong></span> <span class='ocrx_word' id='word_1_298' title='bbox 1414 476 1468 504; x_wconf 89' lang='lat' dir='ltr'><strong>iter</strong></span> <span class='ocrx_word' id='word_1_299' title='bbox 1484 476 1608 504; x_wconf 91' lang='lat' dir='ltr'><strong>intendit.</strong></span> <span class='ocrx_word' id='word_1_300' title='bbox 1626 476 1748 511; x_wconf 87' lang='lat' dir='ltr'><strong>Cumque</strong></span> 
     </span>
    </p>
   </div>
   <div class='ocr_carea' id='block_1_43' title="bbox 958 520 1747 559">
    <p class='ocr_par' dir='ltr' id='par_1_43' title="bbox 958 520 1747 559">
     <span class='ocr_line' id='line_1_43' title="bbox 958 520 1747 559; baseline -0.006 -8"><span class='ocrx_word' id='word_1_301' title='bbox 958 524 984 552; x_wconf 93' lang='lat' dir='ltr'><strong>in</strong></span> <span class='ocrx_word' id='word_1_302' title='bbox 999 528 1123 559; x_wconf 85' lang='lat' dir='ltr'><strong>patentes</strong></span> <span class='ocrx_word' id='word_1_303' title='bbox 1138 531 1251 559; x_wconf 88' lang='lat' dir='ltr'><strong>campos</strong></span> <span class='ocrx_word' id='word_1_304' title='bbox 1263 522 1443 558; x_wconf 85' lang='lat' dir='ltr'><strong>pervenisset,</strong></span> <span class='ocrx_word' id='word_1_305' title='bbox 1457 525 1484 548; x_wconf 93' lang='lat' dir='ltr'><strong>et</strong></span> <span class='ocrx_word' id='word_1_306' title='bbox 1498 520 1602 548; x_wconf 81' lang='lat' dir='ltr'><strong>relictis</strong></span> <span class='ocrx_word' id='word_1_307' title='bbox 1616 521 1747 547; x_wconf 86' lang='lat' dir='ltr'><strong>montium</strong></span> 
     </span>
    </p>
   </div>
   <div class='ocr_carea' id='block_1_44' title="bbox 957 567 1747 606">
    <p class='ocr_par' dir='ltr' id='par_1_44' title="bbox 957 567 1747 606">
     <span class='ocr_line' id='line_1_44' title="bbox 957 567 1747 606; baseline -0.008 -7"><span class='ocrx_word' id='word_1_308' title='bbox 957 571 1102 606; x_wconf 83' lang='lat' dir='ltr'><strong>angustiis,</strong></span> <span class='ocrx_word' id='word_1_309' title='bbox 1119 571 1145 598; x_wconf 94' lang='lat' dir='ltr'><strong>in</strong></span> <span class='ocrx_word' id='word_1_310' title='bbox 1160 576 1284 606; x_wconf 85' lang='lat' dir='ltr'><strong>porrecta</strong></span> <span class='ocrx_word' id='word_1_311' title='bbox 1295 569 1405 606; x_wconf 86' lang='lat' dir='ltr'><strong>planitie</strong></span> <span class='ocrx_word' id='word_1_312' title='bbox 1416 568 1576 596; x_wconf 85' lang='lat' dir='ltr'><strong>collocasset</strong></span> <span class='ocrx_word' id='word_1_313' title='bbox 1586 567 1747 600; x_wconf 81' lang='lat' dir='ltr'><strong>exercitum,</strong></span> 
     </span>
    </p>
   </div>
   <div class='ocr_carea' id='block_1_45' title="bbox 957 611 1747 652">
    <p class='ocr_par' dir='ltr' id='par_1_45' title="bbox 957 611 1747 652">
     <span class='ocr_line' id='line_1_45' title="bbox 957 611 1747 652; baseline -0.009 -7"><span class='ocrx_word' id='word_1_314' title='bbox 957 618 1036 646; x_wconf 87' lang='lat' dir='ltr'><strong>militi</strong></span> <span class='ocrx_word' id='word_1_315' title='bbox 1050 617 1157 645; x_wconf 84' lang='lat' dir='ltr'><strong>cuidam</strong></span> <span class='ocrx_word' id='word_1_316' title='bbox 1173 618 1301 652; x_wconf 83' lang='lat' dir='ltr'><strong>imperat,</strong></span> <span class='ocrx_word' id='word_1_317' title='bbox 1318 620 1348 643; x_wconf 90' lang='lat' dir='ltr'><strong>ut</strong></span> <span class='ocrx_word' id='word_1_318' title='bbox 1359 614 1449 643; x_wconf 85' lang='lat' dir='ltr'><strong>altiori</strong></span> <span class='ocrx_word' id='word_1_319' title='bbox 1463 617 1588 641; x_wconf 87' lang='lat' dir='ltr'><strong>contenta</strong></span> <span class='ocrx_word' id='word_1_320' title='bbox 1601 619 1666 640; x_wconf 85' lang='lat' dir='ltr'><strong>voce</strong></span> <span class='ocrx_word' id='word_1_321' title='bbox 1679 611 1747 638; x_wconf 88' lang='lat' dir='ltr'><strong>Per-</strong></span> 
     </span>
    </p>
   </div>
   <div class='ocr_carea' id='block_1_46' title="bbox 957 657 1747 698">
    <p class='ocr_par' dir='ltr' id='par_1_46' title="bbox 957 657 1747 698">
     <span class='ocr_line' id='line_1_46' title="bbox 957 657 1747 698; baseline -0.01 -7"><span class='ocrx_word' id='word_1_322' title='bbox 957 671 1015 691; x_wconf 82' lang='lat' dir='ltr'><strong>sam</strong></span> <span class='ocrx_word' id='word_1_323' title='bbox 1034 664 1150 698; x_wconf 84' lang='lat' dir='ltr'><strong>aliquem</strong></span> <span class='ocrx_word' id='word_1_324' title='bbox 1167 663 1324 690; x_wconf 86' lang='lat' dir='ltr'><strong>advocaret.</strong></span> <span class='ocrx_word' id='word_1_325' title='bbox 1340 661 1365 688; x_wconf 86' lang='lat' dir='ltr'><strong>is</strong></span> <span class='ocrx_word' id='word_1_326' title='bbox 1381 661 1456 696; x_wconf 83' lang='lat' dir='ltr'><strong>jussa</strong></span> <span class='ocrx_word' id='word_1_327' title='bbox 1475 658 1641 692; x_wconf 78' lang='lat' dir='ltr'><strong>exsequitur.</strong></span> <span class='ocrx_word' id='word_1_328' title='bbox 1659 657 1747 684; x_wconf 82' lang='lat' dir='ltr'><strong>Acce-</strong></span> 
     </span>
    </p>
   </div>
   <div class='ocr_carea' id='block_1_47' title="bbox 957 704 1748 742">
    <p class='ocr_par' dir='ltr' id='par_1_47' title="bbox 957 704 1748 742">
     <span class='ocr_line' id='line_1_47' title="bbox 957 704 1748 742; baseline -0.01 -5"><span class='ocrx_word' id='word_1_329' title='bbox 957 709 1030 737; x_wconf 88' lang='lat' dir='ltr'><strong>denti</strong></span> <span class='ocrx_word' id='word_1_330' title='bbox 1046 709 1155 737; x_wconf 61' lang='lat' dir='ltr'><strong>Persae:</strong></span> <span class='ocrx_word' id='word_1_331' title='bbox 1172 718 1181 735; x_wconf 81' lang='grc' dir='ltr'><strong>ι</strong></span> <span class='ocrx_word' id='word_1_332' title='bbox 1198 708 1270 740; x_wconf 68' lang='lat' dir='ltr'><strong>Haec,</strong></span> <span class='ocrx_word' id='word_1_333' title='bbox 1286 707 1375 742; x_wconf 91' lang='lat' dir='ltr'><strong>inquit</strong></span> <span class='ocrx_word' id='word_1_334' title='bbox 1400 707 1536 742; x_wconf 81' lang='lat' dir='ltr'><strong>princeps,</strong></span> <span class='ocrx_word' id='word_1_335' title='bbox 1554 704 1661 732; x_wconf 86' lang='lat' dir='ltr'><strong>sultano</strong></span> <span class='ocrx_word' id='word_1_336' title='bbox 1676 711 1748 730; x_wconf 92' lang='lat' dir='ltr'><strong>nun-</strong></span> 
     </span>
    </p>
   </div>
   <div class='ocr_carea' id='block_1_48' title="bbox 958 751 1747 791">
    <p class='ocr_par' dir='ltr' id='par_1_48' title="bbox 958 751 1747 791">
     <span class='ocr_line' id='line_1_48' title="bbox 958 751 1747 791; baseline -0.011 -7"><span class='ocrx_word' id='word_1_337' title='bbox 958 756 1048 784; x_wconf 83' lang='lat' dir='ltr'><strong>tiabis.</strong></span> <span class='ocrx_word' id='word_1_338' title='bbox 1060 756 1123 783; x_wconf 60' lang='lat' dir='ltr'><strong>Hac</strong></span> <span class='ocrx_word' id='word_1_339' title='bbox 1136 755 1184 783; x_wconf 87' lang='lat' dir='ltr'><strong>tibi</strong></span> <span class='ocrx_word' id='word_1_340' title='bbox 1200 762 1247 791; x_wconf 90' lang='lat' dir='ltr'><strong>per</strong></span> <span class='ocrx_word' id='word_1_341' title='bbox 1260 762 1303 782; x_wconf 91' lang='lat' dir='ltr'><strong>me</strong></span> <span class='ocrx_word' id='word_1_342' title='bbox 1315 753 1450 789; x_wconf 81' lang='lat' dir='ltr'><strong>signiﬁcat</strong></span> <span class='ocrx_word' id='word_1_343' title='bbox 1461 759 1576 787; x_wconf 84' lang='lat' dir='ltr'><strong>magnus</strong></span> <span class='ocrx_word' id='word_1_344' title='bbox 1588 751 1747 785; x_wconf 82' lang='lat' dir='ltr'><strong>imperator,</strong></span> 
     </span>
    </p>
   </div>
   <div class='ocr_carea' id='block_1_49' title="bbox 956 797 1747 837">
    <p class='ocr_par' dir='ltr' id='par_1_49' title="bbox 956 797 1747 837">
     <span class='ocr_line' id='line_1_49' title="bbox 956 797 1747 837; baseline -0.01 -7"><span class='ocrx_word' id='word_1_345' title='bbox 956 802 990 830; x_wconf 86' lang='lat' dir='ltr'><strong>ad</strong></span> <span class='ocrx_word' id='word_1_346' title='bbox 1008 802 1096 837; x_wconf 86' lang='lat' dir='ltr'><strong>ipsum</strong></span> <span class='ocrx_word' id='word_1_347' title='bbox 1114 809 1201 837; x_wconf 90' lang='lat' dir='ltr'><strong>usque</strong></span> <span class='ocrx_word' id='word_1_348' title='bbox 1217 799 1339 829; x_wconf 90' lang='lat' dir='ltr'><strong>Iconium</strong></span> <span class='ocrx_word' id='word_1_349' title='bbox 1357 799 1502 826; x_wconf 83' lang='lat' dir='ltr'><strong>venimus:</strong></span> <span class='ocrx_word' id='word_1_350' title='bbox 1521 797 1657 832; x_wconf 79' lang='lat' dir='ltr'><strong>regionem</strong></span> <span class='ocrx_word' id='word_1_351' title='bbox 1673 799 1747 823; x_wconf 85' lang='lat' dir='ltr'><strong>tuam</strong></span> 
     </span>
    </p>
   </div>
   <div class='ocr_carea' id='block_1_50' title="bbox 956 841 1748 883">
    <p class='ocr_par' dir='ltr' id='par_1_50' title="bbox 956 841 1748 883">
     <span class='ocr_line' id='line_1_50' title="bbox 956 841 1748 883; baseline -0.011 -7"><span class='ocrx_word' id='word_1_352' title='bbox 956 847 1153 883; x_wconf 76' lang='lat' dir='ltr'><strong>percurrimus,</strong></span> <span class='ocrx_word' id='word_1_353' title='bbox 1168 854 1274 875; x_wconf 88' lang='lat' dir='ltr'><strong>summo</strong></span> <span class='ocrx_word' id='word_1_354' title='bbox 1287 845 1385 873; x_wconf 89' lang='lat' dir='ltr'><strong>ardore</strong></span> <span class='ocrx_word' id='word_1_355' title='bbox 1404 850 1449 872; x_wconf 91' lang='lat' dir='ltr'><strong>tua</strong></span> <span class='ocrx_word' id='word_1_356' title='bbox 1471 844 1601 871; x_wconf 86' lang='lat' dir='ltr'><strong>adversus</strong></span> <span class='ocrx_word' id='word_1_357' title='bbox 1616 841 1748 876; x_wconf 76' lang='lat' dir='ltr'><strong>majesta-</strong></span> 
     </span>
    </p>
   </div>
   <div class='ocr_carea' id='block_1_51' title="bbox 956 886 1749 928">
    <p class='ocr_par' dir='ltr' id='par_1_51' title="bbox 956 886 1749 928">
     <span class='ocr_line' id='line_1_51' title="bbox 956 886 1749 928; baseline -0.01 -7"><span class='ocrx_word' id='word_1_358' title='bbox 956 898 1010 922; x_wconf 84' lang='lat' dir='ltr'><strong>tem</strong></span> <span class='ocrx_word' id='word_1_359' title='bbox 1029 898 1151 924; x_wconf 85' lang='lat' dir='ltr'><strong>nostram</strong></span> <span class='ocrx_word' id='word_1_360' title='bbox 1175 897 1286 928; x_wconf 87' lang='lat' dir='ltr'><strong>peccata</strong></span> <span class='ocrx_word' id='word_1_361' title='bbox 1308 890 1484 919; x_wconf 86' lang='lat' dir='ltr'><strong>vindicaturi.</strong></span> <span class='ocrx_word' id='word_1_362' title='bbox 1508 888 1548 916; x_wconf 79' lang='lat' dir='ltr'><strong>Tu</strong></span> <span class='ocrx_word' id='word_1_363' title='bbox 1568 894 1633 915; x_wconf 87' lang='lat' dir='ltr'><strong>vero</strong></span> <span class='ocrx_word' id='word_1_364' title='bbox 1654 886 1749 922; x_wconf 80' lang='lat' dir='ltr'><strong>profu-</strong></span> 
     </span>
    </p>
   </div>
   <div class='ocr_carea' id='block_1_52' title="bbox 954 932 1748 976">
    <p class='ocr_par' dir='ltr' id='par_1_52' title="bbox 954 932 1748 976">
     <span class='ocr_line' id='line_1_52' title="bbox 954 932 1748 976; baseline -0.014 -7"><span class='ocrx_word' id='word_1_365' title='bbox 954 947 1050 976; x_wconf 85' lang='lat' dir='ltr'><strong>gorum</strong></span> <span class='ocrx_word' id='word_1_366' title='bbox 1068 947 1145 968; x_wconf 87' lang='lat' dir='ltr'><strong>more</strong></span> <span class='ocrx_word' id='word_1_367' title='bbox 1164 939 1233 967; x_wconf 82' lang='lat' dir='ltr'><strong>alias</strong></span> <span class='ocrx_word' id='word_1_368' title='bbox 1254 942 1335 973; x_wconf 88' lang='lat' dir='ltr'><strong>atque</strong></span> <span class='ocrx_word' id='word_1_369' title='bbox 1352 937 1407 973; x_wconf 79' lang='lat'><strong>59</strong></span> <span class='ocrx_word' id='word_1_370' title='bbox 1422 936 1491 963; x_wconf 86' lang='lat' dir='ltr'><strong>alias</strong></span> <span class='ocrx_word' id='word_1_371' title='bbox 1507 935 1535 962; x_wconf 92' lang='lat' dir='ltr'><strong>in</strong></span> <span class='ocrx_word' id='word_1_372' title='bbox 1553 940 1641 962; x_wconf 85' lang='lat' dir='ltr'><strong>terras</strong></span> <span class='ocrx_word' id='word_1_373' title='bbox 1660 932 1748 960; x_wconf 79' lang='lat' dir='ltr'><strong>demi-</strong></span> 
     </span>
    </p>
   </div>
   <div class='ocr_carea' id='block_1_53' title="bbox 954 981 1747 1020">
    <p class='ocr_par' dir='ltr' id='par_1_53' title="bbox 954 981 1747 1020">
     <span class='ocr_line' id='line_1_53' title="bbox 954 981 1747 1020; baseline -0.013 -7"><span class='ocrx_word' id='word_1_374' title='bbox 954 992 1018 1020; x_wconf 64' lang='lat' dir='ltr'><strong>KI‘IS</strong></span> <span class='ocrx_word' id='word_1_375' title='bbox 1032 991 1149 1019; x_wconf 87' lang='lat' dir='ltr'><strong>semper,</strong></span> <span class='ocrx_word' id='word_1_376' title='bbox 1171 991 1223 1012; x_wconf 90' lang='lat' dir='ltr'><strong>nec</strong></span> <span class='ocrx_word' id='word_1_377' title='bbox 1238 987 1360 1011; x_wconf 88' lang='lat' dir='ltr'><strong>nostrum</strong></span> <span class='ocrx_word' id='word_1_378' title='bbox 1386 984 1545 1016; x_wconf 83' lang='lat' dir='ltr'><strong>exspectare</strong></span> <span class='ocrx_word' id='word_1_379' title='bbox 1571 981 1747 1013; x_wconf 85' lang='lat' dir='ltr'><strong>conspectum</strong></span> 
     </span>
    </p>
   </div>
   <div class='ocr_carea' id='block_1_54' title="bbox 954 1023 1749 1065">
    <p class='ocr_par' dir='ltr' id='par_1_54' title="bbox 954 1023 1749 1065">
     <span class='ocr_line' id='line_1_54' title="bbox 954 1023 1749 1065; baseline -0.011 -5"><span class='ocrx_word' id='word_1_380' title='bbox 954 1032 1050 1060; x_wconf 83' lang='lat' dir='ltr'><strong>sudes.</strong></span> <span class='ocrx_word' id='word_1_381' title='bbox 1070 1030 1297 1065; x_wconf 85' lang='lat' dir='ltr'><strong>Quandoquidem</strong></span> <span class='ocrx_word' id='word_1_382' title='bbox 1313 1028 1396 1064; x_wconf 89' lang='lat' dir='ltr'><strong>igitur</strong></span> <span class='ocrx_word' id='word_1_383' title='bbox 1419 1028 1445 1055; x_wconf 89' lang='lat' dir='ltr'><strong>in</strong></span> <span class='ocrx_word' id='word_1_384' title='bbox 1466 1026 1590 1062; x_wconf 86' lang='lat' dir='ltr'><strong>proprias</strong></span> <span class='ocrx_word' id='word_1_385' title='bbox 1605 1024 1685 1052; x_wconf 84' lang='lat' dir='ltr'><strong>sedes</strong></span> <span class='ocrx_word' id='word_1_386' title='bbox 1700 1023 1749 1051; x_wconf 73' lang='lat' dir='ltr'><strong>abi</strong></span> 
     </span>
    </p>
   </div>
   <div class='ocr_carea' id='block_1_55' title="bbox 955 1071 1748 1111">
    <p class='ocr_par' dir='ltr' id='par_1_55' title="bbox 955 1071 1748 1111">
     <span class='ocr_line' id='line_1_55' title="bbox 955 1071 1748 1111; baseline -0.013 -6"><span class='ocrx_word' id='word_1_387' title='bbox 955 1077 1102 1108; x_wconf 86' lang='lat' dir='ltr'><strong>scedimus,</strong></span> <span class='ocrx_word' id='word_1_388' title='bbox 1112 1074 1258 1111; x_wconf 68' lang='lat' dir='ltr'><strong>praeparari</strong></span> <span class='ocrx_word' id='word_1_389' title='bbox 1277 1079 1303 1101; x_wconf 87' lang='lat' dir='ltr'><strong>te</strong></span> <span class='ocrx_word' id='word_1_390' title='bbox 1313 1074 1346 1101; x_wconf 87' lang='lat' dir='ltr'><strong>ad</strong></span> <span class='ocrx_word' id='word_1_391' title='bbox 1357 1073 1457 1101; x_wconf 82' lang='lat' dir='ltr'><strong>bellum</strong></span> <span class='ocrx_word' id='word_1_392' title='bbox 1472 1078 1553 1107; x_wconf 83' lang='lat' dir='ltr'><strong>quam</strong></span> <span class='ocrx_word' id='word_1_393' title='bbox 1569 1071 1669 1105; x_wconf 86' lang='lat' dir='ltr'><strong>optime</strong></span> <span class='ocrx_word' id='word_1_394' title='bbox 1680 1076 1748 1097; x_wconf 88' lang='lat' dir='ltr'><strong>con-</strong></span> 
     </span>
    </p>
   </div>
   <div class='ocr_carea' id='block_1_56' title="bbox 954 1116 1746 1155">
    <p class='ocr_par' dir='ltr' id='par_1_56' title="bbox 954 1116 1746 1155">
     <span class='ocr_line' id='line_1_56' title="bbox 954 1116 1746 1155; baseline -0.01 -5"><span class='ocrx_word' id='word_1_395' title='bbox 954 1122 1041 1155; x_wconf 80' lang='lat' dir='ltr'><strong>venit,</strong></span> <span class='ocrx_word' id='word_1_396' title='bbox 1075 1121 1202 1155; x_wconf 90' lang='lat' dir='ltr'><strong>scireque</strong></span> <span class='ocrx_word' id='word_1_397' title='bbox 1232 1127 1295 1147; x_wconf 91' lang='lat' dir='ltr'><strong>cum</strong></span> <span class='ocrx_word' id='word_1_398' title='bbox 1325 1119 1442 1154; x_wconf 86' lang='lat' dir='ltr'><strong>primum</strong></span> <span class='ocrx_word' id='word_1_399' title='bbox 1463 1125 1512 1145; x_wconf 87' lang='lat' dir='ltr'><strong>ver</strong></span> <span class='ocrx_word' id='word_1_400' title='bbox 1536 1116 1677 1144; x_wconf 82' lang='lat' dir='ltr'><strong>advenerit</strong></span> <span class='ocrx_word' id='word_1_401' title='bbox 1696 1121 1746 1142; x_wconf 87' lang='lat' dir='ltr'><strong>nos</strong></span> 
     </span>
    </p>
   </div>
   <div class='ocr_carea' id='block_1_57' title="bbox 954 1157 1744 1208">
    <p class='ocr_par' dir='ltr' id='par_1_57' title="bbox 954 1157 1744 1208">
     <span class='ocr_line' id='line_1_57' title="bbox 954 1157 1744 1208; baseline -0.011 -5"><span class='ocrx_word' id='word_1_402' title='bbox 954 1181 1065 1203; x_wconf 85' lang='lat' dir='ltr'><strong>rursum</strong></span> <span class='ocrx_word' id='word_1_403' title='bbox 1093 1172 1197 1208; x_wconf 80' lang='lat' dir='ltr'><strong>majore</strong></span> <span class='ocrx_word' id='word_1_404' title='bbox 1225 1175 1357 1207; x_wconf 86' lang='lat' dir='ltr'><strong>apparatu</strong></span> <span class='ocrx_word' id='word_1_405' title='bbox 1382 1175 1524 1198; x_wconf 88' lang='lat' dir='ltr'><strong>venturos.</strong></span> <span class='ocrx_word' id='word_1_406' title='bbox 1539 1177 1549 1195; x_wconf 82' lang='grc'><strong>›</strong></span> <span class='ocrx_word' id='word_1_407' title='bbox 1574 1167 1622 1195; x_wconf 85' lang='lat' dir='ltr'><strong>His</strong></span> <span class='ocrx_word' id='word_1_408' title='bbox 1648 1157 1744 1199; x_wconf 69' lang='lat' dir='ltr'><strong>dictis,</strong></span> 
     </span>
    </p>
   </div>
   <div class='ocr_carea' id='block_1_58' title="bbox 955 1212 1747 1256">
    <p class='ocr_par' dir='ltr' id='par_1_58' title="bbox 955 1212 1747 1256">
     <span class='ocr_line' id='line_1_58' title="bbox 955 1212 1747 1256; baseline -0.013 -8"><span class='ocrx_word' id='word_1_409' title='bbox 955 1219 1165 1256; x_wconf 66' lang='lat' dir='ltr'><strong>praeceptisque,</strong></span> <span class='ocrx_word' id='word_1_410' title='bbox 1182 1225 1248 1252; x_wconf 84' lang='lat' dir='ltr'><strong>sago</strong></span> <span class='ocrx_word' id='word_1_411' title='bbox 1262 1216 1372 1244; x_wconf 84' lang='lat' dir='ltr'><strong>militari</strong></span> <span class='ocrx_word' id='word_1_412' title='bbox 1387 1215 1526 1250; x_wconf 83' lang='lat' dir='ltr'><strong>cujusdam</strong></span> <span class='ocrx_word' id='word_1_413' title='bbox 1540 1221 1556 1241; x_wconf 75' lang='grc' dir='ltr'>θ</span> <span class='ocrx_word' id='word_1_414' title='bbox 1574 1212 1747 1248; x_wconf 83' lang='lat' dir='ltr'><strong>magnatibus</strong></span> 
     </span>
    </p>
   </div>
   <div class='ocr_carea' id='block_1_59' title="bbox 956 1261 1745 1300">
    <p class='ocr_par' dir='ltr' id='par_1_59' title="bbox 956 1261 1745 1300">
     <span class='ocr_line' id='line_1_59' title="bbox 956 1261 1745 1300; baseline -0.013 -5"><span class='ocrx_word' id='word_1_415' title='bbox 956 1268 1098 1298; x_wconf 86' lang='lat' dir='ltr'><strong>donatum,</strong></span> <span class='ocrx_word' id='word_1_416' title='bbox 1115 1272 1169 1300; x_wconf 92' lang='lat' dir='ltr'><strong>quo</strong></span> <span class='ocrx_word' id='word_1_417' title='bbox 1183 1264 1284 1292; x_wconf 85' lang='lat' dir='ltr'><strong>missus</strong></span> <span class='ocrx_word' id='word_1_418' title='bbox 1299 1263 1332 1290; x_wconf 84' lang='lat' dir='ltr'><strong>ab</strong></span> <span class='ocrx_word' id='word_1_419' title='bbox 1347 1262 1512 1296; x_wconf 75' lang='lat' dir='ltr'><strong>imperatore</strong></span> <span class='ocrx_word' id='word_1_420' title='bbox 1528 1261 1745 1294; x_wconf 77' lang='lat' dir='ltr'><strong>dignosceretur,</strong></span> 
     </span>
    </p>
   </div>
   <div class='ocr_carea' id='block_1_60' title="bbox 955 1305 1750 1345">
    <p class='ocr_par' dir='ltr' id='par_1_60' title="bbox 955 1305 1750 1345">
     <span class='ocr_line' id='line_1_60' title="bbox 955 1305 1750 1345; baseline -0.013 -4"><span class='ocrx_word' id='word_1_421' title='bbox 955 1312 1071 1341; x_wconf 88' lang='lat' dir='ltr'><strong>remisit.</strong></span> <span class='ocrx_word' id='word_1_422' title='bbox 1088 1311 1192 1345; x_wconf 83' lang='lat' dir='ltr'><strong>Quibus</strong></span> <span class='ocrx_word' id='word_1_423' title='bbox 1207 1308 1364 1342; x_wconf 85' lang='lat' dir='ltr'><strong>intellectis,</strong></span> <span class='ocrx_word' id='word_1_424' title='bbox 1378 1307 1503 1336; x_wconf 84' lang='lat' dir='ltr'><strong>sultanus</strong></span> <span class='ocrx_word' id='word_1_425' title='bbox 1520 1314 1573 1334; x_wconf 92' lang='lat' dir='ltr'><strong>non</strong></span> <span class='ocrx_word' id='word_1_426' title='bbox 1588 1305 1674 1333; x_wconf 92' lang='lat' dir='ltr'><strong>multo</strong></span> <span class='ocrx_word' id='word_1_427' title='bbox 1687 1309 1750 1340; x_wconf 86' lang='lat' dir='ltr'><strong>post</strong></span> 
     </span>
    </p>
   </div>
   <div class='ocr_carea' id='block_1_61' title="bbox 953 1352 1750 1394">
    <p class='ocr_par' dir='ltr' id='par_1_61' title="bbox 953 1352 1750 1394">
     <span class='ocr_line' id='line_1_61' title="bbox 953 1352 1750 1394; baseline -0.013 -7"><span class='ocrx_word' id='word_1_428' title='bbox 953 1360 1059 1394; x_wconf 80' lang='lat' dir='ltr'><strong>legatos</strong></span> <span class='ocrx_word' id='word_1_429' title='bbox 1083 1355 1168 1385; x_wconf 82' lang='lat' dir='ltr'><strong>mittit</strong></span> <span class='ocrx_word' id='word_1_430' title='bbox 1194 1356 1228 1384; x_wconf 86' lang='lat' dir='ltr'><strong>ad</strong></span> <span class='ocrx_word' id='word_1_431' title='bbox 1254 1355 1464 1391; x_wconf 84' lang='lat' dir='ltr'><strong>imperatorem,</strong></span> <span class='ocrx_word' id='word_1_432' title='bbox 1489 1353 1532 1388; x_wconf 86' lang='lat' dir='ltr'><strong>qui</strong></span> <span class='ocrx_word' id='word_1_433' title='bbox 1546 1360 1607 1380; x_wconf 91' lang='lat' dir='ltr'><strong>eum</strong></span> <span class='ocrx_word' id='word_1_434' title='bbox 1625 1352 1659 1379; x_wconf 88' lang='lat' dir='ltr'><strong>de</strong></span> <span class='ocrx_word' id='word_1_435' title='bbox 1683 1354 1750 1386; x_wconf 76' lang='lat' dir='ltr'><strong>paco</strong></span> 
     </span>
    </p>
   </div>
   <div class='ocr_carea' id='block_1_62' title="bbox 954 1397 1748 1441">
    <p class='ocr_par' dir='ltr' id='par_1_62' title="bbox 954 1397 1748 1441">
     <span class='ocr_line' id='line_1_62' title="bbox 954 1397 1748 1441; baseline -0.011 -9"><span class='ocrx_word' id='word_1_436' title='bbox 954 1402 1094 1441; x_wconf 73' lang='lat' dir='ltr'><strong>rogarent.</strong></span> <span class='ocrx_word' id='word_1_437' title='bbox 1109 1403 1145 1431; x_wconf 83' lang='lat' dir='ltr'><strong>At</strong></span> <span class='ocrx_word' id='word_1_438' title='bbox 1160 1403 1289 1439; x_wconf 80' lang='lat' dir='ltr'><strong>princeps</strong></span> <span class='ocrx_word' id='word_1_439' title='bbox 1307 1409 1365 1429; x_wconf 89' lang='lat' dir='ltr'><strong>rem</strong></span> <span class='ocrx_word' id='word_1_440' title='bbox 1384 1405 1477 1435; x_wconf 87' lang='lat' dir='ltr'><strong>utpote</strong></span> <span class='ocrx_word' id='word_1_441' title='bbox 1493 1398 1606 1434; x_wconf 78' lang='lat' dir='ltr'><strong>majoris</strong></span> <span class='ocrx_word' id='word_1_442' title='bbox 1619 1397 1748 1425; x_wconf 88' lang='lat' dir='ltr'><strong>momenti</strong></span> 
     </span>
    </p>
   </div>
   <div class='ocr_carea' id='block_1_63' title="bbox 955 1441 1748 1485">
    <p class='ocr_par' dir='ltr' id='par_1_63' title="bbox 955 1441 1748 1485">
     <span class='ocr_line' id='line_1_63' title="bbox 955 1441 1748 1485; baseline -0.014 -4"><span class='ocrx_word' id='word_1_443' title='bbox 955 1458 982 1482; x_wconf 88' lang='lat' dir='ltr'><strong>et</strong></span> <span class='ocrx_word' id='word_1_444' title='bbox 1012 1451 1126 1479; x_wconf 90' lang='lat' dir='ltr'><strong>minime</strong></span> <span class='ocrx_word' id='word_1_445' title='bbox 1151 1449 1349 1485; x_wconf 85' lang='lat' dir='ltr'><strong>aspernandam</strong></span> <span class='ocrx_word' id='word_1_446' title='bbox 1379 1447 1548 1483; x_wconf 78' lang='lat' dir='ltr'><strong>expendens,</strong></span> <span class='ocrx_word' id='word_1_447' title='bbox 1579 1452 1642 1472; x_wconf 89' lang='lat' dir='ltr'><strong>cum</strong></span> <span class='ocrx_word' id='word_1_448' title='bbox 1672 1441 1748 1471; x_wconf 80' lang='lat' dir='ltr'><strong>varia</strong></span> 
     </span>
    </p>
   </div>
   <div class='ocr_carea' id='block_1_64' title="bbox 955 1489 1748 1534">
    <p class='ocr_par' dir='ltr' id='par_1_64' title="bbox 955 1489 1748 1534">
     <span class='ocr_line' id='line_1_64' title="bbox 955 1489 1748 1534; baseline -0.014 -8"><span class='ocrx_word' id='word_1_449' title='bbox 955 1502 1128 1534; x_wconf 76' lang='lat' dir='ltr'><strong>praetexeret.</strong></span> <span class='ocrx_word' id='word_1_450' title='bbox 1145 1496 1180 1524; x_wconf 90' lang='lat' dir='ltr'><strong>de</strong></span> <span class='ocrx_word' id='word_1_451' title='bbox 1198 1495 1242 1524; x_wconf 89' lang='lat' dir='ltr'><strong>die</strong></span> <span class='ocrx_word' id='word_1_452' title='bbox 1265 1495 1293 1522; x_wconf 91' lang='lat' dir='ltr'><strong>in</strong></span> <span class='ocrx_word' id='word_1_453' title='bbox 1308 1494 1380 1521; x_wconf 88' lang='lat' dir='ltr'><strong>diem</strong></span> <span class='ocrx_word' id='word_1_454' title='bbox 1401 1492 1499 1528; x_wconf 80' lang='lat' dir='ltr'><strong>legatis</strong></span> <span class='ocrx_word' id='word_1_455' title='bbox 1514 1489 1748 1526; x_wconf 72' lang='lat' dir='ltr'><strong>responsa,facere</strong></span> 
     </span>
    </p>
   </div>
   <div class='ocr_carea' id='block_1_65' title="bbox 955 1536 1748 1576">
    <p class='ocr_par' dir='ltr' id='par_1_65' title="bbox 955 1536 1748 1576">
     <span class='ocr_line' id='line_1_65' title="bbox 955 1536 1748 1576; baseline -0.011 -4"><span class='ocrx_word' id='word_1_456' title='bbox 955 1544 1095 1573; x_wconf 83' lang='lat' dir='ltr'><strong>dill‘erebat</strong></span> <span class='ocrx_word' id='word_1_457' title='bbox 1109 1552 1117 1571; x_wconf 93' lang='lat'>:</span> <span class='ocrx_word' id='word_1_458' title='bbox 1135 1542 1233 1576; x_wconf 88' lang='lat' dir='ltr'><strong>donec,</strong></span> <span class='ocrx_word' id='word_1_459' title='bbox 1249 1541 1354 1576; x_wconf 86' lang='lat' dir='ltr'><strong>opinor,</strong></span> <span class='ocrx_word' id='word_1_460' title='bbox 1368 1540 1433 1574; x_wconf 92' lang='lat' dir='ltr'><strong>quid</strong></span> <span class='ocrx_word' id='word_1_461' title='bbox 1446 1538 1514 1567; x_wconf 88' lang='lat' dir='ltr'><strong>certi</strong></span> <span class='ocrx_word' id='word_1_462' title='bbox 1538 1545 1620 1573; x_wconf 85' lang='lat' dir='ltr'><strong>super</strong></span> <span class='ocrx_word' id='word_1_463' title='bbox 1639 1536 1673 1563; x_wconf 90' lang='lat' dir='ltr'><strong>iis</strong></span> <span class='ocrx_word' id='word_1_464' title='bbox 1688 1542 1748 1570; x_wconf 65' lang='lat' dir='ltr'><strong>qua:</strong></span> 
     </span>
    </p>
   </div>
   <div class='ocr_carea' id='block_1_66' title="bbox 956 1580 1748 1622">
    <p class='ocr_par' dir='ltr' id='par_1_66' title="bbox 956 1580 1748 1622">
     <span class='ocr_line' id='line_1_66' title="bbox 956 1580 1748 1622; baseline -0.013 -4"><span class='ocrx_word' id='word_1_465' title='bbox 956 1597 991 1618; x_wconf 77' lang='lat' dir='ltr'><strong>ex</strong></span> <span class='ocrx_word' id='word_1_466' title='bbox 1008 1589 1169 1622; x_wconf 79' lang='lat' dir='ltr'><strong>Occidente,</strong></span> <span class='ocrx_word' id='word_1_467' title='bbox 1187 1592 1217 1615; x_wconf 89' lang='lat' dir='ltr'><strong>ut</strong></span> <span class='ocrx_word' id='word_1_468' title='bbox 1235 1593 1317 1622; x_wconf 87' lang='lat' dir='ltr'><strong>supra</strong></span> <span class='ocrx_word' id='word_1_469' title='bbox 1336 1585 1438 1614; x_wconf 85' lang='lat' dir='ltr'><strong>dictum</strong></span> <span class='ocrx_word' id='word_1_470' title='bbox 1453 1588 1507 1619; x_wconf 88' lang='lat' dir='ltr'><strong>est,</strong></span> <span class='ocrx_word' id='word_1_471' title='bbox 1523 1582 1706 1611; x_wconf 79' lang='lat' dir='ltr'><strong>aﬂ‘erebantur</strong></span> <span class='ocrx_word' id='word_1_472' title='bbox 1720 1580 1748 1608; x_wconf 90' lang='lat' dir='ltr'><strong>in</strong></span> 
     </span>
    </p>
   </div>
   <div class='ocr_carea' id='block_1_67' title="bbox 957 1635 1235 1669">
    <p class='ocr_par' dir='ltr' id='par_1_67' title="bbox 957 1635 1235 1669">
     <span class='ocr_line' id='line_1_67' title="bbox 957 1635 1235 1669; baseline -0.011 -4"><span class='ocrx_word' id='word_1_473' title='bbox 957 1637 1027 1669; x_wconf 84' lang='lat' dir='ltr'><strong>dies,</strong></span> <span class='ocrx_word' id='word_1_474' title='bbox 1045 1635 1235 1663; x_wconf 79' lang='lat' dir='ltr'><strong>inaudivisset.</strong></span> 
     </span>
    </p>
   </div>
   <div class='ocr_carea' id='block_1_68' title="bbox 104 1673 1749 1718">
    <p class='ocr_par' dir='ltr' id='par_1_68' title="bbox 104 1673 1749 1718">
     <span class='ocr_line' id='line_1_68' title="bbox 104 1673 1749 1718; baseline -0.004 -10"><span class='ocrx_word' id='word_1_475' title='bbox 104 1680 135 1714; x_wconf 66' lang='grc' dir='ltr'>ἐξ</span> <span class='ocrx_word' id='word_1_476' title='bbox 152 1680 238 1716; x_wconf 73' lang='grc' dir='ltr'>ἄλλης</span> <span class='ocrx_word' id='word_1_477' title='bbox 247 1680 372 1716; x_wconf 72' lang='grc' dir='ltr'>ἀμείϐων</span> <span class='ocrx_word' id='word_1_478' title='bbox 386 1681 464 1709; x_wconf 83' lang='grc' dir='ltr'>οὖπω</span> <span class='ocrx_word' id='word_1_479' title='bbox 481 1681 563 1718; x_wconf 75' lang='grc' dir='ltr'>μέχρι</span> <span class='ocrx_word' id='word_1_480' title='bbox 580 1682 629 1709; x_wconf 76' lang='grc' dir='ltr'>καὶ</span> <span class='ocrx_word' id='word_1_481' title='bbox 643 1681 692 1710; x_wconf 84' lang='grc' dir='ltr'>νῦν</span> <span class='ocrx_word' id='word_1_482' title='bbox 708 1682 899 1718; x_wconf 81' lang='grc' dir='ltr'>ἀντιμέτωπος</span> <span class='ocrx_word' id='word_1_483' title='bbox 919 1682 1018 1717; x_wconf 79' lang='grc' dir='ltr'>στῆναι</span> <span class='ocrx_word' id='word_1_484' title='bbox 1032 1681 1100 1717; x_wconf 79' lang='grc' dir='ltr'>ἡμῖν</span> <span class='ocrx_word' id='word_1_485' title='bbox 1129 1679 1294 1715; x_wconf 77' lang='grc' dir='ltr'>ὓπέμεινας.</span> <span class='ocrx_word' id='word_1_486' title='bbox 1310 1678 1390 1707; x_wconf 84' lang='grc' dir='ltr'>Ὅθεν</span> <span class='ocrx_word' id='word_1_487' title='bbox 1419 1677 1502 1713; x_wconf 81' lang='grc' dir='ltr'>ἡμεῖς</span> <span class='ocrx_word' id='word_1_488' title='bbox 1520 1675 1570 1712; x_wconf 72' lang='grc' dir='ltr'>μὲν</span> <span class='ocrx_word' id='word_1_489' title='bbox 1584 1675 1688 1709; x_wconf 73' lang='grc' dir='ltr'>ἄπιμεν</span> <span class='ocrx_word' id='word_1_490' title='bbox 1702 1673 1749 1700; x_wconf 70' lang='grc' dir='ltr'><strong>ἐπὶ</strong></span> 
     </span>
    </p>
   </div>
   <div class='ocr_carea' id='block_1_69' title="bbox 103 1720 1749 1763">
    <p class='ocr_par' dir='ltr' id='par_1_69' title="bbox 103 1720 1749 1763">
     <span class='ocr_line' id='line_1_69' title="bbox 103 1720 1749 1763; baseline 0.001 -12"><span class='ocrx_word' id='word_1_491' title='bbox 103 1726 156 1761; x_wconf 74' lang='grc' dir='ltr'>τὴν</span> <span class='ocrx_word' id='word_1_492' title='bbox 171 1726 288 1759; x_wconf 75' lang='grc' dir='ltr'>ἑαυτῶν,</span> <span class='ocrx_word' id='word_1_493' title='bbox 300 1726 330 1753; x_wconf 72' lang='grc' dir='ltr'>σὲ</span> <span class='ocrx_word' id='word_1_494' title='bbox 344 1726 373 1753; x_wconf 85' lang='grc' dir='ltr'>δὲ</span> <span class='ocrx_word' id='word_1_495' title='bbox 387 1727 441 1763; x_wconf 81' lang='grc' dir='ltr'>χρὴ</span> <span class='ocrx_word' id='word_1_496' title='bbox 472 1728 700 1760; x_wconf 81' lang='grc' dir='ltr'>παρεσκευάσθαι</span> <span class='ocrx_word' id='word_1_497' title='bbox 732 1728 824 1760; x_wconf 79' lang='grc' dir='ltr'>καλῶς</span> <span class='ocrx_word' id='word_1_498' title='bbox 844 1728 935 1754; x_wconf 72' lang='grc' dir='ltr'>εἰδότα</span> <span class='ocrx_word' id='word_1_499' title='bbox 954 1728 992 1759; x_wconf 83' lang='grc' dir='ltr'>ὡς</span> <span class='ocrx_word' id='word_1_500' title='bbox 1019 1726 1078 1762; x_wconf 71' lang='grc' dir='ltr'>ἅμα</span> <span class='ocrx_word' id='word_1_501' title='bbox 1109 1723 1158 1762; x_wconf 85' lang='grc' dir='ltr'>ἦρι</span> <span class='ocrx_word' id='word_1_502' title='bbox 1183 1725 1296 1760; x_wconf 83' lang='grc' dir='ltr'>φανέντι</span> <span class='ocrx_word' id='word_1_503' title='bbox 1332 1724 1381 1751; x_wconf 79' lang='grc' dir='ltr'>σὺν</span> <span class='ocrx_word' id='word_1_504' title='bbox 1410 1723 1516 1759; x_wconf 76' lang='grc' dir='ltr'>μείζονι</span> <span class='ocrx_word' id='word_1_505' title='bbox 1543 1720 1623 1753; x_wconf 81' lang='grc' dir='ltr'>αὖθις</span> <span class='ocrx_word' id='word_1_506' title='bbox 1650 1721 1696 1748; x_wconf 63' lang='grc' dir='ltr'><strong>ἐπὶ</strong></span> <span class='ocrx_word' id='word_1_507' title='bbox 1717 1720 1749 1747; x_wconf 63' lang='grc' dir='ltr'>σδ</span> 
     </span>
    </p>
   </div>
   <div class='ocr_carea' id='block_1_70' title="bbox 103 1770 1747 1813">
    <p class='ocr_par' dir='ltr' id='par_1_70' title="bbox 103 1770 1747 1813">
     <span class='ocr_line' id='line_1_70' title="bbox 103 1770 1747 1813; baseline -0.007 -7"><span class='ocrx_word' id='word_1_508' title='bbox 103 1773 251 1810; x_wconf 75' lang='grc' dir='ltr'>ἥξομεντῇ</span> <span class='ocrx_word' id='word_1_509' title='bbox 261 1775 436 1811; x_wconf 78' lang='grc' dir='ltr'>παρασκευῇ.</span> <span class='ocrx_word' id='word_1_510' title='bbox 451 1784 461 1802; x_wconf 71' lang='grc' dir='ltr'><strong>ι</strong></span> <span class='ocrx_word' id='word_1_511' title='bbox 472 1775 566 1803; x_wconf 84' lang='grc' dir='ltr'>Ταῦτα</span> <span class='ocrx_word' id='word_1_512' title='bbox 578 1775 617 1812; x_wconf 83' lang='grc' dir='ltr'>τῷ</span> <span class='ocrx_word' id='word_1_513' title='bbox 633 1776 728 1813; x_wconf 81' lang='grc' dir='ltr'>Πέρσῃ</span> <span class='ocrx_word' id='word_1_514' title='bbox 745 1776 903 1811; x_wconf 76' lang='grc' dir='ltr'>ἐπισκήψας</span> <span class='ocrx_word' id='word_1_515' title='bbox 920 1774 1099 1811; x_wconf 70' lang='grc' dir='ltr'>δπιθωρακίῳ</span> <span class='ocrx_word' id='word_1_516' title='bbox 1130 1782 1159 1801; x_wconf 83' lang='grc' dir='ltr'><strong>τε</strong></span> <span class='ocrx_word' id='word_1_517' title='bbox 1174 1773 1229 1801; x_wconf 86' lang='grc' dir='ltr'><strong>τῶν</strong></span> <span class='ocrx_word' id='word_1_518' title='bbox 1249 1773 1296 1799; x_wconf 73' lang='grc' dir='ltr'>ἐπὶ</span> <span class='ocrx_word' id='word_1_519' title='bbox 1331 1772 1411 1807; x_wconf 80' lang='grc' dir='ltr'>δόξης</span> <span class='ocrx_word' id='word_1_520' title='bbox 1439 1770 1512 1802; x_wconf 78' lang='grc' dir='ltr'>τινὸς</span> <span class='ocrx_word' id='word_1_521' title='bbox 1540 1770 1747 1806; x_wconf 86' lang='grc' dir='ltr'>δωρησάμενος,</span> 
     </span>
    </p>
   </div>
   <div class='ocr_carea' id='block_1_71' title="bbox 104 1816 1749 1858">
    <p class='ocr_par' dir='ltr' id='par_1_71' title="bbox 104 1816 1749 1858">
     <span class='ocr_line' id='line_1_71' title="bbox 104 1816 1749 1858; baseline -0.005 -7"><span class='ocrx_word' id='word_1_522' title='bbox 104 1823 144 1854; x_wconf 84' lang='grc' dir='ltr'>ὼς</span> <span class='ocrx_word' id='word_1_523' title='bbox 159 1821 273 1857; x_wconf 73' lang='grc' dir='ltr'>ἔκδηλος</span> <span class='ocrx_word' id='word_1_524' title='bbox 284 1822 328 1855; x_wconf 71' lang='grc' dir='ltr'><strong>εἴη</strong></span> <span class='ocrx_word' id='word_1_525' title='bbox 341 1822 411 1858; x_wconf 81' lang='grc' dir='ltr'>πρὸς</span> <span class='ocrx_word' id='word_1_526' title='bbox 446 1821 580 1857; x_wconf 81' lang='grc' dir='ltr'>βασιλέως</span> <span class='ocrx_word' id='word_1_527' title='bbox 610 1823 759 1858; x_wconf 75' lang='grc' dir='ltr'>πεμφθεὶς,</span> <span class='ocrx_word' id='word_1_528' title='bbox 788 1822 985 1857; x_wconf 73' lang='grc' dir='ltr'>ἀπεπέμψατο.</span> <span class='ocrx_word' id='word_1_529' title='bbox 1006 1822 1037 1848; x_wconf 90' lang='lat'><strong>&#39;0</strong></span> <span class='ocrx_word' id='word_1_530' title='bbox 1049 1821 1078 1848; x_wconf 80' lang='grc' dir='ltr'>δὲ</span> <span class='ocrx_word' id='word_1_531' title='bbox 1114 1819 1241 1852; x_wconf 81' lang='grc' dir='ltr'>σουλτὰν,</span> <span class='ocrx_word' id='word_1_532' title='bbox 1262 1818 1357 1854; x_wconf 74' lang='grc' dir='ltr'>ἐπειδὴ</span> <span class='ocrx_word' id='word_1_533' title='bbox 1374 1817 1459 1844; x_wconf 78' lang='grc' dir='ltr'>ταῦτα</span> <span class='ocrx_word' id='word_1_534' title='bbox 1488 1817 1599 1852; x_wconf 76' lang='grc' dir='ltr'>ἢκουσε,</span> <span class='ocrx_word' id='word_1_535' title='bbox 1618 1816 1749 1852; x_wconf 77' lang='grc' dir='ltr'>πρέσϐεις</span> 
     </span>
    </p>
   </div>
   <div class='ocr_carea' id='block_1_72' title="bbox 104 1863 1748 1906">
    <p class='ocr_par' dir='ltr' id='par_1_72' title="bbox 104 1863 1748 1906">
     <span class='ocr_line' id='line_1_72' title="bbox 104 1863 1748 1906; baseline -0.004 -10"><span class='ocrx_word' id='word_1_536' title='bbox 104 1869 192 1904; x_wconf 80' lang='grc' dir='ltr'>ὀλίγῳ</span> <span class='ocrx_word' id='word_1_537' title='bbox 208 1868 325 1904; x_wconf 78' lang='grc' dir='ltr'>ὕστερον</span> <span class='ocrx_word' id='word_1_538' title='bbox 341 1869 407 1905; x_wconf 78' lang='grc' dir='ltr'>περὶ</span> <span class='ocrx_word' id='word_1_539' title='bbox 423 1869 537 1905; x_wconf 86' lang='grc' dir='ltr'>είρήνης</span> <span class='ocrx_word' id='word_1_540' title='bbox 567 1870 796 1906; x_wconf 75' lang='grc' dir='ltr'>ἐπερωτήσοντας</span> <span class='ocrx_word' id='word_1_541' title='bbox 825 1869 961 1905; x_wconf 79' lang='grc' dir='ltr'>ἐπεμψεν.</span> <span class='ocrx_word' id='word_1_542' title='bbox 986 1867 1058 1896; x_wconf 72' lang='grc' dir='ltr'>Ἀλλ’</span> <span class='ocrx_word' id='word_1_543' title='bbox 1086 1865 1121 1904; x_wconf 80' lang='grc' dir='ltr'>ἦν</span> <span class='ocrx_word' id='word_1_544' title='bbox 1153 1868 1167 1894; x_wconf 84' lang='grc' dir='ltr'><strong>ὸ</strong></span> <span class='ocrx_word' id='word_1_545' title='bbox 1202 1865 1332 1902; x_wconf 80' lang='grc' dir='ltr'>βασιλεὺς</span> <span class='ocrx_word' id='word_1_546' title='bbox 1356 1865 1484 1900; x_wconf 88' lang='grc' dir='ltr'>μεγάλων</span> <span class='ocrx_word' id='word_1_547' title='bbox 1510 1863 1593 1890; x_wconf 84' lang='grc' dir='ltr'>τινῶν</span> <span class='ocrx_word' id='word_1_548' title='bbox 1621 1863 1668 1890; x_wconf 77' lang='grc' dir='ltr'>καὶ</span> <span class='ocrx_word' id='word_1_549' title='bbox 1696 1863 1748 1890; x_wconf 78' lang='grc' dir='ltr'>οὐκ</span> 
     </span>
    </p>
   </div>
   <div class='ocr_carea' id='block_1_73' title="bbox 104 1911 1749 1953">
    <p class='ocr_par' dir='ltr' id='par_1_73' title="bbox 104 1911 1749 1953">
     <span class='ocr_line' id='line_1_73' title="bbox 104 1911 1749 1953; baseline -0.004 -9"><span class='ocrx_word' id='word_1_550' title='bbox 104 1915 307 1952; x_wconf 79' lang='grc' dir='ltr'>ιὺπαροράτων</span> <span class='ocrx_word' id='word_1_551' title='bbox 320 1915 350 1943; x_wconf 86' lang='grc' dir='ltr'><strong>τὺ</strong></span> <span class='ocrx_word' id='word_1_552' title='bbox 367 1916 486 1952; x_wconf 75' lang='grc' dir='ltr'>πρᾶγμα</span> <span class='ocrx_word' id='word_1_553' title='bbox 500 1916 717 1953; x_wconf 76' lang='grc' dir='ltr'>σταθμώμενος·</span> <span class='ocrx_word' id='word_1_554' title='bbox 733 1918 831 1953; x_wconf 82' lang='grc' dir='ltr'>ἀμέλει</span> <span class='ocrx_word' id='word_1_555' title='bbox 854 1918 902 1945; x_wconf 76' lang='grc' dir='ltr'>καὶ</span> <span class='ocrx_word' id='word_1_556' title='bbox 921 1917 968 1944; x_wconf 81' lang='grc' dir='ltr'><strong>ὲπὶ</strong></span> <span class='ocrx_word' id='word_1_557' title='bbox 984 1916 1101 1952; x_wconf 81' lang='grc' dir='ltr'>σκήψεις</span> <span class='ocrx_word' id='word_1_558' title='bbox 1129 1924 1160 1943; x_wconf 80' lang='grc' dir='ltr'>τι</span> <span class='ocrx_word' id='word_1_559' title='bbox 1193 1915 1290 1943; x_wconf 74' lang='grc' dir='ltr'>ἄλλοτε</span> <span class='ocrx_word' id='word_1_560' title='bbox 1304 1913 1389 1945; x_wconf 74' lang='grc' dir='ltr'>ἄλλας</span> <span class='ocrx_word' id='word_1_561' title='bbox 1408 1912 1552 1948; x_wconf 76' lang='grc' dir='ltr'>ἀνεχώρει,</span> <span class='ocrx_word' id='word_1_562' title='bbox 1577 1911 1624 1939; x_wconf 79' lang='grc' dir='ltr'>καὶ</span> <span class='ocrx_word' id='word_1_563' title='bbox 1647 1911 1691 1938; x_wconf 74' lang='grc' dir='ltr'><strong>ἀεὶ</strong></span> <span class='ocrx_word' id='word_1_564' title='bbox 1719 1911 1749 1943; x_wconf 69' lang='grc' dir='ltr'>ἐς</span> 
     </span>
    </p>
   </div>
   <div class='ocr_carea' id='block_1_74' title="bbox 104 1959 1749 2000">
    <p class='ocr_par' dir='ltr' id='par_1_74' title="bbox 104 1959 1749 2000">
     <span class='ocr_line' id='line_1_74' title="bbox 104 1959 1749 2000; baseline -0.004 -9"><span class='ocrx_word' id='word_1_565' title='bbox 104 1963 156 1998; x_wconf 80' lang='grc' dir='ltr'><strong>τὴν</strong></span> <span class='ocrx_word' id='word_1_566' title='bbox 173 1963 308 1991; x_wconf 81' lang='grc' dir='ltr'>ἐπιοῦσαν</span> <span class='ocrx_word' id='word_1_567' title='bbox 329 1963 361 1990; x_wconf 82' lang='grc' dir='ltr'>τὸ</span> <span class='ocrx_word' id='word_1_568' title='bbox 381 1964 433 1999; x_wconf 74' lang='grc' dir='ltr'>τῆς</span> <span class='ocrx_word' id='word_1_569' title='bbox 448 1964 612 1999; x_wconf 54' lang='grc' dir='ltr'>λπρεσῦείας</span> <span class='ocrx_word' id='word_1_570' title='bbox 637 1964 784 1992; x_wconf 83' lang='grc' dir='ltr'>ἀπετίθετο</span> <span class='ocrx_word' id='word_1_571' title='bbox 799 1965 888 1998; x_wconf 82' lang='grc' dir='ltr'>τέλος,</span> <span class='ocrx_word' id='word_1_572' title='bbox 908 1964 970 1998; x_wconf 75' lang='grc' dir='ltr'>ἕως,</span> <span class='ocrx_word' id='word_1_573' title='bbox 984 1962 1073 2000; x_wconf 75' lang='grc' dir='ltr'><strong>οἶμαι²</strong></span> <span class='ocrx_word' id='word_1_574' title='bbox 1088 1962 1174 1999; x_wconf 82' lang='grc' dir='ltr'>σαφές</span> <span class='ocrx_word' id='word_1_575' title='bbox 1194 1971 1223 1989; x_wconf 81' lang='grc' dir='ltr'><strong>τι</strong></span> <span class='ocrx_word' id='word_1_576' title='bbox 1259 1961 1324 1997; x_wconf 73' lang='grc' dir='ltr'>περὶ</span> <span class='ocrx_word' id='word_1_577' title='bbox 1343 1960 1398 1987; x_wconf 84' lang='grc' dir='ltr'>τῶν</span> <span class='ocrx_word' id='word_1_578' title='bbox 1416 1959 1446 1992; x_wconf 74' lang='grc' dir='ltr'><strong>ἐξ</strong></span> <span class='ocrx_word' id='word_1_579' title='bbox 1466 1959 1598 1994; x_wconf 77' lang='grc' dir='ltr'>ἑσπέρας,</span> <span class='ocrx_word' id='word_1_580' title='bbox 1622 1959 1749 1993; x_wconf 84' lang='grc' dir='ltr'>καθάπερ</span> 
     </span>
    </p>
   </div>
   <div class='ocr_carea' id='block_1_75' title="bbox 105 2010 826 2047">
    <p class='ocr_par' dir='ltr' id='par_1_75' title="bbox 105 2010 826 2047">
     <span class='ocr_line' id='line_1_75' title="bbox 105 2010 826 2047; baseline 0.003 -10"><span class='ocrx_word' id='word_1_581' title='bbox 105 2011 229 2047; x_wconf 74' lang='grc' dir='ltr'>εἴρηται,</span> <span class='ocrx_word' id='word_1_582' title='bbox 244 2010 483 2046; x_wconf 86' lang='grc' dir='ltr'>προσδοκωμένων</span> <span class='ocrx_word' id='word_1_583' title='bbox 505 2010 602 2047; x_wconf 80' lang='grc' dir='ltr'>μαθεῖν</span> <span class='ocrx_word' id='word_1_584' title='bbox 619 2011 696 2046; x_wconf 74' lang='grc' dir='ltr'>αὐτῷ</span> <span class='ocrx_word' id='word_1_585' title='bbox 708 2011 826 2046; x_wconf 88' lang='grc' dir='ltr'>γένοιτο.</span> 
     </span>
    </p>
   </div>
   <div class='ocr_carea' id='block_1_76' title="bbox 143 2053 902 2094">
    <p class='ocr_par' dir='ltr' id='par_1_76' title="bbox 143 2053 902 2094">
     <span class='ocr_line' id='line_1_76' title="bbox 143 2053 902 2094; baseline -0.001 -9"><span class='ocrx_word' id='word_1_586' title='bbox 143 2056 180 2085; x_wconf 83' lang='grc' dir='ltr'><strong>θ’.</strong></span> <span class='ocrx_word' id='word_1_587' title='bbox 206 2056 286 2084; x_wconf 82' lang='grc' dir='ltr'>Ἐπεὶ</span> <span class='ocrx_word' id='word_1_588' title='bbox 318 2055 347 2083; x_wconf 76' lang='grc' dir='ltr'>δὲ</span> <span class='ocrx_word' id='word_1_589' title='bbox 377 2055 444 2091; x_wconf 91' lang='grc' dir='ltr'>περί</span> <span class='ocrx_word' id='word_1_590' title='bbox 474 2064 536 2083; x_wconf 83' lang='grc' dir='ltr'>τινα</span> <span class='ocrx_word' id='word_1_591' title='bbox 566 2055 656 2092; x_wconf 86' lang='grc' dir='ltr'>χῶρον</span> <span class='ocrx_word' id='word_1_592' title='bbox 682 2056 792 2092; x_wconf 81' lang='grc' dir='ltr'>ἐγένετο</span> <span class='ocrx_word' id='word_1_593' title='bbox 815 2053 846 2084; x_wconf 73' lang='grc' dir='ltr'><strong>οὗ</strong></span> <span class='ocrx_word' id='word_1_594' title='bbox 869 2057 902 2094; x_wconf 83' lang='grc' dir='ltr'>δὴ</span> 
     </span>
    </p>
   </div>
   <div class='ocr_carea' id='block_1_77' title="bbox 106 2101 902 2139">
    <p class='ocr_par' dir='ltr' id='par_1_77' title="bbox 106 2101 902 2139">
     <span class='ocr_line' id='line_1_77' title="bbox 106 2101 902 2139; baseline -0.001 -7"><span class='ocrx_word' id='word_1_595' title='bbox 106 2104 268 2139; x_wconf 73' lang='grc' dir='ltr'>Μαίανδρος</span> <span class='ocrx_word' id='word_1_596' title='bbox 282 2102 340 2138; x_wconf 85' lang='grc'><strong>(75)</strong></span> <span class='ocrx_word' id='word_1_597' title='bbox 357 2101 408 2138; x_wconf 80' lang='grc' dir='ltr'>τὴν</span> <span class='ocrx_word' id='word_1_598' title='bbox 428 2102 543 2138; x_wconf 65' lang='grc' dir='ltr'>ἐκϐολὴν</span> <span class='ocrx_word' id='word_1_599' title='bbox 556 2103 688 2134; x_wconf 83' lang='grc' dir='ltr'>ποιεῖται,</span> <span class='ocrx_word' id='word_1_600' title='bbox 710 2103 764 2136; x_wconf 78' lang='grc' dir='ltr'><strong>ἔξω</strong></span> <span class='ocrx_word' id='word_1_601' title='bbox 774 2104 829 2131; x_wconf 86' lang='grc' dir='ltr'>τῶν</span> <span class='ocrx_word' id='word_1_602' title='bbox 843 2106 902 2138; x_wconf 72' lang='grc' dir='ltr'>ἶποο</span> 
     </span>
    </p>
   </div>
   <div class='ocr_carea' id='block_1_78' title="bbox 106 2147 902 2189">
    <p class='ocr_par' dir='ltr' id='par_1_78' title="bbox 106 2147 902 2189">
     <span class='ocr_line' id='line_1_78' title="bbox 106 2147 902 2189; baseline 0 -13"><span class='ocrx_word' id='word_1_603' title='bbox 106 2149 213 2184; x_wconf 87' lang='grc' dir='ltr'>λεμίων</span> <span class='ocrx_word' id='word_1_604' title='bbox 230 2149 280 2185; x_wconf 76' lang='grc' dir='ltr'><strong>ήδη</strong></span> <span class='ocrx_word' id='word_1_605' title='bbox 295 2147 463 2183; x_wconf 79' lang='grc' dir='ltr'>γεγενῆσθαι</span> <span class='ocrx_word' id='word_1_606' title='bbox 487 2149 601 2189; x_wconf 69' lang='grc' dir='ltr'>νομίσας</span> <span class='ocrx_word' id='word_1_607' title='bbox 626 2147 740 2184; x_wconf 79' lang='grc' dir='ltr'>εὖῡδρόν</span> <span class='ocrx_word' id='word_1_608' title='bbox 760 2158 789 2176; x_wconf 77' lang='grc' dir='ltr'><strong>τε</strong></span> <span class='ocrx_word' id='word_1_609' title='bbox 813 2149 902 2181; x_wconf 77' lang='grc' dir='ltr'>ἄλλως</span> 
     </span>
    </p>
   </div>
   <div class='ocr_carea' id='block_1_79' title="bbox 103 2191 902 2229">
    <p class='ocr_par' dir='ltr' id='par_1_79' title="bbox 103 2191 902 2229">
     <span class='ocr_line' id='line_1_79' title="bbox 103 2191 902 2229; baseline 0 -9"><span class='ocrx_word' id='word_1_610' title='bbox 103 2194 152 2221; x_wconf 73' lang='grc' dir='ltr'><strong>τὸν</strong></span> <span class='ocrx_word' id='word_1_611' title='bbox 168 2193 260 2229; x_wconf 85' lang='grc' dir='ltr'>χῶρον</span> <span class='ocrx_word' id='word_1_612' title='bbox 274 2192 337 2219; x_wconf 82' lang='grc' dir='ltr'>ίδὼν</span> <span class='ocrx_word' id='word_1_613' title='bbox 353 2192 401 2220; x_wconf 84' lang='grc' dir='ltr'>καὶ</span> <span class='ocrx_word' id='word_1_614' title='bbox 417 2191 485 2219; x_wconf 82' lang='grc' dir='ltr'>πολὺ</span> <span class='ocrx_word' id='word_1_615' title='bbox 499 2191 531 2218; x_wconf 79' lang='grc' dir='ltr'><strong>τὸ</strong></span> <span class='ocrx_word' id='word_1_616' title='bbox 543 2193 638 2228; x_wconf 83' lang='grc' dir='ltr'>χαρίεν</span> <span class='ocrx_word' id='word_1_617' title='bbox 652 2193 804 2227; x_wconf 81' lang='grc' dir='ltr'>ἀνθρώπων</span> <span class='ocrx_word' id='word_1_618' title='bbox 823 2193 902 2228; x_wconf 76' lang='grc' dir='ltr'>ὕψεσι</span> 
     </span>
    </p>
   </div>
   <div class='ocr_carea' id='block_1_80' title="bbox 104 2238 902 2276">
    <p class='ocr_par' dir='ltr' id='par_1_80' title="bbox 104 2238 902 2276">
     <span class='ocr_line' id='line_1_80' title="bbox 104 2238 902 2276; baseline -0.001 -9"><span class='ocrx_word' id='word_1_619' title='bbox 104 2239 313 2276; x_wconf 82' lang='grc' dir='ltr'>παρεχόμενον,</span> <span class='ocrx_word' id='word_1_620' title='bbox 328 2239 501 2274; x_wconf 86' lang='grc' dir='ltr'>κυνηγεσίων</span> <span class='ocrx_word' id='word_1_621' title='bbox 517 2239 609 2266; x_wconf 78' lang='grc' dir='ltr'>ἀνέσει</span> <span class='ocrx_word' id='word_1_622' title='bbox 622 2238 721 2270; x_wconf 82' lang='grc' dir='ltr'>πόνους</span> <span class='ocrx_word' id='word_1_623' title='bbox 731 2239 796 2271; x_wconf 77' lang='grc' dir='ltr'>τοὺς</span> <span class='ocrx_word' id='word_1_624' title='bbox 805 2239 838 2266; x_wconf 78' lang='grc' dir='ltr'>ὲκ</span> <span class='ocrx_word' id='word_1_625' title='bbox 852 2238 902 2275; x_wconf 85' lang='grc' dir='ltr'>τῆς</span> 
     </span>
    </p>
   </div>
   <div class='ocr_carea' id='block_1_81' title="bbox 990 2053 1750 2092">
    <p class='ocr_par' dir='ltr' id='par_1_81' title="bbox 990 2053 1750 2092">
     <span class='ocr_line' id='line_1_81' title="bbox 990 2053 1750 2092; baseline -0.004 -7"><span class='ocrx_word' id='word_1_626' title='bbox 990 2058 1018 2085; x_wconf 89' lang='lat'><strong>9.</strong></span> <span class='ocrx_word' id='word_1_627' title='bbox 1032 2057 1180 2092; x_wconf 81' lang='lat' dir='ltr'><strong>Postquam</strong></span> <span class='ocrx_word' id='word_1_628' title='bbox 1195 2056 1227 2084; x_wconf 84' lang='lat' dir='ltr'><strong>ad</strong></span> <span class='ocrx_word' id='word_1_629' title='bbox 1241 2063 1300 2084; x_wconf 90' lang='lat' dir='ltr'><strong>eam</strong></span> <span class='ocrx_word' id='word_1_630' title='bbox 1314 2056 1451 2091; x_wconf 77' lang='lat' dir='ltr'><strong>regionem</strong></span> <span class='ocrx_word' id='word_1_631' title='bbox 1464 2054 1547 2088; x_wconf 84' lang='lat' dir='ltr'><strong>venit,</strong></span> <span class='ocrx_word' id='word_1_632' title='bbox 1559 2054 1603 2082; x_wconf 91' lang='lat' dir='ltr'><strong>ubi</strong></span> <span class='ocrx_word' id='word_1_633' title='bbox 1613 2053 1750 2082; x_wconf 72' lang='lat' dir='ltr'><strong>Maeander</strong></span> 
     </span>
    </p>
   </div>
   <div class='ocr_carea' id='block_1_82' title="bbox 955 2100 1750 2139">
    <p class='ocr_par' dir='ltr' id='par_1_82' title="bbox 955 2100 1750 2139">
     <span class='ocr_line' id='line_1_82' title="bbox 955 2100 1750 2139; baseline -0.006 -8"><span class='ocrx_word' id='word_1_634' title='bbox 955 2103 1053 2135; x_wconf 88' lang='lat' dir='ltr'><strong>oritur,</strong></span> <span class='ocrx_word' id='word_1_635' title='bbox 1064 2103 1121 2139; x_wconf 85' lang='lat' dir='ltr'><strong>jam</strong></span> <span class='ocrx_word' id='word_1_636' title='bbox 1138 2109 1198 2130; x_wconf 87' lang='lat' dir='ltr'><strong>sese</strong></span> <span class='ocrx_word' id='word_1_637' title='bbox 1213 2103 1247 2129; x_wconf 85' lang='lat' dir='ltr'><strong>ab</strong></span> <span class='ocrx_word' id='word_1_638' title='bbox 1262 2101 1386 2129; x_wconf 84' lang='lat' dir='ltr'><strong>hostibus</strong></span> <span class='ocrx_word' id='word_1_639' title='bbox 1400 2105 1487 2128; x_wconf 89' lang='lat' dir='ltr'><strong>tutum</strong></span> <span class='ocrx_word' id='word_1_640' title='bbox 1505 2105 1591 2134; x_wconf 82' lang='lat' dir='ltr'><strong>ratus,</strong></span> <span class='ocrx_word' id='word_1_641' title='bbox 1605 2100 1750 2134; x_wconf 88' lang='lat' dir='ltr'><strong>conspica-</strong></span> 
     </span>
    </p>
   </div>
   <div class='ocr_carea' id='block_1_83' title="bbox 957 2146 1750 2183">
    <p class='ocr_par' dir='ltr' id='par_1_83' title="bbox 957 2146 1750 2183">
     <span class='ocr_line' id='line_1_83' title="bbox 957 2146 1750 2183; baseline -0.004 -8"><span class='ocrx_word' id='word_1_642' title='bbox 957 2152 1055 2182; x_wconf 86' lang='lat' dir='ltr'><strong>tusque</strong></span> <span class='ocrx_word' id='word_1_643' title='bbox 1078 2147 1165 2176; x_wconf 91' lang='lat' dir='ltr'><strong>locum</strong></span> <span class='ocrx_word' id='word_1_644' title='bbox 1192 2147 1271 2183; x_wconf 89' lang='lat' dir='ltr'><strong>aquis</strong></span> <span class='ocrx_word' id='word_1_645' title='bbox 1292 2146 1438 2182; x_wconf 76' lang='lat' dir='ltr'><strong>irriguum,</strong></span> <span class='ocrx_word' id='word_1_646' title='bbox 1460 2147 1505 2182; x_wconf 89' lang='lat' dir='ltr'><strong>qui</strong></span> <span class='ocrx_word' id='word_1_647' title='bbox 1530 2146 1687 2174; x_wconf 67' lang='lat' dir='ltr'><strong>amoenitate</strong></span> <span class='ocrx_word' id='word_1_648' title='bbox 1702 2152 1750 2173; x_wconf 81' lang='lat' dir='ltr'><strong>sua</strong></span> 
     </span>
    </p>
   </div>
   <div class='ocr_carea' id='block_1_84' title="bbox 956 2191 1751 2227">
    <p class='ocr_par' dir='ltr' id='par_1_84' title="bbox 956 2191 1751 2227">
     <span class='ocr_line' id='line_1_84' title="bbox 956 2191 1751 2227; baseline -0.006 -5"><span class='ocrx_word' id='word_1_649' title='bbox 956 2195 1096 2222; x_wconf 89' lang='lat' dir='ltr'><strong>hominum</strong></span> <span class='ocrx_word' id='word_1_650' title='bbox 1110 2193 1265 2221; x_wconf 84' lang='lat' dir='ltr'><strong>oblectabat</strong></span> <span class='ocrx_word' id='word_1_651' title='bbox 1279 2192 1397 2226; x_wconf 84' lang='lat' dir='ltr'><strong>animos,</strong></span> <span class='ocrx_word' id='word_1_652' title='bbox 1416 2192 1547 2227; x_wconf 87' lang='lat' dir='ltr'><strong>pristinos</strong></span> <span class='ocrx_word' id='word_1_653' title='bbox 1560 2199 1593 2218; x_wconf 82' lang='lat' dir='ltr'><strong>ex</strong></span> <span class='ocrx_word' id='word_1_654' title='bbox 1605 2197 1668 2218; x_wconf 88' lang='lat' dir='ltr'><strong>ante</strong></span> <span class='ocrx_word' id='word_1_655' title='bbox 1681 2191 1751 2218; x_wconf 84' lang='lat' dir='ltr'><strong>actis</strong></span> 
     </span>
    </p>
   </div>
   <div class='ocr_carea' id='block_1_85' title="bbox 956 2237 1750 2268">
    <p class='ocr_par' dir='ltr' id='par_1_85' title="bbox 956 2237 1750 2268">
     <span class='ocr_line' id='line_1_85' title="bbox 956 2237 1750 2268; baseline -0.005 0"><span class='ocrx_word' id='word_1_656' title='bbox 956 2239 1035 2268; x_wconf 86' lang='lat' dir='ltr'><strong>bellis</strong></span> <span class='ocrx_word' id='word_1_657' title='bbox 1051 2239 1158 2267; x_wconf 84' lang='lat' dir='ltr'><strong>labores</strong></span> <span class='ocrx_word' id='word_1_658' title='bbox 1172 2238 1345 2266; x_wconf 85' lang='lat' dir='ltr'><strong>venationum</strong></span> <span class='ocrx_word' id='word_1_659' title='bbox 1363 2238 1500 2266; x_wconf 82' lang='lat' dir='ltr'><strong>exercitiis</strong></span> <span class='ocrx_word' id='word_1_660' title='bbox 1514 2237 1668 2265; x_wconf 87' lang='lat' dir='ltr'><strong>demulcere</strong></span> <span class='ocrx_word' id='word_1_661' title='bbox 1682 2244 1750 2264; x_wconf 86' lang='lat' dir='ltr'><strong>con-</strong></span> 
     </span>
    </p>
   </div>
   <div class='ocr_carea' id='block_1_86' title="bbox 106 2271 903 2321">
    <p class='ocr_par' dir='ltr' id='par_1_86' title="bbox 106 2271 902 2321">
     <span class='ocr_line' id='line_1_86' title="bbox 106 2271 902 2321; baseline -0.001 -8"><span class='ocrx_word' id='word_1_662' title='bbox 106 2271 202 2321; x_wconf 64' lang='grc' dir='ltr'>μάχης</span> <span class='ocrx_word' id='word_1_663' title='bbox 218 2271 445 2321; x_wconf 57' lang='grc' dir='ltr'>παραμυθεῖσθαι</span> <span class='ocrx_word' id='word_1_664' title='bbox 461 2284 561 2321; x_wconf 55' lang='lat' dir='ltr'><strong>gnem.</strong></span> <span class='ocrx_word' id='word_1_665' title='bbox 588 2285 733 2320; x_wconf 84' lang='grc' dir='ltr'>Κινήσεως</span> <span class='ocrx_word' id='word_1_666' title='bbox 757 2283 804 2312; x_wconf 78' lang='grc' dir='ltr'>οὖν</span> <span class='ocrx_word' id='word_1_667' title='bbox 828 2271 902 2318; x_wconf 79' lang='grc' dir='ltr'>τινος</span> 
     </span>
    </p>
   </div>
   <div class='ocr_carea' id='block_1_87' title="bbox 956 2271 1749 2321">
    <p class='ocr_par' dir='ltr' id='par_1_87' title="bbox 956 2283 1749 2319">
     <span class='ocr_line' id='line_1_87' title="bbox 956 2283 1749 2319; baseline -0.004 -6"><span class='ocrx_word' id='word_1_668' title='bbox 956 2285 1052 2313; x_wconf 87' lang='lat' dir='ltr'><strong>stituit.</strong></span> <span class='ocrx_word' id='word_1_669' title='bbox 1067 2284 1135 2313; x_wconf 89' lang='lat' dir='ltr'><strong>Cum</strong></span> <span class='ocrx_word' id='word_1_670' title='bbox 1156 2292 1221 2312; x_wconf 91' lang='lat' dir='ltr'><strong>vero</strong></span> <span class='ocrx_word' id='word_1_671' title='bbox 1244 2283 1317 2312; x_wconf 86' lang='lat' dir='ltr'><strong>circa</strong></span> <span class='ocrx_word' id='word_1_672' title='bbox 1337 2284 1433 2312; x_wconf 84' lang='lat' dir='ltr'><strong>silvam</strong></span> <span class='ocrx_word' id='word_1_673' title='bbox 1450 2291 1466 2312; x_wconf 88' lang='lat' dir='ltr'><strong>e</strong></span> <span class='ocrx_word' id='word_1_674' title='bbox 1480 2284 1629 2319; x_wconf 82' lang='lat' dir='ltr'><strong>longinquo</strong></span> <span class='ocrx_word' id='word_1_675' title='bbox 1646 2284 1749 2311; x_wconf 86' lang='lat' dir='ltr'><strong>moveri</strong></span> 
     </span>
    </p>
   </div>
   <div class='ocr_carea' id='block_1_88' title="bbox 104 2331 901 2369">
    <p class='ocr_par' dir='ltr' id='par_1_88' title="bbox 104 2331 901 2369">
     <span class='ocr_line' id='line_1_88' title="bbox 104 2331 901 2369; baseline -0.003 -9"><span class='ocrx_word' id='word_1_676' title='bbox 104 2334 181 2368; x_wconf 80' lang='grc' dir='ltr'>ἀμφὶ</span> <span class='ocrx_word' id='word_1_677' title='bbox 204 2334 240 2368; x_wconf 76' lang='grc' dir='ltr'><strong>τῇ</strong></span> <span class='ocrx_word' id='word_1_678' title='bbox 262 2332 352 2369; x_wconf 79' lang='grc' dir='ltr'>λόχμῃ</span> <span class='ocrx_word' id='word_1_679' title='bbox 378 2331 542 2368; x_wconf 87' lang='grc' dir='ltr'>αἰσθόμενος</span> <span class='ocrx_word' id='word_1_680' title='bbox 565 2331 730 2368; x_wconf 77' lang='grc' dir='ltr'>πόρρωθεν,</span> <span class='ocrx_word' id='word_1_681' title='bbox 747 2331 843 2367; x_wconf 77' lang='grc' dir='ltr'>ἐπειδὴ</span> <span class='ocrx_word' id='word_1_682' title='bbox 863 2331 901 2367; x_wconf 84' lang='grc' dir='ltr'>μὴ</span> 
     </span>
    </p>
   </div>
   <div class='ocr_carea' id='block_1_89' title="bbox 104 2377 903 2414">
    <p class='ocr_par' dir='ltr' id='par_1_89' title="bbox 104 2377 903 2414">
     <span class='ocr_line' id='line_1_89' title="bbox 104 2377 903 2414; baseline -0.003 -8"><span class='ocrx_word' id='word_1_683' title='bbox 104 2377 165 2414; x_wconf 75' lang='grc' dir='ltr'>εἷχε</span> <span class='ocrx_word' id='word_1_684' title='bbox 179 2378 224 2406; x_wconf 82' lang='grc' dir='ltr'><strong>διὰ</strong></span> <span class='ocrx_word' id='word_1_685' title='bbox 237 2379 289 2414; x_wconf 83' lang='grc' dir='ltr'>τὴν</span> <span class='ocrx_word' id='word_1_686' title='bbox 305 2378 368 2406; x_wconf 86' lang='grc' dir='ltr'>λίαν</span> <span class='ocrx_word' id='word_1_687' title='bbox 387 2378 542 2406; x_wconf 82' lang='grc' dir='ltr'>ἀπόστασιν</span> <span class='ocrx_word' id='word_1_688' title='bbox 566 2377 686 2411; x_wconf 81' lang='grc' dir='ltr'>ξυνεῖναι</span> <span class='ocrx_word' id='word_1_689' title='bbox 705 2378 752 2405; x_wconf 83' lang='grc' dir='ltr'><strong>τοῦ</strong></span> <span class='ocrx_word' id='word_1_690' title='bbox 772 2377 903 2414; x_wconf 88' lang='grc' dir='ltr'>φαινομέ-</span> 
     </span>
    </p>
   </div>
   <div class='ocr_carea' id='block_1_90' title="bbox 104 2424 903 2460">
    <p class='ocr_par' dir='ltr' id='par_1_90' title="bbox 104 2424 903 2460">
     <span class='ocr_line' id='line_1_90' title="bbox 104 2424 903 2460; baseline -0.001 -8"><span class='ocrx_word' id='word_1_691' title='bbox 104 2433 166 2456; x_wconf 85' lang='grc' dir='ltr'>νου.</span> <span class='ocrx_word' id='word_1_692' title='bbox 180 2424 237 2452; x_wconf 79' lang='grc' dir='ltr'><strong>τῶν</strong></span> <span class='ocrx_word' id='word_1_693' title='bbox 252 2424 319 2460; x_wconf 79' lang='grc' dir='ltr'>περὶ</span> <span class='ocrx_word' id='word_1_694' title='bbox 333 2424 415 2451; x_wconf 80' lang='grc' dir='ltr'>αὐτόν</span> <span class='ocrx_word' id='word_1_695' title='bbox 424 2433 501 2456; x_wconf 78' lang='grc' dir='ltr'>τινας</span> <span class='ocrx_word' id='word_1_696' title='bbox 512 2424 558 2451; x_wconf 78' lang='grc' dir='ltr'><strong>ἐπὶ</strong></span> <span class='ocrx_word' id='word_1_697' title='bbox 571 2425 780 2460; x_wconf 84' lang='grc' dir='ltr'>κατασκοπήσει</span> <span class='ocrx_word' id='word_1_698' title='bbox 794 2424 903 2457; x_wconf 86' lang='grc' dir='ltr'>στείλας</span> 
     </span>
    </p>
   </div>
   <div class='ocr_carea' id='block_1_91' title="bbox 106 2469 902 2506">
    <p class='ocr_par' dir='ltr' id='par_1_91' title="bbox 106 2469 902 2506">
     <span class='ocr_line' id='line_1_91' title="bbox 106 2469 902 2506; baseline -0.003 -8"><span class='ocrx_word' id='word_1_699' title='bbox 106 2471 214 2506; x_wconf 79' lang='grc' dir='ltr'>σκηνὰς</span> <span class='ocrx_word' id='word_1_700' title='bbox 238 2471 288 2506; x_wconf 81' lang='grc' dir='ltr'>μὲν</span> <span class='ocrx_word' id='word_1_701' title='bbox 312 2469 431 2497; x_wconf 72' lang='grc' dir='ltr'>ἐνταῦθα</span> <span class='ocrx_word' id='word_1_702' title='bbox 448 2470 594 2506; x_wconf 74' lang='grc' dir='ltr'>ἠθροῖσθαι</span> <span class='ocrx_word' id='word_1_703' title='bbox 611 2470 711 2502; x_wconf 84' lang='grc' dir='ltr'>πολλὰς</span> <span class='ocrx_word' id='word_1_704' title='bbox 729 2470 850 2505; x_wconf 77' lang='grc' dir='ltr'>ἤκουσε,</span> <span class='ocrx_word' id='word_1_705' title='bbox 866 2469 902 2496; x_wconf 83' lang='grc' dir='ltr'><strong>τὰ</strong></span> 
     </span>
    </p>
   </div>
   <div class='ocr_carea' id='block_1_92' title="bbox 104 2514 900 2552">
    <p class='ocr_par' dir='ltr' id='par_1_92' title="bbox 104 2514 900 2552">
     <span class='ocr_line' id='line_1_92' title="bbox 104 2514 900 2552; baseline -0.003 -8"><span class='ocrx_word' id='word_1_706' title='bbox 104 2516 129 2543; x_wconf 75' lang='grc' dir='ltr'>δ’</span> <span class='ocrx_word' id='word_1_707' title='bbox 147 2517 197 2544; x_wconf 75' lang='grc' dir='ltr'><strong>ἐπὶ</strong></span> <span class='ocrx_word' id='word_1_708' title='bbox 214 2517 264 2544; x_wconf 85' lang='grc' dir='ltr'>τοῦ</span> <span class='ocrx_word' id='word_1_709' title='bbox 280 2516 381 2549; x_wconf 73' lang='grc' dir='ltr'>ἄλσους</span> <span class='ocrx_word' id='word_1_710' title='bbox 394 2516 567 2552; x_wconf 81' lang='grc' dir='ltr'>ταράσσοντα</span> <span class='ocrx_word' id='word_1_711' title='bbox 584 2516 684 2549; x_wconf 82' lang='grc' dir='ltr'>ίππους</span> <span class='ocrx_word' id='word_1_712' title='bbox 705 2514 779 2544; x_wconf 78' lang='grc' dir='ltr'>εῖναι</span> <span class='ocrx_word' id='word_1_713' title='bbox 799 2516 854 2543; x_wconf 85' lang='grc' dir='ltr'><strong>τῶν</strong></span> <span class='ocrx_word' id='word_1_714' title='bbox 870 2516 900 2543; x_wconf 70' lang='grc' dir='ltr'>δν</span> 
     </span>
    </p>
   </div>
   <div class='ocr_carea' id='block_1_93' title="bbox 954 2330 1748 2371">
    <p class='ocr_par' dir='ltr' id='par_1_93' title="bbox 954 2330 1748 2371">
     <span class='ocr_line' id='line_1_93' title="bbox 954 2330 1748 2371; baseline -0.003 -12"><span class='ocrx_word' id='word_1_715' title='bbox 954 2331 1049 2359; x_wconf 88' lang='lat' dir='ltr'><strong>nescio</strong></span> <span class='ocrx_word' id='word_1_716' title='bbox 1065 2331 1130 2366; x_wconf 89' lang='lat' dir='ltr'><strong>quid</strong></span> <span class='ocrx_word' id='word_1_717' title='bbox 1145 2330 1317 2364; x_wconf 84' lang='lat' dir='ltr'><strong>advertisset,</strong></span> <span class='ocrx_word' id='word_1_718' title='bbox 1329 2331 1505 2366; x_wconf 86' lang='lat' dir='ltr'><strong>nequiretque</strong></span> <span class='ocrx_word' id='word_1_719' title='bbox 1516 2330 1670 2358; x_wconf 84' lang='lat' dir='ltr'><strong>accuratius</strong></span> <span class='ocrx_word' id='word_1_720' title='bbox 1680 2337 1748 2371; x_wconf 53' lang='lat' dir='ltr'><strong>rem,</strong></span> 
     </span>
    </p>
   </div>
   <div class='ocr_carea' id='block_1_94' title="bbox 952 2376 1748 2414">
    <p class='ocr_par' dir='ltr' id='par_1_94' title="bbox 952 2376 1748 2414">
     <span class='ocr_line' id='line_1_94' title="bbox 952 2376 1748 2414; baseline -0.003 -9"><span class='ocrx_word' id='word_1_721' title='bbox 952 2378 1026 2414; x_wconf 87' lang='lat' dir='ltr'><strong>quod</strong></span> <span class='ocrx_word' id='word_1_722' title='bbox 1046 2378 1108 2406; x_wconf 90' lang='lat' dir='ltr'><strong>inde</strong></span> <span class='ocrx_word' id='word_1_723' title='bbox 1132 2377 1239 2406; x_wconf 85' lang='lat' dir='ltr'><strong>abesset</strong></span> <span class='ocrx_word' id='word_1_724' title='bbox 1261 2377 1378 2413; x_wconf 77' lang='lat' dir='ltr'><strong>longius,</strong></span> <span class='ocrx_word' id='word_1_725' title='bbox 1393 2377 1572 2405; x_wconf 87' lang='lat' dir='ltr'><strong>discernere:</strong></span> <span class='ocrx_word' id='word_1_726' title='bbox 1592 2376 1681 2404; x_wconf 87' lang='lat' dir='ltr'><strong>missis</strong></span> <span class='ocrx_word' id='word_1_727' title='bbox 1697 2376 1748 2403; x_wconf 89' lang='lat' dir='ltr'><strong>ali-</strong></span> 
     </span>
    </p>
   </div>
   <div class='ocr_carea' id='block_1_95' title="bbox 953 2423 1747 2459">
    <p class='ocr_par' dir='ltr' id='par_1_95' title="bbox 953 2423 1747 2459">
     <span class='ocr_line' id='line_1_95' title="bbox 953 2423 1747 2459; baseline -0.001 -9"><span class='ocrx_word' id='word_1_728' title='bbox 953 2428 1020 2459; x_wconf 90' lang='lat' dir='ltr'><strong>quot</strong></span> <span class='ocrx_word' id='word_1_729' title='bbox 1042 2431 1076 2452; x_wconf 82' lang='lat' dir='ltr'><strong>ex</strong></span> <span class='ocrx_word' id='word_1_730' title='bbox 1099 2424 1155 2452; x_wconf 88' lang='lat' dir='ltr'><strong>suis</strong></span> <span class='ocrx_word' id='word_1_731' title='bbox 1181 2424 1227 2459; x_wconf 89' lang='lat' dir='ltr'><strong>qui</strong></span> <span class='ocrx_word' id='word_1_732' title='bbox 1253 2423 1475 2458; x_wconf 82' lang='lat' dir='ltr'><strong>specularentur,</strong></span> <span class='ocrx_word' id='word_1_733' title='bbox 1501 2423 1611 2450; x_wconf 88' lang='lat' dir='ltr'><strong>rescivit</strong></span> <span class='ocrx_word' id='word_1_734' title='bbox 1640 2423 1747 2450; x_wconf 83' lang='lat' dir='ltr'><strong>tandem</strong></span> 
     </span>
    </p>
   </div>
   <div class='ocr_carea' id='block_1_96' title="bbox 954 2467 1747 2503">
    <p class='ocr_par' dir='ltr' id='par_1_96' title="bbox 954 2467 1747 2503">
     <span class='ocr_line' id='line_1_96' title="bbox 954 2467 1747 2503; baseline -0.005 -6"><span class='ocrx_word' id='word_1_735' title='bbox 954 2469 1076 2498; x_wconf 80' lang='lat' dir='ltr'><strong>conferta</strong></span> <span class='ocrx_word' id='word_1_736' title='bbox 1091 2469 1127 2496; x_wconf 91' lang='lat' dir='ltr'><strong>ibi</strong></span> <span class='ocrx_word' id='word_1_737' title='bbox 1142 2476 1203 2497; x_wconf 88' lang='lat' dir='ltr'><strong>esse</strong></span> <span class='ocrx_word' id='word_1_738' title='bbox 1219 2469 1404 2503; x_wconf 85' lang='lat' dir='ltr'><strong>tabernacula,</strong></span> <span class='ocrx_word' id='word_1_739' title='bbox 1420 2474 1447 2497; x_wconf 89' lang='lat' dir='ltr'><strong>et</strong></span> <span class='ocrx_word' id='word_1_740' title='bbox 1464 2473 1566 2496; x_wconf 90' lang='lat' dir='ltr'><strong>motum</strong></span> <span class='ocrx_word' id='word_1_741' title='bbox 1581 2467 1625 2502; x_wconf 88' lang='lat' dir='ltr'><strong>qui</strong></span> <span class='ocrx_word' id='word_1_742' title='bbox 1639 2467 1747 2501; x_wconf 88' lang='lat' dir='ltr'><strong>conspi-</strong></span> 
     </span>
    </p>
   </div>
   <div class='ocr_carea' id='block_1_97' title="bbox 954 2513 1744 2551">
    <p class='ocr_par' dir='ltr' id='par_1_97' title="bbox 954 2513 1744 2551">
     <span class='ocr_line' id='line_1_97' title="bbox 954 2513 1744 2551; baseline -0.005 -7"><span class='ocrx_word' id='word_1_743' title='bbox 954 2520 1064 2544; x_wconf 88' lang='lat' dir='ltr'><strong>ceretur</strong></span> <span class='ocrx_word' id='word_1_744' title='bbox 1079 2516 1105 2543; x_wconf 93' lang='lat' dir='ltr'><strong>in</strong></span> <span class='ocrx_word' id='word_1_745' title='bbox 1121 2515 1243 2550; x_wconf 86' lang='lat' dir='ltr'><strong>silva,ab</strong></span> <span class='ocrx_word' id='word_1_746' title='bbox 1256 2517 1333 2551; x_wconf 85' lang='lat' dir='ltr'><strong>equis</strong></span> <span class='ocrx_word' id='word_1_747' title='bbox 1343 2523 1449 2548; x_wconf 83' lang='lat' dir='ltr'><strong>eorum,</strong></span> <span class='ocrx_word' id='word_1_748' title='bbox 1459 2515 1503 2550; x_wconf 93' lang='lat' dir='ltr'><strong>qui</strong></span> <span class='ocrx_word' id='word_1_749' title='bbox 1518 2515 1545 2542; x_wconf 93' lang='lat' dir='ltr'><strong>in</strong></span> <span class='ocrx_word' id='word_1_750' title='bbox 1561 2513 1744 2542; x_wconf 86' lang='lat' dir='ltr'><strong>tabernaculis</strong></span> 
     </span>
    </p>
   </div>
   <div class='ocr_carea' id='block_1_98' title="bbox 783 2576 1075 2616">
    <p class='ocr_par' dir='ltr' id='par_1_98' title="bbox 783 2576 1075 2616">
     <span class='ocr_line' id='line_1_98' title="bbox 783 2576 1075 2616; baseline 0 -8"><span class='ocrx_word' id='word_1_751' title='bbox 783 2577 835 2608; x_wconf 84' lang='lat' dir='ltr'><strong>Du</strong></span> <span class='ocrx_word' id='word_1_752' title='bbox 849 2576 963 2616; x_wconf 80' lang='lat' dir='ltr'><strong>Cangii</strong></span> <span class='ocrx_word' id='word_1_753' title='bbox 979 2580 1075 2608; x_wconf 76' lang='lat' dir='ltr'><strong>notte.</strong></span> 
     </span>
    </p>
   </div>
   <div class='ocr_carea' id='block_1_99' title="bbox 143 2627 1747 2665">
    <p class='ocr_par' dir='ltr' id='par_1_99' title="bbox 143 2627 1747 2665">
     <span class='ocr_line' id='line_1_99' title="bbox 143 2627 1747 2665; baseline -0.002 -9"><span class='ocrx_word' id='word_1_754' title='bbox 143 2628 203 2665; x_wconf 85' lang='lat'><strong>(75)</strong></span> <span class='ocrx_word' id='word_1_755' title='bbox 223 2628 406 2663; x_wconf 78' lang='grc' dir='ltr'>Μαίανδρος.</span> <span class='ocrx_word' id='word_1_756' title='bbox 424 2628 568 2665; x_wconf 68' lang='lat' dir='ltr'><strong>Tyrius,_l.</strong></span> <span class='ocrx_word' id='word_1_757' title='bbox 584 2635 641 2665; x_wconf 60' lang='grc' dir='ltr'>τινι,</span> <span class='ocrx_word' id='word_1_758' title='bbox 666 2635 691 2665; x_wconf 17' lang='grc' dir='ltr'>εί.</span> <span class='ocrx_word' id='word_1_759' title='bbox 715 2627 807 2665; x_wconf 66' lang='lat' dir='ltr'><strong>2L___de</strong></span> <span class='ocrx_word' id='word_1_760' title='bbox 832 2628 969 2657; x_wconf 67' lang='lat' dir='ltr'><strong>Maeandro</strong></span> <span class='ocrx_word' id='word_1_761' title='bbox 984 2637 991 2656; x_wconf 92' lang='lat'>:</span> <span class='ocrx_word' id='word_1_762' title='bbox 1007 2627 1098 2664; x_wconf 83' lang='lat' dir='ltr'><strong>Supra</strong></span> <span class='ocrx_word' id='word_1_763' title='bbox 1123 2628 1199 2664; x_wconf 79' lang='lat' dir='ltr'><strong>cujus</strong></span> <span class='ocrx_word' id='word_1_764' title='bbox 1233 2629 1305 2664; x_wconf 77' lang='lat' dir='ltr'><strong>ripas</strong></span> <span class='ocrx_word' id='word_1_765' title='bbox 1336 2628 1363 2656; x_wconf 80' lang='lat' dir='ltr'><strong>in</strong></span> <span class='ocrx_word' id='word_1_766' title='bbox 1390 2628 1496 2663; x_wconf 75' lang='lat' dir='ltr'><strong>pascuis</strong></span> <span class='ocrx_word' id='word_1_767' title='bbox 1508 2632 1584 2663; x_wconf 81' lang='lat' dir='ltr'><strong>grate</strong></span> <span class='ocrx_word' id='word_1_768' title='bbox 1601 2627 1747 2655; x_wconf 77' lang='lat' dir='ltr'><strong>uirentibus</strong></span> 
     </span>
    </p>
   </div>
   <div class='ocr_carea' id='block_1_100' title="bbox 104 2662 1098 2692">
    <p class='ocr_par' dir='ltr' id='par_1_100' title="bbox 104 2662 1098 2692">
     <span class='ocr_line' id='line_1_100' title="bbox 104 2662 1098 2692; baseline 0 0"><span class='ocrx_word' id='word_1_769' title='bbox 104 2662 198 2692; x_wconf 65' lang='lat' dir='ltr'><strong>castra</strong></span> <span class='ocrx_word' id='word_1_770' title='bbox 223 2662 347 2692; x_wconf 60' lang='lat' dir='ltr'><strong>metatus</strong></span> <span class='ocrx_word' id='word_1_771' title='bbox 360 2670 410 2692; x_wconf 86' lang='lat' dir='ltr'><strong>eu.</strong></span> <span class='ocrx_word' id='word_1_772' title='bbox 437 2662 514 2691; x_wconf 64' lang='lat' dir='ltr'><strong>Adde</strong></span> <span class='ocrx_word' id='word_1_773' title='bbox 530 2663 612 2692; x_wconf 88' lang='lat' dir='ltr'><strong>Gesta</strong></span> <span class='ocrx_word' id='word_1_774' title='bbox 627 2663 732 2692; x_wconf 86' lang='lat' dir='ltr'><strong>Ludov.</strong></span> <span class='ocrx_word' id='word_1_775' title='bbox 748 2662 791 2691; x_wconf 88' lang='lat' dir='ltr'><strong>Vll</strong></span> <span class='ocrx_word' id='word_1_776' title='bbox 810 2672 835 2691; x_wconf 91' lang='lat' dir='ltr'><strong>c.</strong></span> <span class='ocrx_word' id='word_1_777' title='bbox 855 2664 900 2692; x_wconf 77' lang='lat' dir='ltr'><strong>ll.</strong></span> <span class='ocrx_word' id='word_1_778' title='bbox 1046 2662 1052 2664; x_wconf 52' lang='grc'><em>“</em></span> <span class='ocrx_word' id='word_1_779' title='bbox 1094 2671 1098 2674; x_wconf 56' lang='grc' dir='ltr'>λ</span> 
     </span>
    </p>
   </div>
   <div class='ocr_carea' id='block_1_101' title="bbox 235 2720 1126 2754">
    <p class='ocr_par' dir='ltr' id='par_1_101' title="bbox 235 2720 1126 2754">
     <span class='ocr_line' id='line_1_101' title="bbox 235 2720 1126 2754; baseline -0.003 1"><span class='ocrx_word' id='word_1_780' title='bbox 235 2727 250 2744; x_wconf 69' lang='grc'>⁸</span> <span class='ocrx_word' id='word_1_781' title='bbox 271 2722 274 2724; x_wconf 84' lang='grc'><em>’</em></span> <span class='ocrx_word' id='word_1_782' title='bbox 752 2721 895 2754; x_wconf 86' lang='lat' dir='ltr'><strong>Cornelii</strong></span> <span class='ocrx_word' id='word_1_783' title='bbox 914 2720 1012 2753; x_wconf 89' lang='lat' dir='ltr'><strong>Tollii</strong></span> <span class='ocrx_word' id='word_1_784' title='bbox 1029 2724 1126 2753; x_wconf 64' lang='lat' dir='ltr'><strong>notas.</strong></span> 
     </span>
    </p>
   </div>
   <div class='ocr_carea' id='block_1_102' title="bbox 143 2771 1746 2809">
    <p class='ocr_par' dir='ltr' id='par_1_102' title="bbox 143 2771 1746 2809">
     <span class='ocr_line' id='line_1_102' title="bbox 143 2771 1746 2809; baseline -0.001 -8"><span class='ocrx_word' id='word_1_785' title='bbox 143 2773 180 2807; x_wconf 73' lang='grc' dir='ltr'><strong>(ι’)</strong></span> <span class='ocrx_word' id='word_1_786' title='bbox 207 2773 400 2808; x_wconf 81' lang='grc' dir='ltr'>Ἰσοστοιχίαι</span> <span class='ocrx_word' id='word_1_787' title='bbox 414 2779 447 2800; x_wconf 78' lang='grc' dir='ltr'><strong>τε</strong></span> <span class='ocrx_word' id='word_1_788' title='bbox 457 2772 508 2800; x_wconf 75' lang='grc' dir='ltr'>καὶ</span> <span class='ocrx_word' id='word_1_789' title='bbox 522 2772 892 2809; x_wconf 18' lang='grc' dir='ltr'>σχήματίιγπαρατέεεῳνξ.</span> <span class='ocrx_word' id='word_1_790' title='bbox 948 2772 988 2809; x_wconf 73' lang='grc' dir='ltr'><strong>τῷ</strong></span> <span class='ocrx_word' id='word_1_791' title='bbox 1015 2772 1139 2809; x_wconf 84' lang='grc' dir='ltr'>οὐραγῷ,</span> <span class='ocrx_word' id='word_1_792' title='bbox 1173 2771 1364 2809; x_wconf 52' lang='grc' dir='ltr'>φυλάσσοντας</span> <span class='ocrx_word' id='word_1_793' title='bbox 1392 2771 1427 2799; x_wconf 85' lang='grc' dir='ltr'><strong>τὰ</strong></span> <span class='ocrx_word' id='word_1_794' title='bbox 1467 2772 1513 2799; x_wconf 83' lang='grc' dir='ltr'><strong>ίσα</strong></span> <span class='ocrx_word' id='word_1_795' title='bbox 1540 2771 1589 2809; x_wconf 75' lang='grc' dir='ltr'><strong>ᾁπ’</strong></span> <span class='ocrx_word' id='word_1_796' title='bbox 1607 2771 1746 2809; x_wconf 30' lang='grc' dir='ltr'>ἀλλήλων</span> 
     </span>
    </p>
   </div>
   <div class='ocr_carea' id='block_1_103' title="bbox 108 2807 903 2843">
    <p class='ocr_par' dir='ltr' id='par_1_103' title="bbox 108 2807 899 2843">
     <span class='ocr_line' id='line_1_103' title="bbox 108 2807 899 2843; baseline 0.001 -8"><span class='ocrx_word' id='word_1_797' title='bbox 108 2810 177 2843; x_wconf 65' lang='lat' dir='ltr'><strong>Quid</strong></span> <span class='ocrx_word' id='word_1_798' title='bbox 201 2809 238 2836; x_wconf 83' lang='lat' dir='ltr'><strong>sit</strong></span> <span class='ocrx_word' id='word_1_799' title='bbox 253 2807 371 2843; x_wconf 81' lang='grc' dir='ltr'>στοιχεῖν</span> <span class='ocrx_word' id='word_1_800' title='bbox 381 2808 407 2836; x_wconf 90' lang='lat' dir='ltr'><strong>in</strong></span> <span class='ocrx_word' id='word_1_801' title='bbox 425 2809 494 2841; x_wconf 88' lang='lat' dir='ltr'><strong>acie,</strong></span> <span class='ocrx_word' id='word_1_802' title='bbox 510 2813 614 2835; x_wconf 91' lang='lat' dir='ltr'><strong>notum.</strong></span> <span class='ocrx_word' id='word_1_803' title='bbox 626 2807 753 2835; x_wconf 66' lang='lat' dir='ltr'><strong>IElianus</strong></span> <span class='ocrx_word' id='word_1_804' title='bbox 781 2807 899 2836; x_wconf 85' lang='lat' dir='ltr'><strong>Tacticis</strong></span> 
     </span>
    </p>
   </div>
   <div class='ocr_carea' id='block_1_104' title="bbox 956 2807 1745 2843">
    <p class='ocr_par' dir='ltr' id='par_1_104' title="bbox 956 2807 1745 2843">
     <span class='ocr_line' id='line_1_104' title="bbox 956 2807 1745 2843; baseline 0.001 -9"><span class='ocrx_word' id='word_1_805' title='bbox 956 2807 1147 2843; x_wconf 71' lang='grc' dir='ltr'>διαστήματα·</span> <span class='ocrx_word' id='word_1_806' title='bbox 1173 2807 1283 2834; x_wconf 69' lang='lat' dir='ltr'><strong>Vertere</strong></span> <span class='ocrx_word' id='word_1_807' title='bbox 1311 2808 1421 2841; x_wconf 73' lang='lat' dir='ltr'><strong>dicitur,</strong></span> <span class='ocrx_word' id='word_1_808' title='bbox 1444 2816 1503 2834; x_wconf 87' lang='lat' dir='ltr'><strong>cum</strong></span> <span class='ocrx_word' id='word_1_809' title='bbox 1524 2807 1622 2841; x_wconf 77' lang='lat' dir='ltr'><strong>singuli</strong></span> <span class='ocrx_word' id='word_1_810' title='bbox 1638 2808 1688 2834; x_wconf 75' lang='lat' dir='ltr'><strong>viri</strong></span> <span class='ocrx_word' id='word_1_811' title='bbox 1717 2808 1745 2835; x_wconf 86' lang='lat' dir='ltr'><strong>in</strong></span> 
     </span>
    </p>
   </div>
   <div class='ocr_carea' id='block_1_105' title="bbox 107 2842 903 2878">
    <p class='ocr_par' dir='ltr' id='par_1_105' title="bbox 107 2842 897 2878">
     <span class='ocr_line' id='line_1_105' title="bbox 107 2842 897 2878; baseline -0.003 -6"><span class='ocrx_word' id='word_1_812' title='bbox 107 2842 133 2872; x_wconf 66' lang='grc' dir='ltr'><strong>ἑ.</strong></span> <span class='ocrx_word' id='word_1_813' title='bbox 148 2844 204 2871; x_wconf 71' lang='lat'><strong>25:</strong></span> <span class='ocrx_word' id='word_1_814' title='bbox 231 2844 355 2878; x_wconf 63' lang='grc' dir='ltr'>Στοιχεῖν</span> <span class='ocrx_word' id='word_1_815' title='bbox 382 2843 411 2870; x_wconf 85' lang='grc' dir='ltr'>δὲ</span> <span class='ocrx_word' id='word_1_816' title='bbox 428 2844 550 2878; x_wconf 78' lang='grc' dir='ltr'>λέγεται,</span> <span class='ocrx_word' id='word_1_817' title='bbox 569 2843 684 2878; x_wconf 55' lang='grc' dir='ltr'>ἕκαστον</span> <span class='ocrx_word' id='word_1_818' title='bbox 698 2842 785 2878; x_wconf 75' lang='grc' dir='ltr'>ἄνδρα</span> <span class='ocrx_word' id='word_1_819' title='bbox 810 2843 840 2870; x_wconf 86' lang='grc' dir='ltr'>ὲν</span> <span class='ocrx_word' id='word_1_820' title='bbox 858 2843 897 2878; x_wconf 84' lang='grc' dir='ltr'>τῷ</span> 
     </span>
    </p>
   </div>
   <div class='ocr_carea' id='block_1_106' title="bbox 956 2842 1745 2878">
    <p class='ocr_par' dir='ltr' id='par_1_106' title="bbox 956 2842 1745 2878">
     <span class='ocr_line' id='line_1_106' title="bbox 956 2842 1745 2878; baseline 0 -9"><span class='ocrx_word' id='word_1_821' title='bbox 956 2851 1000 2869; x_wconf 77' lang='lat' dir='ltr'><strong>sua</strong></span> <span class='ocrx_word' id='word_1_822' title='bbox 1019 2842 1126 2870; x_wconf 71' lang='lat' dir='ltr'><strong>decuria</strong></span> <span class='ocrx_word' id='word_1_823' title='bbox 1143 2848 1215 2870; x_wconf 78' lang='lat' dir='ltr'><strong>recta</strong></span> <span class='ocrx_word' id='word_1_824' title='bbox 1232 2842 1299 2870; x_wconf 76' lang='lat' dir='ltr'><strong>serie</strong></span> <span class='ocrx_word' id='word_1_825' title='bbox 1320 2843 1479 2874; x_wconf 77' lang='lat' dir='ltr'><strong>consistunt,</strong></span> <span class='ocrx_word' id='word_1_826' title='bbox 1491 2853 1507 2870; x_wconf 91' lang='lat' dir='ltr'><strong>a</strong></span> <span class='ocrx_word' id='word_1_827' title='bbox 1518 2843 1628 2878; x_wconf 80' lang='lat' dir='ltr'><strong>lochago</strong></span> <span class='ocrx_word' id='word_1_828' title='bbox 1641 2848 1664 2870; x_wconf 81' lang='lat' dir='ltr'><strong>et</strong></span> <span class='ocrx_word' id='word_1_829' title='bbox 1677 2844 1745 2878; x_wconf 78' lang='lat' dir='ltr'><strong>tergi</strong></span> 
     </span>
    </p>
   </div>
   <div class='ocr_carea' id='block_1_107' title="bbox 108 2876 903 2915">
    <p class='ocr_par' dir='ltr' id='par_1_107' title="bbox 108 2876 898 2915">
     <span class='ocr_line' id='line_1_107' title="bbox 108 2876 898 2915; baseline -0.001 -9"><span class='ocrx_word' id='word_1_830' title='bbox 108 2878 206 2906; x_wconf 74' lang='grc' dir='ltr'>ἑαυτοῦ</span> <span class='ocrx_word' id='word_1_831' title='bbox 230 2876 315 2915; x_wconf 60' lang='grc' dir='ltr'>λόχῴ,</span> <span class='ocrx_word' id='word_1_832' title='bbox 329 2879 360 2906; x_wconf 76' lang='grc' dir='ltr'>τὸ</span> <span class='ocrx_word' id='word_1_833' title='bbox 381 2879 426 2906; x_wconf 73' lang='grc' dir='ltr'><strong>ἐπ’</strong></span> <span class='ocrx_word' id='word_1_834' title='bbox 443 2876 552 2911; x_wconf 76' lang='grc' dir='ltr'>εὐθείας</span> <span class='ocrx_word' id='word_1_835' title='bbox 579 2876 650 2906; x_wconf 81' lang='grc' dir='ltr'>εἶναι</span> <span class='ocrx_word' id='word_1_836' title='bbox 665 2877 704 2914; x_wconf 85' lang='grc' dir='ltr'>τῷ</span> <span class='ocrx_word' id='word_1_837' title='bbox 716 2876 825 2914; x_wconf 81' lang='grc' dir='ltr'>λοχαγῷ</span> <span class='ocrx_word' id='word_1_838' title='bbox 850 2876 898 2907; x_wconf 81' lang='grc' dir='ltr'>καὶ</span> 
     </span>
    </p>
   </div>
   <div class='ocr_carea' id='block_1_108' title="bbox 956 2876 1534 2915">
    <p class='ocr_par' dir='ltr' id='par_1_108' title="bbox 956 2877 1534 2913">
     <span class='ocr_line' id='line_1_108' title="bbox 956 2877 1534 2913; baseline 0.007 -9"><span class='ocrx_word' id='word_1_839' title='bbox 956 2877 1017 2906; x_wconf 75' lang='lat' dir='ltr'><strong>duca</strong></span> <span class='ocrx_word' id='word_1_840' title='bbox 1033 2878 1146 2913; x_wconf 83' lang='lat' dir='ltr'><strong>a&#39;qualia</strong></span> <span class='ocrx_word' id='word_1_841' title='bbox 1163 2878 1232 2906; x_wconf 79' lang='lat' dir='ltr'><strong>inter</strong></span> <span class='ocrx_word' id='word_1_842' title='bbox 1246 2886 1273 2906; x_wconf 68' lang='lat' dir='ltr'><strong>se</strong></span> <span class='ocrx_word' id='word_1_843' title='bbox 1287 2879 1375 2913; x_wconf 76' lang='lat' dir='ltr'><strong>spatia</strong></span> <span class='ocrx_word' id='word_1_844' title='bbox 1389 2884 1534 2908; x_wconf 69' lang='lat' dir='ltr'><strong>servantes.</strong></span> 
     </span>
    </p>
   </div>
  </div>
