1946 3083
219 125 272 158 379

218 186 310 214 erant,
327 181 407 209 avido
422 188 470 209 ore
484 181 584 210 herbas
601 181 822 218 dcpascentibus.
837 180 897 208 Mox
917 181 1015 209 Persas
1030 182 1054 211 Α

218 237 280 257 esse
300 228 346 263 qui
377 230 506 257 adessent
533 230 660 264 agnovit,
687 229 881 264 nominataque
907 228 1015 256 illorum

220 277 291 304 tribu
305 276 361 311 θο
377 276 479 303 naman
494 277 638 310 quemdam
661 277 728 311 ipsis
744 284 877 311 prwesse.
895 277 1017 312 adeoque

218 326 369 353 secundum
393 332 495 352 rnorem
519 325 649 353 ﬁnitimos
673 325 810 352 Romanos
825 323 1014 359 depopulatum

217 371 337 399 venisse.
354 369 503 397 Confestim
522 370 615 406 itaque
626 370 760 397 delectam
776 369 936 398 bellatorum
953 378 1014 405 par-

219 422 273 444 tem
289 417 323 444 ad
346 423 394 444 eos
413 417 588 445 insectandos
609 416 746 452 proﬁcisci
761 415 838 450 jubet
852 425 865 444 :.
875 416 931 451 ipse
949 423 1014 444 vero

216 470 279 490 cum
297 463 390 498 paucis
412 463 500 490 locum
519 463 660 491 editiorem
682 462 853 496 conscendit,
871 470 931 498 qua:
948 470 1012 498 age-

218 514 313 536 rentur
325 510 528 545 exploraturus.
545 510 647 538 Contra
659 510 749 538 Persae
761 510 881 538 collectis
895 509 1012 538 sarcinis

216 555 331 583 reditum
357 557 499 591 parabant.
528 556 582 583 Sed
605 560 635 582 ut
658 563 688 583 se
708 563 724 583 a
753 555 884 584 Romanis
897 555 1011 591 jamjam

215 602 422 636 comprehendi,
440 602 557 636 illosque
570 601 698 630 etl'usiore
721 602 822 637 impetu
845 610 1012 637 conspexere

216 647 286 675 inse
299 647 377 680 ferri,
391 647 508 676 obversa
524 647 614 676 fronte
630 649 764 677 restitere.
779 649 814 676 At
827 648 957 677 Romanis
971 649 1012 677 in-

215 694 362 728 stantibus,
377 694 473 729 pedem
490 701 599 722 rursum
612 694 744 728 referunt,
760 702 814 729 quo
829 696 929 730 smpius
939 695 1012 731 ejus-

216 741 289 769 modi
317 741 433 776 repetito
457 741 520 769 dolo
543 741 647 778 fatigati
672 741 825 777 complures
844 749 859 769 e
881 741 1011 770 Romanis

215 787 384 820 despondere
405 787 526 815 animum
547 788 721 822 reditumque
743 788 909 823 cogitarunt.
933 788 1009 822 Quod

211 832 260 858 ubi
277 832 425 868 imperator
438 834 630 862 animadvertit
644 834 689 869 (ex
706 834 762 861 alto
776 833 860 866 enim,
875 837 906 860 ut
919 833 1010 865 retuli,

213 883 341 905 eventum
360 879 399 906 rei
417 879 631 915 speculabatur),
652 880 738 908 citato
755 884 886 914 quantum
903 885 1011 915 poterat

212 932 294 952 cursu
310 926 412 960 absque
423 926 508 954 lorica
519 927 551 953 ad
563 927 624 955 illos
636 926 784 954 contendit.
798 925 851 954 Sed
863 926 906 954 ubi
921 926 1011 954 Persae

212 970 346 1004 plurimos
361 971 546 999 Romanorum
569 972 737 1000 insecutione
757 972 812 1006 jam
835 972 927 999 animo
942 971 1010 999 deﬁ-

211 1015 319 1043 cientes
332 1021 362 1044 et
384 1024 400 1044 a
419 1024 450 1045 se
471 1017 586 1045 invicem
601 1018 703 1046 divisos
715 1021 930 1052 conspexerunt,
945 1016 1010 1044 reli-

211 1068 283 1096 quos
301 1062 399 1098 exiguo
425 1063 571 1091 admodum
589 1070 703 1091 numero
724 1063 786 1096 rati,
815 1063 935 1098 undique
955 1063 1010 1089 cir-

211 1109 401 1144 cumveniunt,
419 1109 530 1144 jamque
545 1110 617 1138 baud
633 1109 749 1137 multum
769 1110 862 1138 aberat
882 1110 946 1144 quin
963 1117 1011 1138 eos

208 1154 336 1184 .delerent
351 1156 474 1189 omnino,
493 1156 545 1183 uisi
563 1156 701 1190 inopinate
717 1156 913 1190 superveniens
930 1156 1010 1189 peri-

213 1202 275 1230 culo
289 1202 435 1230 exemisset
451 1202 588 1237 princeps.
601 1201 669 1229 Tum
685 1209 750 1230 vero
769 1201 927 1238 fugientium
942 1201 1010 1230 Per-

213 1256 306 1276 sarum
329 1248 501 1276 insecutione
517 1249 663 1284 plurimum
689 1248 819 1283 temporis
835 1247 986 1283 absumpsit
1001 1255 1009 1275 :

214 1295 288 1323 unde
307 1303 368 1322 eum
385 1295 440 1329 jam
463 1303 562 1329 equum
587 1295 706 1324 deﬁcere
727 1295 930 1327 animadvertit,
945 1294 1010 1323 sub-

212 1341 281 1369 stitit
307 1342 444 1376 paululum
460 1342 548 1372 donec
571 1341 639 1369 alius
653 1348 669 1369 e
685 1341 868 1369 velocioribus
891 1341 1010 1373 adduce-

212 1391 299 1420 retur,
319 1394 401 1422 quem
425 1387 592 1416 celeritatem
616 1387 761 1415 innuentcs
783 1387 911 1422 Agritnen
928 1394 1010 1414 voca-

212 1433 288 1462 bant.
305 1433 596 1469 Sequentibusautem
610 1440 678 1468 pone
692 1433 832 1468 sigillatim
849 1436 877 1460 et
892 1433 1010 1468 sparsim

212 1485 345 1514 Romanis
362 1485 478 1520 imperat
495 1489 524 1512 ut
537 1485 671 1513 instarent
689 1485 791 1518 aerius,
809 1492 896 1520 neque
908 1484 961 1520 61
977 1485 1010 1513 ab

857 125 1021 157 JOANNlS
1037 125 1202 157 CINNAMI

1801 125 1858 158 380

1067 181 1128 212 ταῖς
1143 181 1258 216 σκηναῖς
1282 180 1370 215 ἀνέτω
1395 180 1510 217 στόματι
1529 182 1562 217 τῇ
1583 181 1638 217 πόᾳ
1660 181 1860 217 ἐγχάσκοντας.

1054 265 1056 267 μ
1068 226 1139 260 Τούς
1152 235 1182 253 τε
1196 223 1243 253 οὖν
1258 226 1368 262 Πέρσας
1381 227 1481 259 οἵτινες
1494 224 1550 253 εἷεν
1570 227 1669 254 αὐτίκα
1691 228 1810 254 συνεῖδεν
1826 228 1861 255 ἐκ

1067 272 1118 308 τῆς
1135 271 1272 307 σφετέρας
1289 271 1388 304 αὐτοὺς
1403 272 1541 307 ὀνομάσας
1558 271 1656 307 φυλῆς,
1678 273 1784 308 Ῥαμάν
1797 281 1861 300 τινα

1067 318 1220 354 γενεάρχην
1243 319 1337 351 αὐτοῖς
1364 319 1526 352 καταλέγων
1550 317 1632 351 εἷναι,
1663 319 1712 346 καὶ
1732 319 1770 350 ὡς
1796 319 1861 346 κατ’

1066 365 1127 397 ἔθος
1144 366 1175 392 τὸ
1191 364 1283 393 αὐτῶν
1303 366 1366 398 τοὺς
1380 366 1414 392 ἐκ
1427 366 1558 400 γειτόνων
1582 364 1728 400 Ῥωμαίων
1742 365 1793 401 ἢδη
1811 364 1860 392 καὶ

1066 412 1113 439 νῦν
1129 413 1334 449 λῃστεύσαντες
1347 411 1479 448 λαφύρων
1493 412 1666 447 πλησάμενοι
1680 412 1790 447 ἥκουσι.
1801 410 1860 438 Καὶ

1066 459 1098 495 δὴ
1114 459 1169 486 τῶν
1186 460 1250 495 περὶ
1267 459 1348 486 αὑτὸν
1365 458 1482 494 συχνοὺς
1495 457 1700 494 ἀπολεξάμενος
1720 466 1859 492 στρατιω-

1064 507 1120 534 τῶν
1149 507 1254 543 σπουδῇ
1281 507 1416 543 διαφῆκεν
1445 508 1492 534 ἐπὶ
1509 507 1560 543 τὴν
1577 506 1680 539 δίωξιν.
1708 506 1738 534 '0
1764 506 1793 533 δὲ
1816 506 1859 538 εἰς

1064 554 1190 582 άποπτόν
1207 563 1235 581 τι
1252 553 1354 590 χωρίον
1370 553 1536 590 ἀναδραμὼν
1551 553 1672 580 ἐνταῦθα
1691 553 1740 580 σὺν
1754 552 1857 587 ὀλίγοις

1063 601 1341 635 dmum-tubulorum.
1350 601 1395 628 ‘Ev
1409 600 1516 632 τούτοις
1526 601 1554 627 δὲ
1569 601 1593 627 οἱ
1603 601 1706 636 Πέρσαι
1719 608 1858 626 συσκευα-

1063 647 1178 683 σάμενοι
1205 647 1314 675 ἐκεῖθεν
1350 647 1518 683 ἀπήλαυνον.
1544 647 1588 678 Ὦς
1611 646 1640 672 δὲ
1655 647 1772 682 τάχιστα
1788 647 1858 682 πρὶς

1061 695 1117 722 τῶν
1135 694 1280 730 Ῥωμαίων
1294 693 1555 729 καταλαμϐάνεσθαι
1568 693 1698 729 ἦρξαντο,
1715 693 1856 728 σποράδην

1062 741 1162 774 αὐτοὺς
1178 741 1345 777 φερομένους
1358 740 1468 772 ίδόντες,
1480 740 1710 775 ἁντιστραφέντες
1725 739 1857 774 ἀντιμέτ-

1062 797 1134 816 ωποι
1170 788 1291 815 ἵσταντο.
1332 787 1415 814 Ἀλλὰ
1447 787 1595 822 Ῥωμαίων
1623 786 1855 821 ἐπικαταλαμϐα-

1063 836 1165 863 νόντων
1182 834 1256 863 νῶτα
1272 833 1321 862 καὶ
1337 834 1420 861 πάλιν
1435 834 1539 861 ἐδίδουν
1549 841 1556 848 ·
1569 832 1650 861 τοῦτό
1663 842 1692 860 τε
1715 833 1851 864 πολλάκις

1063 881 1177 916 γεγονὸς
1205 881 1322 913 πολλοὺς
1339 881 1486 917 Ῥωμαίων
1511 879 1671 915 ἀπαυδῆσαι
1700 879 1830 915 ἐποίησεν
1847 888 1855 896 ”

1062 928 1123 955 ὅθεν
1135 928 1182 955 καὶ
1194 927 1242 954 τοῦ
1251 927 1360 954 διώκειν
1373 927 1507 962 ἀφέμενοι
1520 926 1678 959 παλινοδίας
1686 926 1856 962 ἐμέμνηντο.

1063 974 1154 1010 Ὅπερ
1165 973 1180 1001 ὁ
1197 973 1324 1008 βασιλεὺς
1335 975 1508 1010 κατανοήσας
1519 973 1641 1009 (ἑστήκει
1655 973 1709 1008 γὰρ
1724 973 1858 1000 ἀνωτάτω

1063 1029 1127 1054 που,
1145 1019 1241 1055 ὥσπερ
1260 1018 1329 1054 ἔφην
1353 1019 1530 1056 ἀποσκοπῶν)
1557 1019 1590 1056 [Ρ
1604 1019 1661 1055 54],
1695 1020 1796 1047 αὐτίκα
1816 1020 1859 1052 ὡς

1063 1065 1122 1102 εἶχε
1141 1067 1242 1103 τάχους
1259 1066 1450 1102 ἀθωράκιστος
1463 1067 1508 1094 ἐπ’
1519 1067 1642 1100 ἐκείνους
1653 1067 1762 1103 ἐχώρει.
1780 1068 1858 1104 Πέρ-

1063 1123 1109 1142 σαι
1123 1114 1164 1147 δὲ,
1178 1114 1272 1148 ἐπειδὴ
1286 1114 1403 1146 πολλοὺς
1420 1114 1567 1150 Ῥωμαίων
1581 1115 1614 1150 τῇ
1631 1114 1733 1147 διώξει,
1754 1115 1857 1151 ὥσπερ

1063 1162 1144 1198 ἔφην,
1162 1162 1212 1198 ήδη
1228 1162 1439 1198 ἐκκακήσαντας
1452 1162 1538 1199 χωρὶς
1548 1163 1597 1190 ἀπ’
1604 1162 1729 1199 ἀλλήλων
1742 1163 1860 1198 γεγονό-

1063 1218 1112 1239 τας
1127 1207 1209 1240 εἶδον.
1222 1209 1321 1244 κομιδῇ
1335 1209 1446 1244 ὀλίγους
1458 1210 1524 1243 τοὺς
1540 1209 1638 1243 ἄλλους
1663 1211 1860 1245 κατανοήσαν-

1061 1264 1108 1287 τες
1124 1255 1297 1290 ἀμφιϐόλους
1311 1265 1340 1283 τε
1359 1256 1415 1292 ἤδη
1427 1256 1594 1292 ἐποιήσαντο
1611 1257 1658 1285 καὶ
1676 1258 1759 1292 ἐγγὺς
1771 1255 1860 1294 ἦλθον

1061 1301 1110 1329 τοῦ
1132 1302 1205 1336 μέγα
1222 1311 1250 1329 τι
1264 1303 1311 1329 καὶ
1325 1302 1477 1338 ἀνήκεστον
1494 1303 1606 1338 δρᾶσαι,
1623 1304 1648 1331 εί
1670 1303 1708 1339 μὴ
1724 1303 1860 1339 βασιλεὺς

1061 1346 1270 1383 ἀπροσδόκητος
1287 1347 1382 1379 αὐτοῖς
1398 1349 1528 1383 ἐκφανεὶς
1543 1348 1590 1376 τοῦ
1605 1349 1733 1376 κινδύνου
1755 1349 1859 1376 διεσώ-

1063 1402 1141 1420 σατο.
1157 1393 1292 1428 Φεύγουσι
1315 1393 1408 1421 τοίνυν
1433 1395 1478 1422 ἀεὶ
1505 1395 1705 1430 ἀμφεπόμενος
1731 1396 1860 1430 Πέρσαις

1062 1439 1148 1466 πολύν
1167 1448 1231 1466 τινα
1245 1439 1394 1475 κατέτριψε
1414 1440 1523 1475 χρόνον.
1535 1433 1622 1467 Ὅθεν
1636 1440 1684 1467 καὶ
1697 1441 1792 1477 ἐπειδὴ
1806 1441 1859 1468 τοῦ

1065 1485 1152 1512 ῐππου
1179 1486 1355 1521 κεκμηκότος
1382 1486 1433 1522 ήδη
1457 1486 1571 1522 ᾔσθετο,
1588 1487 1670 1519 αὐτὸς
1698 1487 1748 1523 μὲν
1769 1488 1859 1514 αὐτοῦ

212 1534 311 1569 ardore
326 1532 509 1560 remitterent.
524 1531 576 1559 Alii
588 1531 698 1566 quidem
714 1539 775 1559 cum
792 1536 852 1565 post
866 1531 1009 1566 plurimam

1066 1540 1118 1559 που
1136 1532 1241 1568 ἔμεινε,
1253 1531 1300 1559 τὸν
1312 1533 1407 1564 ἐντοῖς
1421 1533 1541 1568 μάλιστα
1561 1533 1694 1569 δρομικὸν
1713 1534 1779 1561 ὀντα
1799 1534 1861 1561 τῶν

212 1567 409 1607 insecutionem
423 1578 490 1606 nihil
506 1578 614 1606 demum
630 1583 803 1613 peragerent,
821 1582 850 1605 et
860 1578 1010 1613 regiOnem,

211 1625 238 1653 in
253 1632 334 1660 quam
350 1630 541 1660 pervenerant,
559 1625 696 1653 desertam
719 1632 771 1653 nec
788 1624 867 1653 facile
885 1624 1007 1659 perviam

212 1679 274 1700 esse
290 1672 427 1704 viderent,
452 1677 526 1699 retro
548 1679 680 1699 cessere:
697 1672 824 1706 princeps
846 1675 936 1698 autem
952 1672 1009 1699 An-

212 1719 326 1747 dronico
340 1718 465 1754 patrueli,
483 1719 518 1746 de
534 1726 589 1754 quo
604 1718 687 1746 multa
703 1725 718 1745 a
734 1718 814 1746 nobis
835 1718 862 1746 in
885 1717 1010 1752 superio-

212 1766 290 1794 ribus
314 1766 384 1793 dicta
405 1770 487 1800 sunt,
513 1766 540 1793 in
564 1765 671 1795 hostem
699 1765 877 1794 contendenti
901 1765 1009 1794 obviam

211 1811 301 1839 factus
314 1819 414 1847 equum
432 1812 517 1840 invito
537 1816 692 1847 extorquet,
707 1820 788 1847 quem
807 1811 852 1839 ille
872 1811 969 1845 insitit,
982 1816 1010 1839 et

151 1886 154 1887 ,
212 1865 274 1886 cum
295 1863 453 1893 exspectare
467 1859 503 1886 ibi
534 1859 665 1893 tantisper
688 1859 776 1892 jubet,
794 1858 857 1885 dum
880 1858 1010 1892 Agrimen

212 1904 290 1932 illum
302 1903 414 1940 jamjam
431 1905 620 1932 adducendum
644 1909 740 1932 nactus
759 1912 852 1932 secum
875 1912 926 1932 una
945 1912 1010 1932 con-

213 1951 336 1979 tenderet
352 1951 378 1979 in
394 1951 529 1987 praelium.
553 1951 664 1980 Interim
687 1953 714 1979 in
730 1952 836 1981 hostem
861 1953 1010 1987 proﬁcisci-

214 2001 268 2025 tur.
284 1997 384 2032 Copias
402 1997 491 2026 Persae
511 1998 636 2026 bifariam
661 1998 820 2026 diviserant.
838 1999 931 2027 Priors
943 2006 1008 2034 pars

212 2042 357 2071 constabat
371 2050 405 2070 eo
421 2042 555 2077 equitatu,
567 2043 615 2077 qui
631 2042 742 2070 liberius
756 2041 858 2077 absque
873 2048 1009 2070 stramen-

213 2089 249 2116 tis
269 2088 400 2124 gregatim
423 2088 553 2124 subsequi
573 2089 652 2117 solet.
678 2088 809 2124 Reliquus
833 2089 970 2117 exercitus
991 2097 1007 2118 a

212 2138 290 2169 tergo
316 2133 472 2166 incedebat,
495 2135 643 2167 subeuntes
669 2133 808 2166 Romanos
830 2140 1007 2170 excepturus.

215 2179 263 2207 Ubi
282 2174 355 2208 vero"
365 2188 445 2208 nemo
461 2179 645 2209 Romanorum
661 2182 829 2216 conspicitur
845 2181 1007 2210 audaciores

211 2225 312 2259 effecti,
337 2231 436 2255 coeunt
451 2227 479 2254 in
499 2235 582 2254 unum
597 2235 705 2261 omnes,
720 2213 938 2263 equitatumque,
958 2228 1005 2263 qui
1022 2213 1044 2241 θ

210 2271 324 2300 liberius
340 2275 371 2300 ut
388 2271 457 2306 dixi,
474 2273 608 2306 excurrit,
625 2273 651 2304 in
667 2273 756 2301 locum
767 2281 850 2302 unum
863 2277 1005 2307 statuunt;

210 2317 294 2346 simul
310 2325 342 2346 ac
359 2322 451 2347 autem
471 2319 664 2354 imperatorem
677 2320 774 2354 solum,
793 2328 846 2349 nec
868 2320 952 2349 lorica
965 2322 1007 2349 in-

212 2361 320 2396 dutum,
350 2369 446 2393 contra
469 2372 501 2393 se
525 2365 674 2394 adventare
696 2372 829 2400 cernunt,
850 2368 958 2396 irruunt
979 2369 1006 2397 in

211 2407 300 2441 ipsum
315 2407 445 2441 universi,
467 2410 627 2445 sagittisque
643 2410 788 2446 impetum,
807 2419 867 2440 sese
885 2413 1004 2441 invicem

209 2453 327 2482 subinde
342 2453 377 2482 ad
395 2448 523 2484 virtutem
540 2456 652 2485 hortati.
670 2457 724 2486 Sed
741 2457 786 2486 ille
800 2458 912 2488 heroico
923 2467 1005 2495 gene-

212 2507 328 2536 rosoque
342 2501 484 2537 plusquam
502 2508 644 2538 resumpto
660 2504 762 2538 animo,
776 2510 919 2541 postquam
933 2514 1005 2542 aegre

211 2544 404 2574 circumveniri
427 2554 457 2575 se
479 2555 561 2583 posse
581 2549 616 2577 ab
637 2549 762 2579 hostibus
784 2552 893 2587 agnovit
917 2552 1005 2581 (locus

1064 1578 1156 1605 ἵππων
1171 1577 1246 1612 αὐτῷ
1265 1577 1434 1613 κομισθῆναι
1454 1578 1616 1613 καραδοκῶν
1628 1599 1636 1612 ,
1651 1579 1681 1605 ὃν
1695 1582 1743 1606 καὶ
1761 1579 1862 1614 Ἀγρί-

1064 1632 1119 1660 μην
1134 1623 1191 1660 (76)
1205 1623 1236 1651 τδ
1252 1624 1337 1659 τάχος
1359 1624 1544 1660 αίνιττόμενοι
1560 1625 1687 1653 ἐκάλουν.
1708 1626 1861 1662 Ῥωμαίων

1062 1671 1110 1697 καὶ
1128 1671 1186 1702 τοῖς
1205 1670 1264 1697 ὅσοι
1278 1670 1397 1697 κατόπιν
1411 1670 1496 1697 αὐτοῦ
1513 1671 1575 1698 καθ’
1590 1671 1638 1698 ἐνα
1653 1672 1701 1698 καὶ
1713 1672 1860 1708 σποράδην

1063 1717 1151 1750 ίόντες
1175 1717 1219 1744 ἀεὶ
1243 1717 1514 1752 ἐπικατελάμϐανον¹
1543 1718 1653 1744 ἐκέλευε
1677 1717 1786 1745 διώκειν
1812 1719 1861 1746 ἔτι

1062 1764 1166 1799 μᾶλλον
1189 1764 1252 1799 μηδ’
1278 1764 1402 1792 ἀνίεσθαι
1422 1765 1474 1800 τῆς
1495 1764 1664 1800 προθυμίας.
1686 1765 1777 1792 Ἀλλοι
1802 1767 1860 1802 μὲν

1063 1810 1134 1846 μετὰ
1147 1810 1278 1846 πλείστην
1292 1810 1359 1846 ὅσην
1372 1811 1422 1846 τὴν
1435 1811 1528 1844 δίωξιν
1537 1811 1632 1847 ἐπειδὴ
1646 1813 1729 1846 μηδὲν
1742 1814 1860 1842 ἀνύτειν

1060 1855 1135 1892 εἶχον
1149 1857 1195 1884 τόν
1209 1865 1239 1884 τε
1253 1857 1343 1893 χῶρον
1361 1857 1426 1884 ἔνθα
1441 1858 1616 1885 ἐπιπλεῖστον
1639 1860 1859 1894 ἐκπεπτωκότες

1059 1901 1145 1939 ἦλθον
1169 1903 1274 1938 ἔρημόν
1297 1911 1328 1930 τε
1351 1903 1401 1930 καὶ
1415 1903 1511 1936 δεινῶς
1532 1904 1635 1932 ἄϐατον
1647 1904 1745 1940 ἔγνων,
1763 1907 1858 1936 ὀπίσω

1059 1950 1192 1986 ἐχώρουν.
1209 1950 1240 1977 '0
1253 1950 1282 1977 δὲ
1295 1949 1334 1985 τῷ
1350 1950 1489 1986 ἐξαδέλφῳ
1505 1951 1661 1987 περιτυχὼν
1676 1953 1856 1990 Ἀνδρονίκῳ,

1059 1994 1091 2024 οὗ
1106 1997 1190 2024 πολὺν
1205 1997 1234 2024 ἐν
1245 1997 1301 2029 τοῖς
1316 1996 1472 2033 ἔμπροσθεν
1489 1998 1682 2034 ἐποιησάμεθα
1698 1999 1790 2034 λόγον,
1803 2002 1857 2036 τὴν

1059 2042 1106 2069 ἐπὶ
1122 2043 1187 2075 τοὺς
1203 2042 1355 2077 πολεμίους
1381 2043 1448 2071 ίόντι
1472 2045 1521 2071 καὶ
1541 2045 1617 2080 αὑτῷ
1646 2046 1733 2073 πολλὰ
1753 2047 1856 2082 βιασά-

1060 2097 1140 2124 μενος
1152 2088 1198 2115 τὺν
1214 2088 1298 2115 ἵππον
1309 2088 1550 2123 ἀφεῖται,Ἐπιϐὰς
1566 2089 1596 2117 δὲ
1612 2090 1693 2118 αὐτὸν
1706 2090 1757 2126 μὲν
1767 2091 1856 2119 αὐτοῦ

1059 2135 1153 2170 μένειν
1173 2134 1266 2162 εἴασεν
1281 2135 1439 2170 ἐπισκήψας
1456 2135 1487 2162 ὃν
1500 2136 1611 2171 εἴρηται
1637 2137 1774 2173 Ἀγρίμην
1789 2138 1856 2165 ὅσον

1060 2181 1113 2208 οὐκ
1125 2181 1178 2216 ἤδη
1195 2180 1435 2216 κομισθησόμενον
1453 2181 1547 2208 λαϐεῖν
1562 2181 1636 2209 οὕτω
1650 2190 1680 2208 τε
1705 2182 1754 2209 σὺν
1776 2184 1855 2219 αὐτῷ

1059 2228 1105 2254 ἐπὶ
1121 2227 1171 2264 τὴν
1185 2227 1278 2263 μάχην
1294 2227 1395 2261 ἐλθεῖν,
1411 2229 1425 2255 ὸ
1441 2227 1471 2255 δέ
1488 2229 1540 2264 τὴν
1555 2229 1603 2255 ἐπὶ
1620 2229 1683 2260 τοὺς
1701 2229 1856 2264 πολεμίους

1058 2274 1184 2309 ἐφέρετο.
1203 2275 1324 2311 Πέρσαις
1348 2275 1378 2303 δέ
1400 2275 1463 2311 δίχα
1483 2275 1614 2312 διῄρηται
1629 2277 1660 2303 τὸ
1677 2277 1853 2312 στράτευμα.

1058 2321 1114 2347 Καὶ
1129 2321 1160 2348 τὸ
1174 2321 1226 2356 μὲν
1241 2321 1361 2357 πρόσθεν
1378 2322 1429 2358 τὴν
1446 2322 1532 2350 ἴππον
1561 2323 1736 2358 ἐπαγόμενον
1760 2325 1854 2351 πᾶσαν

1059 2366 1169 2403 ἐχώρει,
1192 2367 1243 2404 ὅση
1269 2367 1335 2396 ἄνευ
1358 2369 1581 2405 ἐπιστρωμάτων
1599 2370 1719 2404 ἀγελαία
1743 2370 1856 2402 τούτοις

1058 2412 1166 2440 εἵπετο·
1179 2414 1210 2441 τὸ
1229 2414 1322 2441 λοιπὸν
1343 2415 1373 2442 δὲ
1394 2415 1512 2442 κατόπιν
1523 2415 1674 2451 ἐπορεύετο
1695 2416 1855 2451 Ῥωμαίους

1059 2459 1190 2492 ἐπιόντας
1220 2460 1429 2496 ὑποδεξάμενον.
1466 2462 1511 2494 Ὧς
1537 2462 1566 2488 δὲ
1602 2463 1691 2495 οὐδεὶς
1722 2463 1854 2497 οὐδαμῶς

1061 2506 1209 2543 Ῥωμαίων
1245 2509 1425 2543 ὑπεφαίνετο,
1457 2508 1649 2544 θαρσήσαντες
1679 2508 1727 2536 τοῦ
1754 2508 1854 2536 λοιποῦ

1059 2553 1194 2590 συνῄεσάν
1216 2562 1246 2582 τε
1261 2554 1389 2590 ἀλλήλοις
1414 2555 1464 2582 καὶ
1476 2555 1527 2591 τὴν
1550 2555 1634 2582 ἵππον
1657 2556 1753 2584 ἄνετον
1777 2553 1853 2592 ᾗπερ

894 2632 946 2662 Du
957 2631 1070 2671 Caugii
1085 2637 1179 2664 notae.

247 2688 306 2724 (76)
332 2689 486 2725 Ἀγρίμην.
503 2690 612 2717 Portius
635 2690 661 2717 in
695 2689 814 2718 Diclion.
840 2690 1004 2719 Grmcobar-

211 2724 289 2762 baro,
304 2724 416 2761 άγρίμι,
429 2724 620 2762 άγριόζουδον,
631 2725 799 2762 θηράσιμον,
817 2726 924 2762 θηρίον,
939 2727 1002 2762 θήρ,

215 2760 308 2796 [:Zq'ntus
337 2760 475 2796 agrestis,
494 2761 655 2792 indomitus.
672 2761 784 2796 equi/er.
810 2760 933 2789 Glossar.
950 2760 1002 2790 uis.

213 2794 343 2838 Ecclesiae
362 2795 537 2838 Parisienfis,
564 2796 597 2823 de
617 2794 696 2838 ett'ttié
714 2794 813 2838 utﬁunt
827 2802 913 2838 autenm
931 2797 958 2824 ln‘
971 2798 1003 2825 de

214 2832 314 2863 agresti
327 2832 420 2858 ordine
437 2832 501 2862 orti,
516 2839 581 2866 quas
594 2832 725 2866 equiferos
742 2833 866 2859 dicimus.
879 2832 1000 2860 Glossar.

216 2863 382 2895 Saxonicum
401 2865 505 2895 ,Επιίοὶ
522 2875 529 2894 :
545 2865 667 2902 Equifer,
683 2867 760 2896 wiidc
779 2875 874 2903 cyanea
889 2867 963 2902 han,
975 2867 1002 2896 id

1057 2699 1109 2726 est,
1129 2694 1278 2731 indomitus
1293 2702 1390 2729 equus.
1406 2694 1530 2723 Glossar.
1555 2695 1720 2731 Latinogall.
1734 2696 1850 2730 equifer,

1057 2729 1221 2766 ηιαιιείιευαί,
1237 2730 1264 2766 id
1281 2735 1337 2763 est,
1360 2731 1447 2766 malus
1463 2739 1559 2765 equus.
1579 2729 1700 2766 Agrestis
1715 2731 1851 2764 caballus,

1057 2765 1085 2801 in
1100 2765 1181 2798 epist.
1200 2766 1211 2791 l
1229 2764 1356 2800 Gregorii
1374 2765 1408 2794 Ill
1425 2774 1469 2800 pp.
1490 2764 1524 2794 ad
1543 2764 1711 2794 Bonifacium
1729 2766 1850 2801 Mogun-

1057 2799 1144 2838 tinum
1165 2801 1251 2838 episc.
1270 2799 1354 2836 equus
1373 2799 1520 2838 silvaticus,
1542 2803 1570 2829 in
1589 2803 1670 2838 epist.
1685 2801 1720 2830 15
1740 2799 1851 2830 Zacha-

1056 2834 1103 2863 ritu
1118 2842 1163 2871 pp.
1181 2836 1215 2864 ad
1230 2834 1356 2865 eumdem
1377 2837 1557 2866 lionifacium.
