1946 3083
94 109 150 141 381

717 114 993 146 HISTORIARUM
1013 115 1087 147 LIB.
1110 116 1152 150 II.
1175 102 1186 110 ’

1686 119 1742 152 382

93 168 213 203 εἴρηται
239 169 401 205 φερομένην
422 169 467 205 ἐφ’
482 169 530 198 ἕνα
549 171 639 208 χῶρον
656 171 784 206 ξυνάγειν
809 173 887 199 διενο·

946 175 1046 208 quippe
1060 173 1152 201 densis
1167 172 1293 209 virgultis
1314 173 1420 202 obsitus
1438 173 1474 203 ab
1493 173 1580 202 altero
1606 175 1690 204 latere
1708 178 1741 206 iis

93 213 191 242 οὖντο.
214 214 325 250 Ἔπειδή
349 224 379 242 τε
401 214 515 251 βασιλέα
532 217 612 252 μόνον
632 218 664 245 ὲκ
683 218 794 246 πάντων
823 217 891 245 Ῥω-

98 261 194 296 μαίων
217 260 412 297 ἀθωράκιστον
429 262 472 289 ἐπ’
494 263 594 295 αὐτοὺς
613 264 687 291 ίόντα
709 264 889 300 κατενόησαν,

95 307 196 342 ἀθρόοι
216 307 311 334 λοιπὸν
337 307 382 334 ἐπ’
405 309 489 336 αὑτὸν
509 309 650 345 ἐξεχέοντο
668 311 834 343 έντείνοντές
859 320 890 338 τε

91 353 130 380 τὰ
152 353 218 388 τόξα
233 355 280 381 καὶ
297 355 426 391 ἀλλήλοις
439 356 659 392 ὲγκελευόμενοι.
682 357 710 384 '0
723 357 751 384 δὲ
769 357 890 393 ἡρωϊκόν

94 408 160 426 τινα
181 400 229 427 καὶ
247 401 375 437 ἀνδρείας
396 402 492 437 πρόσω
506 403 608 437 τρόπον
622 403 777 436 ἀναλαϐὼν,
795 403 889 439 ἐπειδὴ

93 444 241 472 κύκλωσιν
254 454 316 473 τινα
328 446 412 473 αὑτοῦ
428 446 497 482 πρὸς
514 447 569 474 τῶν
585 447 726 483 πολεμίων
746 449 890 483 γεγονέναι

91 491 220 518 ἀδύνατα
236 489 306 520 εἶναι
325 494 449 520 κατενόει
471 493 572 529 (χῶρος
594 494 649 529 γάρ
664 503 706 526 τις
725 494 889 530 ἀμφιλαφὴς

95 537 131 564 ἐκ
161 537 277 573 θατέρου
312 539 520 574 παρακείμενος
548 540 650 575 μέρους
676 541 709 566 ἐκ
734 541 824 568 ποδῶν
848 542 890 573 εἰς

91 583 180 611 τοῦτο
203 584 297 616 αὐτοῖς
323 585 529 621 καθειστήκει),
543 586 594 621 τὴν
613 586 776 622 συμπλοκὴν
792 587 889 614 ἀναδέ-

90 639 187 665 χεται,
203 631 348 663 πλείστους
373 640 403 658 τε
425 632 516 659 αὐτῶν
539 633 587 659 ἐπὶ
605 633 692 668 στόμα
715 634 889 668 κατενεγκὼν

91 676 160 709 τοὺς
175 676 290 710 λοιποὺς
306 678 348 710 είς
366 677 457 714 φυγὴν
475 678 570 713 βλέψαι
587 679 825 714 ὴνάγκασεν.”οτε
841 679 890 707 καὶ

89 723 150 750 τῶν
165 732 208 756 τις
222 724 376 760 Βαρσάρων
393 725 506 752 ἐκείνων
529 725 580 761 τὴν
599 725 733 761 βασιλέως
753 726 802 762 οὐχ
823 726 890 752 ὑπο-

93 770 195 804 μείνας
208 770 301 805 ἀχμὴν
316 770 412 803 ὕπτιός
425 779 456 797 τε
471 771 514 798 διὰ
534 772 614 798 τοῦτο
634 772 672 806 τῷ
687 772 781 807 ἐδάφει
802 782 888 808 προσ-

91 816 246 851 ερεισθεὶς,
277 817 372 852 ἐπειδὴ
398 818 567 853 προσωτέρω
593 819 782 855 ἱππαζόμενον
806 821 888 848 αὐτὸν

91 862 230 895 κατενόει,
257 862 334 899 βέλος
355 864 435 898 ἀφεὶς
459 864 546 899 ἄκρου
575 865 706 901 τυγχάνει
733 865 781 892 τοῦ
808 867 888 899 ποδὸς

91 907 220 939 ὄπισθεν,
233 907 299 934 ἔνθα
314 908 384 943 μετὰ
397 909 431 935 τὰ
456 909 547 943 σφυρὰ
565 909 612 936 ἐπὶ
624 910 748 945 πτέρναν
767 910 784 945 ἡ
806 910 888 944 φύσις

92 954 280 989 ἀναχωροῦσα
300 954 350 990 τὴν
368 954 465 990 ἐξοχὴν
489 956 619 982 ποιεῖται.
645 955 700 982 Καὶ
722 956 736 982 ό
764 955 814 991 μὲν
838 956 888 983 καὶ

91 999 226 1035 δευτέραν
243 999 365 1035 πέμψειν
379 1001 521 1035 ἠπείγετο,
536 1000 664 1036 βασιλεὺς
677 1001 705 1028 δὲ
714 1002 888 1038 προτερήσας

91 1045 144 1081 τὴν
161 1046 250 1082 ὁρμὴν
267 1047 323 1073 τῶν
339 1047 442 1082 τριχῶν
465 1045 540 1074 εἷλκε
570 1047 718 1083 ξωγρείαν,
745 1048 794 1076 σὺν
812 1048 887 1083 αὐτῷ

92 1091 124 1118 δὲ
139 1092 191 1127 τὴν
207 1092 254 1119 ἐπὶ
267 1092 298 1119 τὸ
317 1092 500 1128 στρατόπεδον
513 1093 559 1120 ίὼν
578 1094 742 1129 Ἀνδρονίκῳ
757 1095 885 1130 συναντᾷ.

95 1137 169 1174 Ἤδη
189 1137 245 1174 γὰρ
267 1137 316 1165 τοῢ
342 1138 482 1173 βασιλείου
512 1139 669 1174 ἐνεχθέντος
691 1139 771 1175 αὐτῷ
801 1140 886 1168 ἵππου

92 1184 267 1220 ὀχησάμενος
284 1185 355 1212 κατὰ
381 1184 411 1221 [Ρ
434 1185 479 1221 35]
496 1185 609 1220 Περσῶν
622 1186 668 1212 καὶ
680 1186 760 1218 αὐτὸς
774 1186 888 1221 ἤλαυνε,

95 1230 185 1258 πολλά
206 1239 236 1258 τε
262 1231 312 1266 τῆς
327 1231 374 1258 ἐπὶ
399 1232 433 1259 τὰ
450 1231 553 1267 πρώσω
572 1232 686 1268 πορείας
703 1232 815 1268 εἵργων,
838 1232 885 1259 an

92 1277 274 1306 παντάπασιν
298 1278 415 1305 ἄνοπλον
442 1278 508 1306 δντα
534 1279 582 1306 καὶ
610 1279 707 1312 αὑτὸν,
728 1279 822 1314 ἐπειδὴ
848 1280 885 1314 μὴ

91 1324 203 1351 πείθειν
218 1322 275 1361 εἶχε
288 1325 396 1361 (θάρσει
409 1325 463 1361 γὰρ
480 1326 528 1352 καὶ
541 1322 620 1357 οὗτος
636 1326 743 1361 ἀπείρῳ
763 1326 887 1361 διῳκεῖτο

91 1371 141 1397 καὶ
157 1370 236 1397 ἔπνει
251 1371 302 1403 τὰς
319 1372 421 1407 μάχας,
434 1371 566 1402 ἐπιεικῶς
581 1371 612 1398 τὸ
625 1371 689 1406 δόρυ
704 1371 828 1407 χειρίσας
840 1373 887 1398 καὶ

90 1416 142 1451 τὴν
171 1417 285 1451 ἀσπίδα,
313 1414 355 1449 οἷς
379 1417 427 1445 καὶ
450 1418 542 1449 αὐτοῖς
564 1417 612 1452 οὐχ
629 1417 667 1450 ὡς
691 1417 767 1449 ἰδίοις
782 1418 887 1453 ἐχρῆτο

94 1464 168 1490 ἀλλὰ
187 1472 262 1496 τινος
277 1464 333 1491 τῶν
353 1465 407 1491 ἀπὸ
420 1465 499 1499 δόξης
514 1464 685 1499 ἀφελόμενος
700 1464 818 1500 ἔτυχεν),
837 1466 886 1492 αὺ-

92 1511 141 1537 τὸν
167 1510 218 1545 μὲν
241 1510 332 1546 ἀφῆκε
365 1511 532 1546 πορεύεσθαι
543 1520 549 1527 -
564 1512 578 1537 ὁ
597 1511 626 1538 δὲ
642 1510 695 1546 ὁδῷ
711 1511 814 1547 προῖὼν
839 1512 888 1538 καὶ
901 1531 920 1557 C

92 1560 152 1589 τοῖς
167 1557 274 1589 λοιποῖς
289 1557 418 1593 ξυνέμιξε
432 1557 481 1585 τοῦ
504 1558 653 1593 Ῥωμαίων
671 1558 803 1594 στρατοῦ.
828 1558 887 1585 Πυ-
902 1547 920 1557 υ

93 1604 224 1639 θομένοις
235 1612 266 1630 τε
281 1605 357 1635 ὅπως
369 1603 446 1639 αὐτῷ
457 1604 491 1631 τὰ
505 1605 577 1631 κατὰ
594 1604 640 1632 τδν
656 1604 776 1638 πόλεμον
798 1604 886 1633 ἀπαν-

93 1651 191 1686 τήσειε
225 1651 300 1686 μόνῳ
324 1650 379 1677 τῶν
405 1650 535 1678 ἁπάντων
563 1651 610 1678 ἐπὶ
633 1651 697 1683 τοὺς
724 1650 888 1686 Βαρϐάρους

97 1696 180 1728 ἰόντι,
197 1697 262 1733 περὶ
278 1697 328 1733 μὲν
342 1697 390 1723 τοῦ
407 1697 461 1724 τῶν
476 1697 613 1732 πολεμίων
625 1698 722 1732 φόνου,
733 1696 789 1730 οὓς,
801 1697 887 1725 καθά-

93 1751 147 1779 περ
164 1743 286 1778 εἴρηται,
308 1742 467 1774 ἀπεκτονὼς
483 1743 588 1778 ἔτυχεν,
602 1743 776 1778 ἀπήγγελλεν
799 1743 886 1777 οὐδὲν,

93 1788 259 1823 καυχήσεως
270 1788 401 1822 ἀγεννοῦς
416 1789 535 1824 ὑποψίαν
546 1789 887 1825 παραιτούμενος.Ἔργον

93 1834 149 1869 τὰρ
169 1835 221 1869 οὐχ
244 1834 291 1861 ὑπ’
311 1833 373 1868 όψιν
394 1833 472 1861 ἐλθὸν
493 1835 550 1866 τοῖς
575 1835 613 1870 μὴ
640 1834 764 1869 εὐμενῶς
775 1834 887 1862 ἀκούειν

92 1880 237 1907 ἐθέλουσιν
261 1880 355 1915 ῥᾴδιον
380 1881 421 1912 είς
449 1880 609 1916 ἀνατροπὴν
634 1880 751 1915 γίνεται.
777 1881 830 1907 Τοῦ
853 1889 886 1915 γε

95 1925 152 1961 μὴν
171 1924 335 1960 τραύματος
351 1925 544 1960 ἐπιμελεῖσθαι
566 1925 669 1952 αὐτίκα
686 1925 826 1958 ἐκέλευεν,
849 1925 887 1957 ὡς

96 1972 134 2008 μὴ
153 1971 365 2007 φλεγμήναντος
381 1973 534 2008 ἀνήκεστόν
551 1981 578 2000 τι
601 1973 648 2000 καὶ
669 1973 811 2009 ἐπισυμὸῇ
823 1981 830 1987 ·
842 1972 886 1999 ὅτε

93 2019 126 2054 δὴ
146 2018 245 2053 γέγονέ
257 2027 285 2046 τι
299 2019 347 2046 καὶ
363 2019 443 2054 λόγου
454 2020 540 2053 ἄξιον·
561 2019 656 2056 ἐπειδὴ
682 2021 738 2055 γὰρ
763 2021 800 2056 μὴ
813 2017 887 2056 είχον

94 2065 170 2096 ὅπως
184 2064 261 2100 αὐτῷ
276 2065 428 2100 χρήσηται,
441 2065 496 2092 τῶν
513 2066 693 2101 στρατιωτῶν
707 2075 750 2097 τις
766 2067 887 2102 ἐγχειρί-

91 2112 149 2138 διον
165 2112 285 2144 ἑλκύσας
299 2112 384 2148 μέρος
396 2112 447 2148 τῆς
462 2113 543 2145 αὐτὸς
566 2113 650 2140 αὑτοῦ
670 2113 771 2148 σαρκὸς
786 2114 886 2150 ἀφελέ-

93 2158 157 2185 σθαι
178 2158 317 2194 διενοήθη,
338 2159 375 2190 ὡς
399 2159 432 2186 ἂν
452 2159 491 2186 ἔτι
515 2159 666 2195 διάθερμον
683 2160 721 2195 τῷ
745 2160 886 2196 τραύματι

943 219 1165 255 obversabatur),
1191 219 1313 254 praelium
1335 220 1500 254 aggreditur,
1528 220 1673 256 multisque
1692 223 1742 250 ob-

943 264 1088 298 truncatis,
1115 269 1228 293 caeteros
1249 265 1304 301 62
1323 265 1357 292 ad
1381 265 1472 300 fugam
1497 266 1645 300 compellit.
1671 268 1740 296 Tum

942 310 1079 339 Barbarus
1100 311 1221 345 quidam,
1244 319 1297 338 non
1314 319 1397 339 ausus
1417 312 1592 346 imperatoris
1608 313 1740 348 impetum

942 356 1072 391 experiri.
1092 357 1206 391 supinus
1225 357 1283 385 solo
1309 357 1484 390 recumbens,
1509 357 1553 385 ubi
1575 362 1740 393 praetervec-

943 406 998 429 tum
1017 403 1089 430 videt
1103 402 1220 438 longius,
1236 402 1289 431 telo
1303 403 1403 430 emisso
1416 407 1566 430 extremam
1584 404 1660 438 pedis
1676 412 1740 439 par—

942 451 996 475 tem
1023 455 1038 475 a
1064 453 1139 483 tergo
1158 448 1258 483 attigit,
1287 448 1332 475 ubi
1359 447 1434 476 circa
1459 448 1618 481 claviculas,
1644 457 1740 478 versus

941 493 1055 527 calcem,
1071 494 1212 530 quidpiam
1228 498 1325 522 natura
1345 499 1457 523 exstans
1478 495 1607 529 reliquit:
1622 503 1740 532 cumque

941 540 987 568 ille
1003 541 1036 568 ad
1054 541 1135 568 ictum
1151 540 1327 576 repetendum
1344 548 1374 568 se
1385 541 1550 576 accingeret,
1572 543 1739 576 praeveniens

941 588 1100 622 imperator,
1115 588 1343 622 comprehensum
1358 587 1484 616 crinibus
1495 588 1634 616 hominem
1648 589 1738 616 vivum

940 634 1022 670 cepit.
1038 634 1103 662 lude
1118 635 1152 661 ad
1168 640 1259 662 castra
1278 642 1338 662 cum
1357 635 1403 662 illo
1422 639 1572 668 revertens,
1592 635 1689 662 obvius
1709 635 1739 663 fit

938 679 1108 712 Andronico,-
1124 680 1169 714 qui
1185 680 1241 715 jam
1257 681 1403 708 adductum
1414 688 1512 715 equum
1526 685 1634 714 nactus,
1644 686 1739 709 contra

940 726 1041 754 Persas
1059 726 1172 761 perinde
1186 727 1337 761 equitabat.
1353 724 1446 754 Multis
1459 731 1548 754 autem
1567 726 1655 754 verbis
1678 726 1738 753 fru-

940 778 996 799 stra
1021 761 1183 799 dehortatus
1199 780 1234 799 ne
1252 773 1364 800 ulterius
1378 773 1492 800 inermis
1506 777 1534 799 et
1549 773 1606 807 ipse
1624 778 1739 800 conten-

940 817 1016 845 deret
1042 817 1218 852 (incredibili
1246 818 1318 845 enim
1350 817 1481 853 praeditus
1507 819 1627 846 audaciai
1651 823 1737 846 totum

941 863 1061 898 spirabat
1077 862 1204 896 Martem,
1221 864 1325 891 hastam
1353 867 1470 891 tractare
1495 871 1673 898 parmamque
1692 872 1739 899 ge-

941 914 1014 938 stare
1031 909 1261 945 promptissimus,
1278 909 1377 944 quibus
1392 914 1456 937 tuuc
1473 917 1526 937 non
1544 910 1674 945 propriis,
1689 910 1737 938 sed

941 958 1059 992 acceptis
1083 957 1117 984 ab
1142 957 1233 992 aliquo
1250 963 1265 984 e
1285 957 1458 991 magnatibus
1482 957 1631 992 utebatur),
1656 957 1739 992 proti-

941 1003 1087 1030 ciscentem
1114 1002 1224 1037 quidem
1250 1002 1276 1028 in
1301 1002 1422 1036 praelium
1446 1002 1561 1036 dimisit,
1587 1002 1645 1037 ipse
1673 1008 1738 1031 vero

941 1049 1098 1077 continuato
1112 1049 1183 1084 quod
1199 1047 1355 1076 instituerat
1373 1049 1482 1082 itinere,
1497 1049 1531 1077 ad
1549 1057 1614 1077 suos
1628 1050 1738 1077 tandem

942 1096 1030 1124 rediit.
1049 1095 1257 1128 Sciscitantibus
1269 1102 1335 1122 vero
1350 1095 1414 1130 quid
1428 1094 1480 1122 sibi
1499 1095 1646 1122 accidisset
1659 1095 1686 1122 in
1705 1102 1738 1122 ea

942 1149 1020 1177 quam
1037 1142 1159 1170 omnium
1176 1141 1249 1169 solus
1265 1141 1291 1168 in
1306 1140 1440 1169 Barbaros
1453 1146 1613 1177 susceperat
1627 1141 1741 1176 expedi-

942 1188 1025 1220 tione,
1044 1194 1158 1224 quzeque
1173 1186 1270 1214 fuisset
1287 1185 1378 1212 clades
1393 1185 1522 1218 hostium,
1541 1193 1623 1220 quos,
1634 1188 1663 1212 ut
1679 1193 1739 1214 nte-

941 1233 1054 1266 moravi,
1071 1232 1219 1265 occiderat,
1236 1239 1312 1259 vanae
1334 1231 1426 1267 gloriae
1448 1231 1634 1266 suspicionem
1652 1231 1741 1259 decli-

940 1287 1019 1312 nans,
1036 1279 1103 1306 nihil
1118 1277 1226 1314 quidem
1241 1277 1392 1311 respondit.
1406 1276 1483 1311 Saepe
1501 1277 1575 1304 enim
1593 1277 1737 1311 contingit,

939 1330 968 1352 ut
983 1325 1099 1360 quodvis
1112 1323 1252 1359 egregium
1271 1322 1388 1355 facinus,
1405 1322 1476 1357 quod
1500 1329 1553 1349 non
1580 1322 1629 1349 sub
1644 1321 1742 1350 oculos

940 1370 1023 1402 cadit,
1040 1370 1121 1397 abiis
1137 1369 1183 1404 qui
1203 1367 1335 1396 malevolo
1356 1368 1447 1395 animo
1471 1367 1597 1400 audiunt.
1623 1367 1650 1395 in
1669 1375 1739 1395 eon-

941 1415 1054 1443 trarium
1077 1414 1156 1442 facile
1171 1414 1342 1442 deﬂectatur.
1364 1412 1521 1441 Curandum
1537 1418 1628 1441 autem
1642 1412 1738 1440 confe-

939 1463 1001 1489 stim
1018 1462 1116 1489 vulnus
1132 1461 1238 1494 statuit,
1263 1468 1296 1488 ne
1317 1461 1339 1488 si
1361 1461 1522 1488 succederet
1541 1458 1739 1490 inﬂammatio,

939 1507 1079 1542 quidpiam
1099 1506 1280 1540 periculosius
1297 1506 1432 1533 accideret
1446 1514 1452 1533 :
1469 1513 1523 1540 qtto
1539 1509 1595 1532 tum
1613 1509 1739 1539 tempore

939 1560 982 1580 res
996 1552 1074 1584 digna
1086 1552 1185 1579 accidit
1199 1552 1253 1587 63
1267 1559 1326 1586 qua:
1343 1557 1520 1579 memorctur.
1535 1551 1602 1579 Cum
1620 1550 1688 1578 nihil
1702 1550 1737 1578 ad

938 1606 1050 1626 manum
1077 1603 1163 1630 esset,
1190 1597 1301 1631 quidam
1327 1597 1416 1629 miles,
1444 1601 1555 1631 accepta
1583 1596 1651 1630 sica,
1680 1603 1737 1623 suae

938 1645 1030 1672 carnis
1041 1648 1146 1679 partem
1157 1643 1276 1678 aliquam
1293 1650 1444 1678 prmsecare
1458 1647 1545 1677 parat,
1558 1647 1589 1669 ut
1601 1649 1632 1669 ea
1645 1641 1737 1668 calens

937 1692 1027 1718 adhuc
1052 1690 1187 1726 applicata
1213 1690 1318 1717 vulneri
1342 1694 1475 1716 tumorem
1506 1688 1668 1716 inhiberet:
1689 1686 1737 1714 sed

938 1739 1087 1775 imperator
1105 1737 1213 1765 laudata
1228 1737 1280 1764 viri
1302 1736 1504 1768 benevolentia,
1523 1735 1549 1762 id
1566 1734 1661 1762 abnuit
1676 1733 1737 1767 qui-

937 1787 1010 1818 dem,
1025 1776 1184 1819 jus'sitvero
1197 1787 1227 1811 ut
1243 1783 1277 1810 ab
1298 1790 1352 1810 uno
1370 1789 1404 1810 ex
1425 1782 1459 1809 iis
1476 1781 1565 1816 equis,
1584 1780 1630 1815 qui
1653 1779 1737 1807 nimio

937 1839 1018 1859 cursu
1043 1831 1147 1866 fatigati
1171 1834 1267 1863 erant,
1293 1829 1446 1856 abscissum
1468 1828 1560 1856 carnis
1585 1825 1736 1854 frustulum

937 1877 1044 1905 vulneri
1067 1875 1201 1904 ‘continuo
1223 1879 1417 1912 apponeretur.
1439 1874 1584 1902 Productis
1607 1872 1671 1900 inde
1701 1872 1737 1898 ad

938 1923 1041 1954 medias
1068 1922 1124 1950 fere
1148 1927 1243 1950 noctes
1259 1921 1424 1954 itineribus,
1446 1919 1596 1949 exercitum
1625 1917 1736 1952 repetit,

938 1970 984 2004 qui
1011 1969 1045 1998 ad
1072 1968 1202 1996 Limandri
1219 1967 1308 1995 fontes
1329 1966 1497 1997 considebat,
1521 1965 1565 1992 ubi
1589 1970 1685 1998 magna
1710 1965 1738 1990 et

937 2016 1069 2044 immensa
1083 2015 1125 2042 vis
1140 2021 1273 2050 aquarum
1294 2020 1325 2040 ex
1339 2012 1436 2048 petris,
1452 2010 1588 2039 radicibus
1605 2007 1736 2036 montium

937 2060 1136 2096 adiacentibus,
1152 2059 1228 2086 velut
1245 2066 1278 2086 ex
1294 2058 1408 2086 inlinitis
1427 2057 1546 2084 fontibus
1560 2055 1660 2090 effusa,
1676 2062 1736 2082 ma-

937 2108 1030 2142 risque
1049 2107 1135 2137 instar
1150 2106 1393 2140 circumjecentem
1410 2104 1454 2131 hic
1469 2103 1606 2130 inundans
1624 2109 1734 2136 agrum,

938 2155 965 2183 in
982 2155 1057 2182 lacus
1080 2154 1200 2189 speciem
1219 2152 1307 2187 primo
1322 2152 1431 2186 quidem
1453 2150 1636 2182 contrahitur,
1659 2149 1738 2176 dein—

93 2203 232 2240 περιθεὶς,
246 2203 319 2231 οὕτω
331 2203 381 2239 τὴν
399 2203 556 2239 φλεγμονὴν
566 2193 782 2240 ἀποκρούσαιτο,
804 2193 884 2232 ’Ᾰλλὰ

939 2208 1002 2235 ceps
1021 2193 1086 2227 vero
1112 2199 1241 2234 paulatim
1268 2198 1403 2229 (liiilueus,
1433 2196 1596 2232 profundam
1627 2195 1732 2222 fossam

92 2250 222 2286 βασιλεὺς
239 2250 289 2285 τῆς
304 2249 410 2281 εὐνοίας
425 2250 471 2277 τὸν
487 2250 572 2286 ἄνδρα
591 2250 793 2286 ἀποδεξάμενος
807 2254 886 2278 τοῦτο

95 2296 145 2331 μὲν
169 2295 333 2329 διεκώλυσε,
349 2296 404 2322 τῶν
430 2296 457 2323 δὲ
474 2297 507 2331 τῇ
534 2295 675 2332 ὁδοιπορίᾳ
703 2296 886 2332 κεκμηκότων

92 2343 186 2370 ίππων
198 2342 272 2374 τινὸς
289 2341 421 2378 τεμάχιον
434 2342 483 2378 τῆς
498 2342 600 2377 σαρκὸς
615 2341 775 2379 ἀφῃρῆσθαι
790 2341 886 2369 κελεύ-

95 2397 144 2420 σας
160 2388 302 2424 εὐθύωρον
325 2389 448 2424 προσῆγε
474 2388 514 2424 τῷ
533 2388 682 2424 τραύματι.
698 2387 832 2422 ΓΕκεῖθέν
855 2396 886 2415 τε

93 2435 200 2471 μακρὸν
217 2435 383 2467 κατατείνας
395 2435 496 2471 δρόμον
513 2435 589 2470 παρὰ
608 2434 694 2469 μέσας
707 2443 759 2462 που
776 2434 826 2466 τὰς
841 2434 886 2460 νύ-

92 2490 159 2514 κτας
187 2482 234 2509 ἐπὶ
261 2481 292 2508 τὸ
325 2481 508 2517 στρατόπεδον
541 2482 696 2516 ἀφικνεῖται
731 2481 801 2516 πρὸς
826 2481 886 2513 ταῖς

92 2528 250 2564 Μαιάνδρου
277 2527 403 2559 ἐκϐολαῖς
431 2527 583 2563 ἱδρυμένον,
612 2526 678 2554 ἔνθα
706 2526 773 2553 πολύ
789 2535 819 2553 τε
839 2527 887 2553 καὶ

92 2575 211 2610 ἄμετρον
227 2573 300 2609 ὕδωρ
317 2575 360 2610 ῥεῖ
375 2573 425 2609 μὲν
451 2575 484 2600 ὲκ
508 2574 564 2600 τῶν
585 2573 655 2600 κατὰ
675 2573 724 2609 τὴν
747 2573 888 2608 ὑπωρείαν

92 2620 201 2656 πετρῶν
215 2620 252 2652 ὡς
264 2621 297 2646 ὲκ
313 2619 418 2655 μυρίων
433 2620 626 2654 ἀναδιδόμενον
638 2619 791 2654 στομάτων,
804 2619 850 2646 τὸν
860 2618 889 2646 δὲ

92 2666 298 2702 παρακείμενον
321 2666 493 2700 ἑκπελαγοῦν
509 2666 597 2702 χῶρον
621 2666 650 2697 ὲς
674 2666 773 2701 λίμνην
792 2666 842 2700 μὲν
857 2665 888 2693 τὸ

93 2712 201 2750 πρῶτον
223 2712 393 2745 ξυνίσταται,
409 2712 473 2748 ἑξῆς
495 2712 524 2739 δὲ
539 2712 634 2747 προϊὸν
655 2711 776 2747 διώρυχα
791 2720 820 2738 τε
836 2711 888 2747 βα-

940 2246 1070 2278 diffindit,
1089 2245 1206 2279 indeque
1222 2244 1248 2277 in
1266 2243 1376 2270 fluvium
1395 2242 1564 2274 etTormatur_
1578 2242 1617 2268 Ab
1631 2241 1737 2268 Andro-

941 2293 1002 2320 nico
1019 2292 1135 2324 interea,
1151 2291 1195 2326 qui
1216 2290 1242 2318 in
1261 2290 1380 2322 hostem,
1399 2293 1429 2316 ut
1442 2289 1571 2320 diximus,
1593 2293 1737 2322 processe-

941 2343 994 2371 rat,
1017 2337 1084 2365 nihil
1107 2336 1207 2368 factum
1233 2335 1341 2370 quidem
1368 2334 1451 2366 aliud,
1474 2333 1526 2361 nisi
1551 2333 1624 2367 quod
1649 2339 1740 2367 equos

940 2389 1094 2425 complures
1125 2396 1231 2422 eorum,
1259 2395 1326 2424 quos
1353 2387 1488 2415 ceciderat
1515 2386 1674 2420 imperator,
1706 2383 1734 2411 in

940 2441 1029 2464 castra
1044 2435 1109 2470 egit.
1125 2434 1171 2462 Sic
1184 2441 1244 2462 sese
1259 2441 1302 2461 res
1318 2433 1444 2461 habuere.
1459 2432 1559 2460 Versus
1574 2429 1733 2466 Byzantium

941 2482 1027 2510 reditu
1042 2481 1165 2509 instituto
1182 2480 1338 2515 imperator.
1352 2487 1412 2507 cum
1425 2480 1452 2506 in
1470 2478 1621 2514 Bithyniam
1636 2483 1731 2512 peuve-

940 2528 1037 2559 nisset,
1048 2526 1170 2554 liberatis
1187 2533 1218 2553 ex
1231 2525 1399 2558 Philomelio,
1411 2523 1636 2559 quemadmodum
1650 2529 1737 2556 supra.

938 2573 1029 2605 retuli,
1046 2572 1177 2600 Romanis
1196 2572 1273 2600 sedes
1290 2571 1324 2599 ibi
1339 2571 1498 2606 assignavit,
1510 2569 1737 2605 possessiuncuiw

939 2628 953 2647 a
975 2627 1055 2647 sacro
1078 2620 1194 2654 quodam
1220 2619 1386 2646 monasterio
1414 2625 1462 2652 per
1489 2616 1735 2645 commutationem

938 2669 1105 2700 comparata,
1120 2664 1164 2692 ubi
1180 2668 1207 2691 et
1220 2671 1312 2690 arcem
1332 2668 1508 2698 castrumque
1527 2662 1671 2695 exstruxit,
1687 2661 1734 2689 cui

937 2719 1036 2740 nomen
1050 2711 1145 2739 indidit
1158 2710 1312 2737 Portarum.

93 2760 167 2787 θείαν
182 2761 278 2796 τέμνει
302 2759 350 2787 καὶ
365 2759 489 2795 ποταμὸν
520 2759 646 2787 ἐντεῦθεν
681 2760 763 2786 ποιεῖ.
785 2759 953 2795 ’Λνδρόνικος
971 2759 1011 2791 δὲ,
1027 2759 1160 2793 ’καθάπερ
1184 2757 1486 2793 εἴρηταιγὲπῐπροσθεν
1512 2755 1558 2783 ίὼν
1583 2755 1647 2784 ἄλλο
1681 2755 1736 2791 μὲν

94 2807 206 2841 ἔδρασεν
229 2807 318 2840 οὐδὲν,
343 2806 486 2838 ἵππουςόὲ
503 2807 618 2842 συχνοὺς
654 2802 692 2833 ὧν
717 2805 905 2837 ἐπιϐαίνοντες
923 2803 995 2840 ἦσαν
1023 2805 1047 2832 οἳ
1069 2805 1137 2840 πρὸς
1160 2803 1294 2840 βασιλέως
1319 2805 1469 2840 ἀνῇρηνται
1496 2802 1552 2829 τῶν
1578 2801 1730 2837 πολεμίων,

95 2853 139 2880 ἰπὶ
155 2854 186 2880 τὸ
209 2853 396 2887 στρατόπεδον
421 2852 515 2887 ἤλασε.
544 2851 638 2880 Ταῦτα
664 2851 714 2888 μὲν
731 2851 777 2879 οὖν
797 2851 883 2885 οὕτως
903 2852 1021 2888 ἐγένετο,
1041 2851 1069 2878 '0
1101 2850 1129 2877 δὲ
1148 2850 1276 2887 paelici);
1307 2851 1357 2887 τὴν
1383 2851 1430 2879 ἐπὶ
1452 2850 1481 2878 τὸ
1497 2849 1643 2883 Βυζάντιον
1659 2849 1734 2882 ista,
