1962 3074
206 124 260 156 383

860 122 1022 155 JOANNIS
1041 122 1205 154 CINNAMI

1793 122 1849 154 384

204 181 235 209 ἐν
250 181 363 217 Βιθυνίᾳ
382 189 412 207 τε
427 180 547 215 γεγονὼς
563 180 683 208 ἐνταῦθα
715 189 766 208 που
796 180 860 212 τοὺς
891 181 924 207 ἐκ
942 179 1124 215 ,Φιλομιλίου,
1156 181 1285 218 καθάπερ
1312 182 1421 218 εἴρηται
1448 182 1599 218 πρότερον,
1626 180 1852 218 ἀναρῤυσθέντας

204 228 325 264 ψκίαατο
356 227 522 262 Ῥωμαίους,
547 228 703 263 κτησείδιον
726 228 820 260 αὐτοῖς
843 227 898 255 τῶν
914 226 997 264 ιερῶν
1016 235 1089 261 τινος
1120 228 1306 265 ἀλλαξάμενος
1338 229 1491 264 σεμνείων·
1506 228 1572 256 ἔνθα
1584 227 1717 264 φρούριόν
1732 236 1762 255 τε
1775 228 1850 264 ἀνῳ-

205 275 345 310 κοδόμησε
361 274 411 302 καὶ
426 274 517 306 Πύλας
529 275 596 302 αὐτὸ
609 274 817 310 κατωνόμακεν.

241 321 287 348 10.
312 321 369 348 Sub
384 320 455 348 idem
472 325 577 356 tempus
590 321 715 354 Cosmas,
735 320 780 356 qui
794 328 826 348 ea
839 323 1003 355 tempestate
1016 320 1041 350 Α

205 375 252 396 res
262 367 463 396 ecclesiasticas
485 367 691 401 moderabatur,
709 368 752 395 vir
767 367 829 395 vita
846 367 1005 402 integritate

205 419 233 442 et
245 414 379 449 gravitate
395 413 530 441 sermonis
548 413 673 447 illustris,
688 420 703 440 a
717 413 782 440 sede
802 412 858 448 64
881 413 954 440 hanc
970 412 1005 441 ob

206 468 315 488 causam
332 460 460 495 depulsus
473 466 526 488 est.
543 459 693 488 Monachus
705 459 817 494 quidam
834 459 940 494 Niphon
954 466 1006 486 no~

207 508 291 539 mine,
305 508 352 542 qui
366 506 492 534 liberales
505 506 665 541 disciplinas
677 506 864 541 humanasque
876 505 1007 534 scientias

207 562 241 583 ne
255 556 369 582 summis
383 554 492 589 quidem
509 554 593 581 labris
607 554 810 588 degustaverat,
829 553 880 581 etsi
893 553 980 580 sacris
991 559 1006 579 a

207 599 322 634 pueritia
337 599 434 626 litteris
446 599 577 631 imbutus,
588 606 651 625 cum
669 597 800 627 Michaele
815 599 874 626 viro
892 598 938 633 pio
952 597 1008 626 vir-

208 652 319 681 tuteque
339 645 437 681 insigni
460 645 675 673 ecclesiasticam
699 646 860 680 dignitatem
882 649 1006 680 regente,

208 692 278 719 haud
293 699 358 718 sana
377 693 449 718 circa
462 691 649 719 Christianam
670 691 828 725 religionem
846 691 949 718 sentire
966 691 1007 718 vi-

208 741 255 761 sus
268 739 354 766 esset,
367 735 485 770 ideoque
501 735 605 769 judicio
619 736 743 771 synodali
758 735 856 764 fuisset
875 737 1007 764 condem-

209 785 306 813 natus,
334 781 417 808 barba
442 782 475 809 ad
500 781 570 809 talos
598 789 685 817 usque
714 786 861 817 protensa,
889 782 1006 815 derasa,

208 827 313 854 carceri
331 828 514 861 mancipatur.
538 828 573 855 Ut
587 835 653 855 vero
676 829 730 855 vita
754 828 847 855 functo
864 827 1007 861 Michaele,

209 873 300 900 sedem
317 875 425 908 excepit
439 875 565 907 Cosmas,
578 874 686 910 Niphon
699 874 822 902 liberiori
838 875 930 902 statim
942 881 1008 902 usus

210 919 331 952 licentia,
349 921 471 954 publicos
489 928 651 956 congressus
668 921 722 956 egit
741 922 767 949 in
789 921 928 956 compitis,
944 928 1009 956 pra.

208 973 311 1001 vasque
325 975 389 994 suas
408 968 552 1002 opiniones
573 968 675 1003 ubique
692 968 811 1002 diﬁ‘udit,
833 968 1007 997 Hebraeorum

211 1013 295 1041 Deum
315 1013 403 1049 palam
428 1015 588 1050 repudians.
613 1015 731 1044 Amabat
755 1015 894 1044 hominem
924 1023 1006 1050 supra

209 1062 318 1089 modum
331 1061 456 1095 Cosmas,
475 1063 690 1097 admittebatqoe
715 1063 740 1090 in
764 1064 804 1091 sui
823 1065 1006 1096 consortium,

208 1112 236 1135 et
260 1108 400 1143 superiora
428 1110 454 1136 in
479 1116 540 1136 etim
564 1109 674 1137 decreta
696 1110 838 1145 iniustitiae
863 1110 1005 1146 arguebat,

209 1156 373 1189 quanquam'
386 1160 448 1182 tunc
466 1155 547 1182 etiam
565 1155 711 1184 immodice
727 1156 755 1183 in
771 1156 847 1183 illum
861 1159 889 1185 et
906 1157 939 1184 ad
957 1164 1006 1191 pe-

210 1201 352 1228 tulantiam
381 1209 468 1236 usque
494 1209 647 1236 propensus
679 1202 852 1231 atrocissime
882 1202 1006 1238 repulsus

210 1247 309 1279 fuerat,
338 1252 366 1275 et
395 1252 506 1282 propter
530 1248 657 1276 virtutem
685 1248 784 1276 divinis
811 1249 1006 1285 propemodum

209 1292 337 1321 laudibus
360 1300 421 1321 eum
447 1293 588 1328 eﬂerebat,
605 1294 777 1330 addebatque
797 1295 854 1330 jam
875 1296 940 1324 olim
966 1295 1005 1324 illi

210 1339 368 1373 praedictum
391 1339 425 1368 ab
446 1347 488 1373 co,
513 1340 573 1368 fore
596 1346 627 1369 ut
647 1342 855 1376 patriarchalem
877 1343 1006 1371 thronum

210 1386 416 1414 conscenderet.
434 1386 497 1416 Haec
510 1388 602 1416 multis
615 1396 667 1416 non
682 1388 846 1424 placuerunt
860 1398 868 1417 :
881 1383 958 1418 unde
971 1398 1005 1418 ex

211 1430 246 1457 iis
261 1431 395 1464 nonnulli,
416 1432 515 1467 quibus
532 1433 705 1469 potissimum
721 1434 827 1462 Cosma:
844 1435 918 1463 salos
933 1443 1007 1463 curae

211 1481 281 1509 eral,
305 1477 389 1505 tacite
405 1479 570 1507 accedentes
586 1489 593 1506 :
615 1488 624 1506 ι
645 1480 725 1513 Quid,
746 1481 866 1514 aiebant,
884 1489 901 1509 ο
918 1481 1007 1510 divine

212 1529 317 1558 pastor,
350 1529 433 1554 temet
453 1527 541 1561 ipsum
563 1527 626 1561 lupo
647 1527 809 1556 concredis?
825 1536 915 1556 annon
932 1529 1008 1558 vides

212 1576 354 1606 propterea
375 1577 400 1600 te
421 1580 435 1600 a
463 1580 544 1608 grege
563 1573 687 1608 despici?
705 1575 803 1602 recede
834 1576 868 1603 ab
892 1575 1006 1603 exitiosa

211 1620 354 1648 societate.
369 1619 423 1655 65
441 1619 508 1648 Cum
532 1620 641 1648 homine
661 1621 732 1648 enim
754 1621 842 1650 sacris
857 1623 1008 1651 interdicto

212 1665 381 1698 cohabitare,
398 1673 445 1700 per
458 1673 488 1694 se
501 1666 599 1695 idonea
616 1667 684 1695 satis
698 1671 741 1695 est
754 1669 904 1697 accusatio.
920 1679 929 1696 ι
944 1669 1008 1698 Haec
1021 1675 1043 1705 c

213 1715 240 1738 cl
269 1711 365 1738 similia
391 1711 429 1739 illi
455 1711 624 1746 ingerebant.
651 1712 702 1746 Qui
729 1720 793 1740 vero
820 1715 1006 1748 patriarcham

212 1756 338 1790 oderant,
355 1756 562 1785 obtestabantur
581 1757 684 1792 palam,
710 1758 941 1793 appellabantque
959 1759 1008 1787 Dei

213 1807 241 1830 et
254 1802 427 1838 imperatoris
444 1802 549 1830 oculos.
564 1804 597 1831 At
610 1803 655 1831 illc
672 1803 804 1838 neglectis
823 1803 857 1832 iis
871 1805 1010 1833 mordicus

214 1849 370 1877 adltzerebat
384 1849 517 1885 Niphoni;
535 1857 624 1885 neque
638 1850 721 1878 etiam
737 1851 759 1877 si
775 1850 841 1885 quid
855 1851 1011 1879 immineret

214 1896 318 1928 damni,
331 1897 366 1924 ab
383 1904 416 1924 eo
434 1903 463 1923 se
478 1896 570 1924 divelli
590 1896 745 1930 patiebatur
761 1905 768 1924 :
785 1898 856 1924 unde
873 1905 905 1924 ex
926 1897 1010 1925 nimia

215 1942 400 1977 simplicitate,
414 1939 644 1975 suimet'oblitus,
666 1951 777 1979 magnas
798 1944 914 1972 incurrit
935 1944 1010 1972 cala-

215 1989 335 2016 mitates.
349 1988 454 2023 Quippe
466 1996 526 2016 cum
544 1988 681 2016 hominem
695 1997 802 2016 rursum
815 1990 917 2016 carceri
934 1997 1011 2017 utan-

215 2035 300 2070 cipari
322 2035 496 2070 praacepisset
518 2035 655 2069 princeps,
687 2035 868 2070 adessentque
892 2035 1009 2069 ducturi,

216 2085 303 2118 primo
314 2081 422 2117 quidem
439 2083 509 2110 haud
521 2082 633 2109 multum
646 2081 732 2109 abfuit
748 2083 812 2117 quin
826 2082 1010 2118 patriarcham

215 2135 268 2156 vox
289 2129 427 2156 deliceret.
451 2128 573 2157 Collecto
595 2130 703 2157 demum
728 2130 835 2164 spiritu,
859 2129 893 2158 ad
918 2129 1011 2165 templi

216 2183 304 2210 usque
316 2174 387 2203 fores
401 2182 573 2210 progressus,
593 2183 607 2202 a
621 2175 771 2203 satellitum
792 2176 917 2203 manibus
931 2183 1014 2204 cona-

219 2227 262 2249 ttts
274 2226 315 2250 est
332 2221 470 2254 avellere;
494 2229 611 2257 cumque
635 2222 803 2250 reluctarent
827 2222 857 2256 ii,
881 2230 932 2250 una
949 2231 1010 2251 cum

216 2261 262 2297 illo
277 2270 318 2305 agi
335 2269 362 2297 in
377 2275 516 2296 carcerem
530 2268 648 2296 volebat.
663 2267 728 2297 inde
745 2273 831 2297 enata:
845 2268 872 2296 in
890 2268 1013 2298 Ecclesia

216 2315 416 2347 contentiones,
440 2314 498 2348 ipso
522 2314 620 2342 Cosme
641 2315 668 2341 in
683 2314 816 2349 judicium
837 2319 946 2348 vocato,
961 2323 1012 2344 nec

217 2367 280 2388 ante
299 2361 333 2388 ab
355 2361 519 2395 ejuscemodi
539 2360 702 2389 tumultibus
723 2361 837 2388 liberata
856 2365 908 2394 est,
928 2370 1008 2396 quam
1026 2353 1048 2381 D

217 2414 246 2433 se
258 2406 416 2442 Byzantium
434 2406 582 2440 imperator
599 2406 712 2441 recepit,
725 2414 805 2441 quem
822 2408 855 2434 ad
874 2407 944 2435 hanc
961 2416 1007 2436 us-

217 2461 270 2487 que
293 2453 363 2481 diem
384 2461 427 2481 res
448 2453 553 2481 bellicae
578 2453 762 2481 detinuerant.
782 2454 851 2481 Tum
872 2455 943 2482 cnim
965 2455 1009 2483 ille

220 2500 318 2528 throno
339 2500 451 2530 excidit,
466 2507 498 2527 eo
513 2506 592 2534 quem
610 2507 672 2526 mox
696 2500 818 2528 dicturus
837 2509 896 2527 sum
918 2501 1008 2529 modo.

219 2545 255 2572 At
276 2544 394 2579 primum
416 2545 523 2580 quidem
547 2545 693 2581 separatim
715 2546 844 2581 praesules
864 2546 1008 2580 allocutus,

1081 323 1118 348 't'.
1140 319 1210 347 ’Υπδ
1231 319 1260 347 δὲ
1283 319 1330 348 τδν
1349 319 1431 348 αὐτὸν
1445 320 1543 356 χρόνον
1562 320 1678 356 Κοσμᾶς
1691 321 1705 347 ό
1723 320 1781 353 τοῖς
1803 321 1852 349 ἐκ·

1057 366 1267 403 κλησιαστικοϊς
1299 367 1330 394 τδ
1352 367 1482 409 τηνικάδε
1510 366 1634 401 ἐφεστὼς
1663 368 1853 403 πραγμάτων,

1056 412 1128 448 ἀνὴρ
1144 411 1195 447 βίῳ
1211 411 1258 439 καὶ
1274 411 1347 448 λόγῳ
1367 412 1493 448 κόσμιος,
1521 411 1570 438 τοῦ
1593 412 1688 447 θρόνου
1713 414 1855 446 κατεσπά-

1056 459 1107 495 σθη
1135 460 1177 486 ἐπ’
1202 459 1279 494 αἰτίᾳ.
1306 460 1408 495 τοιᾷδε.
1437 457 1492 486 *Ην
1524 468 1568 491 τις
1598 459 1670 495 ἀνὴρ
1699 462 1855 498 μοναχικὴν

1057 505 1257 541 ἐπανελόμενος
1270 505 1304 542 [Ρ
1320 505 1368 542 56]
1382 505 1533 538 πολιτείαν,
1547 505 1634 540 ὄνομα
1659 506 1773 542 Νήφων,
1788 515 1866 535 παι-.

1057 552 1132 584 δείας
1151 553 1201 588 μὲν
1215 554 1265 588 τῆς
1281 552 1429 587 ἐγκυκλίου
1452 553 1500 579 καὶ
1513 552 1685 588 μαθημάτων
1704 553 1758 579 τῶν
1773 553 1856 585 ἐκτὸς

1057 598 1118 626 οὐδὲ
1136 599 1218 634 μέχρι
1238 599 1340 634 πείρας
1364 599 1461 631 ἐλθὼν,
1478 598 1534 630 τοῖς
1555 599 1639 633 ίεροίς
1654 599 1682 626 δὲ
1697 599 1800 633 λογίοις
1821 601 1856 627 ἐκ

1058 646 1162 673 παίδων
1178 646 1273 673 ἑαυτὸν
1290 646 1409 678 ἐπιδούς.
1428 643 1513 678 Οὗτος
1536 647 1550 673 ό
1572 646 1675 681 Νήφων
1689 646 1799 682 Μιχαὴλ
1814 645 1857 673 ἔτι

1056 694 1153 729 ἀνδρὸς
1170 693 1243 729 ἱεροῦ
1255 694 1303 720 καὶ
1315 693 1413 720 πολλοῦ
1426 693 1475 727 τὴν
1491 693 1592 728 ἀρετὴν
1603 693 1649 720 τὸν
1663 692 1858 728 ἐκκλησιαστι-

1058 740 1105 767 κδν
1121 739 1261 770 διέποντος
1277 739 1372 774 θρόνον
1390 739 1468 771 δόξαν
1487 738 1535 774 οὺχ
1557 738 1623 773 ὑγιᾶ
1645 739 1680 766 τὰ
1695 739 1723 771 ἐς
1742 739 1772 766 τὸ
1786 739 1858 774 Χριι-

1059 786 1176 814 στιανῶν
1195 785 1284 820 δόγμα
1300 785 1410 817 πολλοῖς
1433 787 1498 821 περὶ
1512 785 1610 812 ἐαυτοῦ
1624 785 1748 817 δεδωκὼς
1763 785 1857 821 κρίσει

1058 842 1088 861 τε
1118 834 1245 869 συνοδικῇ
1263 832 1320 869 (77)
1349 832 1394 860 διὰ
1422 832 1502 859 τοῦτο
1525 832 1729 868 ἀποψηφισθεὶς
1753 833 1800 859 τόν
1824 842 1857 860 τε

1058 880 1180 914 πώγωνα
1193 880 1280 916 ἐκάρη
1292 880 1357 916 ἄχρι
1370 881 1418 908 καὶ
1430 881 1477 907 ἐπὶ
1492 880 1584 916 σφυρά
1599 879 1794 908 κατατείνοντα
1807 880 1858 908 καὶ

1059 927 1155 962 εἱρκτῇ
1178 926 1328 962 παρεδόθη.
1349 926 1427 954 Ἐπεὶ
1444 926 1473 953 δέ
1499 926 1611 961 Μιχαὴλ
1629 926 1680 962 μὲν
1707 927 1811 958 ἐκεῖνος
1826 926 1859 960 ἐξ

1061 973 1215 1009 ἀνθρώπων
1230 973 1280 1009 ἤδη
1294 971 1339 1009 ἦν,
1355 973 1471 1008 Κοσμᾶς
1483 973 1512 999 δὲ
1523 972 1583 999 ἀντ’
1597 972 1681 1000 αὑτοῦ
1696 973 1742 999 τὸν
1759 973 1857 1007 θρόνον

1060 1019 1185 1054 ἐκόσμει,
1196 1019 1296 1046 αὐτίκα
1320 1019 1478 1055 παρρησίαν
1494 1016 1572 1051 αὖθις
1584 1019 1598 1046 ό
1618 1019 1722 1055 Νήφων
1734 1018 1857 1054 ἀνελάμ-

1059 1066 1123 1093 ὃανε
1139 1065 1226 1101 μείζω
1254 1065 1302 1093 καὶ
1319 1065 1403 1098 πολὺς
1418 1066 1448 1093 ἐν
1469 1065 1611 1100 συλλόγοις
1635 1066 1682 1092 καὶ
1697 1066 1726 1092 ἐν
1739 1066 1856 1100 ἀγοραῖς

1057 1109 1102 1148 ἦν,
1117 1111 1181 1139 ἄλλο
1199 1119 1229 1139 τε
1238 1112 1325 1139 κούδὲν
1348 1112 1484 1148 ἔπραττεν
1500 1113 1539 1140 ὅτι
1559 1112 1596 1148 μὴ
1617 1112 1704 1147 δόγμα
1722 1111 1856 1139 ἑκάστοτε

1057 1158 1204 1186 ἀνεκύκλει
1251 1159 1298 1185 τόν
1343 1167 1373 1185 τε
1419 1158 1553 1194 Ἐϐραίων
1606 1158 1857 1193 ἀποπροσεποιεῖτο

1057 1204 1124 1231 Θεόν
1140 1204 1208 1239 (78).
1223 1203 1279 1231 Καὶ
1295 1203 1330 1231 τά
1344 1212 1376 1238 γε
1393 1203 1506 1230 τοιαῦτα
1523 1202 1714 1239 ἐνεργολαϐεῖν
1735 1202 1836 1237 ἢθελεν
1847 1210 1855 1216 ·

1057 1250 1145 1286 ἐφίλει
1158 1259 1188 1277 τε
1209 1250 1291 1277 αὐτὸν
1309 1250 1459 1286 ὑπερφυῶς
1482 1251 1496 1277 ό
1511 1250 1636 1285 Κοσμᾶς,
1656 1249 1704 1277 καὶ
1719 1247 1857 1284 ὁμιλητὴν

1057 1297 1145 1325 ἐποίει
1164 1297 1210 1324 τὸν
1226 1296 1382 1333 ἄνθρωπον,
1397 1297 1452 1324 τοῖς
1472 1304 1503 1323 τε
1526 1295 1589 1323 κατ’
1602 1295 1686 1322 αὑτοῦ
1703 1295 1735 1322 τὸ
1756 1295 1857 1330 πρότε-

1059 1352 1106 1380 ρον
1125 1342 1364 1378 ἐπεψηφισμένοις
1390 1341 1498 1369 ἀδικίαν
1510 1340 1639 1368 ἐπεκάλει
1653 1361 1661 1374 ,
1690 1340 1779 1367 καίτοι
1807 1341 1856 1367 καὶ

1056 1390 1119 1417 τότε
1139 1389 1174 1416 τά
1197 1388 1269 1423 ὑπὲρ
1286 1388 1334 1416 τοῦ
1355 1388 1502 1424 ἀνθρώπου
1525 1387 1785 1423 προπετευσάμενος
1805 1387 1857 1421 μὲν

1057 1434 1211 1470 πικρότατα
1228 1433 1250 1460 δ’
1267 1434 1342 1469 ὅμως
1358 1432 1572 1468 ἀποκρουσθεὶς,
1598 1433 1647 1459 καὶ
1669 1434 1720 1467 τῆς
1744 1441 1773 1458 τε
1789 1433 1855 1467 ἀρεο

1057 1481 1107 1516 τῆς
1119 1481 1200 1508 αὐτὸν
1217 1479 1372 1512 ἐπεθείαζε,
1386 1480 1497 1507 κάκεῖνο
1512 1481 1568 1511 τοῖς
1580 1479 1672 1513 λόγοις
1685 1477 1854 1514 προσετίθει,

1058 1529 1099 1555 ὄτι
1113 1528 1145 1563 δὴ
1161 1527 1296 1563 ἐτύγχανε
1310 1526 1401 1562 πολλῷ
1421 1526 1554 1562 πρότερον
1578 1526 1627 1562 τὴν
1642 1526 1672 1558 ἐς
1687 1525 1733 1552 τὸν
1756 1526 1855 1561 ἀρχιε-

1060 1575 1170 1611 ρατικὺν
1193 1575 1288 1610 θρόνον
1316 1573 1450 1602 ἀνάϐασιν
1477 1574 1527 1609 ἤδη
1551 1573 1738 1608 προαγγείλας
1766 1573 1855 1608 αὐτῷ.

1059 1623 1117 1650 Οὐκ
1133 1622 1235 1658 ἤρεσκε
1252 1622 1339 1650 ταῦτα
1354 1622 1411 1653 τοῖς
1426 1621 1534 1653 πολλοῖς
1544 1629 1552 1637 ·
1565 1621 1628 1648 ὅθεν
1640 1620 1688 1648 καὶ
1702 1621 1726 1647 οἱ
1743 1620 1793 1655 μὲν
1805 1621 1857 1646 αὑ-

1058 1667 1124 1701 τῶν,
1139 1668 1197 1695 ὅσοι
1213 1667 1335 1704 δηλονότι
1351 1667 1481 1702 ἐκήδοντο
1499 1665 1546 1692 τοῦ
1566 1666 1677 1701 Κοσμᾶ,
1693 1665 1856 1701 προσιόντες

1061 1715 1108 1742 ἐπὶ
1125 1713 1235 1750 σχολῆς·
1256 1723 1265 1739 ι
1283 1713 1315 1739 Τί
1337 1713 1449 1748 δήποτε,
1474 1709 1636 1747 ἔφασκον,ὧ
1660 1711 1716 1738 θεῖε
1740 1711 1855 1746 ποιμὴν,

1059 1761 1135 1795 λύκῳ
1159 1759 1299 1791 πιστεύεις
1321 1758 1436 1792 ἐαυτόν;
1453 1759 1489 1785 Ἦ
1511 1758 1561 1785 οὐκ
1586 1756 1660 1789 οἶδας
1684 1757 1722 1789 ὡς
1738 1756 1857 1783 ὑποϐλέ-

1061 1806 1141 1834 πεταί
1160 1815 1189 1833 σε
1212 1805 1257 1832 διὰ
1272 1805 1352 1832 τοῦτο
1370 1806 1401 1831 τὸ
1420 1805 1566 1840 ποίμνιον;
1596 1803 1785 1840 Ἀπορῤάγηθι
1804 1804 1857 1838 τῆς

1060 1850 1107 1880 τοῦ
1122 1852 1261 1887 λυμεῶνος
1287 1851 1441 1884 ξυναυλίας.
1454 1850 1548 1886 ’Δνδρὶ
1563 1851 1617 1886 γὰρ
1629 1850 1776 1886 ἀποῦλήτῳ
1791 1849 1857 1882 ξυν-

1060 1898 1214 1931 οικίζεσθαι
1254 1897 1399 1933 αὐτάρκης
1423 1896 1587 1932 κατηγορία.
1609 1905 1617 1922 ι
1636 1897 1666 1922 Ut
1692 1895 1741 1930 μὲν
1767 1895 1857 1922 ταῦτα

1060 1947 1109 1974 καὶ
1122 1946 1235 1972 τοιαῦτα
1249 1944 1341 1979 ἔλεγον
1353 1952 1361 1959 ”
1385 1944 1457 1975 ὅσοις
1472 1944 1500 1970 δὲ
1515 1943 1548 1970 δι’
1565 1942 1715 1978 ἀπεχθείας
1732 1943 1746 1969 ὁ
1760 1944 1857 1977 ἀρχιε-

1064 1992 1127 2028 ρεὺς
1141 1989 1185 2026 ἦν,
1202 1990 1359 2017 άπεὸοῶντο
1373 1988 1524 2025 διαρρήδην
1549 1988 1731 2015 ἐπεκαλοῦντό
1748 1997 1777 2014 τε
1792 1989 1858 2020 τοὺς

1061 2037 1130 2064 Θεοῦ
1144 2036 1191 2063 καὶ
1209 2035 1341 2072 βασιλέως
1360 2034 1529 2069 ὀφθαλμούς.
1550 2034 1579 2060 Ὁ
1595 2034 1622 2060 δὲ
1642 2034 1710 2060 ἀλλὰ
1731 2033 1787 2060 τῶν
1807 2034 1857 2069 μὲν

1062 2082 1203 2119 ὀλιγώρως
1228 2081 1286 2118 εἶχε
1318 2081 1487 2114 παντάπασι,
1506 2080 1553 2106 τοῦ
1575 2080 1604 2107 δὲ
1621 2080 1757 2115 Νήφωνος
1771 2079 1858 2116 ἀπρὶξ

1063 2130 1163 2165 εἴχετο,
1176 2129 1231 2156 οὐδ’
1249 2127 1282 2155 ἃν
1298 2128 1324 2155 at
1338 2136 1365 2154 τι
1381 2127 1429 2154 καὶ
1443 2127 1549 2161 γένοιτο
1572 2126 1744 2153 ἀποκλᾶσθαι
1761 2127 1858 2161 ἤθελεν

1064 2174 1148 2203 αὐτοῦ
1159 2182 1165 2190 ’
1183 2174 1278 2210 ἀμέλει
1293 2173 1339 2201 καὶ
1354 2173 1451 2200 ἔλαθεν
1473 2172 1570 2200 ἑαυτὸν
1590 2174 1624 2209 τῇ
1641 2173 1704 2200 λίαν
1722 2173 1857 2208 ἁπλότητι

1065 2223 1094 2249 ἐν
1107 2220 1138 2250 οὔ
1160 2219 1285 2256 μετρίοις
1308 2218 1470 2254 ζημιωθείς.
1493 2219 1572 2246 Ἐπεὶ
1594 2218 1661 2254 γοῦν
1684 2227 1761 2251 ποτε,
1779 2219 1859 2254 βασι-

1065 2269 1136 2299 λέως
1147 2266 1325 2295 κελεύσαντος
1342 2266 1438 2302 εἱρκτῇ
1467 2266 1514 2292 καὶ
1526 2265 1605 2297 αὖθις
1623 2265 1734 2300 δοθῆναι
1751 2266 1797 2293 τὸν
1811 2266 1858 2293 ἄν-

1067 2316 1188 2352 θρωπον,
1218 2314 1345 2350 παρῆσαν
1373 2313 1398 2340 οἱ
1428 2313 1524 2340 τοῦτον
1552 2313 1716 2345 ἀπάξοντες,
1746 2313 1775 2339 τὸ
1806 2313 1857 2348 μὲν

1063 2362 1172 2398 πρῶτον
1191 2360 1290 2397 μικροῦ
1314 2360 1361 2387 καὶ
1382 2360 1422 2392 εἰς
1439 2359 1560 2394 ἀφασίαν
1576 2359 1773 2393 ἐξεπεπτώκει,
1789 2359 1856 2386 ἀνα-

1062 2409 1210 2441 λεξάμενος
1225 2407 1254 2434 δὲ
1272 2407 1369 2433 ἑαυτὸν
1382 2406 1451 2440 πεζῇ
1473 2415 1502 2433 τε
1518 2406 1600 2441 μέχρι
1616 2406 1663 2432 καὶ
1678 2406 1724 2432 ἐπὶ
1738 2406 1788 2441 τὴν
1804 2405 1837 2432 αὖ
1849 2422 1855 2426 ο

1064 2455 1120 2481 λιον
1131 2453 1178 2480 τοῦ
1191 2452 1245 2479 νεὼ
1259 2452 1402 2488 παρελθὼν
1418 2452 1546 2486 ἀποσπᾷν
1563 2453 1699 2487 ἐπεχείρει
1711 2451 1767 2478 τῶν
1782 2452 1856 2478 ἀπα·

1064 2500 1167 2535 γόντων
1179 2499 1224 2526 τὸν
1237 2499 1391 2533 ἄνθρωπον.
1410 2497 1471 2525 Τῶν
1491 2498 1518 2524 δὲ
1535 2498 1585 2524 οὐκ
1600 2497 1758 2524 ἐνδιδόντων
1774 2498 1856 2530 ξυνα-

1064 2546 1204 2581 πάγεσθαι
1216 2545 1304 2580 τούτῳ
1316 2546 1366 2580 τὴν
1380 2544 1426 2571 ἐπὶ
1439 2544 1490 2580 τὴν
1509 2544 1622 2580 εἱρκτὴν
1644 2543 1738 2580 ἤθελε.
1754 2544 1856 2577 Στάσις

902 2605 951 2636 Du
967 2605 1079 2646 Cangii
1094 2608 1189 2637 notua.

258 2657 317 2693 (7‘7)
330 2658 435 2693 Κρίσει
450 2666 482 2685 τε
500 2657 662 2693 συνοδικῇ,
673 2657 788 2685 Exstant
803 2657 873 2693 apud
891 2657 1010 2685 Leonem

221 2692 361 2725 Allatium,
392 2695 410 2720 ι.
438 2702 457 2722 ιι
487 2694 525 2721 De
552 2693 620 2721 eccl.
645 2692 740 2721 Occid.
763 2697 791 2720 et
807 2692 912 2720 Orieut.
933 2700 1011 2727 perp.

221 2735 311 2764 cons.,
326 2736 351 2755 e.
368 2729 413 2762 l2,
429 2736 456 2764 p.
475 2729 537 2763 678,
552 2728 694 2764 synodalia
716 2728 827 2764 decreta
846 2727 904 2764 lata
918 2736 1012 2764 mense

222 2763 332 2791 Octobri
360 2772 406 2792 an.
426 2762 496 2793 MM
512 2771 539 2791 et
555 2762 650 2792 mense
664 2764 746 2791 Febr.
762 2763 832 2790 1145
850 2772 864 2789 a
879 2762 1011 2791 Michacle

223 2798 378 2832 patriarcha
401 2801 449 2835 Cp.
479 2802 506 2827 in
523 2799 676 2835 Niphoncm
702 2799 875 2835 Bogomilica:
899 2798 1012 2826 ltmresis

223 2841 311 2871 reum,
330 2842 384 2871 quo
410 2833 539 2871 lectorem
557 2833 760 2863 "aumindamus‘.
786 2833 856 2862 Vide
877 2839 1009 2871 praeterea

222 2868 325 2898 Novam
341 2870 471 2899 Biblioth.
492 2870 605 2904 Labbei,
619 2878 645 2903 [ι.
661 2871 721 2898 190.

1103 2657 1160 2692 (78)
1183 2657 1241 2684 Τόν
1266 2665 1298 2683 τε
1325 2656 1471 2691 Ἐϐραίων
1485 2656 1755 2690 ἀποπροσεποιεῖτο
1768 2655 1854 2684 Θεόν.

1063 2693 1128 2720 lntle
1143 2692 1316 2727 potissimum
1333 2693 1366 2718 de
1393 2692 1523 2725 religione
1540 2700 1622 2725 prave
1638 2692 1742 2719 sentire
1757 2692 1857 2727 (ἰυιιι-ετ

1064 2725 1166 2756 hensus
1183 2732 1226 2755 est
1241 2727 1361 2761 Niphon,
1383 2728 1454 2759 quod
1470 2728 1596 2754 adstante
1610 2727 1740 2754 universo
1755 2725 1854 2761 synodi

1064 2768 1137 2790 coetu
1161 2763 1288 2797 ἀνάθεμα
1312 2762 1352 2797 τῷ
1380 2762 1440 2797 Θεῷ
1469 2762 1525 2788 τῶν
1561 2762 1698 2796 Ἑϐραίων
1713 2761 1854 2788 etYulicril.

1065 2798 1228 2834 Synod.an.
1242 2797 1328 2834 ΗΜ»,
1338 2798 1404 2830 Quis
1417 2803 1506 2834 autem
1521 2797 1688 2834 Hebrtt‘orrtm
1704 2797 1771 2834 Deus
1784 2797 1856 2824 dica-

1066 2832 1131 2864 tur,
1154 2833 1215 2860 vide
1246 2833 1396 2869 Arnobiurn
1423 2833 1559 2869 iuniorem
1593 2833 1620 2860 iu
1647 2832 1779 2861 Couliictu
1794 2839 1856 2860 cum

1065 2869 1213 2900 Serapione
1229 2869 1246 2896 l.
1264 2876 1271 2895 ι
1288 2868 1375 2896 initio.
