  <div class='ocr_page' id='page_1' title='image "/cluster/home/n/w/nwhite01/storage/ocr_20150623/133/njp.32101007797895/199.png"; bbox 0 0 1962 3074; ppageno 0'>
   <div class='ocr_carea' id='block_1_1' title="bbox 223 130 277 161">
    <p class='ocr_par' dir='ltr' id='par_1_1' title="bbox 223 130 277 161">
     <span class='ocr_line' id='line_1_1' title="bbox 223 130 277 161; baseline 0.019 -1"><span class='ocrx_word' id='word_1_1' title='bbox 223 130 277 161; x_wconf 80' lang='lat'><strong>387</strong></span> 
     </span>
    </p>
   </div>
   <div class='ocr_carea' id='block_1_2' title="bbox 880 128 1228 162">
    <p class='ocr_par' dir='ltr' id='par_1_2' title="bbox 880 128 1228 162">
     <span class='ocr_line' id='line_1_2' title="bbox 880 128 1228 162; baseline -0.003 -2"><span class='ocrx_word' id='word_1_2' title='bbox 880 130 1042 161; x_wconf 80' lang='lat' dir='ltr'><strong>JOANNIS</strong></span> <span class='ocrx_word' id='word_1_3' title='bbox 1062 128 1228 162; x_wconf 80' lang='lat' dir='ltr'><strong>ClNNAMl</strong></span> 
     </span>
    </p>
   </div>
   <div class='ocr_carea' id='block_1_3' title="bbox 1805 130 1861 162">
    <p class='ocr_par' dir='ltr' id='par_1_3' title="bbox 1805 130 1861 162">
     <span class='ocr_line' id='line_1_3' title="bbox 1805 130 1861 162; baseline -0.018 0"><span class='ocrx_word' id='word_1_4' title='bbox 1805 130 1861 162; x_wconf 70' lang='lat'><strong>3&#39;38</strong></span> 
     </span>
    </p>
   </div>
   <div class='ocr_carea' id='block_1_4' title="bbox 220 183 1018 224">
    <p class='ocr_par' dir='ltr' id='par_1_4' title="bbox 220 183 1018 222">
     <span class='ocr_line' id='line_1_4' title="bbox 220 183 1018 222; baseline 0.001 -9"><span class='ocrx_word' id='word_1_5' title='bbox 220 187 267 222; x_wconf 84' lang='lat' dir='ltr'><strong>qui</strong></span> <span class='ocrx_word' id='word_1_6' title='bbox 285 191 405 214; x_wconf 85' lang='lat' dir='ltr'><strong>veterem</strong></span> <span class='ocrx_word' id='word_1_7' title='bbox 426 183 656 214; x_wconf 79' lang='lat' dir='ltr'><strong>circumfiabitant</strong></span> <span class='ocrx_word' id='word_1_8' title='bbox 676 187 805 219; x_wconf 84' lang='lat' dir='ltr'><strong>Romam,</strong></span> <span class='ocrx_word' id='word_1_9' title='bbox 827 186 973 222; x_wconf 84' lang='lat' dir='ltr'><strong>Brittiique</strong></span> <span class='ocrx_word' id='word_1_10' title='bbox 993 192 1018 214; x_wconf 87' lang='lat' dir='ltr'><strong>et</strong></span> 
     </span>
    </p>
   </div>
   <div class='ocr_carea' id='block_1_5' title="bbox 1074 183 1868 224">
    <p class='ocr_par' dir='ltr' id='par_1_5' title="bbox 1074 185 1868 224">
     <span class='ocr_line' id='line_1_5' title="bbox 1074 185 1868 224; baseline 0.001 -10"><span class='ocrx_word' id='word_1_11' title='bbox 1074 188 1122 214; x_wconf 78' lang='grc' dir='ltr'>ὅσα</span> <span class='ocrx_word' id='word_1_12' title='bbox 1156 187 1205 223; x_wconf 82' lang='grc' dir='ltr'>τὴν</span> <span class='ocrx_word' id='word_1_13' title='bbox 1237 186 1357 215; x_wconf 82' lang='grc' dir='ltr'>παλαιὰν</span> <span class='ocrx_word' id='word_1_14' title='bbox 1388 185 1593 222; x_wconf 81' lang='grc' dir='ltr'><strong>ἀμφινέμονται</strong></span> <span class='ocrx_word' id='word_1_15' title='bbox 1633 186 1756 222; x_wconf 82' lang='grc' dir='ltr'>Ῥώμην,</span> <span class='ocrx_word' id='word_1_16' title='bbox 1784 188 1868 224; x_wconf 87' lang='grc' dir='ltr'>Βρίτ-</span> 
     </span>
    </p>
   </div>
   <div class='ocr_carea' id='block_1_6' title="bbox 221 232 1021 267">
    <p class='ocr_par' dir='ltr' id='par_1_6' title="bbox 221 232 1021 267">
     <span class='ocr_line' id='line_1_6' title="bbox 221 232 1021 267; baseline 0.003 -7"><span class='ocrx_word' id='word_1_17' title='bbox 221 232 356 266; x_wconf 87' lang='lat' dir='ltr'><strong>Britanni,</strong></span> <span class='ocrx_word' id='word_1_18' title='bbox 388 237 471 267; x_wconf 89' lang='lat' dir='ltr'><strong>atque</strong></span> <span class='ocrx_word' id='word_1_19' title='bbox 498 233 571 261; x_wconf 82' lang='lat' dir='ltr'><strong>adeo</strong></span> <span class='ocrx_word' id='word_1_20' title='bbox 599 234 735 262; x_wconf 74' lang='lat' dir='ltr'><strong>universae</strong></span> <span class='ocrx_word' id='word_1_21' title='bbox 764 233 922 262; x_wconf 68' lang='lat' dir='ltr'><strong>Occidentis</strong></span> <span class='ocrx_word' id='word_1_22' title='bbox 947 234 1021 262; x_wconf 75' lang='lat' dir='ltr'><strong>vires</strong></span> 
     </span>
    </p>
   </div>
   <div class='ocr_carea' id='block_1_7' title="bbox 221 279 1019 315">
    <p class='ocr_par' dir='ltr' id='par_1_7' title="bbox 221 279 1019 315">
     <span class='ocr_line' id='line_1_7' title="bbox 221 279 1019 315; baseline 0.003 -8"><span class='ocrx_word' id='word_1_23' title='bbox 221 284 377 307; x_wconf 90' lang='lat' dir='ltr'><strong>moverunt.</strong></span> <span class='ocrx_word' id='word_1_24' title='bbox 407 279 503 307; x_wconf 65' lang='lat' dir='ltr'><strong>Tantae</strong></span> <span class='ocrx_word' id='word_1_25' title='bbox 527 280 711 315; x_wconf 69' lang='lat' dir='ltr'><strong>expeditionis</strong></span> <span class='ocrx_word' id='word_1_26' title='bbox 735 280 762 308; x_wconf 94' lang='lat' dir='ltr'><strong>in</strong></span> <span class='ocrx_word' id='word_1_27' title='bbox 790 281 908 315; x_wconf 84' lang='lat' dir='ltr'><strong>speciem</strong></span> <span class='ocrx_word' id='word_1_28' title='bbox 935 288 1019 309; x_wconf 83' lang='lat' dir='ltr'><strong>causa</strong></span> 
     </span>
    </p>
   </div>
   <div class='ocr_carea' id='block_1_8' title="bbox 221 325 1020 362">
    <p class='ocr_par' dir='ltr' id='par_1_8' title="bbox 221 325 1020 362">
     <span class='ocr_line' id='line_1_8' title="bbox 221 325 1020 362; baseline 0.003 -10"><span class='ocrx_word' id='word_1_29' title='bbox 221 326 281 353; x_wconf 62' lang='lat' dir='ltr'><strong>haec</strong></span> <span class='ocrx_word' id='word_1_30' title='bbox 294 325 441 358; x_wconf 73' lang='lat' dir='ltr'><strong>ferebatur,</strong></span> <span class='ocrx_word' id='word_1_31' title='bbox 458 331 488 353; x_wconf 92' lang='lat' dir='ltr'><strong>ut</strong></span> <span class='ocrx_word' id='word_1_32' title='bbox 504 334 537 354; x_wconf 86' lang='lat' dir='ltr'><strong>ex</strong></span> <span class='ocrx_word' id='word_1_33' title='bbox 558 325 667 361; x_wconf 85' lang='lat' dir='ltr'><strong>Europa</strong></span> <span class='ocrx_word' id='word_1_34' title='bbox 691 327 718 354; x_wconf 93' lang='lat' dir='ltr'><strong>in</strong></span> <span class='ocrx_word' id='word_1_35' title='bbox 740 327 833 354; x_wconf 84' lang='lat' dir='ltr'><strong>Asiam</strong></span> <span class='ocrx_word' id='word_1_36' title='bbox 848 327 1020 362; x_wconf 86' lang='lat' dir='ltr'><strong>trajicerent,</strong></span> 
     </span>
    </p>
   </div>
   <div class='ocr_carea' id='block_1_9' title="bbox 221 372 1021 408">
    <p class='ocr_par' dir='ltr' id='par_1_9' title="bbox 221 372 1021 408">
     <span class='ocr_line' id='line_1_9' title="bbox 221 372 1021 408; baseline -0.001 -7"><span class='ocrx_word' id='word_1_37' title='bbox 221 373 439 408; x_wconf 87' lang='lat' dir='ltr'><strong>dimicarentque</strong></span> <span class='ocrx_word' id='word_1_38' title='bbox 451 380 513 400; x_wconf 89' lang='lat' dir='ltr'><strong>cum</strong></span> <span class='ocrx_word' id='word_1_39' title='bbox 531 374 619 401; x_wconf 85' lang='lat' dir='ltr'><strong>obviis</strong></span> <span class='ocrx_word' id='word_1_40' title='bbox 636 372 739 406; x_wconf 85' lang='lat' dir='ltr'><strong>Persis,</strong></span> <span class='ocrx_word' id='word_1_41' title='bbox 756 373 873 408; x_wconf 82' lang='lat' dir='ltr'><strong>indeque</strong></span> <span class='ocrx_word' id='word_1_42' title='bbox 889 373 1021 400; x_wconf 77' lang='lat' dir='ltr'><strong>in&#39;Palae-</strong></span> 
     </span>
    </p>
   </div>
   <div class='ocr_carea' id='block_1_10' title="bbox 221 419 1020 454">
    <p class='ocr_par' dir='ltr' id='par_1_10' title="bbox 221 419 1020 454">
     <span class='ocr_line' id='line_1_10' title="bbox 221 419 1020 454; baseline 0.003 -9"><span class='ocrx_word' id='word_1_43' title='bbox 221 419 320 446; x_wconf 85' lang='lat' dir='ltr'><strong>stinam</strong></span> <span class='ocrx_word' id='word_1_44' title='bbox 340 419 548 452; x_wconf 89' lang='lat' dir='ltr'><strong>contenderent,</strong></span> <span class='ocrx_word' id='word_1_45' title='bbox 567 419 695 454; x_wconf 89' lang='lat' dir='ltr'><strong>templum</strong></span> <span class='ocrx_word' id='word_1_46' title='bbox 714 419 883 446; x_wconf 88' lang='lat' dir='ltr'><strong>Dominicum</strong></span> <span class='ocrx_word' id='word_1_47' title='bbox 904 419 1020 454; x_wconf 87' lang='lat' dir='ltr'><strong>locaque</strong></span> 
     </span>
    </p>
   </div>
   <div class='ocr_carea' id='block_1_11' title="bbox 222 465 1022 501">
    <p class='ocr_par' dir='ltr' id='par_1_11' title="bbox 222 465 1022 501">
     <span class='ocr_line' id='line_1_11' title="bbox 222 465 1022 501; baseline -0.001 -8"><span class='ocrx_word' id='word_1_48' title='bbox 222 470 398 494; x_wconf 84' lang='lat' dir='ltr'><strong>sacrosancta</strong></span> <span class='ocrx_word' id='word_1_49' title='bbox 419 466 572 493; x_wconf 84' lang='lat' dir='ltr'><strong>lustratnri.</strong></span> <span class='ocrx_word' id='word_1_50' title='bbox 590 466 724 494; x_wconf 79' lang='lat' dir='ltr'><strong>Caeterum</strong></span> <span class='ocrx_word' id='word_1_51' title='bbox 739 474 803 493; x_wconf 84' lang='lat' dir='ltr'><strong>vera</strong></span> <span class='ocrx_word' id='word_1_52' title='bbox 821 466 901 501; x_wconf 83' lang='lat' dir='ltr'><strong>hujus</strong></span> <span class='ocrx_word' id='word_1_53' title='bbox 912 465 1022 501; x_wconf 86' lang='lat' dir='ltr'><strong>profec-</strong></span> 
     </span>
    </p>
   </div>
   <div class='ocr_carea' id='block_1_12' title="bbox 221 511 1021 545">
    <p class='ocr_par' dir='ltr' id='par_1_12' title="bbox 221 511 1021 545">
     <span class='ocr_line' id='line_1_12' title="bbox 221 511 1021 545; baseline -0.001 -6"><span class='ocrx_word' id='word_1_54' title='bbox 221 512 304 540; x_wconf 82' lang='lat' dir='ltr'><strong>tionis</strong></span> <span class='ocrx_word' id='word_1_55' title='bbox 327 519 408 539; x_wconf 86' lang='lat' dir='ltr'><strong>causa</strong></span> <span class='ocrx_word' id='word_1_56' title='bbox 427 511 489 545; x_wconf 84' lang='lat' dir='ltr'><strong>fuit,</strong></span> <span class='ocrx_word' id='word_1_57' title='bbox 508 516 539 539; x_wconf 89' lang='lat' dir='ltr'><strong>ut</strong></span> <span class='ocrx_word' id='word_1_58' title='bbox 559 513 586 540; x_wconf 93' lang='lat' dir='ltr'><strong>in</strong></span> <span class='ocrx_word' id='word_1_59' title='bbox 605 512 719 539; x_wconf 92' lang='lat' dir='ltr'><strong>transitu</strong></span> <span class='ocrx_word' id='word_1_60' title='bbox 743 512 928 539; x_wconf 81' lang='lat' dir='ltr'><strong>Romanorum</strong></span> <span class='ocrx_word' id='word_1_61' title='bbox 949 511 1021 539; x_wconf 87' lang='lat' dir='ltr'><strong>infe-</strong></span> 
     </span>
    </p>
   </div>
   <div class='ocr_carea' id='block_1_13' title="bbox 220 556 1022 592">
    <p class='ocr_par' dir='ltr' id='par_1_13' title="bbox 220 556 1022 592">
     <span class='ocr_line' id='line_1_13' title="bbox 220 556 1022 592; baseline -0.001 -7"><span class='ocrx_word' id='word_1_62' title='bbox 220 562 327 585; x_wconf 84' lang='lat' dir='ltr'><strong>starent</strong></span> <span class='ocrx_word' id='word_1_63' title='bbox 349 565 439 592; x_wconf 76' lang='lat' dir='ltr'><strong>agros,</strong></span> <span class='ocrx_word' id='word_1_64' title='bbox 458 563 485 585; x_wconf 87' lang='lat' dir='ltr'><strong>et</strong></span> <span class='ocrx_word' id='word_1_65' title='bbox 506 557 585 585; x_wconf 90' lang='lat' dir='ltr'><strong>obvia</strong></span> <span class='ocrx_word' id='word_1_66' title='bbox 609 564 724 592; x_wconf 69' lang='lat' dir='ltr'><strong>quaeque</strong></span> <span class='ocrx_word' id='word_1_67' title='bbox 747 561 912 585; x_wconf 86' lang='lat' dir='ltr'><strong>everterent.</strong></span> <span class='ocrx_word' id='word_1_68' title='bbox 939 556 1022 584; x_wconf 86' lang='lat' dir='ltr'><strong>innu-</strong></span> 
     </span>
    </p>
   </div>
   <div class='ocr_carea' id='block_1_14' title="bbox 220 603 1021 638">
    <p class='ocr_par' dir='ltr' id='par_1_14' title="bbox 220 603 1021 638">
     <span class='ocr_line' id='line_1_14' title="bbox 220 603 1021 638; baseline -0.001 -7"><span class='ocrx_word' id='word_1_69' title='bbox 220 611 314 631; x_wconf 88' lang='lat' dir='ltr'><strong>merus</strong></span> <span class='ocrx_word' id='word_1_70' title='bbox 336 608 427 631; x_wconf 88' lang='lat' dir='ltr'><strong>autem</strong></span> <span class='ocrx_word' id='word_1_71' title='bbox 452 603 560 631; x_wconf 92' lang='lat' dir='ltr'><strong>illorum</strong></span> <span class='ocrx_word' id='word_1_72' title='bbox 583 608 644 631; x_wconf 86' lang='lat' dir='ltr'><strong>erat</strong></span> <span class='ocrx_word' id='word_1_73' title='bbox 666 603 815 631; x_wconf 85' lang='lat' dir='ltr'><strong>exercitus.</strong></span> <span class='ocrx_word' id='word_1_74' title='bbox 839 604 874 629; x_wconf 89' lang='lat' dir='ltr'><strong>At</strong></span> <span class='ocrx_word' id='word_1_75' title='bbox 897 603 941 630; x_wconf 90' lang='lat' dir='ltr'><strong>ubi</strong></span> <span class='ocrx_word' id='word_1_76' title='bbox 964 603 1021 638; x_wconf 80' lang='lat' dir='ltr'><strong>jam</strong></span> 
     </span>
    </p>
   </div>
   <div class='ocr_carea' id='block_1_15' title="bbox 219 649 1022 685">
    <p class='ocr_par' dir='ltr' id='par_1_15' title="bbox 219 649 1022 685">
     <span class='ocr_line' id='line_1_15' title="bbox 219 649 1022 685; baseline -0.001 -8"><span class='ocrx_word' id='word_1_77' title='bbox 219 650 360 685; x_wconf 90' lang='lat' dir='ltr'><strong>proximos</strong></span> <span class='ocrx_word' id='word_1_78' title='bbox 385 657 445 677; x_wconf 85' lang='lat' dir='ltr'><strong>esse</strong></span> <span class='ocrx_word' id='word_1_79' title='bbox 469 649 662 685; x_wconf 77' lang='lat' dir='ltr'><strong>Hungarorum</strong></span> <span class='ocrx_word' id='word_1_80' title='bbox 690 650 789 678; x_wconf 88' lang='lat' dir='ltr'><strong>finibus</strong></span> <span class='ocrx_word' id='word_1_81' title='bbox 812 650 923 678; x_wconf 84' lang='lat' dir='ltr'><strong>rescivit</strong></span> <span class='ocrx_word' id='word_1_82' title='bbox 945 651 1022 685; x_wconf 87' lang='lat' dir='ltr'><strong>priu-</strong></span> 
     </span>
    </p>
   </div>
   <div class='ocr_carea' id='block_1_16' title="bbox 220 696 1023 731">
    <p class='ocr_par' dir='ltr' id='par_1_16' title="bbox 220 696 1023 731">
     <span class='ocr_line' id='line_1_16' title="bbox 220 696 1023 731; baseline -0.002 -6"><span class='ocrx_word' id='word_1_83' title='bbox 220 704 305 731; x_wconf 83' lang='lat' dir='ltr'><strong>ccps,</strong></span> <span class='ocrx_word' id='word_1_84' title='bbox 341 696 510 724; x_wconf 85' lang='lat' dir='ltr'><strong>Demetrium</strong></span> <span class='ocrx_word' id='word_1_85' title='bbox 534 697 679 731; x_wconf 89' lang='lat' dir='ltr'><strong>quemdam</strong></span> <span class='ocrx_word' id='word_1_86' title='bbox 708 697 939 725; x_wconf 84' lang='lat' dir='ltr'><strong>Macrembolitem</strong></span> <span class='ocrx_word' id='word_1_87' title='bbox 956 717 963 730; x_wconf 94' lang='lat'><strong>,</strong></span> <span class='ocrx_word' id='word_1_88' title='bbox 995 701 1023 724; x_wconf 90' lang='lat' dir='ltr'><strong>et</strong></span> 
     </span>
    </p>
   </div>
   <div class='ocr_carea' id='block_1_17' title="bbox 220 741 1022 777">
    <p class='ocr_par' dir='ltr' id='par_1_17' title="bbox 220 741 1022 777">
     <span class='ocr_line' id='line_1_17' title="bbox 220 741 1022 777; baseline 0.001 -8"><span class='ocrx_word' id='word_1_89' title='bbox 220 742 404 769; x_wconf 78' lang='lat' dir='ltr'><strong>Alexandrum</strong></span> <span class='ocrx_word' id='word_1_90' title='bbox 422 746 503 777; x_wconf 83' lang='lat' dir='ltr'><strong>gente</strong></span> <span class='ocrx_word' id='word_1_91' title='bbox 517 741 626 775; x_wconf 82' lang='lat' dir='ltr'><strong>italum,</strong></span> <span class='ocrx_word' id='word_1_92' title='bbox 643 742 770 770; x_wconf 61' lang='lat' dir='ltr'><strong>Gravina</strong></span> <span class='ocrx_word' id='word_1_93' title='bbox 790 743 907 770; x_wconf 78' lang='lat' dir='ltr'><strong>civitatis</strong></span> <span class='ocrx_word' id='word_1_94' title='bbox 922 742 1022 770; x_wconf 65' lang='lat' dir='ltr'><strong>Italica:</strong></span> 
     </span>
    </p>
   </div>
   <div class='ocr_carea' id='block_1_18' title="bbox 220 788 1022 825">
    <p class='ocr_par' dir='ltr' id='par_1_18' title="bbox 220 788 1022 825">
     <span class='ocr_line' id='line_1_18' title="bbox 220 788 1022 825; baseline 0 -9"><span class='ocrx_word' id='word_1_95' title='bbox 220 788 286 816; x_wconf 82' lang='lat' dir='ltr'><strong>olim</strong></span> <span class='ocrx_word' id='word_1_96' title='bbox 302 788 442 821; x_wconf 85' lang='lat' dir='ltr'><strong>comitem,</strong></span> <span class='ocrx_word' id='word_1_97' title='bbox 461 788 563 823; x_wconf 87' lang='lat' dir='ltr'><strong>quique</strong></span> <span class='ocrx_word' id='word_1_98' title='bbox 578 796 592 816; x_wconf 89' lang='lat' dir='ltr'><strong>a</strong></span> <span class='ocrx_word' id='word_1_99' title='bbox 614 789 714 816; x_wconf 59' lang='lat' dir='ltr'><strong>Sicilia</strong></span> <span class='ocrx_word' id='word_1_100' title='bbox 730 794 844 825; x_wconf 86' lang='lat' dir='ltr'><strong>tyranno</strong></span> <span class='ocrx_word' id='word_1_101' title='bbox 860 796 921 816; x_wconf 92' lang='lat' dir='ltr'><strong>cum</strong></span> <span class='ocrx_word' id='word_1_102' title='bbox 944 796 1022 816; x_wconf 89' lang='lat' dir='ltr'><strong>com-</strong></span> 
     </span>
    </p>
   </div>
   <div class='ocr_carea' id='block_1_19' title="bbox 221 834 1022 870">
    <p class='ocr_par' dir='ltr' id='par_1_19' title="bbox 221 834 1022 870">
     <span class='ocr_line' id='line_1_19' title="bbox 221 834 1022 870; baseline 0.001 -9"><span class='ocrx_word' id='word_1_103' title='bbox 221 835 346 870; x_wconf 83' lang='lat' dir='ltr'><strong>pluribus</strong></span> <span class='ocrx_word' id='word_1_104' title='bbox 366 834 426 862; x_wconf 87' lang='lat' dir='ltr'><strong>aliis</strong></span> <span class='ocrx_word' id='word_1_105' title='bbox 445 836 664 870; x_wconf 84' lang='lat' dir='ltr'><strong>possessionibus</strong></span> <span class='ocrx_word' id='word_1_106' title='bbox 681 835 738 863; x_wconf 76' lang='lat' dir='ltr'><strong>suis</strong></span> <span class='ocrx_word' id='word_1_107' title='bbox 757 841 867 868; x_wconf 90' lang='lat' dir='ltr'><strong>exutus,</strong></span> <span class='ocrx_word' id='word_1_108' title='bbox 886 836 919 863; x_wconf 88' lang='lat' dir='ltr'><strong>ad</strong></span> <span class='ocrx_word' id='word_1_109' title='bbox 936 835 1022 870; x_wconf 80' lang='lat' dir='ltr'><strong>impe-</strong></span> 
     </span>
    </p>
   </div>
   <div class='ocr_carea' id='block_1_20' title="bbox 1071 232 1869 270">
    <p class='ocr_par' dir='ltr' id='par_1_20' title="bbox 1071 232 1869 270">
     <span class='ocr_line' id='line_1_20' title="bbox 1071 232 1869 270; baseline 0.001 -9"><span class='ocrx_word' id='word_1_110' title='bbox 1071 233 1124 261; x_wconf 79' lang='grc' dir='ltr'>τιοί</span> <span class='ocrx_word' id='word_1_111' title='bbox 1141 233 1198 270; x_wconf 91' lang='grc'><strong>(81)</strong></span> <span class='ocrx_word' id='word_1_112' title='bbox 1214 242 1245 260; x_wconf 88' lang='grc' dir='ltr'><strong>τε</strong></span> <span class='ocrx_word' id='word_1_113' title='bbox 1260 233 1306 261; x_wconf 76' lang='grc' dir='ltr'>καὶ</span> <span class='ocrx_word' id='word_1_114' title='bbox 1323 233 1453 270; x_wconf 78' lang='grc' dir='ltr'>Βρετανοὶ</span> <span class='ocrx_word' id='word_1_115' title='bbox 1469 234 1517 260; x_wconf 84' lang='grc' dir='ltr'>καὶ</span> <span class='ocrx_word' id='word_1_116' title='bbox 1538 232 1612 260; x_wconf 80' lang='grc' dir='ltr'>ἅπαν</span> <span class='ocrx_word' id='word_1_117' title='bbox 1628 232 1722 266; x_wconf 84' lang='grc' dir='ltr'>ἁπλῶς</span> <span class='ocrx_word' id='word_1_118' title='bbox 1741 233 1772 260; x_wconf 83' lang='grc' dir='ltr'><strong>τὸ</strong></span> <span class='ocrx_word' id='word_1_119' title='bbox 1785 234 1869 262; x_wconf 59' lang='lat' dir='ltr'><strong>scati-</strong></span> 
     </span>
    </p>
   </div>
   <div class='ocr_carea' id='block_1_21' title="bbox 1072 278 1871 316">
    <p class='ocr_par' dir='ltr' id='par_1_21' title="bbox 1072 278 1871 316">
     <span class='ocr_line' id='line_1_21' title="bbox 1072 278 1871 316; baseline 0 -9"><span class='ocrx_word' id='word_1_120' title='bbox 1072 289 1130 316; x_wconf 88' lang='grc' dir='ltr'>ριον</span> <span class='ocrx_word' id='word_1_121' title='bbox 1146 280 1291 316; x_wconf 78' lang='grc' dir='ltr'>ἐκεκίνητο</span> <span class='ocrx_word' id='word_1_122' title='bbox 1314 280 1427 315; x_wconf 78' lang='grc' dir='ltr'>κράτος,</span> <span class='ocrx_word' id='word_1_123' title='bbox 1444 279 1517 313; x_wconf 78' lang='grc' dir='ltr'>λόγῳ</span> <span class='ocrx_word' id='word_1_124' title='bbox 1541 279 1591 315; x_wconf 76' lang='grc' dir='ltr'>μὲν</span> <span class='ocrx_word' id='word_1_125' title='bbox 1615 278 1655 314; x_wconf 85' lang='grc' dir='ltr'><strong>τῷ</strong></span> <span class='ocrx_word' id='word_1_126' title='bbox 1676 279 1816 316; x_wconf 79' lang='grc' dir='ltr'><strong>προχείρῳ</strong></span> <span class='ocrx_word' id='word_1_127' title='bbox 1831 281 1871 313; x_wconf 85' lang='grc' dir='ltr'>ὡς</span> 
     </span>
    </p>
   </div>
   <div class='ocr_carea' id='block_1_22' title="bbox 1070 326 1871 362">
    <p class='ocr_par' dir='ltr' id='par_1_22' title="bbox 1070 326 1871 362">
     <span class='ocr_line' id='line_1_22' title="bbox 1070 326 1871 362; baseline 0.001 -9"><span class='ocrx_word' id='word_1_128' title='bbox 1070 327 1103 359; x_wconf 69' lang='grc' dir='ltr'><strong>ἐξ</strong></span> <span class='ocrx_word' id='word_1_129' title='bbox 1121 327 1259 362; x_wconf 74' lang='grc' dir='ltr'>Εὐρώπης</span> <span class='ocrx_word' id='word_1_130' title='bbox 1273 327 1321 354; x_wconf 78' lang='grc' dir='ltr'><strong>ἐπὶ</strong></span> <span class='ocrx_word' id='word_1_131' title='bbox 1331 327 1381 362; x_wconf 86' lang='grc' dir='ltr'>τὴν</span> <span class='ocrx_word' id='word_1_132' title='bbox 1402 327 1495 353; x_wconf 77' lang='grc' dir='ltr'>Ἀσίαν</span> <span class='ocrx_word' id='word_1_133' title='bbox 1512 326 1691 362; x_wconf 74' lang='grc' dir='ltr'>διαϐήσονται</span> <span class='ocrx_word' id='word_1_134' title='bbox 1707 327 1829 362; x_wconf 77' lang='grc' dir='ltr'><strong>Πέρσαις</strong></span> <span class='ocrx_word' id='word_1_135' title='bbox 1840 336 1871 354; x_wconf 91' lang='grc' dir='ltr'><strong>τε</strong></span> 
     </span>
    </p>
   </div>
   <div class='ocr_carea' id='block_1_23' title="bbox 1068 372 1873 410">
    <p class='ocr_par' dir='ltr' id='par_1_23' title="bbox 1068 372 1873 410">
     <span class='ocr_line' id='line_1_23' title="bbox 1068 372 1873 410; baseline 0 -10"><span class='ocrx_word' id='word_1_136' title='bbox 1068 373 1262 408; x_wconf 77' lang='grc' dir='ltr'><strong>μαχησόμενοι</strong></span> <span class='ocrx_word' id='word_1_137' title='bbox 1272 374 1329 405; x_wconf 84' lang='grc' dir='ltr'>τοῖς</span> <span class='ocrx_word' id='word_1_138' title='bbox 1343 373 1420 408; x_wconf 83' lang='grc' dir='ltr'>παρὰ</span> <span class='ocrx_word' id='word_1_139' title='bbox 1435 372 1519 405; x_wconf 86' lang='grc' dir='ltr'>πόδας</span> <span class='ocrx_word' id='word_1_140' title='bbox 1533 373 1581 399; x_wconf 74' lang='grc' dir='ltr'>καὶ</span> <span class='ocrx_word' id='word_1_141' title='bbox 1594 373 1641 399; x_wconf 65' lang='grc' dir='ltr'><strong>τὸν</strong></span> <span class='ocrx_word' id='word_1_142' title='bbox 1654 373 1683 399; x_wconf 80' lang='grc' dir='ltr'>ὲν</span> <span class='ocrx_word' id='word_1_143' title='bbox 1701 373 1873 410; x_wconf 75' lang='grc' dir='ltr'><strong>Παλαιστίνῃ</strong></span> 
     </span>
    </p>
   </div>
   <div class='ocr_carea' id='block_1_24' title="bbox 1072 419 1870 455">
    <p class='ocr_par' dir='ltr' id='par_1_24' title="bbox 1072 419 1870 455">
     <span class='ocr_line' id='line_1_24' title="bbox 1072 419 1870 455; baseline -0.001 -8"><span class='ocrx_word' id='word_1_144' title='bbox 1072 419 1297 455; x_wconf 78' lang='grc' dir='ltr'><strong>καταληψόμενοι</strong></span> <span class='ocrx_word' id='word_1_145' title='bbox 1313 419 1383 446; x_wconf 86' lang='grc' dir='ltr'>νεὼν</span> <span class='ocrx_word' id='word_1_146' title='bbox 1401 419 1501 451; x_wconf 86' lang='grc' dir='ltr'><strong>τόπους</strong></span> <span class='ocrx_word' id='word_1_147' title='bbox 1522 428 1553 446; x_wconf 89' lang='grc' dir='ltr'><strong>τε</strong></span> <span class='ocrx_word' id='word_1_148' title='bbox 1569 419 1633 452; x_wconf 84' lang='grc' dir='ltr'>τοὺς</span> <span class='ocrx_word' id='word_1_149' title='bbox 1647 419 1740 455; x_wconf 68' lang='grc' dir='ltr'>ἱεροὺς</span> <span class='ocrx_word' id='word_1_150' title='bbox 1755 420 1870 455; x_wconf 75' lang='grc' dir='ltr'>ιστορή-</span> 
     </span>
    </p>
   </div>
   <div class='ocr_carea' id='block_1_25' title="bbox 1073 465 1872 502">
    <p class='ocr_par' dir='ltr' id='par_1_25' title="bbox 1073 465 1872 502">
     <span class='ocr_line' id='line_1_25' title="bbox 1073 465 1872 502; baseline -0.001 -9"><span class='ocrx_word' id='word_1_151' title='bbox 1073 474 1181 498; x_wconf 86' lang='grc' dir='ltr'>σοντες,</span> <span class='ocrx_word' id='word_1_152' title='bbox 1194 468 1228 502; x_wconf 82' lang='grc' dir='ltr'><strong>τῇ</strong></span> <span class='ocrx_word' id='word_1_153' title='bbox 1246 474 1278 500; x_wconf 89' lang='grc' dir='ltr'><strong>γε</strong></span> <span class='ocrx_word' id='word_1_154' title='bbox 1301 466 1355 502; x_wconf 83' lang='grc' dir='ltr'>μὴν</span> <span class='ocrx_word' id='word_1_155' title='bbox 1371 465 1487 501; x_wconf 73' lang='grc' dir='ltr'>ἀληθείᾳ</span> <span class='ocrx_word' id='word_1_156' title='bbox 1510 466 1547 497; x_wconf 84' lang='grc' dir='ltr'>ὡς</span> <span class='ocrx_word' id='word_1_157' title='bbox 1562 465 1612 501; x_wconf 82' lang='grc' dir='ltr'>τήν</span> <span class='ocrx_word' id='word_1_158' title='bbox 1638 474 1669 492; x_wconf 83' lang='grc' dir='ltr'><strong>τε</strong></span> <span class='ocrx_word' id='word_1_159' title='bbox 1685 465 1780 501; x_wconf 84' lang='grc' dir='ltr'>χώραν</span> <span class='ocrx_word' id='word_1_160' title='bbox 1799 465 1872 492; x_wconf 81' lang='grc' dir='ltr'><strong>Ῥω-</strong></span> 
     </span>
    </p>
   </div>
   <div class='ocr_carea' id='block_1_26' title="bbox 1075 511 1873 549">
    <p class='ocr_par' dir='ltr' id='par_1_26' title="bbox 1075 511 1873 549">
     <span class='ocr_line' id='line_1_26' title="bbox 1075 511 1873 549; baseline -0.001 -9"><span class='ocrx_word' id='word_1_161' title='bbox 1075 513 1163 549; x_wconf 90' lang='grc' dir='ltr'>μαίων</span> <span class='ocrx_word' id='word_1_162' title='bbox 1183 512 1213 545; x_wconf 80' lang='grc' dir='ltr'><strong>ἐξ</strong></span> <span class='ocrx_word' id='word_1_163' title='bbox 1239 512 1336 547; x_wconf 78' lang='grc' dir='ltr'>ἐφόδου</span> <span class='ocrx_word' id='word_1_164' title='bbox 1348 513 1510 545; x_wconf 78' lang='grc' dir='ltr'>καθέξοντες</span> <span class='ocrx_word' id='word_1_165' title='bbox 1532 511 1629 539; x_wconf 81' lang='grc' dir='ltr'>καὶτὰ</span> <span class='ocrx_word' id='word_1_166' title='bbox 1652 513 1682 538; x_wconf 78' lang='grc' dir='ltr'>ἐν</span> <span class='ocrx_word' id='word_1_167' title='bbox 1706 512 1770 539; x_wconf 81' lang='grc' dir='ltr'>ποσὶ</span> <span class='ocrx_word' id='word_1_168' title='bbox 1785 520 1873 539; x_wconf 82' lang='grc' dir='ltr'>κατα-</span> 
     </span>
    </p>
   </div>
   <div class='ocr_carea' id='block_1_27' title="bbox 1073 557 1872 595">
    <p class='ocr_par' dir='ltr' id='par_1_27' title="bbox 1073 557 1872 595">
     <span class='ocr_line' id='line_1_27' title="bbox 1073 557 1872 595; baseline -0.003 -9"><span class='ocrx_word' id='word_1_169' title='bbox 1073 559 1246 595; x_wconf 83' lang='grc' dir='ltr'>στρέψοντες.</span> <span class='ocrx_word' id='word_1_170' title='bbox 1281 557 1337 586; x_wconf 87' lang='grc' dir='ltr'>Ἦν</span> <span class='ocrx_word' id='word_1_171' title='bbox 1372 559 1402 586; x_wconf 83' lang='grc' dir='ltr'>δὲ</span> <span class='ocrx_word' id='word_1_172' title='bbox 1434 559 1529 590; x_wconf 80' lang='grc' dir='ltr'>αὐτοῖς</span> <span class='ocrx_word' id='word_1_173' title='bbox 1562 559 1578 594; x_wconf 82' lang='grc' dir='ltr'><strong>ἡ</strong></span> <span class='ocrx_word' id='word_1_174' title='bbox 1602 558 1720 594; x_wconf 80' lang='grc' dir='ltr'>στρατιὰ</span> <span class='ocrx_word' id='word_1_175' title='bbox 1750 557 1872 593; x_wconf 80' lang='grc' dir='ltr'>ἀριθμοῦ</span> 
     </span>
    </p>
   </div>
   <div class='ocr_carea' id='block_1_28' title="bbox 1073 603 1874 640">
    <p class='ocr_par' dir='ltr' id='par_1_28' title="bbox 1073 603 1874 640">
     <span class='ocr_line' id='line_1_28' title="bbox 1073 603 1874 640; baseline -0.001 -9"><span class='ocrx_word' id='word_1_176' title='bbox 1073 605 1220 640; x_wconf 82' lang='grc' dir='ltr'>κρείσσων.</span> <span class='ocrx_word' id='word_1_177' title='bbox 1237 604 1372 636; x_wconf 76' lang='grc' dir='ltr'>Βασιλεὺς</span> <span class='ocrx_word' id='word_1_178' title='bbox 1395 604 1424 631; x_wconf 83' lang='grc' dir='ltr'>δὲ</span> <span class='ocrx_word' id='word_1_179' title='bbox 1446 603 1541 639; x_wconf 74' lang='grc' dir='ltr'>ἐπειδὴ</span> <span class='ocrx_word' id='word_1_180' title='bbox 1562 604 1680 638; x_wconf 84' lang='grc' dir='ltr'>ἄγχιστα</span> <span class='ocrx_word' id='word_1_181' title='bbox 1700 603 1754 630; x_wconf 88' lang='grc' dir='ltr'><strong>τῶν</strong></span> <span class='ocrx_word' id='word_1_182' title='bbox 1776 603 1874 631; x_wconf 83' lang='grc' dir='ltr'>Οὐννι-</span> 
     </span>
    </p>
   </div>
   <div class='ocr_carea' id='block_1_29' title="bbox 1073 649 1874 687">
    <p class='ocr_par' dir='ltr' id='par_1_29' title="bbox 1073 649 1874 687">
     <span class='ocr_line' id='line_1_29' title="bbox 1073 649 1874 687; baseline -0.002 -9"><span class='ocrx_word' id='word_1_183' title='bbox 1073 651 1130 678; x_wconf 81' lang='grc' dir='ltr'><strong>κῶν</strong></span> <span class='ocrx_word' id='word_1_184' title='bbox 1159 651 1243 687; x_wconf 84' lang='grc' dir='ltr'>ὁρίων</span> <span class='ocrx_word' id='word_1_185' title='bbox 1270 651 1414 686; x_wconf 85' lang='grc' dir='ltr'>γεγονέναι</span> <span class='ocrx_word' id='word_1_186' title='bbox 1438 650 1556 677; x_wconf 74' lang='grc' dir='ltr'>ἐπύθετο</span> <span class='ocrx_word' id='word_1_187' title='bbox 1583 649 1707 683; x_wconf 83' lang='grc' dir='ltr'>τούτους,</span> <span class='ocrx_word' id='word_1_188' title='bbox 1739 650 1874 683; x_wconf 75' lang='grc' dir='ltr'>πρέσϐεις</span> 
     </span>
    </p>
   </div>
   <div class='ocr_carea' id='block_1_30' title="bbox 1074 696 1875 734">
    <p class='ocr_par' dir='ltr' id='par_1_30' title="bbox 1074 696 1875 734">
     <span class='ocr_line' id='line_1_30' title="bbox 1074 696 1875 734; baseline -0.001 -10"><span class='ocrx_word' id='word_1_189' title='bbox 1074 697 1183 724; x_wconf 77' lang='grc' dir='ltr'>ἔστελλε</span> <span class='ocrx_word' id='word_1_190' title='bbox 1197 697 1228 734; x_wconf 87' lang='grc' dir='ltr'><strong>[Ρ</strong></span> <span class='ocrx_word' id='word_1_191' title='bbox 1247 697 1473 734; x_wconf 82' lang='grc' dir='ltr'>58],Δημήτριόν</span> <span class='ocrx_word' id='word_1_192' title='bbox 1499 697 1531 724; x_wconf 77' lang='grc' dir='ltr'>τέ</span> <span class='ocrx_word' id='word_1_193' title='bbox 1552 706 1615 724; x_wconf 82' lang='grc' dir='ltr'>τινα</span> <span class='ocrx_word' id='word_1_194' title='bbox 1638 696 1875 733; x_wconf 79' lang='grc' dir='ltr'>Μακρεμὸολίτην</span> 
     </span>
    </p>
   </div>
   <div class='ocr_carea' id='block_1_31' title="bbox 1073 743 1873 780">
    <p class='ocr_par' dir='ltr' id='par_1_31' title="bbox 1073 743 1873 780">
     <span class='ocr_line' id='line_1_31' title="bbox 1073 743 1873 780; baseline -0.001 -10"><span class='ocrx_word' id='word_1_195' title='bbox 1073 744 1121 771; x_wconf 70' lang='grc' dir='ltr'>καὶ</span> <span class='ocrx_word' id='word_1_196' title='bbox 1151 743 1328 780; x_wconf 79' lang='grc' dir='ltr'>Ἀλέξανδρον</span> <span class='ocrx_word' id='word_1_197' title='bbox 1344 744 1401 780; x_wconf 77' lang='lat'><strong>(8‘2)</strong></span> <span class='ocrx_word' id='word_1_198' title='bbox 1421 744 1506 777; x_wconf 69' lang='grc' dir='ltr'>ἄνδρα</span> <span class='ocrx_word' id='word_1_199' title='bbox 1528 743 1630 770; x_wconf 75' lang='grc' dir='ltr'>Ἰταλὸν</span> <span class='ocrx_word' id='word_1_200' title='bbox 1659 743 1752 779; x_wconf 70' lang='grc' dir='ltr'>μὲντὺ</span> <span class='ocrx_word' id='word_1_201' title='bbox 1781 743 1873 777; x_wconf 78' lang='grc' dir='ltr'>γένος,</span> 
     </span>
    </p>
   </div>
   <div class='ocr_carea' id='block_1_32' title="bbox 1073 789 1873 826">
    <p class='ocr_par' dir='ltr' id='par_1_32' title="bbox 1073 789 1873 826">
     <span class='ocr_line' id='line_1_32' title="bbox 1073 789 1873 826; baseline -0.003 -9"><span class='ocrx_word' id='word_1_202' title='bbox 1073 790 1211 826; x_wconf 82' lang='grc' dir='ltr'>Γραὸίνης</span> <span class='ocrx_word' id='word_1_203' title='bbox 1239 790 1268 817; x_wconf 79' lang='grc' dir='ltr'>δὲ</span> <span class='ocrx_word' id='word_1_204' title='bbox 1292 791 1397 822; x_wconf 77' lang='grc' dir='ltr'>πόλεως</span> <span class='ocrx_word' id='word_1_205' title='bbox 1425 789 1560 826; x_wconf 82' lang='grc' dir='ltr'>Ἰταλικῆς</span> <span class='ocrx_word' id='word_1_206' title='bbox 1587 790 1697 825; x_wconf 87' lang='grc' dir='ltr'>κόμητα</span> <span class='ocrx_word' id='word_1_207' title='bbox 1725 789 1873 824; x_wconf 84' lang='grc' dir='ltr'>γεγονότα,</span> 
     </span>
    </p>
   </div>
   <div class='ocr_carea' id='block_1_33' title="bbox 1073 836 1875 873">
    <p class='ocr_par' dir='ltr' id='par_1_33' title="bbox 1073 836 1875 873">
     <span class='ocr_line' id='line_1_33' title="bbox 1073 836 1875 873; baseline 0 -11"><span class='ocrx_word' id='word_1_208' title='bbox 1073 837 1142 871; x_wconf 89' lang='grc' dir='ltr'>πρός</span> <span class='ocrx_word' id='word_1_209' title='bbox 1157 846 1187 864; x_wconf 87' lang='grc' dir='ltr'><strong>τε</strong></span> <span class='ocrx_word' id='word_1_210' title='bbox 1201 837 1249 864; x_wconf 81' lang='grc' dir='ltr'>τοῦ</span> <span class='ocrx_word' id='word_1_211' title='bbox 1263 837 1391 869; x_wconf 80' lang='grc' dir='ltr'>Σικελίας</span> <span class='ocrx_word' id='word_1_212' title='bbox 1405 837 1540 872; x_wconf 81' lang='grc' dir='ltr'>τυράννου</span> <span class='ocrx_word' id='word_1_213' title='bbox 1562 837 1622 873; x_wconf 72' lang='grc' dir='ltr'>ἅμα.</span> <span class='ocrx_word' id='word_1_214' title='bbox 1642 837 1765 864; x_wconf 83' lang='grc' dir='ltr'>πλείοσιν</span> <span class='ocrx_word' id='word_1_215' title='bbox 1781 836 1875 868; x_wconf 80' lang='grc' dir='ltr'>ἄλλοις</span> 
     </span>
    </p>
   </div>
   <div class='ocr_carea' id='block_1_34' title="bbox 222 867 1018 919">
    <p class='ocr_par' dir='ltr' id='par_1_34' title="bbox 222 880 1015 917">
     <span class='ocr_line' id='line_1_34' title="bbox 222 880 1015 917; baseline 0 -9"><span class='ocrx_word' id='word_1_216' title='bbox 222 887 339 909; x_wconf 86' lang='lat' dir='ltr'><strong>ratorem</strong></span> <span class='ocrx_word' id='word_1_217' title='bbox 360 882 411 909; x_wconf 88' lang='lat' dir='ltr'><strong>hac</strong></span> <span class='ocrx_word' id='word_1_218' title='bbox 437 881 470 909; x_wconf 87' lang='lat' dir='ltr'><strong>de</strong></span> <span class='ocrx_word' id='word_1_219' title='bbox 492 888 574 910; x_wconf 77' lang='lat' dir='ltr'><strong>causa</strong></span> <span class='ocrx_word' id='word_1_220' title='bbox 599 881 769 914; x_wconf 38' lang='lat' dir='ltr'><strong>transieraty</strong></span> <span class='ocrx_word' id='word_1_221' title='bbox 784 881 889 917; x_wconf 77' lang='lat' dir='ltr'><strong>legatos</strong></span> <span class='ocrx_word' id='word_1_222' title='bbox 909 880 1015 908; x_wconf 84' lang='lat' dir='ltr'><strong>mittit:</strong></span> 
     </span>
    </p>
   </div>
   <div class='ocr_carea' id='block_1_35' title="bbox 1074 867 1875 919">
    <p class='ocr_par' dir='ltr' id='par_1_35' title="bbox 1074 867 1875 919">
     <span class='ocr_line' id='line_1_35' title="bbox 1074 867 1875 919; baseline 0 -11"><span class='ocrx_word' id='word_1_223' title='bbox 1074 867 1170 918; x_wconf 42' lang='grc' dir='ltr'>της-τε</span> <span class='ocrx_word' id='word_1_224' title='bbox 1186 883 1273 919; x_wconf 79' lang='grc' dir='ltr'>ἀρχῆς</span> <span class='ocrx_word' id='word_1_225' title='bbox 1293 867 1516 910; x_wconf 59' lang='grc' dir='ltr'>ἁποϐιδασίίέντα</span> <span class='ocrx_word' id='word_1_226' title='bbox 1540 867 1589 909; x_wconf 70' lang='grc' dir='ltr'><strong>καί</strong></span> <span class='ocrx_word' id='word_1_227' title='bbox 1607 882 1714 916; x_wconf 84' lang='grc' dir='ltr'>βασιλεῖ</span> <span class='ocrx_word' id='word_1_228' title='bbox 1727 882 1772 909; x_wconf 85' lang='grc' dir='ltr'>διὰ</span> <span class='ocrx_word' id='word_1_229' title='bbox 1792 882 1875 908; x_wconf 79' lang='grc' dir='ltr'>τοῦτο</span> 
     </span>
    </p>
   </div>
   <div class='ocr_carea' id='block_1_36' title="bbox 221 926 1017 962">
    <p class='ocr_par' dir='ltr' id='par_1_36' title="bbox 221 926 1017 962">
     <span class='ocr_line' id='line_1_36' title="bbox 221 926 1017 962; baseline 0.001 -8"><span class='ocrx_word' id='word_1_230' title='bbox 221 927 272 955; x_wconf 87' lang='lat' dir='ltr'><strong>hoc</strong></span> <span class='ocrx_word' id='word_1_231' title='bbox 283 928 346 955; x_wconf 85' lang='lat' dir='ltr'><strong>dato</strong></span> <span class='ocrx_word' id='word_1_232' title='bbox 361 928 388 955; x_wconf 90' lang='lat' dir='ltr'><strong>in</strong></span> <span class='ocrx_word' id='word_1_233' title='bbox 406 927 553 960; x_wconf 84' lang='lat' dir='ltr'><strong>mandatis,</strong></span> <span class='ocrx_word' id='word_1_234' title='bbox 569 931 599 954; x_wconf 93' lang='lat' dir='ltr'><strong>ut</strong></span> <span class='ocrx_word' id='word_1_235' title='bbox 612 934 707 955; x_wconf 89' lang='lat' dir='ltr'><strong>eorum</strong></span> <span class='ocrx_word' id='word_1_236' title='bbox 722 932 840 955; x_wconf 84' lang='lat' dir='ltr'><strong>mentem</strong></span> <span class='ocrx_word' id='word_1_237' title='bbox 860 926 1017 962; x_wconf 76' lang='lat' dir='ltr'><strong>diligentius</strong></span> 
     </span>
    </p>
   </div>
   <div class='ocr_carea' id='block_1_37' title="bbox 220 973 1020 1009">
    <p class='ocr_par' dir='ltr' id='par_1_37' title="bbox 220 973 1020 1009">
     <span class='ocr_line' id='line_1_37' title="bbox 220 973 1020 1009; baseline -0.001 -7"><span class='ocrx_word' id='word_1_238' title='bbox 220 974 412 1009; x_wconf 78' lang='lat' dir='ltr'><strong>explorarent;</strong></span> <span class='ocrx_word' id='word_1_239' title='bbox 428 978 455 1002; x_wconf 90' lang='lat' dir='ltr'><strong>et</strong></span> <span class='ocrx_word' id='word_1_240' title='bbox 470 974 492 1002; x_wconf 94' lang='lat' dir='ltr'><strong>si</strong></span> <span class='ocrx_word' id='word_1_241' title='bbox 508 973 535 1000; x_wconf 88' lang='lat' dir='ltr'><strong>in</strong></span> <span class='ocrx_word' id='word_1_242' title='bbox 550 973 738 1001; x_wconf 83' lang='lat' dir='ltr'><strong>Romanorum</strong></span> <span class='ocrx_word' id='word_1_243' title='bbox 752 974 882 1001; x_wconf 85' lang='lat' dir='ltr'><strong>damnum</strong></span> <span class='ocrx_word' id='word_1_244' title='bbox 896 974 1020 1001; x_wconf 87' lang='lat' dir='ltr'><strong>dicerent</strong></span> 
     </span>
    </p>
   </div>
   <div class='ocr_carea' id='block_1_38' title="bbox 219 1020 1020 1057">
    <p class='ocr_par' dir='ltr' id='par_1_38' title="bbox 219 1020 1020 1057">
     <span class='ocr_line' id='line_1_38' title="bbox 219 1020 1020 1057; baseline -0.002 -8"><span class='ocrx_word' id='word_1_245' title='bbox 219 1029 274 1050; x_wconf 91' lang='lat' dir='ltr'><strong>non</strong></span> <span class='ocrx_word' id='word_1_246' title='bbox 289 1028 319 1049; x_wconf 91' lang='lat' dir='ltr'><strong>se</strong></span> <span class='ocrx_word' id='word_1_247' title='bbox 331 1021 485 1055; x_wconf 87' lang='lat' dir='ltr'><strong>advenisse,</strong></span> <span class='ocrx_word' id='word_1_248' title='bbox 497 1021 524 1048; x_wconf 92' lang='lat' dir='ltr'><strong>id</strong></span> <span class='ocrx_word' id='word_1_249' title='bbox 537 1021 719 1049; x_wconf 84' lang='lat' dir='ltr'><strong>sacramentis</strong></span> <span class='ocrx_word' id='word_1_250' title='bbox 733 1020 901 1049; x_wconf 84' lang='lat' dir='ltr'><strong>allirmarent</strong></span> <span class='ocrx_word' id='word_1_251' title='bbox 914 1030 922 1049; x_wconf 91' lang='lat'><strong>:</strong></span> <span class='ocrx_word' id='word_1_252' title='bbox 938 1021 1020 1057; x_wconf 72' lang='lat' dir='ltr'><strong>legati</strong></span> 
     </span>
    </p>
   </div>
   <div class='ocr_carea' id='block_1_39' title="bbox 221 1067 1020 1104">
    <p class='ocr_par' dir='ltr' id='par_1_39' title="bbox 221 1067 1020 1104">
     <span class='ocr_line' id='line_1_39' title="bbox 221 1067 1020 1104; baseline -0.001 -8"><span class='ocrx_word' id='word_1_253' title='bbox 221 1068 306 1104; x_wconf 80' lang='lat' dir='ltr'><strong>igitur</strong></span> <span class='ocrx_word' id='word_1_254' title='bbox 323 1068 356 1096; x_wconf 91' lang='lat' dir='ltr'><strong>ad</strong></span> <span class='ocrx_word' id='word_1_255' title='bbox 369 1067 551 1095; x_wconf 85' lang='lat' dir='ltr'><strong>Barbarorum</strong></span> <span class='ocrx_word' id='word_1_256' title='bbox 569 1067 652 1095; x_wconf 87' lang='lat' dir='ltr'><strong>duces</strong></span> <span class='ocrx_word' id='word_1_257' title='bbox 667 1067 801 1103; x_wconf 87' lang='lat' dir='ltr'><strong>perducti,</strong></span> <span class='ocrx_word' id='word_1_258' title='bbox 824 1067 851 1095; x_wconf 89' lang='lat' dir='ltr'><strong>in</strong></span> <span class='ocrx_word' id='word_1_259' title='bbox 873 1068 944 1095; x_wconf 85' lang='lat' dir='ltr'><strong>hunc</strong></span> <span class='ocrx_word' id='word_1_260' title='bbox 962 1075 1020 1095; x_wconf 90' lang='lat' dir='ltr'><strong>mo-</strong></span> 
     </span>
    </p>
   </div>
   <div class='ocr_carea' id='block_1_40' title="bbox 223 1113 1021 1142">
    <p class='ocr_par' dir='ltr' id='par_1_40' title="bbox 223 1113 1021 1142">
     <span class='ocr_line' id='line_1_40' title="bbox 223 1113 1021 1142; baseline 0 0"><span class='ocrx_word' id='word_1_261' title='bbox 223 1115 285 1142; x_wconf 90' lang='lat' dir='ltr'><strong>dum</strong></span> <span class='ocrx_word' id='word_1_262' title='bbox 296 1114 379 1142; x_wconf 85' lang='lat' dir='ltr'><strong>verba</strong></span> <span class='ocrx_word' id='word_1_263' title='bbox 394 1114 518 1142; x_wconf 88' lang='lat' dir='ltr'><strong>fecerunt</strong></span> <span class='ocrx_word' id='word_1_264' title='bbox 533 1122 540 1142; x_wconf 79' lang='lat' dir='ltr'><em>z</em></span> <span class='ocrx_word' id='word_1_265' title='bbox 560 1124 570 1140; x_wconf 83' lang='grc' dir='ltr'><strong>ι</strong></span> <span class='ocrx_word' id='word_1_266' title='bbox 591 1114 694 1142; x_wconf 89' lang='lat' dir='ltr'><strong>Bellum</strong></span> <span class='ocrx_word' id='word_1_267' title='bbox 706 1122 761 1142; x_wconf 94' lang='lat' dir='ltr'><strong>non</strong></span> <span class='ocrx_word' id='word_1_268' title='bbox 773 1113 905 1142; x_wconf 86' lang='lat' dir='ltr'><strong>indictum</strong></span> <span class='ocrx_word' id='word_1_269' title='bbox 920 1114 1021 1142; x_wconf 89' lang='lat' dir='ltr'><strong>inferre</strong></span> 
     </span>
    </p>
   </div>
   <div class='ocr_carea' id='block_1_41' title="bbox 168 1160 1017 1196">
    <p class='ocr_par' dir='ltr' id='par_1_41' title="bbox 168 1160 1017 1196">
     <span class='ocr_line' id='line_1_41' title="bbox 168 1160 1017 1196; baseline 0.001 -9"><span class='ocrx_word' id='word_1_270' title='bbox 168 1165 171 1169; x_wconf 86' lang='lat'><strong><em>‘</em></strong></span> <span class='ocrx_word' id='word_1_271' title='bbox 219 1162 256 1192; x_wconf 85' lang='lat' dir='ltr'><strong>iis</strong></span> <span class='ocrx_word' id='word_1_272' title='bbox 269 1161 314 1196; x_wconf 92' lang='lat' dir='ltr'><strong>qui</strong></span> <span class='ocrx_word' id='word_1_273' title='bbox 330 1160 429 1188; x_wconf 92' lang='lat' dir='ltr'><strong>nullam</strong></span> <span class='ocrx_word' id='word_1_274' title='bbox 443 1161 570 1195; x_wconf 89' lang='lat' dir='ltr'><strong>injuriam</strong></span> <span class='ocrx_word' id='word_1_275' title='bbox 587 1160 720 1194; x_wconf 86' lang='lat' dir='ltr'><strong>fecerunt,</strong></span> <span class='ocrx_word' id='word_1_276' title='bbox 733 1161 799 1188; x_wconf 88' lang='lat' dir='ltr'><strong>nulli</strong></span> <span class='ocrx_word' id='word_1_277' title='bbox 814 1161 957 1189; x_wconf 83' lang='lat' dir='ltr'><strong>hominum</strong></span> <span class='ocrx_word' id='word_1_278' title='bbox 971 1165 1017 1188; x_wconf 87' lang='lat' dir='ltr'><strong>aut</strong></span> 
     </span>
    </p>
   </div>
   <div class='ocr_carea' id='block_1_42' title="bbox 221 1207 1021 1244">
    <p class='ocr_par' dir='ltr' id='par_1_42' title="bbox 221 1207 1021 1244">
     <span class='ocr_line' id='line_1_42' title="bbox 221 1207 1021 1244; baseline 0.003 -10"><span class='ocrx_word' id='word_1_279' title='bbox 221 1212 346 1234; x_wconf 82' lang='lat' dir='ltr'><strong>sanctum</strong></span> <span class='ocrx_word' id='word_1_280' title='bbox 364 1215 486 1243; x_wconf 88' lang='lat' dir='ltr'><strong>unquam</strong></span> <span class='ocrx_word' id='word_1_281' title='bbox 507 1207 568 1241; x_wconf 86' lang='lat' dir='ltr'><strong>fuit,</strong></span> <span class='ocrx_word' id='word_1_282' title='bbox 587 1212 634 1235; x_wconf 88' lang='lat' dir='ltr'><strong>aut</strong></span> <span class='ocrx_word' id='word_1_283' title='bbox 654 1209 805 1236; x_wconf 88' lang='lat' dir='ltr'><strong>decorum:</strong></span> <span class='ocrx_word' id='word_1_284' title='bbox 824 1208 943 1236; x_wconf 80' lang='lat' dir='ltr'><strong>maxime</strong></span> <span class='ocrx_word' id='word_1_285' title='bbox 961 1209 1021 1244; x_wconf 84' lang='lat' dir='ltr'><strong>qui-</strong></span> 
     </span>
    </p>
   </div>
   <div class='ocr_carea' id='block_1_43' title="bbox 222 1254 1018 1290">
    <p class='ocr_par' dir='ltr' id='par_1_43' title="bbox 222 1254 1018 1290">
     <span class='ocr_line' id='line_1_43' title="bbox 222 1254 1018 1290; baseline 0.001 -9"><span class='ocrx_word' id='word_1_286' title='bbox 222 1254 272 1281; x_wconf 86' lang='lat' dir='ltr'><strong>bus</strong></span> <span class='ocrx_word' id='word_1_287' title='bbox 297 1254 447 1282; x_wconf 85' lang='lat' dir='ltr'><strong>nobilitatis</strong></span> <span class='ocrx_word' id='word_1_288' title='bbox 470 1259 497 1282; x_wconf 89' lang='lat' dir='ltr'><strong>et</strong></span> <span class='ocrx_word' id='word_1_289' title='bbox 522 1255 650 1290; x_wconf 60' lang='lat' dir='ltr'><strong>potentia</strong></span> <span class='ocrx_word' id='word_1_290' title='bbox 676 1254 785 1282; x_wconf 82' lang='lat' dir='ltr'><strong>abunde</strong></span> <span class='ocrx_word' id='word_1_291' title='bbox 809 1259 861 1282; x_wconf 86' lang='lat' dir='ltr'><strong>est.</strong></span> <span class='ocrx_word' id='word_1_292' title='bbox 890 1254 920 1282; x_wconf 86' lang='lat' dir='ltr'><strong>Si</strong></span> <span class='ocrx_word' id='word_1_293' title='bbox 944 1255 1018 1283; x_wconf 90' lang='lat' dir='ltr'><strong>enim</strong></span> 
     </span>
    </p>
   </div>
   <div class='ocr_carea' id='block_1_44' title="bbox 223 1299 1022 1336">
    <p class='ocr_par' dir='ltr' id='par_1_44' title="bbox 223 1299 1022 1336">
     <span class='ocr_line' id='line_1_44' title="bbox 223 1299 1022 1336; baseline 0 -8"><span class='ocrx_word' id='word_1_294' title='bbox 223 1301 332 1328; x_wconf 83' lang='lat' dir='ltr'><strong>vincere</strong></span> <span class='ocrx_word' id='word_1_295' title='bbox 350 1300 409 1328; x_wconf 90' lang='lat' dir='ltr'><strong>illos</strong></span> <span class='ocrx_word' id='word_1_296' title='bbox 432 1300 585 1336; x_wconf 70' lang='lat' dir='ltr'><strong>contingat,</strong></span> <span class='ocrx_word' id='word_1_297' title='bbox 614 1299 767 1328; x_wconf 77' lang='lat' dir='ltr'><strong>fortitudini</strong></span> <span class='ocrx_word' id='word_1_298' title='bbox 787 1308 841 1328; x_wconf 92' lang='lat' dir='ltr'><strong>non</strong></span> <span class='ocrx_word' id='word_1_299' title='bbox 869 1301 1022 1329; x_wconf 86' lang='lat' dir='ltr'><strong>ascrtbetur</strong></span> 
     </span>
    </p>
   </div>
   <div class='ocr_carea' id='block_1_45' title="bbox 223 1347 1022 1382">
    <p class='ocr_par' dir='ltr' id='par_1_45' title="bbox 223 1347 1022 1382">
     <span class='ocr_line' id='line_1_45' title="bbox 223 1347 1022 1382; baseline 0.001 -8"><span class='ocrx_word' id='word_1_300' title='bbox 223 1347 349 1375; x_wconf 82' lang='lat' dir='ltr'><strong>victoria.</strong></span> <span class='ocrx_word' id='word_1_301' title='bbox 367 1348 481 1380; x_wconf 84' lang='lat' dir='ltr'><strong>Contra,</strong></span> <span class='ocrx_word' id='word_1_302' title='bbox 503 1349 524 1375; x_wconf 84' lang='lat' dir='ltr'><strong>si</strong></span> <span class='ocrx_word' id='word_1_303' title='bbox 548 1347 611 1376; x_wconf 90' lang='lat' dir='ltr'><strong>victi</strong></span> <span class='ocrx_word' id='word_1_304' title='bbox 640 1348 752 1382; x_wconf 84' lang='lat' dir='ltr'><strong>fuerint,</strong></span> <span class='ocrx_word' id='word_1_305' title='bbox 771 1355 825 1375; x_wconf 91' lang='lat' dir='ltr'><strong>non</strong></span> <span class='ocrx_word' id='word_1_306' title='bbox 849 1355 899 1382; x_wconf 88' lang='lat' dir='ltr'><strong>pro</strong></span> <span class='ocrx_word' id='word_1_307' title='bbox 920 1348 1022 1375; x_wconf 88' lang='lat' dir='ltr'><strong>virtute</strong></span> 
     </span>
    </p>
   </div>
   <div class='ocr_carea' id='block_1_46' title="bbox 223 1393 1022 1430">
    <p class='ocr_par' dir='ltr' id='par_1_46' title="bbox 223 1393 1022 1430">
     <span class='ocr_line' id='line_1_46' title="bbox 223 1393 1022 1430; baseline -0.001 -9"><span class='ocrx_word' id='word_1_308' title='bbox 223 1394 351 1430; x_wconf 83' lang='lat' dir='ltr'><strong>periculis</strong></span> <span class='ocrx_word' id='word_1_309' title='bbox 361 1394 418 1430; x_wconf 74' lang='lat'><strong>68</strong></span> <span class='ocrx_word' id='word_1_310' title='bbox 435 1401 494 1422; x_wconf 86' lang='lat' dir='ltr'><strong>sese</strong></span> <span class='ocrx_word' id='word_1_311' title='bbox 512 1394 648 1429; x_wconf 74' lang='lat' dir='ltr'><strong>obiecisse</strong></span> <span class='ocrx_word' id='word_1_312' title='bbox 660 1394 866 1422; x_wconf 88' lang='lat' dir='ltr'><strong>indicabuntur.</strong></span> <span class='ocrx_word' id='word_1_313' title='bbox 878 1393 933 1422; x_wconf 78' lang='lat' dir='ltr'><strong>Res</strong></span> <span class='ocrx_word' id='word_1_314' title='bbox 945 1399 1022 1422; x_wconf 92' lang='lat' dir='ltr'><strong>utra-</strong></span> 
     </span>
    </p>
   </div>
   <div class='ocr_carea' id='block_1_47' title="bbox 222 1439 1022 1475">
    <p class='ocr_par' dir='ltr' id='par_1_47' title="bbox 222 1439 1022 1475">
     <span class='ocr_line' id='line_1_47' title="bbox 222 1439 1022 1475; baseline 0.004 -10"><span class='ocrx_word' id='word_1_315' title='bbox 222 1447 276 1475; x_wconf 87' lang='lat' dir='ltr'><strong>que</strong></span> <span class='ocrx_word' id='word_1_316' title='bbox 291 1439 361 1466; x_wconf 88' lang='lat' dir='ltr'><strong>infra</strong></span> <span class='ocrx_word' id='word_1_317' title='bbox 377 1440 483 1467; x_wconf 81' lang='lat' dir='ltr'><strong>laudent</strong></span> <span class='ocrx_word' id='word_1_318' title='bbox 503 1445 554 1467; x_wconf 88' lang='lat' dir='ltr'><strong>est.</strong></span> <span class='ocrx_word' id='word_1_319' title='bbox 572 1439 655 1468; x_wconf 83' lang='lat' dir='ltr'><strong>Vobis</strong></span> <span class='ocrx_word' id='word_1_320' title='bbox 669 1444 759 1467; x_wconf 88' lang='lat' dir='ltr'><strong>autem</strong></span> <span class='ocrx_word' id='word_1_321' title='bbox 772 1447 824 1467; x_wconf 91' lang='lat' dir='ltr'><strong>non</strong></span> <span class='ocrx_word' id='word_1_322' title='bbox 837 1439 917 1468; x_wconf 83' lang='lat' dir='ltr'><strong>aliter</strong></span> <span class='ocrx_word' id='word_1_323' title='bbox 930 1440 1022 1468; x_wconf 88' lang='lat' dir='ltr'><strong>licebit</strong></span> 
     </span>
    </p>
   </div>
   <div class='ocr_carea' id='block_1_48' title="bbox 223 1486 1022 1521">
    <p class='ocr_par' dir='ltr' id='par_1_48' title="bbox 223 1486 1022 1521">
     <span class='ocr_line' id='line_1_48' title="bbox 223 1486 1022 1521; baseline 0.001 -8"><span class='ocrx_word' id='word_1_324' title='bbox 223 1487 330 1514; x_wconf 85' lang='lat' dir='ltr'><strong>calcare</strong></span> <span class='ocrx_word' id='word_1_325' title='bbox 346 1486 529 1514; x_wconf 83' lang='lat' dir='ltr'><strong>Romanorum</strong></span> <span class='ocrx_word' id='word_1_326' title='bbox 551 1489 649 1519; x_wconf 85' lang='lat' dir='ltr'><strong>terras,</strong></span> <span class='ocrx_word' id='word_1_327' title='bbox 674 1493 754 1521; x_wconf 82' lang='lat' dir='ltr'><strong>quam</strong></span> <span class='ocrx_word' id='word_1_328' title='bbox 773 1486 824 1514; x_wconf 88' lang='lat' dir='ltr'><strong>fide</strong></span> <span class='ocrx_word' id='word_1_329' title='bbox 840 1486 959 1521; x_wconf 86' lang='lat' dir='ltr'><strong>primum</strong></span> <span class='ocrx_word' id='word_1_330' title='bbox 978 1486 1022 1514; x_wconf 91' lang='lat' dir='ltr'><strong>in-</strong></span> 
     </span>
    </p>
   </div>
   <div class='ocr_carea' id='block_1_49' title="bbox 224 1531 1061 1578">
    <p class='ocr_par' dir='ltr' id='par_1_49' title="bbox 224 1531 1061 1578">
     <span class='ocr_line' id='line_1_49' title="bbox 224 1531 1061 1578; baseline 0 -17"><span class='ocrx_word' id='word_1_331' title='bbox 224 1533 366 1568; x_wconf 83' lang='lat' dir='ltr'><strong>terposita,</strong></span> <span class='ocrx_word' id='word_1_332' title='bbox 380 1532 484 1560; x_wconf 81' lang='lat' dir='ltr'><strong>nullam</strong></span> <span class='ocrx_word' id='word_1_333' title='bbox 499 1540 547 1560; x_wconf 88' lang='lat' dir='ltr'><strong>vos</strong></span> <span class='ocrx_word' id='word_1_334' title='bbox 559 1531 690 1566; x_wconf 84' lang='lat' dir='ltr'><strong>jujnriam</strong></span> <span class='ocrx_word' id='word_1_335' title='bbox 708 1532 868 1566; x_wconf 85' lang='lat' dir='ltr'><strong>imperatori</strong></span> <span class='ocrx_word' id='word_1_336' title='bbox 889 1532 1024 1561; x_wconf 81' lang='lat' dir='ltr'><strong>illaturos.</strong></span> <span class='ocrx_word' id='word_1_337' title='bbox 1038 1547 1061 1578; x_wconf 66' lang='grc' dir='ltr'><strong>ϐ</strong></span> 
     </span>
    </p>
   </div>
   <div class='ocr_carea' id='block_1_50' title="bbox 223 1578 1020 1614">
    <p class='ocr_par' dir='ltr' id='par_1_50' title="bbox 223 1578 1020 1614">
     <span class='ocr_line' id='line_1_50' title="bbox 223 1578 1020 1614; baseline -0.001 -7"><span class='ocrx_word' id='word_1_338' title='bbox 223 1580 325 1613; x_wconf 75' lang='lat' dir='ltr'><strong>Quodsi</strong></span> <span class='ocrx_word' id='word_1_339' title='bbox 340 1579 518 1614; x_wconf 80' lang='lat' dir='ltr'><strong>jurejurando</strong></span> <span class='ocrx_word' id='word_1_340' title='bbox 535 1583 609 1606; x_wconf 85' lang='lat' dir='ltr'><strong>stare</strong></span> <span class='ocrx_word' id='word_1_341' title='bbox 631 1578 802 1612; x_wconf 88' lang='lat' dir='ltr'><strong>decrevistis,</strong></span> <span class='ocrx_word' id='word_1_342' title='bbox 825 1585 875 1606; x_wconf 86' lang='lat' dir='ltr'><strong>cur</strong></span> <span class='ocrx_word' id='word_1_343' title='bbox 886 1585 939 1606; x_wconf 91' lang='lat' dir='ltr'><strong>non</strong></span> <span class='ocrx_word' id='word_1_344' title='bbox 955 1585 1020 1613; x_wconf 82' lang='lat' dir='ltr'><strong>pro-</strong></span> 
     </span>
    </p>
   </div>
   <div class='ocr_carea' id='block_1_51' title="bbox 224 1623 1020 1661">
    <p class='ocr_par' dir='ltr' id='par_1_51' title="bbox 224 1623 1020 1661">
     <span class='ocr_line' id='line_1_51' title="bbox 224 1623 1020 1661; baseline 0 -9"><span class='ocrx_word' id='word_1_345' title='bbox 224 1627 311 1661; x_wconf 80' lang='lat' dir='ltr'><strong>palam</strong></span> <span class='ocrx_word' id='word_1_346' title='bbox 336 1626 437 1653; x_wconf 77' lang='lat' dir='ltr'><strong>bellant</strong></span> <span class='ocrx_word' id='word_1_347' title='bbox 459 1625 571 1661; x_wconf 75' lang='lat' dir='ltr'><strong>geritis?</strong></span> <span class='ocrx_word' id='word_1_348' title='bbox 595 1632 656 1652; x_wconf 90' lang='lat' dir='ltr'><strong>cum</strong></span> <span class='ocrx_word' id='word_1_349' title='bbox 681 1624 812 1652; x_wconf 76' lang='lat' dir='ltr'><strong>Romanis</strong></span> <span class='ocrx_word' id='word_1_350' title='bbox 832 1625 904 1652; x_wconf 90' lang='lat' dir='ltr'><strong>enim</strong></span> <span class='ocrx_word' id='word_1_351' title='bbox 923 1623 969 1652; x_wconf 89' lang='lat' dir='ltr'><strong>vel</strong></span> <span class='ocrx_word' id='word_1_352' title='bbox 987 1631 1020 1652; x_wconf 87' lang='lat' dir='ltr'><strong>ex</strong></span> 
     </span>
    </p>
   </div>
   <div class='ocr_carea' id='block_1_52' title="bbox 223 1670 1019 1707">
    <p class='ocr_par' dir='ltr' id='par_1_52' title="bbox 223 1670 1019 1707">
     <span class='ocr_line' id='line_1_52' title="bbox 223 1670 1019 1707; baseline -0.001 -7"><span class='ocrx_word' id='word_1_353' title='bbox 223 1673 371 1707; x_wconf 87' lang='lat' dir='ltr'><strong>improviso</strong></span> <span class='ocrx_word' id='word_1_354' title='bbox 395 1673 550 1707; x_wconf 76' lang='lat' dir='ltr'><strong>depugnare</strong></span> <span class='ocrx_word' id='word_1_355' title='bbox 577 1671 759 1706; x_wconf 86' lang='lat' dir='ltr'><strong>periculosum</strong></span> <span class='ocrx_word' id='word_1_356' title='bbox 787 1676 831 1699; x_wconf 87' lang='lat' dir='ltr'><strong>est</strong></span> <span class='ocrx_word' id='word_1_357' title='bbox 853 1681 861 1699; x_wconf 88' lang='lat'>:</span> <span class='ocrx_word' id='word_1_358' title='bbox 885 1671 927 1699; x_wconf 84' lang='lat' dir='ltr'><strong>sin</strong></span> <span class='ocrx_word' id='word_1_359' title='bbox 953 1670 1019 1699; x_wconf 86' lang='lat' dir='ltr'><strong>illud</strong></span> 
     </span>
    </p>
   </div>
   <div class='ocr_carea' id='block_1_53' title="bbox 221 1716 1018 1752">
    <p class='ocr_par' dir='ltr' id='par_1_53' title="bbox 221 1716 1018 1752">
     <span class='ocr_line' id='line_1_53' title="bbox 221 1716 1018 1752; baseline 0 -8"><span class='ocrx_word' id='word_1_360' title='bbox 221 1719 303 1745; x_wconf 88' lang='lat' dir='ltr'><strong>etiam</strong></span> <span class='ocrx_word' id='word_1_361' title='bbox 323 1725 383 1745; x_wconf 90' lang='lat' dir='ltr'><strong>cum</strong></span> <span class='ocrx_word' id='word_1_362' title='bbox 406 1717 526 1752; x_wconf 73' lang='lat' dir='ltr'><strong>periurio</strong></span> <span class='ocrx_word' id='word_1_363' title='bbox 545 1717 597 1744; x_wconf 87' lang='lat' dir='ltr'><strong>illis</strong></span> <span class='ocrx_word' id='word_1_364' title='bbox 615 1716 734 1749; x_wconf 86' lang='lat' dir='ltr'><strong>infortis,</strong></span> <span class='ocrx_word' id='word_1_365' title='bbox 752 1717 839 1744; x_wconf 89' lang='lat' dir='ltr'><strong>multo</strong></span> <span class='ocrx_word' id='word_1_366' title='bbox 857 1722 932 1744; x_wconf 89' lang='lat' dir='ltr'><strong>certe</strong></span> <span class='ocrx_word' id='word_1_367' title='bbox 954 1725 1018 1752; x_wconf 83' lang='lat' dir='ltr'><strong>gra-</strong></span> 
     </span>
    </p>
   </div>
   <div class='ocr_carea' id='block_1_54' title="bbox 223 1763 1017 1799">
    <p class='ocr_par' dir='ltr' id='par_1_54' title="bbox 223 1763 1017 1799">
     <span class='ocr_line' id='line_1_54' title="bbox 223 1763 1017 1799; baseline -0.003 -8"><span class='ocrx_word' id='word_1_368' title='bbox 223 1763 284 1791; x_wconf 85' lang='lat' dir='ltr'><strong>vius</strong></span> <span class='ocrx_word' id='word_1_369' title='bbox 297 1764 374 1791; x_wconf 84' lang='lat' dir='ltr'><strong>nefas</strong></span> <span class='ocrx_word' id='word_1_370' title='bbox 396 1763 468 1797; x_wconf 86' lang='lat' dir='ltr'><strong>crit;</strong></span> <span class='ocrx_word' id='word_1_371' title='bbox 491 1763 570 1799; x_wconf 86' lang='lat' dir='ltr'><strong>cujus</strong></span> <span class='ocrx_word' id='word_1_372' title='bbox 585 1763 668 1791; x_wconf 89' lang='lat' dir='ltr'><strong>Deum</strong></span> <span class='ocrx_word' id='word_1_373' title='bbox 686 1767 714 1790; x_wconf 88' lang='lat' dir='ltr'><strong>ct</strong></span> <span class='ocrx_word' id='word_1_374' title='bbox 727 1763 914 1792; x_wconf 82' lang='lat' dir='ltr'><strong>Romanorum</strong></span> <span class='ocrx_word' id='word_1_375' title='bbox 929 1771 1017 1796; x_wconf 88' lang='lat' dir='ltr'><strong>arma,</strong></span> 
     </span>
    </p>
   </div>
   <div class='ocr_carea' id='block_1_55' title="bbox 224 1808 1019 1844">
    <p class='ocr_par' dir='ltr' id='par_1_55' title="bbox 224 1808 1019 1844">
     <span class='ocr_line' id='line_1_55' title="bbox 224 1808 1019 1844; baseline -0.001 -7"><span class='ocrx_word' id='word_1_376' title='bbox 224 1810 342 1837; x_wconf 86' lang='lat' dir='ltr'><strong>vindicta</strong></span> <span class='ocrx_word' id='word_1_377' title='bbox 358 1808 552 1844; x_wconf 85' lang='lat' dir='ltr'><strong>spectabit.-At</strong></span> <span class='ocrx_word' id='word_1_378' title='bbox 566 1809 590 1836; x_wconf 88' lang='lat' dir='ltr'><strong>si</strong></span> <span class='ocrx_word' id='word_1_379' title='bbox 607 1813 699 1836; x_wconf 86' lang='lat' dir='ltr'><strong>vestra</strong></span> <span class='ocrx_word' id='word_1_380' title='bbox 719 1809 827 1837; x_wconf 85' lang='lat' dir='ltr'><strong>sincera</strong></span> <span class='ocrx_word' id='word_1_381' title='bbox 843 1813 885 1837; x_wconf 86' lang='lat' dir='ltr'><strong>est</strong></span> <span class='ocrx_word' id='word_1_382' title='bbox 897 1809 1019 1837; x_wconf 81' lang='lat' dir='ltr'><strong>amicitia</strong></span> 
     </span>
    </p>
   </div>
   <div class='ocr_carea' id='block_1_56' title="bbox 221 1854 1020 1886">
    <p class='ocr_par' dir='ltr' id='par_1_56' title="bbox 221 1854 1020 1886">
     <span class='ocr_line' id='line_1_56' title="bbox 221 1854 1020 1886; baseline 0 -4"><span class='ocrx_word' id='word_1_383' title='bbox 221 1860 250 1882; x_wconf 83' lang='lat' dir='ltr'><strong>et</strong></span> <span class='ocrx_word' id='word_1_384' title='bbox 265 1854 339 1882; x_wconf 92' lang='lat' dir='ltr'><strong>nullo</strong></span> <span class='ocrx_word' id='word_1_385' title='bbox 357 1854 447 1882; x_wconf 81' lang='lat' dir='ltr'><strong>fucata</strong></span> <span class='ocrx_word' id='word_1_386' title='bbox 465 1854 537 1886; x_wconf 86' lang='lat' dir='ltr'><strong>dolo,</strong></span> <span class='ocrx_word' id='word_1_387' title='bbox 557 1854 739 1882; x_wconf 83' lang='lat' dir='ltr'><strong>sacramentis</strong></span> <span class='ocrx_word' id='word_1_388' title='bbox 755 1861 816 1882; x_wconf 92' lang='lat' dir='ltr'><strong>eam</strong></span> <span class='ocrx_word' id='word_1_389' title='bbox 830 1854 1020 1883; x_wconf 83' lang='lat' dir='ltr'><strong>confirmanti-</strong></span> 
     </span>
    </p>
   </div>
   <div class='ocr_carea' id='block_1_57' title="bbox 222 1899 1019 1934">
    <p class='ocr_par' dir='ltr' id='par_1_57' title="bbox 222 1899 1019 1934">
     <span class='ocr_line' id='line_1_57' title="bbox 222 1899 1019 1934; baseline 0.003 -8"><span class='ocrx_word' id='word_1_390' title='bbox 222 1899 286 1933; x_wconf 85' lang='lat' dir='ltr'><strong>bus,</strong></span> <span class='ocrx_word' id='word_1_391' title='bbox 302 1900 378 1927; x_wconf 82' lang='lat' dir='ltr'><strong>vobis</strong></span> <span class='ocrx_word' id='word_1_392' title='bbox 392 1900 528 1934; x_wconf 76' lang='lat' dir='ltr'><strong>integrum</strong></span> <span class='ocrx_word' id='word_1_393' title='bbox 544 1899 598 1926; x_wconf 92' lang='lat' dir='ltr'><strong>erit</strong></span> <span class='ocrx_word' id='word_1_394' title='bbox 613 1903 643 1926; x_wconf 90' lang='lat' dir='ltr'><strong>ut</strong></span> <span class='ocrx_word' id='word_1_395' title='bbox 658 1899 753 1927; x_wconf 83' lang='lat' dir='ltr'><strong>amicis</strong></span> <span class='ocrx_word' id='word_1_396' title='bbox 769 1899 821 1927; x_wconf 84' lang='lat' dir='ltr'><strong>iter</strong></span> <span class='ocrx_word' id='word_1_397' title='bbox 836 1908 884 1934; x_wconf 85' lang='lat' dir='ltr'><strong>per</strong></span> <span class='ocrx_word' id='word_1_398' title='bbox 902 1899 1019 1929; x_wconf 83' lang='lat' dir='ltr'><strong>ditiones</strong></span> 
     </span>
    </p>
   </div>
   <div class='ocr_carea' id='block_1_58' title="bbox 223 1945 1018 1981">
    <p class='ocr_par' dir='ltr' id='par_1_58' title="bbox 223 1945 1018 1981">
     <span class='ocr_line' id='line_1_58' title="bbox 223 1945 1018 1981; baseline 0.003 -8"><span class='ocrx_word' id='word_1_399' title='bbox 223 1945 315 1973; x_wconf 80' lang='lat' dir='ltr'><strong>facere</strong></span> <span class='ocrx_word' id='word_1_400' title='bbox 333 1945 423 1980; x_wconf 71' lang='lat' dir='ltr'><strong>magni</strong></span> <span class='ocrx_word' id='word_1_401' title='bbox 448 1945 636 1980; x_wconf 86' lang='lat' dir='ltr'><strong>imperatoris,</strong></span> <span class='ocrx_word' id='word_1_402' title='bbox 654 1945 836 1981; x_wconf 80' lang='lat' dir='ltr'><strong>ltospitlisque</strong></span> <span class='ocrx_word' id='word_1_403' title='bbox 852 1950 882 1973; x_wconf 88' lang='lat' dir='ltr'><strong>ut</strong></span> <span class='ocrx_word' id='word_1_404' title='bbox 900 1953 950 1981; x_wconf 83' lang='lat' dir='ltr'><strong>par</strong></span> <span class='ocrx_word' id='word_1_405' title='bbox 964 1953 1018 1981; x_wconf 86' lang='lat' dir='ltr'><strong>est,</strong></span> 
     </span>
    </p>
   </div>
   <div class='ocr_carea' id='block_1_59' title="bbox 222 1989 1020 2027">
    <p class='ocr_par' dir='ltr' id='par_1_59' title="bbox 222 1989 1020 2027">
     <span class='ocr_line' id='line_1_59' title="bbox 222 1989 1020 2027; baseline 0.003 -9"><span class='ocrx_word' id='word_1_406' title='bbox 222 1995 306 2025; x_wconf 85' lang='lat' dir='ltr'><strong>atque</strong></span> <span class='ocrx_word' id='word_1_407' title='bbox 329 1990 381 2017; x_wconf 87' lang='lat' dir='ltr'><strong>alia</strong></span> <span class='ocrx_word' id='word_1_408' title='bbox 405 1990 502 2025; x_wconf 86' lang='lat' dir='ltr'><strong>quavis</strong></span> <span class='ocrx_word' id='word_1_409' title='bbox 526 1990 694 2025; x_wconf 77' lang='lat' dir='ltr'><strong>benignitate</strong></span> <span class='ocrx_word' id='word_1_410' title='bbox 715 1989 782 2018; x_wconf 89' lang='lat' dir='ltr'><strong>frui.</strong></span> <span class='ocrx_word' id='word_1_411' title='bbox 812 2000 822 2017; x_wconf 75' lang='grc' dir='ltr'><strong>ι</strong></span> <span class='ocrx_word' id='word_1_412' title='bbox 853 1989 917 2019; x_wconf 71' lang='lat' dir='ltr'><strong>Haec</strong></span> <span class='ocrx_word' id='word_1_413' title='bbox 940 1991 1020 2027; x_wconf 74' lang='lat' dir='ltr'><strong>legati</strong></span> 
     </span>
    </p>
   </div>
   <div class='ocr_carea' id='block_1_60' title="bbox 223 2035 1018 2069">
    <p class='ocr_par' dir='ltr' id='par_1_60' title="bbox 223 2035 1018 2069">
     <span class='ocr_line' id='line_1_60' title="bbox 223 2035 1018 2069; baseline 0.003 -5"><span class='ocrx_word' id='word_1_414' title='bbox 223 2037 328 2064; x_wconf 78' lang='lat' dir='ltr'><strong>dixere.</strong></span> <span class='ocrx_word' id='word_1_415' title='bbox 357 2035 396 2063; x_wconf 93' lang='lat' dir='ltr'><strong>llli</strong></span> <span class='ocrx_word' id='word_1_416' title='bbox 424 2040 516 2064; x_wconf 88' lang='lat' dir='ltr'><strong>autem</strong></span> <span class='ocrx_word' id='word_1_417' title='bbox 540 2043 647 2069; x_wconf 88' lang='lat' dir='ltr'><strong>omnes,</strong></span> <span class='ocrx_word' id='word_1_418' title='bbox 673 2044 734 2064; x_wconf 86' lang='lat' dir='ltr'><strong>cum</strong></span> <span class='ocrx_word' id='word_1_419' title='bbox 760 2037 788 2064; x_wconf 91' lang='lat' dir='ltr'><strong>in</strong></span> <span class='ocrx_word' id='word_1_420' title='bbox 812 2037 1018 2066; x_wconf 83' lang='lat' dir='ltr'><strong>tabernaculum</strong></span> 
     </span>
    </p>
   </div>
   <div class='ocr_carea' id='block_1_61' title="bbox 224 2081 1018 2120">
    <p class='ocr_par' dir='ltr' id='par_1_61' title="bbox 224 2081 1018 2120">
     <span class='ocr_line' id='line_1_61' title="bbox 224 2081 1018 2120; baseline 0.001 -10"><span class='ocrx_word' id='word_1_421' title='bbox 224 2082 343 2110; x_wconf 84' lang='lat' dir='ltr'><strong>Conradi</strong></span> <span class='ocrx_word' id='word_1_422' title='bbox 363 2081 577 2109; x_wconf 89' lang='lat' dir='ltr'><strong>Alemannorum</strong></span> <span class='ocrx_word' id='word_1_423' title='bbox 600 2082 672 2118; x_wconf 76' lang='lat' dir='ltr'><strong>regis</strong></span> <span class='ocrx_word' id='word_1_424' title='bbox 694 2083 898 2117; x_wconf 82' lang='lat' dir='ltr'><strong>convenissent,</strong></span> <span class='ocrx_word' id='word_1_425' title='bbox 917 2089 948 2111; x_wconf 91' lang='lat' dir='ltr'><strong>ut</strong></span> <span class='ocrx_word' id='word_1_426' title='bbox 971 2084 1018 2120; x_wconf 89' lang='lat' dir='ltr'><strong>qui</strong></span> 
     </span>
    </p>
   </div>
   <div class='ocr_carea' id='block_1_62' title="bbox 224 2127 1018 2163">
    <p class='ocr_par' dir='ltr' id='par_1_62' title="bbox 224 2127 1018 2163">
     <span class='ocr_line' id='line_1_62' title="bbox 224 2127 1018 2163; baseline 0.001 -7"><span class='ocrx_word' id='word_1_427' title='bbox 224 2128 297 2156; x_wconf 80' lang='lat' dir='ltr'><strong>inter</strong></span> <span class='ocrx_word' id='word_1_428' title='bbox 317 2127 506 2156; x_wconf 82' lang='lat' dir='ltr'><strong>Occidentales</strong></span> <span class='ocrx_word' id='word_1_429' title='bbox 523 2127 648 2155; x_wconf 86' lang='lat' dir='ltr'><strong>nationes</strong></span> <span class='ocrx_word' id='word_1_430' title='bbox 666 2127 817 2163; x_wconf 89' lang='lat' dir='ltr'><strong>principem</strong></span> <span class='ocrx_word' id='word_1_431' title='bbox 835 2129 927 2157; x_wconf 91' lang='lat' dir='ltr'><strong>locum</strong></span> <span class='ocrx_word' id='word_1_432' title='bbox 945 2129 1018 2157; x_wconf 90' lang='lat' dir='ltr'><strong>obti-</strong></span> 
     </span>
    </p>
   </div>
   <div class='ocr_carea' id='block_1_63' title="bbox 1076 927 1876 964">
    <p class='ocr_par' dir='ltr' id='par_1_63' title="bbox 1076 927 1876 964">
     <span class='ocr_line' id='line_1_63' title="bbox 1076 927 1876 964; baseline 0 -10"><span class='ocrx_word' id='word_1_433' title='bbox 1076 927 1226 962; x_wconf 86' lang='grc' dir='ltr'>αὐτόμολον</span> <span class='ocrx_word' id='word_1_434' title='bbox 1251 928 1396 963; x_wconf 83' lang='grc' dir='ltr'>γεγονότα.</span> <span class='ocrx_word' id='word_1_435' title='bbox 1432 927 1559 955; x_wconf 80' lang='grc' dir='ltr'>Ἐκέλευε</span> <span class='ocrx_word' id='word_1_436' title='bbox 1587 927 1615 955; x_wconf 81' lang='grc' dir='ltr'>δὲ</span> <span class='ocrx_word' id='word_1_437' title='bbox 1637 927 1689 964; x_wconf 84' lang='grc' dir='ltr'>τῆς</span> <span class='ocrx_word' id='word_1_438' title='bbox 1709 936 1739 955; x_wconf 88' lang='grc' dir='ltr'><strong>τε</strong></span> <span class='ocrx_word' id='word_1_439' title='bbox 1758 927 1876 963; x_wconf 82' lang='grc' dir='ltr'>γνώμης</span> 
     </span>
    </p>
   </div>
   <div class='ocr_carea' id='block_1_64' title="bbox 1074 974 1875 1011">
    <p class='ocr_par' dir='ltr' id='par_1_64' title="bbox 1074 974 1875 1011">
     <span class='ocr_line' id='line_1_64' title="bbox 1074 974 1875 1011; baseline 0.001 -10"><span class='ocrx_word' id='word_1_440' title='bbox 1074 975 1319 1010; x_wconf 85' lang='grc' dir='ltr'>ἀποπειράσασοαι</span> <span class='ocrx_word' id='word_1_441' title='bbox 1353 975 1441 1010; x_wconf 87' lang='grc' dir='ltr'>σφῶν,</span> <span class='ocrx_word' id='word_1_442' title='bbox 1463 975 1511 1002; x_wconf 83' lang='grc' dir='ltr'>καὶ</span> <span class='ocrx_word' id='word_1_443' title='bbox 1522 976 1580 1010; x_wconf 83' lang='grc' dir='ltr'>εῐγε</span> <span class='ocrx_word' id='word_1_444' title='bbox 1594 976 1633 1011; x_wconf 82' lang='grc' dir='ltr'>μὴ</span> <span class='ocrx_word' id='word_1_445' title='bbox 1648 975 1696 1002; x_wconf 73' lang='grc' dir='ltr'><strong>ἐπὶ</strong></span> <span class='ocrx_word' id='word_1_446' title='bbox 1707 974 1747 1010; x_wconf 82' lang='grc' dir='ltr'>τῷ</span> <span class='ocrx_word' id='word_1_447' title='bbox 1760 974 1875 1011; x_wconf 85' lang='grc' dir='ltr'>πονηρῷ</span> 
     </span>
    </p>
   </div>
   <div class='ocr_carea' id='block_1_65' title="bbox 1081 1021 1874 1058">
    <p class='ocr_par' dir='ltr' id='par_1_65' title="bbox 1081 1021 1874 1058">
     <span class='ocr_line' id='line_1_65' title="bbox 1081 1021 1874 1058; baseline -0.001 -9"><span class='ocrx_word' id='word_1_448' title='bbox 1081 1021 1226 1057; x_wconf 83' lang='grc' dir='ltr'>Ῥωμαίων</span> <span class='ocrx_word' id='word_1_449' title='bbox 1244 1022 1371 1058; x_wconf 77' lang='grc' dir='ltr'>ἥκουσιν,</span> <span class='ocrx_word' id='word_1_450' title='bbox 1387 1022 1480 1057; x_wconf 83' lang='grc' dir='ltr'>ὅρκοις</span> <span class='ocrx_word' id='word_1_451' title='bbox 1497 1021 1528 1049; x_wconf 87' lang='grc' dir='ltr'><strong>τδ</strong></span> <span class='ocrx_word' id='word_1_452' title='bbox 1543 1023 1662 1058; x_wconf 81' lang='grc' dir='ltr'>πρᾶγμα</span> <span class='ocrx_word' id='word_1_453' title='bbox 1684 1021 1822 1058; x_wconf 74' lang='grc' dir='ltr'>βεϐαιοῦν.</span> <span class='ocrx_word' id='word_1_454' title='bbox 1840 1021 1874 1048; x_wconf 81' lang='lat' dir='ltr'><strong>U&#39;t&#39;</strong></span> 
     </span>
    </p>
   </div>
   <div class='ocr_carea' id='block_1_66' title="bbox 1075 1067 1873 1104">
    <p class='ocr_par' dir='ltr' id='par_1_66' title="bbox 1075 1067 1873 1104">
     <span class='ocr_line' id='line_1_66' title="bbox 1075 1067 1873 1104; baseline 0.001 -10"><span class='ocrx_word' id='word_1_455' title='bbox 1075 1068 1123 1095; x_wconf 77' lang='grc' dir='ltr'><strong>καὶ</strong></span> <span class='ocrx_word' id='word_1_456' title='bbox 1137 1067 1232 1104; x_wconf 72' lang='grc' dir='ltr'>ἐπειδὴ</span> <span class='ocrx_word' id='word_1_457' title='bbox 1247 1068 1293 1095; x_wconf 76' lang='grc' dir='ltr'><strong>ἐπὶ</strong></span> <span class='ocrx_word' id='word_1_458' title='bbox 1301 1068 1365 1100; x_wconf 78' lang='grc' dir='ltr'>τοὺς</span> <span class='ocrx_word' id='word_1_459' title='bbox 1381 1068 1436 1096; x_wconf 85' lang='grc' dir='ltr'><strong>τῶν</strong></span> <span class='ocrx_word' id='word_1_460' title='bbox 1447 1068 1599 1104; x_wconf 76' lang='grc' dir='ltr'>Βαρῦάρων</span> <span class='ocrx_word' id='word_1_461' title='bbox 1613 1068 1717 1095; x_wconf 85' lang='grc' dir='ltr'>τούτων</span> <span class='ocrx_word' id='word_1_462' title='bbox 1733 1067 1873 1104; x_wconf 84' lang='grc' dir='ltr'>ἡγεμόνας</span> 
     </span>
    </p>
   </div>
   <div class='ocr_carea' id='block_1_67' title="bbox 1075 1112 1875 1151">
    <p class='ocr_par' dir='ltr' id='par_1_67' title="bbox 1075 1112 1875 1151">
     <span class='ocr_line' id='line_1_67' title="bbox 1075 1112 1875 1151; baseline 0.001 -11"><span class='ocrx_word' id='word_1_463' title='bbox 1075 1112 1170 1150; x_wconf 80' lang='grc' dir='ltr'>ἦλθον,</span> <span class='ocrx_word' id='word_1_464' title='bbox 1187 1114 1285 1148; x_wconf 73' lang='grc' dir='ltr'>ἔλεξαν</span> <span class='ocrx_word' id='word_1_465' title='bbox 1297 1114 1361 1141; x_wconf 84' lang='grc' dir='ltr'>τάδε</span> <span class='ocrx_word' id='word_1_466' title='bbox 1374 1122 1383 1131; x_wconf 81' lang='grc'><em>’</em></span> <span class='ocrx_word' id='word_1_467' title='bbox 1396 1123 1407 1142; x_wconf 76' lang='lat' dir='ltr'><strong>t</strong></span> <span class='ocrx_word' id='word_1_468' title='bbox 1419 1115 1587 1151; x_wconf 80' lang='grc' dir='ltr'>’Δκήρυκτον</span> <span class='ocrx_word' id='word_1_469' title='bbox 1600 1115 1720 1150; x_wconf 88' lang='grc' dir='ltr'>πόλεμον</span> <span class='ocrx_word' id='word_1_470' title='bbox 1732 1115 1812 1149; x_wconf 79' lang='grc' dir='ltr'>ἄγειν</span> <span class='ocrx_word' id='word_1_471' title='bbox 1825 1114 1875 1142; x_wconf 74' lang='grc' dir='ltr'><strong>ἐπὶ</strong></span> 
     </span>
    </p>
   </div>
   <div class='ocr_carea' id='block_1_68' title="bbox 1075 1160 1874 1196">
    <p class='ocr_par' dir='ltr' id='par_1_68' title="bbox 1075 1160 1874 1196">
     <span class='ocr_line' id='line_1_68' title="bbox 1075 1160 1874 1196; baseline 0.003 -10"><span class='ocrx_word' id='word_1_472' title='bbox 1075 1160 1139 1192; x_wconf 81' lang='grc' dir='ltr'>τοὺς</span> <span class='ocrx_word' id='word_1_473' title='bbox 1158 1161 1240 1196; x_wconf 85' lang='grc' dir='ltr'>μηδὲν</span> <span class='ocrx_word' id='word_1_474' title='bbox 1258 1160 1436 1196; x_wconf 71' lang='grc' dir='ltr'>ἠδικηκότας,</span> <span class='ocrx_word' id='word_1_475' title='bbox 1455 1160 1518 1187; x_wconf 83' lang='grc' dir='ltr'>οὔτε</span> <span class='ocrx_word' id='word_1_476' title='bbox 1538 1162 1613 1189; x_wconf 84' lang='grc' dir='ltr'>ὅσιον</span> <span class='ocrx_word' id='word_1_477' title='bbox 1634 1161 1697 1188; x_wconf 73' lang='grc' dir='ltr'>οὔτε</span> <span class='ocrx_word' id='word_1_478' title='bbox 1714 1160 1804 1193; x_wconf 81' lang='grc' dir='ltr'>ἄλλως</span> <span class='ocrx_word' id='word_1_479' title='bbox 1825 1161 1874 1188; x_wconf 82' lang='grc' dir='ltr'>εύ-</span> 
     </span>
    </p>
   </div>
   <div class='ocr_carea' id='block_1_69' title="bbox 1076 1206 1876 1243">
    <p class='ocr_par' dir='ltr' id='par_1_69' title="bbox 1076 1206 1876 1243">
     <span class='ocr_line' id='line_1_69' title="bbox 1076 1206 1876 1243; baseline 0.001 -9"><span class='ocrx_word' id='word_1_480' title='bbox 1076 1207 1184 1242; x_wconf 84' lang='grc' dir='ltr'>πρεπὲς</span> <span class='ocrx_word' id='word_1_481' title='bbox 1202 1206 1359 1242; x_wconf 80' lang='grc' dir='ltr'>ἀνθρώποις</span> <span class='ocrx_word' id='word_1_482' title='bbox 1382 1207 1442 1233; x_wconf 80' lang='grc' dir='ltr'>ἐστὶ</span> <span class='ocrx_word' id='word_1_483' title='bbox 1466 1207 1563 1241; x_wconf 84' lang='grc' dir='ltr'>γένους</span> <span class='ocrx_word' id='word_1_484' title='bbox 1583 1216 1613 1234; x_wconf 88' lang='grc' dir='ltr'><strong>τε</strong></span> <span class='ocrx_word' id='word_1_485' title='bbox 1638 1207 1803 1243; x_wconf 81' lang='grc' dir='ltr'>περιφανείᾳ</span> <span class='ocrx_word' id='word_1_486' title='bbox 1825 1207 1876 1235; x_wconf 74' lang='grc' dir='ltr'>καὶ</span> 
     </span>
    </p>
   </div>
   <div class='ocr_carea' id='block_1_70' title="bbox 1069 1253 1874 1290">
    <p class='ocr_par' dir='ltr' id='par_1_70' title="bbox 1069 1253 1874 1290">
     <span class='ocr_line' id='line_1_70' title="bbox 1069 1253 1874 1290; baseline 0.001 -10"><span class='ocrx_word' id='word_1_487' title='bbox 1069 1253 1219 1289; x_wconf 81' lang='grc' dir='ltr'>δυνάμεως</span> <span class='ocrx_word' id='word_1_488' title='bbox 1239 1253 1385 1289; x_wconf 80' lang='grc' dir='ltr'>περιουσίᾳ.</span> <span class='ocrx_word' id='word_1_489' title='bbox 1401 1253 1522 1288; x_wconf 82' lang='grc' dir='ltr'>μάλιστα</span> <span class='ocrx_word' id='word_1_490' title='bbox 1547 1254 1739 1290; x_wconf 84' lang='grc' dir='ltr'>κεχρημένοις.</span> <span class='ocrx_word' id='word_1_491' title='bbox 1761 1254 1874 1281; x_wconf 85' lang='grc' dir='ltr'>Νικῶν-</span> 
     </span>
    </p>
   </div>
   <div class='ocr_carea' id='block_1_71' title="bbox 1075 1299 1872 1337">
    <p class='ocr_par' dir='ltr' id='par_1_71' title="bbox 1075 1299 1872 1337">
     <span class='ocr_line' id='line_1_71' title="bbox 1075 1299 1872 1337; baseline 0.001 -11"><span class='ocrx_word' id='word_1_492' title='bbox 1075 1308 1122 1332; x_wconf 80' lang='grc' dir='ltr'><strong>τες</strong></span> <span class='ocrx_word' id='word_1_493' title='bbox 1137 1299 1203 1336; x_wconf 83' lang='grc' dir='ltr'>γὰρ,</span> <span class='ocrx_word' id='word_1_494' title='bbox 1220 1299 1253 1327; x_wconf 85' lang='grc' dir='ltr'>ἂν</span> <span class='ocrx_word' id='word_1_495' title='bbox 1268 1299 1340 1327; x_wconf 78' lang='grc' dir='ltr'>οὕτω</span> <span class='ocrx_word' id='word_1_496' title='bbox 1355 1300 1442 1336; x_wconf 82' lang='grc' dir='ltr'>τύχοι,</span> <span class='ocrx_word' id='word_1_497' title='bbox 1456 1301 1487 1328; x_wconf 80' lang='grc' dir='ltr'>οὐ</span> <span class='ocrx_word' id='word_1_498' title='bbox 1508 1300 1557 1328; x_wconf 81' lang='grc' dir='ltr'>σὺν</span> <span class='ocrx_word' id='word_1_499' title='bbox 1579 1300 1694 1337; x_wconf 78' lang='grc' dir='ltr'>ἀνδρείᾳ</span> <span class='ocrx_word' id='word_1_500' title='bbox 1716 1301 1872 1336; x_wconf 83' lang='grc' dir='ltr'>νικήσουσι,</span> 
     </span>
    </p>
   </div>
   <div class='ocr_carea' id='block_1_72' title="bbox 1077 1345 1871 1382">
    <p class='ocr_par' dir='ltr' id='par_1_72' title="bbox 1077 1345 1871 1382">
     <span class='ocr_line' id='line_1_72' title="bbox 1077 1345 1871 1382; baseline 0.001 -10"><span class='ocrx_word' id='word_1_501' title='bbox 1077 1345 1126 1373; x_wconf 83' lang='grc' dir='ltr'><strong>καὶ</strong></span> <span class='ocrx_word' id='word_1_502' title='bbox 1147 1346 1302 1382; x_wconf 84' lang='grc' dir='ltr'>ἡσσώμενοι</span> <span class='ocrx_word' id='word_1_503' title='bbox 1329 1346 1380 1381; x_wconf 81' lang='grc' dir='ltr'>οὐχ</span> <span class='ocrx_word' id='word_1_504' title='bbox 1410 1345 1482 1382; x_wconf 76' lang='grc' dir='ltr'>ὑπὲρ</span> <span class='ocrx_word' id='word_1_505' title='bbox 1505 1346 1608 1382; x_wconf 79' lang='grc' dir='ltr'>ἀρετῆς</span> <span class='ocrx_word' id='word_1_506' title='bbox 1636 1346 1871 1379; x_wconf 80' lang='grc' dir='ltr'>κινδυνεύσουσιν.</span> 
     </span>
    </p>
   </div>
   <div class='ocr_carea' id='block_1_73' title="bbox 1079 1392 1871 1429">
    <p class='ocr_par' dir='ltr' id='par_1_73' title="bbox 1079 1392 1871 1429">
     <span class='ocr_line' id='line_1_73' title="bbox 1079 1392 1871 1429; baseline 0.003 -10"><span class='ocrx_word' id='word_1_507' title='bbox 1079 1393 1181 1429; x_wconf 72' lang='grc' dir='ltr'>Ἄμφω</span> <span class='ocrx_word' id='word_1_508' title='bbox 1193 1392 1223 1420; x_wconf 82' lang='grc' dir='ltr'>δὲ</span> <span class='ocrx_word' id='word_1_509' title='bbox 1245 1393 1296 1420; x_wconf 83' lang='grc' dir='ltr'>οὐκ</span> <span class='ocrx_word' id='word_1_510' title='bbox 1311 1393 1453 1421; x_wconf 64' lang='grc' dir='ltr'>ἐπαινετά.</span> <span class='ocrx_word' id='word_1_511' title='bbox 1479 1393 1559 1429; x_wconf 82' lang='grc' dir='ltr'>’Υμῖν</span> <span class='ocrx_word' id='word_1_512' title='bbox 1571 1393 1600 1420; x_wconf 84' lang='grc' dir='ltr'>δὲ</span> <span class='ocrx_word' id='word_1_513' title='bbox 1618 1393 1681 1420; x_wconf 83' lang='grc' dir='ltr'>οὐδὲ</span> <span class='ocrx_word' id='word_1_514' title='bbox 1701 1394 1790 1427; x_wconf 82' lang='grc' dir='ltr'>ἄλλως</span> <span class='ocrx_word' id='word_1_515' title='bbox 1810 1393 1871 1427; x_wconf 78' lang='grc' dir='ltr'><strong>ἐξέ-</strong></span> 
     </span>
    </p>
   </div>
   <div class='ocr_carea' id='block_1_74' title="bbox 1078 1438 1874 1476">
    <p class='ocr_par' dir='ltr' id='par_1_74' title="bbox 1078 1438 1874 1476">
     <span class='ocr_line' id='line_1_74' title="bbox 1078 1438 1874 1476; baseline 0.003 -11"><span class='ocrx_word' id='word_1_516' title='bbox 1078 1447 1141 1466; x_wconf 80' lang='grc' dir='ltr'>σται</span> <span class='ocrx_word' id='word_1_517' title='bbox 1161 1439 1212 1474; x_wconf 84' lang='grc' dir='ltr'><strong>γῆν</strong></span> <span class='ocrx_word' id='word_1_518' title='bbox 1224 1438 1273 1474; x_wconf 78' lang='grc' dir='ltr'>τὴν</span> <span class='ocrx_word' id='word_1_519' title='bbox 1291 1439 1435 1474; x_wconf 84' lang='grc' dir='ltr'>Ῥωμαίων</span> <span class='ocrx_word' id='word_1_520' title='bbox 1450 1440 1547 1467; x_wconf 82' lang='grc' dir='ltr'>πατεῖν</span> <span class='ocrx_word' id='word_1_521' title='bbox 1559 1440 1597 1476; x_wconf 84' lang='grc' dir='ltr'>μὴ</span> <span class='ocrx_word' id='word_1_522' title='bbox 1615 1440 1749 1476; x_wconf 85' lang='grc' dir='ltr'>πρότερον</span> <span class='ocrx_word' id='word_1_523' title='bbox 1764 1439 1874 1472; x_wconf 82' lang='grc' dir='ltr'>πίστεις</span> 
     </span>
    </p>
   </div>
   <div class='ocr_carea' id='block_1_75' title="bbox 1079 1485 1872 1522">
    <p class='ocr_par' dir='ltr' id='par_1_75' title="bbox 1079 1485 1872 1522">
     <span class='ocr_line' id='line_1_75' title="bbox 1079 1485 1872 1522; baseline 0.003 -10"><span class='ocrx_word' id='word_1_524' title='bbox 1079 1486 1146 1521; x_wconf 82' lang='grc' dir='ltr'>περὶ</span> <span class='ocrx_word' id='word_1_525' title='bbox 1158 1485 1205 1512; x_wconf 77' lang='grc' dir='ltr'>τοῦ</span> <span class='ocrx_word' id='word_1_526' title='bbox 1219 1485 1302 1520; x_wconf 76' lang='grc' dir='ltr'>μηδὲν</span> <span class='ocrx_word' id='word_1_527' title='bbox 1330 1486 1471 1522; x_wconf 82' lang='grc' dir='ltr'>ἀδικήσειν</span> <span class='ocrx_word' id='word_1_528' title='bbox 1485 1487 1637 1519; x_wconf 82' lang='grc' dir='ltr'>δεδωκότας</span> <span class='ocrx_word' id='word_1_529' title='bbox 1652 1486 1768 1522; x_wconf 80' lang='grc' dir='ltr'>βασιλεῖ.</span> <span class='ocrx_word' id='word_1_530' title='bbox 1787 1487 1872 1514; x_wconf 82' lang='grc' dir='ltr'>Ὥστε</span> 
     </span>
    </p>
   </div>
   <div class='ocr_carea' id='block_1_76' title="bbox 1078 1531 1872 1568">
    <p class='ocr_par' dir='ltr' id='par_1_76' title="bbox 1078 1531 1872 1568">
     <span class='ocr_line' id='line_1_76' title="bbox 1078 1531 1872 1568; baseline 0 -9"><span class='ocrx_word' id='word_1_531' title='bbox 1078 1533 1103 1559; x_wconf 82' lang='grc' dir='ltr'>ει</span> <span class='ocrx_word' id='word_1_532' title='bbox 1121 1532 1159 1568; x_wconf 86' lang='grc' dir='ltr'>μὴ</span> <span class='ocrx_word' id='word_1_533' title='bbox 1174 1532 1335 1568; x_wconf 78' lang='grc' dir='ltr'>ψευδορκεῖν</span> <span class='ocrx_word' id='word_1_534' title='bbox 1354 1532 1490 1567; x_wconf 82' lang='grc' dir='ltr'>μέλλοιτε,</span> <span class='ocrx_word' id='word_1_535' title='bbox 1506 1532 1533 1559; x_wconf 84' lang='grc' dir='ltr'><strong>τί</strong></span> <span class='ocrx_word' id='word_1_536' title='bbox 1549 1531 1587 1568; x_wconf 83' lang='grc' dir='ltr'>μὴ</span> <span class='ocrx_word' id='word_1_537' title='bbox 1599 1533 1627 1559; x_wconf 83' lang='grc' dir='ltr'>ὲν</span> <span class='ocrx_word' id='word_1_538' title='bbox 1641 1532 1680 1568; x_wconf 84' lang='grc' dir='ltr'>τῷ</span> <span class='ocrx_word' id='word_1_539' title='bbox 1696 1533 1816 1568; x_wconf 75' lang='grc' dir='ltr'>ιμιρανεϊ</span> <span class='ocrx_word' id='word_1_540' title='bbox 1824 1533 1872 1559; x_wconf 65' lang='grc' dir='ltr'><strong>τὶν</strong></span> 
     </span>
    </p>
   </div>
   <div class='ocr_carea' id='block_1_77' title="bbox 1078 1578 1873 1614">
    <p class='ocr_par' dir='ltr' id='par_1_77' title="bbox 1078 1578 1873 1614">
     <span class='ocr_line' id='line_1_77' title="bbox 1078 1578 1873 1614; baseline -0.003 -7"><span class='ocrx_word' id='word_1_541' title='bbox 1078 1580 1198 1614; x_wconf 86' lang='grc' dir='ltr'>πόλεμον</span> <span class='ocrx_word' id='word_1_542' title='bbox 1216 1580 1318 1614; x_wconf 75' lang='grc' dir='ltr'>ἆγε-τες</span> <span class='ocrx_word' id='word_1_543' title='bbox 1345 1579 1494 1614; x_wconf 79' lang='grc' dir='ltr'>Ῥωμαίοις</span> <span class='ocrx_word' id='word_1_544' title='bbox 1510 1579 1565 1614; x_wconf 86' lang='grc' dir='ltr'><strong>γὰρ</strong></span> <span class='ocrx_word' id='word_1_545' title='bbox 1580 1579 1628 1606; x_wconf 75' lang='grc' dir='ltr'>καὶ</span> <span class='ocrx_word' id='word_1_546' title='bbox 1648 1580 1681 1606; x_wconf 86' lang='grc' dir='ltr'>ὲκ</span> <span class='ocrx_word' id='word_1_547' title='bbox 1699 1578 1748 1606; x_wconf 77' lang='grc' dir='ltr'>τοῦ</span> <span class='ocrx_word' id='word_1_548' title='bbox 1768 1578 1873 1610; x_wconf 83' lang='grc' dir='ltr'>εὐθέως</span> 
     </span>
    </p>
   </div>
   <div class='ocr_carea' id='block_1_78' title="bbox 1074 1624 1873 1661">
    <p class='ocr_par' dir='ltr' id='par_1_78' title="bbox 1074 1624 1873 1661">
     <span class='ocr_line' id='line_1_78' title="bbox 1074 1624 1873 1661; baseline -0.001 -9"><span class='ocrx_word' id='word_1_549' title='bbox 1074 1625 1285 1661; x_wconf 80' lang='grc' dir='ltr'>διαρυήχεσθαι,</span> <span class='ocrx_word' id='word_1_550' title='bbox 1312 1625 1432 1660; x_wconf 72' lang='grc' dir='ltr'>χαλεπὸν</span> <span class='ocrx_word' id='word_1_551' title='bbox 1448 1625 1513 1659; x_wconf 83' lang='grc' dir='ltr'>ὑμῖν</span> <span class='ocrx_word' id='word_1_552' title='bbox 1533 1624 1622 1652; x_wconf 72' lang='grc' dir='ltr'>ἔσται.</span> <span class='ocrx_word' id='word_1_553' title='bbox 1652 1625 1683 1653; x_wconf 86' lang='grc' dir='ltr'><strong>Εί</strong></span> <span class='ocrx_word' id='word_1_554' title='bbox 1700 1624 1729 1652; x_wconf 81' lang='grc' dir='ltr'>δὲ</span> <span class='ocrx_word' id='word_1_555' title='bbox 1755 1625 1803 1652; x_wconf 72' lang='grc' dir='ltr'>καὶ</span> <span class='ocrx_word' id='word_1_556' title='bbox 1820 1624 1873 1652; x_wconf 80' lang='grc' dir='ltr'>σὺν</span> 
     </span>
    </p>
   </div>
   <div class='ocr_carea' id='block_1_79' title="bbox 1074 1670 1872 1707">
    <p class='ocr_par' dir='ltr' id='par_1_79' title="bbox 1074 1670 1872 1707">
     <span class='ocr_line' id='line_1_79' title="bbox 1074 1670 1872 1707; baseline 0 -9"><span class='ocrx_word' id='word_1_557' title='bbox 1074 1672 1204 1707; x_wconf 76' lang='grc' dir='ltr'>ἐπιορκία</span> <span class='ocrx_word' id='word_1_558' title='bbox 1219 1671 1266 1698; x_wconf 83' lang='grc' dir='ltr'>τὸν</span> <span class='ocrx_word' id='word_1_559' title='bbox 1282 1671 1343 1698; x_wconf 79' lang='grc' dir='ltr'><strong>κατ¹¹</strong></span> <span class='ocrx_word' id='word_1_560' title='bbox 1363 1671 1454 1699; x_wconf 79' lang='grc' dir='ltr'>αὐτῶν</span> <span class='ocrx_word' id='word_1_561' title='bbox 1474 1670 1618 1706; x_wconf 78' lang='grc' dir='ltr'>διαφέρετε</span> <span class='ocrx_word' id='word_1_562' title='bbox 1636 1671 1767 1707; x_wconf 86' lang='grc' dir='ltr'>πόλεμον,</span> <span class='ocrx_word' id='word_1_563' title='bbox 1779 1671 1872 1707; x_wconf 71' lang='grc' dir='ltr'>πολλῷ</span> 
     </span>
    </p>
   </div>
   <div class='ocr_carea' id='block_1_80' title="bbox 1068 1716 1872 1753">
    <p class='ocr_par' dir='ltr' id='par_1_80' title="bbox 1068 1716 1872 1753">
     <span class='ocr_line' id='line_1_80' title="bbox 1068 1716 1872 1753; baseline 0 -10"><span class='ocrx_word' id='word_1_564' title='bbox 1068 1716 1104 1752; x_wconf 81' lang='grc' dir='ltr'>δὴ</span> <span class='ocrx_word' id='word_1_565' title='bbox 1119 1716 1313 1753; x_wconf 85' lang='grc' dir='ltr'>χαλεπώτερον</span> <span class='ocrx_word' id='word_1_566' title='bbox 1324 1726 1331 1733; x_wconf 75' lang='grc' dir='ltr'>σ</span> <span class='ocrx_word' id='word_1_567' title='bbox 1353 1716 1413 1752; x_wconf 86' lang='grc' dir='ltr'><strong>Θεῷ</strong></span> <span class='ocrx_word' id='word_1_568' title='bbox 1427 1717 1482 1753; x_wconf 73' lang='grc' dir='ltr'>γὰρ</span> <span class='ocrx_word' id='word_1_569' title='bbox 1498 1716 1545 1743; x_wconf 76' lang='grc' dir='ltr'>καὶ</span> <span class='ocrx_word' id='word_1_570' title='bbox 1567 1717 1601 1752; x_wconf 78' lang='grc' dir='ltr'>τῇ</span> <span class='ocrx_word' id='word_1_571' title='bbox 1631 1716 1774 1751; x_wconf 84' lang='grc' dir='ltr'>Ῥωμαίων</span> <span class='ocrx_word' id='word_1_572' title='bbox 1797 1716 1872 1752; x_wconf 75' lang='grc' dir='ltr'>ἰσχύϊ</span> 
     </span>
    </p>
   </div>
   <div class='ocr_carea' id='block_1_81' title="bbox 1071 1762 1870 1799">
    <p class='ocr_par' dir='ltr' id='par_1_81' title="bbox 1071 1762 1870 1799">
     <span class='ocr_line' id='line_1_81' title="bbox 1071 1762 1870 1799; baseline -0.001 -9"><span class='ocrx_word' id='word_1_573' title='bbox 1071 1764 1201 1799; x_wconf 75' lang='grc' dir='ltr'>πολεμεῖν</span> <span class='ocrx_word' id='word_1_574' title='bbox 1217 1763 1343 1790; x_wconf 82' lang='grc' dir='ltr'>λείπεται</span> <span class='ocrx_word' id='word_1_575' title='bbox 1361 1763 1445 1799; x_wconf 81' lang='grc' dir='ltr'>ὑμᾶς.</span> <span class='ocrx_word' id='word_1_576' title='bbox 1466 1763 1496 1789; x_wconf 83' lang='lat' dir='ltr'><strong>El</strong></span> <span class='ocrx_word' id='word_1_577' title='bbox 1510 1762 1539 1790; x_wconf 80' lang='grc' dir='ltr'>δὲ</span> <span class='ocrx_word' id='word_1_578' title='bbox 1555 1765 1602 1790; x_wconf 76' lang='grc' dir='ltr'>καὶ</span> <span class='ocrx_word' id='word_1_579' title='bbox 1621 1762 1745 1797; x_wconf 66' lang='grc' dir='ltr'>ἀληθίζῃ</span> <span class='ocrx_word' id='word_1_580' title='bbox 1769 1762 1800 1789; x_wconf 76' lang='grc' dir='ltr'>τὸ</span> <span class='ocrx_word' id='word_1_581' title='bbox 1823 1763 1870 1798; x_wconf 74' lang='grc' dir='ltr'><strong>φί-</strong></span> 
     </span>
    </p>
   </div>
   <div class='ocr_carea' id='block_1_82' title="bbox 1071 1808 1871 1845">
    <p class='ocr_par' dir='ltr' id='par_1_82' title="bbox 1071 1808 1871 1845">
     <span class='ocr_line' id='line_1_82' title="bbox 1071 1808 1871 1845; baseline 0 -9"><span class='ocrx_word' id='word_1_582' title='bbox 1071 1809 1128 1836; x_wconf 91' lang='grc' dir='ltr'>λιον</span> <span class='ocrx_word' id='word_1_583' title='bbox 1143 1810 1172 1837; x_wconf 85' lang='grc' dir='ltr'>ὲν</span> <span class='ocrx_word' id='word_1_584' title='bbox 1187 1810 1254 1845; x_wconf 86' lang='grc' dir='ltr'>ὑμῖν</span> <span class='ocrx_word' id='word_1_585' title='bbox 1260 1831 1268 1844; x_wconf 74' lang='grc'><strong>,</strong></span> <span class='ocrx_word' id='word_1_586' title='bbox 1281 1809 1332 1836; x_wconf 80' lang='grc' dir='ltr'>καὶ</span> <span class='ocrx_word' id='word_1_587' title='bbox 1344 1809 1419 1841; x_wconf 81' lang='grc' dir='ltr'>δόλος</span> <span class='ocrx_word' id='word_1_588' title='bbox 1432 1809 1521 1840; x_wconf 70' lang='grc' dir='ltr'>οὐδεὶς</span> <span class='ocrx_word' id='word_1_589' title='bbox 1531 1808 1713 1844; x_wconf 79' lang='grc' dir='ltr'>ὐποκάθηται,</span> <span class='ocrx_word' id='word_1_590' title='bbox 1733 1808 1826 1844; x_wconf 78' lang='grc' dir='ltr'>ὅρκοις</span> <span class='ocrx_word' id='word_1_591' title='bbox 1839 1809 1871 1836; x_wconf 77' lang='grc' dir='ltr'><strong>τὸ</strong></span> 
     </span>
    </p>
   </div>
   <div class='ocr_carea' id='block_1_83' title="bbox 1072 1850 1870 1887">
    <p class='ocr_par' dir='ltr' id='par_1_83' title="bbox 1072 1850 1870 1887">
     <span class='ocr_line' id='line_1_83' title="bbox 1072 1850 1870 1887; baseline -0.001 -9"><span class='ocrx_word' id='word_1_592' title='bbox 1072 1851 1190 1887; x_wconf 80' lang='grc' dir='ltr'>πρᾶγμα</span> <span class='ocrx_word' id='word_1_593' title='bbox 1204 1851 1389 1887; x_wconf 77' lang='grc' dir='ltr'>βεὸαιώσασιν</span> <span class='ocrx_word' id='word_1_594' title='bbox 1402 1850 1512 1883; x_wconf 75' lang='grc' dir='ltr'>ἐξέσται</span> <span class='ocrx_word' id='word_1_595' title='bbox 1524 1851 1562 1883; x_wconf 86' lang='grc' dir='ltr'>ὡς</span> <span class='ocrx_word' id='word_1_596' title='bbox 1587 1850 1632 1877; x_wconf 87' lang='grc' dir='ltr'><strong>διὰ</strong></span> <span class='ocrx_word' id='word_1_597' title='bbox 1645 1850 1737 1885; x_wconf 82' lang='grc' dir='ltr'>φιλίας</span> <span class='ocrx_word' id='word_1_598' title='bbox 1753 1851 1803 1885; x_wconf 84' lang='grc' dir='ltr'>τῆς</span> <span class='ocrx_word' id='word_1_599' title='bbox 1818 1850 1870 1886; x_wconf 84' lang='grc' dir='ltr'>βα-</span> 
     </span>
    </p>
   </div>
   <div class='ocr_carea' id='block_1_84' title="bbox 1072 1895 1870 1932">
    <p class='ocr_par' dir='ltr' id='par_1_84' title="bbox 1072 1895 1870 1932">
     <span class='ocr_line' id='line_1_84' title="bbox 1072 1895 1870 1932; baseline -0.003 -8"><span class='ocrx_word' id='word_1_600' title='bbox 1072 1897 1171 1928; x_wconf 80' lang='grc' dir='ltr'>σιλέως</span> <span class='ocrx_word' id='word_1_601' title='bbox 1187 1897 1308 1932; x_wconf 84' lang='grc' dir='ltr'>μεγάλου</span> <span class='ocrx_word' id='word_1_602' title='bbox 1326 1897 1395 1924; x_wconf 80' lang='grc' dir='ltr'>ιὲναι</span> <span class='ocrx_word' id='word_1_603' title='bbox 1409 1897 1472 1932; x_wconf 86' lang='grc' dir='ltr'>γῆς,</span> <span class='ocrx_word' id='word_1_604' title='bbox 1486 1896 1620 1931; x_wconf 77' lang='grc' dir='ltr'>ὑποδοχῆς</span> <span class='ocrx_word' id='word_1_605' title='bbox 1634 1904 1664 1922; x_wconf 86' lang='grc' dir='ltr'><strong>τε</strong></span> <span class='ocrx_word' id='word_1_606' title='bbox 1681 1895 1870 1927; x_wconf 82' lang='grc' dir='ltr'>ἀπολαύοντας</span> 
     </span>
    </p>
   </div>
   <div class='ocr_carea' id='block_1_85' title="bbox 1072 1942 1865 1978">
    <p class='ocr_par' dir='ltr' id='par_1_85' title="bbox 1072 1942 1865 1978">
     <span class='ocr_line' id='line_1_85' title="bbox 1072 1942 1865 1978; baseline -0.003 -8"><span class='ocrx_word' id='word_1_607' title='bbox 1072 1944 1113 1976; x_wconf 73' lang='grc' dir='ltr'>εἰς</span> <span class='ocrx_word' id='word_1_608' title='bbox 1128 1944 1159 1971; x_wconf 79' lang='grc' dir='ltr'>τὸ</span> <span class='ocrx_word' id='word_1_609' title='bbox 1175 1943 1249 1975; x_wconf 81' lang='grc' dir='ltr'>είκδς</span> <span class='ocrx_word' id='word_1_610' title='bbox 1262 1944 1309 1970; x_wconf 73' lang='grc' dir='ltr'>καὶ</span> <span class='ocrx_word' id='word_1_611' title='bbox 1328 1942 1529 1978; x_wconf 68' lang='grc' dir='ltr'>φιλοφροσύνης</span> <span class='ocrx_word' id='word_1_612' title='bbox 1543 1942 1593 1978; x_wconf 83' lang='grc' dir='ltr'>τῆς</span> <span class='ocrx_word' id='word_1_613' title='bbox 1613 1942 1708 1977; x_wconf 82' lang='grc' dir='ltr'>ἄλλης.</span> <span class='ocrx_word' id='word_1_614' title='bbox 1721 1951 1732 1968; x_wconf 67' lang='grc' dir='ltr'><strong>ο</strong></span> <span class='ocrx_word' id='word_1_615' title='bbox 1752 1943 1782 1968; x_wconf 92' lang='grc' dir='ltr'>Οί</span> <span class='ocrx_word' id='word_1_616' title='bbox 1799 1942 1865 1978; x_wconf 84' lang='grc' dir='ltr'>πρέ-</span> 
     </span>
    </p>
   </div>
   <div class='ocr_carea' id='block_1_86' title="bbox 1075 1982 1870 2025">
    <p class='ocr_par' dir='ltr' id='par_1_86' title="bbox 1075 1982 1870 2025">
     <span class='ocr_line' id='line_1_86' title="bbox 1075 1982 1870 2025; baseline -0.004 -8"><span class='ocrx_word' id='word_1_617' title='bbox 1075 1990 1150 2022; x_wconf 81' lang='grc' dir='ltr'>σδεις</span> <span class='ocrx_word' id='word_1_618' title='bbox 1173 1989 1223 2025; x_wconf 77' lang='grc' dir='ltr'>μὲν</span> <span class='ocrx_word' id='word_1_619' title='bbox 1245 1990 1366 2016; x_wconf 78' lang='grc' dir='ltr'>τοσαῦτα</span> <span class='ocrx_word' id='word_1_620' title='bbox 1393 1987 1473 2017; x_wconf 77' lang='grc' dir='ltr'>εἷπον</span> <span class='ocrx_word' id='word_1_621' title='bbox 1489 1997 1495 2004; x_wconf 94' lang='grc'><strong>·</strong></span> <span class='ocrx_word' id='word_1_622' title='bbox 1517 1989 1542 2016; x_wconf 84' lang='grc' dir='ltr'>οἱ</span> <span class='ocrx_word' id='word_1_623' title='bbox 1568 1989 1597 2016; x_wconf 81' lang='grc' dir='ltr'>δὲ</span> <span class='ocrx_word' id='word_1_624' title='bbox 1619 1988 1754 2024; x_wconf 81' lang='grc' dir='ltr'>συνῄεσαν</span> <span class='ocrx_word' id='word_1_625' title='bbox 1773 1982 1828 2024; x_wconf 70' lang='grc' dir='ltr'><strong>γὰρ</strong></span> <span class='ocrx_word' id='word_1_626' title='bbox 1839 1985 1870 2019; x_wconf 75' lang='grc' dir='ltr'>ἐς</span> 
     </span>
    </p>
   </div>
   <div class='ocr_carea' id='block_1_87' title="bbox 1072 2034 1868 2073">
    <p class='ocr_par' dir='ltr' id='par_1_87' title="bbox 1072 2034 1868 2073">
     <span class='ocr_line' id='line_1_87' title="bbox 1072 2034 1868 2073; baseline -0.005 -9"><span class='ocrx_word' id='word_1_627' title='bbox 1072 2037 1171 2064; x_wconf 64' lang='grc' dir='ltr'>ταύτὴν</span> <span class='ocrx_word' id='word_1_628' title='bbox 1199 2036 1274 2072; x_wconf 72' lang='grc' dir='ltr'>παρὰ</span> <span class='ocrx_word' id='word_1_629' title='bbox 1296 2036 1346 2072; x_wconf 81' lang='grc' dir='ltr'>τὴν</span> <span class='ocrx_word' id='word_1_630' title='bbox 1368 2035 1512 2073; x_wconf 78' lang='grc' dir='ltr'>Κορῤάδου</span> <span class='ocrx_word' id='word_1_631' title='bbox 1543 2035 1591 2062; x_wconf 80' lang='grc' dir='ltr'>τοῦ</span> <span class='ocrx_word' id='word_1_632' title='bbox 1623 2034 1785 2070; x_wconf 84' lang='grc' dir='ltr'>’Λλαμανῶν</span> <span class='ocrx_word' id='word_1_633' title='bbox 1815 2034 1868 2069; x_wconf 77' lang='grc' dir='ltr'>ρη-</span> 
     </span>
    </p>
   </div>
   <div class='ocr_carea' id='block_1_88' title="bbox 1073 2080 1869 2120">
    <p class='ocr_par' dir='ltr' id='par_1_88' title="bbox 1073 2080 1869 2120">
     <span class='ocr_line' id='line_1_88' title="bbox 1073 2080 1869 2120; baseline -0.005 -10"><span class='ocrx_word' id='word_1_634' title='bbox 1073 2083 1121 2118; x_wconf 83' lang='grc' dir='ltr'><strong>γδς</strong></span> <span class='ocrx_word' id='word_1_635' title='bbox 1151 2084 1206 2120; x_wconf 80' lang='grc'><strong>(85)</strong></span> <span class='ocrx_word' id='word_1_636' title='bbox 1223 2083 1326 2120; x_wconf 84' lang='grc' dir='ltr'>σκηνὴν</span> <span class='ocrx_word' id='word_1_637' title='bbox 1359 2083 1408 2110; x_wconf 72' lang='grc' dir='ltr'>ἅτε</span> <span class='ocrx_word' id='word_1_638' title='bbox 1432 2083 1467 2110; x_wconf 80' lang='grc' dir='ltr'><strong>τὰ</strong></span> <span class='ocrx_word' id='word_1_639' title='bbox 1491 2082 1626 2118; x_wconf 77' lang='grc' dir='ltr'>πρεσϐεῖα</span> <span class='ocrx_word' id='word_1_640' title='bbox 1654 2082 1708 2109; x_wconf 84' lang='grc' dir='ltr'>τῶν</span> <span class='ocrx_word' id='word_1_641' title='bbox 1740 2081 1792 2108; x_wconf 86' lang='grc' dir='ltr'>ἀνὰ</span> <span class='ocrx_word' id='word_1_642' title='bbox 1818 2080 1869 2115; x_wconf 84' lang='grc' dir='ltr'><strong>τὴν</strong></span> 
     </span>
    </p>
   </div>
   <div class='ocr_carea' id='block_1_89' title="bbox 1073 2125 1869 2166">
    <p class='ocr_par' dir='ltr' id='par_1_89' title="bbox 1073 2125 1869 2166">
     <span class='ocr_line' id='line_1_89' title="bbox 1073 2125 1869 2166; baseline -0.005 -9"><span class='ocrx_word' id='word_1_643' title='bbox 1073 2131 1206 2166; x_wconf 78' lang='grc' dir='ltr'>ἑσπερίαν</span> <span class='ocrx_word' id='word_1_644' title='bbox 1221 2131 1299 2166; x_wconf 80' lang='grc' dir='ltr'>λῆξιν</span> <span class='ocrx_word' id='word_1_645' title='bbox 1320 2130 1451 2166; x_wconf 79' lang='grc' dir='ltr'>λαχόντος</span> <span class='ocrx_word' id='word_1_646' title='bbox 1475 2129 1573 2162; x_wconf 70' lang='grc' dir='ltr'>ἐθνῶν,</span> <span class='ocrx_word' id='word_1_647' title='bbox 1590 2129 1642 2163; x_wconf 14' lang='grc' dir='ltr'>,ἐπὶ</span> <span class='ocrx_word' id='word_1_648' title='bbox 1665 2127 1745 2163; x_wconf 86' lang='grc' dir='ltr'><strong>κακῷ</strong></span> <span class='ocrx_word' id='word_1_649' title='bbox 1762 2127 1812 2163; x_wconf 81' lang='grc' dir='ltr'>μὲν</span> <span class='ocrx_word' id='word_1_650' title='bbox 1829 2125 1869 2161; x_wconf 86' lang='grc' dir='ltr'>τῷ</span> 
     </span>
    </p>
   </div>
   <div class='ocr_carea' id='block_1_90' title="bbox 904 2190 1194 2230">
    <p class='ocr_par' dir='ltr' id='par_1_90' title="bbox 904 2190 1194 2230">
     <span class='ocr_line' id='line_1_90' title="bbox 904 2190 1194 2230; baseline 0.003 -8"><span class='ocrx_word' id='word_1_651' title='bbox 904 2191 954 2222; x_wconf 85' lang='grc' dir='ltr'>Βυ</span> <span class='ocrx_word' id='word_1_652' title='bbox 973 2190 1083 2230; x_wconf 82' lang='lat' dir='ltr'><strong>Cangii</strong></span> <span class='ocrx_word' id='word_1_653' title='bbox 1099 2195 1194 2223; x_wconf 73' lang='lat' dir='ltr'><strong>notm.</strong></span> 
     </span>
    </p>
   </div>
   <div class='ocr_carea' id='block_1_91' title="bbox 220 2238 1017 2276">
    <p class='ocr_par' dir='ltr' id='par_1_91' title="bbox 220 2238 1017 2276">
     <span class='ocr_line' id='line_1_91' title="bbox 220 2238 1017 2276; baseline 0.004 -8"><span class='ocrx_word' id='word_1_654' title='bbox 220 2240 327 2276; x_wconf 75' lang='lat' dir='ltr'><strong>Chron.</strong></span> <span class='ocrx_word' id='word_1_655' title='bbox 345 2238 489 2276; x_wconf 66' lang='lat' dir='ltr'><strong>Yosicnse,</strong></span> <span class='ocrx_word' id='word_1_656' title='bbox 512 2247 547 2276; x_wconf 50' lang='grc' dir='ltr'>ε,</span> <span class='ocrx_word' id='word_1_657' title='bbox 562 2239 612 2274; x_wconf 75' lang='lat'><strong>52;</strong></span> <span class='ocrx_word' id='word_1_658' title='bbox 631 2239 769 2269; x_wconf 81' lang='lat' dir='ltr'><strong>Robcrtus</strong></span> <span class='ocrx_word' id='word_1_659' title='bbox 785 2242 818 2270; x_wconf 89' lang='lat' dir='ltr'><strong>de</strong></span> <span class='ocrx_word' id='word_1_660' title='bbox 841 2242 942 2276; x_wconf 84' lang='lat' dir='ltr'><strong>Monte,</strong></span> <span class='ocrx_word' id='word_1_661' title='bbox 971 2250 1017 2271; x_wconf 83' lang='lat' dir='ltr'><strong>an.</strong></span> 
     </span>
    </p>
   </div>
   <div class='ocr_carea' id='block_1_92' title="bbox 226 2275 1013 2314">
    <p class='ocr_par' dir='ltr' id='par_1_92' title="bbox 226 2275 1013 2314">
     <span class='ocr_line' id='line_1_92' title="bbox 226 2275 1013 2314; baseline 0.005 -12"><span class='ocrx_word' id='word_1_662' title='bbox 226 2275 314 2314; x_wconf 51' lang='lat' dir='ltr'><strong>filii;</strong></span> <span class='ocrx_word' id='word_1_663' title='bbox 342 2275 648 2314; x_wconf 75' lang='lat' dir='ltr'><strong>Gotefridus_Viterb._,</strong></span> <span class='ocrx_word' id='word_1_664' title='bbox 680 2281 753 2312; x_wconf 80' lang='lat' dir='ltr'><strong>part.</strong></span> <span class='ocrx_word' id='word_1_665' title='bbox 773 2285 851 2312; x_wconf 75' lang='lat' dir='ltr'><strong>xvu;</strong></span> <span class='ocrx_word' id='word_1_666' title='bbox 878 2275 1013 2314; x_wconf 79' lang='lat' dir='ltr'><strong>praeterea</strong></span> 
     </span>
    </p>
   </div>
   <div class='ocr_carea' id='block_1_93' title="bbox 224 2311 748 2346">
    <p class='ocr_par' dir='ltr' id='par_1_93' title="bbox 224 2311 748 2346">
     <span class='ocr_line' id='line_1_93' title="bbox 224 2311 748 2346; baseline 0 -6"><span class='ocrx_word' id='word_1_667' title='bbox 224 2311 348 2342; x_wconf 65' lang='lat' dir='ltr'><strong>Hicetas,</strong></span> <span class='ocrx_word' id='word_1_668' title='bbox 366 2312 391 2337; x_wconf 88' lang='lat' dir='ltr'><strong>in</strong></span> <span class='ocrx_word' id='word_1_669' title='bbox 406 2311 490 2345; x_wconf 69' lang='lat' dir='ltr'><strong>Mam,</strong></span> <span class='ocrx_word' id='word_1_670' title='bbox 505 2311 524 2337; x_wconf 95' lang='lat' dir='ltr'><strong>l.</strong></span> <span class='ocrx_word' id='word_1_671' title='bbox 540 2318 559 2343; x_wconf 82' lang='grc' dir='ltr'><strong>ι,</strong></span> <span class='ocrx_word' id='word_1_672' title='bbox 575 2318 600 2338; x_wconf 87' lang='lat' dir='ltr'><strong>c.</strong></span> <span class='ocrx_word' id='word_1_673' title='bbox 620 2311 638 2338; x_wconf 71' lang='grc'>4</span> <span class='ocrx_word' id='word_1_674' title='bbox 649 2311 748 2346; x_wconf 58' lang='grc' dir='ltr'>οιεεᾳ.</span> 
     </span>
    </p>
   </div>
   <div class='ocr_carea' id='block_1_94' title="bbox 262 2346 1017 2383">
    <p class='ocr_par' dir='ltr' id='par_1_94' title="bbox 262 2346 1017 2383">
     <span class='ocr_line' id='line_1_94' title="bbox 262 2346 1017 2383; baseline 0.003 -10"><span class='ocrx_word' id='word_1_675' title='bbox 262 2347 319 2383; x_wconf 85' lang='grc'><strong>(81)</strong></span> <span class='ocrx_word' id='word_1_676' title='bbox 339 2347 480 2383; x_wconf 59' lang='lat' dir='ltr'><strong>Epirum.</strong></span> <span class='ocrx_word' id='word_1_677' title='bbox 507 2346 654 2383; x_wconf 67' lang='lat' dir='ltr'><strong>Britannos</strong></span> <span class='ocrx_word' id='word_1_678' title='bbox 677 2353 703 2375; x_wconf 90' lang='lat' dir='ltr'><strong>et</strong></span> <span class='ocrx_word' id='word_1_679' title='bbox 726 2348 837 2377; x_wconf 84' lang='lat' dir='ltr'><strong>Brittios</strong></span> <span class='ocrx_word' id='word_1_680' title='bbox 863 2348 1017 2383; x_wconf 86' lang='lat' dir='ltr'><strong>promiscue</strong></span> 
     </span>
    </p>
   </div>
   <div class='ocr_carea' id='block_1_95' title="bbox 226 2380 1013 2417">
    <p class='ocr_par' dir='ltr' id='par_1_95' title="bbox 226 2380 1013 2417">
     <span class='ocr_line' id='line_1_95' title="bbox 226 2380 1013 2417; baseline 0.003 -9"><span class='ocrx_word' id='word_1_681' title='bbox 226 2380 346 2417; x_wconf 84' lang='lat' dir='ltr'><strong>appellat</strong></span> <span class='ocrx_word' id='word_1_682' title='bbox 362 2382 511 2417; x_wconf 72' lang='lat' dir='ltr'><strong>Cinnamus</strong></span> <span class='ocrx_word' id='word_1_683' title='bbox 527 2380 673 2408; x_wconf 67' lang='lat' dir='ltr'><strong>Britannum</strong></span> <span class='ocrx_word' id='word_1_684' title='bbox 694 2383 789 2410; x_wconf 82' lang='lat' dir='ltr'><strong>insqu</strong></span> <span class='ocrx_word' id='word_1_685' title='bbox 808 2380 928 2411; x_wconf 77' lang='lat' dir='ltr'><strong>incolas:</strong></span> <span class='ocrx_word' id='word_1_686' title='bbox 944 2383 1013 2411; x_wconf 59' lang='lat' dir='ltr'><strong>Brit«</strong></span> 
     </span>
    </p>
   </div>
   <div class='ocr_carea' id='block_1_96' title="bbox 225 2416 1017 2452">
    <p class='ocr_par' dir='ltr' id='par_1_96' title="bbox 225 2416 1017 2452">
     <span class='ocr_line' id='line_1_96' title="bbox 225 2416 1017 2452; baseline 0.004 -9"><span class='ocrx_word' id='word_1_687' title='bbox 225 2416 302 2452; x_wconf 79' lang='lat' dir='ltr'><strong>tiam.</strong></span> <span class='ocrx_word' id='word_1_688' title='bbox 319 2424 365 2444; x_wconf 92' lang='lat' dir='ltr'><strong>seu</strong></span> <span class='ocrx_word' id='word_1_689' title='bbox 382 2416 507 2452; x_wconf 83' lang='grc' dir='ltr'>Βριτίαν,</span> <span class='ocrx_word' id='word_1_690' title='bbox 529 2417 645 2443; x_wconf 77' lang='lat' dir='ltr'><strong>insulam</strong></span> <span class='ocrx_word' id='word_1_691' title='bbox 665 2417 749 2451; x_wconf 86' lang='lat' dir='ltr'><strong>ipsam</strong></span> <span class='ocrx_word' id='word_1_692' title='bbox 772 2418 934 2452; x_wconf 86' lang='lat' dir='ltr'><strong>Procopius,</strong></span> <span class='ocrx_word' id='word_1_693' title='bbox 954 2420 973 2446; x_wconf 92' lang='lat' dir='ltr'><strong>l.</strong></span> <span class='ocrx_word' id='word_1_694' title='bbox 988 2427 1017 2446; x_wconf 88' lang='lat' dir='ltr'><strong>tv</strong></span> 
     </span>
    </p>
   </div>
   <div class='ocr_carea' id='block_1_97' title="bbox 225 2451 1015 2488">
    <p class='ocr_par' dir='ltr' id='par_1_97' title="bbox 225 2451 1015 2488">
     <span class='ocr_line' id='line_1_97' title="bbox 225 2451 1015 2488; baseline 0.003 -9"><span class='ocrx_word' id='word_1_695' title='bbox 225 2451 266 2488; x_wconf 69' lang='lat' dir='ltr'><strong>De</strong></span> <span class='ocrx_word' id='word_1_696' title='bbox 289 2452 360 2488; x_wconf 81' lang='lat' dir='ltr'><strong>bello</strong></span> <span class='ocrx_word' id='word_1_697' title='bbox 385 2451 512 2480; x_wconf 87' lang='lat' dir='ltr'><strong>Gothico.</strong></span> <span class='ocrx_word' id='word_1_698' title='bbox 528 2452 569 2478; x_wconf 87' lang='lat' dir='ltr'><strong>Ad</strong></span> <span class='ocrx_word' id='word_1_699' title='bbox 591 2452 770 2485; x_wconf 85' lang='lat' dir='ltr'><strong>Britanniam,</strong></span> <span class='ocrx_word' id='word_1_700' title='bbox 788 2462 836 2481; x_wconf 90' lang='lat' dir='ltr'><strong>seu</strong></span> <span class='ocrx_word' id='word_1_701' title='bbox 857 2451 1015 2488; x_wconf 83' lang='lat' dir='ltr'><strong>Britannos,</strong></span> 
     </span>
    </p>
   </div>
   <div class='ocr_carea' id='block_1_98' title="bbox 240 2486 1015 2524">
    <p class='ocr_par' dir='ltr' id='par_1_98' title="bbox 240 2486 1015 2524">
     <span class='ocr_line' id='line_1_98' title="bbox 240 2486 1015 2524; baseline 0.004 -11"><span class='ocrx_word' id='word_1_702' title='bbox 240 2486 550 2524; x_wconf 22' lang='lat' dir='ltr'><strong>Pfl§9jrfortespectat</strong></span> <span class='ocrx_word' id='word_1_703' title='bbox 570 2494 711 2524; x_wconf 79' lang='lat' dir='ltr'><strong>nummus,</strong></span> <span class='ocrx_word' id='word_1_704' title='bbox 742 2489 768 2515; x_wconf 93' lang='lat' dir='ltr'><strong>in</strong></span> <span class='ocrx_word' id='word_1_705' title='bbox 798 2497 853 2524; x_wconf 91' lang='lat' dir='ltr'><strong>quo</strong></span> <span class='ocrx_word' id='word_1_706' title='bbox 880 2486 1015 2524; x_wconf 78' lang='lat' dir='ltr'><strong>scriptum</strong></span> 
     </span>
    </p>
   </div>
   <div class='ocr_carea' id='block_1_99' title="bbox 224 2522 1015 2558">
    <p class='ocr_par' dir='ltr' id='par_1_99' title="bbox 224 2522 1015 2558">
     <span class='ocr_line' id='line_1_99' title="bbox 224 2522 1015 2558; baseline 0.003 -9"><span class='ocrx_word' id='word_1_707' title='bbox 224 2522 412 2557; x_wconf 55' lang='grc' dir='ltr'><strong>’ΒΡΕΤἹΊιΝ</strong></span> <span class='ocrx_word' id='word_1_708' title='bbox 430 2522 541 2558; x_wconf 82' lang='lat' dir='ltr'><strong>Cuan</strong></span> <span class='ocrx_word' id='word_1_709' title='bbox 561 2523 680 2558; x_wconf 20' lang='lat' dir='ltr'><strong>supinor,</strong></span> <span class='ocrx_word' id='word_1_710' title='bbox 698 2530 743 2550; x_wconf 87' lang='lat' dir='ltr'><strong>seu</strong></span> <span class='ocrx_word' id='word_1_711' title='bbox 770 2522 879 2553; x_wconf 81' lang='lat' dir='ltr'><strong>inverso</strong></span> <span class='ocrx_word' id='word_1_712' title='bbox 891 2545 898 2558; x_wconf 96' lang='lat'><strong>,</strong></span> <span class='ocrx_word' id='word_1_713' title='bbox 917 2522 965 2558; x_wconf 76' lang='lat' dir='ltr'><strong>pro</strong></span> <span class='ocrx_word' id='word_1_714' title='bbox 983 2525 1015 2557; x_wconf 85' lang='grc' dir='ltr'>Ω,</span> 
     </span>
    </p>
   </div>
   <div class='ocr_carea' id='block_1_100' title="bbox 227 2533 1014 2595">
    <p class='ocr_par' dir='ltr' id='par_1_100' title="bbox 227 2533 1014 2595">
     <span class='ocr_line' id='line_1_100' title="bbox 227 2533 1014 2558; baseline 0.003 -9"><span class='ocrx_word' id='word_1_715' title='bbox 227 2533 309 2549; x_wconf 74' lang='lat' dir='ltr'><strong>Drnx</strong></span> <span class='ocrx_word' id='word_1_716' title='bbox 324 2533 412 2557; x_wconf 54' lang='lat' dir='ltr'><strong>ll‘Ll‘.</strong></span> <span class='ocrx_word' id='word_1_717' title='bbox 430 2533 498 2549; x_wconf 74' lang='grc' dir='ltr'>υιιιιι</span> <span class='ocrx_word' id='word_1_718' title='bbox 525 2533 537 2548; x_wconf 84' lang='grc' dir='ltr'><strong>ι</strong></span> <span class='ocrx_word' id='word_1_719' title='bbox 565 2533 680 2555; x_wconf 71' lang='lat' dir='ltr'><strong>supino,</strong></span> <span class='ocrx_word' id='word_1_720' title='bbox 698 2533 743 2550; x_wconf 76' lang='lat' dir='ltr'><strong>seu</strong></span> <span class='ocrx_word' id='word_1_721' title='bbox 770 2533 879 2553; x_wconf 80' lang='lat' dir='ltr'><strong>inverso</strong></span> <span class='ocrx_word' id='word_1_722' title='bbox 891 2545 898 2558; x_wconf 92' lang='lat'><strong>,</strong></span> <span class='ocrx_word' id='word_1_723' title='bbox 937 2533 965 2552; x_wconf 91' lang='lat' dir='ltr'><strong>l&#39;0</strong></span> <span class='ocrx_word' id='word_1_724' title='bbox 983 2533 1014 2557; x_wconf 78' lang='grc' dir='ltr'>υ,</span> 
     </span>
     <span class='ocr_line' id='line_1_101' title="bbox 227 2533 1014 2595; baseline 0.005 -11"><span class='ocrx_word' id='word_1_725' title='bbox 227 2563 258 2595; x_wconf 82' lang='lat' dir='ltr'><strong>ut</strong></span> <span class='ocrx_word' id='word_1_726' title='bbox 272 2558 402 2595; x_wconf 81' lang='lat' dir='ltr'><strong>in_altero</strong></span> <span class='ocrx_word' id='word_1_727' title='bbox 417 2557 676 2595; x_wconf 55' lang='grc' dir='ltr'><strong>ΜᾼΣΣΔΛΙΗΈιΝ.</strong></span> <span class='ocrx_word' id='word_1_728' title='bbox 692 2558 771 2593; x_wconf 84' lang='lat' dir='ltr'><strong>Apud</strong></span> <span class='ocrx_word' id='word_1_729' title='bbox 789 2560 891 2588; x_wconf 84' lang='lat' dir='ltr'><strong>Anton.</strong></span> <span class='ocrx_word' id='word_1_730' title='bbox 907 2533 1014 2595; x_wconf 45' lang='grc' dir='ltr'>ἔνευε-</span> 
     </span>
    </p>
   </div>
   <div class='ocr_carea' id='block_1_101' title="bbox 227 2592 796 2627">
    <p class='ocr_par' dir='ltr' id='par_1_101' title="bbox 227 2592 796 2627">
     <span class='ocr_line' id='line_1_102' title="bbox 227 2592 796 2627; baseline 0.002 -7"><span class='ocrx_word' id='word_1_731' title='bbox 227 2594 278 2620; x_wconf 88' lang='lat' dir='ltr'><strong>tin.</strong></span> <span class='ocrx_word' id='word_1_732' title='bbox 296 2593 399 2626; x_wconf 78' lang='lat' dir='ltr'><strong>Dialog.</strong></span> <span class='ocrx_word' id='word_1_733' title='bbox 419 2593 434 2619; x_wconf 82' lang='grc' dir='ltr'><strong>ϐ</strong></span> <span class='ocrx_word' id='word_1_734' title='bbox 451 2593 586 2627; x_wconf 82' lang='lat' dir='ltr'><strong>Autiquit.</strong></span> <span class='ocrx_word' id='word_1_735' title='bbox 601 2592 796 2621; x_wconf 77' lang='lat' dir='ltr'><strong>Romanarum.</strong></span> 
     </span>
    </p>
   </div>
   <div class='ocr_carea' id='block_1_102' title="bbox 263 2627 1015 2663">
    <p class='ocr_par' dir='ltr' id='par_1_102' title="bbox 263 2627 1015 2663">
     <span class='ocr_line' id='line_1_103' title="bbox 263 2627 1015 2663; baseline 0.004 -8"><span class='ocrx_word' id='word_1_736' title='bbox 263 2629 319 2663; x_wconf 72' lang='lat'><strong>(82)</strong></span> <span class='ocrx_word' id='word_1_737' title='bbox 340 2627 552 2661; x_wconf 72' lang='grc' dir='ltr'>Ἀλέξανδρον.</span> <span class='ocrx_word' id='word_1_738' title='bbox 570 2628 725 2655; x_wconf 81' lang='lat' dir='ltr'><strong>Alexander</strong></span> <span class='ocrx_word' id='word_1_739' title='bbox 744 2629 871 2657; x_wconf 64' lang='lat' dir='ltr'><strong>Gravius:</strong></span> <span class='ocrx_word' id='word_1_740' title='bbox 886 2631 913 2658; x_wconf 96' lang='lat' dir='ltr'><strong>in</strong></span> <span class='ocrx_word' id='word_1_741' title='bbox 939 2630 1015 2658; x_wconf 78' lang='lat' dir='ltr'><strong>Italia</strong></span> 
     </span>
    </p>
   </div>
   <div class='ocr_carea' id='block_1_103' title="bbox 226 2663 1015 2698">
    <p class='ocr_par' dir='ltr' id='par_1_103' title="bbox 226 2663 1015 2698">
     <span class='ocr_line' id='line_1_104' title="bbox 226 2663 1015 2698; baseline 0.004 -7"><span class='ocrx_word' id='word_1_742' title='bbox 226 2671 330 2694; x_wconf 84' lang='lat' dir='ltr'><strong>comes,</strong></span> <span class='ocrx_word' id='word_1_743' title='bbox 349 2671 363 2690; x_wconf 87' lang='lat' dir='ltr'><strong>a</strong></span> <span class='ocrx_word' id='word_1_744' title='bbox 381 2664 498 2697; x_wconf 71' lang='lat' dir='ltr'><strong>ltogerio</strong></span> <span class='ocrx_word' id='word_1_745' title='bbox 514 2663 616 2690; x_wconf 64' lang='lat' dir='ltr'><strong>Siciliae</strong></span> <span class='ocrx_word' id='word_1_746' title='bbox 637 2671 700 2698; x_wconf 78' lang='lat' dir='ltr'><strong>rege</strong></span> <span class='ocrx_word' id='word_1_747' title='bbox 721 2666 941 2698; x_wconf 86' lang='lat' dir='ltr'><strong>possessionibus</strong></span> <span class='ocrx_word' id='word_1_748' title='bbox 959 2667 1015 2694; x_wconf 85' lang='lat' dir='ltr'><strong>suis</strong></span> 
     </span>
    </p>
   </div>
   <div class='ocr_carea' id='block_1_104' title="bbox 225 2699 1013 2735">
    <p class='ocr_par' dir='ltr' id='par_1_104' title="bbox 225 2699 1013 2735">
     <span class='ocr_line' id='line_1_105' title="bbox 225 2699 1013 2735; baseline 0.001 -10"><span class='ocrx_word' id='word_1_749' title='bbox 225 2704 336 2734; x_wconf 87' lang='lat' dir='ltr'><strong>propter</strong></span> <span class='ocrx_word' id='word_1_750' title='bbox 352 2699 526 2726; x_wconf 86' lang='lat' dir='ltr'><strong>rebellionem</strong></span> <span class='ocrx_word' id='word_1_751' title='bbox 543 2704 650 2733; x_wconf 87' lang='lat' dir='ltr'><strong>exutus,</strong></span> <span class='ocrx_word' id='word_1_752' title='bbox 663 2699 689 2726; x_wconf 93' lang='lat' dir='ltr'><strong>in</strong></span> <span class='ocrx_word' id='word_1_753' title='bbox 708 2699 871 2727; x_wconf 84' lang='lat' dir='ltr'><strong>Dalmatiam</strong></span> <span class='ocrx_word' id='word_1_754' title='bbox 884 2702 1013 2735; x_wconf 88' lang='lat' dir='ltr'><strong>primum,</strong></span> 
     </span>
    </p>
   </div>
   <div class='ocr_carea' id='block_1_105' title="bbox 229 2734 1016 2769">
    <p class='ocr_par' dir='ltr' id='par_1_105' title="bbox 229 2734 1016 2769">
     <span class='ocr_line' id='line_1_106' title="bbox 229 2734 1016 2769; baseline 0.004 -9"><span class='ocrx_word' id='word_1_755' title='bbox 229 2741 294 2761; x_wconf 86' lang='lat' dir='ltr'><strong>mox</strong></span> <span class='ocrx_word' id='word_1_756' title='bbox 319 2734 583 2768; x_wconf 83' lang='lat' dir='ltr'><strong>Constantinopolim</strong></span> <span class='ocrx_word' id='word_1_757' title='bbox 599 2736 632 2761; x_wconf 87' lang='lat' dir='ltr'><strong>ad</strong></span> <span class='ocrx_word' id='word_1_758' title='bbox 659 2735 851 2769; x_wconf 79' lang='lat' dir='ltr'><strong>imperatorem</strong></span> <span class='ocrx_word' id='word_1_759' title='bbox 867 2736 1016 2763; x_wconf 85' lang='lat' dir='ltr'><strong>Manuelem</strong></span> 
     </span>
    </p>
   </div>
   <div class='ocr_carea' id='block_1_106' title="bbox 228 2770 1016 2805">
    <p class='ocr_par' dir='ltr' id='par_1_106' title="bbox 228 2770 1016 2805">
     <span class='ocr_line' id='line_1_107' title="bbox 228 2770 1016 2805; baseline 0.003 -9"><span class='ocrx_word' id='word_1_760' title='bbox 228 2770 385 2805; x_wconf 70' lang='lat' dir='ltr'><strong>profectus,</strong></span> <span class='ocrx_word' id='word_1_761' title='bbox 404 2770 492 2796; x_wconf 89' lang='lat' dir='ltr'><strong>eidem</strong></span> <span class='ocrx_word' id='word_1_762' title='bbox 515 2771 644 2804; x_wconf 86' lang='lat' dir='ltr'><strong>deinceps</strong></span> <span class='ocrx_word' id='word_1_763' title='bbox 661 2771 807 2803; x_wconf 84' lang='lat' dir='ltr'><strong>militavit,</strong></span> <span class='ocrx_word' id='word_1_764' title='bbox 829 2771 865 2798; x_wconf 91' lang='lat' dir='ltr'><strong>uti</strong></span> <span class='ocrx_word' id='word_1_765' title='bbox 891 2771 1016 2805; x_wconf 85' lang='lat' dir='ltr'><strong>pluribus</strong></span> 
     </span>
    </p>
   </div>
   <div class='ocr_carea' id='block_1_107' title="bbox 227 2804 1016 2839">
    <p class='ocr_par' dir='ltr' id='par_1_107' title="bbox 227 2804 1016 2839">
     <span class='ocr_line' id='line_1_108' title="bbox 227 2804 1016 2839; baseline 0.005 -9"><span class='ocrx_word' id='word_1_766' title='bbox 227 2809 342 2832; x_wconf 84' lang='lat' dir='ltr'><strong>narrant</strong></span> <span class='ocrx_word' id='word_1_767' title='bbox 356 2804 477 2837; x_wconf 87' lang='lat' dir='ltr'><strong>Nicetas,</strong></span> <span class='ocrx_word' id='word_1_768' title='bbox 491 2805 517 2831; x_wconf 89' lang='lat' dir='ltr'><strong>in</strong></span> <span class='ocrx_word' id='word_1_769' title='bbox 533 2804 605 2831; x_wconf 84' lang='lat' dir='ltr'><strong>Man.</strong></span> <span class='ocrx_word' id='word_1_770' title='bbox 620 2805 637 2831; x_wconf 89' lang='lat' dir='ltr'><strong>l.</strong></span> <span class='ocrx_word' id='word_1_771' title='bbox 649 2812 679 2838; x_wconf 85' lang='lat' dir='ltr'><strong>tl,</strong></span> <span class='ocrx_word' id='word_1_772' title='bbox 694 2814 722 2832; x_wconf 83' lang='grc' dir='ltr'>ιι.</span> <span class='ocrx_word' id='word_1_773' title='bbox 735 2805 767 2839; x_wconf 85' lang='grc'><strong>6;</strong></span> <span class='ocrx_word' id='word_1_774' title='bbox 784 2804 938 2833; x_wconf 79' lang='lat' dir='ltr'><strong>Alexander</strong></span> <span class='ocrx_word' id='word_1_775' title='bbox 953 2806 1016 2834; x_wconf 80' lang='lat' dir='ltr'><strong>abb.</strong></span> 
     </span>
    </p>
   </div>
   <div class='ocr_carea' id='block_1_108' title="bbox 226 2839 1016 2876">
    <p class='ocr_par' dir='ltr' id='par_1_108' title="bbox 226 2839 1016 2876">
     <span class='ocr_line' id='line_1_109' title="bbox 226 2839 1016 2876; baseline 0.003 -10"><span class='ocrx_word' id='word_1_776' title='bbox 226 2839 379 2876; x_wconf 75' lang='lat' dir='ltr'><strong>Celcsinus,</strong></span> <span class='ocrx_word' id='word_1_777' title='bbox 395 2839 414 2876; x_wconf 54' lang='grc' dir='ltr'><strong>1ζ</strong></span> <span class='ocrx_word' id='word_1_778' title='bbox 432 2839 622 2876; x_wconf 35' lang='grc' dir='ltr'>ιζίὶθιξκεθειτ</span> <span class='ocrx_word' id='word_1_779' title='bbox 639 2839 740 2876; x_wconf 76' lang='lat' dir='ltr'><strong>Roger.</strong></span> <span class='ocrx_word' id='word_1_780' title='bbox 754 2841 831 2869; x_wconf 88' lang='lat' dir='ltr'><strong>Sicil.</strong></span> <span class='ocrx_word' id='word_1_781' title='bbox 846 2849 904 2876; x_wconf 72' lang='lat' dir='ltr'><strong>reg.</strong></span> <span class='ocrx_word' id='word_1_782' title='bbox 919 2849 944 2869; x_wconf 88' lang='lat' dir='ltr'><strong>c.</strong></span> <span class='ocrx_word' id='word_1_783' title='bbox 966 2842 1016 2874; x_wconf 73' lang='lat' dir='ltr'><strong>l9;</strong></span> 
     </span>
    </p>
   </div>
   <div class='ocr_carea' id='block_1_109' title="bbox 228 2874 1015 2914">
    <p class='ocr_par' dir='ltr' id='par_1_109' title="bbox 228 2874 1015 2914">
     <span class='ocr_line' id='line_1_110' title="bbox 228 2874 1015 2914; baseline 0.005 -13"><span class='ocrx_word' id='word_1_784' title='bbox 228 2875 247 2902; x_wconf 97' lang='lat' dir='ltr'><strong>l.</strong></span> <span class='ocrx_word' id='word_1_785' title='bbox 268 2882 297 2908; x_wconf 88' lang='lat' dir='ltr'><strong>tl,</strong></span> <span class='ocrx_word' id='word_1_786' title='bbox 329 2883 354 2903; x_wconf 89' lang='lat' dir='ltr'><strong>c.</strong></span> <span class='ocrx_word' id='word_1_787' title='bbox 381 2875 427 2909; x_wconf 78' lang='lat'><strong>55,</strong></span> <span class='ocrx_word' id='word_1_788' title='bbox 445 2874 492 2914; x_wconf 61' lang='grc' dir='ltr'>δεῖ,</span> <span class='ocrx_word' id='word_1_789' title='bbox 514 2874 548 2902; x_wconf 78' lang='lat'><strong>57</strong></span> <span class='ocrx_word' id='word_1_790' title='bbox 566 2880 594 2903; x_wconf 89' lang='lat' dir='ltr'><strong>et</strong></span> <span class='ocrx_word' id='word_1_791' title='bbox 609 2875 662 2909; x_wconf 70' lang='lat'><strong>58;</strong></span> <span class='ocrx_word' id='word_1_792' title='bbox 679 2874 752 2904; x_wconf 85' lang='lat' dir='ltr'><strong>Otho</strong></span> <span class='ocrx_word' id='word_1_793' title='bbox 770 2874 890 2913; x_wconf 56' lang='lat' dir='ltr'><strong>Frising:</strong></span> <span class='ocrx_word' id='word_1_794' title='bbox 918 2878 936 2905; x_wconf 92' lang='lat' dir='ltr'><strong>l.</strong></span> <span class='ocrx_word' id='word_1_795' title='bbox 953 2885 960 2904; x_wconf 96' lang='grc' dir='ltr'><strong>ι</strong></span> <span class='ocrx_word' id='word_1_796' title='bbox 978 2877 1015 2905; x_wconf 84' lang='lat' dir='ltr'><strong>De</strong></span> 
     </span>
    </p>
   </div>
   <div class='ocr_carea' id='block_1_110' title="bbox 1036 2241 1865 2306">
    <p class='ocr_par' dir='ltr' id='par_1_110' title="bbox 1036 2241 1865 2306">
     <span class='ocr_line' id='line_1_111' title="bbox 1036 2241 1865 2306; baseline 0.001 -34"><span class='ocrx_word' id='word_1_797' title='bbox 1036 2250 1059 2280; x_wconf 74' lang='grc' dir='ltr'><strong>υ</strong></span> <span class='ocrx_word' id='word_1_798' title='bbox 1071 2249 1142 2306; x_wconf 60' lang='lat' dir='ltr'><strong>rest.</strong></span> <span class='ocrx_word' id='word_1_799' title='bbox 1152 2244 1241 2276; x_wconf 76' lang='lat' dir='ltr'><strong>Frid.,</strong></span> <span class='ocrx_word' id='word_1_800' title='bbox 1254 2252 1278 2271; x_wconf 91' lang='lat' dir='ltr'><strong>c.</strong></span> <span class='ocrx_word' id='word_1_801' title='bbox 1293 2244 1346 2278; x_wconf 68' lang='lat'><strong>24;</strong></span> <span class='ocrx_word' id='word_1_802' title='bbox 1363 2244 1381 2271; x_wconf 91' lang='lat' dir='ltr'><strong>l.</strong></span> <span class='ocrx_word' id='word_1_803' title='bbox 1396 2253 1426 2276; x_wconf 90' lang='grc' dir='ltr'><strong>ιι,</strong></span> <span class='ocrx_word' id='word_1_804' title='bbox 1440 2253 1464 2271; x_wconf 80' lang='lat' dir='ltr'><strong>c.</strong></span> <span class='ocrx_word' id='word_1_805' title='bbox 1479 2244 1507 2270; x_wconf 84' lang='lat' dir='ltr'><strong>ll</strong></span> <span class='ocrx_word' id='word_1_806' title='bbox 1523 2252 1529 2277; x_wconf 87' lang='lat'><strong><em>;</em></strong></span> <span class='ocrx_word' id='word_1_807' title='bbox 1543 2248 1570 2271; x_wconf 87' lang='lat' dir='ltr'><strong>et</strong></span> <span class='ocrx_word' id='word_1_808' title='bbox 1585 2242 1740 2271; x_wconf 87' lang='lat' dir='ltr'><strong>Willelmus</strong></span> <span class='ocrx_word' id='word_1_809' title='bbox 1753 2241 1865 2280; x_wconf 80' lang='lat' dir='ltr'><strong>Tyrius,</strong></span> 
     </span>
     <span class='ocr_line' id='line_1_112' title="bbox 1084 2279 1865 2306; baseline 0 0"><span class='ocrx_word' id='word_1_810' title='bbox 1084 2300 1090 2306; x_wconf 99' lang='lat'><strong>.</strong></span> <span class='ocrx_word' id='word_1_811' title='bbox 1116 2279 1166 2306; x_wconf 76' lang='lat'><strong>20.</strong></span> <span class='ocrx_word' id='word_1_812' title='bbox 1186 2287 1211 2306; x_wconf 68' lang='grc' dir='ltr'><strong>(ξ.</strong></span> <span class='ocrx_word' id='word_1_813' title='bbox 1230 2280 1246 2306; x_wconf 75' lang='grc'>4</span> <span class='ocrx_word' id='word_1_814' title='bbox 1264 2286 1290 2306; x_wconf 90' lang='lat' dir='ltr'><strong>et</strong></span> <span class='ocrx_word' id='word_1_815' title='bbox 1315 2281 1359 2306; x_wconf 72' lang='grc'><strong>14.</strong></span> <span class='ocrx_word' id='word_1_816' title='bbox 1384 2279 1510 2306; x_wconf 74' lang='lat' dir='ltr'><strong>Gravina:</strong></span> <span class='ocrx_word' id='word_1_817' title='bbox 1526 2280 1672 2306; x_wconf 87' lang='lat' dir='ltr'><strong>comitatus</strong></span> <span class='ocrx_word' id='word_1_818' title='bbox 1698 2282 1777 2306; x_wconf 84' lang='lat' dir='ltr'><strong>datus</strong></span> <span class='ocrx_word' id='word_1_819' title='bbox 1805 2286 1865 2306; x_wconf 80' lang='lat' dir='ltr'><strong>onst</strong></span> 
     </span>
    </p>
   </div>
   <div class='ocr_carea' id='block_1_111' title="bbox 1116 2279 1869 2314">
    <p class='ocr_par' dir='ltr' id='par_1_111' title="bbox 1116 2279 1869 2314">
     <span class='ocr_line' id='line_1_113' title="bbox 1116 2279 1869 2314; baseline 0.001 -8"><span class='ocrx_word' id='word_1_820' title='bbox 1116 2279 1166 2312; x_wconf 76' lang='lat'><strong>20,</strong></span> <span class='ocrx_word' id='word_1_821' title='bbox 1186 2287 1211 2307; x_wconf 88' lang='lat' dir='ltr'><strong>c.</strong></span> <span class='ocrx_word' id='word_1_822' title='bbox 1230 2280 1246 2307; x_wconf 75' lang='grc'><strong>4</strong></span> <span class='ocrx_word' id='word_1_823' title='bbox 1264 2286 1290 2308; x_wconf 89' lang='lat' dir='ltr'><strong>et</strong></span> <span class='ocrx_word' id='word_1_824' title='bbox 1315 2281 1359 2307; x_wconf 72' lang='grc'><strong>14.</strong></span> <span class='ocrx_word' id='word_1_825' title='bbox 1384 2279 1510 2307; x_wconf 74' lang='lat' dir='ltr'><strong>Gravina:</strong></span> <span class='ocrx_word' id='word_1_826' title='bbox 1526 2280 1672 2306; x_wconf 87' lang='lat' dir='ltr'><strong>comitatus</strong></span> <span class='ocrx_word' id='word_1_827' title='bbox 1698 2279 1783 2306; x_wconf 81' lang='lat' dir='ltr'><strong>datus</strong></span> <span class='ocrx_word' id='word_1_828' title='bbox 1805 2286 1869 2314; x_wconf 86' lang='lat' dir='ltr'><strong>post</strong></span> 
     </span>
    </p>
   </div>
   <div class='ocr_carea' id='block_1_112' title="bbox 1071 2314 1864 2350">
    <p class='ocr_par' dir='ltr' id='par_1_112' title="bbox 1071 2314 1864 2350">
     <span class='ocr_line' id='line_1_114' title="bbox 1071 2314 1864 2350; baseline 0.001 -9"><span class='ocrx_word' id='word_1_829' title='bbox 1071 2315 1130 2342; x_wconf 62' lang='lat' dir='ltr'><strong>haec</strong></span> <span class='ocrx_word' id='word_1_830' title='bbox 1149 2323 1163 2342; x_wconf 78' lang='grc' dir='ltr'><strong>ιι</strong></span> <span class='ocrx_word' id='word_1_831' title='bbox 1179 2315 1298 2350; x_wconf 84' lang='lat' dir='ltr'><strong>Rogerio</strong></span> <span class='ocrx_word' id='word_1_832' title='bbox 1313 2316 1389 2346; x_wconf 66' lang='lat' dir='ltr'><strong>Adae,</strong></span> <span class='ocrx_word' id='word_1_833' title='bbox 1405 2315 1488 2343; x_wconf 87' lang='lat' dir='ltr'><strong>nobili</strong></span> <span class='ocrx_word' id='word_1_834' title='bbox 1505 2320 1532 2342; x_wconf 89' lang='lat' dir='ltr'><strong>et</strong></span> <span class='ocrx_word' id='word_1_835' title='bbox 1556 2320 1670 2342; x_wconf 85' lang='lat' dir='ltr'><strong>strenuo</strong></span> <span class='ocrx_word' id='word_1_836' title='bbox 1687 2314 1864 2350; x_wconf 77' lang='lat' dir='ltr'><strong>adolescenti,</strong></span> 
     </span>
    </p>
   </div>
   <div class='ocr_carea' id='block_1_113' title="bbox 1068 2349 1866 2378">
    <p class='ocr_par' dir='ltr' id='par_1_113' title="bbox 1068 2349 1866 2378">
     <span class='ocr_line' id='line_1_115' title="bbox 1068 2349 1866 2378; baseline 0.003 -2"><span class='ocrx_word' id='word_1_837' title='bbox 1068 2350 1132 2377; x_wconf 65' lang='lat' dir='ltr'><strong>ﬁlia;</strong></span> <span class='ocrx_word' id='word_1_838' title='bbox 1149 2358 1204 2377; x_wconf 67' lang='lat' dir='ltr'><strong>sum</strong></span> <span class='ocrx_word' id='word_1_839' title='bbox 1224 2349 1333 2377; x_wconf 80' lang='lat' dir='ltr'><strong>marito.</strong></span> <span class='ocrx_word' id='word_1_840' title='bbox 1353 2350 1506 2377; x_wconf 82' lang='lat' dir='ltr'><strong>Alexander</strong></span> <span class='ocrx_word' id='word_1_841' title='bbox 1533 2349 1675 2377; x_wconf 82' lang='lat' dir='ltr'><strong>Celcsinns</strong></span> <span class='ocrx_word' id='word_1_842' title='bbox 1701 2349 1720 2375; x_wconf 92' lang='grc' dir='ltr'>Ι.</span> <span class='ocrx_word' id='word_1_843' title='bbox 1737 2349 1754 2376; x_wconf 78' lang='grc'><strong>5</strong></span> <span class='ocrx_word' id='word_1_844' title='bbox 1776 2357 1800 2377; x_wconf 92' lang='lat' dir='ltr'><strong>c.</strong></span> <span class='ocrx_word' id='word_1_845' title='bbox 1818 2351 1866 2378; x_wconf 76' lang='grc'><strong>26.</strong></span> 
     </span>
    </p>
   </div>
   <div class='ocr_carea' id='block_1_114' title="bbox 1117 2384 1868 2420">
    <p class='ocr_par' dir='ltr' id='par_1_114' title="bbox 1117 2384 1868 2420">
     <span class='ocr_line' id='line_1_116' title="bbox 1117 2384 1868 2420; baseline 0 -7"><span class='ocrx_word' id='word_1_846' title='bbox 1117 2385 1160 2420; x_wconf 79' lang='lat'><strong>85)</strong></span> <span class='ocrx_word' id='word_1_847' title='bbox 1185 2385 1240 2412; x_wconf 85' lang='grc' dir='ltr'><strong>Τοῦ</strong></span> <span class='ocrx_word' id='word_1_848' title='bbox 1267 2384 1441 2420; x_wconf 77' lang='grc' dir='ltr'><strong>Ἀλαμανῶν</strong></span> <span class='ocrx_word' id='word_1_849' title='bbox 1450 2386 1558 2420; x_wconf 67' lang='grc' dir='ltr'>ρηγός.</span> <span class='ocrx_word' id='word_1_850' title='bbox 1575 2385 1671 2412; x_wconf 88' lang='lat' dir='ltr'><strong>Mirum</strong></span> <span class='ocrx_word' id='word_1_851' title='bbox 1686 2391 1768 2419; x_wconf 87' lang='lat' dir='ltr'><strong>quam</strong></span> <span class='ocrx_word' id='word_1_852' title='bbox 1790 2384 1868 2413; x_wconf 65' lang='lat' dir='ltr'><strong>Gre:-</strong></span> 
     </span>
    </p>
   </div>
   <div class='ocr_carea' id='block_1_115' title="bbox 1068 2420 1865 2455">
    <p class='ocr_par' dir='ltr' id='par_1_115' title="bbox 1068 2420 1865 2455">
     <span class='ocr_line' id='line_1_117' title="bbox 1068 2420 1865 2455; baseline 0 -7"><span class='ocrx_word' id='word_1_853' title='bbox 1068 2420 1122 2448; x_wconf 84' lang='lat' dir='ltr'><strong>cull</strong></span> <span class='ocrx_word' id='word_1_854' title='bbox 1142 2421 1186 2448; x_wconf 86' lang='lat' dir='ltr'><strong>isti</strong></span> <span class='ocrx_word' id='word_1_855' title='bbox 1204 2420 1354 2455; x_wconf 88' lang='lat' dir='ltr'><strong>scriptores</strong></span> <span class='ocrx_word' id='word_1_856' title='bbox 1367 2421 1483 2455; x_wconf 88' lang='lat' dir='ltr'><strong>principi</strong></span> <span class='ocrx_word' id='word_1_857' title='bbox 1497 2428 1547 2448; x_wconf 84' lang='lat' dir='ltr'><strong>suo</strong></span> <span class='ocrx_word' id='word_1_858' title='bbox 1561 2420 1784 2453; x_wconf 84' lang='lat' dir='ltr'><strong>adblandiuntur,</strong></span> <span class='ocrx_word' id='word_1_859' title='bbox 1800 2421 1865 2448; x_wconf 87' lang='lat' dir='ltr'><strong>dum</strong></span> 
     </span>
    </p>
   </div>
   <div class='ocr_carea' id='block_1_116' title="bbox 1069 2455 1866 2492">
    <p class='ocr_par' dir='ltr' id='par_1_116' title="bbox 1069 2455 1866 2492">
     <span class='ocr_line' id='line_1_118' title="bbox 1069 2455 1866 2492; baseline 0 -9"><span class='ocrx_word' id='word_1_860' title='bbox 1069 2456 1247 2492; x_wconf 72' lang='lat' dir='ltr'><strong>imperatoris</strong></span> <span class='ocrx_word' id='word_1_861' title='bbox 1268 2456 1375 2484; x_wconf 91' lang='lat' dir='ltr'><strong>titulum</strong></span> <span class='ocrx_word' id='word_1_862' title='bbox 1404 2461 1431 2483; x_wconf 91' lang='lat' dir='ltr'><strong>et</strong></span> <span class='ocrx_word' id='word_1_863' title='bbox 1453 2456 1612 2492; x_wconf 77' lang='lat' dir='ltr'><strong>dignitatem</strong></span> <span class='ocrx_word' id='word_1_864' title='bbox 1630 2455 1694 2483; x_wconf 89' lang='lat' dir='ltr'><strong>huic</strong></span> <span class='ocrx_word' id='word_1_865' title='bbox 1717 2455 1767 2482; x_wconf 86' lang='lat' dir='ltr'><strong>soli</strong></span> <span class='ocrx_word' id='word_1_866' title='bbox 1788 2463 1866 2483; x_wconf 82' lang='lat' dir='ltr'><strong>asse-</strong></span> 
     </span>
    </p>
   </div>
   <div class='ocr_carea' id='block_1_117' title="bbox 1069 2490 1864 2526">
    <p class='ocr_par' dir='ltr' id='par_1_117' title="bbox 1069 2490 1864 2526">
     <span class='ocr_line' id='line_1_119' title="bbox 1069 2490 1864 2526; baseline -0.003 -7"><span class='ocrx_word' id='word_1_867' title='bbox 1069 2490 1145 2524; x_wconf 81' lang='lat' dir='ltr'><strong>runt,</strong></span> <span class='ocrx_word' id='word_1_868' title='bbox 1164 2490 1336 2519; x_wconf 88' lang='lat' dir='ltr'><strong>Germanicis</strong></span> <span class='ocrx_word' id='word_1_869' title='bbox 1357 2490 1492 2525; x_wconf 68' lang='lat' dir='ltr'><strong>Augustis</strong></span> <span class='ocrx_word' id='word_1_870' title='bbox 1511 2492 1656 2526; x_wconf 74' lang='lat' dir='ltr'><strong>denegauit,</strong></span> <span class='ocrx_word' id='word_1_871' title='bbox 1676 2498 1744 2524; x_wconf 86' lang='lat' dir='ltr'><strong>quos</strong></span> <span class='ocrx_word' id='word_1_872' title='bbox 1769 2498 1864 2525; x_wconf 82' lang='lat' dir='ltr'><strong>regunt</strong></span> 
     </span>
    </p>
   </div>
   <div class='ocr_carea' id='block_1_118' title="bbox 1069 2526 1866 2561">
    <p class='ocr_par' dir='ltr' id='par_1_118' title="bbox 1069 2526 1866 2561">
     <span class='ocr_line' id='line_1_120' title="bbox 1069 2526 1866 2561; baseline -0.003 -7"><span class='ocrx_word' id='word_1_873' title='bbox 1069 2528 1253 2561; x_wconf 81' lang='lat' dir='ltr'><strong>appellatione</strong></span> <span class='ocrx_word' id='word_1_874' title='bbox 1279 2527 1421 2554; x_wconf 80' lang='lat' dir='ltr'><strong>donandus</strong></span> <span class='ocrx_word' id='word_1_875' title='bbox 1452 2530 1555 2553; x_wconf 81' lang='lat' dir='ltr'><strong>tantum</strong></span> <span class='ocrx_word' id='word_1_876' title='bbox 1584 2530 1697 2553; x_wconf 88' lang='lat' dir='ltr'><strong>censent</strong></span> <span class='ocrx_word' id='word_1_877' title='bbox 1715 2530 1742 2561; x_wconf 83' lang='lat' dir='ltr'><strong>et</strong></span> <span class='ocrx_word' id='word_1_878' title='bbox 1759 2526 1866 2561; x_wconf 72' lang='lat' dir='ltr'><strong>volunt,</strong></span> 
     </span>
    </p>
   </div>
   <div class='ocr_carea' id='block_1_119' title="bbox 1068 2560 1864 2596">
    <p class='ocr_par' dir='ltr' id='par_1_119' title="bbox 1068 2560 1864 2596">
     <span class='ocr_line' id='line_1_121' title="bbox 1068 2560 1864 2596; baseline 0 -9"><span class='ocrx_word' id='word_1_879' title='bbox 1068 2560 1145 2596; x_wconf 73' lang='lat' dir='ltr'><strong>quasi</strong></span> <span class='ocrx_word' id='word_1_880' title='bbox 1161 2561 1318 2590; x_wconf 73' lang='lat' dir='ltr'><strong>Graecorum</strong></span> <span class='ocrx_word' id='word_1_881' title='bbox 1340 2567 1413 2590; x_wconf 85' lang='lat' dir='ltr'><strong>esset</strong></span> <span class='ocrx_word' id='word_1_882' title='bbox 1434 2562 1467 2589; x_wconf 83' lang='lat' dir='ltr'><strong>dc</strong></span> <span class='ocrx_word' id='word_1_883' title='bbox 1491 2561 1653 2596; x_wconf 76' lang='lat' dir='ltr'><strong>dignitatum</strong></span> <span class='ocrx_word' id='word_1_884' title='bbox 1670 2565 1698 2596; x_wconf 78' lang='lat' dir='ltr'><strong>et</strong></span> <span class='ocrx_word' id='word_1_885' title='bbox 1720 2560 1864 2588; x_wconf 86' lang='lat' dir='ltr'><strong>titulorum</strong></span> 
     </span>
    </p>
   </div>
   <div class='ocr_carea' id='block_1_120' title="bbox 1069 2594 1864 2632">
    <p class='ocr_par' dir='ltr' id='par_1_120' title="bbox 1069 2594 1864 2632">
     <span class='ocr_line' id='line_1_122' title="bbox 1069 2594 1864 2632; baseline -0.004 -8"><span class='ocrx_word' id='word_1_886' title='bbox 1069 2594 1277 2624; x_wconf 67' lang='lat' dir='ltr'><strong>lionorariorum</strong></span> <span class='ocrx_word' id='word_1_887' title='bbox 1300 2597 1478 2632; x_wconf 67' lang='lat' dir='ltr'><strong>praerogativa</strong></span> <span class='ocrx_word' id='word_1_888' title='bbox 1496 2594 1655 2632; x_wconf 75' lang='lat' dir='ltr'><strong>decernere.</strong></span> <span class='ocrx_word' id='word_1_889' title='bbox 1673 2594 1774 2622; x_wconf 83' lang='lat' dir='ltr'><strong>Verum</strong></span> <span class='ocrx_word' id='word_1_890' title='bbox 1792 2603 1864 2632; x_wconf 82' lang='lat' dir='ltr'><strong>mox</strong></span> 
     </span>
    </p>
   </div>
   <div class='ocr_carea' id='block_1_121' title="bbox 1069 2630 1863 2667">
    <p class='ocr_par' dir='ltr' id='par_1_121' title="bbox 1069 2630 1863 2667">
     <span class='ocr_line' id='line_1_123' title="bbox 1069 2630 1863 2667; baseline 0 -9"><span class='ocrx_word' id='word_1_891' title='bbox 1069 2632 1273 2666; x_wconf 82' lang='lat' dir='ltr'><strong>imperatoriam</strong></span> <span class='ocrx_word' id='word_1_892' title='bbox 1300 2630 1468 2667; x_wconf 66' lang='lat' dir='ltr'><strong>dignitatem</strong></span> <span class='ocrx_word' id='word_1_893' title='bbox 1497 2631 1557 2665; x_wconf 92' lang='lat' dir='ltr'><strong>plus</strong></span> <span class='ocrx_word' id='word_1_894' title='bbox 1591 2630 1659 2658; x_wconf 85' lang='lat' dir='ltr'><strong>satis</strong></span> <span class='ocrx_word' id='word_1_895' title='bbox 1687 2631 1812 2665; x_wconf 79' lang='lat' dir='ltr'><strong>agnoscit</strong></span> <span class='ocrx_word' id='word_1_896' title='bbox 1836 2631 1863 2658; x_wconf 90' lang='lat' dir='ltr'><strong>in</strong></span> 
     </span>
    </p>
   </div>
   <div class='ocr_carea' id='block_1_122' title="bbox 1069 2667 1867 2702">
    <p class='ocr_par' dir='ltr' id='par_1_122' title="bbox 1069 2667 1867 2702">
     <span class='ocr_line' id='line_1_124' title="bbox 1069 2667 1867 2702; baseline -0.001 -8"><span class='ocrx_word' id='word_1_897' title='bbox 1069 2667 1241 2695; x_wconf 83' lang='lat' dir='ltr'><strong>Germanicis</strong></span> <span class='ocrx_word' id='word_1_898' title='bbox 1254 2667 1434 2702; x_wconf 84' lang='lat' dir='ltr'><strong>principibus.</strong></span> <span class='ocrx_word' id='word_1_899' title='bbox 1444 2674 1514 2702; x_wconf 86' lang='lat' dir='ltr'><strong>quos</strong></span> <span class='ocrx_word' id='word_1_900' title='bbox 1525 2673 1557 2694; x_wconf 87' lang='lat' dir='ltr'><strong>eo</strong></span> <span class='ocrx_word' id='word_1_901' title='bbox 1570 2667 1679 2693; x_wconf 87' lang='lat' dir='ltr'><strong>nomine</strong></span> <span class='ocrx_word' id='word_1_902' title='bbox 1689 2673 1772 2702; x_wconf 81' lang='lat' dir='ltr'><strong>supra</strong></span> <span class='ocrx_word' id='word_1_903' title='bbox 1788 2673 1867 2700; x_wconf 77' lang='lat' dir='ltr'><strong>reges</strong></span> 
     </span>
    </p>
   </div>
   <div class='ocr_carea' id='block_1_123' title="bbox 1069 2701 1866 2736">
    <p class='ocr_par' dir='ltr' id='par_1_123' title="bbox 1069 2701 1866 2736">
     <span class='ocr_line' id='line_1_125' title="bbox 1069 2701 1866 2736; baseline -0.003 -7"><span class='ocrx_word' id='word_1_904' title='bbox 1069 2702 1154 2730; x_wconf 85' lang='lat' dir='ltr'><strong>fuisse</strong></span> <span class='ocrx_word' id='word_1_905' title='bbox 1170 2701 1269 2729; x_wconf 84' lang='lat' dir='ltr'><strong>innuit.</strong></span> <span class='ocrx_word' id='word_1_906' title='bbox 1289 2702 1354 2729; x_wconf 85' lang='lat' dir='ltr'><strong>Vide</strong></span> <span class='ocrx_word' id='word_1_907' title='bbox 1377 2701 1459 2730; x_wconf 79' lang='lat' dir='ltr'><strong>notas</strong></span> <span class='ocrx_word' id='word_1_908' title='bbox 1469 2702 1502 2729; x_wconf 81' lang='lat' dir='ltr'><strong>ad</strong></span> <span class='ocrx_word' id='word_1_909' title='bbox 1516 2702 1600 2729; x_wconf 66' lang='lat' dir='ltr'><strong>Anna:</strong></span> <span class='ocrx_word' id='word_1_910' title='bbox 1620 2709 1646 2736; x_wconf 89' lang='lat' dir='ltr'><strong>p.</strong></span> <span class='ocrx_word' id='word_1_911' title='bbox 1664 2702 1709 2729; x_wconf 80' lang='grc'><strong>50.</strong></span> <span class='ocrx_word' id='word_1_912' title='bbox 1730 2701 1866 2728; x_wconf 65' lang='lat' dir='ltr'><strong>Caeterum</strong></span> 
     </span>
    </p>
   </div>
   <div class='ocr_carea' id='block_1_124' title="bbox 1068 2736 1864 2772">
    <p class='ocr_par' dir='ltr' id='par_1_124' title="bbox 1068 2736 1864 2772">
     <span class='ocr_line' id='line_1_126' title="bbox 1068 2736 1864 2772; baseline -0.001 -8"><span class='ocrx_word' id='word_1_913' title='bbox 1068 2737 1213 2765; x_wconf 86' lang='lat' dir='ltr'><strong>Conradus</strong></span> <span class='ocrx_word' id='word_1_914' title='bbox 1227 2739 1384 2772; x_wconf 84' lang='lat' dir='ltr'><strong>priusquam</strong></span> <span class='ocrx_word' id='word_1_915' title='bbox 1403 2738 1454 2765; x_wconf 88' lang='lat' dir='ltr'><strong>iter</strong></span> <span class='ocrx_word' id='word_1_916' title='bbox 1468 2743 1627 2771; x_wconf 80' lang='lat' dir='ltr'><strong>capesseret</strong></span> <span class='ocrx_word' id='word_1_917' title='bbox 1640 2744 1688 2770; x_wconf 89' lang='lat' dir='ltr'><strong>per</strong></span> <span class='ocrx_word' id='word_1_918' title='bbox 1704 2736 1864 2764; x_wconf 72' lang='lat' dir='ltr'><strong>Graecorum</strong></span> 
     </span>
    </p>
   </div>
   <div class='ocr_carea' id='block_1_125' title="bbox 1070 2772 1867 2808">
    <p class='ocr_par' dir='ltr' id='par_1_125' title="bbox 1070 2772 1867 2808">
     <span class='ocr_line' id='line_1_127' title="bbox 1070 2772 1867 2808; baseline 0.001 -9"><span class='ocrx_word' id='word_1_919' title='bbox 1070 2774 1236 2807; x_wconf 76' lang='lat' dir='ltr'><strong>provincias,</strong></span> <span class='ocrx_word' id='word_1_920' title='bbox 1247 2775 1366 2808; x_wconf 77' lang='lat' dir='ltr'><strong>legatum</strong></span> <span class='ocrx_word' id='word_1_921' title='bbox 1380 2773 1492 2800; x_wconf 87' lang='lat' dir='ltr'><strong>miserat</strong></span> <span class='ocrx_word' id='word_1_922' title='bbox 1503 2773 1536 2799; x_wconf 81' lang='lat' dir='ltr'><strong>ad</strong></span> <span class='ocrx_word' id='word_1_923' title='bbox 1551 2772 1716 2805; x_wconf 79' lang='lat' dir='ltr'><strong>Manuelem,</strong></span> <span class='ocrx_word' id='word_1_924' title='bbox 1727 2780 1867 2800; x_wconf 79' lang='lat' dir='ltr'><strong>commea-</strong></span> 
     </span>
    </p>
   </div>
   <div class='ocr_carea' id='block_1_126' title="bbox 1070 2807 1866 2844">
    <p class='ocr_par' dir='ltr' id='par_1_126' title="bbox 1070 2807 1866 2844">
     <span class='ocr_line' id='line_1_128' title="bbox 1070 2807 1866 2844; baseline 0.003 -10"><span class='ocrx_word' id='word_1_925' title='bbox 1070 2812 1113 2844; x_wconf 74' lang='lat' dir='ltr'><strong>tus</strong></span> <span class='ocrx_word' id='word_1_926' title='bbox 1127 2814 1154 2834; x_wconf 85' lang='lat' dir='ltr'><strong>et</strong></span> <span class='ocrx_word' id='word_1_927' title='bbox 1171 2807 1302 2844; x_wconf 75' lang='lat' dir='ltr'><strong>transitus</strong></span> <span class='ocrx_word' id='word_1_928' title='bbox 1317 2809 1480 2842; x_wconf 87' lang='lat' dir='ltr'><strong>impetrandi</strong></span> <span class='ocrx_word' id='word_1_929' title='bbox 1497 2809 1596 2844; x_wconf 73' lang='lat' dir='ltr'><strong>gratia.</strong></span> <span class='ocrx_word' id='word_1_930' title='bbox 1609 2807 1646 2835; x_wconf 86' lang='lat' dir='ltr'><strong>De</strong></span> <span class='ocrx_word' id='word_1_931' title='bbox 1665 2809 1713 2840; x_wconf 73' lang='lat' dir='ltr'><strong>bac</strong></span> <span class='ocrx_word' id='word_1_932' title='bbox 1729 2808 1866 2843; x_wconf 78' lang='lat' dir='ltr'><strong>legatione</strong></span> 
     </span>
    </p>
   </div>
   <div class='ocr_carea' id='block_1_127' title="bbox 1069 2842 1460 2878">
    <p class='ocr_par' dir='ltr' id='par_1_127' title="bbox 1069 2842 1460 2878">
     <span class='ocr_line' id='line_1_129' title="bbox 1069 2842 1460 2878; baseline 0.005 -8"><span class='ocrx_word' id='word_1_933' title='bbox 1069 2842 1181 2871; x_wconf 84' lang='lat' dir='ltr'><strong>Nicctas</strong></span> <span class='ocrx_word' id='word_1_934' title='bbox 1197 2845 1223 2871; x_wconf 88' lang='lat' dir='ltr'><strong>in</strong></span> <span class='ocrx_word' id='word_1_935' title='bbox 1240 2843 1311 2871; x_wconf 83' lang='lat' dir='ltr'><strong>Man.</strong></span> <span class='ocrx_word' id='word_1_936' title='bbox 1330 2844 1383 2878; x_wconf 84' lang='grc' dir='ltr'>1.ι,</span> <span class='ocrx_word' id='word_1_937' title='bbox 1399 2852 1426 2870; x_wconf 90' lang='grc' dir='ltr'>ιι.</span> <span class='ocrx_word' id='word_1_938' title='bbox 1444 2844 1460 2872; x_wconf 77' lang='grc'><strong>4</strong></span> 
     </span>
    </p>
   </div>
  </div>
