1962 3074
131 131 186 163 389

756 130 899 161 HlSTOB
905 129 1034 161 IARUM
1055 129 1130 160 LIB.
1151 129 1189 159 ΙΙ.

1715 130 1767 160 300

133 185 286 220 Ῥωμαιων
307 185 386 220 ήκειν
411 184 519 220 ιὺδαμῆ
542 184 674 220 ἔφασκον,
696 184 750 212 κᾶν
775 185 867 220 δεήσοι
883 185 922 211 κα¹

982 189 1070 216 neret,
1085 185 1244 220 neutiquam
1267 191 1297 212 se
1318 183 1461 212 advenisse
1476 184 1612 218 dicebant,
1632 189 1662 213 ut
1677 185 1774 214 damna

128 231 224 266 ὅρκοις
239 230 269 257 τὸ
285 231 403 265 πρᾶγμα
420 229 594 263 πιστοῦσθαι,
610 231 774 267 ἐτοιμότατα
786 231 833 258 καὶ
847 231 928 257 τοῦτο

130 277 260 312 ποιήσειν
287 276 459 304 διετείνοντο.
485 277 547 304 Ἐπὶ
567 277 595 304 δὲ
624 277 809 312 Παλαιστίνην
835 277 927 308 αὐτοῖς

130 323 200 358 ὁρᾷν
213 322 262 358 τὴν
279 323 369 359 ὁρμὴν
398 323 446 350 καὶ
469 324 532 356 τοὺς
556 323 607 360 τήν
624 324 721 351 Ἀσίαν
745 324 926 359 λῃστεύοντας

131 368 252 404 Πέρσας.
275 369 359 401 Δόξαν
379 368 425 396 οὖν
449 369 521 396 οὕτω
548 370 700 405 Ῥωμαίοις
720 371 765 397 καὶ
783 371 824 402 εις
847 369 927 406 ἔργον

129 414 195 447 τοὺς
213 414 311 449 λόγους
330 415 429 450 ἐξῆγον
446 416 503 442 ὅσοι
526 425 555 443 τε
572 417 602 449 ἐς
620 418 688 448 τοὺς
706 417 792 452 ρἧας
807 418 854 443 καὶ
869 417 926 443 ¹ἁσοι

129 460 221 492 ἄλλως
241 460 359 493 ἐπίδοξοι
385 461 440 487 τῶν
463 463 492 488 ὲν
513 462 606 494 αὐτοῖς
628 460 710 498 ἦσαν,
732 462 837 490 δουκῶν
855 471 926 498 φημι

129 508 180 534 καὶ
194 507 335 543 κομήτων.
366 508 532 541 Ἰδιάζουσαι
557 509 587 535 δὲ
602 509 687 536 ταῦτα
709 509 793 545 ἀρχαὶ
810 509 857 536 καὶ
870 506 927 536 οἷόν

130 562 204 585 τινες
231 553 379 589 διαιρέσεις
406 556 439 582 ὲκ
462 555 510 582 τοῦ
529 555 578 590 τῆς
600 555 739 591 βασιλείας
762 555 926 590 καθιέμεναι

130 599 230 634 ὕψους,
242 601 427 633 γενικωτάτου
448 601 521 634 τινὸς
532 602 580 628 καὶ
591 602 789 637 ὑπερκειμένου
807 601 862 628 τῶν
880 601 926 628 ἄλ-

129 645 184 670 λων
199 647 375 681 πράγματος.
395 647 512 682 Κόμητα
525 647 575 682 μὲν
594 647 650 684 γὰρ
673 647 737 680 δοὺξ
752 647 925 683 ὑπεραναδέ-

129 693 212 729 δηκε,
245 694 329 721 δοῦκα
355 694 384 721 δὲ
416 692 450 721 αὖ
471 695 522 731 ρὴξ
546 695 593 722 καὶ
616 695 687 731 ρῆγα
709 694 847 730 βασιλεύς.
871 695 926 722 Καὶ

130 740 241 767 ὑπείκει
268 741 302 768 τὸ
330 741 547 777 καταδεέστερον
567 741 612 768 ἀεὶ
628 742 709 776 φύσει
727 741 766 776 τῷ
782 741 923 773 ἐπέκεινα,

129 786 250 822 πόλεμόν
266 796 296 814 τε
317 787 490 823 συνδιαφέρει
511 787 598 822 τούτῳ
615 787 672 823 (84)
685 788 732 815 καὶ
751 787 876 814 πείθεται
890 787 925 814 τά

129 840 164 866 γε
176 831 299 860 τοιαῦτα.
311 833 357 860 Διὸ
368 833 415 860 καὶ
430 833 545 869 βασιλέα
562 834 612 870 μὲν
634 834 808 870 ίμπεράτορα
829 835 923 862 καλεῖν

130 878 193 910 ιοος
209 879 336 911 Λατίνοις
355 880 415 906 ἐστὶ
426 881 471 907 τὸν
484 881 555 916 ὑπὲρ
570 881 698 908 ἐπέκεινα
714 881 922 918 αίνιττομένοις,

132 924 221 960 ῥῆγας
233 925 262 951 δὲ
274 926 338 957 τοὺς
352 925 409 952 ὅσοι
424 925 556 961 δευτέρας
571 926 698 962 εἰλήχασι
710 927 826 960 τάξεως.
842 927 924 954 Ἀλλὰ

128 971 219 997 ταῦτα
243 972 293 1006 μὲν
307 970 338 1008 [Ρ
348 971 395 1008 59]
424 971 496 999 οὕτω
520 972 671 1009 διῃρήσθω.
696 973 882 1000 Τελεσθέντων
895 973 924 1000 δὲ

129 1017 188 1048 τοῖς
208 1016 358 1052 πρέσϐεσιν
372 1014 409 1044 ὧν
420 1017 504 1044 ἕνεκα
519 1018 596 1052 παρὰ
617 1018 681 1050 τοὺς
700 1018 860 1054 Βαρϐάρους
872 1016 923 1054 ἦλ-

131 1062 190 1095 θον,
202 1064 279 1090 αὐτοὶ
293 1064 344 1098 μὲν
358 1063 387 1096 ἐς
404 1063 552 1096 Βυζάντιον
577 1063 814 1100 ὰπεκομίσθησαν,
830 1065 854 1091 οἱ
867 1065 924 1100 ρῆ-

131 1117 182 1142 γες
199 1109 227 1136 δὲ
240 1108 300 1136 ὁδοῦ
314 1109 345 1137 τὸ
363 1109 458 1137 λοιπον
481 1110 598 1146 εἴχοντο.
619 1111 656 1138 Οὐ
683 1111 776 1146 μέντοι
799 1111 924 1146 ἀλλήλοις

132 1154 298 1191 ἀνεμίγνυτο
313 1155 348 1182 τὰ
364 1155 568 1192 στρατεύματα,
594 1156 652 1183 ἀλλ’
663 1157 677 1183 ὁ
699 1156 748 1192 μὲν
772 1156 924 1193 Ἀλαμανδς

131 1202 280 1238 πρότερος,
300 1202 393 1234 πολλῷ
409 1202 438 1229 δὲ
457 1202 574 1230 κατόπιν
597 1204 611 1229 ὀ
630 1203 770 1238 Γερμανὸς
789 1203 845 1240 (85)
858 1205 923 1231 ἑπο-

132 1247 239 1282 petiero,
253 1248 304 1275 οὐκ
319 1247 378 1275 οἶδα
394 1249 455 1275 ὅτου
468 1248 548 1275 ἕνεκα
570 1247 626 1285 (86)
647 1249 729 1276 τοῦτο
747 1249 923 1286 ἐπιτηδεύον-

130 1303 187 1326 τες,
200 1295 255 1321 εἴτε
274 1295 322 1322 καὶ
336 1295 396 1323 καθ’
417 1296 514 1323 ἑαυτὸν
538 1296 670 1331 ἑκάτερος
687 1296 838 1333 ἀξιόμαχος
851 1295 922 1326 εἶναι

130 1342 381 1378 φιλοτιμούμενος,
414 1343 469 1370 εἴτε
497 1343 544 1371 καὶ
570 1343 633 1371 καθ’
666 1344 764 1371 ἑαυτὸν
792 1345 922 1380 ἑκάτερος

131 1390 282 1425 ἀξιόμαχος
294 1387 364 1417 εἶναι
380 1389 620 1426 φιλοτιμούμενοᾲ
637 1390 692 1417 εἴτε
713 1391 761 1417 καὶ
775 1391 809 1418 τὰ
824 1391 922 1427 ἐπιτή-

129 1435 190 1462 δεια
212 1437 249 1471 μὴ
269 1436 407 1463 ἐπιλιπεῖν
434 1437 505 1471 σφᾶς
529 1436 736 1472 προνοούμενοι.
765 1437 868 1473 ’ᾙεσαν
893 1438 921 1464 δὲ

130 1481 207 1516 ὅμως
218 1481 364 1517 ἀνάριθμοι
382 1481 428 1508 καὶ
442 1481 512 1516 ὑπὲρ
523 1481 572 1516 τὴν
590 1480 666 1516 παρὰ
694 1480 832 1507 θάλασσαν
845 1482 921 1517 ψάμ-

981 230 1031 257 ulla
1048 229 1180 258 inferrent
1204 230 1354 258 Romanis:
1371 231 1393 258 si
1421 239 1532 260 necesse
1561 231 1587 260 id
1612 232 1694 266 foret,
1714 241 1773 261 rem

979 278 1158 305 sacramentis
1177 285 1237 305 sese
1255 278 1420 311 ﬁrmaturos,
1443 279 1524 314 quue
1541 284 1574 307 se
1595 279 1713 308 libenter
1733 280 1775 308 l'a-

978 329 1071 352 cturos
1087 325 1260 356 asserebant,
1282 332 1343 352 cum
1365 325 1536 353 Palaestinam
1557 330 1585 354 et
1601 325 1775 355 incursantes

977 370 1071 399 Asiam
1088 371 1185 399 Persas
1202 375 1337 407 spectaret
1353 371 1386 398 ab
1404 372 1469 407 ipsis
1483 377 1607 407 suscepta
1625 373 1772 408 expeditio.

979 414 1041 444 llzpc
1054 417 1186 445 Romanis
1199 417 1416 452 acceptautibus,
1439 418 1584 446 confestim
1605 427 1665 454 qua:
1688 421 1772 448 dede-

978 468 1039 491 rant
1053 464 1147 496 verba,
1162 463 1235 492 iacto
1253 464 1312 498 ipso
1327 465 1522 492 conﬁrmavcte
1538 470 1670 501 quotquot
1686 467 1771 502 regia,

977 514 1024 537 aut
1039 510 1091 538 alia
1107 510 1204 546 quavis
1220 510 1316 537 illustri
1335 511 1468 546 dignitate
1485 512 1662 547 priestabant,
1673 513 1771 539 dttcum

977 554 1037 582 dico
1051 559 1078 582 et
1090 556 1231 584 comitum.
1245 556 1369 583 Gaudent
1387 564 1475 584 autem
1494 557 1624 592 singulari
1640 565 1687 584 sua
1702 565 1772 592 pra:-

977 601 1098 637 rogativa
1117 601 1249 636 ejusmodi
1268 602 1425 636 dignitates,
1443 603 1476 630 ab
1494 603 1672 638 imperatorio
1694 603 1772 630 fasti-

976 648 1031 683 gio,
1049 647 1120 682 quod
1144 649 1250 674 caneris
1272 648 1440 683 pratentinet,
1462 652 1490 676 et
1511 654 1526 675 a
1550 655 1604 683 quo
1624 648 1771 684 proﬂuunt,

976 694 1175 728 quodammodo
1205 699 1329 721 secretae.
1361 693 1495 722 Comitem
1528 694 1583 730 69
1614 695 1686 721 enim
1717 694 1771 721 dux

976 739 1116 775 praecellit,
1143 739 1238 767 ducem
1264 747 1327 767 vero
1352 747 1410 772 rex,
1439 747 1529 776 regem
1557 742 1724 774 imperator:
1746 744 1772 767 et

976 794 1036 813 cum
1052 785 1117 813 illud
1132 786 1203 821 quod
1221 786 1308 813 minus
1322 790 1363 813 est
1376 790 1470 821 suapte
1481 791 1577 813 natura
1590 786 1689 819 potiori
1705 786 1771 814 sub-

975 830 1078 864 iaceat,
1099 831 1162 859 belli
1192 839 1254 859 cum
1273 839 1306 859 eo
1328 832 1444 867 partitur
1467 839 1562 866 onera,
1588 831 1615 859 in
1638 832 1771 866 ejusmodi

978 878 1058 905 rebus
1086 882 1184 906 caetera
1214 878 1349 906 subditus.
1375 878 1548 914 Quapropter
1575 886 1656 914 quem
1683 877 1769 906 (ΞΓωοί

976 924 1088 960 βασιλέα
1104 930 1212 959 vocant,
1236 925 1324 953 Latini
1352 925 1543 960 imperatorem
1568 925 1704 961 appellare
1725 933 1771 952 so-

975 969 1044 1003 lent,
1061 978 1215 1005 supremam
1230 971 1301 998 illitis
1319 975 1481 1006 potestatem
1501 971 1647 999 innuentes
1662 980 1669 998 :
1691 978 1769 1006 reges

975 1023 1078 1051 autem,
1105 1023 1238 1054 quotquot
1261 1019 1411 1045 secundum
1439 1017 1526 1046 sortiti
1553 1023 1616 1045 sunt
1633 1018 1766 1045 ordinem.

974 1063 1038 1092 Haec
1055 1064 1126 1100 apud
1147 1064 1206 1092 illos
1229 1064 1344 1091 habetur
1363 1064 1512 1091 distinctio.
1529 1063 1621 1091 Rebus
1636 1063 1768 1098 expeditis

974 1117 1088 1146 quarum
1107 1117 1190 1137 causa
1207 1111 1239 1136 ad
1255 1109 1390 1137 Barbaros
1406 1115 1547 1142 venerant,
1563 1110 1642 1144 legati
1661 1109 1768 1144 Byzan-

974 1156 1040 1191 tium
1068 1156 1195 1184 redeunt.
1218 1156 1305 1191 Reges
1325 1163 1389 1183 vero
1414 1155 1568 1183 institutnnt
1594 1156 1646 1182 iter
1671 1163 1768 1190 prose-

973 1207 1104 1239 quuntur,
1114 1211 1167 1230 non
1181 1208 1269 1230 tamen
1284 1202 1437 1237 conjunctis
1454 1202 1570 1229 invicem
1583 1202 1767 1230 exercitibus:

974 1250 1049 1285 prior
1064 1250 1135 1277 enim
1156 1248 1298 1277 incedebat
1318 1248 1496 1281 Alemannus,
1514 1256 1529 1276 a
1549 1255 1624 1284 tergo
1646 1249 1768 1284 longiore

974 1295 1116 1322 intervallo
1130 1294 1285 1322 Germanus
1308 1293 1537 1329 subsequebatur,
1559 1295 1631 1330 quod
1657 1302 1707 1322 cur
1733 1295 1769 1322 ab

974 1341 1008 1369 iis
1026 1341 1126 1368 factum
1145 1341 1191 1373 sit,
1212 1340 1283 1368 haud
1305 1340 1384 1376 plane
1411 1341 1475 1368 mibi
1501 1345 1670 1376 compertum
1690 1349 1698 1368 :
1717 1341 1769 1368 nisi

972 1385 1044 1414 forte
1062 1387 1134 1421 quod
1149 1387 1265 1422 quiSque
1282 1386 1372 1421 justas
1397 1393 1427 1414 se
1450 1386 1543 1421 cupias
1564 1387 1662 1414 ducere
1675 1387 1770 1414 cretic-

973 1434 1044 1465 rent,
1064 1438 1108 1460 aut
1130 1433 1200 1468 quod
1222 1433 1257 1460 ita
1275 1433 1468 1467 providissent,
1486 1440 1519 1460 ne
1534 1438 1623 1460 rerum
1643 1440 1769 1460 necessa-

972 1480 1075 1508 riarum
1092 1480 1181 1514 inopia
1196 1485 1395 1515 premerentur.
1411 1480 1490 1507 Ibant
1505 1478 1678 1507 multitudine
1692 1479 1769 1506 initu-

134 1537 196 1563 μον.
222 1529 259 1555 Οὐ
283 1528 376 1560 τόσαις
396 1529 410 1555 ὸ
427 1528 533 1564 Ξέρξης
554 1528 763 1555 ἑκαλλωτιίσατο
779 1528 920 1564 μυριάσιν,

975 1534 1050 1554 mera
1071 1531 1098 1554 et
1118 1534 1228 1554 arenam
1253 1527 1338 1554 maris
1361 1528 1520 1559 excedente,
1545 1527 1583 1554 ita
1607 1533 1636 1554 ut
1659 1535 1711 1554 non
1730 1529 1770 1554 tot

130 1575 213 1602 ὁπότε
228 1575 310 1602 ναυσὶ
324 1575 369 1602 τὸν
386 1574 584 1610 Ἑλλήσποντον
599 1574 725 1608 ἐζεύγνυ.
744 1573 854 1610 Ἐπειδὴ
867 1575 922 1610 γὰρ

131 1621 203 1656 πρὸς
232 1621 272 1657 τῷ
294 1620 393 1657 Ἴστρῳ
423 1622 579 1656 γεγόνασιν,
603 1621 720 1648 ἐνταῦθα
751 1621 872 1656 εὐτρεπῆ
888 1621 923 1648 τὰ

131 1669 202 1704 πρὸς
217 1668 267 1704 τὴν
282 1668 407 1696 διάϐασιν
421 1670 435 1695 ὁ
449 1668 575 1704 βασιλεὺς
597 1669 690 1700 αὐτοῖς
715 1667 847 1700 καθιστὰς
864 1668 924 1695 ἐκέ-

130 1715 195 1741 λευε
209 1716 264 1742 τῶν
277 1715 518 1752 ὑπογραμματέων
531 1716 594 1747 τοὺς
611 1715 753 1747 πλείστους
761 1715 808 1742 ἐπὶ
820 1715 921 1750 θάτερα

131 1760 180 1788 τοῦ
196 1761 322 1796 ποταμοῦ
344 1762 496 1797 ἑστηκότας
506 1762 552 1789 τὸν
569 1762 688 1798 ἑκάστης
704 1762 803 1797 φόρτον
819 1762 922 1796 ἀπογε-

131 1807 256 1843 γράφθαι
275 1807 353 1839 νεώς.
366 1807 411 1838 Ἐς
436 1807 615 1843 ἐννενήκοντα
630 1806 686 1844 (87)
699 1807 789 1835 τοίνυν
802 1807 922 1843 ἀριθμη-

132 1854 248 1889 σάμενοι
261 1853 397 1889 μυριάδας
420 1853 451 1880 τὸ
475 1854 602 1882 ἐντεῦθεν
613 1854 663 1890 οὐχ
678 1852 729 1881 οἷοί
744 1863 774 1880 τε
795 1854 922 1890 ἀριθμεῖν

131 1902 267 1936 ἐγένοντο.

168 1950 214 1982 ιγ’.
232 1946 269 1974 Τὸ
284 1947 335 1982 μὲν
350 1946 383 1982 δὴ
399 1946 502 1982 πλῆθος
517 1945 644 1974 τοσοῦτον
656 1946 748 1979 αὐτοῖς
760 1943 804 1980 ἦν.
822 1946 923 1982 ’Δγχοῦ

130 1993 161 2020 δὲ
176 1994 283 2025 πόλεως
310 1993 416 2021 Ναῖσοῦ
439 1993 592 2029 γεγονόσιν,
619 1995 636 2029 ἢ
663 1993 832 2029 μητρόπολις
866 1993 923 2020 τῶν

131 2041 204 2067 κατὰ
218 2041 267 2076 τὴν
285 2040 408 2076 Δακικήν
421 2041 551 2076 τυγχάνει
566 2039 645 2072 οὖσα,
661 2039 778 2067 ἐνταῦθα
789 2040 803 2066 ὁ
815 2039 863 2076 τὴν
873 2039 923 2075 τῆς

975 1572 1093 1599 millibus
1109 1572 1241 1607 gloriatus
1266 1571 1350 1599 fuerit
1372 1572 1438 1599 olint
1460 1572 1576 1606 Xerxes,
1598 1580 1660 1600 cum
1674 1572 1767 1600 Helle-

974 1618 1099 1653 spontum
1114 1618 1227 1646 navibus
1240 1618 1379 1654 jungeret.
1400 1617 1449 1646 Ubi
1467 1619 1500 1646 ad
1515 1618 1615 1646 Istrum
1635 1626 1767 1654 pervene-

975 1670 1049 1698 runt,
1073 1665 1254 1700 suppeditatis
1278 1673 1338 1700 qua:
1364 1666 1396 1692 ad
1420 1665 1645 1693 trausmittendas
1674 1665 1768 1699 copias

975 1711 1126 1738 necessaria
1146 1716 1235 1743 erant,
1252 1709 1363 1738 delectis
1388 1711 1486 1738 scribis
1507 1711 1552 1738 dat
1578 1711 1604 1737 in
1631 1710 1767 1738 mandatis

973 1755 1135 1790 imperator,
1148 1760 1179 1784 ut
1197 1757 1224 1783 in
1240 1757 1352 1784 adversa
1371 1756 1490 1783 ﬂuminis
1509 1757 1566 1791 ripa
1583 1761 1698 1790 stantes,
1717 1757 1766 1783 ad-

972 1806 1100 1830 notarent
1114 1802 1248 1838 cujusque
1262 1810 1330 1830 onus
1348 1803 1459 1837 navigii.
1481 1802 1604 1838 Cumque
1624 1803 1657 1830 ad
1681 1811 1767 1831 nona-

973 1848 1047 1884 ginta
1073 1855 1160 1883 usque
1187 1848 1270 1875 millia
1295 1853 1498 1880 numerassent,
1529 1848 1643 1876 ulterius
1669 1850 1766 1877 deinde

974 1896 1099 1932 progredi
1117 1897 1300 1930 computando
1319 1902 1371 1922 nou
1390 1899 1515 1930 potuere.

1009 1949 1055 1976 15.
1074 1948 1160 1976 Tanta
1181 1954 1239 1976 erat
1261 1949 1367 1976 illorum
1380 1931 1541 1976 lmultitudo.
1555 1949 1623 1977 Cum
1643 1950 1678 1978 ad
1701 1949 1766 1978 Nai—

972 2002 1043 2027 sum,
1056 2003 1116 2030 qua:
1128 1994 1284 2029 metropolis
1300 1999 1341 2022 est
1358 1995 1465 2021 urbium
1486 1995 1657 2029 Dacicarum,
1673 2003 1765 2024 acces-

972 2040 1083 2073 sissent,
1103 2039 1217 2067 Michael
1234 2032 1415 2074 cognomeuto
1429 2039 1533 2068 Branas
1558 2041 1602 2069 cui
1623 2041 1657 2069 ab
1680 2041 1765 2077 intpep

807 2109 857 2140 Du
871 2109 1095 2149 Cangii’notaa.

169 2171 226 2206 (84)
252 2170 390 2206 Πόλεμόν
412 2178 446 2198 τε
467 2170 663 2206 συνδιαφέρει
686 2170 800 2204 τούτῳ.’
821 2168 920 2205 Tangit

132 2208 188 2235 hoc
204 2207 263 2234 loco
278 2207 427 2234 Cinnamus
452 2211 571 2234 veterem
590 2207 747 2233 Latinorum
775 2212 876 2232 morem
892 2209 919 2233 et

132 2248 272 2276 receptqu
287 2250 376 2273 nsum,
392 2249 447 2275 quo
463 2242 556 2269 vasalli
579 2243 605 2269 in
625 2241 845 2276 expeditionibus
863 2241 919 2268 bel-

131 2279 195 2305 licis
211 2277 335 2304 dominos
352 2278 429 2310 sequi
444 2277 484 2304 vel
500 2277 625 2304 comitari
642 2279 813 2304 tenebantur.

170 2313 228 2347 (85)
247 2313 411 2347 Γερμανός,
439 2312 580 2340 Exercitus
610 2319 708 2346 nempe
731 2311 921 2345 Francorum,

132 2346 203 2376 duCe
219 2346 364 2375 Ludmico
387 2346 433 2374 Vll
457 2355 531 2382 rege,
549 2348 594 2382 qui
615 2348 780 2374 Aletnannos
797 2347 922 2381 proxime

132 2384 295 2411 subsecutus
318 2389 370 2410 est.

169 2418 227 2454 (86)
250 2419 312 2445 Οὐιι
329 2416 397 2445 οἶδα
411 2418 482 2445 ὅτου
502 2417 602 2445 ἕνεκα.
624 2416 665 2444 Ne
691 2417 794 2452 populis
811 2417 880 2444 inter
894 2426 921 2444 ss

132 2455 326 2480 dissidentibus
345 2454 522 2480 contentiones
545 2455 687 2485 orirentur,
711 2460 736 2480 et
752 2458 779 2479 ut
804 2461 921 2480 commo-

132 2491 195 2515 dius
220 2490 278 2515 vita:
303 2489 451 2515 necessaria
476 2489 531 2515 suis
565 2493 735 2522 procurarent
759 2488 920 2522 legionibus,

132 2525 257 2559 equisque
271 2529 294 2550 et
310 2524 438 2559 jmnentts
454 2524 488 2550 ad
504 2531 585 2550 onera
599 2524 731 2556 deputati:
746 2525 842 2557 pabula
868 2531 920 2550 non

132 2558 263 2586 deessent.
278 2559 316 2586 lta
333 2558 405 2586 will.
419 2559 528 2593 Tyrius,
552 2560 569 2585 Ι.
584 2567 642 2592 nt,
663 2566 688 2586 c.
707 2559 752 2591 19,
768 2558 850 2586 Gesta
866 2559 920 2585 Lu-

131 2597 198 2622 dov.
215 2593 268 2626 Vll,
289 2595 372 2621 Matii.
396 2593 483 2626 Paris,
499 2599 526 2621 et
550 2595 606 2622 alii.

170 2630 227 2664 (87)
249 2629 300 2662 Ἐς
323 2629 535 2662 ἐννενήκοντα.
557 2629 709 2656 Willelmus
727 2628 825 2664 Tyrius
849 2638 856 2655 :
886 2628 918 2656 Ut

131 2669 284 2692 constanter
298 2671 418 2691 asserunt
433 2666 477 2700 qui
503 2665 530 2690 in
559 2672 589 2691 ea
613 2665 779 2698 expeditione
799 2664 917 2697 fuerunt,

131 2702 160 2727 in
177 2701 233 2727 salo
251 2701 350 2726 domini
369 2700 533 2732 imperatoris
551 2701 677 2726 comitatu
702 2702 735 2726 ad
750 2700 918 2734 septuaginta

132 2737 221 2762 millia
236 2736 343 2770 [uerum
358 2735 541 2767 lortcatorum,
564 2736 676 2769 exceptis
692 2735 832 2768 peditibus,
855 2743 916 2769 par-

133 2773 213 2804 vulis,
231 2777 254 2798 et
271 2770 434 2801 mulieribus,
463 2775 486 2796 et
506 2770 636 2804 equitibus
662 2771 723 2797 leuis
748 2775 892 2797 armatum
908 2780 917 2797 .-

131 2807 161 2833 s'n
179 2807 298 2833 exercitus
310 2814 369 2833 vero
392 2806 461 2840 regis
478 2804 654 2837 Francorum,
673 2806 786 2832 virorum
809 2805 918 2839 fortium

133 2842 224 2869 loricis
237 2843 367 2868 utentium
380 2849 503 2868 numerus
517 2842 550 2866 ad
562 2841 597 2867 70
607 2841 701 2873 millia,
714 2845 822 2874 excepta
834 2840 918 2867 classe

135 2879 263 2912 secunda,
281 2877 493 2906 aestimabantur.
512 2876 582 2904 Ot‘lto
597 2875 778 2912 Frisiugeusis
797 2877 830 2904 de
845 2875 918 2903 Cou-

976 2171 1063 2197 rado:
1081 2169 1194 2197 Tantam
1219 2175 1306 2198 autem
1319 2174 1377 2205 post
1403 2178 1430 2198 se
1453 2169 1653 2198 multitudinem
1668 2172 1761 2204 traxit,

975 2211 1001 2232 ut
1016 2211 1039 2233 et
1059 2207 1170 2240 [Iuntina
1183 2206 1218 2233 ad
1232 2207 1421 2240 nauigandum,
1433 2214 1637 2239 camporumque
1649 2206 1764 2234 latitudo

975 2241 1009 2267 ad
1022 2241 1212 2268 ambulandum
1231 2242 1273 2268 eis:
1290 2243 1405 2277 sufﬁcere
1417 2242 1561 2268 videretur.
1582 2242 1684 2269 Chron.
1702 2241 1764 2269 Hei-

974 2277 1130 2312 cltersperg.
1159 2285 1204 2304 au.
1223 2277 1290 2304 1147
1308 2286 1314 2304 :
1341 2277 1457 2310 Tumque
1477 2277 1597 2310 iit/initus
1613 2281 1669 2303 erat
1687 2285 1763 2303 exer-

973 2313 1051 2342 citus.
1070 2312 1137 2347 quod
1160 2320 1192 2338 ex
1206 2320 1257 2346 quo
1272 2318 1358 2346 gentes
1384 2321 1439 2339 esse
1463 2318 1603 2346 caper-unt,
1627 2319 1764 2346 nunquam

974 2352 1077 2374 tantam
1093 2348 1228 2373 ltontinunt
1251 2349 1369 2381 equitum
1389 2348 1470 2374 sintut
1489 2354 1511 2373 et
1529 2347 1646 2381 peditum
1664 2347 1763 2381 rmulti-

973 2383 1091 2418 tudinem
1117 2383 1145 2409 in
1173 2391 1254 2409 unum
1271 2380 1465 2418 congregatum
1489 2382 1561 2417 fama
1586 2383 1631 2408 sit.
1653 2380 1711 2408 Odo
1728 2383 1763 2409 de

973 2417 1088 2452 Diogilo,
1108 2418 1126 2445 l.
1144 2424 1162 2445 tt
1178 2419 1211 2445 de
1227 2417 1353 2446 Conrado
1368 2428 1374 2445 :
1394 2417 1476 2445 Valde
1488 2418 1661 2452 imperialiter
1674 2425 1762 2451 egres-

972 2461 1016 2489 sua
1032 2459 1069 2480 est
1083 2459 1106 2480 et
1127 2454 1216 2480 navali
1237 2458 1416 2489 apparatuuct
1434 2453 1549 2487 pedestri
1565 2453 1715 2489 elercitu_.'
1734 2458 1761 2480 et

973 2488 1045 2519 bene,
1063 2489 1173 2515 habebat
1192 2487 1260 2515 enini
1272 2487 1346 2516 'tunc
1372 2487 1514 2523 Hungaros
1530 2488 1661 2514 inimicos.
1685 2487 1760 2514 idem

973 2525 990 2550 Ι.
1007 2530 1035 2550 111
1052 2533 1058 2554 ;
1075 2524 1107 2550 Et
1128 2525 1187 2551 licet
1213 2533 1259 2558 ego
1287 2524 1492 2559 pra'scripserim
1515 2529 1537 2550 et
1566 2531 1652 2550 verum
1679 2523 1712 2549 sit
1728 2525 1760 2550 de

971 2559 1043 2586 illius
1060 2561 1176 2586 exercitu
1192 2559 1309 2594 inﬁnitos
1322 2560 1381 2594 jam
1393 2559 1498 2591 abiisse,
1510 2559 1658 2585 audiuimus
1671 2565 1760 2594 tamen

967 2603 988 2620 τι
1007 2594 1116 2626 Graecis,
1127 2595 1171 2630 qui
1187 2593 1361 2622 numerarunt
1379 2600 1544 2620 transeuntes
1558 2593 1709 2630 (brae/tium
1725 2593 1756 2621 S.

970 2630 1090 2664 Georgii)
1113 2627 1172 2656 eum
1198 2638 1258 2656 cum
1282 2630 1421 2663 nongentis
1450 2627 1619 2665 (nonaginta)
1642 2629 1760 2656 millibus

969 2669 994 2701 et
1008 2665 1158 2701 quingentis
1183 2665 1217 2692 66
1238 2665 1436 2699 transfretasse.
1462 2665 1584 2699 Denique
1601 2664 1760 2692 Gotetridus

973 2700 1135 2734 Viterbtens,
1153 2705 1225 2735 part.
1248 2708 1304 2727 nu
1323 2709 1329 2726 :

1039 2762 1074 2768 -—-
1084 2762 1161 2767 ——
1181 2754 1318 2774 numerum
1333 2747 1356 2773 si
1370 2744 1475 2773 nosceFe
1490 2753 1607 2781 gamus,

1040 2784 1124 2810 millia
1139 2782 1240 2809 milleni
1253 2782 1346 2810 militis
1359 2790 1451 2817 agmen
1465 2787 1535 2810 erat.

970 2829 997 2856 in
1013 2834 1129 2864 utroque
1145 2829 1249 2857 scilicet
1267 2830 1390 2858 exercitu
1403 2829 1616 2857 Alemanuorum
1632 2833 1659 2856 et
1673 2827 1765 2859 Fran-

969 2871 1075 2891 eorum.
