1962 3074
214 122 269 156 391

843 133 846 136 ν
874 119 1037 151 JOANNIS
1057 118 1222 151 CINNAMI

1790 118 1846 152 392

216 184 306 208 ratore
320 178 374 214 7o
395 177 554 206 demandata
579 181 639 206 erat
660 177 806 214 provincite
831 178 1001 214 praefectura.

1056 175 1150 211 χώρας
1167 176 1237 212 πρὸς
1260 175 1393 212 βασιλέως
1410 173 1667 211 ἐμπεπιστευμένος
1682 175 1769 211 ἀρχὴν
1791 176 1847 203 Μι-

214 224 442 260 quemadmodum
456 223 480 251 ei
493 223 654 259 imperatum
668 227 737 256 erat,
748 222 901 251 necessaria
913 221 1003 249 omnia

214 270 442 299 subministravit.
457 268 594 304 Posquam
616 269 651 297 ad
671 268 813 297 Sardicam
826 273 935 296 ventum
951 271 1003 300 est,

214 322 355 343 accessere
369 315 424 342 duo
438 322 471 342 ex
490 314 684 342 illustrioribus
705 315 767 347 viri,
779 314 824 349 qui
846 318 873 341 et
889 321 937 341 eos
955 313 1004 340 hu-

215 362 341 394 maniter,
367 365 397 388 ut
424 369 473 396 par
495 365 564 393 erat,
584 361 751 396 exciperent,
774 364 801 387 et
821 363 1003 387 commeatum

214 408 327 442 praeberi
339 415 371 434 cu
377 411 478 434 rarent.
487 407 562 434 Alter
572 407 666 434 horum
679 406 729 434 fuit
740 405 853 434 Michael
865 405 1002 438 sebastus,

207 462 247 481 ex
262 453 472 489 Palatologorum
488 457 580 489 gente,
596 454 636 480 vir
652 453 761 488 ingenio
774 457 801 481 et
815 452 898 480 multa
911 459 1002 480 rerum

214 501 380 535 experientia
395 505 537 534 praestans,
554 500 599 535 qui
613 500 704 527 nescio
717 499 791 534 quod
805 500 839 527 ob
855 498 958 526 crimen
971 497 1004 525 ab

214 547 379 581 imperatore
402 545 506 573 Joanne
530 546 556 573 in
581 546 707 574 exsilium
730 550 819 578 actus,
838 553 853 572 a
880 544 1005 573 Manuele

212 597 357 619 revocatus
374 591 475 625 fuerat;
493 592 558 619 huic
572 591 711 626 deinceps,
726 591 861 626 rebusque
875 591 1005 620 Romanis

213 639 424 666 addictissimus.
460 638 537 666 Alter
564 645 630 666 vero
658 638 790 672 dignitate
820 637 1004 666 chartularius

212 692 322 720 operam
347 691 423 712 suam
441 684 549 719 utrique
571 684 741 719 impenderat
762 684 937 720 imperatori;
956 683 1004 712 sed

211 729 324 758 Joannis
344 730 496 765 praesertim
520 730 588 758 adeo
613 729 701 757 fuerat
721 723 936 758 benevolentiam
958 737 1004 757 cx-

211 783 316 812 pertus,
341 782 372 804 ut
391 777 489 804 Alexio
504 783 570 804 natu
587 776 706 804 filiorum
728 776 832 812 majore
854 776 936 804 rebus
952 775 1004 803 bu-

212 824 299 852 manis
319 828 456 859 exempto,
473 824 644 851 mandaverit
669 824 693 852 ei
717 823 875 860 imperator,
891 826 921 850 ut
942 825 1004 858 post

209 877 353 898 excessum
366 877 445 897 suum
458 870 573 898 Manueli
587 871 620 898 ad
632 874 738 904 sceptra
750 874 846 898 vocato
857 869 1002 904 imperium

211 917 370 951 resignaret.
388 915 467 944 Hunc
484 916 522 944 illi
539 916 566 943 in
583 915 663 944 finem
684 915 825 944 Sardicam
842 922 1001 950 pervenere.

210 962 263 990 Sed
279 963 352 990 enim
371 962 497 996 Barbari,
522 962 643 997 quandiu
667 962 743 990 fuere
760 962 786 989 in
805 961 872 990 locis
888 961 1002 990 diﬂicili-

210 1009 260 1036 ltus
277 1009 363 1045 (nntlti
378 1009 449 1036 enim
464 1009 497 1037 ab
511 1008 581 1037 lstro
592 1008 703 1036 ﬂumine
716 1009 749 1036 ad
765 1008 903 1036 Sardicam
917 1015 1003 1044 usque

210 1054 338 1089 praerupti
362 1055 494 1087 eminent,
522 1055 621 1090 vinue
645 1062 699 1082 non
724 1054 856 1082 inaccessi
883 1054 1001 1090 montes)

165 1098 169 1103 ”
210 1100 373 1128 incedebant
400 1100 530 1136 quietius,
553 1101 674 1136 nihilque
697 1101 731 1128 ab
754 1101 788 1129 iis
808 1106 914 1136 actum,
930 1100 1002 1136 quod

211 1145 341 1173 Romanis
374 1145 538 1180 displiceret.
567 1146 602 1173 At
629 1151 772 1182 postquam
798 1146 914 1182 attigere
941 1146 1002 1174 loca

210 1193 301 1228 plana,
332 1199 392 1227 quae
418 1192 559 1227 regionum
585 1192 657 1220 circa
682 1192 809 1220 Dacicam
832 1192 1002 1220 diﬂicultates

209 1239 358 1274 excipiunt,
372 1242 428 1265 tum
444 1238 552 1266 demum
565 1238 691 1266 hostilem
709 1237 829 1265 animum
845 1237 1000 1273 prodidere.

211 1285 264 1314 lies
285 1287 387 1321 quippe
404 1285 514 1314 venales
538 1285 735 1320 exponentibus
760 1284 877 1319 injustas
899 1284 1003 1319 injicie-

210 1332 275 1359 bant
288 1339 382 1359 manus
398 1340 405 1359 :
421 1335 450 1359 et
465 1331 487 1359 si
505 1331 566 1367 quis
588 1330 757 1365 rapientibus
776 1330 827 1365 71
844 1330 1001 1364 obsisteret,
1019 1331 1021 1333 ’

209 1385 271 1405 eum
288 1378 418 1405 continuo
440 1384 506 1406 ense
530 1376 741 1404 detruncabant.
755 1376 818 1404 Haec
832 1375 883 1404 etsi
904 1383 1002 1412 perpe-

210 1427 359 1457 trarentur,
380 1423 558 1452 nihilominus
575 1423 734 1451 movebatur
747 1430 794 1451 rex
810 1423 963 1458 Conradus,
978 1424 1002 1452 sl

210 1471 256 1506 qui
276 1475 371 1498 essent
392 1471 438 1505 qui
459 1475 647 1506 quererentur,
667 1477 719 1498 nec
740 1470 878 1506 praebebat
901 1478 1000 1504 aures;

210 1515 253 1542 vel
267 1514 480 1548 sitauscultaret,
501 1514 656 1549 petulantiae
670 1513 697 1541 id
713 1513 895 1543 multitudinis
914 1515 1001 1543 ascri-
1012 1530 1035 1562 ρ

210 1559 302 1588 bebat.
330 1560 368 1587 Ea
392 1564 535 1596 postquam
561 1560 595 1588 ad
623 1561 816 1596 imperatorem
840 1567 999 1596 pervenere,

209 1606 390 1640 Prosuchum,
417 1607 530 1635 militari
557 1607 658 1636 virtute
681 1609 872 1644 praelnsignem
898 1608 999 1642 virum,

209 1660 271 1681 cum
292 1653 390 1688 raptim
418 1658 514 1682 coacto
537 1654 645 1688 agmine
669 1654 800 1682 adversus
824 1661 871 1682 eos
889 1654 972 1682 mittit
991 1663 998 1682 :

209 1700 255 1735 qui
277 1700 355 1736 juxta
384 1699 589 1735 Adrianopolim
623 1699 759 1729 Barbaros
780 1705 931 1734 assecutus,
945 1700 1001 1735 pri-

209 1753 284 1774 mum
300 1745 410 1780 quidem
427 1744 497 1772 baud
510 1745 591 1781 longo
606 1745 750 1773 intervallo
771 1745 998 1781 subsequebatur,

209 1799 243 1819 ac
261 1791 375 1819 subinde
389 1790 536 1818 coercebat
556 1791 736 1819 inordinatius
760 1792 931 1828 evagantium
954 1799 1002 1820 ex-

209 1836 362 1864 cursiones.
392 1835 513 1864 Tandem
539 1837 585 1864 ubi
610 1843 657 1865 eos
682 1837 756 1864 videt
782 1845 863 1872 supra
889 1838 999 1866 modum

209 1882 324 1914 feroces,
343 1881 431 1916 palam
456 1882 538 1909 etiam
562 1881 638 1917 signa
663 1881 779 1915 confert,
798 1882 844 1910 tali
862 1883 998 1911 ocasione.

209 1927 323 1961 Quidam
341 1934 375 1955 ex
395 1927 590 1956 illustridribus
605 1928 775 1961 Alemannis,
796 1935 910 1963 corpore
935 1928 1000 1957 atie-

209 1979 264 2006 cto,
280 1973 455 2008 Adrianopoli
473 1981 503 2002 se
518 1973 545 2001 in
561 1974 753 2002 monasterium
772 1979 925 2009 receperat,
937 1983 998 2003 cum

209 2019 342 2052 pecuniis,
356 2018 465 2053 alioque
480 2019 553 2046 omni
569 2023 708 2054 apparatu.
726 2020 752 2047 id
767 2019 882 2048 Romani
896 2020 999 2057 aliquot

211 2064 311 2091 milites
327 2071 362 2092 ex
380 2064 550 2099 pedestribus
567 2065 689 2093 numeris
704 2066 872 2102 subodorati,
887 2066 999 2096 domici-

210 2109 288 2143 lium,
300 2110 442 2145 ipsumque
452 2110 520 2138 adeo
531 2115 661 2146 aegrotum
673 2111 734 2147 igne
747 2112 855 2140 subdito
865 2118 997 2148 cremant,

211 2156 304 2190 sicque
318 2155 442 2191 pecuniis
466 2156 618 2190 potiuntur.
634 2155 720 2189 Quam
745 2165 801 2185 rem
826 2159 871 2186 ubi
896 2160 1000 2194 accepit

1019 849 1041 878 Β

1054 223 1126 258 χαὴλ
1133 222 1277 258 ἐπώνυμον
1285 223 1392 258 Βρανᾶς
1398 223 1556 258 προύνοεϊτο
1564 222 1613 258 ἤδη
1626 221 1681 248 τῶν
1689 221 1849 256 ἀναγκαίων

1054 269 1157 302 αὐτοῖς,
1170 268 1241 296 οὕτω
1255 271 1497 305 προστεταγμένον
1520 268 1606 304 αὐτῷ.
1625 268 1716 305 Μέχρι
1733 268 1784 304 μὶν
1799 266 1848 296 οὖν

1054 315 1102 342 καὶ
1124 315 1170 342 ἐπὶ
1186 315 1323 351 Σαρδικῆς
1348 317 1378 342 ἑν
1395 315 1500 347 τούτοις
1513 313 1595 350 ἦσαν,
1617 315 1683 343 ἔνθα
1698 316 1745 343 καὶ
1766 316 1848 351 ἀνδρα

1053 360 1099 387 δύο
1109 362 1164 387 τῶν
1179 362 1225 389 ἐπὶ
1243 362 1323 397 δόξης
1341 362 1459 398 ἠλθέτην
1471 362 1536 398 παρ’
1555 363 1666 396 αὐτοὺς,
1680 362 1847 397 δεξιωσομέ-

1053 415 1092 434 νω
1104 415 1134 433 τε
1149 407 1184 434 τὰ
1199 407 1294 434 εικότα
1311 409 1358 435 καὶ
1372 408 1406 435 τὰ
1422 408 1562 442 ἀναγκαῖα
1577 408 1671 443 σφισιν
1694 409 1847 444 ὲμπορισο-

1056 451 1139 488 μένω.
1155 450 1209 480 Ἦν
1223 453 1273 488 μὲν
1292 454 1306 480 ὁ
1327 453 1417 480 αὐτῶν
1436 454 1547 491 Μιχαὴλ
1573 454 1706 486 σεϐαστδς
1729 455 1761 481 ὲκ
1788 455 1846 481 Πα-

1055 498 1222 534 λαιολόγων,
1251 499 1320 536 ἀνὴρ
1344 500 1445 532 ἱκανῶς
1469 501 1581 533 συνετὸς
1599 501 1647 528 καὶ
1674 502 1847 537 πραγμάτων

1054 545 1159 572 πολλῶν
1182 544 1324 581 ἔμπειρος,
1341 545 1371 577 ὃς
1385 545 1494 581 βασιλεῖ
1514 546 1628 583 Ἰωάννῃ
1645 546 1696 573 οὐκ
1719 545 1768 574 οἷδ’
1783 548 1797 574 ὅ
1819 555 1847 573 τι

1054 590 1286 626 προσκεκρουκὼς
1311 592 1446 627 πρότερον
1475 592 1621 628 ὑπερόριός
1644 601 1675 619 τε
1701 592 1745 620 διὰ
1766 592 1847 619 τοῦτο

1053 637 1176 672 γεγονὼς
1197 637 1266 672 πρὸς
1285 637 1418 673 βασιλέως
1432 638 1592 666 ἀνεκαλεῖτο
1607 638 1737 675 Μανουὴλ
1750 638 1846 671 εὔνους

1053 692 1082 710 τε
1095 682 1170 718 αὐτῷ
1184 685 1312 715 καὶ·τοτς
1329 682 1475 719 Ῥωμαίων
1503 685 1623 720 μάλιστα
1639 685 1749 719 ἐγένετο
1774 685 1847 720 πράς

1053 737 1166 764 γμασιν.
1187 728 1216 756 '0
1233 729 1285 764 μὲν
1297 729 1330 766 δὴ
1341 729 1464 762 τοιοῦτος
1487 727 1531 766 ἦν.
1549 730 1666 766 ⁴¹Ατερος
1681 730 1709 757 δὲ
1729 739 1846 766 χαρτου-

1052 773 1145 810 λάριος
1160 773 1216 810 (88)
1233 774 1284 810 μὲν
1300 775 1470 811 ἀμφοτέροιν
1485 775 1655 812 ἐχρημάτισε
1684 777 1740 802 τοῖν
1764 775 1845 811 βασι-

1053 819 1136 848 λέοιν.
1152 820 1280 857 Τοσούτῳ
1295 829 1326 856 γε
1341 820 1394 857 μὴν
1413 821 1526 859 Ἰωάννῃ
1549 821 1846 860 βασιλεῖεύνούστατος

1055 866 1168 901 γέγονεν
1179 867 1217 899 ὼς
1228 867 1310 894 ὁπότε
1325 866 1437 904 Ἀλεξίῳ
1452 867 1491 903 τῷ
1502 867 1684 904 πρεσϐυτάτῳ
1697 868 1752 896 τῶν
1764 867 1846 896 υἱέων

1055 912 1085 945 ἐξ
1102 912 1254 948 ἀνθρώπων
1271 913 1437 949 γεγενῆσθαι
1457 913 1568 950 ξυνέϐη,
1592 915 1728 950 ἐνσκῆψαι
1745 916 1770 942 οί
1798 917 1845 943 τὸν

1055 958 1169 994 βασιλέα
1185 959 1254 994 μετὰ
1265 959 1395 995 τελευτὴν
1409 960 1459 995 τὴν
1481 960 1564 993 αὑτοῦ
1581 960 1627 988 τὸν
1651 961 1781 997 Μανουὴλ
1797 961 1845 988 ἐπὶ

1055 1004 1089 1031 τὰ
1103 1005 1229 1040 σκῆπτρα
1254 1004 1367 1032 καλέσαι
1386 1006 1433 1033 καὶ
1448 1005 1497 1042 τὴν
1524 1006 1666 1042 βασιλείαν
1684 1007 1843 1043 ἐγχειριεῖν.

1055 1051 1088 1078 Ol
1104 1051 1152 1087 μὲν
1168 1049 1215 1079 οὖν
1229 1052 1331 1079 τούτων
1354 1052 1435 1080 ἕνεκα
1459 1053 1507 1080 ἐπὶ
1527 1053 1576 1089 τὴν
1597 1049 1733 1090 Σαρδικῆν
1748 1052 1844 1090 ἦλθον.

1055 1099 1087 1126 Οἱ
1103 1099 1131 1126 δὲ
1141 1098 1277 1135 Βάρϐαροι
1289 1099 1370 1134 μέχρι
1387 1099 1437 1134 μὲν
1451 1099 1480 1126 ὲν
1493 1099 1656 1136 δυσχωρίαις
1667 1099 1735 1136 ἦσαν
1747 1100 1845 1136 (πολλὰ

1055 1144 1110 1180 γὰρ
1118 1145 1150 1172 ἐκ
1163 1145 1210 1172 τοῦ
1227 1140 1351 1181 ποταμοῧ
1365 1145 1470 1180 Ἴστρου
1486 1146 1550 1182 ἀχρι
1572 1147 1620 1173 καὶ
1635 1147 1683 1174 ἐπὶ
1707 1147 1845 1184 Σαρδικὴν
1877 1140 1880 1145 ’

1055 1190 1106 1226 ὅρη
1115 1189 1208 1226 ἀνέχει
1225 1190 1315 1226 ὑψηλά
1332 1191 1378 1218 καὶ
1390 1191 1485 1223 δεινῶς
1504 1192 1613 1227 ἄϐατα),
1640 1194 1702 1229 σιγῇ
1725 1202 1755 1220 τε
1780 1195 1846 1220 ἑπο-

1056 1235 1167 1273 ρεύοντο
1186 1237 1234 1264 καὶ
1245 1236 1322 1264 οὐδὲν
1338 1237 1379 1264 δτι
1399 1237 1546 1273 Ῥωμαίοις
1573 1238 1604 1265 οὗ
1633 1239 1704 1266 κατά
1730 1239 1846 1275 γνώμην

1056 1283 1175 1312 ἐποίουν.
1194 1284 1270 1312 Ἐπεὶ
1299 1284 1328 1312 δὲ
1354 1285 1415 1316 ταῖς
1441 1285 1564 1312 πεδιάσιν
1585 1286 1634 1322 ἤδη
1659 1286 1790 1322 ὡμίλουν,
1814 1287 1845 1314 αἶ

1056 1329 1144 1356 πολλὰ
1161 1330 1195 1358 τὰ
1209 1330 1381 1366 δυσπρόσοδα
1397 1331 1453 1358 τῶν
1469 1331 1541 1359 κατὰ
1556 1331 1606 1368 τὴν
1623 1333 1743 1369 Δαχικὴν
1755 1333 1845 1361 διαδέ-

1055 1385 1148 1412 χονται
1162 1377 1280 1413 χωρίων,
1298 1377 1482 1413 παραφαίνειν
1498 1378 1592 1406 λοιπὸν
1605 1378 1636 1406 τδ
1651 1379 1782 1414 δυσμενὲς
1797 1380 1846 1416 ἥρ-

1055 1422 1150 1456 ξαντο,
1164 1424 1221 1455 τοῖς
1242 1431 1273 1450 τε
1294 1423 1355 1450 κατ’
1368 1423 1505 1459 ἐμπορίαν
1520 1424 1555 1451 τὰ
1570 1423 1638 1452 ὥνια
1653 1425 1748 1460 σφίσιν
1773 1426 1844 1453 ἀπο-

1055 1468 1155 1497 διδοῦσι
1170 1471 1249 1506 χεῖρα
1261 1470 1392 1498 ἐπέϐαλον
1408 1471 1500 1499 ἄδικον
1511 1479 1518 1487 ·
1536 1470 1567 1508 [Ρ
1597 1471 1643 1508 40]
1660 1472 1712 1499 κάν
1724 1481 1766 1504 τις
1787 1473 1845 1500 ἀπ-

1055 1517 1227 1552 ισχυρίσαιτο
1243 1516 1312 1552 πρὸς
1326 1516 1376 1552 τὴν
1395 1516 1536 1553 ἁρπαγὴν,
1557 1517 1652 1545 τοῦτον
1664 1518 1691 1546 δὲ
1705 1518 1844 1555 ῥομφαίας

1051 1563 1132 1598 ἔργον
1153 1562 1289 1590 ἐτίθεσαν.
1305 1563 1340 1589 Ὃ
1355 1571 1384 1589 τε
1398 1563 1448 1598 ρὴξ
1472 1563 1611 1600 Κορῤάδος
1632 1564 1842 1600 ἀνεπιστρόφως

1050 1604 1139 1639 πάντη
1154 1603 1209 1631 τῶν
1227 1604 1378 1639 γινομένων
1394 1601 1452 1639 εῐχε
1476 1605 1524 1632 καὶ
1543 1605 1601 1637 τοῖς
1625 1605 1803 1633 ἐπικαλοῦσιν
1825 1606 1842 1642 ἢ

1049 1651 1110 1679 οὐδὲ
1125 1651 1270 1688 προσεῖχεν
1285 1651 1365 1684 ὅλως,
1379 1651 1396 1687 ἢ
1418 1651 1466 1679 καὶ
1478 1651 1605 1687 προσχὼν
1618 1653 1651 1688 τῇ
1663 1651 1711 1679 τοῦ
1723 1652 1844 1688 πλήθους

1050 1697 1191 1733 ἀλογιστία
1217 1697 1248 1724 τὸ
1276 1698 1330 1724 πᾶν
1355 1697 1542 1734 ἀπεγράφετο.
1571 1698 1681 1725 Τούτων
1712 1692 1843 1733 βασιλεὺς

1050 1742 1178 1779 ἀκηκοὼς
1206 1742 1365 1779 στράτευμα
1388 1740 1405 1780 ᾖ
1429 1741 1618 1783 τάχουςέϊχεν
1644 1744 1702 1780 ἅμα
1718 1744 1847 1779 Προσοὺχ

1050 1789 1129 1824 ἀνδρὶ
1145 1788 1346 1824 ὲμπειρομάχῳ
1375 1789 1442 1816 κατ’
1467 1788 1555 1816 αὐτῶν
1567 1789 1702 1824 ἐπεμψεν.
1724 1790 1773 1821 ’ος
1793 1790 1842 1816 καὶ

1050 1833 1145 1869 ἑπειδὴ
1159 1834 1227 1869 περὶ
1241 1833 1318 1861 πόλιν
1334 1833 1475 1869 Ἀδριανοῦ
1487 1833 1593 1866 τούτοις
1605 1834 1743 1870 συνέμιξε,
1758 1835 1842 1870 μέχρι

1052 1880 1102 1915 μέν
1114 1888 1187 1912 τινος
1200 1879 1255 1906 ἀπὸ
1268 1879 1438 1912 διαστάσεως
1463 1880 1565 1914 εἵπετο,
1578 1880 1628 1912 τὰς
1642 1881 1778 1912 ἀτάκτους
1791 1881 1840 1907 τοῦ

1050 1925 1170 1961 πλήθους
1188 1925 1376 1961 ἀνασειράζων
1389 1926 1488 1962 ὁρμάς.
1511 1927 1556 1958 Ὠς
1575 1926 1604 1953 δὲ
1620 1927 1666 1954 καὶ
1676 1927 1722 1954 ἐπὶ
1739 1926 1842 1961 μᾶλλον

1050 1971 1271 2009 θρασυνομένους
1286 1972 1386 2003 αὐτοὺς
1402 1972 1487 2008 ἐώρα,
1505 1973 1552 1999 καὶ
1577 1972 1709 2008 πολεμίας
1735 1973 1787 2008 ἢδη
1811 1973 1841 2000 ὲν

1049 2019 1088 2055 τῷ
1099 2019 1218 2055 ἐμφανεῖ
1234 2018 1363 2054 συνέμιξε
1378 2019 1474 2058 χεῖρας
1488 2019 1534 2046 ἀπ’
1543 2019 1633 2051 αἰτίας
1646 2019 1765 2047 τοιᾶσδε.
1777 2019 1840 2045 Τῶν

1049 2074 1110 2093 τινα
1127 2065 1335 2102 ὲπισημοτέρων
1355 2065 1514 2101 ’Δλαμανῶν
1530 2065 1562 2101 (ι)
1576 2065 1781 2102 μαλακισθέντα
1807 2065 1840 2092 τὸ

1050 2112 1131 2148 σῶμα
1142 2112 1265 2148 σεμνεῖόν
1281 2121 1306 2139 τι
1317 2109 1375 2147 εἷχε
1391 2113 1446 2139 τῶν
1460 2112 1512 2139 ἀνά
1525 2112 1575 2147 τὴν
1590 2112 1668 2139 πόλιν
1694 2111 1838 2147 ’Δδριανοῦ

1051 2158 1100 2185 σύν
1113 2167 1144 2185 τε
1157 2159 1281 2194 χρήμασι
1290 2158 1338 2185 καὶ
1352 2159 1493 2194 ἀποσκευῇ
1506 2159 1541 2194 τῇ
1555 2157 1647 2194 πάσῃ·
1664 2157 1683 2185 ἃ.
1697 2157 1840 2193 φωράσαν-

211 2199 383 2234 Fredericus,
401 2201 518 2229 Conradi
535 2209 568 2229 ex
584 2202 668 2230 fratre
690 2210 787 2238 nepos,
809 2203 890 2232 homo
910 2203 1000 2232 incre-

1052 2205 1097 2236 τές
1110 2213 1182 2237 τινες
1203 2204 1347 2239 Ῥωμαίων
1360 2204 1415 2231 τῶν
1425 2204 1458 2231 ὲκ
1471 2203 1592 2236 πεζικῶν
1607 2203 1767 2239 καταλόγων
1782 2203 1840 2239 πῦρ

210 2246 329 2274 dibiliter
341 2247 426 2279 ferox,
439 2247 538 2282 impetu
552 2249 707 2282 vehemens,
716 2249 842 2285 elatoque
852 2250 997 2278 admodum

210 2292 320 2325 animo,
350 2293 553 2328 Adrianopolim
583 2301 698 2329 propere
727 2295 857 2330 revertit,
887 2297 1000 2325 duorum

210 2336 309 2365 itinere
325 2338 430 2374 dierum
447 2338 600 2366 Conradum
621 2345 800 2374 praevertens,
811 2334 848 2369 ac
862 2346 1000 2371 monaste-

211 2383 293 2415 rium,
309 2383 336 2410 in
354 2391 408 2418 quo
426 2385 543 2418 primum
558 2385 705 2413 diverterat
722 2386 897 2421 Alamannus,
910 2388 1001 2416 incen-

210 2428 259 2460 dit,
276 2429 370 2464 sicque
385 2429 448 2457 belli
468 2430 639 2458 occasionem
653 2431 784 2459 Romanis
800 2433 881 2460 simul
896 2441 928 2461 ac
941 2434 1000 2463 suis

210 2473 337 2509 praebuit.
379 2474 535 2504 Prosuchus
572 2476 654 2511 igitur
689 2477 791 2506 idcirco
824 2478 999 2508 Fredericum

1051 2260 1081 2278 τε
1092 2252 1126 2287 τῇ
1149 2251 1299 2286 καταγωγῇ
1319 2250 1430 2285 ὑφῆψαν
1458 2251 1569 2277 καὶτὸν
1598 2249 1742 2285 ἄνθρωπον
1766 2249 1839 2276 οὕτω

1050 2296 1306 2333 προσαπολέσαντες
1330 2296 1364 2323 τά
1391 2297 1522 2332 χρήματα
1541 2295 1631 2330 ἔσχον.
1661 2296 1705 2327 Ὠς
1721 2293 1769 2322 οὖν
1796 2296 1838 2326 εἱς

1049 2342 1136 2374 ἀκοὰς
1147 2341 1303 2378 Φρεδερίκῳ
1315 2341 1372 2376 {89)
1389 2342 1420 2368 τὸ
1437 2342 1550 2377 γεγονὸς
1567 2340 1633 2378 ἦλθε
1648 2341 1686 2377 τῷ
1698 2340 1837 2376 Κορράδου

1048 2387 1193 2422 ἀδελφιδῷ,
1214 2387 1292 2423 ἀνδρὶ
1308 2387 1354 2414 ὑπ’
1379 2387 1558 2423 ἀσυμμέτρου
1574 2386 1721 2418 αὐθαδείας
1732 2387 1783 2421 τήν
1807 2394 1838 2412 τε

1048 2434 1136 2470 ὁρμὴν
1147 2432 1291 2469 ἀκαθέκτῳ
1312 2433 1360 2461 καὶ
1383 2433 1513 2465 ἐπιεικῶς
1531 2433 1717 2468 φρονηματὴμ,
1732 2432 1836 2467 σπουδῇ

1049 2480 1213 2516 παλίνορσος
1227 2480 1275 2506 ent
1290 2479 1339 2516 τὴν
1350 2479 1490 2516 Ἀδριανοῦ
1503 2477 1567 2516 ἦλθε
1579 2480 1668 2507 καίτοι
1683 2479 1756 2506 δυοῖν
1768 2479 1838 2514 ὴμέ-

883 2540 930 2571 Dn
946 2541 1060 2582 Cangii
1072 2543 1166 2572 notae.

246 2597 302 2634 (88)
318 2598 437 2633 Ἀτερος
463 2598 499 2626 δὲ
524 2599 756 2634 χαρτουλάριος.
791 2600 912 2630 Basilius
927 2603 1004 2631 Tzit-

210 2633 322 2666 ziluces,
339 2634 372 2661 de
387 2641 440 2668 quo
459 2633 581 2668 Nicetes,
596 2636 614 2663 Ι.
629 2643 648 2669 ι,
667 2633 695 2662 ti.
714 2636 740 2662 Ι.

245 2669 301 2706 (ξξθ)
321 2668 496 2706 φρεδερζᾳιφ.
510 2670 538 2698 ld
566 2671 653 2705 ipsum
669 2670 753 2698 refert
768 2670 891 2705 Nicetas,
904 2671 922 2699 l.
938 2680 958 2706 ι,
976 2681 1005 2701 n.

213 2703 242 2739 5,
251 2703 415 2732 'Gotefridus
434 2704 536 2732 Viterb.

1125 2602 1219 2638 Adfuit
1230 2602 1346 2638 egregius
1366 2601 1408 2639 [P.
1422 2602 1487 2639 440]
1514 2602 1668 2639 ι’νίίίογίεαε
1693 2603 1748 2628 dua:
1771 2600 1837 2629 Sue-

1125 2673 1216 2708 Equa
1227 2681 1274 2709 Iug
1281 2677 1376 2709 patruo
1386 2674 1449 2708 regit
1460 2673 1564 2709 agmina
1576 2638 1790 2709 remigi-’33:.“

1124 2705 1251 2737 Ηοὲιίὺιη
1260 2705 1402 2743 ingeritur,
1412 2705 1529 2744 ’ρνοιέθὶι
1544 2709 1599 2744 ipse
1617 2708 1714 2743 forum.

846 2754 987 2796 Cornelii
1003 2764 1099 2796 Tollii
1118 2770 1213 2797 notas.

210 2853 224 2874 Γ
244 2810 287 2875 ft)’
304 2811 366 2840 Τῶν
391 2819 459 2838 τινα
486 2810 713 2848 ἐπισημοτέρων
744 2813 930 2854 ’Δλαρανῶνκ
967 2814 1014 2844 Ait

225 2855 240 2875 a
255 2855 273 2874 ι.

225 2855 273 2875 all.

1048 2814 1157 2844 Nicetas
1188 2821 1331 2858 cognatum
1356 2817 1428 2847 hunc
1452 2817 1538 2848 fuisse
1561 2819 1635 2856 regis
1661 2819 1745 2855 ipsius
1761 2819 1837 2849 Con-
