1962 3074
204 127 258 160 475

852 125 1014 157 ΙΟΑΝΝῙΞ
1034 124 1200 153 ΕΙΝΝΑΜΙ

1778 127 1835 159 476

203 188 316 216 aedilicia
332 194 378 214 sua
392 187 453 221 igne
466 187 587 213 consumi
604 191 757 221 vastarique
773 191 801 213 et
818 187 918 215 auferri
935 194 996 213 om-

1052 183 1162 216 τειχέων
1193 183 1340 209 συνέπεσον
1353 183 1512 217 φεύγουσιν,
1527 184 1550 210 οἰ
1564 183 1593 210 δὲ
1604 183 1712 220 πρῶτον
1724 184 1774 219 μὲν
1790 185 1839 212 ἐπὶ

205 233 248 259 nia
264 240 277 258 a
296 231 425 258 Romanis
448 231 628 265 conspiciunt,
654 236 708 258 tum
727 239 790 259 vero
815 231 992 264 descendunt,

205 278 396 311 doruinumque
419 285 497 304 suum
524 285 649 312 magnum
675 269 862 311 imperatorem
888 278 993 312 procla-

205 330 280 351 mant
294 334 301 351 :
316 328 397 358 atque
420 324 470 351 hoc
492 324 570 351 modo
590 328 682 351 castro
706 324 743 350 illi
761 324 910 359 potiuntur.
927 323 992 351 Cum

205 371 267 398 inde
285 371 318 398 ad
344 371 492 402 civitatem,
509 371 550 397 cui
568 378 582 397 ξι
600 370 661 398 divo
686 370 812 404 quodam,
840 370 886 406 qui
910 370 937 397 in
962 378 993 396 ea

205 417 313 449 colitur,
341 416 474 450 Flaviana:
499 424 596 443 nomen
620 416 734 443 inditum
760 420 812 446 est,
838 420 992 450 pergerent,

204 462 350 496 populares
364 469 457 490 omnes
474 462 580 489 obviam
598 462 675 488 effusi
692 470 740 496 pro
763 462 835 496 agris
853 462 909 489 suis
935 462 993 489 illos

206 513 312 543 rogant,
329 516 361 535 ac
379 516 411 535 ne
427 508 489 543 quid
516 509 542 535 in
562 516 590 535 se
614 509 721 542 gravius
747 508 892 536 insolescat
919 509 994 535 miles

207 555 387 587 obtestantur,
402 562 494 581 servos
508 562 536 581 se
551 555 656 581 futuros
670 555 795 589 deinceps
810 555 993 590 imperatoris,

207 603 234 625 et
249 607 414 634 qua‘cuuque
439 599 537 626 Vellent
561 598 675 626 Romani
693 607 721 626 se
738 599 857 627 facturos
873 601 993 634 polliciti.

209 647 265 673 Dux
280 647 410 680 ejusmodi
428 646 621 673 benevolentia:
637 645 743 673 illorum
763 647 876 681 gratiam
900 655 995 681 repen—

206 693 282 723 dens.
300 700 346 726 per
362 699 453 718 eorum
479 700 557 726 πει-ηις
579 692 664 718 amire
691 700 723 719 ac
744 697 837 727 pacate
855 693 906 720 iter
922 693 993 720 fecit.

209 737 289 772 138
303 737 371 765 Cum
398 737 460 764 inde
483 739 636 767 excederet.
665 738 815 766 Gulielmus
841 738 994 767 Bassavillze

205 783 299 816 frater,
316 783 361 818 qui
380 788 407 810 et
431 784 488 816 ipse
512 784 537 810 iu
557 784 739 811 limuanorum
767 785 912 812 amicitiam
929 793 995 812 con-

206 836 336 862 cesserat,
355 838 416 856 cum
435 830 527 858 fratris
548 831 644 858 litteris
657 831 740 863 venit,
758 832 855 865 quibus
871 837 899 858 ut
912 832 995 859 couti-

205 877 302 903 deutcr
316 877 368 903 dux
392 876 534 903 accederet
554 876 723 909 hortabatur,
742 881 834 912 utpote
850 877 996 911 circumja-

192 928 284 952 ,ceutc
302 918 480 957 regiotte‘jam
496 922 625 950 Itoruanis
643 928 767 958 parente.

241 1013 267 1039 5.
286 1011 450 1046 Palaeologus
473 1017 562 1039 autem
586 1013 693 1046 Vescia,
711 1019 740 1040 ut
762 1014 863 1042 dictum
884 1021 935 1049 est,
951 1024 999 1050 per

206 1057 376 1084 conditiones
392 1058 504 1092 potitus,
523 1059 554 1085 ad
572 1058 683 1086 Tranim
697 1060 771 1087 venit
788 1069 795 1087 :
812 1062 888 1094 cujus
904 1062 999 1090 incolae

207 1102 287 1129 simul
304 1110 333 1127 ar.
349 1101 666 1131 ltomanunrcxercitum
683 1100 859 1140 conspexere,
874 1116 934 1134 cum
951 1116 999 1136 ne.

207 1156 341 1182 quaquam
360 1150 453 1176 urbem
474 1150 572 1177 dedere
597 1151 707 1183 vellent,
735 1152 825 1180 missis
848 1154 879 1180 ad
904 1155 996 1182 ducem

208 1195 316 1228 legatis,
336 1199 365 1222 ut
381 1196 479 1223 linilms
494 1196 550 1223 suis
567 1197 725 1224 abscederet
742 1205 872 1233 rogavero
888 1209 894 1226 :
912 1208 998 1234 neque

209 1241 281 1268 enim
298 1242 465 1276 priusquam
488 1242 576 1269 Barim
594 1243 718 1277 cepisset,
736 1244 846 1272 'l‘ranim
866 1254 946 1280 posse
965 1247 999 1274 ah

209 1287 254 1314 illo
270 1288 427 1321 expugnari.
452 1288 540 1321 Quare
556 1288 676 1316 collectis
700 1290 791 1316 decem
813 1299 864 1317 non
885 1291 999 1326 amplius

209 1333 334 1364 navibus,
352 1332 474 1359 discessit
491 1333 552 1359 inde
575 1338 599 1360 et
619 1334 651 1360 ad
675 1335 767 1361 urbem
794 1335 883 1363 Barim
909 1338 998 1370 venit,

211 1386 262 1404 non
283 1384 336 1405 tam
354 1378 468 1405 militum
494 1384 602 1406 secutus
624 1380 764 1407 consilium
790 1381 899 1416 (quippe
915 1384 1000 1411 solers

209 1428 268 1450 erat
291 1424 434 1450 admodum
456 1427 482 1451 et
498 1425 536 1451 rei
556 1425 680 1452 militaris
704 1427 870 1460 experientia
894 1429 1000 1456 nemine

213 1469 345 1504 inferior),
370 1470 416 1496 sed
432 1470 501 1504 quod
527 1469 637 1496 Trauim
664 1471 813 1504 expugnari
831 1479 923 1499 revera
947 1481 998 1500 non

1044 228 1093 262 τὴν
1108 229 1255 264 ἀκρόπολιν
1275 229 1439 265 ἀνεχώρουν,
1456 230 1494 261 ὡς
1514 230 1543 256 δὲ
1562 230 1694 264 Ῥωμαῖοι
1708 231 1763 266 πῦρ
1775 233 1839 263 ταῖς

1044 273 1200 308 οἰκοδομαῖς
1217 274 1265 309 ἤδη
1281 274 1381 309 ἐνῆκαν
1399 275 1431 301 τά
1451 284 1481 301 τε
1495 274 1564 301 οἴκοι
1585 274 1747 310 διήρπαζον,
1775 277 1838 303 ἐπι-

1046 320 1220 347 καταΰαίνειν
1233 329 1263 348 τε
1286 321 1403 356 ἤρξαντο
1425 321 1471 347 καὶ
1501 321 1596 356 κύριον
1626 322 1701 356 σφίσι
1724 323 1838 358 βασιλέα

1047 366 1134 401 μέγαν
1175 367 1314 402 ἀναϐοᾷν.
1359 367 1459 394 Τούτου
1509 367 1558 402 μὲν
1596 368 1627 402 δὴ
1665 368 1752 400 οὕτως
1792 370 1837 403 ἐγ-

1045 413 1155 446 κρατεῖς
1165 413 1295 445 ἐγένοντο.
1307 412 1366 438 Ἐπὶ
1375 413 1403 439 se
1415 421 1475 439 τινα
1487 413 1564 439 πόλιν
1570 413 1724 449 ὲλθὸντωνῆ
1735 415 1839 442 ὲπὼνυ-

1047 467 1094 492 μσς
1125 458 1163 492 τῷ
1199 459 1315 485 ἐνταῦθα
1345 460 1492 493 τιμωμένῳ
1523 460 1593 494 ἁγίῳ
1618 460 1757 494 Φλαειανὴ
1779 462 1835 496 (77)

1020 504 1189 544 λκέκληται,
1206 505 1324 539 ἐξεχεῖτο
1355 505 1428 537 ἅπας
1442 506 1455 532 ὁ
1470 506 1556 541 δῆμος
1571 507 1642 540 ὑπὲρ
1658 507 1711 533 τῶν
1744 508 1837 542 ἀγρῶν

1045 550 1166 585 δεόμενοι
1177 552 1224 577 καὶ
1237 553 1283 578 τοῦ
1308 552 1390 586 μηδὲν
1406 552 1497 582 αὐτοῖς
1513 553 1596 587 ἄχαρι
1612 553 1679 587 πρὶς
1695 554 1748 579 τῶν
1769 554 1837 580 Ῥω-

1047 597 1135 632 μαίων
1168 597 1310 624 πείσεσθαι
1340 598 1525 632 στρατιωτῶν,
1553 598 1643 624 δοῦλοί
1672 607 1701 625 τε
1724 599 1839 633 βασιλεῖ

1045 643 1201 678 ὡμολόγουν
1217 645 1263 670 καὶ
1278 644 1361 670 τᾶλλα
1372 644 1516 679 ἔπραττον,
1534 645 1583 670 ὅσα
1601 644 1749 679 Ῥωμαίοις
1775 646 1837 680 βου-

1045 690 1169 724 λομένοις
1184 688 1228 726 ἦν.
1245 690 1298 721 Οὓς
1310 691 1359 725 τῆς
1383 691 1488 722 εὐνοίας
1513 691 1694 726 ἀμειΰόμενος
1713 693 1726 718 ὁ
1740 702 1839 728 aspar—

1046 737 1111 772 ηγὸς
1125 737 1162 767 ὡς
1188 737 1231 764 διὰ
1256 737 1348 771 φιλίας
1366 737 1513 773 ἐπορεύετο
1523 738 1571 772 τῆς
1591 738 1695 772 χώρας,
1713 740 1792 773 ’Λρτι
1810 739 1838 764 δὲ

1047 784 1151 810 ἐκεῖθεν
1163 784 1310 819 ἀπαίροντι
1325 784 1467 819 Γιλιέλμος
1479 786 1492 810 ὀ
1502 784 1637 811 Βασαὸίλα
1651 785 1698 818 μὲν
1711 785 1836 818 ἀδελφὸς,

1049 830 1142 862 εὔνους
1157 831 1185 856 δὲ
1200 830 1248 857 καὶ
1268 831 1349 862 αὐτὸς
1379 831 1525 865 Ῥωμαίοις
1542 831 1591 866 ἤδη
1608 831 1727 865 γεγονὼς
1746 832 1838 865 γράμ-

1051 885 1123 911 ματα
1139 877 1214 911 παρὰ
1230 877 1277 903 τοῦ
1301 877 1416 912 ἀδελφοῦ
1432 876 1556 912 κομίζων
1572 875 1652 912 ἦλθεν
1677 877 1751 911 αὐτῷ
1769 877 1837 912 eap—

1050 923 1107 958 ρεῐν
1123 922 1170 948 τοῦ
1188 922 1282 948 λοιποῦ
1297 923 1517 958 προτρεπόμενοι,
1545 922 1584 954 ὡς
1608 923 1638 949 τὸ
1654 923 1718 957 ἑξῆς
1744 922 1839 958 χώρας

1050 969 1184 1002 κατηκέου
1203 970 1386 1003 προκειμένης
1400 970 1484 1004 αὐτῷ.

1087 1014 1122 1047 γ’.
1153 1015 1181 1041 ’0
1195 1015 1223 1040 δὲ
1252 1014 1436 1048 Παλαιολόγος
1458 1015 1552 1050 ἐπειδὴ
1577 1016 1700 1048 Γεστίαν,
1716 1015 1840 1050 καθάπερ

1049 1059 1168 1094 εἴρηται,
1183 1060 1314 1095 ὁμολογία
1340 1061 1542 1095 παρεστήσατο,
1558 1062 1603 1087 ἐπὶ
1633 1062 1734 1095 Τρᾶνιν
1762 1060 1837 1096 ἦλθε.

1049 1107 1180 1142 Τρανίται
1199 1106 1288 1132 τοίνυν
1314 1107 1351 1138 ὡς
1367 1107 1413 1133 τὸν
1445 1107 1591 1141 Ῥωμαίων
1617 1104 1685 1133 εἶδον
1713 1108 1839 1141 στρατὸν.

1049 1152 1143 1187 ἐπειδὴ
1160 1152 1336 1188 παραδιδόναι
1354 1153 1429 1186 σφίσι
1446 1153 1495 1187 τὴν
1513 1153 1591 1179 πόλιν
1608 1153 1714 1187 οὐδαμῆ
1730 1153 1839 1187 ἤθελον.

1050 1197 1180 1232 πρέσϐεις
1195 1197 1268 1232 παρὰ
1283 1198 1328 1223 τὸν
1343 1199 1495 1233 στρατηγὸν
1516 1198 1671 1233 πέμψαντες
1686 1198 1778 1232 ἠξίουν
1796 1200 1841 1224 ὲν-

1051 1244 1126 1270 θένδε
1143 1245 1237 1270 τοῦτον
1262 1244 1399 1277 ἀπαίρειν.
1427 1244 1471 1279 Μὴ
1503 1244 1555 1280 γὰρ
1595 1245 1728 1279 πρότερον
1757 1245 1840 1279 Βᾶριν

1051 1290 1291 1326 παραστησαμὲνῳ
1303 1290 1421 1317 ἀδύνατα
1436 1291 1509 1325 αύτῷ
1522 1291 1631 1327 ἔσεσθαι
1643 1292 1744 1326 Τρᾶνιν
1759 1292 1839 1318 ἑλεῖν.

1056 1336 1086 1362 ’0
1102 1337 1129 1362 δὲ
1151 1336 1218 1367 ναῦς
1245 1336 1346 1362 αὐτίκα
1370 1337 1400 1362 ού
1430 1336 1511 1363 πλέον
1541 1337 1637 1372 ῆεέκα
1671 1337 1841 1372 ἐπαγόμενος

1051 1382 1154 1409 ἐκεῖθέν
1172 1391 1202 1408 τε
1232 1382 1333 1416 μετέϐη
1350 1383 1397 1409 καὶ
1413 1383 1460 1409 ὲπὶ
1481 1383 1564 1418 Βᾶριν
1589 1381 1683 1418 ἦλθεν,
1711 1383 1759 1418 οὐχ
1779 1384 1840 1409 ὅσον

1051 1429 1107 1459 τοῖς
1125 1428 1300 1464 στρατιωτῶν
1319 1428 1410 1462 λόγοις
1425 1429 1601 1460 ἀναπεισθεὶς
1628 1430 1767 1464 (ἀγχίνους
1785 1429 1840 1463 γὰρ

1051 1472 1084 1504 ἦν
1095 1475 1142 1501 καὶ
1150 1475 1181 1509 τῇ
1194 1475 1259 1508 περὶ
1267 1474 1300 1501 τὰ
1312 1474 1448 1509 πολεμικὰ
1460 1475 1591 1510 ἐμπειρίᾳ
1603 1475 1710 1506 οὐδενὸς
1722 1476 1840 1510 ἥσσων),

212 1522 289 1548 posse
309 1515 400 1548 sciret,
427 1514 591 1549 proindeque
610 1520 716 1549 tempus
742 1517 777 1543 ibi
794 1521 880 1544 terere
906 1526 998 1552 parum

1053 1520 1120 1547 ἀλλὰ
1135 1520 1234 1554 Τρᾶνιν
1256 1519 1305 1546 οὑκ
1322 1520 1459 1555 ἐπίμαχον
1474 1520 1552 1552 εἰδὼς
1568 1520 1672 1555 τρίϐειν
1704 1521 1764 1554 εἰκῆ
1795 1521 1841 1547 τὸν

211 1561 362 1588 consultum
380 1561 567 1588 arbitraretur.
586 1560 638 1588 Sed
653 1567 680 1588 et
696 1563 728 1588 ad
747 1562 830 1595 ipsam
849 1563 936 1590 Barim
952 1573 1000 1592 co-

212 1609 269 1642 pias
282 1610 424 1636 admovere
439 1609 508 1635 haud
524 1614 576 1635 tam
593 1609 672 1636 facile
685 1610 825 1637 videbatur
839 1618 846 1637 :
860 1620 919 1638 cum
933 1620 1001 1646 pra:-

213 1661 334 1689 terqnam
348 1656 418 1690 quod
436 1656 529 1683 validis
542 1657 695 1690 cingeretur
708 1658 804 1690 muris,
822 1659 918 1686 idoneo
934 1659 1000 1686 bar-

212 1703 338 1729 barorum
365 1703 490 1736 prtesidio
516 1707 587 1730 esset
606 1703 709 1730 mttnita
734 1712 740 1730 :
767 1712 880 1738 quorum
904 1706 947 1732 alii
974 1705 1000 1733 in

213 1747 333 1775 turribus
359 1748 456 1775 armati
483 1748 601 1781 stabant,
627 1749 671 1776 alii
696 1755 757 1777 ante
781 1755 873 1784 portas
898 1751 1002 1779 iuliuito

213 1800 295 1826 prope
306 1801 420 1820 nttmero
432 1793 508 1821 effusi
521 1794 626 1827 pedites
641 1795 798 1829 equitesque
813 1795 925 1830 perinde
938 1804 999 1823 cum

213 1839 297 1865 armis
315 1839 509 1866 consistebant.
524 1840 564 1866 Ad
582 1840 638 1866 haec
652 1845 718 1867 mstu
736 1840 843 1867 insolito
859 1841 963 1869 fervens
975 1847 1002 1869 et

213 1885 397 1911 intumescens
414 1892 488 1911 mare
508 1885 617 1920 jamjam
635 1886 748 1913 navibus
768 1886 904 1913 interitum
921 1887 1002 1915 mini-

214 1931 332 1957 tabatur.
349 1930 415 1957 Cum
433 1930 515 1965 igitur
531 1930 615 1957 ardua
632 1932 721 1958 omnia
747 1932 867 1967 undique
885 1940 916 1960 ac
932 1933 1002 1960 ditii-

214 1978 276 2003 cilia
293 1984 403 2011 prorsus
419 1977 584 2009 viderentur,
604 1985 657 2004 non
675 1978 735 2006 ideo
751 1983 842 2006 tamen
859 1987 933 2014 spem
957 1981 1003 2008 ille

214 2031 321 2049 omnem
334 2022 477 2057 abjeeerat.
491 2023 586 2050 Sedata
599 2023 680 2057 igitur
689 2025 817 2058 postridie
832 2030 1002 2060 tempestate,

216 2076 272 2096 rem
289 2068 396 2103 aggredi
414 2068 563 2096 constituit.
577 2069 612 2096 At
627 2077 688 2097 cum
705 2070 771 2098 nihil
796 2072 864 2108 fere
877 2072 956 2107 139
970 2081 1003 2100 ex
1021 2086 1026 2099 λ

215 2114 297 2141 animi
314 2114 448 2141 sententia
467 2115 624 2142 succederet
640 2115 768 2150 (hostium
786 2117 857 2143 enim
873 2117 917 2144 alii
938 2117 1004 2152 lapi-

215 2160 263 2187 des
280 2164 308 2187 et
323 2159 395 2194 ligna
421 2165 447 2187 et
462 2161 640 2195 quodcunque
662 2163 820 2189 occurrebat
836 2164 868 2190 ad
893 2171 1002 2190 manum

1053 1565 1147 1601 mupr
1166 1565 1324 1600 ἀσύμφορον
1336 1565 1415 1601 ᾤετο.
1448 1566 1550 1592 Ἐδόκει
1568 1567 1617 1600 μὲν
1646 1563 1691 1592 οὗν
1715 1567 1731 1601 ἡ
1759 1565 1841 1600 Bipt;

1052 1612 1202 1646 ἀπρόσοδος
1221 1611 1296 1645 αὐτῷ
1314 1612 1412 1646 πάντη·
1428 1612 1505 1646 τείχη
1521 1620 1550 1638 τε
1569 1612 1624 1646 γὰρ
1647 1613 1732 1646 αὐτὴν
1763 1621 1842 1645 περι-

1051 1657 1152 1689 εζώννυ
1172 1658 1305 1692 καρτερὰ,
1319 1659 1365 1684 καὶ
1389 1657 1534 1692 βαρϐάρων
1549 1658 1663 1692 στρατιὰ
1683 1659 1707 1684 οε
1730 1658 1780 1692 μὲν
1796 1658 1842 1684 ἐπὶ

1051 1702 1105 1728 τῶν
1119 1702 1257 1734 ἐπάλξεων
1279 1702 1503 1734 ὀπλενδυτοῦντες
1519 1703 1675 1737 ἐνέστησαν,
1691 1704 1714 1730 οἱ
1736 1704 1763 1730 δὲ
1796 1704 1843 1730 ἀν-

1053 1748 1170 1783 άριομός
1186 1757 1228 1778 τις
1246 1748 1340 1782 ὅμιλος
1355 1748 1446 1775 πυλῶν
1462 1748 1646 1783 προχυθέντες
1661 1749 1737 1780 πεζοί
1750 1758 1779 1775 τε
1795 1750 1843 1775 καὶ

1053 1796 1146 1826 ἱππεῖς
1162 1795 1208 1827 ξὺν
1221 1796 1277 1826 τοῖς
1296 1795 1389 1825 ὅπλοις
1408 1794 1572 1829 ἐπεφέροντο
1583 1795 1667 1829 αὐτῷ.
1680 1794 1723 1830 [Ρ.
1741 1795 1788 1830 ill]
1809 1796 1842 1821 'll

1053 1842 1175 1869 θάλασσα
1197 1841 1225 1868 δὲ
1241 1841 1365 1876 σφοδρῶς
1385 1841 1583 1876 ὲπεγειρομένη
1606 1841 1749 1868 καταδύειν
1764 1842 1844 1875 ἠπεί-

1052 1889 1093 1914 λει
1106 1887 1155 1918 τὰς
1178 1887 1255 1919 ναῦς.
1284 1887 1314 1913 Ὀ
1344 1886 1373 1913 δὲ
1397 1886 1485 1913 καίτοι
1511 1887 1679 1921 πανταχόθεν
1699 1887 1772 1921 αἰτῴ
1788 1888 1844 1913 τῶν

1055 1932 1227 1966 πραγμάτων
1256 1931 1366 1966 ἀπόρων
1379 1931 1475 1962 ὄντων,
1490 1931 1539 1957 οὐκ
1552 1931 1604 1964 ἔξω
1621 1933 1707 1966 πάντη
1726 1931 1843 1958 ἐλπίδων

1054 1978 1172 2010 ἐγένετο.
1187 1977 1225 2010 Τῇ
1244 1975 1359 2011 ἐπιούσῃ
1370 1977 1435 2009 γοῦν
1461 1977 1515 2003 τῶν
1532 1977 1659 2011 κυμάτων
1674 1978 1741 2008 τέως
1756 1979 1826 2011 sim.)

1054 2017 1188 2057 λαγμένος
1206 2020 1288 2056 ἔργου
1306 2021 1418 2056 ἔχεσθαι
1434 2021 1541 2055 ἤθελεν.
1562 2021 1606 2053 Ὠς
1627 2022 1655 2048 δὲ
1674 2023 1843 2058 μηδὲναῦτῷ

1054 2069 1209 2106 προύχώρει
1219 2069 1283 2105 (τῶν
1291 2070 1345 2104 γὰρ
1358 2069 1494 2104 πολεμίων
1507 2071 1531 2096 oi
1543 2070 1590 2105 μὲν
1599 2070 1690 2098 λίθους
1711 2072 1757 2097 καὶ
1778 2071 1844 2103 ξύλα

1055 2117 1101 2143 καὶ
1110 2117 1164 2143 πᾶν
1174 2116 1203 2142 τὺ
1218 2115 1375 2150 παρατυχὺν
1383 2115 1501 2148 νιφάδων
1508 2115 1587 2151 δίκην
1595 2117 1626 2143 ἐκ
1642 2116 1695 2142 τῶν
1704 2117 1845 2150 ἐπάλξεων

1055 2162 1105 2188 ἐπ’
1116 2161 1198 2188 αὑτὸν
1207 2161 1373 2195 ἔπεμπον,οί
1387 2160 1415 2186 δὲ
1431 2161 1477 2187 καὶ
1489 2161 1543 2187 ἀπὸ
1555 2162 1606 2195 γῆς
1617 2162 1706 2196 βέλεσι
1720 2163 1764 2188 τὸν
1776 2164 1844 2198 ἀέρα

217 2207 319 2234 nivium
336 2206 422 2234 instar
436 2215 451 2234 e
467 2208 586 2235 turribus
601 2208 760 2236 emittebant
779 2217 785 2235 :
803 2209 858 2241 alii,
875 2210 920 2244 qui
937 2209 999 2236 infr:

1058 2208 1206 2240 ἐσκίαζον),
1223 2207 1358 2242 ὲντροπήν
1380 2216 1441 2233 τινα
1455 2207 1483 2233 ἐν
1498 2207 1536 2242 τῷ
1549 2208 1707 2242 παραυτίκα
1727 2217 1845 2244 πεποιηκ

215 2253 333 2286 stabant,
345 2253 532 2288 frequentibus
542 2254 601 2281 telis
612 2254 914 2289 obscurabantﬁaerem),
927 2256 1006 2282 inter-

216 2299 375 2326 mittendam
392 2299 418 2326 in
435 2298 559 2333 pt'ieseuti
577 2300 804 2334 oppugnationem
832 2304 906 2326 ratus
929 2305 1006 2328 extra

215 2345 263 2372 tell
282 2344 383 2379 jactum
401 2345 514 2373 recessit
533 2350 559 2372 et
578 2345 679 2379 pacisci
700 2351 759 2371 cum
776 2345 897 2372 hostibus
913 2346 1005 2380 cmpit,

218 2391 301 2418 multa
320 2391 353 2418 iis
367 2393 437 2418 bona
453 2391 600 2426 pollicitus,
617 2398 677 2425 quae
695 2398 756 2418 sese
769 2393 867 2426 partim
881 2392 1004 2419 daturum

219 2435 361 2463 confestim
374 2436 532 2470 spondebat,
548 2436 569 2462 si
588 2436 680 2463 urbem
694 2436 761 2463 citra
776 2436 895 2470 praelium
909 2444 1005 2471 magno

219 2482 347 2509 dederent
359 2482 526 2516 imperatori,
538 2482 633 2516 partim
650 2482 764 2509 subinde
779 2482 911 2517 speranda
929 2482 1006 2517 inge-

219 2528 304 2556 rebat.
316 2527 449 2562 Oppidani
464 2528 544 2555 simul
556 2533 637 2563 atque
647 2528 673 2556 id
685 2535 824 2563 accepere,
841 2528 886 2555 alii
902 2529 1006 2563 equites

218 2576 362 2608 excedunt,
382 2575 426 2602 alii
450 2577 563 2609 scaphas
581 2575 778 2610 ingrediuntur,
798 2583 915 2609 eumque
938 2575 1005 2602 invi-

219 2624 277 2647 tant
289 2626 319 2648 ut
334 2621 360 2648 in
375 2621 479 2653 urbem,
492 2613 568 2655 cujus
580 2622 699 2649 reclusas
711 2621 887 2648 ostendebant
904 2625 1005 2654 partas,

218 2666 334 2694 veniret.
360 2667 393 2694 At
418 2668 461 2695 ille
487 2675 521 2695 ne
544 2667 621 2695 dolus
639 2667 759 2695 subesset
783 2667 895 2697 veritus,
920 2666 1006 2700 primo

219 2712 324 2740 animos
338 2713 444 2741 illorum
463 2719 569 2741 tentare
585 2714 689 2742 statuit.
704 2713 789 2741 Jussit
806 2713 896 2747 itaque
912 2719 1006 2739 navem

1058 2254 1137 2288 μένος
1154 2253 1206 2286 ἔξω
1219 2252 1303 2288 βελῶν
1319 2252 1435 2286 ἐγίνετο,
1449 2252 1537 2286 λόγοις
1549 2262 1578 2279 τε
1593 2254 1622 2284 ἐς
1637 2254 1736 2285 αὐτοὺς
1744 2255 1846 2290 ἐχρῆτο

1056 2300 1146 2333 ἀγαθὰ
1162 2299 1180 2325 ὃ.
1195 2299 1243 2332 μὲν
1252 2297 1352 2325 αὐτίκα
1367 2300 1490 2332 ποιήσειν
1506 2299 1742 2334 ἐπαγγελλόμενος
1755 2302 1778 2327 εἰ
1796 2302 1846 2335 βα-

1057 2345 1127 2372 σιλεῖ
1148 2344 1259 2379 μεγάλῳ
1273 2343 1321 2379 τὴν
1340 2344 1418 2370 πόλιν
1432 2344 1555 2378 ἀμαχητὶ
1582 2344 1846 2380 παραθήσούσιν,ὧν

1055 2389 1084 2416 δὲ
1101 2391 1147 2416 καὶ
1162 2388 1258 2415 ἐλπίδα
1275 2389 1425 2415 ὑποτείνων
1440 2389 1514 2423 ἑξῆς·
1533 2389 1636 2416 τούτων
1652 2391 1806 2426 ἐπειδήπερ
1820 2393 1845 2418 οἱ

1058 2435 1104 2461 ἐπὶ
1119 2436 1167 2470 τῆς
1178 2434 1282 2466 πόλεως
1298 2435 1428 2469 ἥκουσαν,
1447 2435 1552 2461 ἱππέων
1565 2436 1748 2471 ἐκδραμόντες
1761 2438 1845 2470 τινὲς,

1058 2481 1120 2508 οίδὲ
1132 2480 1340 2514 καὶλεμϐαδίοις
1358 2481 1500 2514 ἐμϐάντες,
1522 2483 1694 2516 παρεκάλουν
1704 2483 1784 2509 αὐτὸν
1800 2485 1847 2510 ἐπὶ

1058 2527 1108 2562 τὴν
1121 2526 1197 2557 πόλιν
1210 2525 1277 2552 ἱέναι
1289 2526 1506 2560 ἀνακεκλιμένας
1517 2526 1565 2557 τὰς
1575 2526 1662 2557 πύλας
1670 2528 1847 2554 ὑποδεικνύν-

1058 2581 1114 2604 τες.
1124 2572 1152 2598 Ὁ
1159 2572 1187 2598 δὲ
1194 2572 1283 2603 δείσας
1292 2572 1359 2607 ὃτ-ερ
1367 2568 1401 2606 ἦν
1409 2571 1446 2606 μὴ
1454 2570 1574 2606 ἐξαπάτῃ
1585 2581 1626 2603 τις
1633 2573 1673 2607 εἴη
1680 2573 1711 2599 τὸ
1719 2574 1848 2608 πρᾶγμα,

1060 2620 1088 2651 ἐς
1101 2621 1198 2655 πεῖραν
1213 2618 1311 2654 ἐχώρει
1326 2618 1466 2653 πρότερον.
1484 2618 1610 2644 Ἐκέλευε
1623 2619 1713 2645 τοίνυν
1732 2620 1785 2646 τῶν
1799 2620 1849 2646 σὺν

1059 2665 1132 2701 αὺτῷ
1143 2667 1209 2701 μίαν
1219 2665 1286 2692 νεῶν
1300 2665 1347 2691 ἐπὶ
1358 2664 1498 2700 τὴνάκτὴν
1516 2664 1677 2702 ίὲναιδῆοεν
1695 2667 1850 2701 ὁρμισομέ-

1059 2720 1124 2746 νην·
1135 2712 1192 2738 ἀλλ’
1209 2711 1267 2746 ἅμα
1282 2719 1311 2737 τε
1326 2710 1492 2746 προσιοῦσαν
1504 2707 1574 2737 εἶδον
1589 2710 1672 2747 αὐτὴν
1682 2711 1707 2737 οῐ
1720 2711 1850 2746 πολέμιοι

879 2782 928 2811 Du
946 2779 1058 2820 Cangii
1077 2783 1170 2810 notae.

262 2844 319 2880 (Π)
348 2843 510 2878 «maritumi.
547 2843 703 2871 Flavianum
731 2841 801 2871 forte
830 2841 955 2877 oppidum
979 2841 1006 2869 iu
1027 2840 1195 2869 Samnitibus
1213 2839 1284 2869 circa
1299 2840 1374 2869 littus
1387 2839 1458 2875 haud
1471 2839 1565 2875 procul
1581 2839 1714 2869 Turdino.
