1962 3074
189 176 243 207 493

775 168 1047 201 IilSTORIARUM
1067 166 1140 196 LIB.
1164 165 1214 195 IV.

1755 161 1809 193 49L

188 231 275 266 μαίων
300 230 384 264 ὀλίγοι
410 229 565 264 ὲπιθέμενοί
593 237 667 260 τινας
687 228 823 255 ἔκτειναν.
848 226 924 253 Ἐπεὶ
941 225 968 251 δὲ

1037 230 1143 257 erupere
1159 222 1286 249 adessent
1305 219 1406 247 bellicre
1434 218 1575 251 machinae,
1600 217 1724 250 classem,
1747 225 1810 253 qua:

187 277 270 312 ἐγγὺς
287 276 424 312 Τάραντος
441 276 490 312 ἤδη
513 275 648 309 ἐγένοντο,
669 274 807 301 ἀνάλωτον
824 271 895 299 εἶναι
920 273 970 309 τὴν

188 325 264 351 πόλιν
281 325 500 358 κατανοήσαντες
515 322 599 356 αὐτῆς
615 321 664 356 μὲν
681 320 804 355 ἀπῆραν,
820 318 971 346 Μονοπόλει

187 371 215 397 δὲ
228 370 342 397 πελάσαι
357 369 553 404 διανοηθέντες,
564 367 659 402 ἐπειδὴ
672 367 784 402 ἀπορεῖν
799 365 890 396 αὐτοῖς
907 374 971 391 συν-

188 416 278 442 έϐαινε
290 415 499 450 τειχομαχικῶν,
517 413 661 449 γράμμασι
674 413 719 439 τὸν
731 413 759 439 ὲν
782 411 865 447 Βάρει
890 418 969 445 μετε-

189 462 329 497 πέμποντο
347 461 440 487 στόλον
450 481 457 493 ,
483 461 526 494 ἐφ’
539 456 561 494 ᾧ
576 459 704 486 τοιούτων
730 458 834 485 ἐκεῖθεν
850 457 969 492 εὐπορή-

190 516 247 534 σειν
262 507 340 542 ἥκειν
360 507 400 533 ὄτι
420 507 546 541 τάχιστα.
568 506 611 532 Ἐν
622 505 650 531 δὲ
664 504 750 539 τούτῳ
758 503 892 538 τετύχηκε
906 503 974 530 Ῥω-

193 553 282 588 μαίοις
312 552 355 579 διὰ
384 552 475 587 χώρας
511 549 705 586 πορευομένοις
733 549 894 584 εὐδαίμονος
926 549 975 575 καὶ

190 599 316 632 ἀφθόνοις
340 599 550 634 περιόριοούσης
573 597 686 632 ἀγαθοῖς
714 596 820 632 μυρίων
838 596 907 622 ὅσων
924 603 974 621 πε-

191 645 308 680 πλῆσθαι
326 645 426 672 καλῶν.
440 645 557 678 Λέγεται
569 644 623 678 γὰρ
635 643 700 669 δέκα
713 642 762 677 μὲν
773 641 899 676 τηνικάδε
912 639 975 675 βοῦς

1024 269 1083 296 Bari
1112 268 1211 300 stabat,
1229 271 1258 294 ιιι
1268 266 1359 293 omnia
1382 265 1433 292 ista
1450 264 1590 291 celerrime
1602 263 1747 290 adveheret
1763 271 1810 298 per

1021 315 1125 342 litteras
1147 313 1356 341 arcessiverunt.
1385 310 1494 337 Interim
1527 308 1652 341 Romani,
1672 310 1733 335 dum
1757 309 1812 336 iter

1019 360 1121 388 faciunt
1151 366 1198 393 per
1216 359 1352 393 regionem
1385 356 1538 391 opulentam
1554 355 1700 382 admodum
1717 359 1745 382 et
1759 355 1812 382 int-

1021 413 1115 434 tneusa
1146 406 1278 432 bonorum
1303 403 1381 437 copia
1426 401 1590 433 abluentem,
1627 400 1814 436 multiplicite,

1018 453 1150 480 ditantur.
1166 451 1249 477 Aiunt
1265 449 1337 477 enim
1354 453 1410 476 tum
1430 447 1543 475 militem
1559 455 1614 475 ttno
1632 447 1691 474 auri
1710 451 1814 474 statere

1028 500 1111 526 boves
1143 497 1235 525 decem
1262 495 1427 523 armentales
1456 493 1615 525 vendidisse,
1645 493 1696 520 alia
1722 498 1813 520 autem

1027 553 1126 582 pecora
1144 549 1252 573 centum
1269 549 1295 571 et
1310 543 1427 578 triginta.
1445 542 1542 569 Multos
1559 542 1592 568 ad
1611 542 1667 568 hlEC
1679 541 1814 568 Romanos

1029 592 1163 621 diuturnis
1189 590 1344 618 carceribus
1370 593 1521 616 maceratos
1544 587 1719 623 compedibus
1732 594 1816 616 exue-

1030 642 1101 665 runt.

191 678 321 726 ἀγελαίας
338 690 438 726 χρυσοῦ
455 691 500 716 τὸν
518 689 688 724 στρατιώτην
719 688 870 715 ἀποδόσθαι
898 685 1041 721 στατῆρας,
1063 684 1187 719 πρόϐατα
1207 683 1234 709 δὲ
1269 689 1416 717 τριακοντα
1448 681 1494 706 καὶ
1521 679 1627 706 ἑκατόν.
1644 678 1709 705 Ὅτε
1718 678 1753 714 δὴ
1769 678 1816 704 καὶ

196 739 339 774 Ῥωμαίων
351 738 427 769 τινὰς
442 737 564 772 εἱρκταῖς
587 737 618 762 ὲκ
633 735 730 763 πολλοῦ
753 734 972 770 προστετηκότας
993 731 1122 767 εὑρόντες
1138 729 1193 756 τῶν
1209 728 1308 755 κλοιῶν
1324 727 1388 758 τοὺς
1405 726 1513 757 ἀθλίους
1531 725 1647 759 ἀνῆκαν.

228 786 260 812 0’.
279 784 356 811 Ἐπεὶ
371 784 400 810 δὲ
423 784 574 818 πεμπταῖοι
598 783 638 814 εἰς
660 781 812 808 Μονόπολιν
833 780 976 814 ἀφίκοντο,

192 831 302 866 ἱπεξῄει
326 831 373 865 μὲν
392 829 483 861 αὐτοῖς
499 829 559 855 οὐδὲ
576 826 616 860 εἷς
633 827 713 862 (ἔφθη
724 827 778 862 γὰρ
793 827 809 861 ὴ
823 826 901 861 φήμη
911 833 978 859 ’προ-

193 876 388 912 καταπλήξασα
406 875 517 906 τούτους
529 874 604 901 ἔνδον
629 874 723 900 ἐλάσαι
737 871 857 907 τειχῶν),
874 870 942 906 ὑπὲρ
950 870 978 896 δὲ
994 890 1016 920 Β

193 923 246 949 τῶν
262 922 372 956 πύργων
387 920 518 947 πάνοπλοι
544 919 707 955 ἑστήκεσαν,
724 918 751 944 εἴ
759 926 800 949 τις
815 916 928 951 ἐπιϐολὴ
940 916 978 950 τῷ

195 968 330 1004 περιϐόλῳ
346 967 454 994 ἐπέλθοι
471 966 664 1001 ἀμυνούμενοι.
684 964 750 991 Τότε
768 964 817 999 μὲν
833 961 879 990 οὖν
896 961 979 988 αὑτοῦ

195 1023 245 1040 που
260 1015 289 1039 ἐν
302 1013 439 1048 ἐπικαίρῳ
463 1012 512 1046 τῆς
528 1011 631 1043 πόλεως
648 1011 677 1037 οὐ
702 1009 792 1044 πολλῷ
815 1007 917 1035 ἄποθεν
934 1007 980 1034 τὸν

195 1061 304 1095 χάρακα
320 1059 473 1094 πηξάμενοι
495 1058 603 1092 ἔμενον.
623 1056 699 1083 Ἐπεὶ
715 1055 743 1081 δὲ
762 1055 809 1081 καὶ
825 1054 853 1080 ὃν
880 1054 912 1080 ὲκ
925 1054 979 1079 Βι-

197 1106 265 1141 ρέως
289 1104 499 1140 μετεπέμψαντο
509 1104 557 1138 ἤδη
577 1103 618 1140 [Ρ.
634 1101 679 1138 90]
702 1101 804 1134 στόλον,
829 1098 980 1127 Μονοπόλει

197 1151 325 1187 προσχὼν
339 1151 374 1177 τὰ
401 1151 429 1181 ὲς
449 1149 607 1184 πολιορκίλν
630 1148 753 1182 αὐτάρκη
779 1146 903 1181 ἐκόμισε,
921 1145 981 1171 τότε

197 1198 227 1232 δὴ
239 1196 389 1232 πανστραῖὶ
403 1195 442 1230 τῷ
454 1195 589 1230 περιόόλῳ
600 1193 740 1220 ἐπέθεντο.
762 1191 842 1218 Ἀλλὰ
857 1191 982 1217 Μονοπο-

195 1243 267 1268 λῖται
282 1242 330 1268 ἃτε
346 1242 392 1274 ἀφ’
411 1240 513 1276 ὑψηλοῦ
542 1240 569 1271 ἐς
584 1240 647 1268 τοὺς
662 1237 809 1272 πολεμίους
839 1234 980 1271 βάλλοντες

199 1288 383 1324 ἀπεκρούοντο
398 1296 427 1314 τε
452 1287 516 1318 τοὺς
531 1286 693 1322 προσιόντας
717 1281 863 1317 Ῥωμαίων
877 1280 924 1307 καί
943 1288 982 1306 τι-

199 1344 247 1366 νας
260 1335 391 1361 ἔκτεινον,
410 1334 448 1359 Ἦ
460 1341 490 1359 τε
509 1332 581 1367 μάχη
597 1329 669 1365 πρωῒ
685 1328 828 1365 ἀρξαμένη
846 1328 874 1359 ὲς
898 1326 983 1353 νύκτα

201 1381 338 1408 ἐτελεύτα.
356 1380 490 1415 Ῥωμαῖοι
507 1378 556 1413 μὲν
581 1377 637 1410 οὖν,
665 1375 758 1411 ἐπειδὴ
786 1371 984 1403 συνεσκόταζεν

201 1429 262 1464 ἢδη,
280 1429 325 1455 ἐπὶ
338 1427 367 1454 τὺ
383 1425 563 1462 στρατόπεδον
581 1424 768 1460 ἀνεχώρησαν.
802 1419 983 1448 Μονοπολῖται

202 1473 230 1500 δὲ
242 1473 363 1508 φυλακὰς
378 1473 426 1499 ἐπὶ
451 1471 506 1498 τῶν
539 1471 651 1503 πύργων
665 1466 737 1505 εἶχον
761 1468 793 1493 ὲκ
813 1464 983 1508 περιτροπῆς

202 1506 380 1546 καθιστάντες
395 1514 448 1545 ἀεὶ,
466 1513 503 1543 ὼς
517 1513 554 1548 μὴ
578 1511 684 1538 λάθοιεν
699 1506 937 1542 κακουργήσαντές
957 1513 984 1530 τι

1066 775 1092 803 9.
1116 775 1295 808 Posteaquam
1321 772 1416 807 quinto
1442 770 1503 798 inde
1532 770 1576 797 die
1598 771 1634 796 ad
1655 769 1816 803 Monopolim

1031 826 1173 853 venerunt,
1202 827 1280 847 nemo
1309 819 1341 845 iis
1362 817 1481 845 occurrit
1504 815 1631 843 hostium.
1660 815 1718 849 lpsa
1743 815 1815 842 enim

1030 868 1083 901 iam
1107 871 1169 894 ante
1186 866 1255 892 fama
1271 863 1435 891 consternati
1451 862 1520 889 intra
1537 861 1635 889 mmnia
1651 868 1680 887 sc
1694 861 1817 897 contine-

1033 915 1107 941 bant.
1141 912 1170 939 In
1200 910 1319 938 turribus
1347 913 1436 935 autem
1465 908 1559 934 armati
1578 906 1732 937 constitere,
1746 909 1774 932 ιιι
1793 905 1815 932 si

1030 959 1091 994 quis
1111 958 1137 985 in
1153 957 1251 984 vallum
1270 957 1346 982 lieret
1360 955 1485 989 impetus,
1499 957 1592 980 contra
1606 952 1625 978 ii
1639 951 1815 979 obsiste’ent.

1033 1003 1148 1031 Romani
1165 1003 1254 1036 itaque
1267 1000 1361 1035 positis
1374 999 1469 1025 idoneo
1482 998 1542 1025 loco
1559 997 1628 1024 haud
1640 996 1734 1031 procul
1754 996 1818 1024 inde

1031 1048 1140 1080 castris,
1153 1046 1308 1075 consedere.
1330 1045 1381 1072 Sed
1402 1044 1456 1077 ubi,
1469 1050 1549 1078 quam
1575 1042 1636 1069 Bari
1651 1041 1815 1073 acciverant,

1031 1095 1137 1126 classis,
1166 1100 1225 1128 quae
1251 1092 1284 1119 ad
1311 1090 1539 1126 oppugnationem
1570 1088 1722 1116 necessaria
1739 1092 1817 1115 erant

1032 1140 1150 1172 advexit,
1181 1146 1243 1166 cum
1267 1137 1392 1165 omnibus
1421 1135 1505 1169 copiis
1528 1134 1627 1162 mtrnie
1645 1134 1815 1161 adoriuntur.

1032 1185 1066 1212 At
1086 1183 1276 1218 Monupolitani
1302 1181 1408 1209 emissis
1436 1188 1468 1208 ex
1498 1180 1553 1207 alto
1582 1179 1610 1206 in
1642 1179 1733 1206 hostes
1756 1178 1817 1206 telis

1033 1231 1179 1259 subeuntes
1187 1228 1319 1264 repellunt
1331 1229 1477 1258 Romanos,
1491 1225 1686 1259 nonnullosqne
1698 1224 1817 1251 caedunt.

1033 1276 1141 1311 lncepto
1167 1282 1245 1303 mane
1272 1274 1364 1309 prmlio
1387 1273 1413 1300 in
1441 1275 1548 1299 noctem
1575 1278 1660 1305 usque
1671 1274 1815 1305 protracto,

1034 1322 1160 1354 Romani,
1189 1327 1248 1348 cum
1273 1319 1326 1354 iam
1356 1318 1604 1352 advesperasceret,
1630 1316 1655 1343 in
1673 1321 1762 1344 castra
1774 1323 1820 1344 re-

1037 1371 1188 1396 vertuntur.
1212 1363 1404 1400 Monopolitani
1421 1362 1500 1398 155
1515 1369 1580 1390 vero
1592 1362 1617 1389 in
1632 1361 1753 1389 turribus
1772 1368 1820 1389 cu-

1035 1414 1139 1442 stodias
1162 1412 1260 1444 locant,
1290 1417 1390 1445 easque
1424 1416 1471 1444 per
1490 1409 1559 1436 vices
1581 1415 1688 1442 semper
1704 1411 1818 1441 mutant,

1036 1467 1070 1487 ne
1084 1459 1107 1486 si
1126 1457 1190 1493 quid
1206 1457 1320 1484 Romani
1333 1456 1366 1483 de
1380 1460 1460 1482 nocte
1471 1457 1644 1487 attentarent,
1656 1461 1703 1481 eos
1715 1453 1818 1481 lateret.

1035 1504 1169 1539 Utrimque
1188 1507 1317 1538 przetcrca
1345 1501 1562 1528 accendebantur
1589 1499 1674 1534 ignes,
1695 1499 1821 1534 tibi-aque

202 1563 310 1596 νύκτωρ
325 1561 371 1586 ὲπὶ
382 1560 430 1595 τὴν
447 1546 523 1585 πόλιν
547 1546 693 1592 Ῥωμαῖοι.
714 1555 791 1587 Πυρά
801 1562 829 1580 τε
849 1553 984 1596 ἑκατέρω-

1037 1557 1067 1577 ac
1077 1550 1145 1577 tuba:
1154 1548 1364 1584 perslrcprbant.
1375 1546 1486 1580 Jamque
1499 1548 1620 1573 exortam
1630 1549 1821 1579 praetervectus

204 1604 250 1630 θεν
268 1594 392 1629 ἐκαίοντο
407 1594 501 1631 πολλὰ,
519 1599 566 1627 καὶ
592 1598 668 1625 αὐλοὶ
683 1598 730 1623 καὶ
748 1596 877 1631 σύριγγες
891 1594 983 1629 ἧχουν.

206 1646 287 1679 "Apri.
302 1644 329 1671 δὲ
342 1644 387 1670 τὸν
401 1643 468 1678 ὲῴον
482 1641 606 1677 ὁρίζοντα
627 1637 806 1674 παραμείψας
821 1637 896 1672 ἥλιος
913 1636 942 1666 ἐς
956 1634 986 1679 τὸ

204 1676 253 1721 τῆς
266 1686 317 1720 γῆς
345 1676 506 1719 παρέκυπτε
533 1682 689 1718 πρόσωπον,
720 1680 767 1706 καὶ
787 1678 918 1712 Ῥωμαῖοι
936 1676 987 1710 μὲν

205 1732 260 1758 τῶν
277 1731 485 1767 χαρακωμάτων
499 1729 616 1762 ἐξιόντες
630 1728 676 1754 ἐπὶ
697 1727 752 1752 τῶν
772 1725 861 1760 ἔργων
874 1724 921 1750 καὶ
934 1723 987 1749 πά-

204 1778 246 1804 λιν
260 1777 390 1811 ὲγίνοντο,
417 1774 598 1802 Μονοπολῖται
624 1773 654 1798 δὲ
674 1771 767 1807 δρόμῳ
782 1770 829 1797 καὶ
853 1769 930 1795 αὐτοὶ
946 1769 986 1798 εις

205 1823 255 1854 τὰς
281 1821 407 1854 ἐπάλξεις
422 1819 543 1855 ἐχώρουν
561 1819 608 1846 καὶ
631 1817 700 1852 πρὸς
718 1817 774 1848 τοῖς
800 1815 892 1846 ὅπλοις
907 1811 987 1849 ἦσαν.

207 1869 262 1896 Καὶ
287 1868 361 1902 ἁγὼν
387 1865 464 1898 αὖθις
479 1865 599 1901 ὴπλοῦτο
625 1865 743 1898 ἐξαίσιος
766 1860 822 1894 οἷος
842 1861 988 1896 Ῥωμαιοις

208 1915 258 1950 μὲν
282 1914 331 1949 τὴν
343 1915 372 1945 ἐς
385 1913 416 1939 τὸ
432 1914 520 1947 τεῖχος
533 1911 704 1947 βιαζομένοις
724 1910 826 1939 ἄνοδον.
840 1907 990 1935 Μονοπολι-

208 1969 268 1992 ταις
282 1961 309 1987 δὲ
326 1960 487 1996 προσιόντας
498 1958 667 1985 ἀπωθεῖσθαι
681 1957 744 1988 τοὺς
761 1955 915 1989 πολεμίους.
931 1953 989 1980 Ml.-

207 2015 255 2042 χρι
271 2006 320 2041 μὲν
341 2003 388 2031 οὖν
400 2013 471 2034 τινος
492 2005 537 2030 ἐπὶ
549 2004 679 2034 τοιούτοις
691 2001 848 2028 ὲπονοῦντο-
863 2000 894 2026 τὸ
907 1999 930 2026 δ’
945 2000 990 2026 ὲν-

208 2051 304 2077 τεῦθεν
313 2050 369 2085 πῦρ
384 2049 449 2076 ἔνθα
459 2049 493 2076 τὰ
507 2049 597 2082 σκάφη
610 2047 808 2076 Μονοπολίταις
823 2045 950 2080 ὑφώρμει
961 2043 991 2070 τὸ

214 2096 360 2130 Ῥωμαίων
379 2095 498 2130 ὲμσαλὸν
518 2094 675 2129 στράτευμα
691 2091 779 2126 φλόγα
797 2090 930 2125 μεγίστην
942 2090 992 2123 ἀρ-

209 2142 290 2176 θῆναι
306 2142 444 2175 ἐποίησεν.
471 2140 536 2166 Ὅτε
554 2139 600 2166 καὶ
619 2138 673 2165 τῶν
689 2146 731 2169 τις
751 2136 895 2171 Ῥωμαίων
911 2134 993 2169 στρα-

211 2188 317 2214 τιωτῶν
336 2187 473 2217 Ἱκανάτος
489 2185 632 2219 ἐπίκλησιν
645 2184 724 2218 λόγου
741 2184 788 2209 καὶ
798 2181 883 2215 ἀκοῆς
900 2181 992 2216 εῐργα-

1037 1602 1160 1622 auroram
1186 1601 1263 1622 suum
1286 1593 1363 1620 terris
1390 1592 1470 1626 jubar
1496 1591 1537 1618 sol
1571 1590 1705 1617 inferebat
1721 1609 1728 1622 ,
1759 1597 1821 1617 cum

1037 1641 1135 1676 egressi
1151 1647 1166 1667 e
1190 1631 1259 1666 vallo
1275 1638 1388 1666 Romani
1421 1636 1644 1672 Oppugvnatiouem
1670 1636 1758 1663 denuo
1773 1643 1822 1670 ag-

1038 1686 1205 1722 grediuntur.
1229 1683 1419 1718 Monopolitani
1450 1688 1542 1710 contra
1560 1689 1641 1710 cursu
1666 1689 1695 1709 so
1718 1682 1745 1709 in
1760 1689 1822 1716 pro-

1038 1731 1186 1768 pugnacula
1214 1729 1403 1765 proripientes,
1426 1728 1544 1756 vicissim
1557 1732 1703 1762 capessunt
1733 1735 1821 1756 arma.

1038 1778 1156 1806 Rursum
1170 1776 1252 1810 igitur
1266 1776 1359 1810 ingens
1374 1775 1539 1801 instauratur
1552 1778 1699 1805 certamen,
1724 1772 1824 1800 Roma-

1040 1823 1081 1850 nis
1109 1822 1234 1849 nimirum
1258 1822 1283 1847 vi
1306 1819 1454 1848 ascendere
1497 1826 1587 1846 mnros
1624 1819 1821 1850 annitentibus,

1040 1868 1189 1896 subeuntes
1215 1873 1279 1894 vero
1319 1865 1509 1900 repellentibus
1534 1864 1751 1899 Monopolitanis.
1777 1863 1823 1891 Sic

1041 1913 1195 1948 aliquandiu
1210 1912 1237 1939 in
1255 1913 1290 1939 iis
1318 1911 1479 1938 laboratum.
1497 1909 1638 1937 Exercitus
1654 1910 1750 1937 deinde
1767 1909 1822 1936 lto-

1041 1967 1136 1987 manus
1159 1959 1214 1993 igni
1246 1958 1354 1992 injecto,
1372 1957 1416 1984 ubi
1429 1956 1532 1991 navigia
1561 1955 1745 1983 subduxerant
1767 1954 1824 1982 Mo-

1042 2005 1197 2040 nopolitani,
1222 2004 1356 2038 ingentem
1380 2001 1514 2029 ﬂammam
1551 2001 1705 2031 excitarunt
1737 2010 1744 2028 :
1770 2009 1824 2036 quo

1042 2056 1097 2078 tmn
1120 2055 1239 2085 tempore
1267 2049 1403 2076 lloinanns
1429 2047 1538 2082 quidam
1566 2047 1654 2080 utiles,
1681 2046 1826 2074 Hicanatus

1044 2096 1161 2127 numine,
1192 2102 1246 2121 rem
1266 2093 1339 2121 dictu
1357 2093 1503 2127 audituque
1525 2092 1631 2127 diguam
1654 2091 1747 2127 gessit.
1764 2091 1823 2118 Mo-

1043 2139 1159 2174 nopolim
1185 2139 1284 2173 quippe
1308 2145 1400 2164 murus
1424 2136 1613 2171 circumcingit
1637 2135 1749 2170 duplex,
1777 2135 1826 2164 sed

1043 2186 1154 2213 interior
1170 2184 1251 2211 altius
1264 2184 1386 2214 eductus,
1401 2182 1524 2209 hostilem
1537 2189 1706 2216 nequaquam
1719 2182 1824 2209 hastam

215 2243 261 2260 στο
274 2234 346 2266 ἄξια,
362 2233 512 2260 Μονόπολιν
533 2231 587 2265 γὰρ
603 2230 685 2257 διπλᾶ
713 2228 762 2263 μὲν
777 2227 891 2260 ζώννυσι
903 2227 985 2261 τείχη.

1047 2235 1154 2258 veretur
1169 2239 1176 2257 :
1189 2229 1257 2256 alter
1281 2233 1370 2254 autem
1386 2227 1464 2254 tertia
1478 2230 1554 2261 parte
1579 2226 1666 2253 minor
1681 2226 1751 2254 illius
1765 2226 1826 2253 l'un-

212 2278 279 2305 ὰλλὰ
300 2279 332 2304 τὸ
358 2277 407 2312 μὲν
423 2277 495 2303 ἑνδον
513 2276 560 2302 ἐπὶ
579 2275 704 2300 πλεῖστόν
730 2281 761 2299 τε
787 2271 932 2307 ἐπαίρεται
945 2272 993 2298 καὶ

212 2324 342 2358 πολεμίου
354 2323 432 2358 δορὸς
446 2323 524 2356 λόγον
537 2321 632 2347 οὐδένα
642 2320 673 2346 τὸ
689 2319 822 2354 παράπαν
833 2317 992 2352 πεποίηται,

193 2384 197 2388 ~
211 2371 241 2397 τὸ
254 2370 276 2395 δ’
293 2369 356 2396 ἄλλο
371 2370 399 2400 ἐς
411 2367 586 2403 τριτημόριον
609 2366 725 2401 μάλιστα
740 2364 788 2391 τοῦ
806 2365 939 2399 προτέρου
952 2364 994 2389 etl-

214 2417 327 2452 ρόμενον
343 2415 392 2447 τὰς
416 2414 552 2449 κρηπῖδας
565 2413 641 2447 αὐτῷ
656 2411 786 2447 περιθέει.
812 2410 854 2441 Ἐς
869 2408 948 2435 τοῦτο
962 2409 994 2444 δὴ

212 2463 243 2489 τὸ
256 2470 288 2488 πε
293 2462 408 2496 ρίτειχος
433 2460 478 2486 δύο
492 2459 564 2490 τινὲς
583 2457 773 2485 Μονοπολιτῶν
789 2456 939 2487 ἀναϐάντες
947 2456 996 2482 αὒ-

212 2507 253 2533 τοί
279 2515 309 2533 τε
334 2507 362 2536 ἐς
375 2505 437 2536 τοὺς
450 2503 597 2539 πολεμίους
619 2502 731 2529 ἐὸαλλον
751 2502 798 2528 καὶ
824 2501 886 2531 τοὺς
899 2500 995 2531 ἄλλους

214 2552 282 2588 πρὸς
303 2551 384 2577 τοῦτο
407 2550 577 2584 παρώρμων.
598 2549 686 2582 Ὅπερ
699 2548 760 2573 ἰδὼν
770 2547 784 2573 ὁ
795 2546 931 2577 ’ἱκανάτας
945 2545 995 2571 σὺν

215 2598 255 2632 τῲ
272 2597 365 2631 δόρατι
386 2596 522 2626 ἐπελάσας
536 2594 650 2628 θατέρου
666 2596 721 2620 τῶν
735 2593 888 2627 εἰρημένων
900 2599 996 2618 κατευ-

217 2645 317 2678 στοχεῖ.
340 2644 370 2669 '0
394 2643 422 2669 δὲ
436 2641 531 2673 ὕπτιος
546 2640 676 2676 παραντὰ
696 2638 868 2673 ἐξεκυλίσθη,
893 2638 942 2673 βοή
966 2645 996 2663 τε

216 2691 283 2726 πρὸς
299 2691 344 2716 τοῦ
361 2689 504 2724 Ῥωμαίων
526 2687 596 2723 ἡρθτι
611 2685 727 2721 στρατοῦ
753 2685 800 2711 καὶ
815 2684 910 2718 κρότος
924 2683 997 2716 ἐξαί-

217 2737 274 2768 σιός
282 2745 318 2762 -τε
333 2736 380 2762 καὶ
405 2736 490 2769 ἀκοῆς
505 2736 639 2768 κρείσσων
655 2732 773 2766 ἐγένετο.
794 2731 865 2765 Πρὸς
881 2730 894 2756 ὂ
913 2737 998 2757 κατα-

215 2783 365 2816 πλαγέντες
376 2782 401 2808 οἱ
413 2781 460 2806 ἐπὶ
473 2779 528 2806 τῶν
542 2778 655 2814 πύργων
669 2776 828 2812 νομίσαντές
844 2784 874 2802 τε
885 2775 936 2811 ἤδη
948 2775 997 2811 τὴν

216 2830 295 2856 πόλιν
318 2829 430 2860 ἁλῶναι,
455 2827 518 2858 τοὺς
536 2826 659 2860 πύργους
683 2824 808 2855 λιπόντες
833 2823 885 2849 ἀνὰ
909 2822 998 2857 μέσην

217 2876 267 2910 τὴν
283 2875 359 2902 πόλιν
371 2873 501 2909 ἐχώρουν.
517 2873 573 2900 Rat
589 2873 613 2898 εί
635 2872 672 2907 μὴ
697 2872 764 2906 ταχὺ
780 2871 810 2898 τδ
823 2870 939 2905 πρᾶγμα
956 2869 999 2896 αι-

1044 2277 1168 2304 damcnta
1191 2274 1390 2302 circumambit.
1416 2273 1443 2300 lu
1473 2272 1545 2300 hunc
1567 2272 1648 2306 igitur
1663 2272 1824 2300 exteriorem

1044 2329 1149 2349 murum
1180 2321 1359 2348 ascenderunt
1388 2317 1578 2352 Monopolitani
1606 2317 1669 2349 duo,
1701 2316 1746 2351 qui
1764 2317 1825 2345 telis

1045 2366 1106 2393 inde
1132 2366 1224 2393 hostes
1244 2363 1422 2395 lacessebant,
1451 2367 1615 2395 crateresque
1631 2365 1660 2389 ut
1674 2361 1747 2388 idem
1764 2368 1827 2395 age-

1045 2415 1107 2439 rent
1123 2409 1309 2438 hortabantur.
1323 2408 1399 2441 Quod
1426 2408 1470 2435 ubi
1505 2407 1636 2441 conspicit
1669 2407 1826 2438 llicanatus,

1039 2460 1151 2490 arrepta
1181 2456 1260 2482 hasta
1285 2461 1317 2481 eo
1345 2453 1515 2488 perveniens,
1530 2452 1644 2481 alterum
1657 2452 1734 2482 exiis
1752 2451 1826 2484 ferit,

1045 2501 1255 2537 prosternitque.
1271 2499 1334 2527 Mox
1361 2499 1457 2534 ingens
1473 2498 1574 2527 tollitur
1586 2505 1601 2524 a
1615 2497 1737 2526 Romam
1750 2504 1828 2525 exere

1042 2548 1100 2579 .citu
1123 2546 1204 2581 156
1226 2545 1340 2577 clamor,
1369 2548 1514 2579 tantusque
1541 2544 1669 2581 plausus,
1707 2549 1736 2570 ut
1761 2543 1828 2572 nihil

1047 2595 1193 2631 quidquam
1217 2592 1340 2621 exaudiri
1369 2596 1471 2627 posset.
1489 2590 1567 2621 Unde
1588 2591 1729 2620 conterriti
1741 2590 1788 2625 qui
1802 2590 1829 2618 in

1047 2642 1167 2670 turribus
1180 2641 1290 2668 stabant
1304 2638 1441 2674 oppidani,
1459 2641 1565 2672 captam
1579 2637 1634 2672 jam
1660 2638 1753 2664 urbem
1767 2636 1829 2668 rati,

1048 2687 1148 2715 relictis
1160 2685 1279 2713 turribus
1288 2684 1355 2720 ipsis
1367 2684 1394 2711 in
1407 2684 1522 2710 mediam
1538 2684 1630 2710 urbem
1652 2682 1828 2718 confugiunt:

1049 2740 1076 2762 et
1105 2733 1132 2761 ni
1145 2733 1274 2761 continuo
1284 2738 1313 2758 re
1323 2731 1431 2765 cognita
1455 2729 1482 2756 in
1499 2728 1699 2764 propugnacula
1723 2735 1830 2756 rursum

1049 2785 1110 2807 sese
1140 2777 1314 2812 recepissent,
1333 2776 1398 2804 urbs
1422 2782 1436 2802 a
1471 2775 1600 2802 Romanis
1637 2774 1708 2802 illico
1735 2773 1831 2802 luisset

1050 2828 1138 2859 capta.
1171 2823 1216 2851 Sic
1240 2826 1298 2849 tum
1315 2821 1400 2849 altera
1426 2823 1453 2848 in
1470 2820 1632 2856 Monoyolim
1649 2819 1729 2847 desiit
1748 2827 1833 2855 oppu-

1051 2870 1152 2905 gnatio.
1166 2869 1299 2904 Oppidani
1312 2875 1375 2896 vero
1389 2867 1434 2896 ubi
1446 2875 1476 2895 se
1489 2867 1619 2902 angustiis
1639 2867 1755 2902 undique
1770 2873 1833 2901 ρης
