1946 3083
141 149 196 181 435

139 205 175 232 mi
195 192 364 238 vidcntppcr
385 201 489 229 litteras
517 199 611 227 Flauii.
625 208 686 236 gum
705 200 810 228 cnixius
822 205 926 235 rogant,
945 206 962 232 Α

139 255 168 277 ιιι
191 249 355 284 quantocius
380 255 440 275 cuin
464 246 565 273 auxilio
579 246 729 274 accederet.
743 246 789 273 Ille
810 246 884 274 brevi
896 253 925 273 se

140 295 295 321 adfuturum
317 300 378 321 cum
397 299 496 326 magno
516 291 637 319 exercitu
658 290 849 325 Romanosque
862 291 925 318 inde

139 340 313 375 depulsurum
340 338 486 365 renuntiat.
515 337 569 364 Sed
596 337 668 364 enim
696 344 803 364 rursum
827 337 927 364 invasit

139 386 256 413 animum
290 384 362 410 illius
391 388 479 410 metus
506 389 644 417 pavorque
673 383 834 415 immensus,
866 389 927 408 cum

138 431 241 460 subiret
269 429 406 465 cogitatio,
436 429 598 464 quibuscum
627 434 781 456 certaturus
797 433 880 461 esset,
896 435 928 455 ac

138 482 236 504 contra
261 483 328 510 quos
357 476 406 502 sibi
423 476 519 502 bellum
537 475 615 502 lutet.
637 475 687 502 Ubi
716 482 778 502 vero
797 475 928 511 septimus

137 523 201 550 inde
230 522 335 550 ellluxit.
353 522 421 554 dies,
438 525 465 549 et
484 529 614 556 nusquam
638 527 799 556 conspectus
811 526 852 548 est
865 521 927 548 Fla-

138 570 258 605 mingns,
287 570 429 604 desperato
456 568 586 595 hactenus
599 567 710 600 auxilio,
726 568 752 594 itt
771 571 861 594 castra
877 568 929 594 lto-

138 623 218 643 mana
237 615 335 642 misere
355 615 458 649 legatos
471 613 676 648 Monopolitani,
706 618 736 641 ut
750 618 777 641 et
793 614 929 641 civitatem

139 663 166 685 et
193 659 297 693 seipsos
321 665 416 692 magno
440 657 569 684 dederent
583 657 750 692 imperatori.
781 658 868 685 Ducas
881 666 930 685 au-

140 710 194 731 tem
216 703 326 738 negavit
347 703 426 730 aliter
448 711 477 730 se
493 703 570 729 [idem
589 711 682 730 eorum
709 704 837 731 deditioni
854 704 930 730 babi-

140 755 243 782 turuut,
267 749 320 777 nisi
355 749 511 784 praesidium
547 749 719 783 imperatoris
746 750 854 776 nomine
879 750 932 776 sibi

142 796 245 831 imponi
271 796 403 823 sinerent.
425 795 473 822 llis
485 795 519 822 ad
533 803 563 822 ea
592 796 783 828 aunucntibus,
815 796 932 830 pactioni

138 841 269 869 faciendae
292 841 351 869 dies
378 847 420 869 est
434 841 593 877 praeﬁnitus.
611 841 706 868 Verum
723 850 738 869 e
758 842 934 877 popularibus

780 148 941 178 JOANNIS
961 148 1124 177 ClNNAMl

979 201 1107 237 σθόμενοι
1121 201 1232 228 ἐπὶτῶν
1249 201 1390 234 ἐπάλξεων
1407 202 1486 234 αὖθις
1501 202 1650 238 ἀνέϐησαν,
1670 205 1727 241 ἥλω
1745 207 1780 234 ἂν

980 247 1079 273 αὐτίκα
1097 246 1246 282 Ῥωμαίοις
1271 248 1287 282 ἡ
1307 248 1396 279 πόλις.
1420 249 1465 275 Ἐν
1479 249 1586 281 τούτοις
1611 252 1658 277 καὶ
1682 251 1773 286 ὴδευ-

978 292 1045 327 τέρα
1062 293 1131 319 κατὰ
1145 293 1325 324 Μονοπόλεως
1342 294 1421 329 ἔληξε
1444 294 1594 330 προσϐολὴ.
1622 297 1774 324 Μονοπολῖ-

979 348 1023 366 ται
1036 339 1064 366 δὲ
1078 340 1115 371 ὼς
1132 340 1256 374 ἔγνωσαν
1272 341 1301 367 ἐν
1319 341 1404 376 στενῷ
1420 342 1658 377 περιειλημμένοι.
1681 345 1776 379 γράμ-

981 393 1053 420 ματα
1081 386 1128 412 ἐπὶ
1142 386 1301 421 Φλαμίγγον
1329 386 1489 421 πέμψαντες
1517 387 1598 422 ἦκειν
1619 389 1701 415 αὺτίιν
1727 389 1776 425 τὴν

978 433 1110 468 ταχίστην
1124 433 1235 468 ἠξίουν·
1248 433 1262 459 ό
1272 433 1300 460 δὲ
1316 433 1454 468 ἐπήγγελε
1472 433 1522 469 μὲν
1537 435 1706 470 παρέσεσθαι
1718 438 1779 463 τοὺ-

979 488 1036 510 τοις
1055 481 1125 514 μετὰ
1149 480 1248 515 μικρὸν
1274 479 1463 515 στρατεύματι
1484 481 1595 516 μεγάλῳ
1620 481 1776 517 Ῥωμαίους

981 521 1104 548 ἐνθένδεν
1117 522 1340 556 ἀπαναστήσων·
1358 522 1417 553 δέος
1433 522 1461 548 δὲ
1477 523 1559 549 αὐτὸν
1582 523 1657 550 ἔνδον
1672 526 1776 560 ἐπεῖχεν

981 567 1029 594 καὶ
1046 568 1085 597 είς
1099 567 1202 594 δειλίαν
1219 567 1280 602 ὅρον
1294 568 1343 594 οὐκ
1355 568 1469 602 ἔχουσαν
1485 568 1583 595 ἔπιπτε
1600 569 1778 605 λογιζόμενος

982 612 1037 639 τίσι
1060 614 1189 647 μαχεῖται
1205 613 1252 639 καὶ
1267 613 1337 647 πρὸς
1351 613 1427 645 τίνας
1441 614 1516 649 αὐτῷ
1526 615 1540 640 ὁ
1554 615 1670 650 πόλεμος
1685 615 1775 644 ἔσται.

988 657 1067 684 Ἐπεὶ
1089 658 1117 684 δέ
1131 658 1235 692 ἑϐδόμη
1256 657 1285 690 ἐξ
1303 658 1408 684 ἐκείνου
1437 659 1578 695 παρῆλθεν
1609 661 1701 696 ἡμέρα.
1727 662 1776 688 καὶ

983 703 1140 738 Φλαμίγγος
1153 703 1272 738 οὐδαμοῦ
1288 703 1453 738 διεφαίνετο,
1470 705 1532 730 τότε
1545 705 1577 740 δὴ
1593 706 1776 733 Μονοπολῖται

984 750 1033 784 τὴν
1047 748 1107 775 ὅθεν
1131 749 1231 784 δήποτε
1257 749 1448 783 ἀπεγνωκότες
1473 749 1516 785 [Ρ.
1540 750 1585 786 91]
1613 753 1775 788 ἐπικουρίαν

986 794 1114 829 πρέσῦεις
1130 794 1158 826 ἐς
1169 795 1200 821 τὸ
1223 794 1369 829 Ῥωμαίων
1383 795 1508 821 ἔστειλαν
1522 797 1681 831 στράτευμα
1696 799 1739 832 ἐφ’
1753 795 1775 831 ᾦ

985 841 1035 874 τὴν
1049 841 1127 866 πόλιν
1152 849 1181 866 τε
1196 841 1244 866 καὶ
1271 841 1340 874 σφᾶς
1357 841 1456 872 αὐτοὺς
1475 841 1581 876 βασιλεί
1605 843 1773 878 παραδοῦναι

138 885 347 921 Monopolitanis
358 886 491 920 nonnulli,
506 887 603 921 quibus
615 895 674 921 qua:
698 887 849 922 agebantur
862 887 927 913 liauc

987 886 1109 922 μεγάλῳ.
1131 886 1160 914 '0
1178 887 1282 918 Δούκας
1300 887 1327 913 δὲ
1347 887 1463 914 ἀπεῖπεν
1478 889 1569 920 αὐτοῖς
1578 889 1617 924 μὴ
1632 889 1665 917 ἃν
1684 890 1773 924 ἄλλως

137 932 292 966 placebant,
317 932 410 959 insciis
433 933 540 958 cmteris
553 939 608 958 rem
622 939 728 959 omnem
746 931 887 966 Flamiugo
899 931 935 958 si-

136 977 276 1013 gniﬁcant.
298 976 356 1010 Quo
370 977 414 1004 ille
444 977 540 1004 nuntio
555 982 757 1010 consternatus,
777 977 896 1003 delectos
914 983 928 1003 e

137 1024 194 1051 suis
224 1027 332 1050 centum
364 1022 555 1056 cataphractos
574 1024 681 1057 equites
697 1024 827 1050 continuo
843 1022 876 1050 ad
888 1028 935 1049 eos

138 1067 234 1100 mittit,
246 1074 329 1102 seque
341 1067 423 1102 paulo
436 1072 496 1102 post
508 1067 586 1102 157
603 1073 759 1095 secuturum
772 1072 799 1094 et
815 1067 934 1101 majores

140 1114 235 1148 copias
264 1114 443 1140 adducturum
476 1113 627 1147 pollicetur.
656 1113 740 1148 Igitur
754 1113 771 1140 ii
792 1113 932 1147 quibusea

139 1159 316 1186 incumbebat
342 1166 417 1191 cura,
437 1159 741 1190 noctemobserVantes,
768 1166 820 1192 qtta
835 1166 930 1193 magna

138 1205 268 1231 imbriutn
297 1205 337 1231 vis
362 1205 396 1232 de
407 1204 476 1231 eicio
502 1204 627 1237 cadebat,
665 1208 771 1238 equites
797 1203 857 1231 illos
883 1211 932 1238 per

137 1250 272 1278 minorem
297 1254 404 1285 portam
428 1250 454 1277 in
481 1250 574 1276 urbem
603 1250 745 1276 admisere.
781 1249 859 1282 Quod
887 1241 930 1276 nbi

137 1296 270 1331 comperit
297 1297 395 1328 Ducas,
416 1296 579 1331 imposuisse
604 1295 653 1322 sibi
666 1295 929 1330 Monopolitanorum

137 1343 241 1377 legatos
269 1347 355 1375 ratus,
367 1334 510 1368 confestim
528 1348 543 1368 e
555 1341 622 1368 ratio
642 1341 742 1368 milites
758 1342 859 1368 educit.
878 1341 930 1368 Sed

141 1396 203 1416 cum
228 1389 299 1416 baud
311 1389 363 1415 sibi
379 1388 444 1415 satis
459 1395 519 1415 esse
543 1393 651 1414 centum
665 1387 723 1413 illos
733 1388 838 1421 equites
856 1387 930 1414 vide-

137 1438 200 1463 rent
225 1435 365 1469 oppidani,
389 1433 521 1461 Romanis
556 1433 705 1468 praesertim
735 1432 833 1460 acriori
847 1440 928 1467 quam

137 1486 200 1508 ante
227 1481 320 1507 animo
354 1479 553 1511 decertaturis;
581 1478 671 1505 missis
690 1485 796 1505 rursum
821 1478 927 1513 legatis,

136 1528 232 1554 ducem
243 1527 269 1553 itt
281 1527 416 1554 civitatem
433 1529 558 1557 evocant,
580 1524 708 1551 translata
720 1524 747 1551 in
762 1524 828 1551 alios
837 1523 928 1558 culpa,

137 1574 182 1609 qui
212 1574 279 1600 citra
306 1579 450 1600 commune
476 1571 618 1599 consilium
644 1579 674 1598 ca
698 1575 853 1606 perpetrare
866 1571 923 1598 ausi

136 1620 254 1647 fuerant.
285 1618 313 1646 Id
335 1619 452 1652 primum
482 1618 626 1644 admittere
661 1618 751 1644 renuit
776 1617 875 1651 Ducas,
898 1622 925 1644 et

135 1666 241 1701 legatos
266 1670 402 1700 utcunque
427 1669 597 1699 aspernatus,
626 1671 683 1691 rem
703 1663 787 1690 armis
797 1664 927 1691 dirimere

135 1713 205 1739 velle
225 1719 254 1739 se
269 1712 346 1738 dixit.
367 1710 420 1738 Sed
445 1711 552 1737 tandem
573 1710 664 1737 acrius
677 1709 730 1736 illis
762 1710 926 1737 instantibus

136 1764 163 1785 et
178 1763 208 1784 ut
220 1757 271 1784 hoc
287 1757 338 1785 sibi
352 1756 479 1783 delictum
492 1757 676 1783 remitteretur
703 1754 924 1787 obsecrantibus,

137 1804 246 1832 tandem
269 1804 390 1838 placatus
412 1803 561 1830 exercitum
591 1802 617 1828 in
647 1800 741 1828 urbem
762 1800 924 1827 introduxit.

136 1849 188 1877 Vix
212 1850 278 1877 urbe
304 1849 382 1884 potiti
405 1853 469 1875 sunt
495 1847 620 1879 Romani,
640 1854 702 1874 cum
731 1846 824 1881 viginti
850 1846 927 1872 abea

137 1896 234 1923 stadiis
249 1895 350 1922 adesse
360 1894 527 1928 Flamingum
554 1893 705 1920 nuntiatur.
719 1891 748 1919 Id
762 1892 808 1919 ubi
824 1891 928 1926 accepit

137 1942 238 1974 Ducas,
268 1941 390 1968 delectos
401 1944 518 1974 expertae
545 1938 737 1973 generositatis
754 1939 867 1972 equites,
879 1937 927 1972 qui

139 1987 282 2021 lt'lamingo
307 1990 494 2017 occurrerent,
521 1985 619 2011 emittit
633 1993 640 2011 :
654 1984 716 2010 dum
748 1983 842 2018 ipsein
861 1984 928 2010 urbe

135 2036 236 2064 manet,
257 2036 342 2058 utres
369 2031 403 2057 ibi
431 2034 614 2065 componeret.
641 2029 676 2056 At
697 2028 853 2064 Flantingus
883 2028 928 2056 ubi

137 2087 154 2106 a
172 2078 319 2112 longinquo
338 2076 509 2110 imperatoria
526 2075 553 2102 in
568 2075 688 2102 turribus
712 2079 801 2102 erecta
812 2082 927 2109 conspe-

133 2123 177 2151 xit
202 2124 289 2158 signa,
316 2121 473 2156 priusquam
501 2128 563 2147 cum
575 2120 711 2155 equitibus
734 2119 926 2155 Romanisjam

135 2169 272 2205 proximis
299 2175 396 2195 tnanus
426 2171 594 2200 consereret,
616 2171 689 2194 retro
701 2167 792 2193 cessit.
811 2165 926 2193 Romani

987 934 1033 959 ἐπὶ
1048 934 1134 970 ταύτῃ
1147 935 1180 969 τῇ
1193 933 1324 970 ὁμολογίᾳ
1340 934 1370 960 τὸ
1384 935 1479 961 πιστὸν
1493 935 1584 963 αὐτῶν
1612 936 1772 972 ἐσχηκέναι,

986 981 1010 1006 εἰ
1024 980 1061 1015 μὴ
1074 979 1122 1005 καὶ
1136 979 1256 1014 φρουρὰν
1269 980 1376 1012 ἑαυτοῖς
1389 981 1420 1006 ἐκ
1432 979 1564 1015 βασιλέως
1576 982 1772 1018 ἐπιστήσεσθαι

985 1025 1188 1058 καταδέξαιντο.
1206 1026 1266 1052 Τῶν
1277 1026 1304 1052 δὲ
1318 1026 1365 1053 καὶ
1380 1026 1448 1062 πρὸς
1462 1027 1541 1054 τοῦτο
1556 1029 1770 1062 ἐπινευσάντων,

985 1072 1081 1107 χρόνος
1095 1072 1195 1098 ἐδίδοτο
1208 1073 1242 1108 τῇ
1257 1072 1389 1108 ὁμολογίᾳ
1399 1074 1508 1105 τακτός.
1532 1074 1613 1102 ’Δλλά
1625 1084 1698 1107 τινες
1724 1077 1772 1103 τοῦ

984 1116 1178 1144 Μονοπολιτῶν
1195 1117 1280 1152 δήμου
1300 1115 1382 1153 (ἦσαν
1411 1119 1465 1154 γὰρ
1481 1120 1528 1151 οὓς
1553 1121 1602 1146 οὐκ
1618 1121 1720 1156 ἡρεσκε
1737 1122 1773 1148 τὰ

985 1163 1172 1198 μελετώμενα)
1201 1163 1329 1195 λαθόντες
1351 1164 1415 1195 τοὺς
1430 1164 1526 1196 ἄλλους
1540 1165 1690 1202 Φλαμίγγῳ
1703 1167 1772 1202 δῆλα

982 1208 1069 1236 ταῦτα
1083 1209 1229 1236 καθίστων.
1247 1210 1302 1236 Καὶ
1309 1209 1338 1240 ὃς
1351 1211 1418 1244 πρὸς
1430 1210 1479 1246 τὴν
1490 1211 1576 1247 ἀκοὴν
1590 1213 1773 1248 ἐκταραχθεὶς

983 1255 1194 1289 καταφράκτους
1208 1255 1308 1286 ἱππέας
1324 1255 1378 1281 τῶν
1397 1257 1461 1291 περὶ
1472 1256 1551 1283 αὐτὸν
1567 1257 1771 1293 ἀπολεξάμενος

981 1300 1034 1326 τῶν
1047 1301 1144 1327 ἑκατὸν
1154 1300 1204 1327 οὐκ
1219 1301 1384 1332 ἀποδέοντας
1394 1302 1493 1334 αὐτοὺς
1508 1303 1558 1336 μὲν
1570 1304 1599 1329 ἐν
1610 1304 1649 1338 τῷ
1663 1313 1771 1339 παραυ-

980 1345 1044 1371 τίκα
1065 1345 1199 1379 έστελλεν,
1227 1346 1241 1371 ό
1257 1346 1285 1372 δὲ
1310 1347 1426 1373 κατόπιν
1455 1347 1539 1383 ὀλίγῳ
1557 1347 1669 1384 ὕστερον
1691 1350 1771 1385 ἥξειν

981 1390 1057 1424 ἔλεγε
1075 1392 1155 1426 χεῖρα
1180 1391 1295 1426 βαρεῖαν
1312 1392 1493 1426 ἐπαγόμενος.
1514 1393 1631 1426 Τούτους
1656 1395 1687 1430 δὴ
1705 1397 1771 1428 τοὺς

982 1437 1082 1469 ἱππέας
1097 1437 1183 1464 νύκτα
1199 1437 1371 1473 τηρήσαντες
1398 1436 1438 1470 οἷς
1464 1438 1494 1464 τὸ
1509 1439 1589 1475 ἔργον
1612 1439 1691 1467 τοῦτο
1707 1450 1771 1468 συν-

981 1482 1079 1516 έκειτο,
1096 1483 1157 1509 καθ’
1172 1483 1205 1518 ἢν
1226 1483 1303 1515 ὑετὸς
1318 1483 1466 1519 οὐρανόθεν
1495 1484 1641 1517 ἐπέκλυζεν
1656 1486 1770 1521 ἄσχετος

981 1528 1026 1555 διὰ
1041 1527 1149 1560 πυλίδος
1161 1529 1234 1561 τινος
1253 1530 1299 1556 ἐπὶ
1313 1530 1363 1565 τὴν
1378 1530 1455 1556 πόλιν
1469 1531 1647 1565 είσεδέχοντο,
1677 1533 1723 1558 καὶ
1738 1533 1770 1558 τὸ

981 1573 1108 1600 ἐντεῦθεν
1136 1575 1175 1606 είς
1199 1574 1270 1601 ὅπλα
1292 1576 1390 1610 χωρεῖν
1416 1576 1463 1602 καὶ
1488 1576 1568 1602 πάλιν
1592 1576 1767 1605 ἐσκέπτοντο.

977 1615 1065 1650 ⁸’οπερ
1079 1616 1116 1647 ὡς
1131 1618 1170 1647 είς
1187 1616 1287 1650 γνῶσιν
1302 1615 1366 1651 ἦλθε
1384 1616 1422 1650 τῷ
1434 1617 1540 1651 Λούκῃ-ί
1552 1616 1691 1653 ἐξαπάτην
1707 1619 1768 1644 τινὰ

977 1662 1046 1696 πρὸς
1057 1662 1110 1688 τῶν
1123 1662 1316 1689 Μονοπολιτῶν
1342 1663 1391 1698 τὴν
1407 1664 1557 1698 πρεσϐείαν
1569 1665 1697 1698 γενέσθαι
1708 1666 1767 1701 οίη-

978 1708 1035 1740 θεὶς
1049 1709 1150 1735 αὐτίκα
1167 1708 1248 1744 ἐξῆγε
1268 1709 1315 1735 τοῦ
1337 1710 1458 1744 χάρακος
1479 1711 1525 1737 τὸν
1543 1711 1667 1746 στρατόν.
1688 1712 1720 1737 Οί
1739 1711 1767 1738 δὲ

976 1755 1053 1788 ὀλίγα
1062 1756 1153 1787 αὐτοῖς
1163 1756 1279 1791 ἀρκέσαι
1288 1756 1348 1787 τοὺς
1359 1756 1456 1782 ἑκατὸν
1465 1756 1636 1791 λογισάμενοι
1649 1759 1765 1791 ίππέων,

977 1800 1065 1832 ἄλλως
1079 1809 1109 1827 τε
1123 1801 1170 1827 καὶ
1186 1801 1235 1828 σὺν
1256 1801 1335 1837 θυμῷ
1350 1802 1452 1836 μᾶλλον
1467 1802 1484 1836 ἢ
1497 1802 1592 1838 πρώην
1608 1804 1764 1838 μαχησομέ-

977 1855 1022 1873 νου
1036 1846 1083 1873 τοῦ
1099 1847 1244 1879 Ῥωμαίων
1253 1848 1382 1882 στρατοῦ,
1394 1848 1550 1883 πέμψαντες
1562 1850 1609 1875 ἐπὶ
1623 1849 1672 1885 τὴν
1689 1850 1766 1875 πόλιν

977 1891 1056 1925 αὖθις
1070 1893 1182 1919 ἐκάλουν
1198 1894 1243 1920 τὸν
1258 1895 1411 1929 στρατηγὸν
1429 1895 1471 1929 ἐφ’
1491 1895 1602 1930 ἐτέρους
1615 1897 1664 1931 τὴν
1677 1897 1765 1923 αἰτίαν

980 1935 1192 1969 μεταφέροντες,
1207 1935 1233 1961 οἶ
1250 1936 1342 1970 κοινῆς
1354 1937 1418 1962 ἄνευ
1436 1936 1547 1972 γνώμης
1563 1937 1717 1972 ἐτόλμησαν
1732 1939 1765 1964 τὰ

979 1981 1113 2015 παρόντα.
1134 1981 1164 2007 '0
1176 1981 1205 2007 δέ
1230 1981 1336 2013 Δούκας
1349 1982 1384 2008 τὰ
1409 1982 1459 2017 μὲν
1481 1983 1578 2017 πρῶτα
1595 1984 1765 2018 ἀναινομένο-

978 2026 1070 2061 ἐῴκει,
1088 2026 1184 2061 θρύψει
1195 2035 1225 2053 τε
1239 2028 1285 2053 καὶ
1299 2027 1434 2063 ὑπεροψίᾳ
1450 2028 1533 2064 πολλῇ
1549 2029 1678 2063 ἐχόμενο;
1691 2029 1764 2063 μάχῃ

977 2073 1008 2100 τὸ
1022 2074 1139 2108 πρᾶγμα
1157 2074 1206 2108 ήδη
1232 2074 1361 2109 κριθῆναι
1391 2074 1556 2109 ἰσχυρίζετο.
1581 2075 1767 2110 Ἐγκειμένων

977 2120 1007 2147 δὲ
1022 2120 1062 2146 ἔτι
1078 2120 1179 2154 μᾶλλον
1195 2121 1234 2151 εἰς
1249 2119 1327 2146 τοῦτο
1348 2120 1401 2146 τῶν
1416 2121 1533 2147 πολιτῶν
1559 2122 1607 2146 καὶ
1620 2123 1766 2156 ἐπιχωρεῖν

978 2167 1071 2199 αὐτοῖς
1089 2168 1138 2203 τὴν
1152 2167 1297 2202 ἁμαρτάδα
1314 2167 1501 2200 ίκετευόντων,
1516 2167 1564 2202 ὀψὲ
1576 2168 1766 2202 παρακληθεὶς

138 2223 154 2242 a
176 2220 250 2250 tergo
280 2215 452 2249 insequentes
475 2214 574 2241 multos
597 2220 628 2240 ex
643 2213 682 2240 eis
695 2212 828 2246 cecidere,
845 2211 926 2247 158

980 2212 1024 2238 ἐπὶ
1041 2213 1090 2247 τὴν
1104 2212 1182 2239 πόλιν
1196 2213 1290 2248 εἰσῆγε
1309 2213 1341 2239 τὸ
1363 2214 1530 2248 στράτευμα.
1554 2213 1623 2239 Ἀλλ’
1640 2213 1702 2248 ἄρτι
1715 2214 1766 2248 τὴν

136 2267 166 2289 et
177 2266 286 2289 centum
312 2261 502 2296 cataphractos
526 2259 632 2295 equites
648 2260 723 2286 vivos
738 2266 842 2294 cepere.
862 2258 924 2286 Fla-

980 2257 1055 2284 πόλιν
1075 2258 1205 2293 Ῥωμαῖοι
1217 2258 1306 2293 ἐσχον,
1321 2259 1368 2284 καὶ
1379 2260 1392 2284 ὁ
1404 2259 1560 2292 Φλαμίγγος
1578 2258 1631 2284 ἀπὸ
1651 2258 1765 2284 σταδίων

135 2309 256 2343 ntingum
286 2315 360 2340 vero,
388 2307 434 2342 qui
457 2311 484 2333 et
503 2307 560 2340 ipse
585 2306 640 2333 fere
674 2309 771 2340 captus
788 2310 839 2338 est,
861 2305 922 2339 equi

980 2304 1078 2330 εἴκοσιν
1089 2303 1237 2338 ἠγγέλλετο
1251 2304 1357 2339 παρών.
1370 2304 1456 2331 Τοῦτο
1472 2306 1553 2339 γνοὺς
1567 2306 1580 2331 ό
1597 2304 1701 2335 Δούκας
1717 2305 1765 2330 ἄν-

133 2353 283 2388 pernicitas
307 2351 427 2387 periculo
441 2351 550 2378 exemit.
579 2349 624 2377 llis
641 2356 770 2384 prospere
784 2350 866 2383 gestis
880 2356 923 2376 re-

980 2349 1043 2384 Βρας
1057 2349 1158 2380 ἱππέας
1171 2350 1225 2375 τῶν
1237 2350 1285 2376 σὺν
1295 2350 1370 2385 αὺτῴ
1381 2350 1537 2385 ἀριστίνδην
1551 2350 1765 2384 ἀπολεξάμενος,

134 2399 194 2431 bus,
218 2398 332 2425 Romani
347 2396 507 2431 Monopolim
520 2397 643 2423 redeunt.

980 2395 1074 2427 αὐτοὺς
1095 2395 1144 2430 μὲν
1157 2395 1195 2431 τῷ
1218 2396 1368 2431 Φλαμίγγῳ
1386 2397 1602 2427 ὑπαντιάσοντας
1628 2394 1764 2429 ἔστελλεν,

130 2447 148 2473 ό
161 2447 189 2473 δὲ
206 2446 241 2472 τὰ
249 2447 321 2472 κατὰ.
334 2445 384 2480 τὴν
403 2444 480 2471 πόλιν
491 2443 694 2478 διοικησάμενος
707 2441 789 2469 αὐτοῦ
800 2441 918 2476 ἔμεινεν.
947 2442 1015 2469 Ἀλλ’
1042 2444 1056 2470 ὁ
1075 2443 1231 2478 Φλαμιγγος
1257 2444 1351 2479 ἐπειδὴ
1381 2444 1521 2479 πόρρωθεν
1549 2445 1598 2475 τὰς
1632 2442 1764 2478 βασιλέως

133 2495 238 2530 ἀνέγνω
252 2493 372 2529 σημαίας
391 2493 438 2520 ἐπὶ
454 2492 508 2519 τῶν
528 2492 641 2526 πύργων
660 2490 710 2525 ἤδη
736 2490 967 2525 προφαινομένας,
982 2491 1035 2526 πρὸ
1049 2491 1096 2517 τοῦ
1113 2493 1169 2522 τοῖς
1203 2491 1349 2525 Ῥωμαίων
1365 2492 1494 2518 ἱππεῦσιν
1527 2492 1566 2522 εἰς
1600 2493 1694 2525 χεῖρας
1721 2491 1762 2516 ἑλ-

133 2541 190 2568 θεῖν
202 2540 317 2574 ἔγγιστα
332 2540 382 2574 ἤδη
402 2538 541 2573 γεγονόσιν
570 2536 657 2563 ὀπίσω
679 2534 785 2570 ἐχώρει.
803 2534 869 2561 Ὅτε
883 2535 916 2570 δὴ
935 2536 1006 2562 κατὰ
1021 2535 1107 2563 νώτου
1126 2536 1258 2572 Ῥωμαῖοι
1277 2537 1421 2570 διώξαντες
1443 2536 1557 2568 πολλοὺς
1571 2537 1660 2563 αὐτῶν
1675 2537 1761 2563 ἕκτεν

132 2598 192 2622 ναν,
217 2585 287 2614 εἶλον
318 2587 346 2614 δέ
374 2587 419 2613 καὶ
455 2584 590 2620 ζωγρείας
615 2583 769 2614 πανόπλους
797 2583 899 2615 ἱππέας
936 2583 1034 2610 ἑκατὸν
1071 2584 1200 2619 μάλιστα.
1226 2585 1382 2620 Φλαμίγγον
1409 2585 1438 2611 δέ
1463 2586 1547 2618 ἐγγὺς
1587 2584 1687 2612 ἁλῶναι
1711 2584 1760 2620 ἤδη

132 2636 342 2671 γεγενημένονή
354 2635 400 2661 τοῦ
415 2635 498 2661 ἵππου
520 2632 639 2667 ταχύτης
659 2632 706 2658 τοῦ
722 2631 846 2658 κινδύνου
864 2630 1023 2658 διεσώσατο.
1050 2632 1144 2658 Ταῦτα
1157 2632 1369 2666 κατωρθωκότες
1404 2633 1533 2667 Ῥωμαῖοι
1563 2632 1612 2659 ἐπὶ
1639 2632 1761 2659 Μονόπο-

131 2686 174 2711 λιν
190 2684 377 2718 ἀνεχώρησαν.

169 2728 213 2755 10.
228 2729 313 2755 Ducas
327 2733 413 2754 autetn
426 2729 476 2755 etsi
489 2727 609 2761 quotidie
627 2726 748 2753 arridere
762 2726 812 2753 sibi
824 2726 919 2752 adver-

1010 2728 1036 2752 t'.
1059 2724 1088 2752 '0
1103 2725 1131 2752 δὲ
1148 2725 1252 2755 Δούκοις
1267 2725 1403 2760 ὁσημέραι
1425 2724 1474 2759 τὴν
1498 2724 1584 2759 τύχην
1613 2723 1760 2758 Ῥωμαίοις

134 2779 204 2801 teret
224 2774 370 2806 fortunam,
401 2780 570 2808 nequaquam
596 2777 684 2800 tamen
710 2777 792 2799 totum
820 2780 849 2799 se
880 2771 917 2798 illi

133 2820 355 2847 eomtui'ttendum
381 2820 497 2851 censuit,
518 2819 719 2845 iusutbilitatem
772 2818 842 2845 illius
863 2825 916 2844 non

134 2876 191 2894 sate
222 2874 301 2894 causa
316 2866 426 2897 veritus,
448 2874 480 2892 tte
506 2866 731 2900 quemadmodum
758 2865 870 2898 improbi
890 2869 917 2892 et

973 2771 1182 2808 προσμειδώσαν
1197 2772 1267 2806 όρῶν
1281 2771 1310 2797 οὐ
1324 2771 1392 2796 πάνυ
1404 2779 1430 2796 τι
1443 2771 1580 2796 πιστεύειν
1594 2769 1665 2804 εἶχεν
1677 2770 1758 2805 αὐτῇ,

971 2819 1021 2852 τὴν
1047 2817 1222 2851 ἀποστροφὴν
1254 2815 1291 2847 ὡς
1319 2816 1392 2846 εἰκὸς
1414 2814 1624 2849 εὑλλῦούμενος,
1653 2815 1759 2849 μήποτε

971 2865 1042 2891 κατὰ
1057 2864 1117 2893 του;
1137 2863 1291 2897 μοχθηροὺς
1316 2862 1405 2896 (φασὶ)
1437 2862 1490 2888 τῶν
1513 2862 1708 2894 συνοδοιπόρων
1726 2863 1758 2887 ἐκ
