1962 3074
191 138 243 174 407

789 133 1055 166 HISTORIARUM
1077 134 1149 164 LIB.
1175 135 1224 165 iV.

1757 121 1812 164 4'98

193 185 281 219 μέσης
298 183 417 211 λιποῦσα
435 183 550 214 τούτους
570 181 726 218 ἀνακάμψῃ
741 182 790 216 τῆς
811 181 883 208 ὁδοῦ.
900 180 982 207 Ὅθεν

1039 179 1109 206 infidi
1130 180 1244 207 comites
1267 178 1365 211 solent,
1396 178 1471 213 ipsos
1499 178 1525 205 in
1555 178 1641 205 media
1657 177 1699 205 via
1713 178 1829 206 relictos-

192 231 241 256 καὶ
257 229 376 264 γράμμα
392 230 515 264 χαράξας
531 229 570 264 τῷ
601 229 705 263 βασιλεῖ
725 229 859 264 ἐπεμψεν.
874 227 938 262 Εἶχε
954 228 981 253 δὲ

192 275 256 302 ὦδε’
275 285 284 302 ι
302 276 346 312 [Ρ.
363 275 410 312 92]
429 277 458 302 Εἰ
475 276 524 310 μὲν
550 276 644 312 μηδεὶς
663 276 703 302 ἔτι
730 276 778 302 ἐπὶ
793 277 843 310 τῆς
866 275 983 306 Ἰταλίας

193 322 312 356 πόλεμος
342 322 409 356 ἡμῖν
440 322 578 354 ἐλείπετο,
611 322 741 357 κράτιστε
763 321 896 357 βασιλεῦ,
921 322 983 349 οὔτε

195 367 325 402 στρατιᾶς
343 367 427 402 ἄλλης
446 367 558 402 ἐδέησεν
574 368 607 394 ἂν
623 367 684 394 οὔτε
695 367 750 395 τῶν
762 368 851 394 ἄλλων
865 368 982 399 οὐδενός.

196 413 288 439 Πάντα
298 413 352 447 γὰρ
367 414 397 444 ἐς
415 413 495 448 τήνδε
514 414 563 448 τὴν
577 414 686 449 ἡμέραν
700 414 769 441 κατὰ
785 414 847 441 νοῦν
861 406 985 449 κεχωρη-

195 457 272 483 κέναι
286 457 351 491 ἡμῖν
368 457 433 490 ἴσοι,
449 459 527 490 πόλις
541 467 571 484 τε
600 460 692 493 σχεδὸν
708 460 828 494 ἁπάσας,
844 461 943 487 ὁπόσαι
955 462 985 486 ὲν

201 499 303 536 Ἰταλίᾳ
313 503 495 537 τυγχάνουσιν
506 501 585 530 οὖσαι
599 505 645 530 καὶ
662 504 756 539 κόλπῳ
770 505 809 540 τῷ
827 505 921 542 Ἰονίῳ,
932 514 985 532 πα-

198 548 417 582 ραστησαμένοις
434 549 484 583 ἥδη
502 549 550 576 καὶ
564 550 632 585 πρός
645 558 677 583 γε
693 551 831 586 πολέμους
846 560 985 588 κεκρατη-

197 592 257 619 κόσι
276 594 411 627 μεγάλους
437 595 577 629 βασιλείας
590 605 620 622 τε
648 596 697 631 τῆς
713 597 766 631 σῆς
786 597 894 624 καὶτοῦ
917 598 985 625 Ῥω-

198 635 286 669 μαίων
303 637 423 669 ἐπαξίως
434 638 539 672 γένους.
560 639 638 666 Ἐπεὶ
649 639 677 666 δὲ
691 640 765 674 ἁγὼν
776 641 842 675 ἡμῖν
858 643 871 667 6
883 641 986 675 μείζων

197 681 367 717 ἐπίπροσθεν
392 683 433 710 ἔτι
456 684 546 711 κεῖται
570 685 733 720 (Γιλίελμος
750 687 803 722 γὰρ
825 688 840 713 ό
861 687 986 714 Σικελίαν

197 726 348 761 λῃστεύων,
367 728 511 762 ἀσχάλλων
536 731 574 761 ὡς
597 730 672 762 εἰκὸς
685 732 732 758 ἐπὶ
746 733 779 767 τῇ
797 732 852 759 τῶν
877 733 986 760 οἰκείων

197 771 333 807 ἀπωλείᾳ,
350 773 478 809 δυνάμεις
506 776 694 812 ἁπανταχόθεν
708 778 813 814 ἀγείρει
828 780 877 806 καὶ
894 780 987 806 στόλον

197 817 265 843 νεῶν
279 819 316 849 ὡς
336 819 469 847 πλείστων
490 821 537 848 ἐπὶ
567 822 707 850 θάλασσαν
735 825 785 859 ἤδη
803 828 988 859 κατεσπακώς

199 862 266 897 ἔχει,
288 863 325 895 ὼς
339 865 371 890 ἐκ
384 865 435 899 γῆς
450 866 516 901 ἡμῖν
533 869 579 894 καὶ
597 868 739 905 θαλάσσης
754 871 906 898 ἐπιτίθοιτο
918 873 989 900 κατὰ

199 908 261 935 νοῦν
277 909 467 945 ποιούμενος),
494 913 525 939 οὐ
540 914 592 949 χρὴ
624 916 689 949 περὶ
715 915 861 948 ἐλάσσονος
885 918 989 954 ταύτην

201 955 273 988 ἡμᾶς
294 957 430 983 ποιεῖσθαι
449 957 497 992 τὴν
509 959 556 985 τοῦ
572 960 708 995 νησιώτου
733 964 914 1000 παρασκευὴν
927 965 988 992 οὐδὲ

200 1000 347 1034 παρέργως
368 1002 485 1037 πόλεμον
503 1004 577 1030 τόνδε
599 1005 756 1041 διαφέρειν,
784 1009 891 1044 μήποτε
911 1010 988 1042 κλέος

201 1046 266 1080 ἡμῖν
279 1046 310 1072 τὸ
327 1049 413 1084 παρὸν
428 1049 455 1080 ἐς
470 1049 571 1081 ὄνειδος
587 1052 686 1086 μᾶλλον
694 1054 929 1090 ἁποκριθήσεσθαι
941 1058 987 1091 γέ-

200 1098 283 1119 νοιτο.
301 1092 337 1118 Τὸ
354 1094 407 1127 γὰρ
431 1095 479 1120 σὺν
497 1098 605 1130 μικροῖς
618 1098 651 1124 τὰ
669 1098 776 1133 μεγάλα
797 1102 923 1134 μετιέναι
937 1111 988 1130 κα-

201 1137 380 1182 τορθούμενον
396 1140 445 1174 μὲν
461 1141 545 1168 πλείω
560 1142 607 1169 τοῦ
625 1144 673 1170 σὺν
689 1145 830 1179 μεγίστοις
846 1148 987 1182 χαρίζεται

201 1180 289 1226 δόξαν,
307 1182 531 1220 ἁμαρτανόμενον
545 1185 573 1212 δὲ
592 1187 791 1216 πολλαπλάσιον
807 1180 940 1226 ἐπάγεται
956 1193 987 1220 τὸ

201 1224 306 1261 αἶσχος,
324 1227 372 1254 ἆτε
389 1229 456 1263 πρὸς
471 1231 503 1264 τῇ
517 1231 587 1267 ἥττῃ
602 1232 648 1258 καὶ
662 1233 783 1268 ἀμαθίαν
795 1224 987 1271 στρατηγικῶν

201 1272 354 1320 ἑπιτρῖϐονν
371 1276 428 1306 τοῖς
462 1277 617 1310 πταίσασιν,
645 1278 683 1311 ὥς
704 1289 737 1315 γε
766 1282 895 1315 πολλάκις
913 1285 988 1320 ἡμᾶς

203 1318 302 1366 ιιράῖος
315 1319 419 1366 ἐδίδαξε
434 1321 464 1347 τὸ
480 1322 536 1350 σόν.
563 1324 606 1355 Ὠς
620 1325 709 1352 τοίνυν
739 1328 875 1362 μηδέποτε
903 1318 987 1366 μηδὲν

202 1362 358 1410 ὲκ-τούτων
375 1365 440 1400 ἡμῖν
453 1367 609 1404 ἀπαντήσῃ,
625 1369 666 1397 δεῖ
679 1371 711 1406 δή
727 1372 849 1405 πλείονος
862 1362 986 1410 ἡμίν-ὲν-

201 1408 289 1436 ταῦθα
306 1412 433 1439 ναυτικοῦ
455 1421 486 1440 τε
516 1415 563 1441 καὶ
583 1416 737 1452 ἡπειρῶτου
767 1408 892 1455 στρατοῦ..
912 1433 921 1449 ι
946 1424 987 1450 Τὰ

203 1453 299 1503 μὲν-δὴ
313 1455 465 1503 γραμματα
481 1459 509 1484 ὲν
524 1459 628 1492 τούτοις
641 1459 711 1497 ἦσαν
725 1470 732 1478 ·
752 1465 766 1490 ὁ
780 1453 809 1491 ei
833 1466 926 1503 ἐπειδὴ
951 1469 986 1496 τὰ

1005 848 1025 875 Β

1033 225 1181 252 desereret.
1209 224 1290 251 Mittit
1313 225 1403 259 itaque
1420 225 1523 251 litteras
1547 223 1581 251 ad
1621 224 1822 256 imperatorem,

1033 278 1146 304 quarum
1172 271 1222 297 hoc
1240 270 1291 297 fuit
1316 275 1524 305 argumentum:
1545 279 1554 296 ι
1579 269 1608 297 Si
1635 269 1737 296 nullum
1750 269 1823 296 aliud

1034 317 1060 343 in
1079 317 1155 343 Italia
1172 316 1251 344 nobis
1262 321 1417 350 superesset
1439 316 1549 348 bellum,
1567 315 1684 342 maxime
1704 315 1826 348 impera-

1036 366 1087 392 tor,
1107 369 1194 396 neque
1207 361 1328 389 exercitu
1344 362 1398 388 alio
1416 369 1502 395 neque
1521 365 1679 388 cauterarum
1703 360 1825 388 subsidio

1036 415 1125 434 rerttm
1140 415 1206 442 opus
1221 407 1300 435 foret.
1317 407 1415 434 Omnia
1429 408 1501 435 enim
1513 407 1540 434 in
1557 407 1632 434 hunc
1647 414 1734 441 usque
1751 406 1824 434 diem

1035 460 1067 479 ex
1084 458 1146 480 voto
1161 453 1238 481 nobis
1250 454 1419 482 successisse
1430 454 1512 487 scias,
1526 454 1608 480 nrbes
1623 453 1709 480 ferme
1717 460 1824 485 omnes.

1035 504 1167 533 quotquot
1189 504 1249 526 sunt
1267 500 1293 527 in
1311 499 1386 527 ltalia
1404 503 1431 527 et
1459 499 1492 526 ad
1504 499 1594 527 sinum
1607 506 1692 533 usque
1707 498 1828 530 Ionium,

1037 544 1064 570 in
1081 545 1210 572 ditionem
1229 552 1277 572 nos
1289 545 1437 579 accepisse,
1466 552 1618 579 magnaque
1627 544 1697 574 bella
1714 544 1748 571 ad
1765 551 1825 570 ma-

1034 589 1140 623 iestatis
1153 595 1204 618 tua!
1226 589 1466 625 Romanorumque
1479 585 1591 626 gloriam
1604 598 1652 617 nos
1662 590 1826 618 confecisse.

1037 636 1091 663 Sed
1115 643 1176 663 curn
1206 636 1284 671 longe
1308 637 1418 671 gravius
1445 636 1675 663 nobisimmincat
1687 640 1827 664 certamen

1039 680 1200 714 (Gulielmus
1217 682 1316 716 quippe
1340 681 1439 709 Siciliae
1454 682 1544 717 praedo
1559 683 1593 709 oh
1613 689 1723 709 suorum
1737 681 1827 716 jactu-

1037 733 1095 753 ram
1123 727 1193 754 haud
1220 727 1303 755 dubie
1329 727 1500 763 indignatus,
1537 727 1688 754 contractis
1710 727 1830 761 undique

1039 771 1126 805 copiis
1147 771 1289 806 classeqne
1310 771 1398 799 valida
1429 772 1455 799 itt
1471 779 1547 799 utare
1570 771 1702 804 immissa,
1715 775 1742 798 et
1758 771 1829 798 mari

1039 823 1066 843 et
1078 821 1149 843 terra
1168 824 1217 844 nos
1230 817 1338 852 aggredi
1350 817 1517 853 meditatur),
1546 825 1599 844 nott
1616 818 1830 845 contemnendus

1041 862 1166 890 estnobis
1183 863 1235 890 iste
1248 863 1366 890 insulani
1379 867 1536 898 apparatus,
1562 871 1648 898 neque
1667 863 1765 892 bellum
1777 864 1829 891 hoc

1040 908 1147 943 segnius
1160 909 1318 943 gerendum,
1344 917 1378 937 ne
1395 914 1472 943 parta
1483 917 1497 936 a
1513 909 1589 937 nobis
1604 910 1630 936 in
1644 917 1761 943 praesens
1774 909 1830 944 glo-

1041 952 1079 978 ria
1092 957 1213 980 vertatur
1243 953 1269 980 in
1287 954 1474 988 ignominiam.
1503 953 1539 982 Ut
1555 954 1628 982 enim
1651 954 1695 982 ille
1708 954 1828 989 quicum

1040 998 1129 1032 parvis
1144 999 1247 1026 viribus
1265 1007 1308 1026 res
1323 1007 1434 1033 tua-gnas
1452 999 1533 1035 159
1546 999 1712 1035 aggreditur,
1731 1000 1753 1027 si
1772 1007 1829 1027 rem

1040 1052 1168 1079 prospere
1195 1045 1354 1077 confecerit,
1371 1046 1500 1081 majorem
1530 1054 1610 1081 quant
1627 1047 1649 1074 si
1667 1054 1727 1073 eum
1743 1046 1830 1073 maxi.

1040 1092 1103 1124 mis,
1136 1092 1250 1126 gloriam
1284 1098 1424 1126 comparat
1441 1101 1448 1119 :
1464 1093 1500 1119 ita
1516 1096 1622 1125 contra,
1645 1093 1666 1119 si
1687 1099 1829 1127 perperam

1039 1144 1084 1164 res
1110 1139 1234 1168 cesserit,
1269 1137 1408 1172 multiplex
1441 1138 1504 1165 inde
1533 1138 1670 1165 contrahit
1702 1139 1833 1172 dedecus,

1039 1188 1100 1208 cum
1126 1187 1223 1215 praeter
1257 1181 1343 1216 ipsam
1369 1182 1472 1209 cladem
1503 1183 1542 1210 rei
1572 1183 1697 1210 militaris
1725 1183 1829 1210 inscitia

1039 1226 1126 1253 vietos
1147 1226 1275 1254 afﬂictare
1307 1228 1402 1259 soleat,
1427 1228 1465 1255 uti
1494 1235 1682 1262 saepenumero
1711 1233 1755 1255 tua
1776 1236 1828 1255 nos

1039 1271 1130 1298 docuit
1163 1272 1300 1306 majestas.
1330 1273 1430 1301 llorum
1461 1273 1543 1308 igitur
1573 1281 1607 1301 ne
1622 1274 1685 1308 quid
1712 1282 1830 1308 unquam

1039 1317 1117 1345 nobis
1147 1318 1301 1352 usuveniat,
1332 1319 1480 1354 majoribus
1492 1319 1569 1347 nobis
1596 1325 1624 1346 et
1649 1319 1791 1346 maritimis
1805 1324 1834 1347 et

1041 1363 1217 1391 terrestribus
1250 1363 1337 1399 copiis
1366 1372 1434 1399 opus
1461 1370 1513 1392 est.
1539 1374 1547 1390 ι
1568 1364 1630 1392 Hazc
1658 1364 1714 1393 ille.
1741 1364 1832 1392 Rebus

1037 1409 1171 1444 Monopoli
1187 1410 1328 1444 ordinatis,
1346 1418 1406 1438 cum
1423 1412 1547 1439 omnibus
1559 1412 1621 1439 inde
1636 1413 1721 1446 cepits
1737 1420 1828 1440 exces-

1037 1457 1071 1485 sit
1084 1466 1092 1491 ;
1107 1462 1135 1486 et
1149 1458 1273 1491 Ostunio,
1289 1459 1379 1486 valido
1396 1459 1422 1486 in
1437 1459 1531 1494 primis
1561 1460 1669 1495 oppido,
1692 1468 1739 1495 per
1765 1468 1829 1488 con-

203 1500 237 1548 ὲν
245 1499 393 1548 ἢίονοπόλει
409 1503 498 1535 καλῶς
509 1505 559 1540 ἤδη
573 1504 646 1541 εἶχεν
656 1508 740 1543 αὐτῷ,
756 1512 837 1538 παντὶ
849 1513 887 1548 τῷ
902 1499 982 1548 στρα-

1039 1503 1155 1532 ditiones
1178 1505 1288 1539 potitus,
1316 1512 1411 1532 versus
1437 1505 1622 1533 Brundusium
1637 1506 1688 1534 iter
1701 1506 1828 1534 intendit.

202 1544 241 1593 τῷ
265 1546 372 1574 ἐκεῖθεν
401 1548 567 1584 ἀπήλαυνεν.
606 1551 758 1581 Ὀστούνιόν
787 1556 843 1593 (94)
868 1544 898 1584 τε
910 1544 987 1586 πόλιν

203 1590 380 1628 ὀχυρωτάτην
397 1594 426 1620 ὲν
446 1596 505 1626 ταῖς
519 1596 639 1631 μάλιστα
655 1590 795 1636 ὁμολογία
811 1590 989 1639 παραστησά-

205 1645 285 1687 μενος
311 1639 532 1687 ἐπί-,Βρεντέσιον
545 1643 675 1678 ἠπείγετο
695 1646 771 1673 πόλιν
785 1648 891 1683 ἑτέραν,
910 1650 927 1685 ἢ
956 1651 988 1687 δὴ

204 1683 313 1719 Τεμέση
328 1685 384 1720 (95)
410 1686 440 1712 τὸ
462 1687 576 1716 παλαιὸν
596 1689 755 1725 ὠνομάζετο
771 1701 778 1708 ⁸
805 1695 873 1721 ἀλλὰ
905 1683 988 1728 πολὺς

206 1730 264 1764 μετ’
290 1731 382 1758 ἐκεῖνα
414 1733 667 1770 ἀναπρεψαμένοις
698 1739 890 1775 ἐπιγενόμενος
921 1742 988 1769 αἰὼν

204 1776 357 1824 ἐνεόχμωσε
373 1778 407 1806 τὰ
422 1779 533 1807 πλεῖστα
550 1782 603 1808 τῶν
619 1783 769 1818 ὀνομάτων,
793 1786 837 1820 ἐφ’
854 1787 937 1823 ἔτερα
971 1789 987 1824 ἢ

205 1822 378 1849 παντάπασιν
392 1824 506 1859 ἀνόμοια
527 1826 636 1862 ἢὸ).ίγῳ
661 1829 824 1865 διαφέροντα
850 1822 987 1865 μεταθεὶςξ

204 1865 313 1901 Ταύτην
325 1867 418 1903 ἐπειδὴ
438 1868 569 1904 Ῥωμαῖοι
591 1871 751 1906 κατέλαϐον,
783 1875 871 1910 ἠσυχῆ
893 1876 989 1911 ἔμενον

204 1911 311 1947 (Πάσχα
323 1913 377 1949 γὰρ
391 1915 508 1950 τῇ.ὲξῆς
523 1917 696 1952 Χριστιανοτς
715 1917 760 1955 ἦν)
775 1929 781 1935 ·
803 1921 872 1958 ὅπερ
892 1922 917 1949 οἱ
939 1924 989 1959 τῆς

203 1959 307 1991 πόλεως
322 1959 422 1987 δειλίαν
433 1959 502 1989 εἶναι
515 1965 676 1998 νομίσαντες
692 1965 823 1999 πολλάκις
834 1968 990 2002 ἐπεξιόντες

204 2004 268 2040 ἄχρι
283 2006 329 2032 καὶ
343 2006 434 2033 αὐτῶν
450 2010 661 2044 χαρακωμάτων
677 2011 807 2045 ἐγίνοντο,
837 2014 889 2046 ἕως
923 2015 990 2042 Ῥω-

206 2053 280 2085 μαῖοι
297 2049 370 2080 οὗτοι
383 2053 531 2081 ἐθελούσιοι
548 2055 651 2086 τούτοις
665 2057 895 2093 ἐπιπηδήσαντες,
915 2061 990 2087 ἐπει-

203 2095 292 2132 δήπερ
305 2097 476 2130 ἀπεώσαντο,
496 2100 542 2125 ἐπὶ
555 2100 586 2126 τὸ
598 2102 781 2136 στρατόπεδον
797 2103 986 2140 ἀνεχώρησαν.

205 2143 234 2169 υί
252 2144 301 2177 μὲν
316 2141 363 2170 οὖν
373 2144 449 2171 ἄλλοι
469 2145 614 2180 Ῥωμαίων
638 2147 684 2174 ἐπὶ
706 2149 762 2179 τοῖς
778 2149 921 2184 προτέροις
943 2152 990 2177 καὶ

205 2187 286 2214 πάλιν
300 2186 370 2224 ἦσαν
391 2190 473 2222 σέὸας
487 2191 526 2225 τῷ
549 2191 638 2227 καιρῷ
664 2193 865 2228 παρεχόμενον
889 2195 990 2230 Θωμᾶς

204 2233 232 2260 δέ
247 2243 299 2268 τις,
314 2235 392 2269 γένος
406 2237 457 2270 μὲν
487 2237 641 2273 Ἀντιοχεὺς
661 2238 767 2273 βασιλεῖ
791 2239 819 2266 δὲ
835 2240 990 2276 ἀὐτόμολος

204 2280 236 2306 ἐκ
252 2281 360 2316 μακροῦ
383 2283 579 2317 γεγενημένος,
607 2284 677 2311 ὅπλα
702 2285 887 2321 ὑπερθέμενος
917 2286 989 2322 ἐξῄει

203 2326 250 2353 τοῦ
268 2327 387 2362 χάρακος
404 2328 585 2363 ίππευόμενος
611 2330 639 2356 ἐν
663 2330 702 2366 τῷ
733 2331 827 2366 πεδίῳ.
857 2331 933 2358 Ἐπεὶ
960 2332 990 2358 δὲ

205 2373 255 2408 ἤδη
288 2374 373 2409 ἀγχοῦ
400 2374 450 2410 τῆς
460 2375 579 2408 πόλεως,
595 2376 713 2410 ἐγένετο,
743 2377 923 2412 προύκαλεῖτο
942 2378 988 2405 τὸν

203 2419 314 2453 ἄριστον
329 2421 357 2451 ὲς
373 2422 543 2457 μονομαχίαν
561 2422 636 2458 αὐτῷ
653 2423 816 2457 καταϐῆναι.
836 2422 889 2450 *Ην
905 2424 934 2451 δέ
947 2433 988 2456 τις

204 2465 321 2492 ἐνταῦθα
336 2466 448 2503 ἀνδρείᾳ
459 2468 505 2494 ἐπὶ
523 2467 649 2495 πλεῖστον
668 2469 745 2504 ἥκων
773 2469 859 2505 ὄνομα
893 2470 988 2505 Ἐγχέ-

203 2511 263 2544 λυς.
289 2511 373 2545 Οὗτος
399 2514 493 2550 ἐπειδὴ
528 2514 630 2550 Θωμᾶν
659 2517 827 2552 μονομαχεῖν
859 2516 990 2550 ἀξιοῦντα

1005 2176 1029 2205 D

1040 1549 1194 1577 Temessam
1216 1549 1353 1577 civitatem
1383 1550 1455 1577 illam
1479 1554 1610 1578 vocarunt
1621 1556 1736 1579 veteres.
1750 1551 1825 1580 Lon-

1039 1594 1206 1630 gumquippe
1216 1595 1364 1623 succedens
1378 1603 1465 1624 avum
1479 1596 1607 1631 pleraque
1619 1597 1689 1631 apud
1707 1602 1829 1631 posteros

1041 1647 1121 1669 novat
1133 1641 1252 1674 nomina,
1264 1645 1346 1676 atque
1366 1642 1391 1669 in
1408 1642 1470 1676 alia,
1491 1647 1536 1670 aut
1548 1642 1689 1670 dissimilia
1706 1644 1829 1674 omnino,

1039 1691 1086 1714 aut
1097 1694 1191 1721 parum
1210 1687 1390 1722 discrepantia
1402 1687 1535 1715 immutat.
1552 1687 1585 1715 Ut
1607 1688 1641 1715 ad
1655 1689 1725 1715 hanc
1737 1689 1829 1715 urbem

1040 1740 1187 1768 pervenere
1199 1733 1325 1766 Romani,
1336 1733 1414 1761 otiosi
1429 1741 1602 1768 permansere
1617 1743 1624 1761 :
1639 1734 1742 1762 Pascha
1757 1734 1829 1761 enim

1040 1778 1256 1807 Christianorum
1284 1779 1415 1814 postridie
1444 1779 1564 1807 futurum
1599 1785 1668 1807 erat.
1690 1780 1830 1815 Ejusmodi

1040 1824 1123 1852 otium
1137 1825 1250 1860 ignavia:
1281 1829 1308 1853 et
1335 1825 1472 1852 timiditati
1502 1825 1670 1853 ascribentes
1690 1826 1829 1861 oppidani,

1041 1871 1157 1906 plurima
1185 1871 1254 1899 facta
1282 1871 1424 1906 eruptione
1447 1871 1480 1898 ad
1509 1873 1596 1906 ipsum
1621 1879 1707 1906 usqtte
1728 1871 1828 1898 vallum

1040 1921 1196 1949 excurrunt,
1211 1917 1297 1945 donec
1309 1917 1425 1946 Romani
1437 1917 1538 1952 aliquot
1559 1917 1635 1944 inviti
1650 1924 1717 1952 pene
1731 1925 1830 1945 erum-

1040 1968 1117 1998 punt,
1142 1964 1187 1998 qui
1206 1963 1238 1991 iis
1262 1963 1371 1991 tandem
1398 1964 1562 1998 propulsetis
1592 1964 1617 1990 in
1632 1969 1720 1991 castra
1738 1971 1829 1990 rever-

1042 2015 1144 2038 tuntur.
1177 2010 1272 2038 Crateri
1290 2011 1398 2046 quidem
1421 2011 1545 2042 Ruinani,
1573 2015 1602 2037 nt
1618 2015 1709 2044 antea,
1734 2010 1829 2037 diebus

1042 2061 1118 2088 festis
1136 2061 1256 2089 debitum
1272 2062 1462 2096 impendebant
1477 2062 1589 2090 cnlturn.
1605 2061 1723 2090 Thomas
1738 2067 1827 2089 autem

1042 2113 1119 2141 gente
1134 2107 1329 2140 Antiochenus,
1345 2108 1390 2142 qui
1411 2108 1568 2142 jamdudum
1589 2108 1622 2135 ad
1640 2109 1829 2143 imperatorem

1045 2153 1237 2187 transfugerat,
1270 2155 1383 2188 sumptis
1410 2154 1503 2186 armis,
1518 2154 1588 2181 vallo
1617 2155 1732 2186 excedit,
1755 2162 1830 2182 cam-

1044 2206 1160 2233 pumque
1189 2199 1349 2234 perequitat.
1369 2199 1420 2227 Ubi
1436 2198 1595 2227 necessitati
1612 2200 1716 2234 urbem,
1739 2200 1829 2228 fortis-

1044 2245 1141 2271 simum
1179 2251 1313 2278 quemque
1350 2245 1384 2271 ad
1419 2244 1553 2278 singulare
1593 2245 1671 2279 160
1702 2251 1830 2278 provocat

1044 2293 1191 2316 certamen.
1220 2289 1286 2316 Erat
1316 2295 1404 2316 atttem
1420 2289 1456 2316 ibi
1467 2289 1644 2323 prtecellentis
1663 2288 1828 2317 fortitudinis

1043 2335 1164 2369 quidam,
1196 2334 1303 2361 nomine
1332 2334 1475 2370 Enchelys.
1502 2334 1528 2361 ls
1549 2340 1579 2361 ut
1604 2334 1733 2362 Thomam
1757 2335 1829 2362 ciere.

1043 2388 1158 2416 pugnant
1188 2381 1300 2412 audivit,
1336 2386 1443 2415 sumpto
1482 2381 1591 2408 thorace
1636 2380 1776 2408 descendit
1800 2381 1828 2407 in

1042 2435 1176 2461 campum,
1191 2427 1315 2461 lentoque
1332 2427 1438 2454 obviam
1460 2427 1543 2462 gradu
1559 2427 1668 2455 Thomas
1694 2427 1826 2461 procedit.

1043 2472 1130 2500 Pavor
1167 2473 1229 2500 inde
1267 2473 1359 2500 deﬁxit
1389 2473 1517 2508 utrinque
1551 2477 1724 2515 spectatores.
1761 2472 1826 2499 dum

1043 2518 1229 2553 cataphractos
1243 2525 1388 2554 generosos
1403 2518 1469 2546 istos
1489 2525 1521 2546 eo
1533 2525 1562 2546 se
1578 2519 1604 2545 in
1620 2517 1678 2546 loco
1698 2522 1824 2553 tanquam

859 2588 909 2618 Du
927 2587 1038 2628 Cangii
1055 2591 1148 2619 notua.

238 2658 295 2694 (94)
317 2659 502 2694 Ὀστούνιοῃ
530 2657 602 2685 Urbs
614 2658 727 2694 WApuiiaa
747 2658 882 2685 Peucetia:
903 2665 988 2692 parvo

205 2694 231 2719 in
241 2694 308 2721 colle
318 2694 369 2721 sita
379 2694 449 2721 inter
460 2693 558 2721 Molam
570 2697 597 2721 et
608 2693 809 2721 Conversanutn
823 2701 854 2721 ex
870 2693 986 2725 oriente,

205 2728 300 2756 Ostuni
317 2728 406 2756 hodie.

237 2763 294 2798 (95)
310 2765 349 2791 Ἦ
360 2763 398 2797 δὴ
414 2763 538 2798 Τεμέσῃ.
555 2763 685 2795 Temese,
700 2762 843 2794 Temessaz,
859 2767 887 2790 et
906 2761 988 2789 Tem-

203 2806 260 2832 psze
274 2799 463 2826 vetustissima:
478 2800 504 2826 in
518 2799 631 2826 Bruttiis
651 2798 724 2825 urbis
740 2803 767 2826 ct
784 2799 853 2833 apud
874 2798 986 2831 scripto-

204 2841 249 2861 res
271 2834 454 2862 celeberrima:
481 2834 684 2869 appellationem
711 2839 737 2861 et
759 2833 838 2861 situm
865 2835 988 2867 quaerunt

1043 2656 1165 2684 hodierni
1182 2657 1326 2691 geographi
1347 2666 1352 2682 :
1370 2655 1455 2688 solus,
1471 2655 1543 2690 quod
1559 2657 1654 2686 sciam.
1676 2655 1825 2683 Cinnamus

1043 2697 1121 2718 vetus
1132 2699 1191 2719 esse
1205 2691 1346 2718 Brundusii
1362 2698 1458 2718 nomen
1486 2691 1621 2718 contendit
1633 2699 1640 2717 :
1650 2691 1695 2718 sed
1708 2698 1743 2717 an
1760 2698 1824 2724 pro-

1043 2726 1140 2753 babilis
1156 2726 1280 2753 videatur
1294 2726 1437 2757 sententia,
1452 2726 1539 2758 quivis
1554 2726 1661 2760 colliget
1676 2732 1708 2752 ex
1725 2726 1827 2760 iisquae

1042 2763 1075 2788 de
1093 2760 1205 2789 Temesa
1217 2761 1316 2788 habent
1325 2761 1446 2788 Leander
1456 2761 1582 2788 Albcrtus
1597 2759 1628 2787 iu
1642 2760 1732 2787 Descr.
1748 2759 1823 2792 Ima.

1042 2795 1225 2831 QInverins,l.
1239 2803 1264 2822 tv
1280 2795 1368 2824 Italiae
1383 2795 1512 2831 Antiquis,
1527 2803 1551 2824 c.
1567 2796 1610 2831 15,
1625 2800 1652 2824 el
1667 2795 1785 2824 Ortelius
1798 2795 1824 2822 in

1044 2830 1178 2859 Thesauro
1195 2830 1291 2866 Geogr.
1451 2830 1455 2831 ⁷
1513 2852 1519 2856 .
