1962 3074
137 113 190 144 499

774 115 934 145 JOANNIS
954 116 1117 148 CINNAMI

1707 120 1760 151 500

135 173 164 200 in
181 172 268 200 stadio
277 173 310 200 ad
325 177 461 200 certamen
478 173 621 206 accingere
637 174 817 208 conspiciunt.
838 173 923 201 Simul

978 176 1057 211 ἔγνω,
1075 178 1302 214 θωρακισάμενος
1317 179 1363 217 ita}
1385 180 1467 211 αὐτὸς
1500 179 1597 214 ἐξῆλθε
1629 179 1705 213 παρὰ
1731 180 1761 205 re

135 220 219 254 igitur
248 226 281 246 ac
308 219 422 252 proximi
450 218 536 251 fuere,
566 219 692 247 admissis
717 221 805 255 equis,
839 220 923 247 hastis

136 269 311 292 concurrunt.
339 264 489 292 Etltastam
508 265 616 299 quidem
641 266 760 293 Thomas
778 273 824 300 per
839 266 924 293 hostis

139 311 262 346 clypeum
286 314 313 337 et
323 310 464 337 thoracem
480 311 513 337 ad
530 315 618 338 cutem
652 319 736 345 usque
757 311 850 346 adigit.
871 310 925 337 En-

138 356 232 390 chelys
256 363 322 382 vero
355 355 470 390 impulsa
499 356 525 383 in
536 357 659 392 clypeum
682 357 768 390 hasta,
784 365 834 391 qua
849 361 925 392 parte

137 402 218 435 capiti
251 401 338 429 elatus
352 401 387 429 ab
411 402 578 435 adversario,
595 407 624 430 ut
651 410 711 437 qum
728 403 830 430 circum
848 406 925 429 erant

137 452 250 482 tegeret,
278 447 508 482 prtetcudebatnr,
532 448 617 483 ipsius
643 449 748 484 galeam
779 448 925 483 perforavit

137 507 302 535 oarnemque
323 499 421 534 attigit.
451 500 489 527 Ita
517 500 643 535 digressi,
686 501 755 527 alter
784 501 810 527 in
835 505 923 527 castra

139 546 271 577 Romana,
283 547 352 573 alter
368 546 395 573 in
409 547 501 588 urbem
516 553 684 574 concessere.
703 546 815 573 Romani
830 551 924 573 exacta

133 592 189 625 j-am
202 591 349 619 festivitate
362 591 486 619 ordinata
504 591 562 619 acie
581 593 606 619 in
634 592 726 619 urbem
749 591 923 618 contendunt.

138 637 191 664 Sed
210 643 277 665 cum
301 638 405 664 crebris
434 638 620 664 machinarum
644 637 800 665 bellicarum
827 636 925 664 ictibus

135 689 242 709 murum
274 686 433 714 tentassent,
451 682 634 717 nequidquam
651 689 680 709 se
693 682 816 709 laborare
831 682 926 708 adver-

136 732 224 754 tentes
240 727 348 762 (quippe
363 732 470 754 veteres
482 732 510 754 ut
525 727 551 754 in
561 728 667 755 caeteris
676 727 784 762 quidem
799 727 926 761 operibus

134 773 244 800 multam
257 773 411 806 impendere
420 780 523 804 curam,
537 773 666 807 majorem
679 778 766 800 tamen
782 772 807 800 in
819 776 926 800 exstru-

133 818 342 850 endisurbibus,
360 826 410 845 nec
422 818 530 853 injuria.
540 819 702 853 diligentiam
711 817 867 852 adhibuere)
891 817 925 844 ab

134 855 243 896 jnccpto
255 863 399 890 desistunt.
410 863 526 898 Longius
539 871 612 894 vero,
628 866 656 889 et
672 864 707 889 ita
717 867 745 889 ut
755 862 823 889 ultra
836 869 927 889 muros

133 914 271 941 evolareut
291 915 402 949 lapides,
413 915 458 949 qui
471 915 540 941 intra
555 915 819 946 urbemreciderent,
830 914 928 948 dirige-

137 961 213 986 bant.
234 960 337 994 Vixque
353 960 456 995 primus
467 961 583 987 emissus
593 965 634 987 est
644 959 723 994 lapis,
740 967 801 987 cum
817 960 844 986 in
861 961 928 988 urbe

135 1007 186 1033 lter
200 1006 302 1033 faciens
320 1006 476 1033 muliercula
495 1013 526 1033 eo
539 1007 578 1032 sic
595 1006 744 1040 percutitur
765 1006 792 1033 in
813 1006 926 1037 vertice,

135 1055 164 1078 ut
196 1051 379 1078 difiinderetur
410 1052 487 1087 161
525 1056 617 1086 caput,
660 1052 837 1085 onmiumqtte
863 1058 926 1079 ossa

135 1098 318 1125 membrorum
355 1098 578 1125 dissolverentur.
605 1097 668 1125 lude
689 1102 747 1125 orta
768 1097 890 1133 ejulatio.
901 1102 928 1125 et

134 1144 218 1171 veluti
247 1144 312 1171 urbs
345 1148 417 1171 esset
449 1148 539 1178 capta,
558 1143 722 1171 consternati
738 1143 877 1178 oppidani,
895 1151 928 1171 ne

140 1190 174 1216 ad
206 1194 379 1224 conspectum
405 1189 512 1224 quidem
541 1189 658 1216 infelicis
677 1189 755 1216 istius
767 1189 886 1216 tnulieris
899 1189 926 1216 in

137 1235 273 1271 publicum
292 1234 394 1270 ingredi
414 1235 559 1262 audebant.
576 1233 612 1262 Ut
626 1239 716 1261 autem
732 1234 821 1269 jactus
849 1234 926 1266 alter,

135 1287 253 1315 moxque
265 1280 352 1307 crebri
371 1280 414 1307 alii
428 1287 442 1307 a
455 1279 586 1307 Romanis
606 1280 751 1310 iterantur,
784 1278 926 1306 confestim

141 1326 268 1353 turbatur
283 1325 368 1359 plebs,
391 1333 423 1352 ac
446 1333 528 1358 supra
549 1329 629 1360 caput
650 1325 793 1352 imminere
810 1324 925 1358 lapidem

138 1371 190 1399 sibi
205 1371 319 1406 quisque
343 1371 438 1402 credit,
460 1371 539 1398 aliter
565 1371 644 1405 plane
661 1378 692 1397 ac
707 1370 739 1397 de
764 1369 927 1397 Tantalolo-

137 1422 257 1452 qnuntur
282 1416 388 1444 fabulae.
402 1416 468 1444 Inde
482 1423 542 1443 cum
558 1416 591 1444 de
610 1416 772 1451 recipiendis
785 1416 812 1443 in
830 1415 925 1443 urbem

137 1468 268 1496 Romanis
295 1468 629 1503 deliberarentoppidani,
656 1473 755 1495 utrem
785 1468 926 1496 advertere

977 224 1066 250 πεδίον
1079 225 1163 260 βάδην
1177 226 1366 259 ἀντιμέτωπος
1384 226 1422 262 τῷ
1445 226 1533 261 Θωμᾷ
1563 225 1759 260 πορευόμενος.

976 270 1041 296 Ὅτε
1058 270 1090 305 δὴ
1101 271 1206 305 θάμῦος
1220 269 1292 307 εἶχεν
1305 272 1501 307 ἀμφοτέρωθεν
1517 272 1639 306 ὁρῶντας
1660 271 1762 306 ἄνδρας

975 316 1046 343 οὕτω
1063 317 1112 351 μὲν
1132 318 1297 350 πανόπλους,
1316 317 1387 344 οὕτω
1402 318 1430 344 δὲ
1459 318 1611 351 γενναίους,
1632 317 1696 344 ὥστ’
1715 317 1762 343 ἐπὶ

977 362 1084 390 στάδιον
1095 363 1142 389 τὸν
1159 364 1247 398 χῶρον
1277 364 1381 390 ἐκεῖνον
1411 363 1625 397 ἀποδυομένους.
1652 362 1762 396 Ἐπειδὴ

975 409 1065 443 τοίνυν
1098 409 1185 444 ἀγχοῦ
1218 410 1268 445 ἤδη
1289 410 1424 444 ἐγένοντο,
1441 411 1504 442 τοὺς
1520 409 1562 446 [Ρ.
1579 409 1624 445 95]
1660 409 1762 440 ἵππους

975 455 1162 487 ἐπελάσαντες
1179 457 1328 483 συνέπεσον
1352 458 1412 487 ταῖς
1447 457 1572 491 αἰχμαῖς.
1603 456 1690 490 Θωμᾶ
1712 455 1762 490 μὲν

980 499 1028 527 οὖν
1042 502 1059 536 ἡ
1076 501 1163 536 αίχμὴ
1175 501 1209 528 δι’
1225 502 1337 534 ἀσπίδος
1354 502 1469 528 ἐλθοῦσα
1484 502 1532 528 καὶ
1551 501 1676 535 θώρακος
1709 500 1760 526 αὒ-

975 546 1022 574 τοῦ
1039 547 1103 583 ἄχρι
1118 548 1166 575 καὶ
1179 549 1227 574 ἐπὶ
1238 549 1268 574 τὺ
1283 548 1370 583 δέρμα
1381 548 1546 580 διεξέπεσεν,
1562 549 1576 575 ὁ
1590 548 1612 574 δ’
1634 547 1762 582 Ἐγχέλυς

975 593 1009 620 δι’
1032 593 1144 626 ἀσπίδος
1170 593 1218 620 καὶ
1247 594 1329 626 αὐτὸς
1358 594 1388 620 τὸ
1414 595 1478 630 δόρυ
1503 594 1614 626 ἐλάσας,
1635 593 1698 619 ἔνθα
1713 593 1763 626 τῆς

977 639 1100 674 κεφαλῆς
1118 639 1353 674 ὑπερανίστασθαι
1374 640 1478 674 ταύτην
1510 640 1680 671 συνέὸαινεν,
1710 639 1762 664 ὐπ-

977 685 1142 720 ανασχόντος
1161 685 1212 720 ήδη
1225 685 1273 712 τοῦ
1289 685 1459 720 στρατιώτου
1476 685 1514 716 ὡς
1528 684 1562 711 τὰ
1586 684 1653 719 περὶ
1677 683 1762 716 αὐτὴν

977 731 1122 766 φράξαιτο,
1143 730 1243 766 κράνος
1269 739 1301 757 τε
1325 729 1392 758 αὑτὸ
1422 730 1565 765 διετύρησε
1586 729 1634 756 καὶ
1661 727 1763 762 σαρκὸς

977 775 1103 810 ἔψαυσεν.
1130 775 1209 802 Οὕτω
1235 784 1264 802 τε
1292 776 1416 811 ἀλλήλων
1441 774 1648 809 ἀπαλλαγέντες
1671 774 1685 800 ὁ
1713 772 1764 808 μὲν

979 822 1026 848 ἐπὶ
1045 822 1075 848 τὸ
1096 822 1239 856 Ῥωμαίων
1257 822 1380 858 ἐχώρησε
1396 822 1588 857 στρατόπεδον,
1611 821 1709 856 ἅτερος
1739 820 1762 846 δ’

979 869 1026 895 ἐπὶ
1042 868 1093 904 τὴν
1112 869 1190 895 πόλιν
1206 867 1283 904 ἦλθε.
1306 869 1438 904 Ῥωμαῖοι
1453 869 1481 895 δὲ
1494 868 1587 904 ἐπειδὴ
1610 867 1687 898 τέλος
1711 866 1762 901 ἠδη

978 915 1014 941 τὰ
1025 914 1080 941 τῶν
1097 915 1131 947 [Γ.
1149 914 1211 951 τῆς]
1232 916 1261 941 ἐν
1278 915 1371 950 σφίσιν
1382 915 1462 950 ἔσχεν
1477 915 1584 949 έορτῆς,
1613 913 1762 947 ταξάμενοι

979 961 1027 988 ἐπὶ
1038 961 1088 995 τὴν
1104 961 1182 988 πόλιν
1197 961 1329 996 ἐχώρουν.
1352 961 1395 993 Ὠς
1415 961 1443 988 δέ
1464 961 1550 987 πολλὰ
1577 961 1634 991 τοῖς
1663 967 1763 994 πετρο-

979 1007 1068 1038 ϐόλοις
1084 1007 1120 1034 τὰ
1133 1007 1213 1042 τείχη
1236 1007 1416 1041 μαστίξαντες
1441 1007 1586 1041 ἀνηνύτοις
1614 1005 1764 1040 ἐπιχειρεῖν

978 1053 1100 1086 ἔγνωσαν
1115 1053 1150 1090 (οἱ
1164 1053 1218 1089 γὰρ
1232 1054 1315 1081 πάλαι
1342 1053 1398 1089 (96)
1421 1053 1561 1089 ἅνθρωποι
1590 1051 1690 1087 πολλὴν
1717 1050 1764 1077 ἐπὶ

977 1101 1032 1127 τῶν
1045 1101 1132 1136 ἔργων
1147 1101 1306 1136 ποιούμενοι
1317 1101 1367 1136 τὴν
1383 1101 1542 1135 ἐπιμέλειαν
1566 1099 1634 1126 πολὺ
1663 1099 1764 1133 μᾶλλον

978 1147 1008 1178 ἐς
1021 1147 1069 1178 τὰς
1081 1146 1137 1174 τῶν
1152 1147 1267 1179 πόλεων,
1287 1146 1325 1179 ὡς
1341 1147 1372 1173 τὸ
1384 1146 1468 1179 είκδς,
1485 1145 1766 1180 πεφιλοτίμηνταιοί-

977 1193 1119 1228 κοδομὰς),
1137 1193 1231 1220 τούτου
1244 1193 1292 1227 μὲν
1307 1193 1468 1228 ἀπέσχοντο,
1487 1192 1656 1228 προσωτέρω
1676 1191 1704 1217 δέ
1718 1190 1765 1217 καὶ

978 1239 1033 1274 ὅσῳ
1046 1240 1158 1274 τειχέων
1171 1239 1374 1274 ὑπερίπτασθαι
1383 1239 1446 1270 τοὺς
1463 1238 1554 1270 λίθους
1569 1237 1765 1264 ἀποδισκεύον-

977 1294 1023 1317 τες
1042 1286 1091 1320 τῆς
1105 1285 1210 1317 πόλεως
1226 1286 1299 1317 ἐντὸς
1326 1286 1436 1313 πίπτειν
1464 1285 1587 1312 ἐποίουν.
1615 1285 1684 1312 Ἀλλ’
1705 1283 1765 1318 ἅμα

977 1340 1007 1359 τε
1027 1332 1141 1368 πρώτην
1151 1332 1271 1367 ἀφῆκαν,
1288 1332 1334 1359 καὶ
1345 1331 1458 1366 γύναιόν
1474 1340 1499 1358 τι
1530 1332 1582 1358 ἀνὰ
1613 1331 1662 1365 τὴν
1687 1330 1764 1357 πόλιν

979 1380 1075 1407 σοϐοὖν
1099 1380 1169 1407 κατὰ
1183 1379 1305 1415 κορυφὴν
1316 1379 1466 1414 δεξάμενον
1486 1379 1535 1413 τὴν
1551 1377 1632 1413 βολὴν
1657 1377 1707 1412 τήν
1734 1384 1765 1402 τε

978 1427 1102 1461 κεφαλὴν
1117 1425 1306 1461 διεσπαράχθη
1324 1426 1371 1452 καὶ
1391 1426 1483 1452 πᾶσαν
1513 1424 1602 1459 μελῶν
1623 1422 1763 1458 παρελύθη

977 1475 1027 1509 τὴν
1041 1474 1166 1501 δστωσιν.
1191 1473 1360 1509 Ὀλοφυρμὺς
1376 1470 1422 1500 οὖν
1445 1473 1566 1507 ἐγένετο,
1595 1472 1639 1499 καὶ
1671 1471 1765 1506 σχῆμα

137 1514 298 1549 praesidiarii
326 1514 425 1541 milites
451 1518 477 1541 et
505 1518 635 1548 quotquot
660 1514 807 1541 tuebantur
825 1518 922 1544 turres.

978 1521 1081 1552 πόλεως
1099 1521 1216 1556 ἀλούσης
1233 1521 1326 1555 ἐπεῖχε
1343 1519 1404 1546 τότε
1420 1519 1484 1550 τοὺς
1512 1519 1586 1545 ἔνδον
1613 1518 1673 1544 οὐδέ
1702 1518 1764 1544 ὅσον

141 1560 265 1588 celeriter
290 1560 316 1587 in
331 1560 477 1595 acropolim
511 1560 668 1596 ccttfugere,
695 1567 811 1593 moxque
851 1559 926 1594 plebs

138 1607 240 1640 apertis
256 1606 344 1640 portis
367 1605 504 1633 Romanas
517 1605 609 1640 cepias
625 1605 785 1632 introduxit.
801 1604 857 1632 Hae
874 1604 926 1631 ita-

139 1659 192 1685 que
221 1652 312 1686 potius
341 1651 421 1678 etiam
446 1651 513 1679 urbe
526 1651 624 1683 Ducas,
653 1651 770 1678 exercitu
802 1649 926 1677 bifariam

138 1697 235 1728 diviso.
251 1701 353 1732 partem
373 1696 452 1723 aliam
467 1704 525 1730 quae
538 1703 628 1724 arcem
642 1701 810 1731 oppugnaret
826 1696 927 1723 inurbe

140 1741 283 1773 continuit,
301 1741 379 1768 aliam
392 1741 482 1768 emisit
492 1741 524 1767 ad
536 1741 739 1776 depopulandos
749 1748 838 1775 agros.
858 1740 926 1767 Dum

139 1791 198 1819 btec
220 1791 255 1820 ibi
270 1795 410 1827 geruntur,
425 1792 497 1828 regio
511 1793 630 1827 quaedam
662 1790 760 1820 fertilis
779 1791 928 1826 incolisque

140 1846 259 1881 copi05a,
288 1838 366 1882 quam
394 1846 536 1874 ﬂalitzinm
574 1851 682 1878 vocant,
716 1854 776 1873 cum
804 1853 836 1873 ea
868 1837 948 1880 quae.

141 1891 292 1919 Brundusio
321 1897 469 1920 evenerant
496 1892 654 1924 revolveret,
678 1891 711 1918 ad
733 1891 926 1925 imperatorem

141 1937 249 1965 defecit.
275 1937 397 1965 llostinm
422 1937 457 1965 ibi
487 1938 590 1972 exigua;
619 1937 704 1973 copia:
733 1937 824 1972 (Celtae
837 1943 926 1964 autem

140 1987 228 2021 erant)
241 1986 353 2012 saltibus
365 1986 472 2018 abditae,
491 1990 516 2012 et
531 1985 564 2012 iis
575 1985 620 2019 qui
648 1984 831 2011 Romanorum
845 1992 928 2018 equos

143 2031 467 2065 pascebantinsidiantes,
482 2038 577 2058 somno
591 2031 685 2065 sopitis
699 2030 761 2061 illis.
778 2030 927 2064 equitatum

141 2083 248 2104 omnem
269 2077 329 2104 inde
361 2076 508 2103 abduxere.
527 2075 594 2103 illud
609 2076 688 2103 simul
707 2081 787 2110 atque
799 2083 928 2110 percepe-

143 2127 206 2149 runt
220 2121 345 2153 Romani,
361 2129 392 2149 ex
404 2122 437 2148 iis
450 2123 493 2156 qni
504 2122 700 2156 apabulatione
714 2122 926 2153 revertebantur,

142 2167 233 2193 hostes
250 2173 330 2200 quam
345 2165 472 2193 citissime
488 2166 612 2199 insecuti,
634 2171 660 2193 et
677 2174 760 2201 equos
782 2166 925 2199 recipiunt,

980 1566 1028 1593 ἐπὶ
1043 1566 1107 1592 θέαν
1130 1566 1180 1600 τῆς
1195 1566 1326 1601 δυστήνου
1355 1566 1463 1600 ἐκείνης
1486 1564 1631 1598 ἀνθρώπου
1661 1563 1764 1596 ἐξιέναι

981 1614 1162 1650 Θαρσοῢντας.
1178 1614 1221 1646 Ὣς
1237 1615 1265 1641 δὲ
1281 1615 1329 1640 καὶ
1344 1614 1475 1648 δευτέραν
1487 1612 1639 1648 ἐπέρριψαν
1655 1611 1702 1638 καὶ
1714 1611 1765 1646 ἢδη

982 1661 1081 1696 συχνὰς
1097 1661 1237 1688 ἐποιοῦντο
1259 1659 1449 1695 Ῥωμαϊοιτὰς
1465 1659 1555 1693 βολὰς,
1581 1657 1767 1690 ἐκπλαγέντες

980 1705 1090 1740 ὸδῆμος
1101 1705 1176 1731 λίθον
1200 1705 1268 1740 ὺπέρ
1293 1703 1417 1738 κεφαλῆς
1441 1703 1609 1738 ἐφαντάζετο
1638 1703 1764 1733 ἕκαστος,

981 1751 1061 1779 ἄλλον
1071 1751 1173 1785 τρόπον
1187 1750 1235 1777 καὶ
1247 1750 1295 1785 οὐχ
1309 1750 1394 1785 ὅνπερ
1412 1749 1437 1775 οἱ
1455 1749 1534 1784 μῦθοι
1552 1749 1615 1784 περὶ
1625 1747 1764 1774 Ταντάλου

982 1797 1076 1832 φασίν.
1098 1797 1180 1824 Ὅθεν
1194 1797 1241 1824 καὶ
1252 1796 1306 1824 τῶν
1328 1796 1447 1824 πολιτῶν
1479 1795 1683 1831 βουλευομένων
1714 1794 1765 1829 ἥδη

987 1843 1133 1878 Ῥωμαίοις
1149 1843 1252 1869 εἰσόδου
1268 1843 1443 1877 παραχωρεῖν
1455 1841 1617 1876 αἰσθόμενον
1628 1841 1657 1868 τὸ
1673 1844 1765 1874 ’στρα-

982 1888 1109 1915 τιωτιχὺν
1125 1889 1173 1915 καὶ
1187 1889 1249 1915 ὅσον
1268 1888 1313 1914 ἐπὶ
1329 1888 1383 1914 τῶν
1415 1888 1527 1923 πύργων
1551 1886 1674 1922 φυλακὴν
1699 1885 1766 1920 εἶχε,

982 1935 1074 1970 δρόμῳ
1089 1933 1178 1968 πολλῷ
1195 1934 1240 1960 ἐπὶ
1253 1934 1301 1968 τὴν
1317 1933 1466 1968 ἀκρόπολιν
1486 1932 1650 1968 ἀνεχώρουν.
1674 1931 1710 1958 Αἵ
1736 1939 1767 1956 τε

983 1980 1067 2007 πύλαι
1095 1981 1163 2016 πρὸς
1174 1980 1220 2007 τοῦ
1233 1980 1319 2016 δήμου
1336 1980 1524 2007 ἁνακλιθείσαι
1539 1979 1584 2006 τὸν
1616 1979 1767 2014 Ῥωμαίων

983 2026 1142 2058 είσωδίοιζον
1175 2026 1302 2062 στρατόν.
1331 2026 1441 2061 Ἐπειδὴ
1469 2025 1535 2060 γοῦν
1559 2025 1607 2052 καὶ
1631 2025 1733 2059 ταύτην
1754 2024 1769 2050 δ

982 2073 1088 2104 Δούκας
1100 2071 1173 2107 ἔσχε,
1192 2072 1254 2107 διχῆ
1269 2071 1300 2098 τὸ
1316 2073 1472 2107 στράτευμα
1489 2071 1595 2104 διελὼν,
1611 2070 1625 2097 ὅ
1641 2071 1690 2106 μὲν
1718 2069 1768 2096 αὒ-

981 2117 1029 2144 τοῦ
1044 2126 1095 2144 που
1107 2119 1182 2153 παρὰ
1195 2118 1242 2152 τὴν
1255 2118 1333 2144 πόλιν
1346 2119 1455 2153 κατεῖχε
1467 2119 1523 2149 τοῖς
1537 2118 1581 2144 ἐπ’
1594 2116 1769 2152 ἀκροπόλεως

986 2165 1166 2199 μαχούμενον,
1202 2164 1233 2190 τὺ
1256 2164 1278 2191 δ’
1306 2164 1370 2191 ἄλλο
1402 2165 1432 2196 ἐς
1469 2165 1612 2199 προνομὰς
1648 2161 1766 2197 ἔπεμψε.

141 2218 166 2237 et
177 2211 291 2238 hostium
302 2211 443 2246 plerosque
452 2211 654 2247 vivoscapiunt,
677 2218 756 2246 atque
770 2212 797 2238 in
809 2211 851 2238 Itis
868 2211 926 2238 illn-

984 2210 1079 2236 Ταῦτα
1094 2210 1143 2245 μὲν
1161 2210 1209 2236 οὖν
1222 2210 1285 2245 τῇδε
1301 2210 1454 2246 ἐπράσσετο
1469 2219 1476 2225 ·
1493 2210 1570 2245 χώρα
1583 2209 1612 2235 δέ
1625 2217 1667 2240 τις
1685 2207 1769 2234 πολυ-

141 2262 223 2282 strem
241 2257 356 2284 maxime
367 2258 435 2284 inter
446 2258 528 2285 ltalos
541 2258 639 2289 virum,
654 2259 761 2284 nomine
771 2257 926 2293 Sycberem.

982 2255 1182 2291 ανθρωποτάτη
1210 2256 1256 2282 καὶ
1293 2255 1417 2290 εὔγεως,
1448 2257 1480 2292 ἥν
1514 2255 1644 2282 καλοῦσιν
1679 2255 1769 2281 ’Λλίτ-

143 2301 221 2337 162
236 2300 287 2328 Sed
306 2304 327 2328 is
339 2302 493 2337 priusquam
505 2303 564 2336 quis
574 2308 644 2330 esset
662 2308 865 2338 agnosceretur,
877 2311 926 2329 ttu-

983 2302 1040 2335 ζιον
1049 2303 1116 2338 (97),
1133 2303 1167 2329 τὰ
1184 2303 1230 2329 ἐπὶ
1249 2303 1404 2338 Βρεντεσίῳ
1421 2302 1642 2337 συμπεπτωκότα
1657 2301 1770 2334 λογισα-

143 2355 244 2375 merata
254 2347 314 2374 illia
330 2355 384 2383 quo
399 2353 492 2382 captus
507 2348 594 2375 fuerat
605 2349 716 2383 pecunia
728 2356 787 2376 sese
803 2348 926 2377 redemit.

985 2347 1051 2382 μένη
1069 2347 1107 2381 τῷ
1125 2347 1230 2382 βασιλεῖ
1245 2346 1451 2382 προσεχώρησε.
1467 2347 1607 2381 Πολεμίων
1624 2346 1652 2372 δὲ
1678 2345 1769 2379 ὀλίγος

143 2394 259 2429 στρατὸς
288 2394 334 2420 ἐπὶ
351 2395 454 2430 λῦχμης
485 2395 557 2426 τινὸς
583 2397 638 2427 τοῖς
660 2396 709 2431 τὴν
748 2395 894 2430 Ῥωμαίων
921 2394 1047 2430 νέμουσιν
1077 2394 1271 2428 ἐλλοχήσαντες
1305 2395 1387 2421 ῐππον
1400 2394 1509 2430 (Κελτοὶ
1525 2395 1554 2421 δὲ
1567 2392 1659 2430 ἦσαν),
1694 2394 1769 2420 ἐπει-

141 2440 228 2475 δήπερ
241 2440 281 2471 είς
295 2439 377 2466 ὕπνον
388 2440 487 2471 αὐτοὺς
518 2440 676 2474 ἐνεχθέντας
693 2439 772 2473 εἶδον,
792 2440 841 2476 τὴν
874 2440 959 2466 ἵππον
979 2439 1084 2466 ἐκεϊοεν
1106 2440 1230 2474 ἤλασαν·
1256 2440 1325 2474 ὅπερ
1349 2440 1516 2472 ἀκούσαντες
1545 2441 1674 2475 Ῥωμαῖοι
1699 2440 1768 2475 πρὸς

141 2487 197 2513 τῶν
208 2487 240 2512 ἐκ
256 2486 305 2521 τῆς
322 2487 514 2522 χορταγωγίας
531 2486 697 2513 ἐπανιόντων
722 2488 815 2520 αὐτοῖς
831 2487 975 2521 ἀγγελθὲν,
990 2487 1058 2520 ταχὺ
1091 2486 1236 2518 διώξαντες
1252 2487 1302 2521 τήν
1331 2495 1360 2512 τε
1395 2487 1478 2513 ἵππον
1507 2486 1645 2513 ἀνείλοντο
1677 2487 1768 2512 πᾶσαν

141 2533 189 2559 καὶ
202 2532 257 2559 τῶν
272 2532 409 2567 πολεμίων
424 2532 486 2563 τοὺς
504 2533 649 2565 πλείστους
670 2534 864 2570 ζωγρήσαντες
894 2532 975 2561 εἷλον.
997 2533 1063 2560 Ὀτε
1079 2533 1110 2568 δὴ
1140 2533 1187 2560 καὶ
1212 2533 1298 2563 ἄνδρα
1327 2533 1382 2559 τῶν
1404 2533 1522 2568 μάλιστα
1555 2533 1583 2558 ἐν
1600 2531 1767 2563 Ἰταλιώταις

142 2580 390 2616 δοκίμωνΣυχὲρην
401 2578 486 2614 ὄνομα
501 2580 602 2607 ἁλῶναι
615 2581 773 2616 τετύχηκεν.
795 2581 865 2608 Ἀλλ’
874 2581 951 2608 οὔπω
963 2579 1122 2615 καταφανὴς
1134 2580 1208 2612 ὅστις
1223 2580 1268 2614 εἴη
1283 2579 1403 2614 γεγονὼς
1413 2579 1525 2615 χρυσίου
1538 2579 1610 2606 δόσει
1623 2578 1668 2605 τὸν
1681 2587 1768 2605 κατα-

143 2627 241 2663 σχόντα
254 2625 378 2653 ὗπελθὼν
393 2625 488 2651 ἑαυτὸν
504 2626 594 2653 ἔλυσε.

799 2674 847 2704 Dn
868 2673 978 2713 Cangii
996 2676 1090 2704 notat.

178 2722 250 2759 (96)“
261 2723 484 2759 Olqﬁnnaﬁlm.
499 2724 583 2751 Vetus
597 2729 692 2751 auctor
711 2731 872 2759 anonytnus,
891 2724 928 2750 De
981 2724 1046 2750 rium
1059 2723 1238 2759 conferebant.

141 2765 171 2785 re
195 2757 305 2784 militari
329 2766 336 2784 ε
358 2757 478 2786 Rectorex
504 2760 647 2793 superioris
670 2760 729 2786 υἱιω
757 2757 808 2786 non
836 2759 926 2786 otiosis
1017 2759 1075 2820 $97)
1102 2758 1251 2788 Ἀλίτᾷον.
1279 2757 1397 2793 Elystum
1421 2757 1500 2789 forte,
1520 2758 1571 2785 etsi
1600 2759 1626 2786 in
1655 2759 1689 2787 iis
1710 2760 1766 2790 oris

143 2791 246 2820 opibus.
270 2793 314 2819 sed
338 2793 478 2820 condendis
495 2795 582 2820 potius
602 2795 730 2820 manibus
754 2794 924 2820 thatantur.
981 2801 1016 2820 nu
1029 2794 1070 2820 lus
1089 2794 1152 2820 mihi
1167 2793 1280 2820 huiusce
1289 2792 1479 2820 appellationis
1490 2793 1609 2820 occurrit
1625 2794 1711 2820 locus.

143 2791 246 2826 opibus,
270 2793 314 2819 uti
338 2793 478 2820 condendis
495 2791 582 2827 potius
602 2795 730 2821 manibus
754 2794 924 2825 (Mutantur,
981 2791 1070 2821 nullus
1089 2794 1152 2821 mihi
1167 2793 1280 2828 hujusce
1289 2791 1479 2828 appellationis
1490 2793 1609 2821 occurrit
1625 2794 1711 2823 locus.

142 2828 169 2854 in
181 2835 291 2861 quorum
308 2827 424 2855 decorent
437 2829 584 2856 universam
605 2830 664 2857 auri
680 2830 830 2860 amentique
842 2834 925 2856 male-
