1946 3083
115 155 167 186 501

150 211 194 247 [Ρ.
216 209 264 245 9-H
287 205 438 243 Ῥωμαίους
452 204 480 232 δὲ
492 204 570 239 φήμη
589 210 630 233 τις
656 201 790 235 περιέπεη
808 199 846 228 ὡς
870 196 915 223 Γι-

112 245 226 292 λίεήλμος
241 255 348 282 ἔπεισιν
363 253 446 288 ὀλίγῳ
460 252 575 286 ’ὕστερον
591 249 722 284 δυνάμεις
734 245 907 280 ἐπαγόμενος

115 302 231 338 βαρείας
246 299 431 336 magistras;
441 306 470 325 τε
486 297 534 324 καὶ
550 295 694 326 ναυτικάς.
713 292 796 320 Ὅθεν
818 291 864 318 καὶ
876 290 908 316 ἑκ

115 337 173 374 τῶν
186 347 302 374 ὲνόντων
318 343 554 378 συσκευασάμενοι
571 341 658 378 ἡσυχῆ
689 340 794 376 ἔμενον.
826 337 910 364 Olim»

116 394 146 421 δὲ
160 394 274 428 πέμπτη
286 393 346 428 μετ’
365 391 474 426 ἐκείνην
489 390 580 426 ήμέρα
610 387 779 423 ἐφειστήκει,
804 385 850 412 καί
870 393 910 416 τις

118 441 152 466 ὲχ
166 439 215 467 τοῦ
228 439 284 466 τῶν
295 438 434 474 πολεμίων
449 437 641 472 αὐτομολήσας
661 433 779 470 στρατοῦ
810 431 912 459 Γιλίελ-

123 494 174 521 μον
190 485 276 520 ἐγγὺς
286 485 415 520 παρεῖναι
430 484 534 519 ἐμήνυε
556 481 709 517 Ῥωμαίους
720 480 757 511 ὡς
770 479 799 506 ὲν
813 479 913 513 ἄρκυσι

123 533 343 568 συλληψόμενον.
375 532 470 559 Ταῦτα
497 531 522 557 οἱ
569 528 715 563 Ῥωμαίων
747 526 915 556 ἀκούσαντες

121 578 275 613 στρατηγοὶ
290 577 336 604 τὸν
355 576 474 611 πόλεμον
491 576 540 611 ἥδη
556 574 716 609 διέγραφον.
739 572 843 598 Ἐδόκει
857 571 916 597 τοί-

124 633 173 651 νυν
190 623 345 650 Βασαὸίλαν
362 622 412 658 μὲν
436 622 485 649 καὶ
514 622 640 656 Ἰωάννην
665 619 710 646 τὸν
727 617 861 652 Ἀγγελον
885 615 916 642 τδ

126 670 325 706 μισθοφορικὸν
339 670 413 697 ἅπαν
433 669 543 705 ἔχοντας
561 667 609 694 καὶ
625 666 687 699 τοὺς
711 666 768 692 ὅσοι
786 664 815 698 ἐξ
850 664 918 690 Ἰτα-

127 716 189 747 λίας
204 715 244 751 τῷ
260 715 366 750 βασιλεῖ
380 714 606 750 προσεχώρησαν,
628 713 673 740 τὸν
686 713 718 740 ἐκ
733 712 785 747 τῆς
801 710 918 746 ἠπείρου

127 761 313 795 ἀναδέξασθαι
327 761 419 794 πόνον,
433 761 479 788 τόν
497 769 529 794 γε
547 760 600 796 μὴν
617 759 723 786 Δοὺκαν
746 759 802 790 τοῖς
820 758 852 784 ὲκ
871 757 920 784 θα-

129 808 236 843 λάσσης
251 807 465 841 διαγωνιεῖσθαι.
482 806 561 833 Οὕτω
576 807 630 841 γὰρ
651 807 770 840 ἔφασκον
795 804 921 839 ἀλλήλοις

131 855 249 890 ἀμύνειν
265 855 353 882 ίκανοὶ
367 854 488 881 ἔσεσθαι.
506 854 611 880 Ἔωθεν
634 851 681 880 οὖν
705 854 719 879 ὁ
748 852 797 888 μὲν
818 851 922 882 Δούκας

131 900 184 927 σὺν
199 902 257 932 τοῖς
273 900 480 936 καταφράκτοις
496 900 550 926 τῶν
563 899 627 935 περὶ
644 899 726 926 αὑτὸν
741 898 845 925 ἱππέων
874 896 924 932 βά-

131 947 182 981 δην
211 948 258 974 ἐπὶ
280 949 331 982 τῆς
350 947 436 982 ἀκτῆς
466 947 622 982 ἐπορεύετο,
648 946 694 973 ἐπὶ
717 945 819 981 θάτερα
835 953 926 979 παρα-

134 992 274 1024 πλεούσας
288 994 336 1024 τὰς
350 992 416 1024 ναῦς
435 992 516 1028 ἔχων,
535 993 560 1018 οἱ
584 992 607 1018 δ’
626 991 702 1019 ἄλλοι
729 991 798 1027 πρὸς
817 990 867 1026 τὴν
895 991 927 1016 ἐκ

136 1038 189 1073 τῆς
202 1038 318 1073 ἠπείρου
333 1039 545 1073 ἑτοιμασάμενοι
561 1039 651 1073 μάχην
665 1038 736 1064 κατὰ
752 1037 842 1070 τάξεις
857 1035 928 1071 ἐχώ-

142 1092 219 1119 ρουν.
235 1084 268 1111 Λί
284 1084 312 1111 δὲ
327 1084 382 1111 τῶν
399 1084 547 1111 Σικελικῶν
572 1085 647 1119 νῆες,
670 1083 821 1118 ἐπειδήπερ
843 1081 928 1116 ἀγχοῦ

139 1130 191 1165 τῆς
204 1131 306 1161 πόλεως
323 1130 373 1166 ἠδη
385 1131 518 1164 ἐγένοντο,
530 1131 580 1157 οὐκ
595 1130 704 1166 ἔχουσαι
716 1130 811 1164 ἀθρόαι
838 1130 876 1163 τῷ
892 1129 930 1154 λι-

144 1176 205 1211 μένι
222 1177 361 1203 εἰσπεσεῖν
377 1177 490 1213 (ἱκανῶς
498 1177 553 1212 γὰρ
569 1177 654 1203 ἔνδοθι
676 1176 854 1211 εὐρυνόμενος
871 1173 932 1202 εἶτα

142 1222 184 1253 εἰς
196 1221 289 1248 στενὸν
303 1222 394 1257 ἠρέμα
406 1222 529 1257 τελευτᾷ)
544 1221 613 1248 κατὰ
625 1222 741 1252 δεκάδας
752 1221 931 1256 διαιρεθεῖσαι

142 1268 275 1304 εἰσῄεσαν
290 1269 322 1295 ὲκ
337 1268 476 1303 διαδοχῆς,
491 1268 557 1295 Ὅτε
572 1268 604 1302 δὴ
617 1267 727 1301 λέγεται
743 1267 780 1299 ὡς
800 1269 813 1293 ὁ
828 1267 932 1298 Δούκας

146 1314 217 1350 πρὸς
237 1314 269 1340 τδ
284 1314 386 1350 πλῆθος
417 1315 609 1342 ἀποδειλιᾶσαν
631 1315 662 1341 τὸ
693 1313 838 1349 Ῥωμαίων
863 1313 935 1350 ὀρῶν

146 1358 276 1387 ναυτικόν
288 1360 336 1386 ἄτε
355 1361 453 1396 κομιδῇ
478 1360 567 1394 ὀλίγον
588 1361 617 1388 ὃν
630 1362 772 1395 (τέσσαρες
794 1359 848 1395 γὰρ
868 1359 935 1395 πρὸς

145 1408 207 1436 ταῖς
232 1405 299 1433 δέκα
318 1407 346 1433 αἱ
375 1407 461 1433 πᾶσαι
491 1407 553 1442 νῆες
580 1405 649 1442 ἦσαν
673 1407 758 1442 αὐτῷ)
773 1407 861 1433 τοιάδε
875 1406 937 1433 τινὰ

144 1451 249 1477 ἐνενόει
262 1459 269 1466 ·
286 1452 404 1487 γράμμα
416 1453 454 1484 ὡς
477 1454 508 1480 ὲκ
524 1453 656 1488 βασιλέως
671 1453 750 1488 δῆθεν
775 1453 838 1487 ἄρτι
865 1461 937 1487 πεμ-

150 1498 219 1532 φθὲν
231 1498 346 1534 ἑχείριζε
360 1499 463 1531 τούτοις
477 1500 637 1534 ἐξενεγκὼν,
651 1500 760 1535 Ἐδήλου
770 1499 798 1527 δὲ
810 1499 838 1525 τὸ
850 1499 939 1535 γράμ-

153 1553 191 1579 μα
209 1545 341 1580 δυνάμεις
354 1546 386 1572 ἐκ
402 1547 452 1580 γῆς
466 1547 513 1573 καὶ
530 1546 666 1581 θαλάττης
682 1546 752 1581 ἀμφὶ
769 1546 855 1581 μέσην
867 1545 937 1581 ἡμέ-

153 1598 204 1625 ραν
220 1590 312 1622 αὐτοῖς
338 1590 425 1626 ἥξειν.
438 1590 498 1618 Τῶν
514 1591 543 1618 δὲ
560 1591 734 1627 ἐπαρθέντων
744 1591 794 1626 ἤδη
808 1591 876 1625 πρδς
891 1592 939 1626 τὴν

153 1635 251 1662 ἐλπίδα
283 1645 294 1662 ‹
318 1636 388 1663 Ἀλλ’
421 1636 556 1672 ηὐχόμην,
586 1636 651 1672 ἔφη,
683 1633 705 1663 ὦ
728 1637 940 1670 συστρατιῶται,

154 1682 312 1716 φθάσαντας
333 1683 516 1719 ἁρπάσαιτὴν
530 1683 608 1719 νίκην
633 1684 717 1719 ἡμᾶς,
731 1683 769 1714 ὡς
789 1683 826 1718 μὴ
866 1683 942 1709 αὐτοὶ

155 1729 211 1755 τῶν
224 1731 263 1760 εἰς
279 1729 358 1764 δεῦρο
371 1729 504 1765 καμάτων
523 1731 554 1756 τὸ
568 1722 649 1764 pcipe;
673 1729 855 1762 βαστάσαντες
885 1727 944 1755 εἶτα

155 1775 212 1801 τῶν
238 1775 270 1801 ὲκ
293 1776 343 1811 τῆς
376 1776 454 1810 νίκης
479 1775 591 1810 ἀγαθῶν
610 1776 657 1802 καὶ
678 1777 734 1807 τοῖς
747 1775 796 1809 ὀψὲ
814 1775 882 1810 πρὸς
899 1775 945 1801 τὶν

157 1818 253 1852 ἀγῶνα
275 1819 459 1846 διαπαντῶσιν
486 1820 673 1846 ἐπικοινωνεῖν
699 1816 806 1854 ἕξομεν.
822 1828 831 1844 ι
862 1818 945 1845 Ταῦτ’

158 1866 429 1901 ειπὼνὸστρατηγὺς
448 1865 542 1901 ἐπειδὴ
573 1866 624 1898 τὰς
642 1866 696 1892 τῶν
715 1865 854 1900 πολεμίων
881 1864 946 1896 ναῦς

159 1911 237 1938 ἔνδον
252 1911 303 1947 ἤδη
320 1912 366 1938 τοῦ
379 1911 489 1946 λιμένος
501 1912 692 1947 γεγενημένας
706 1910 785 1943 εἶδεν,
800 1911 882 1946 ἔργον
893 1910 948 1937 λοι-

161 1956 214 1983 πδν
234 1956 360 1982 ἐκέλευεν
376 1955 519 1983 ἅπτεσθαι.
541 1956 594 1983 Καὶ
611 1956 642 1991 δὴ
655 1957 808 1991 ναυμαχίας
834 1956 948 1991 γενομέ-

162 2011 213 2037 νης
235 2003 342 2029 Σικελοὶ
357 2002 426 2038 πρὸς
445 2002 494 2034 τὰς
519 2003 572 2030 ἀπὸ
586 2003 637 2037 γῆς
659 2002 706 2029 καὶ
733 2002 870 2035 θαλάσσης
895 2002 950 2029 τῶν

167 2048 315 2083 Ῥωμαίων
333 2048 383 2075 οὐκ
394 2048 554 2083 ἐνεγκόντες
565 2048 657 2083 βολὰς,
670 2047 866 2082 ἀμφοτέρωθεν
891 2048 951 2074 επι-

163 2094 355 2129 τοξαζομένων
369 2094 471 2126 αὐτῶν,
488 2093 615 2129 πρύμναν
627 2094 801 2130 ὲκρούσαντο.
823 2092 952 2128 Ῥωμαῖοι

167 2140 196 2167 δὲ
217 2140 304 2167 ὀπίσω
321 2140 467 2174 διώξαντες
485 2140 599 2171 πολλοὺς
617 2139 707 2166 αὐτῶν
730 2139 863 2171 ἔκτειναν,
890 2138 953 2164 τέτ-

169 2195 258 2221 ταρας
272 2187 301 2213 δὲ
320 2187 367 2213 xui.
380 2185 548 2220 αὐτάνδρους
559 2184 630 2212 εἷλον
645 2186 678 2220 τῇ
704 2185 795 2220 χέρσῳ
820 2183 956 2219 ἐνσχεθεί-

169 2242 230 2265 σας.
248 2234 364 2268 Ἔτυχον
379 2233 433 2268 γὰρ
444 2232 661 2268 προπετέστερον
679 2231 694 2267 ἢ
709 2231 793 2267 ἐχρῆν
807 2231 856 2265 τῆς
883 2231 955 2266 εἰρε-

170 2279 232 2310 σίας
247 2278 394 2313 γενομένης
404 2278 451 2304 ἐπὶ
464 2278 514 2312 τῆς
534 2277 620 2311 ἀκτῆς
635 2276 738 2310 ίζῆσαι,
755 2274 864 2312 στρατῷ
877 2276 957 2310 ἠπει-

171 2323 247 2360 ρώτῃ
258 2323 369 2358 θήραμα
383 2322 565 2357 ἑτοιμότατον.
587 2321 630 2347 Ἐν
641 2319 728 2354 τούτῳ
737 2319 777 2354 τῷ
791 2319 865 2354 πόνῳ
878 2318 958 2345 πλέον

170 2369 321 2406 ἢδισχίλιοι
330 2369 385 2396 τῶν
398 2369 534 2403 πολεμίων
547 2368 653 2398 ἔπεσον,
664 2365 807 2400 Ῥωμαίων
816 2365 843 2392 δὲ
852 2364 959 2395 πολλοῖς

176 2417 226 2452 μὲν
240 2415 287 2442 καὶ
296 2415 386 2446 ἄλλοις
395 2414 554 2450 ἀριστεῦσαι
563 2413 680 2447 ἐγένετο,
691 2411 809 2446 μάλιστα
816 2410 844 2437 δὲ
851 2410 960 2437 πάντων

175 2463 247 2498 ἀνὴρ
257 2461 363 2497 ἐγένετο
370 2461 471 2495 ἀγαθὸς
480 2459 533 2486 τῶν
539 2467 580 2490 τις
590 2459 638 2485 σὺν
645 2457 683 2492 τῷ
691 2458 781 2492 Δούκᾳ
789 2455 961 2490 ταττομένων

176 2509 320 2544 ἐπίκλησιν
331 2505 616 2542 Σκαραμαγκᾶς.Τῶν
632 2505 686 2539 γὰρ
702 2502 839 2538 πολεμίων
852 2501 962 2536 φεύγειν

177 2557 228 2593 ἠδη
238 2555 469 2588 ἐπιϐαλλομένων,
477 2553 557 2583 αὐτὸς
563 2551 698 2582 ἐπελάσας
706 2550 751 2576 τὸν
759 2550 842 2576 ἵππον
848 2546 964 2582 πρυμνό-

178 2603 225 2630 θεν
242 2601 340 2638 [P.95]
350 2600 460 2627 ἐλάϐετο
474 2599 538 2633 μιᾶς
552 2596 683 2624 θέλουσάν
694 2604 723 2622 τε
735 2593 861 2628 ἀπαίρειν
873 2593 965 2626 ἐπεῖχε

181 2648 230 2674 σὺν
243 2636 303 2681 bis},
321 2636 527 2680 ἔργον-ἑκείνου
540 2639 708 2675 Κυνεγείρου
726 2638 756 2664 τὺ
781 2636 966 2670 πολυλέιλητον

169 2692 195 2718 νὸ
221 2680 353 2725 γεννάδας
382 2688 506 2722 πληρῶν.
544 2686 627 2712 Ἀλλὰ
663 2683 770 2719 πληγῆς
802 2680 968 2716 ἑγκοπεισης

183 2737 259 2774 οιὐῲ
271 2737 339 2773 πρὸς
348 2735 404 2762 τῶν
417 2735 502 2766 ἔνδον,
515 2733 651 2768 ἀπέσχετο
674 2731 722 2766 μὲν
755 2728 799 2755 ὑπ’
833 2727 967 2761 ἀνάγκης,

182 2785 229 2812 τὸν
242 2772 271 2810 δὲ
291 2784 341 2818 τῆς
355 2781 448 2817 φυγῆς
465 2781 540 2815 ὅμως
555 2777 759 2812 ὑποτεμόμενος
781 2774 877 2810 χρόνον
901 2772 969 2808 πρὸς

183 2832 239 2858 τῶν
269 2830 356 2858 ἄλλων
387 2827 532 2863 Ῥωμαίων
563 2823 769 2860 ἐπιδραμόντων
790 2821 841 2857 ἤδη
868 2819 970 2847 ἁλῶναι

186 2878 290 2912 ταύτην
309 2876 432 2912 ἐποίησε.
460 2874 552 2902 Ταῦτα
589 2870 803 2907 κατωρθωκότες
839 2867 970 2902 Ῥωμαῖοι

719 145 743 174 ll
751 139 958 173 ΙΒῚῸΒΙΛΒΠ
964 138 990 168 Μ
1013 137 1086 167 LIB.
1107 136 1157 165 IV.

1703 127 1762 160 [02'

928 193 954 225 Α
1006 192 1050 219 ll.
1071 190 1129 218 Non
1155 188 1240 216 multo
1263 188 1404 222 interiecto
1430 192 1551 222 tempere
1570 186 1603 213 ad
1621 186 1758 212 Rottlanos

960 239 1030 266 fama
1047 236 1158 272 pertulit
1171 234 1337 263 Gulielmum
1356 243 1416 262 cum
1438 233 1594 269 ingentibus
1612 237 1684 258 terra
1701 238 1759 256 ma-

959 286 1037 321 rique
1070 283 1156 318 copiis
1186 282 1342 309 adventare.
1375 280 1558 314 Quamobrem
1592 277 1700 306 cunctis
1728 276 1761 303 ad

961 331 1062 360 bellum
1085 329 1186 366 paratis
1205 328 1288 363 quieti
1311 332 1423 356 stetere.
1439 325 1489 354 Vix
1507 325 1622 361 quintus
1643 324 1706 351 inde
1721 321 1762 348 cf-

962 377 1077 405 ﬂuxerat
1099 376 1170 407 dies.
1198 381 1259 402 cum
1284 374 1319 401 ab
1345 373 1436 400 hostili
1462 372 1585 400 exercitu
1614 368 1763 397 adveniens

964 423 1104 458 transfuga
1121 429 1203 457 prope
1215 428 1276 448 esse
1290 419 1452 448 Gulielmum
1465 418 1611 454 nuntiavit,
1624 416 1763 443 Romanas

964 477 1060 498 omnes
1084 468 1165 496 veluti
1194 467 1265 495 inter
1287 466 1354 494 retia
1377 464 1581 492 conclusurum.
1599 462 1646 490 llis
1661 459 1762 489 auditis

965 517 1152 545 Romanorum
1167 514 1252 542 duces
1270 513 1307 540 ita
1331 511 1494 540 ordinavere
1509 509 1605 540 aciem,
1622 513 1651 535 ut
1667 508 1765 533 Bassa‘

966 564 1030 592 villa
1047 568 1073 591 et
1089 563 1207 591 Joarmes
1231 559 1349 595 Angelus
1373 565 1434 586 cum
1460 553 1648 591 Stipendiariis
1665 552 1763 587 copiis,

968 615 1051 646 atque
1076 609 1110 637 iis
1135 615 1195 643 qua:
1214 615 1246 635 ex
1265 605 1342 634 Italia
1365 611 1426 632 sese
1447 602 1630 636 adiunxerant
1650 599 1765 633 impera-

970 658 1033 690 tori,
1060 661 1132 684 terra
1157 654 1220 681 belli
1248 653 1347 680 molem
1368 650 1563 679 sustinerent:
1584 647 1674 674 Ducas
1699 650 1765 671 vero

970 700 1116 730 maritimis
1129 699 1246 727 hostium
1266 696 1353 731 copiis
1376 703 1436 724 sese
1456 696 1616 728 opponeret.
1632 690 1678 718 Sic
1692 689 1764 717 enim

971 747 1080 775 aiebant
1103 744 1160 772 fore
1185 747 1212 770 ut
1236 743 1286 770 sibi
1304 741 1425 768 vicissim
1444 738 1651 766 auxiliarentur.
1673 734 1767 768 Itaque

972 794 1057 829 prima
1072 792 1132 819 luce
1151 791 1240 817 Ducas
1260 795 1320 816 cum
1341 786 1525 820 cataphractis
1541 782 1676 818 equitibus
1693 780 1768 808 lento

974 826 1008 867 ad
1025 839 1100 866 littus
1116 837 1199 873 gradu
1220 833 1416 870 proficiscitur,
1432 832 1466 858 ab
1490 830 1574 857 altera
1589 831 1664 863 parte
1684 826 1770 853 adna-

976 886 1086 921 vigante
1107 883 1195 911 classe
1212 889 1219 908 :
1241 880 1332 908 caeteri
1356 885 1419 906 vero
1438 877 1471 904 ad
1498 879 1628 903 terrestre
1646 872 1768 908 praelium

976 931 1076 968 parati,
1091 930 1215 957 ordinata
1239 927 1298 954 acie
1322 925 1480 960 proceltant.
1499 923 1534 950 At
1553 921 1652 949 Sicula:
1675 924 1769 949 naves.

977 963 1122 1013 postquam
1138 974 1198 1001 urbi
1209 971 1472 1008 appropinquarunt,
1485 975 1545 996 cum
1559 970 1665 1001 portum
1679 963 1771 992 subire

979 1021 1121 1050 confertim
1138 1027 1190 1046 non
1208 1007 1318 1052 possent
1332 1016 1405 1051 (nam
1431 1015 1458 1040 in
1479 1012 1567 1039 medio
1582 1009 1688 1044 amplus
1703 1007 1771 1035 satis

979 1067 1082 1095 sensim
1098 1065 1124 1092 in
1137 1064 1239 1091 exitum
1252 1060 1437 1095 angustiorem
1455 1056 1564 1091 desinit)
1578 1055 1671 1084 decem
1689 1051 1772 1081 simul

980 1122 1029 1148 per
1044 1113 1116 1140 vices
1136 1109 1230 1138 divisis
1246 1107 1387 1136 ordinibus
1405 1104 1603 1140 ingrediuntur.
1621 1102 1690 1128 Tum
1706 1106 1773 1126 vero

983 1159 1084 1186 Ducam
1110 1157 1197 1187 aiunt,
1215 1162 1275 1181 cum
1303 1153 1410 1180 navium
1437 1150 1573 1178 hostilium
1600 1145 1773 1175 multitudine

983 1204 1143 1233 exterritam
1157 1202 1271 1230 classem
1290 1200 1439 1226 Romanam
1456 1196 1570 1226 videret,
1595 1195 1688 1227 utpote
1712 1191 1774 1218 exi-

984 1259 1064 1287 guam
1082 1249 1226 1277 admodum
1246 1246 1301 1278 (vix
1320 1244 1391 1272 enim
1407 1246 1525 1278 quatuor
1540 1239 1577 1267 illi
1597 1245 1676 1272 supra
1694 1235 1775 1272 163

987 1300 1080 1327 decem
1096 1303 1177 1323 naves
1188 1293 1276 1328 erant)
1296 1291 1359 1319 talia
1374 1289 1552 1323 excogitasse.
1569 1285 1687 1312 Litteras
1702 1282 1780 1309 velut‘

987 1345 1022 1372 ab
1048 1344 1213 1377 imperatore
1237 1339 1336 1366 missas
1362 1335 1493 1363 militibus
1513 1331 1651 1362 ostendit,
1676 1327 1782 1363 quibus

988 1391 1033 1420 ille
1055 1374 1126 1418 terra
1148 1386 1271 1421 marique
1298 1384 1371 1411 circa
1399 1379 1515 1409 medium
1538 1377 1611 1406 diem
1633 1374 1776 1404 adfuturas

990 1438 1081 1472 copias
1102 1430 1252 1462 nuntiabat.
1272 1431 1328 1464 Qua
1351 1436 1398 1464 spe
1419 1426 1518 1455 erectis
1540 1425 1573 1452 iis
1590 1432 1598 1451 :
1616 1431 1626 1449 ι
1645 1421 1699 1449 Sed
1715 1427 1777 1451 nos,

990 1465 1088 1518 inquit,
1104 1481 1203 1516 potius,
1222 1476 1430 1506 commilitones,
1445 1471 1588 1500 victoriam
1614 1467 1693 1496 nobis
1711 1465 1786 1501 ipsis

992 1533 1161 1563 expetamus.
1181 1533 1214 1552 ne
1237 1531 1298 1551 cum
1316 1527 1398 1549 totam
1413 1520 1536 1547 laborum
1552 1515 1649 1543 molem
1664 1513 1692 1541 in
1709 1519 1779 1547 prae-

993 1575 1080 1604 sentia
1092 1571 1313 1602 sustinuerimus,
1324 1567 1370 1602 qui
1385 1566 1474 1595 serius
1485 1564 1518 1591 ad
1535 1562 1657 1598 praelium
1669 1559 1782 1587 venient

993 1622 1112 1649 victoriae
1127 1618 1239 1654 gloriam
1256 1615 1425 1647 fructumque
1440 1610 1582 1639 nobiseum
1599 1605 1778 1641 partiamur.»

995 1667 1041 1694 llis
1057 1650 1140 1692 dictis
1152 1663 1250 1694 Ducas,
1267 1659 1312 1688 ubi
1327 1659 1381 1693 iam
1400 1661 1506 1692 portum
1526 1652 1644 1682 subiisse
1663 1650 1782 1678 hostium

988 1713 1109 1739 'classem
1130 1708 1205 1740 vidit,
1221 1714 1284 1735 suos
1301 1705 1426 1739 occipere
1438 1708 1507 1736 opus
1520 1699 1607 1734 jubet.
1623 1696 1719 1724 Praelio
1733 1694 1784 1722 ita-

996 1765 1047 1794 que
1061 1755 1148 1783 navali
1162 1753 1238 1786 inito,
1252 1750 1334 1778 Siculi
1351 1757 1410 1777 cum
1427 1753 1499 1775 terra
1513 1745 1635 1778 marique
1652 1742 1734 1769 missa
1749 1740 1784 1767 ab

996 1790 1110 1836 utraque
1132 1804 1208 1834 parte
1233 1805 1248 1825 a
1268 1795 1398 1824 Romanis
1422 1793 1473 1821 tela
1494 1791 1564 1819 ferre
1587 1797 1639 1816 non
1662 1790 1784 1822 possent,

998 1853 1070 1876 retro
1086 1851 1202 1874 cessere.
1227 1842 1373 1871 Caeduntur
1397 1840 1500 1866 interea
1525 1844 1540 1863 ο
1563 1833 1691 1862 Romanis
1704 1831 1752 1867 qui
1770 1838 1786 1858 a

1000 1900 1074 1930 tergo
1088 1891 1248 1920 insistebant
1261 1887 1423 1922 complures,
1437 1889 1576 1920 captaeque
1594 1885 1711 1917 quatuor
1724 1882 1785 1905 cum

999 1924 1066 1970 viris
1082 1939 1149 1975 ipsis
1164 1943 1255 1967 naves,
1268 1941 1327 1970 qum
1341 1933 1374 1960 ad
1386 1933 1482 1959 vadum
1496 1929 1673 1958 oti'enderaut.
1685 1924 1790 1959 Quippe

1002 1971 1101 2014 aerius.
1121 1990 1202 2019 quam
1229 1987 1278 2016 par
1309 1982 1367 2006 erat
1392 1976 1476 2004 remis
1502 1974 1625 2009 impulsae
1651 1971 1789 2005 littorique

1003 2033 1086 2061 allisae
1102 2030 1180 2058 facile
1199 2029 1225 2055 in
1248 2024 1384 2053 terrestris
1406 2022 1542 2051 exercitus
1565 2022 1726 2055 potestatem
1743 2023 1789 2044 ve-

1004 2082 1111 2107 nerunt.
1137 2075 1174 2102 Eo
1195 2075 1220 2101 in
1237 2070 1385 2100 certamine
1407 2069 1460 2096 duo
1482 2066 1600 2095 hostium
1620 2063 1702 2091 millia
1720 2060 1792 2089 desi-

1005 2124 1096 2151 derata
1113 2124 1193 2148 sunt:
1211 2116 1324 2145 Romani
1341 2122 1404 2142 vero
1424 2121 1477 2141 non
1497 2111 1573 2148 pauci
1593 2109 1720 2146 prteclara
1736 2107 1792 2135 edi-

1006 2169 1071 2196 dere
1088 2165 1216 2193 faviuora.
1240 2161 1355 2188 Maxime
1373 2163 1464 2186 tamen
1488 2157 1514 2185 iu
1533 2157 1566 2184 iis
1583 2153 1697 2182 emicuit
1713 2152 1793 2180 unius

972 2223 994 2250 ι)
1008 2221 1041 2241 ex
1056 2213 1135 2240 Ducat
1150 2209 1207 2236 acie
1222 2207 1319 2239 virtus,
1340 2204 1384 2234 eui
1403 2211 1499 2231 nomen
1516 2201 1722 2229 Searzunancas.
1738 2196 1795 2224 Fu-

1008 2265 1071 2296 gere
1091 2256 1162 2285 enim
1183 2255 1238 2290 jam
1258 2251 1447 2286 incipientibus
1471 2248 1602 2280 hostibus,
1618 2246 1676 2280 ipse
1700 2244 1795 2271 adacto

1009 2318 1079 2347 equo
1099 2307 1207 2345 puppitn
1229 2306 1311 2333 altera
1328 2301 1469 2339 prehendit
1483 2307 1562 2327 manu
1578 2301 1604 2325 et
1619 2297 1734 2324 evadere
1748 2301 1797 2321 vo-

1011 2361 1109 2388 lentem
1135 2357 1161 2384 vi
1185 2355 1291 2382 tenuit:
1313 2354 1355 2380 vir
1380 2356 1525 2387 generosus
1550 2347 1649 2374 factum
1673 2347 1798 2379 repetens
1825 2359 1829 2362 -

1013 2406 1084 2434 illius
1103 2402 1227 2438 Cynegiri
1247 2400 1336 2427 nmltis
1353 2399 1517 2431 scriptorum
1539 2393 1662 2421 laudibus
1679 2389 1800 2419 celebra-

1014 2458 1082 2479 tum.
1108 2450 1159 2477 Sed
1184 2449 1256 2476 illata
1283 2454 1298 2473 a
1323 2444 1477 2472 vectoribus
1492 2440 1571 2478 164.
1585 2439 1673 2474 plaga,
1702 2443 1798 2463 navem

1014 2496 1122 2532 quidem
1150 2493 1309 2521 necessitate
1334 2489 1488 2522 compulsus
1514 2484 1633 2515 dimisit,
1660 2480 1802 2509 occasione

1017 2549 1106 2569 tamen
1134 2538 1289 2573 aufugiendi
1317 2536 1456 2564 intercisa.
1487 2536 1516 2558 ut
1537 2530 1571 2558 ab
1595 2525 1802 2556 accurrentibus

1017 2588 1077 2616 aliis
1098 2585 1227 2614 Romanis
1244 2588 1387 2617 caperetur
1399 2578 1496 2607 eﬂ‘eeit.
1512 2576 1559 2603 llis
1573 2581 1703 2610 prospere
1722 2570 1805 2605 gestis

1018 2633 1132 2662 Romani
1160 2630 1339 2658 Brundusium
1371 2626 1519 2654 redierunt.
1547 2622 1611 2649 Dein
1639 2618 1808 2647 machinam,

1018 2687 1097 2715 quam
1113 2678 1190 2712 vulgo
1204 2675 1364 2703 testudinem
1379 2675 1485 2702 vocant,
1497 2668 1552 2696 arci
1565 2668 1719 2694 admovent.
1730 2661 1807 2695 Quod

1021 2725 1065 2753 ubi
1083 2725 1208 2751 viderunt
1229 2722 1274 2756 qui
1300 2721 1327 2747 in
1351 2717 1485 2745 mmnibus
1507 2714 1625 2745 stabant,
1642 2710 1756 2738 effusum
1781 2707 1809 2734 in

954 1551 975 1580 C

1022 2772 1105 2801 risum
1122 2777 1152 2801 se
1167 2769 1275 2800 dedere,
1303 2765 1374 2801 quod
1398 2770 1507 2791 murum
1532 2762 1583 2788 hoc
1601 2758 1679 2785 modo
1695 2753 1810 2783 convelli

1023 2824 1104 2853 posse
1128 2815 1242 2843 Romani
1268 2797 1405 2848 putarent,
1427 2809 1491 2836 licet
1515 2806 1542 2834 id
1566 2808 1735 2839 nequaquam
1753 2797 1811 2826 lteri

1024 2851 1124 2902 posset.
1138 2861 1177 2890 Ita
1192 2859 1264 2890 enim
1278 2858 1381 2894 lapides
1392 2855 1507 2885 invicem
1519 2852 1666 2884 cohaerent,
1679 2851 1814 2894 uttnurus
