1962 3074
130 161 183 193 505

719 154 995 188 HISTORIARUM
1017 154 1090 187 LIB.
1114 158 1164 188 IV.

1703 161 1756 193 506

129 215 333 252 ἐπιϐρισάντων
347 213 425 247 αὖθις
440 214 486 241 ἐπὶ
509 215 539 242 τδ
565 215 653 250 τεῖχος
667 214 752 247 ἔθεον,
769 212 815 241 καὶ
833 214 857 240 εί
874 213 910 249 μὴ

966 211 1082 246 fortuna,
1099 214 1215 240 venisset
1235 213 1306 241 haud
1327 212 1407 241 dubie
1428 212 1607 241 Brundusium
1622 213 1648 240 in
1661 222 1756 241 coruunt

131 263 197 298 τύχη
223 271 265 294 τις
280 262 462 297 ἐπιγενομένη
486 261 640 296 Ῥωμαίους
668 260 829 292 διεκώλυσε,
845 260 916 294 τάχα

128 309 162 336 ἂν
177 310 235 344 ἥλω
256 308 330 335 κατὰ
355 308 456 344 κράτος
479 308 539 334 τότε
569 306 740 341 Βρεντέσιον.
766 305 916 340 Ἀνέϐησαν

129 356 181 392 μὲν
194 356 249 391 γὰρ
262 356 314 390 ήδη
327 355 373 382 τὸν
390 354 534 389 περίϐολον
548 354 597 381 καὶ
605 353 660 380 ἀπὸ
667 353 721 380 τῶν
730 352 845 388 πύργων
859 354 916 384 τοῖς

127 402 205 428 ἔνδον
219 402 366 436 ἐμάχοντο,
383 400 452 427 ἀλλὰ
467 399 534 426 πολύ
564 409 591 426 τι
619 399 702 435 μέρος
716 400 806 426 αὐτῶν
831 407 916 425 πεπο-

128 447 212 482 νηκὸς
227 447 276 483 ήδη
297 448 357 478 ταῖς
376 448 487 482 συχναῖς
505 446 668 480 προσϐολαῖς
685 446 725 477 είς
746 445 797 480 γῆν
812 445 915 480 ἡνέχοη

127 494 214 520 πεσὸν
238 493 454 527 συγκατέσπασέ
471 502 500 519 τε
528 492 644 524 πολλοὺς
667 492 769 524 αὐτῶν,
796 491 867 518 οὕτω
886 500 915 518 τε

126 539 267 573 ἄπρακτοι
290 538 478 573 ἀνεχώρησαν.
506 538 612 565 Σικελοὶ
634 537 673 570 δὲ,
689 537 784 572 ἐπειδὴ
802 536 916 571 μηδέπω

127 585 271 620 Γιλίελμος
289 586 393 620 παρῆν,
417 585 517 621 βουλὴν
534 584 675 612 ἐποιοῦντο
688 585 762 615 ὅπως
783 583 915 618 ὁμολογίᾳ

130 631 278 666 Ῥωμαίοις
301 632 331 658 τὸ
357 631 488 667 φρούριον
515 631 696 658 ὲνδώσουσιν·
722 630 779 657 ἀλλ’
805 631 821 665 ἠ
846 630 912 665 τύχη

125 675 223 710 ὥσπερ
244 676 345 702 τακτόν
370 684 431 701 τινα
452 672 731 709 Ῥωμαίοιξὲψεσοαι
748 674 916 708 ἐπαγγειλα-

128 723 197 756 μένη
227 722 335 757 χρόνον,
360 720 420 748 εἶτα
444 721 662 757 ἑκμετρηθὲντος
684 721 834 756 αἰσθομένη
860 721 914 748 ἀπὸ

127 768 218 803 μέσης
236 768 335 799 αὐτοὺς
352 768 402 802 τῆς
413 767 518 798 πόλεως
530 767 648 794 λιποῦσα
663 767 760 803 ᾤχετο·
770 768 812 794 Ἐν
826 764 848 801 ᾦ
860 767 914 802 γὰρ

127 814 214 840 ταῦτα
230 814 338 840 Σικελοὶ
353 813 516 845 διενοοῦντο,
536 814 641 848 ἠγγέλη
654 814 745 844 αὐτοῖς
761 813 846 847 ἔγγὺς
863 813 913 848 ἤδη

124 860 268 895 Γιλίελμον
296 860 405 895 στρατῷ
430 860 544 894 μεγάλῳ
570 860 688 887 ἐπέναι.
707 860 798 894 Ὅπερ
814 861 913 886 ἐκεῖνοι

126 905 295 936 ἀκούσαντες
312 905 465 940 ἀπέσχοντο
480 905 530 940 μὲν
543 905 596 931 τῶν
612 905 845 940 βεϐουλευμένων,
866 905 913 931 ἐπὶ

124 951 155 977 δὲ
168 952 201 977 τὰ
217 952 293 986 τείχη
312 951 462 982 ἀναϐάντες
478 951 654 986 ὲκροτάλιζον
669 951 743 982 θαμὰ
757 951 805 978 καὶ
819 951 913 986 ὥσπερ

126 995 178 1030 ἤδη
202 996 355 1030 Ῥωμαίους
369 995 546 1027 ἐξελάσαντες
561 996 667 1030 ἡμέραν
680 993 747 1031 ἦγον
761 996 875 1031 ἐόρτιον.

165 1040 218 1074 αγ⁷.
239 1040 332 1067 Ταῦτα
350 1040 399 1075 μὲν
411 1041 445 1076 δὴ
461 1041 525 1075 τῇδε
542 1041 696 1075 ἐπράσσετο
707 1049 714 1057 ε
731 1041 873 1075 Γιλίελμος
885 1041 913 1067 δὲ

124 1088 196 1120 ἄρας
208 1089 238 1114 ὲκ
253 1087 360 1118 Μυζίας
376 1088 457 1113 παντὶ
469 1086 507 1121 τῷ
520 1086 629 1121 στρατῷ
647 1086 683 1117 ὡς
695 1086 741 1113 ἐπὶ
755 1087 912 1120 Βρεντέσιον

124 1133 291 1167 ἐπορεύετο,
310 1133 323 1159 ὅ
339 1140 368 1159 τε
384 1132 477 1163 στόλος
500 1132 574 1166 αύτῷ
592 1132 637 1157 ἐπὶ
661 1131 710 1165 τῆς
725 1131 911 1166 ἀντιπόρομου

124 1179 166 1214 τῷ
187 1178 339 1213 Βρεντεσίῳ
356 1178 463 1213 νησίδος
478 1178 577 1212 ὀλίγων
596 1178 648 1204 ἀπὸ
666 1178 782 1204 σταδίων
797 1178 912 1212 ὁρμισά-

126 1233 209 1258 μενος
226 1225 329 1250 ἵστατο.
347 1224 424 1250 Κατά
440 1224 536 1250 ταύτὸν
551 1223 606 1258 γὰρ
628 1223 825 1258 ἀμεςοτέρωθεν
844 1224 912 1249 Ῥω-

126 1271 218 1305 μαίοις
246 1270 297 1304 τὴν
323 1270 477 1305 προσϐολὴν
508 1269 646 1296 ποιεῖσθαι
672 1269 810 1295 διενοεῖτο.
832 1269 912 1294 Ἀλλὰ

129 1314 286 1350 Ῥωμαίους
300 1315 331 1341 τὺ
350 1315 400 1349 μὲν
413 1315 513 1342 αὐτίκα
528 1315 748 1349 διαναυμαχῆσαι
760 1314 824 1350 πρὶν
836 1315 852 1349 ἢ
866 1315 912 1341 καὶ

124 1360 272 1395 Γιλίελμον
294 1361 387 1392 αὐτοῖς
412 1361 570 1395 ἐπιστῆναι,
596 1360 742 1386 δυσϐουλία
758 1369 800 1392 τις
816 1361 862 1387 καὶ
883 1361 913 1387 τὸ

124 1405 226 1441 χρῆναι
241 1404 320 1440 οἶμαι
333 1407 427 1438 κακῶς
443 1407 543 1438 αὐτοὺς
561 1406 726 1433 πεπονθέναι
743 1407 890 1441 παρείλετο
902 1414 910 1422 ·

124 1451 194 1486 πρὸς
219 1451 247 1477 δὲ
277 1452 452 1486 ἀμφοτέρους
477 1451 527 1486 τὴν
549 1452 639 1487 μάχην
664 1452 850 1486 διενεγκόντες
877 1453 912 1479 τὰ

125 1495 259 1530 βασιλέως
273 1496 427 1531 διέφθειρον
447 1497 607 1531 πράγματα.
625 1497 744 1532 Στρατὺν
764 1498 818 1532 γὰρ
830 1498 909 1532 ἥκειν

124 1543 158 1569 ἑκ
177 1542 324 1574 Βυζαντίου
340 1541 557 1575 καραδοκοῦντες
586 1542 648 1577 ἤδη,
675 1543 702 1574 ὲς
726 1543 775 1577 τὴν
805 1542 911 1568 ἐκείνου
926 1539 947 1567 C

124 1589 197 1624 τάχα
221 1589 375 1623 παρουσίαν
390 1588 441 1622 τὴν
459 1588 614 1623 προσϐολὴν
628 1588 798 1615 ἀπετίθεντο.
821 1589 866 1620 Ὠς
882 1588 911 1615 δὲ

123 1634 177 1671 ἥδη
193 1633 276 1667 ἐγγὺς
301 1633 372 1659 εἶναι
389 1632 535 1668 ἠγγέλλετο
560 1633 720 1668 Γιλίελμος,
734 1633 795 1659 τότε
811 1633 843 1668 δὴ
861 1633 911 1668 τὴν

124 1679 292 1714 ἀμφοτέρων
303 1679 416 1710 ἄκοντες
428 1678 586 1713 ἀνεδέχοντο
603 1678 807 1713 μάχην.¹Ανδρε
821 1678 911 1704 τοίνυν

124 1726 172 1752 δύο
184 1725 290 1759 δοκίμω
306 1725 339 1751 τὰ
358 1725 398 1756 εἰς
418 1724 468 1755 τὰς
484 1725 574 1759 μάχας
595 1724 796 1758 ἐπιλεξάμενοι,
819 1725 911 1752 Ἰωαν-

124 1769 222 1797 νάκιόν
248 1768 279 1795 τέ
294 1777 356 1796 τινα
384 1769 544 1803 Κριτὸπλην
561 1770 608 1796 καὶ
628 1770 775 1805 Παιράμην
803 1770 910 1805 Πέρσην

123 1816 216 1849 γένος,
231 1816 289 1851 ἅμα
306 1816 414 1851 Ἴϐηρσι
429 1816 477 1843 καὶ
496 1817 692 1850 Μασσαγέταις
703 1817 747 1850 ἐφ’
761 1813 783 1850 ᾧ
794 1817 911 1852 ἀκροϐο-

122 1861 248 1889 λίσεσθαι
265 1861 307 1897 [Ρ.
320 1861 367 1897 97]
403 1862 544 1897 ἔπεμψαν·
561 1862 586 1889 οἱ
609 1863 656 1889 καὶ
675 1862 769 1896 ἐπειδὴ
793 1862 910 1897 τάχιστα.

122 1909 181 1938 τοῖς
195 1907 337 1942 πολεμίοις
352 1907 503 1942 συνέμιξαν
516 1909 570 1944 πρὸ
586 1908 666 1934 πέντε
683 1917 734 1935 που
750 1909 797 1935 καὶ
810 1917 910 1935 τεσσα-

126 1955 246 1989 ράκοντα
275 1954 390 1981 σταδίων
417 1956 464 1981 τὸν
494 1955 603 1990 χάρακα
633 1955 810 1990 πηξαμένοις,
829 1957 858 1981 ὲν
876 1956 908 1990 τῇ

123 1998 242 2032 ἐγγύθεν
262 1999 417 2034 ἀποπορείᾳ
432 1999 516 2035 ξκατὰ.
535 1999 620 2026 νώτου
639 2000 729 2031 αὐτοῖς
754 2000 910 2034 ἐπιθέμενοι

123 2044 243 2076 πολλούς
270 2053 300 2071 τε
329 2045 382 2071 τῶν
408 2045 455 2071 ἐπὶ
477 2045 527 2079 τῆς
553 2045 686 2080 οὐραγῖας
711 2045 836 2072 ἔκτειναν
863 2046 910 2072 καὶ

123 2092 226 2122 ῐππους
238 2091 292 2118 τῶν
309 2091 483 2126 σκευοφόρων
499 2092 612 2126 συχνοὺς
625 2091 739 2127 ἤλασαν,
756 2092 868 2126 σημεῖόν
881 2101 910 2118 τε

124 2130 378 2172 σφᾶξάφελόμενοι
396 2138 443 2164 ἐπὶ
460 2138 631 2172 Βρεντέσιον
644 2135 739 2172 ἦλθον.
770 2138 851 2164 Ἀλλά
866 2138 910 2164 Σι-

967 264 1139 294 potestatem,
1162 260 1241 294 vique
1263 264 1444 294 expugnatum
1469 259 1582 292 fuisset;
1605 259 1660 294 jam
1686 260 1758 286 enim

968 305 1066 332 vallum
1091 310 1296 339 superaverant,
1320 310 1402 339 alque
1419 312 1434 332 e
1451 305 1571 332 turribus
1586 313 1646 332 cum
1665 305 1696 331 iis
1713 305 1758 339 qui

968 340 1037 376 iutra
1065 350 1157 376 urbem
1182 355 1270 382 erant,
1293 350 1474 383 dimicabant;
1499 350 1545 377 sed
1563 351 1650 384 major
1665 358 1758 377 earum

968 402 1042 429 pars,
1063 395 1168 422 crebris
1193 391 1439 430 oppugnationibus
1454 401 1592 429 quassata,
1611 397 1637 422 ln
1657 401 1757 423 terram

967 440 1076 472 decidit,
1104 444 1132 467 et
1162 447 1194 467 ex
1222 441 1255 467 iis
1282 440 1496 475 qnamplurimos
1534 448 1626 468 secum
1665 441 1758 472 traxit,

967 485 1059 519 sicque
1073 493 1100 512 re
1116 486 1213 513 infecta
1227 486 1340 513 rediere.
1357 485 1440 512 Siculi
1455 490 1555 516 autem.
1567 493 1627 513 cum
1642 486 1757 512 necdum

967 531 1073 558 adesset
1093 530 1254 563 Gulielmus,
1279 530 1365 558 iniere
1381 530 1525 558 consilium
1542 530 1614 558 arcis
1632 538 1678 564 per
1694 538 1758 558 c0n-

966 577 1082 605 ditiones
1102 577 1231 605 Romanis
1254 577 1394 604 dedendae.
1418 575 1519 604 Verum
1544 576 1660 607 fortuna,
1684 582 1758 604 certo

966 623 1042 657 quasi
1058 623 1187 657 temporis
1204 623 1320 657 quodam
1338 622 1425 656 spatio
1447 630 1476 650 se
1493 622 1631 650 Romanos
1648 627 1758 650 secutu-

967 677 1023 696 ram
1041 673 1112 697 esset
1130 675 1216 704 pacta,
1238 669 1319 702 idque
1338 669 1393 703 jam
1411 669 1530 703 elapsum
1548 669 1690 701 sensisset,
1705 668 1760 696 illis

966 714 992 740 in
1010 713 1096 740 media
1112 713 1222 740 civitate
1237 713 1349 746 relictis,
1367 714 1496 741 recessit.
1518 714 1584 740 Dum
1608 713 1679 740 enim
1701 713 1760 739 hzcc

966 759 1049 787 Sirttli
1070 759 1231 789 deliberant.
1257 759 1396 785 nttnliatur
1422 759 1564 793 oppidanis
1590 758 1758 786 Gulielmum
1806 777 1812 785 .

966 813 1063 839 magno
1080 813 1140 832 cum
1160 805 1280 831 exercitu
1299 812 1383 839 prope
1397 805 1504 831 adesse.
1524 804 1629 837 Quibus
1645 803 1757 832 auditis.

966 850 1107 877 consilium
1122 850 1147 876 id
1163 850 1331 876 intermisere
1347 854 1374 876 et
1391 849 1416 876 in
1433 857 1525 876 nIIlI'OS
1545 850 1681 884 progressi
1703 849 1758 877 fre-

967 895 1059 929 quenti
1087 895 1182 930 plausu
1209 895 1284 929 quasi
1312 895 1431 929 depulsis
1455 895 1512 929 jam
1545 896 1606 922 inde
1629 895 1758 922 Romanis

966 941 1061 968 festum
1078 945 1190 976 egerunt
1206 940 1286 966 diem.

1001 1040 1045 1067 15.
1064 1039 1126 1067 ll.t-c
1146 1044 1200 1066 Iunt
1221 1040 1256 1066 ibi
1275 1039 1448 1074 gcrcbat:tur.
1467 1038 1577 1066 Movens
1591 1046 1654 1066 vero
1669 1039 1757 1074 Myzia

964 1085 1113 1113 Gulielmus
1135 1095 1194 1113 cum
1220 1086 1346 1112 universo
1367 1086 1487 1112 exercitu
1514 1093 1609 1112 versus
1632 1086 1758 1113 Brundu-

964 1134 1034 1162 sium
1060 1134 1209 1166 contendit,
1226 1134 1288 1160 dum
1312 1134 1408 1161 classis
1438 1133 1527 1160 Sicula
1554 1134 1587 1160 ad
1615 1134 1756 1167 parvulant

964 1179 1079 1206 iusu'am
1097 1179 1247 1205 Brundusio
1265 1180 1358 1213 paucis
1374 1172 1475 1206 abhinc
1490 1179 1587 1206 stadiis
1609 1180 1756 1206 obvcrsam

964 1224 1097 1258 appellit:
1117 1225 1149 1250 ab
1167 1229 1281 1257 utraque
1306 1224 1377 1249 cnim
1397 1229 1475 1258 parte
1499 1223 1638 1251 Romanos
1655 1224 1756 1252 adoriri

964 1273 1105 1294 statuerat.
1137 1268 1188 1294 Sed
1217 1268 1295 1300 illos,
1326 1268 1471 1302 quovninus
1500 1268 1636 1302 extemplo
1662 1269 1757 1295 navale

963 1313 1165 1340 committerent
1180 1313 1299 1347 pra-lium
1318 1314 1475 1347 priusquam
1495 1320 1508 1338 a
1524 1313 1655 1340 Gltllt'lmO
1671 1314 1757 1348 impe-

951 1363 1096 1391 -tercntur,
1114 1360 1206 1386 nescio
1224 1359 1294 1394 quod
1306 1367 1417 1393 pravum
1429 1359 1583 1391 c0nsilinm,
1594 1364 1621 1386 et
1637 1361 1708 1392 quod
1723 1360 1757 1387 iis

963 1407 1044 1434 fatale
1061 1408 1195 1442 quoddam
1215 1408 1388 1441 impendebat
1405 1408 1545 1441 damnum,
1557 1408 1665 1435 avertit.
1688 1409 1756 1436 Dum

965 1454 1035 1480 enim
1044 1458 1138 1480 contra
1150 1458 1295 1487 utrumque
1304 1452 1441 1480 ce'rtamen
1459 1453 1562 1484 ineunt,
1581 1461 1623 1480 tes
1640 1453 1757 1488 impera-

965 1499 1031 1526 toris
1057 1499 1277 1532 pessttmdederc.
1294 1497 1395 1525 Novum
1419 1499 1497 1533 167
1513 1500 1610 1534 quippe
1627 1499 1756 1534 Bylanlio

964 1546 1116 1574 exercitum
1132 1549 1322 1580 exspectantes
1339 1552 1480 1580 quousque
1493 1546 1600 1572 adesset
1617 1545 1659 1572 ille
1672 1545 1755 1579 (quod

963 1592 1037 1620 brevi
1051 1591 1171 1618 futurum
1190 1591 1412 1626 arbitrabantur),
1431 1591 1523 1618 hostes
1542 1591 1650 1625 aggredi
1669 1591 1756 1618 distu-

962 1638 1061 1664 lerunt.
1076 1636 1127 1664 Ubi
1147 1644 1212 1663 vero
1233 1636 1393 1664 Gulielmum
1414 1643 1497 1670 prope
1516 1636 1611 1663 adesse
1632 1635 1754 1664 all'erturo

963 1688 1018 1709 tum
1041 1690 1105 1709 vero
1127 1683 1210 1709 etiam
1234 1682 1309 1709 inviti
1336 1687 1481 1716 utrumque
1502 1682 1593 1709 ineunt
1619 1682 1753 1716 prmlium.

962 1729 1034 1756 Duos
1049 1731 1140 1764 itaque
1154 1733 1280 1763 spectatae
1292 1728 1317 1755 in
1331 1728 1401 1755 bello
1419 1728 1526 1755 virtutis
1538 1729 1657 1756 delectos
1669 1729 1753 1761 viros.

961 1774 1131 1803 Joannicium
1152 1775 1294 1810 quemdam
1314 1774 1460 1808 Critoplem
1486 1779 1512 1800 et
1537 1774 1682 1801 eramem
1707 1782 1755 1801 na-

963 1821 1036 1848 tione
1053 1820 1172 1852 Persam,
1191 1827 1252 1846 cum
1275 1820 1358 1846 lberis
1373 1824 1400 1846 et
1415 1819 1574 1853 Massagetis
1588 1819 1621 1846 ad
1637 1819 1753 1846 velitan-

962 1866 1026 1894 dum
1044 1873 1104 1892 cum
1127 1865 1248 1892 hostibus
1270 1865 1445 1899 prannittunt.
1471 1863 1522 1892 Ubi
1549 1872 1578 1892 se
1605 1864 1638 1892 iis
1660 1864 1751 1892 statim

963 1914 1146 1945 immiscuere,
1170 1917 1262 1948 utpote
1285 1913 1319 1940 ad
1333 1912 1456 1947 quintum
1474 1917 1501 1939 et
1515 1913 1751 1947 quadragesimum

963 1960 1078 1988 stadium
1108 1963 1197 1986 castra
1229 1958 1416 1991 habentibus;
1447 1957 1605 1992 fugientes.
1639 1965 1752 1992 qttorum

963 2006 1053 2034 brevis
1065 2007 1096 2032 ad
1108 2012 1171 2033 suos
1183 2009 1242 2032 erat
1254 2005 1366 2036 reditus,
1379 2011 1393 2031 ει
1411 2008 1485 2038 tergo
1501 2003 1640 2035 invadunt,
1656 2003 1755 2031 multos

963 2054 995 2080 de
1019 2057 1139 2079 extrema
1160 2052 1266 2078 caedunt
1290 2050 1357 2081 acie,
1382 2049 1565 2083 plurimosque
1583 2048 1746 2076 sarcinarios

962 2097 1071 2130 capiunt
1089 2103 1182 2130 equos,
1205 2095 1367 2129 tandemque
1389 2098 1482 2129 erepto
1502 2095 1535 2120 ad
1557 2094 1614 2121 haec
1639 2094 1752 2123 militari

963 2143 1039 2176 signo
1054 2141 1234 2168 Brundusium
1253 2144 1452 2167 revertuntur...
1465 2139 1563 2167 Verum
1578 2148 1592 2165 ιι
1608 2139 1706 2166 Siculis
1721 2147 1752 2166 ea

123 2183 200 2209 κελεὶ
224 2183 321 2209 τούτου
353 2183 403 2218 μὲν
431 2181 512 2219 ἧττον
539 2183 703 2218 ἐφρόντισαν
723 2184 783 2218 (ἅτε
802 2184 856 2218 γὰρ
881 2185 910 2210 ὲν

965 2189 1058 2215 clades
1072 2188 1098 2215 in
1112 2187 1163 2214 levi
1179 2187 1280 2218 habita,
1298 2194 1358 2212 cum
1378 2187 1404 2212 in
1423 2191 1494 2213 tanta
1522 2186 1693 2212 multitudine
1708 2186 1753 2212 vix

122 2229 225 2264 πλήθει
243 2229 353 2264 μεγάλῳ
374 2228 501 2263 αἴσθησις
515 2229 629 2264 οὐδεμία
652 2229 760 2259 τούτοις
780 2229 912 2264 ἐγένετο),

121 2276 207 2310 ὀλίγῳ
242 2275 270 2301 δὲ
301 2275 446 2309 Ῥωμαίων
480 2275 817 2310 ἀπεστρατοπεδευμένοι,
857 2276 912 2310 ὅσῳ

122 2322 292 2357 ἀμφοτέροις
318 2321 382 2353 τοὺς
410 2323 604 2356 χορταγωγοὺς
633 2322 838 2356 ἐπιμίγνυσθαι,
866 2323 911 2349 τὸν

122 2369 246 2402 πόλεμον
260 2368 419 2403 διέγραφον.
437 2368 506 2403 Ἤδη
519 2368 547 2394 δὲ
568 2369 614 2394 καὶ
637 2368 666 2394 τὸ
681 2369 808 2395 ναυτικὸν
822 2369 911 2403 ὀλίγον

122 2414 220 2440 λοιπον
238 2413 285 2439 τοῦ
302 2413 412 2447 λιμένος
429 2413 598 2440 ἀποσαλεῦον
611 2413 705 2440 ἵστατο
718 2414 836 2445 τούτοις.
857 2415 912 2440 Καὶ

122 2459 232 2486 Σικελοὶ
251 2459 300 2492 μὲν
315 2459 343 2485 ὲν
358 2459 465 2490 τούτοις
487 2457 557 2494 ἦσαν
568 2467 576 2474 ·
597 2459 728 2494 Ῥωμαῖοι
743 2459 772 2486 δὲ
787 2460 833 2486 καὶ
846 2460 913 2494 πρύ-

122 2514 205 2541 τερον
220 2506 271 2541 μὲν
288 2505 379 2540 πολλῷ
393 2506 431 2540 τῷ
442 2506 631 2533 διαλλάσσοντι
644 2506 692 2532 τοῦ
703 2507 757 2533 τῶν
774 2507 911 2542 πολεμίων

123 2552 322 2586 ὴλαττονοῦντο
351 2552 478 2587 στρατοῦ,
500 2552 560 2578 τότε
576 2552 605 2578 δὲ
623 2553 663 2578 ἔτι
681 2553 781 2587 μᾶλλον
794 2553 910 2589 ὑπέρρει

123 2597 160 2624 τὰ
174 2597 224 2631 τῆς
239 2597 383 2632 δυνάμεως
398 2597 501 2628 αὐτοῖς.
516 2596 609 2623 ’Δλλοι
625 2606 653 2623 τε
670 2597 724 2632 γὰρ
738 2597 776 2630 ὡς
787 2598 911 2626 πλεῖστοι

124 2643 279 2678 συμμάχων
290 2642 464 2675 ἁπετὰξαντο
475 2642 595 2674 τούτοις,
608 2644 655 2669 καὶ
665 2643 698 2679 δὴ
712 2644 762 2671 καὶ
773 2646 856 2679 μοῖρά
868 2654 913 2678 τις

123 2689 240 2717 Κελτῶν
254 2689 304 2716 οὐκ
318 2689 436 2723 ἀγεννὴς
461 2689 558 2724 μισθοῦ
580 2690 729 2724 Ῥωμαίοις
748 2690 911 2718 δουλεύουσα

123 2734 262 2769 Γιλιέλμῳ
286 2733 472 2768 λαθραιότατα
495 2733 705 2770 προσεχώρησε.
721 2735 814 2762 Ταῦτα
830 2736 844 2762 ὸ
870 2736 912 2763 Γι-

122 2779 236 2814 λίελμος
253 2779 324 2815 ὀρῶν
337 2779 392 2806 δεῖν
403 2779 475 2814 ἔγνω
490 2780 539 2814 τὴν
551 2781 598 2806 τοῦ
609 2780 708 2815 καιροῦ
723 2780 911 2816 προαρπάζειν

123 2825 256 2860 ὀξύτητα,
274 2826 312 2860 μή
327 2834 392 2852 ποτε
409 2825 454 2852 τοῦ
473 2826 570 2861 χρόνον
586 2825 780 2861 διαγενομένου
793 2827 810 2862 ἢ
829 2827 912 2862 Ῥομ-

124 2870 228 2907 πέρτον
243 2871 336 2904 αὐτοῖς
354 2870 538 2907 ἐπιϐοηθῆσαι
558 2871 665 2907 γένοιτο
678 2871 838 2908 (ἠγγέλλετο
855 2872 910 2909 γὰρ

967 2233 1161 2268 perciperetur.
1177 2231 1263 2258 Simul
1287 2236 1369 2265 atque
1393 2238 1455 2257 vero
1480 2230 1534 2263 jam
1556 2231 1678 2264 proxime
1702 2230 1754 2257 Bo-

966 2286 1061 2305 mauos
1081 2282 1168 2304 castra
1189 2277 1207 2303 ii
1223 2277 1376 2309 admovere,
1394 2275 1431 2302 ita
1453 2280 1481 2301 ut
1505 2275 1590 2308 partis
1613 2275 1753 2309 utriusque

963 2324 1138 2359 pabulatores
1156 2318 1348 2354 miscerentur,
1371 2322 1566 2348 ordinaverunt
1586 2321 1657 2347 acies
1673 2329 1680 2348 :
1697 2321 1752 2354 iatn

963 2377 1013 2396 nec
1026 2368 1119 2403 procul
1134 2376 1147 2395 a
1163 2372 1241 2402 portu
1259 2369 1354 2394 aberat
1369 2367 1475 2394 illorum
1489 2367 1596 2394 classis.
1610 2367 1684 2394 Talis
1693 2372 1752 2394 erat

963 2422 1053 2442 rerum
1078 2414 1147 2449 apud
1171 2413 1279 2441 Siculos
1297 2418 1394 2440 status.
1420 2413 1487 2440 Tum
1512 2420 1578 2440 vero
1600 2412 1716 2439 maxime
1736 2420 1751 2439 a

962 2460 1104 2492 Romanis,
1120 2461 1165 2495 qui
1179 2460 1234 2494 jam
1251 2464 1331 2486 antea
1351 2459 1467 2486 militum
1491 2466 1605 2486 numero
1619 2459 1697 2491 longe
1712 2459 1753 2486 in-

962 2507 1076 2536 feriores
1093 2506 1183 2534 hostili
1198 2510 1276 2533 erant
1287 2506 1420 2536 exercitu,
1437 2504 1548 2532 deﬂuxit
1568 2504 1651 2531 robur
1664 2509 1691 2531 et
1705 2511 1753 2531 au-

962 2552 1049 2580 dacia.
1067 2552 1134 2579 Nam
1159 2556 1186 2578 et
1210 2550 1324 2578 aliorum
1345 2550 1483 2578 sociorum
1506 2557 1585 2584 qttam
1606 2548 1696 2583 plures
1717 2549 1752 2577 ab

961 2599 995 2629 iis
1012 2602 1074 2626 sunt
1089 2597 1197 2632 dilapsi,
1212 2602 1239 2624 et
1262 2596 1398 2623 Celtarum
1422 2603 1474 2622 non
1502 2595 1626 2630 ignobilis
1652 2599 1752 2629 turma,

962 2652 1022 2680 qua;
1035 2644 1085 2671 sub
1100 2643 1230 2671 Romanis
1247 2642 1380 2676 stipendia
1396 2641 1528 2673 merebat.
1541 2641 1574 2667 ad
1589 2640 1750 2669 Gulielmum

961 2690 1147 2718 occultissime
1159 2689 1295 2716 transivit.
1313 2688 1350 2715 Ea
1364 2687 1409 2714 ubi
1426 2687 1448 2715 is
1464 2687 1541 2719 vidit,
1559 2686 1686 2713 utendum
1702 2694 1751 2714 oc-

963 2736 1072 2764 casione
1083 2735 1211 2770 temporis
1225 2734 1326 2770 putavit
1353 2733 1433 2769 168
1443 2741 1476 2760 ne
1487 2733 1590 2760 interea
1604 2731 1750 2764 Robertus.

962 2790 1040 2817 quem
1056 2781 1204 2809 contractis
1220 2780 1304 2815 copiis
1320 2781 1467 2806 adventare
1484 2785 1576 2805 rumor
1589 2783 1659 2810 erat,
1675 2778 1751 2805 auxi-
1799 2791 1802 2794 ι

963 2829 999 2856 lia
1020 2829 1054 2856 iis
1072 2828 1168 2860 ferret,
1186 2832 1232 2854 aut
1250 2830 1393 2854 terrestres
1412 2825 1592 2853 maritimasve
1613 2824 1698 2860 copiae
1714 2824 1749 2852 ab

962 2874 1124 2908 imperatore
1157 2871 1245 2899 missa:
1278 2871 1464 2899 subvenirent.
1497 2869 1630 2898 lnstructa
1657 2870 1747 2905 itaque

1565 2956 1594 2978 Kr
1618 2948 1619 2952 η
