1962 3074
207 115 258 147 507

838 111 999 142 JUANNIS
1018 111 1182 142 CINNAMI

1779 105 1834 136 £03

206 179 253 207 per
272 176 374 198 turmas
395 169 452 197 acie
466 169 608 204 processit.
635 169 747 196 Romani
769 175 870 202 autem,
887 169 927 196 vel
943 175 995 195 non

1066 168 1098 204 δη
1112 167 1241 203 δυνάμεις
1262 166 1392 202 ἀθροίσας
1415 164 1572 196 ἐπανιέναι)
1591 164 1606 199 ἣ
1636 163 1702 198 γοῦν
1717 164 1838 198 στρατιὰ

206 221 385 252 repugnante,
404 216 445 243 vel
459 217 527 243 forte
542 216 738 250 tergiversante
761 215 890 249 Roberto,
907 215 992 248 copiis

206 263 306 297 pariter
331 263 480 292 instructis,
497 267 527 288 ct
550 262 673 289 ordinata
695 266 774 296 prout
793 267 905 295 potuere
923 262 993 294 acie,

207 309 320 335 adversa
343 307 430 335 fronte
455 308 612 335 constitere.
650 307 818 334 llorrendum
845 307 908 340 quid
939 312 994 333 tum

208 358 278 386 erat,
295 353 419 388 exiguam
441 352 624 379 Romanorum
641 353 693 379 vim
712 360 773 380 cum
797 353 930 380 universis
951 352 995 379 Si-

210 400 332 427 culorum
354 400 437 433 copiis
462 400 672 434 dcpngnaluram
698 398 807 425 intueri.
833 398 996 432 Aliquandiu

211 454 225 472 a
241 453 386 479 congressu
413 451 526 480 utraque
543 453 604 479 pars
630 445 769 472 abstinuit.
786 445 839 472 Sed
861 452 921 471 mox
938 444 998 479 qui-

213 491 273 517 dam
297 498 378 524 cques
400 491 603 526 stipendiarius,
620 498 635 517 e
656 489 841 517 Romanorum
868 490 998 524 phalange

213 545 376 571 procurrens
390 537 415 563 iu
434 537 560 568 medium,
578 537 696 570 hostem,
709 537 753 571 qui
768 536 896 571 singulari
913 541 1000 563 certa-

214 584 286 611 mine
308 591 398 611 secum
419 585 499 611 vellet
518 584 658 619 congredi,
685 588 791 611 evocat.
808 584 906 618 Sicque
931 583 1001 611 invi-

215 638 272 656 cem
302 635 502 662 concurrentes,
529 631 649 665 pratlium
681 630 772 657 ineunt
794 639 800 657 :
825 629 895 664 quod
920 637 1000 657 mane

215 681 331 710 (u'plunl
348 676 457 710 ancipiti
477 676 633 711 aliquandiu
655 681 741 704 marte
769 681 933 711 protractum
948 680 1000 707 est.

215 721 346 748 Romanis
369 723 515 749 fortissime
537 721 729 750 dimicantibus
750 730 757 748 :
783 730 876 749 verum
903 722 1002 749 Siculis

217 768 344 802 deinceps
364 768 536 796 multitudine
565 777 614 797 sua
639 777 686 797 eos
711 768 1001 802 circumfundentibus,

219 812 325 838 tandem
351 812 388 839 illi
415 812 553 848 fugantur.
575 812 746 847 Fugientium
767 812 842 839 multi
867 812 1001 844 cecidere,

219 857 296 884 multi
325 857 378 884 vivi
408 858 477 892 capti
498 862 570 890 sunt,
585 857 628 884 ahi
644 857 738 885 crebra
756 857 917 891 impulsione
928 865 1005 883 sum-

219 909 318 933 moque
333 902 431 936 impetu
449 903 474 928 in
492 902 584 928 urbem
597 909 655 929 sese
670 909 806 935 recepere,
823 907 903 936 atque
919 903 944 929 in
963 902 1005 929 his

218 947 270 973 dux
284 947 341 980 ipse
355 946 475 973 Alexius.
494 946 579 973 Ducas
597 954 661 974 vero
674 952 749 973 extra
766 947 864 974 mmnia
884 948 1003 980 relictus,

220 999 271 1019 non
287 993 363 1024 prius
379 996 406 1018 et
421 991 502 1018 ferire
515 997 541 1018 et
557 992 629 1019 feriri
650 992 765 1025 abstitit,
788 1000 868 1028 quam
890 994 1007 1020 circum-

219 1037 310 1064 clusus
327 1037 360 1064 ab
378 1037 499 1064 hostibus
524 1041 583 1071 post
605 1037 712 1071 longam
728 1043 755 1064 et
770 1038 937 1072 pertinacem
957 1047 1006 1073 pu-

221 1090 299 1117 gnam
325 1087 420 1117 captus
443 1087 494 1110 est.
519 1081 663 1117 Postquam
687 1082 762 1109 illum
789 1090 886 1118 cepere
913 1084 1007 1117 Siculi,

221 1129 289 1155 alios
303 1129 347 1162 qui
362 1128 388 1155 in
405 1128 472 1155 urbe
487 1133 564 1155 erant
583 1129 642 1156 sine
658 1128 750 1156 labore
773 1129 846 1156 velut
870 1130 920 1157 reti
942 1138 1009 1157 con-

221 1171 311 1198 clusos
325 1171 489 1198 habuerunt.
509 1171 554 1198 Sic
577 1175 681 1205 partem
704 1176 782 1199 antea
799 1180 812 1198 a
831 1172 969 1200 Contneuo
984 1178 1011 1200 cl.

221 1216 295 1243 Ducti
311 1216 423 1250 gloriam
441 1215 576 1242 exstinxit
591 1223 685 1242 eorum
699 1217 889 1250 imprudentia.
907 1216 945 1244 lta
959 1217 1010 1252 igi-

223 1266 269 1287 tur
284 1267 378 1286 eorum
399 1260 443 1294 qtti
460 1267 532 1287 nunc
545 1260 637 1287 vivunt
652 1261 697 1287 alii
717 1268 778 1288 cum
799 1261 824 1288 in
844 1262 923 1289 rebus
940 1263 1011 1289 mili-

224 1305 327 1332 taribus
340 1312 451 1339 operam
473 1305 645 1339 studiumque
661 1313 712 1332 non
732 1306 908 1340 conlulerint,
925 1308 1012 1342 publi-

223 1359 282 1378 cam
309 1359 367 1378 rem
391 1355 541 1378 evertunt:
568 1351 612 1378 alii
641 1357 730 1378 autem
765 1353 845 1388 169
867 1354 912 1388 qui
943 1354 1014 1381 hanc

223 1397 295 1424 forte
312 1397 419 1431 quidem
437 1397 702 1434 imperatorimmrtis
725 1404 828 1433 partem
855 1400 1012 1434 attigerunt,

224 1442 251 1470 in
269 1442 390 1476 pluribus
410 1447 533 1476 peccant.
551 1441 601 1469 Ars
625 1442 698 1469 enim
722 1443 804 1470 etiam
828 1444 950 1478 qutedam
968 1449 1011 1472 est

1018 838 1042 868 Β

1043 223 1085 247 τις
1115 213 1265 249 ἠπειρῶτις
1293 213 1309 249 ἦ
1337 211 1452 247 ναυτικὴ
1481 211 1513 238 ὲκ
1540 210 1672 245 βασιλέως
1706 209 1836 244 ἀφίκοιτο

1047 261 1112 295 παρ’
1138 260 1248 291 αὐτούς.
1281 259 1336 286 Καὶ
1352 258 1384 293 δὴ
1410 257 1526 289 ἐκτάξας
1541 257 1570 283 τὸ
1584 256 1741 290 στράτευμα
1762 254 1836 281 κατὰ

1047 306 1191 341 φάλαγγας
1222 305 1329 341 ἐχώρει.
1353 305 1483 339 Ῥωμαῖοι
1514 303 1543 329 δὲ
1568 302 1738 336 Ῥομπὲρτου
1775 301 1834 327 εἴτε

1047 353 1158 384 ἑκόντος
1183 353 1240 378 εἴτε
1266 351 1336 386 τύχῃ
1359 352 1414 377 τινὶ
1430 349 1609 384 ὑστεροῦντος
1623 348 1766 374 ἐτάττοντο
1786 347 1837 373 καὶ

1049 399 1126 424 αὐτοὶ
1150 398 1204 424 κάκ
1232 396 1286 423 τῶν
1303 396 1418 422 ἐνόντων
1445 395 1630 430 κοσμηθέντες
1649 393 1837 428 ἀντιμέτωποι

1049 445 1169 471 ἵσταντο.
1184 444 1250 470 Ὅτε
1263 443 1295 478 δὴ
1308 442 1356 469 καὶ
1371 442 1477 476 θάμϐος
1491 439 1526 476 ἦν
1541 441 1608 476 ὁρᾷν
1630 439 1775 474 Ῥωμαίων
1790 438 1839 463 εὐ-

1049 489 1242 525 περίγραπτόν
1258 498 1319 515 τινα
1341 489 1417 523 ἰσχὺν
1435 488 1511 519 ὅλαις
1526 487 1678 522 δυνάμεσιν
1694 484 1838 520 μαχουμέ-

1050 544 1099 571 νην
1115 535 1280 566 Σικελικαῖς.
1298 535 1387 569 Μέχρι
1404 535 1453 568 μὲν
1476 533 1521 560 οὖν
1535 542 1609 564 τινος
1623 532 1762 567 οὐδέτεροι
1780 539 1840 565 χειν

1052 584 1106 619 ρῶν
1123 580 1218 618 ἦρχον,
1233 581 1302 617 μετὰ
1321 581 1350 607 δὲ
1367 581 1453 607 ταῦτα
1467 580 1522 607 τῶν
1541 578 1779 615 μισθοφορούντων
1796 585 1840 607 τις

1054 629 1160 656 ἱππέων
1185 628 1236 662 τῆς
1265 627 1410 662 Ῥωμαίων
1439 626 1580 660 φάλαγγος
1604 624 1782 659 προπηδήσας
1810 624 1841 648 ὲν

1054 675 1212 710 μεταιχμίῳ
1236 673 1301 707 ἔστη
1328 673 1374 700 τὸν
1403 672 1566 707 βουλόμενον
1587 671 1752 706 μονομαχεῖν
1770 677 1840 702 προ-

1053 720 1231 754 καλούμενος.
1265 719 1361 754 Τούτῳ
1390 726 1420 743 τε
1452 716 1491 752 τῷ
1523 716 1616 751 τρόπῳ
1653 713 1842 749 συμπεσόντες

1054 767 1179 802 ἀλλήλοις
1209 765 1355 800 ἐμάχοντο.
1383 763 1438 790 Kal.
1461 764 1477 796 ή
1505 762 1578 797 μάχη
1594 761 1679 788 ἕωθεν
1697 759 1841 794 ἀρξαμένη

1058 813 1139 849 μέχρι
1167 813 1215 847 μὲν
1240 811 1289 838 οὖν
1315 810 1414 837 πολλοῦ
1444 808 1608 844 ἀγχώμαλος
1638 805 1672 842 ἦν
1695 805 1843 849 Ῥωμαίων

1056 859 1228 894 εὐψυχότατα
1253 855 1507 891 διαγωνιζομένων,
1538 853 1634 880 ἔπειτα
1662 850 1768 878 Σικελοὶ
1803 848 1845 883 τῷ

1057 906 1154 940 πλήθει
1173 905 1210 939 (9.)
1228 903 1388 938 βιασάμενοι
1404 900 1554 936 ἐτρέψαντο
1576 899 1697 928 τούτους.
1724 894 1843 928 Φευγόν-

1057 939 1111 979 των
1127 951 1173 977 οὖν
1189 949 1282 976 πολλοὶ
1307 948 1404 974 ἔπεσον
1419 947 1464 974 καὶ
1480 945 1595 980 ζωγρὶαι
1610 943 1759 979 ῄρὲοησαν,
1775 942 1800 967 οἱ
1817 939 1838 966 δ’

1058 999 1134 1026 ἄλλοι
1151 998 1199 1024 σὺν
1212 995 1327 1030 ὠθισμῷ
1343 993 1434 1028 πολλῷ
1451 993 1498 1019 καὶ
1514 992 1561 1027 βία
1578 991 1616 1022 είς
1631 990 1680 1024 τὴν
1696 989 1774 1015 πόλιν
1786 987 1846 1014 εἱσ-

1062 1045 1189 1076 ἐπιπτον,
1215 1043 1244 1069 ἐν
1266 1039 1307 1072 οἷς
1328 1040 1376 1067 καὶ
1403 1038 1522 1071 Ἀλέξιος
1541 1038 1556 1063 ὁ
1576 1035 1726 1071 στρατηγὸς
1747 1031 1792 1068 ἦν.
1815 1033 1847 1059 '0

1060 1091 1166 1121 Δούκας
1180 1089 1210 1116 δὲ
1226 1088 1340 1122 τειχέων
1354 1086 1407 1118 ἔξω
1420 1083 1541 1118 λειφθεὶς
1563 1083 1592 1109 οὐ
1610 1081 1743 1116 πρότερον
1759 1078 1845 1112 ἀνῆκε

1060 1136 1150 1162 παίων
1175 1133 1222 1160 καὶ
1245 1132 1405 1166 παιόμενος,
1427 1129 1492 1164 πρὶν
1506 1127 1558 1154 ὑπὸ
1571 1126 1625 1153 τῶν
1641 1123 1777 1159 πολεμίων
1796 1132 1846 1150 κυ-

1061 1181 1177 1211 κλωθεὶς
1193 1177 1369 1214 αἰχμάλωτος
1385 1175 1454 1211 μετὰ
1472 1172 1718 1214 πλείπουςῗὸσους
1736 1170 1847 1214 ἐγένετο

1062 1225 1183 1259 ἀγῶνας,
1200 1213 1307 1249 Σικελοὶ
1320 1222 1350 1248 δὲ
1365 1218 1460 1254 ἐπειδὴ
1485 1217 1582 1244 τοῦτον
1607 1213 1689 1247 εἷλον,
1712 1213 1759 1241 καὶ
1777 1214 1847 1259 τοὺς

1063 1257 1109 1296 ἐπὶ
1136 1268 1185 1302 τῆς
1208 1267 1312 1296 πόλεως
1337 1264 1430 1291 λοιπὸν
1458 1260 1579 1297 ἀμογητὶ
1594 1260 1632 1291 ὡς
1662 1260 1693 1286 ὲν
1713 1257 1849 1292 πανάγρῳ

1065 1313 1285 1349 σαγηνεύσαντες
1301 1310 1391 1345 ἔσχον.
1411 1309 1455 1340 Ἐς
1469 1307 1548 1335 τοῦτο
1567 1306 1599 1341 δὴ
1615 1305 1709 1336 τέλους
1730 1302 1770 1338 τῷ
1794 1303 1850 1329 Ko-

1067 1361 1161 1398 μνηνῴ
1177 1361 1224 1386 καὶ
1239 1359 1279 1394 τῷ
1292 1358 1386 1393 Δούκᾳ
1396 1358 1412 1391 ἡ
1426 1353 1543 1383 ἀϐουλία
1557 1353 1587 1380 τὸ
1602 1352 1666 1387 πρὶν
1681 1351 1849 1398 περιήνεγκε

1066 1396 1156 1439 κλέος.
1175 1406 1268 1437 Οὕτως
1298 1404 1322 1431 el
1349 1404 1398 1430 νῦν
1420 1401 1558 1436 ἄνθρωποι
1574 1399 1600 1426 οἱ
1616 1398 1666 1434 μὲν
1690 1396 1850 1424 παντάπασι

1067 1454 1110 1491 [Ρ.
1126 1453 1173 1489 98]
1188 1450 1377 1487 στρατηγικῶν
1393 1450 1503 1483 ἄμοιροι
1525 1444 1712 1476 διατελοῦντες
1723 1444 1762 1491 τὰ
1774 1442 1850 1491 πρά-

225 1486 361 1512 exereitus
377 1486 536 1519 praefectura
551 1494 558 1512 :
576 1491 604 1513 et
618 1487 662 1520 qui
682 1487 715 1513 ad
733 1495 791 1513 eam
808 1489 923 1521 accedit,
940 1490 1011 1516 varia

1065 1486 1172 1536 γματα
1187 1486 1364 1532 σφάλλουσιν,
1391 1496 1416 1522 οἱ
1440 1494 1468 1521 δὲ
1495 1492 1575 1519 τοῦτο
1601 1491 1649 1526 μὲν
1669 1489 1750 1524 τυχὸν
1774 1488 1850 1536 ἴσασι

226 1539 259 1558 ac
278 1531 419 1566 multiplici
435 1531 549 1559 scientia
573 1532 609 1558 sit
633 1532 781 1559 instructus
801 1541 911 1561 necesse
927 1539 968 1562 est
988 1541 1015 1563 et

191 1577 193 1579 ’
228 1578 261 1604 ad
273 1578 408 1612 quoslibet
423 1577 544 1612 ejusdem
562 1585 636 1610 usus,
650 1585 711 1605 eum
728 1579 753 1606 id
767 1584 871 1614 tempus
890 1582 1017 1615 postula-

227 1625 316 1655 verit,
346 1625 576 1652 accommodatus.
610 1623 676 1652 Nam
705 1631 730 1653 et
760 1626 852 1661 fugere
880 1628 1016 1655 interdum

228 1671 302 1697 nullo
317 1678 377 1698 cum
393 1670 504 1705 pudore,
520 1671 543 1698 si
562 1678 605 1699 res
622 1671 748 1706 jusserit,
764 1678 791 1699 et
817 1681 921 1701 rursum
935 1675 1018 1709 perti-

229 1717 334 1743 naciter
351 1717 455 1751 insequi
469 1717 573 1744 hostem
587 1724 699 1744 necesse
713 1722 764 1750 est,
783 1723 929 1753 utrumque
940 1725 1018 1753 prout

229 1771 320 1790 rerum
337 1768 424 1791 status
442 1764 544 1791 tulerit.
559 1763 612 1792 Ubi
627 1772 690 1792 vero
706 1765 819 1791 consilio
837 1767 922 1800 magis
938 1774 1017 1801 quam

229 1816 311 1836 manu
325 1810 431 1837 videtur
445 1818 487 1838 res
502 1811 629 1845 gerenda,
653 1811 686 1837 ad
709 1815 832 1838 extrema
848 1812 1015 1839 descendere

230 1862 377 1889 rerumque
402 1863 536 1883 summam
558 1857 674 1890 experiri
698 1856 912 1884 detrectandum.
930 1857 1019 1884 Multis

232 1903 331 1929 etenim
348 1903 434 1937 iisque
445 1903 560 1931 diversis
571 1904 651 1931 rebus
664 1905 696 1930 ad
710 1912 793 1931 unum
807 1904 926 1932 victoriae
939 1906 1018 1932 tiucm

231 1945 416 1980 ‘eudentibus,
439 1948 477 1975 nil
500 1948 582 1975 refert
605 1948 703 1983 quibus
726 1950 787 1984 quis
814 1957 877 1977 usus
901 1950 933 1977 ad
958 1959 1019 1979 eum

232 1994 399 2028 pervenerit.
415 1993 443 2021 Si
462 1993 577 2021 Romani
601 1995 702 2029 itaque,
720 2003 782 2023 cum
803 2003 909 2024 careret
927 1999 960 2026 iis
975 2007 1021 2026 co-

233 2039 288 2074 piis
307 2039 429 2071 Alexius,
445 2047 514 2074 quas
531 2040 704 2068 adducendas
717 2041 840 2076 jusscrat
860 2043 1019 2078 imperator,

236 2085 336 2113 Siculis
352 2092 412 2113 sese
431 2086 535 2113 viribus
558 2085 675 2121 impares
697 2093 852 2121 cernentes,
873 2091 1020 2117 exercitum

234 2131 261 2158 in
287 2138 369 2158 naves
396 2131 634 2164 transduxissent,
661 2139 777 2167 eumque
801 2133 906 2161 illorum
935 2135 1021 2163 classe

235 2175 419 2204 conﬂixissent
444 2177 570 2211 primum,
596 2178 691 2212 procul
711 2178 791 2206 dubio
808 2184 863 2206 tum
888 2180 1020 2208 debellas-
1037 2170 1059 2198 D

235 2228 294 2250 Sent
316 2223 408 2250 hostes
431 2227 459 2250 et
480 2230 616 2250 reccssutn
642 2230 658 2250 e
681 2224 830 2251 continenti
853 2226 937 2260 partis
951 2227 1019 2254 mari

235 2268 444 2296 resarcivissent
460 2269 582 2297 victoriis
597 2279 606 2297 :
622 2275 650 2297 et
662 2271 702 2298 sic
719 2273 899 2305 postmodum,
915 2280 975 2300 cum
994 2273 1019 2300 id

234 2313 401 2348 postulasset
416 2314 536 2348 occasio,
552 2316 577 2342 in
594 2317 779 2344 continentem
796 2318 893 2344 iterum
906 2318 1019 2352 egressi,

235 2366 296 2385 cum
315 2358 462 2393 majoribus
476 2360 502 2387 in
514 2360 590 2389 Italia
605 2362 705 2389 viribus
718 2362 814 2389 belhnn
828 2362 1021 2391 confecissent.

237 2403 291 2431 Sed
307 2405 378 2431 enim
394 2405 430 2431 illi
449 2413 500 2432 non
514 2407 574 2433 sine
587 2406 719 2434 dedecore
743 2408 830 2434 recedi
852 2415 933 2442 posse
960 2409 1022 2441 rati,

237 2450 331 2478 amissi
356 2450 438 2478 totius
459 2451 610 2486 perditique
625 2453 762 2480 exercitus
778 2454 954 2488 ignominiam
979 2455 1023 2482 in-

239 2500 392 2523 currerunt.

1067 1533 1257 1582 στρατηγικῆς
1271 1543 1364 1578 μέρος,
1376 1541 1417 1574 τῷ
1430 1539 1534 1566 πλείονι
1556 1536 1782 1582 διαμαρτανουσι.
1798 1533 1851 1582 Td-

1066 1578 1116 1628 χνῆ
1134 1578 1188 1625 γάρ
1216 1589 1257 1622 τίς
1283 1589 1341 1615 ἐστι
1369 1587 1416 1614 καὶ
1432 1586 1449 1621 ἡ
1467 1583 1630 1632 στρατηγία,
1650 1581 1698 1608 καὶ
1710 1578 1778 1632 ..χρὴ
1794 1578 1852 1632 τ’τὸν

1067 1626 1171 1671 ταύτην
1190 1634 1319 1670 μετιόντα
1334 1631 1461 1665 πολυειδῆ
1488 1638 1549 1656 τινα
1571 1627 1619 1654 καὶ
1642 1626 1764 1653 ποικίλον
1781 1626 1853 1651 εἶναι

1069 1683 1117 1709 καὶ
1130 1681 1198 1716 πρὸς
1218 1680 1333 1707 ἕκαστον
1349 1676 1567 1712 ἐπικαιροτάτοις
1584 1674 1638 1700 τῶν
1654 1673 1757 1706 ταύτης
1771 1679 1854 1706 μετα-

1068 1727 1217 1755 τάττεσθαι
1248 1725 1338 1752 εἱδῶν.
1365 1723 1479 1756 Φεύγειν
1501 1730 1530 1748 τε
1556 1721 1610 1756 γὰρ
1634 1720 1706 1746 ἐστιν
1731 1719 1775 1745 ὅτε
1799 1716 1852 1752 χρὴ

1072 1774 1154 1810 μηδὲν
1170 1771 1366 1806 αἰσχυνόμενον
1382 1771 1406 1795 εἰ
1422 1769 1503 1795 τοῦτο
1519 1767 1604 1801 διδοίη
1619 1765 1730 1800 καιρὸς,
1747 1764 1799 1810 καὶ
1817 1759 1852 1789 αὖ

1070 1819 1246 1846 ἀνυπόστατα
1273 1815 1394 1847 διώκειν,
1419 1813 1487 1849 πρὸς
1511 1813 1560 1847 τὴν
1588 1811 1683 1846 χρείαν
1706 1809 1852 1843 ἑκάτερον·

1071 1863 1135 1889 ἔνθα
1150 1870 1178 1888 τε
1191 1860 1299 1895 ἐπινοίᾳ
1315 1858 1415 1893 μᾶλλον
1431 1857 1447 1892 ἢ
1462 1856 1534 1892 χειρὶ
1553 1853 1706 1889 κατορθοῦν
1721 1852 1854 1887 φαίνοιτο.

1071 1904 1263 1941 παραιτεῖσθαι
1279 1902 1308 1928 τὸ
1327 1902 1383 1933 τοῖς
1405 1901 1476 1932 ὅλοις
1501 1897 1721 1926 διακινδυνεύειν.
1747 1894 1854 1922 Πολλῶν

1070 1940 1126 1987 γάρ
1141 1958 1221 1977 τινων
1236 1948 1281 1976 καὶ
1297 1947 1433 1981 διαφόρων
1449 1946 1620 1979 πραγμάτων
1635 1944 1664 1974 ἐς
1680 1942 1710 1969 ἓν
1732 1950 1757 1987 τι
1779 1940 1854 1971 τέλος

1071 1986 1120 2032 τὴν
1136 1997 1214 2031 νίκην
1242 1994 1375 2028 ἀγόντων,
1401 1989 1546 2025 ἀδιάφορόν
1568 1989 1642 2015 ἐστιν
1666 1986 1788 2020 ὁποτέρῳ
1812 1993 1855 2032 τις

1072 2031 1244 2078 χρησάμενος
1268 2038 1311 2064 ἐπ’
1327 2038 1414 2064 ἐκεῖνο
1437 2036 1507 2071 ἣξει.
1526 2034 1582 2061 Καὶ
1602 2033 1693 2059 τοίνυν
1713 2031 1854 2078 Ῥωμαῖοι,

1142 2086 1262 2119 Ἀλεξίου
1277 2084 1417 2119 δυνάμεων
1436 2080 1668 2112 ὑποσπανίζοντος
1681 2078 1714 2108 ἃς
1741 2078 1755 2103 ὁ
1770 2076 1854 2112 ’βασι-

1072 2133 1135 2163 λεὺς
1150 2130 1224 2165 αὑτῷ
1240 2129 1317 2163 ἄγειν
1335 2127 1472 2157 ἐκέλευεν,
1489 2124 1515 2151 sl
1534 2132 1566 2158 γε
1584 2122 1705 2153 Σικελοῖς
1719 2121 1768 2147 οὐκ
1781 2119 1856 2152 ἀξιο-

1074 2178 1177 2212 μάχους
1199 2175 1312 2206 ἑαυτοὺς
1334 2173 1434 2204 ειδότες
1449 2171 1496 2197 ἐπὶ
1512 2170 1562 2201 τὰς
1585 2168 1650 2200 ναῦς
1671 2176 1701 2194 τε
1723 2167 1754 2192 τὸ
1770 2166 1856 2212 rer-rpi-

1073 2211 1162 2258 τευμα
1178 2221 1343 2248 ἀνεϐίϐασαν
1358 2218 1407 2245 καὶ
1423 2216 1509 2251 στόλῳ
1524 2215 1562 2251 τῷ
1574 2214 1663 2241 αὐτῶν
1683 2211 1856 2258 συνεπλάκη-

1075 2257 1286 2303 σαννπρότερον,
1303 2263 1388 2292 αὑτοῦ
1410 2272 1440 2289 τε
1465 2261 1537 2288 κατὰ
1552 2260 1653 2295 κράτος
1668 2257 1857 2306 περιεγένοντο

1074 2314 1107 2341 ἂν
1120 2314 1167 2340 καὶ
1188 2312 1236 2347 τὴν
1250 2313 1282 2337 ἐκ
1298 2311 1347 2344 τῆς
1370 2309 1486 2344 ἠπείρου
1501 2305 1675 2341 ὑποχώρησιν
1689 2304 1744 2334 τοῖς
1763 2303 1794 2327 ἐκ
1807 2303 1858 2351 τῆς

1075 2361 1160 2395 ὑγρᾶς
1183 2356 1414 2393 παρεμυθήσαντο
1441 2353 1597 2390 τροπαίοις,
1615 2351 1687 2378 οὕτω
1710 2357 1739 2375 τε
1760 2355 1857 2382 καιρου

1073 2394 1220 2436 καλοῦντος
1234 2404 1281 2430 ἐπὶ
1303 2403 1352 2437 τὴν
1372 2401 1457 2436 ξηρὰν
1468 2399 1546 2430 αὖθις
1565 2398 1697 2429 ἐκϐάντες
1712 2396 1760 2422 σὺν
1775 2394 1856 2421 δυνὰσ

1076 2460 1137 2488 μεσι
1164 2450 1268 2477 πλείοσι
1283 2448 1332 2479 τὰς
1357 2448 1385 2474 ὲν
1406 2445 1506 2480 Ἰταλίᾳ
1529 2443 1727 2479 διηγωνίσαντο
1753 2442 1854 2476 μάχας.

1081 2497 1150 2524 Ἀλλ’
1176 2497 1275 2523 ὲκεῖνοι
1298 2494 1347 2529 τὴν
1372 2494 1404 2519 ἐκ
1432 2491 1478 2518 τοῦ
1505 2491 1657 2526 ὑποχωρεῖν
1686 2487 1855 2524 ὑφορώμενοι

240 2545 347 2578 ἀδοξίαν
366 2546 405 2577 είς
430 2545 479 2581 τὴν
505 2545 553 2572 τοῦ
575 2546 729 2582 πανστρατὶ
757 2547 917 2584 διεφοᾱροαι
945 2547 1187 2584 περιπεπτὼκασιν
1205 2544 1328 2580 ἀτιμίαν.

890 2609 938 2638 Du
956 2608 1067 2648 Cangii
1086 2611 1179 2637 notae.

278 2658 316 2692 (‘2)
332 2659 457 2686 Ἔπειτα
479 2658 595 2684 Σικελοὶ
613 2657 653 2689 τῷ
663 2657 783 2690 πλήθει,
806 2664 858 2685 etc.
877 2658 1027 2685 Falcandus

241 2701 346 2720 coaevus
362 2695 394 2720 de
409 2692 427 2719 S
439 2693 559 2719 culorum
576 2694 686 2719 victoria
703 2694 741 2718 sic
756 2694 851 2719 scribit
869 2702 875 2720 :
895 2693 1023 2726 Multipli—

241 2735 300 2755 can
324 2729 419 2755 dehinc
442 2727 557 2762 exercitu
584 2730 641 2761 (rex
660 2726 823 2762 Wdichnus)
844 2727 1023 2754 Brundusium

243 2765 320 2795 venit,
337 2763 380 2789 ubi
395 2771 453 2789 cum
469 2761 566 2788 Gm'cis
580 2763 761 2796 can/lirlnrus,
777 2761 938 2797 adpugnam
950 2763 1024 2797 jubet

243 2799 339 2824 milites
351 2798 476 2830 expediri.
487 2797 571 2823 Gut-ci
581 2805 638 2824 vero
652 2796 696 2823 ubi
710 2798 812 2824 comitis
826 2796 1024 2831 liabet-timidus

246 2833 467 2867 pt'wttolubautur
497 2831 653 2866 adventum,
681 2832 768 2860 vident
794 2841 822 2861 se
855 2833 1024 2868 defraudatos

1079 2657 1189 2686 auxilio,
1209 2656 1278 2689 quod
1301 2654 1407 2680 unicum
1425 2651 1707 2690 res‘tobnttonsilium.
1725 2651 1856 2690 fortuna»:

1072 2692 1174 2724 seligunt
1198 2687 1319 2722 experiri.
1339 2691 1438 2722 Anceps
1462 2688 1489 2713 in
1509 2687 1637 2724 principio
1664 2694 1755 2724 pugurr
1783 2687 1856 2716 fuit:

1078 2720 1137 2753 ἰηιῖιτ
1160 2720 1244 2752 (ἐνατέὶ
1268 2733 1317 2751 non
1343 2720 1454 2749 colentes
1478 2720 1592 2755 auiplius
1612 2721 1717 2748 hostiles
1747 2720 1856 2753 impetus

1078 2762 1215 2792 sustinere,
1229 2760 1279 2791 fusi
1296 2759 1404 2792 ursique
1425 2762 1495 2788 sunt,
1512 2764 1607 2790 magna
1622 2763 1682 2790 pars
1696 2763 1785 2782 eorum
1801 2761 1857 2780 cum

1078 2796 1186 2823 duribus
1201 2795 1255 2822 suis
1278 2794 1438 2821 Panormunt
1452 2792 1603 2819 transvecti.
