1962 3074
33 139 104 173 5ζὲ

656 139 931 170 HISTORIARUM
951 139 1023 170 LIB.
1045 139 1095 171 ιν.

1636 142 1689 174 5M

35 207 103 234 ραν
123 196 218 229 αὖθις.
245 197 335 224 Πολλὰ
355 197 407 233 γὰρ
423 197 477 224 τῶν
503 196 641 234 ἀθελήτων
657 199 726 231 τέως
745 199 847 234 βασιλεῖ

905 198 1062 233 imperator,
1076 198 1175 226 Siculis
1198 205 1370 227 sacramento
1386 200 1547 235 interposito
1567 201 1692 235 polliciti,

36 245 216 279 φθάσαντες
241 244 293 280 ήδη
311 244 488 279 ὀμωμοκέναι
510 244 632 276 Σικελοῖς
652 245 790 280 μεγίστων
806 245 854 271 καὶ

37 290 150 316 καλῶν
173 289 264 325 ἔργων
296 289 450 324 Ῥωμαίους
478 290 639 324 ἐστέρησαν.
665 291 719 317 Καὶ
745 290 771 316 τί
798 290 852 325 γὰρ

39 335 104 362 οὐκ
121 335 157 362 ἄν
173 344 215 367 τις
229 335 397 370 ὁμολογῆσαι
420 333 505 370 εἶχεν,
520 336 601 362 ὁπότε
625 336 703 362 κλοιά
728 345 757 362 τε
773 336 853 362 αὐτὸν

40 377 130 414 εἶχον
144 382 193 406 καὶ
207 380 367 415 κευθμῶνος
383 379 534 415 ἐφρούρουν
549 381 708 415 κατάγειοι;
729 381 853 408 Ἐποίουν

38 427 79 453 δὲ
97 426 191 452 ταῦτα
205 426 323 459 Σικελοὶ,
341 426 378 457 ὡς
394 425 427 452 ἃν
444 427 468 452 οί
483 426 546 462 τῇδε
562 427 701 462 ἄνθρωποι
715 427 851 463 Γιλιέλμῳ

42 471 223 497 σπείσεσθαι
240 471 288 497 τὸν
310 471 423 506 βασιλέα
443 472 691 507 προσδοκήσαντες,
703 473 851 506 φθάνωσιν,

41 517 89 547 ὠς
99 518 133 542 τὸ
154 517 240 549 εὲκδς,
273 517 418 552 Ῥωμαίων
435 518 481 544 καὶ
501 518 554 553 πρὸ
569 519 667 553 καιροῦ
680 519 852 554 ἀφιστῶντες

42 563 102 595 τὰς
125 563 233 595 πόλεις.
255 564 345 599 Ὅπερ
369 565 383 591 ὁ
412 564 539 599 βασιλεὺς
554 566 684 597 ἀκούσας,
708 566 807 601 συνῆκε
822 574 851 593 τε

42 609 109 635 ’τῶν
121 609 321 644 πραττομένων
331 610 378 636 καὶ
391 610 544 645 γράμματα
553 610 599 636 ἐπὶ
612 611 737 637 Σικελίαν
747 611 852 646 ἐκπέμ-

43 655 110 689 ψας
123 656 183 687 τοῖς
209 655 258 690 μὲν
285 656 314 682 ὲν
337 656 433 691 εἱρκτῇ
469 656 616 691 Ῥωμαίων
642 657 706 683 τάδε
736 657 850 692 ἔγραψε.

50 710 60 726 ι
81 701 251 736 Θαυμάξειν
277 701 370 728 ἔπεισί
395 710 453 737 μοι.
475 702 549 734 ὅπως
567 703 611 729 ἀεὶ
633 704 778 739 μικρονοίᾳ
797 704 851 730 τινὶ

46 747 122 782 περὶ
140 749 176 774 τὰ
190 747 342 783 πράγματα
356 747 511 783 κεχρῆσθαι
525 749 609 783 ὑμᾶς,
626 746 648 776 ὦ
663 750 769 785 ἄνδρες,
782 750 851 785 ξυμ-

47 792 158 820 ϐαίνει.
179 793 278 829 Πρώην
307 802 338 820 τε
354 795 410 830 γὰρ
425 794 504 821 αὐτοὶ
521 795 571 827 τὰς
585 795 733 827 καλλίστας
743 795 851 827 ὲκείνας

48 839 128 865 οὕτω
147 839 322 874 διεφθείρατε
344 840 435 873 νίκας,
465 840 551 876 τύχην
579 850 608 867 τε
622 841 686 877 ὑμῖν
701 842 794 873 αύτοίς
808 842 850 876 ἐφ’

903 243 1101 278 pulcherrimos
1119 244 1293 271 victoriarum
1313 245 1415 272 l‘ruelus
1431 245 1558 274 Rotuauis
1574 247 1694 274 abstule-

904 294 975 316 runt.
992 288 1097 322 Quibus
1109 290 1181 316 enim
1199 290 1282 325 pactis
1303 298 1334 317 ac
1347 291 1545 319 conditionibus
1559 300 1611 319 non
1626 292 1693 320 sub-

903 335 1004 362 scribet
1024 334 1080 368 ille,
1103 335 1149 370 qui
1170 335 1345 370 compedibus
1361 336 1476 367 vinctus.
1495 338 1634 372 antrisqne
1651 338 1692 364 inv

903 379 992 406 elusus
1017 379 1202 407 subterraneis
1224 381 1378 407 detinetur?
1402 381 1465 408 Ilaec
1489 387 1579 409 autem
1603 382 1694 409 fecere

904 424 1000 457 Siculi,
1024 429 1054 452 ut
1069 426 1115 460 qui
1140 426 1184 453 liic
1204 430 1259 452 tum
1277 426 1479 459 detinebantur,
1501 427 1603 454 interea
1627 428 1691 454 dum

903 471 1088 505 pacisceretur
1109 478 1170 499 cum
1188 471 1323 499 Gulielmo
1345 473 1501 506 imperator,
1521 473 1555 499 ab
1578 480 1610 500 eo
1627 473 1693 500 deii-

903 522 1007 549 cerent,
1028 517 1163 552 urbesque
1185 523 1248 545 ante
1272 518 1323 545 hoc
1344 523 1448 554 tempus
1470 519 1521 546 sibi
1544 520 1691 547 traderent.

903 564 978 596 Quod
1001 568 1030 590 ut
1052 564 1155 598 accepit
1172 564 1335 598 imperator,
1353 572 1466 598 qua'qne
1488 565 1635 599 agebantur
1651 573 1692 592 re-

902 610 992 639 scivit.
1011 609 1101 636 missis
1117 609 1142 636 in
1160 608 1279 636 Siciliam
1299 609 1406 642 litteris,
1426 609 1555 637 Romanis
1578 611 1693 644 captivis
1718 618 1721 621 ‘

904 654 928 680 in
960 654 1030 680 Imtfc
1056 655 1163 681 modum
1191 655 1332 690 rescripsit
1359 664 1366 682 :
1388 664 1397 681 ι
1427 656 1518 683 Mirari
1538 657 1612 684 subit
1639 665 1692 692 qua

903 699 1007 725 ratione
1027 700 1125 726 factum
1142 700 1177 727 sit
1195 705 1222 727 ut
1237 700 1263 727 in
1284 701 1364 728 rebus
1384 703 1509 736 gerendis
1531 703 1607 730 vobis
1621 711 1693 730 sem-

902 752 949 778 per
965 744 1080 772 defuerit
1096 746 1180 772 animi
1201 745 1341 774 fortitudo.
1360 745 1507 774 Pra-elaras
1522 748 1620 782 quippe
1635 748 1692 783 jam

902 796 964 817 ante
979 797 1069 824 partas
1093 792 1220 818 victorias
1236 792 1396 823 deﬂorastis.
1420 798 1446 819 et
1462 801 1543 828 quam
1565 802 1635 821 nunc
1651 795 1694 829 ip—

901 843 958 862 sum
974 836 1095 864 toleratis
1116 837 1246 864 vobismet
1273 837 1322 872 ipsi
1346 839 1523 873 comparastis
1547 839 1692 868 fortunam.

48 882 86 919 ἧς
113 885 164 911 νῦν
192 886 253 911 ἐστε
279 874 564 921 προύξενήσατείκαὶ
592 874 647 914 νῦν⁷
659 887 697 919 δὲ,
712 887 800 914 ἄλλων
815 874 847 915 τὰ

901 880 978 908 Nunc
994 888 1082 908 autetu
1099 890 1129 908 ea
1152 889 1211 916 quae
1233 890 1247 908 a
1274 874 1349 910 vobis
1372 884 1427 917 jam
1450 892 1590 919 perperam
1616 891 1692 920 gesta

48 930 123 964 ὑμῖν
139 930 234 962 κακῶς
254 931 305 966 ἤδη
321 931 477 966 πραχθέντα
500 933 549 958 σὺν
566 932 626 967 Θεῷ
648 933 850 968 ἀναμαχεῖσθαι

49 973 313 1008 προθυμουμένων,
328 975 455 1009 ἐμποδὼν
475 976 598 1003 ἵστασθε.
626 977 660 1002 Ἥ
684 977 734 1003 οὐκ
761 979 850 1004 ἐκεῖνο

49 1019 104 1046 ἐπὶ
124 1019 190 1046 νοῦν
210 1020 277 1054 ὑμῖν
304 1018 400 1056 ἦλθεν,
420 1021 455 1053 ὡς
480 1021 530 1057 τὴν
545 1022 590 1048 ἐπὶ
605 1021 640 1048 τὰ
655 1023 748 1057 πρόσω
770 1024 850 1058 ἡμῶν

49 1066 272 1098 ὰναστελοῦντες
298 1067 387 1102 ὁρμὴν
404 1067 490 1094 ταῦτα
506 1068 700 1103 ὲπινενοήκασι
720 1069 848 1102 Σικελοί;

49 1111 104 1142 TE;
119 1111 177 1146 γὰρ
190 1112 294 1142 ἐκεῖνος
309 1111 386 1137 ἐσται
399 1111 471 1138 Ἰταλ
479 1112 520 1144 LV,
534 1112 564 1143 ὃς
579 1112 628 1147 τὴν
652 1112 744 1147 χώραν
758 1110 848 1145 αὖθις,

50 1155 86 1189 ἦν
105 1154 158 1190 ἤδη
173 1155 254 1189 ἡμεῖς
268 1154 387 1190 ἔχοντες,
406 1155 542 1191 Γιλιέλμῳ
553 1156 599 1191 ὑφ’
613 1156 691 1191 ἡμῶν
706 1156 848 1192 ἐνδοθησο-

50 1200 147 1235 μένην
163 1200 284 1232 ἀκούων,
309 1201 360 1227 οὐκ
385 1201 485 1228 αὐτίκα
511 1202 563 1236 μὲν
595 1203 661 1237 ἡμῖν
689 1203 847 1238 ἀπιστήσει,

51 1247 82 1278 ὲς
103 1246 132 1273 δὲ
154 1246 296 1280 Γιλίελμον
306 1246 418 1282 ὀκνήσει
437 1247 549 1283 οὐδεμιᾷ
576 1248 775 1284 μεταϐήσεταις
791 1249 848 1276 Οὐκ

51 1292 134 1318 ἔσται
149 1292 259 1323 πάντως
274 1292 374 1325 οὐδεὶς,
388 1293 413 1319 εἰ
423 1293 461 1328 μή
472 1301 514 1324 τις
531 1293 598 1327 βλὰξ
614 1294 658 1327 εῐη
673 1294 720 1320 καὶ
732 1294 848 1329 ἀνόητος

52 1338 216 1373 ἄνθρωπος,
237 1339 427 1365 ὁποῖοιίτολλο)⁴
443 1339 623 1374 τυγχάνουσιν
640 1339 725 1371 ὅντες.
743 1340 847 1366 Πυνθά-

53 1392 141 1419 νομαι
162 1385 251 1419 ὑμῶν,
269 1384 364 1411 εἴπατε
382 1385 449 1421 πρὸς
465 1385 543 1418 Θεοῦ,
565 1385 674 1413 κάλλιον
688 1386 753 1412 πότε
774 1386 848 1421 ὑμᾶς

55 1428 90 1454 ἂν
110 1426 166 1454 εἶδε
187 1428 221 1454 τὰ
247 1428 369 1462 πάτριαι;
403 1428 503 1455 Ὀπότε
525 1429 643 1461 Ἰταλίας
661 1429 712 1465 ήδη
737 1430 847 1464 ἁπάσης

56 1474 104 1500 καὶ
120 1474 204 1509 νήσου
218 1474 272 1500 τῶν
287 1475 407 1501 Σικελων
419 1475 464 1509 ὑφ’
476 1475 550 1510 ἡμᾶς
563 1476 764 1510 γεγενημένων,
777 1475 847 1510 λαμ-

56 1521 123 1554 προὶ.
142 1519 279 1555 λαμπρῶς
294 1520 408 1547 αὐτόθεν
420 1520 473 1547 ὑπὸ
489 1521 545 1547 τῶν
562 1521 707 1555 ὁμοφύλων
725 1522 846 1556 ἁναρῤυ-

59 1565 168 1597 σθέντες
184 1566 300 1601 ἀθληταὶ
320 1566 466 1601 Ῥωμαίων
486 1567 607 1600 εὐγενεῖς
624 1567 671 1592 ἐπὶ
698 1567 845 1598 Βυζάντιον

57 1610 153 1644 ἥκετε,
177 1611 226 1645 ἡδὺ
243 1611 332 1646 θέαμα
351 1613 408 1642 τοῖς
423 1611 564 1646 ὁμοτίμοις
581 1613 645 1646 ὑμῖν
669 1612 847 1647 προσορώμε-

56 1665 109 1689 νοι,
123 1656 140 1692 ἤ
155 1657 235 1683 ὁπότε
247 1658 324 1685 οὐδὲν
337 1657 401 1685 οὔτε
414 1658 506 1690 δόντες
523 1657 584 1684 οὔτε
597 1658 734 1691 λασόντες,
751 1658 846 1694 ὥσπερ

58 1703 127 1736 ὑμῖν
142 1703 176 1729 τὰ
192 1703 272 1739 ὅρκια
291 1703 440 1739 βούλονται,
456 1704 573 1731 ἐνταῦθα
599 1704 670 1739 ὑμᾶς
682 1704 847 1730 ἀνακαλεσό-

62 1748 149 1783 μεθα;
170 1757 179 1774 ι
201 1749 347 1784 Ῥωμαίοις
364 1749 413 1785 μὲν
430 1749 518 1777 ταῦτα
533 1749 648 1786 ἔγραψε,
672 1749 805 1785 Γιλιέλμῳ
818 1749 847 1776 δὲ

60 1792 219 1818 ἐπέστειλεν
237 1789 305 1819 ὦδε·
323 1802 332 1818 ι
352 1793 398 1828 Μὴ
415 1793 472 1820 οἵου
485 1793 579 1828 λήσειν
592 1794 675 1829 ἡμᾶς,
694 1791 716 1820 ὦ
728 1795 846 1827 γενναῖε,

59 1837 121 1863 ὅτου
133 1837 166 1872 δὴ
179 1838 260 1864 ἕνεκα
274 1838 361 1865 ταῦτα
372 1840 566 1874 μεμηχάνηται
577 1840 641 1875 παρ’
653 1839 740 1875 ὑμῶν,
753 1839 847 1875 ὥσπερ

60 1883 120 1909 οὐδὲ
148 1884 189 1909 ὅτι
216 1885 271 1915 τοῖς
295 1884 343 1919 βίᾳ
362 1886 488 1919 γεγονόσι
516 1884 686 1920 συγγνώμων
706 1886 722 1920 ἠ
740 1886 846 1921 ἀνάγκη

61 1929 177 1962 γίνεται.
210 1929 315 1956 Οὐκοῦν
346 1930 407 1956 οὐδὲ
432 1930 538 1964 στέρξει
560 1939 600 1957 σοι
617 1931 734 1963 πάντως,
747 1930 765 1957 ἃ
780 1931 848 1966 πρὸς

61 1974 209 2009 δεσμωτῶν
223 1976 366 2011 ὀμώμοται
381 1977 428 2004 καὶ
439 1977 604 2013 ἐμφρούρων
615 1977 717 2005 τούτων
731 1978 847 2013 ἀνδρῶν.

68 2020 199 2055 Ῥωμαῖοι
223 2023 279 2058 γὰρ
305 2023 335 2049 οὑ
366 2024 501 2059 πρότερον
537 2024 637 2059 Ἰταλίᾳ
665 2024 848 2058 πολεμοῦντες

61 2067 217 2100 ἀφέξονται,
239 2069 304 2104 πρὶν
317 2069 351 2096 ἂν
376 2070 462 2105 αὐτήν
482 2078 512 2096 τε
527 2071 574 2097 καὶ
589 2070 638 2104 τὴν
657 2070 741 2104 νῆσον
761 2071 848 2096 πᾶσαν

62 2113 112 2138 ὑπο
125 2113 242 2148 παλάμῃ
256 2115 289 2149 τῇ
300 2115 379 2149 ήμῶν
391 2115 486 2150 ὥσπερ
498 2117 545 2142 καὶ
556 2116 688 2151 πρότερον
705 2115 755 2150 ἤδη
771 2115 849 2150 ποιή-

64 2165 196 2183 σωνται.»
225 2157 318 2184 Ταῦτα
347 2158 373 2185 ol
395 2160 460 2193 περὶ
482 2159 623 2193 Γιλίελμον
649 2159 792 2194 δεξάμενοι
815 2158 850 2185 τὰ

901 932 964 955 sunt
989 929 1154 961 instaurare,
1185 929 1264 964 173
1291 929 1345 956 Deo
1372 931 1479 957 volente
1505 932 1692 966 satagemibus

901 974 1042 1001 obsistitis.
1059 973 1154 1001 Nonne
1169 975 1309 1002 advertitis
1322 975 1378 1002 haec
1390 976 1558 1010 excogitasse
1573 976 1691 1010 Siculos,

903 1024 932 1044 ut
949 1022 1055 1045 nostros
1074 1018 1099 1044 in
1123 1017 1242 1046 futurum
1261 1026 1403 1047 successus
1420 1021 1608 1048 retardarent?
1626 1021 1692 1054 Quis

900 1063 972 1090 enim
1001 1063 1126 1090 Italorum
1153 1064 1215 1096 erit,
1240 1065 1285 1099 qui
1310 1064 1354 1091 ubi
1381 1065 1517 1098 regionem
1539 1073 1620 1100 quant
1635 1066 1690 1100 jam

904 1109 1086 1143 possidemus,
1114 1108 1247 1137 Gulielmo
1267 1118 1282 1136 a
1306 1110 1386 1138 nobis
1401 1119 1507 1138 rursum
1531 1113 1690 1139 tradendam

898 1161 960 1181 esse
982 1155 1144 1188 perceperit,
1170 1163 1224 1182 non
1247 1155 1379 1182 continuo
1401 1164 1416 1182 a
1441 1156 1519 1183 nobis
1541 1157 1649 1184 deﬁciat
1664 1162 1692 1185 et

899 1198 1126 1234 Guiielmipartes
1140 1200 1212 1227 nulla
1226 1207 1299 1227 mora
1314 1200 1473 1235 interposita
1486 1202 1691 1236 amplectatur?

898 1244 959 1272 Erit
976 1246 1069 1280 utique
1086 1252 1175 1278 nemo,
1191 1245 1242 1272 nisi
1255 1246 1368 1273 stolidus
1383 1247 1429 1273 ille
1443 1249 1480 1274 sit
1501 1252 1529 1273 et
1547 1247 1627 1281 plane
1642 1248 1690 1274 de-

898 1298 988 1324 mens,
1001 1291 1151 1326 cnjusmodi
1167 1299 1229 1319 esse
1244 1292 1320 1318 multi
1335 1292 1431 1319 solent.
1445 1291 1520 1327 Rogo
1539 1300 1598 1324 vos,
1610 1292 1691 1320 dicite

897 1344 946 1372 per
970 1336 1067 1369 Deum,
1096 1337 1205 1372 quando
1231 1338 1337 1364 tandem
1366 1345 1412 1364 vos
1432 1338 1576 1371 iucundius
1604 1340 1690 1373 patria

897 1383 1057 1418 conspiciet.
1071 1387 1161 1410 utrum
1175 1390 1236 1410 cum
1248 1382 1372 1410 universa
1388 1383 1445 1418 jam
1462 1383 1536 1410 Italia
1554 1388 1581 1411 et
1597 1384 1690 1412 Sicilia

898 1430 924 1456 in
943 1434 1064 1456 nostram
1090 1429 1209 1456 redactis
1229 1433 1403 1463 potestatem,
1421 1430 1542 1462 praeclari
1559 1431 1690 1464 prtcclare

898 1475 960 1502 inde
974 1483 987 1500 a
999 1476 1186 1502 conterrsneis
1197 1474 1304 1501 liberati
1318 1475 1436 1502 illustres
1448 1475 1561 1502 Romani
1571 1476 1690 1503 nominis

899 1521 1028 1552 vindices.
1043 1521 1225 1555 gratissimum
1240 1521 1388 1555 :cqualibus
1400 1523 1496 1549 vestris
1507 1523 1690 1555 spectaculum

897 1566 1054 1598 exltibituri,
1076 1567 1234 1602 Byzantium
1258 1567 1406 1594 veneritis?
1430 1569 1469 1594 An
1494 1576 1558 1595 vero
1580 1569 1602 1595 si
1623 1569 1690 1595 nihil

897 1617 944 1639 aut
959 1613 1053 1639 dantes
1073 1616 1118 1639 aut
1144 1612 1321 1646 accipientes,
1342 1618 1399 1639 uta
1418 1613 1494 1640 vobis
1511 1614 1689 1648 jurejurando

897 1657 1001 1684 sancita
1017 1657 1122 1689 volunt,
1139 1664 1185 1684 vos
1212 1659 1448 1685 revocaverimus?
1471 1668 1481 1684 ι
1504 1659 1566 1686 Ihec
1582 1660 1689 1692 quidem

897 1703 1008 1738 scripsit
1028 1702 1176 1736 Romanis;
1200 1703 1332 1730 Gulielmo
1359 1708 1448 1730 autem
1471 1705 1497 1730 in
1522 1705 1579 1731 haac
1594 1705 1686 1732 verba.

900 1757 909 1774 ι
924 1748 963 1776 Ne
976 1749 1059 1775 latere
1073 1756 1123 1775 nos
1139 1753 1226 1782 putes,
1243 1756 1260 1775 ο
1274 1756 1405 1783 generose
1423 1750 1472 1781 vir,
1488 1757 1617 1783 quorsum
1631 1751 1690 1778 hac

898 1802 912 1822 a
927 1795 1004 1822 vobis
1021 1800 1171 1826 struantur,
1191 1799 1218 1821 et
1240 1798 1268 1820 ut
1288 1795 1322 1821 iis
1339 1802 1398 1829 qua:
1415 1802 1462 1829 per
1483 1796 1535 1822 vim
1560 1796 1628 1823 ﬁunt
1645 1797 1689 1823 in-

899 1841 1010 1875 dulgere
1033 1840 1118 1867 soleat
1140 1841 1298 1868 necessitas.
1317 1839 1432 1868 Proinde
1452 1849 1622 1876 nequaquam
1639 1843 1687 1870 tibi

899 1886 1040 1921 profutura
1051 1890 1126 1917 sunt,
1140 1894 1199 1920 qua:
1214 1894 1229 1913 ιι
1241 1886 1355 1920 captivis
1372 1886 1425 1913 illis
1438 1888 1502 1914 viris
1516 1892 1688 1916 sacramento

900 1932 1007 1958 Iirmata
1023 1936 1096 1959 sunt.
1113 1930 1206 1966 Neque
1217 1931 1287 1958 enim
1302 1931 1336 1958 ab
1351 1932 1509 1959 incessenda
1521 1932 1595 1960 Italia
1611 1933 1688 1967 prius

898 1977 1032 2005 desistent
1048 1977 1174 2009 Romani,
1192 1984 1271 2011 quam
1288 1982 1314 2004 et
1325 1977 1396 2004 illam
1411 1983 1438 2005 et
1454 1978 1568 2005 insulam
1580 1980 1688 2006 univer-

898 2030 967 2055 sam,
986 2027 1013 2049 ut
1036 2023 1121 2056 prius,
1147 2022 1271 2056 potestati
1291 2028 1393 2049 nostra:
1415 2022 1588 2056 subiecerint.
1611 2032 1620 2049 ι
1639 2023 1687 2051 His

900 2067 1138 2102 acceptislitteris,
1154 2067 1179 2093 in
1190 2068 1258 2095 banc
1275 2067 1360 2095 ferme
1377 2069 1537 2096 sententiam
1550 2068 1687 2103 rescripsit

898 2113 1060 2142 Gulielmus.
1083 2121 1093 2138 ‹
1109 2112 1136 2140 Si
1155 2112 1201 2139 tibi
1218 2113 1244 2139 in
1266 2113 1356 2140 animo
1370 2117 1421 2145 est,
1438 2114 1553 2141 maxime
1569 2114 1686 2148 impera-

901 2164 953 2192 tor,
968 2165 1063 2193 pcenas
1079 2159 1198 2193 irrogare
1220 2158 1299 2185 nobis
1314 2159 1348 2185 ob
1359 2166 1390 2185 ea
1408 2166 1467 2192 qua:
1486 2161 1617 2186 adversus
1631 2167 1687 2186 ma-

62 2202 216 2237 γράμματα
227 2203 386 2237 ἀμείϐονται
399 2202 450 2230 ὦδε
462 2212 470 2219 ·
486 2213 494 2230 t
506 2205 537 2231 Et
554 2205 603 2240 μὲν
615 2205 668 2230 τῶν
682 2205 732 2240 ήδη
751 2205 844 2239 πρότε-

900 2205 1023 2239 jestatem
1034 2208 1106 2230 tuatn
1121 2204 1236 2230 antehac
1247 2203 1326 2239 174
1337 2204 1533 2236 commisimus,
1546 2204 1601 2237 jam
1613 2210 1685 2232 certe

64 2253 108 2279 ρον
130 2247 160 2277 ἐς
188 2246 218 2272 τὸ
241 2247 342 2282 κράτος
362 2249 567 2284 ἡμαρτημένων
583 2249 614 2275 τὸ
630 2251 675 2275 σὺν
691 2249 768 2281 δίκας
781 2250 846 2284 ἡμῖν

65 2291 213 2318 ἐπιτιθέναι
227 2292 328 2326 βούλει,
349 2295 479 2329 κράτιστε
495 2294 617 2329 βασιλεῦ,
639 2295 710 2330 ἔχεις
725 2295 776 2331 ἤδη
800 2296 847 2322 καὶ

64 2337 132 2372 ὑπὲρ
146 2337 160 2362 ὃ
176 2338 262 2373 ἐχρῆν
280 2339 394 2366 Ἰταλίαν
407 2340 554 2374 μετελθών.
572 2341 666 2372 uexat;
680 2350 709 2366 τε
722 2342 775 2376 γὰρ
788 2350 847 2376 τρι-

64 2383 180 2408 ακοσίων
201 2383 250 2409 οὐκ
265 2384 393 2415 ἐλάττους
405 2385 451 2410 ἐπὶ
465 2385 552 2420 μέσης
567 2386 652 2420 αὐτῆς
669 2387 844 2420 παρεστήσω,

63 2429 177 2462 πρᾶγμα
195 2428 309 2461 παλαιὸς
326 2430 356 2462 ἐξ
371 2427 402 2457 οὗ
422 2432 517 2465 χρόνος
530 2431 579 2466 τὴν
601 2432 745 2466 Ῥωμαίων
759 2432 846 2467 ἀρχὴν

64 2474 242 2505 ὲπιλελοιπὺς,
255 2475 302 2501 καὶ
318 2475 395 2507 κλέος
405 2477 538 2511 ἀνεδήσω,
548 2477 561 2502 ὅ
572 2477 640 2511 μετὰ
660 2477 846 2504 Ίουστινιανδν

64 2519 174 2552 ἀρχαῖον
194 2520 339 2555 Ῥωμαίων
354 2522 544 2557 αὐτοκράτορα
569 2523 655 2549 οὐδενὶ
685 2523 738 2549 τῶν
759 2523 846 2550 ἄλλων

65 2564 193 2599 ὑπῆρξεν,
203 2566 243 2592 ὅτι
256 2567 299 2601 lP.
316 2567 375 2603 I01]
384 2569 420 2602 μὴ
430 2568 468 2603 τῷ
483 2568 578 2604 κράτε,
589 2568 628 2603 τῷ
637 2568 686 2603 σῴ.
705 2569 846 2604 ’Ᾱξιοῦμεν

65 2611 116 2646 γὰρ
146 2612 255 2644 ἀντίθες
286 2614 414 2648 ἀγνόημα
436 2615 467 2640 τὸ
487 2616 564 2650 ἡμῶν
581 2616 663 2650 (λέγω
678 2616 710 2650 δὴ
728 2616 846 2650 ὁπηνίκα

67 2658 194 2693 Κόρινθόν
222 2668 251 2685 τε
280 2662 326 2686 καὶ¹
353 2661 470 2688 Εὔϐοιαν
489 2664 688 2698 κατετρὲχομεν
714 2663 764 2698 τὴν
784 2662 845 2698 σὴν)

66 2706 110 2731 καὶ
119 2706 168 2736 τὰς
186 2705 331 2740 Ῥωμαίων
357 2708 385 2733 ὲν
401 2707 502 2743 Ἰταλίᾳ
517 2709 606 2741 νίκας,
633 2709 658 2735 οἵ
672 2709 703 2744 δὴ
720 2708 847 2735 τοσοῦτον

67 2750 112 2785 ήδη
131 2751 226 2785 χρόνον
246 2753 342 2786 ἄγουσί
359 2762 387 2779 τε
405 2755 452 2780 καὶ
468 2756 581 2790 φέρουσι
607 2756 641 2780 τὰ
660 2755 788 2786 ἐνταῦθα,
803 2755 845 2780 αἱ·

68 2797 156 2830 μάτων
170 2798 230 2834 τρὶς
244 2799 379 2824 τοσούτων
399 2800 499 2834 μᾶλλον
513 2801 540 2826 ᾶε
558 2800 700 2831 πλεονάκις
711 2800 847 2826 τοσούτων

67 2841 112 2877 τὴν
127 2842 191 2877 τῇδε
218 2843 412 2878 πληρώσαντες
435 2846 496 2880 γῆν,
512 2846 558 2872 καὶ
577 2846 669 2877 πόλεις
685 2846 715 2872 οὐ
733 2845 845 2872 διασκυ-

901 2249 982 2278 etiam
998 2256 1077 2283 supra
1094 2257 1174 2283 qttam
1192 2250 1311 2283 oportuit
1328 2249 1430 2275 Italiam
1448 2250 1518 2276 ultus
1530 2257 1570 2276 es.
1584 2249 1685 2277 Civita-

900 2301 941 2324 tes
953 2296 1024 2323 enim
1040 2295 1065 2322 in
1084 2294 1170 2322 media
1189 2295 1232 2321 illa
1251 2302 1303 2321 non
1329 2295 1418 2322 minus
1443 2299 1578 2322 trecentas
1599 2302 1684 2329 expu-

901 2341 1001 2377 guasti,
1019 2342 1089 2375 quod
1103 2341 1239 2375 prioribus
1256 2341 1359 2375 imperii
1381 2339 1439 2367 Bon
1452 2341 1496 2367 aui
1522 2341 1685 2375 temporibus

900 2393 1036 2420 nunquam
1070 2386 1198 2412 hactenus
1231 2385 1332 2412 factum
1357 2393 1365 2412 :
1396 2386 1498 2420 tibique
1524 2387 1683 2420 comparasti

900 2432 1025 2467 gloriam,
1040 2431 1126 2466 qualis
1141 2435 1200 2465 post
1214 2435 1329 2458 veterem
1349 2431 1422 2458 illum
1435 2431 1614 2458 Iustinianum
1631 2433 1684 2458 Ito-

901 2486 1045 2506 manorum
1071 2479 1262 2513 imperatorem
1278 2478 1342 2504 nulli
1357 2478 1415 2511 alii,
1436 2483 1611 2512 praeterquam
1629 2485 1685 2505 ma—

897 2525 989 2559 jestati
1013 2529 1076 2556 tuae,
1100 2525 1222 2558 contigit.
1237 2523 1336 2551 Confer
1352 2524 1444 2558 igitur,
1458 2525 1570 2551 obsecro
1584 2529 1620 2557 te,
1636 2525 1685 2551 de—

899 2571 992 2597 lictum
1005 2574 1138 2600 nostrum,
1151 2577 1211 2596 cum
1223 2569 1351 2595 nimirum
1366 2569 1524 2596 Corintbmn
1541 2569 1683 2597 Euboeam-

900 2623 952 2650 que
965 2621 1036 2642 tuam
1051 2615 1257 2647 ineursavimus,
1275 2620 1301 2641 et
1316 2620 1407 2648 partas
1423 2615 1449 2641 in
1465 2615 1537 2641 Italia
1557 2615 1683 2642 victorias

900 2670 914 2689 a
932 2662 1072 2693 Romanis,
1089 2661 1134 2695 qui
1152 2660 1232 2696 longo
1247 2661 1301 2687 illic
1313 2661 1367 2694 jam
1382 2667 1501 2694 tempore
1515 2668 1683 2688 commoran-

901 2714 953 2740 tur,
968 2708 1111 2741 omniaquc
1123 2707 1186 2734 inde
1201 2707 1327 2734 auferunt
1341 2707 1511 2741 rapiuntque,
1527 2711 1554 2733 et
1572 2707 1683 2741 sangui-

900 2762 944 2786 ne,
969 2755 1045 2780 tertia
1072 2753 1130 2787 plus
1151 2757 1235 2786 parte,
1255 2752 1308 2779 into
1331 2751 1456 2786 amplius,
1481 2757 1578 2779 terrain
1602 2753 1681 2780 istaut

901 2799 1043 2833 implerunt
1058 2805 1065 2830 ;
1082 2799 1126 2832 qui
1144 2799 1223 2824 urbes
1235 2797 1350 2831 denique
1363 2805 1415 2824 non
1430 2798 1578 2831 spoliarunt
1591 2798 1681 2830 modo,

900 2846 946 2874 scd
963 2850 990 2872 et
1003 2845 1110 2871 easdem
1130 2843 1218 2870 iecere
1235 2843 1285 2870 sibi
1301 2844 1441 2871 obnoxias.
1460 2843 1554 2872 Utrum
1577 2843 1623 2872 tibi
1643 2844 1684 2878 vi:
