1961 3073
257 153 307 187 531

901 163 1062 194 JOANNIS
1081 164 1244 196 ClNNAMI

1835 169 1890 200 532

256 214 390 249 centibus,
403 221 437 243 eo
452 215 505 244 loci
523 224 592 252 equo
609 218 721 252 desiliit,
737 220 780 248 ubi
803 220 828 248 id
849 220 936 256 ipsum
956 222 1036 249 facem

1097 225 1184 250 ποιεῖν
1206 224 1316 251 emtam.
1339 225 1397 259 Ἐφ’
1415 223 1456 256 οἷς
1468 225 1625 260 ἀγερωχῖαν
1636 224 1720 252 αὐτοῦ
1735 226 1889 259 καταγνοὺς

256 261 398 289 consuevit
430 262 590 297 imperator.
616 265 656 293 Ex
690 273 744 300 quo
772 266 844 294 facto
874 267 1044 295 insolentiam

254 307 410 342 {astumque
422 308 493 336 illius
508 309 652 338 advertens
665 311 802 347 princeps,
816 312 899 341 multa
913 313 946 340 ad
961 313 1045 347 majo-

256 361 314 381 rem
329 354 459 382 honorem
473 356 636 390 pertinentia
649 358 776 393 deinceps
790 359 943 387 intermisit.
954 359 1045 388 Nihilo

255 399 345 427 minus
367 407 428 428 eum
448 401 517 429 vidit
536 402 722 438 allocutusque
743 408 800 436 est,
816 408 844 432 et
865 406 929 433 sede
952 406 1044 433 humi-

255 444 316 473 liori
339 447 482 475 considere
503 448 599 483 jussit.
616 449 720 483 Saepius
744 451 825 478 etiam
850 459 911 479 cum
936 452 982 479 illo
1004 456 1046 480 est

253 499 428 528 congressus,
441 502 557 529 eumque
571 496 696 524 convivio
711 497 818 532 excepit
831 498 962 526 crebrius.
976 498 1043 526 Cum

253 547 318 566 vero
339 548 370 567 ea
394 548 454 575 quae
474 541 612 570 Renaldus
634 550 696 570 cum
719 543 885 578 imperatore
905 545 1044 580 pepigerat

252 585 430 614 Antiochenis
460 595 513 615 non
544 588 700 622 placerent,
726 598 786 618 cum
815 595 927 626 propter
952 593 1044 626 copias

253 633 352 666 quibus
375 633 504 667 adjuvare
526 634 717 669 imperatorem
741 637 912 669 tenebantur,
932 638 1044 667 civitate

253 677 381 705 nimirum
403 679 540 713 prioribus
560 681 665 709 viribus
686 683 764 718 longe
788 683 943 716 imminuta,
963 685 1044 720 186

253 727 309 750 tum
326 729 439 759 propter
451 726 646 761 patrial-chain,
657 728 703 762 qui
718 729 744 756 in
761 734 897 764 posterum
912 731 1043 766 Byzantio

250 770 423 799 Antiochiam
435 771 582 800 mittendus
593 778 663 807 erat,
673 774 862 810 venissentque
874 775 906 804 iis
916 777 949 805 de
962 777 1042 805 rebus

251 816 443 850 imperatorem
460 817 649 852 supplicaturi,
664 819 811 847 Balduinus
826 828 933 856 quoque
947 823 1040 850 eadem

251 863 364 897 rogabat
376 863 536 897 principem,
548 870 575 892 et
590 872 642 893 non
657 865 793 894 diﬂicilem
807 873 920 895 exoratu
935 868 1040 904 videns,

252 909 396 936 concidere
417 909 452 936 ad
473 909 546 938 illius
567 918 654 945 genua
669 912 773 948 legatos
796 913 887 947 jussit.
911 915 937 943 is
962 923 1038 950 vero,

252 954 345 982 animo
375 955 517 983 revolvens
547 961 609 984 utra
648 965 692 985 res
721 958 817 993 majori
844 965 916 988 esset
945 961 1040 990 honori

250 1000 392 1036 Romanis,
422 1007 451 1030 ut
464 1003 595 1031 minorem
615 1012 724 1032 manum
741 1007 774 1033 ad
792 1006 913 1034 militiam
933 1008 1040 1036 confer-

251 1052 323 1082 rent,
336 1049 428 1077 statim
446 1050 543 1077 annuit
559 1059 567 1079 :
585 1051 682 1079 crebro
695 1051 768 1080 enim
785 1053 855 1088 quod
871 1061 952 1089 supra
968 1055 1039 1084 vires

251 1096 377 1129 exigitur,
387 1096 429 1123 vix
444 1096 571 1131 impletur
584 1106 592 1125 :
604 1105 663 1125 cum
678 1104 896 1135 quantaecunque
909 1106 1038 1136 prreterea

251 1140 376 1168 adductae
389 1141 474 1175 copiae
489 1141 523 1169 ad
539 1143 680 1171 servitutis
694 1149 881 1179 argumentum
899 1146 959 1180 plus
971 1147 1038 1174 satis

250 1185 399 1213 suliiciant.
412 1186 570 1216 Pontiﬁcem
587 1194 676 1217 autem
693 1190 802 1218 aliunde
816 1199 896 1226 quam
909 1191 1040 1228 Byzantio

251 1233 369 1265 assumi,
389 1234 500 1268 negavit
524 1242 554 1263 se
577 1237 783 1270 permissurum.
804 1237 833 1265 1d
862 1238 899 1266 illi
924 1239 1040 1268 libenter

251 1279 426 1314 accipientes,
439 1280 466 1307 in
482 1280 620 1309 civitatem
638 1283 787 1311 redierunt.

285 1326 332 1353 2i.
349 1325 415 1353 Eum
434 1327 514 1354 linem
534 1328 655 1356 habuere
670 1337 714 1357 res
729 1338 789 1357 eum
808 1331 929 1361 Renaldo
945 1339 1037 1368 gestze.

250 1370 357 1399 Interea
380 1371 527 1406 imperator
549 1373 577 1400 in
601 1373 732 1402 Torosum
755 1383 867 1411 pergere
889 1377 1006 1406 instituit
1029 1388 1036 1407 :

250 1416 299 1444 sed
325 1416 369 1445 ille
391 1418 479 1452 primo
503 1417 562 1446 loca
589 1420 713 1455 deserta,
730 1426 757 1449 et
780 1429 886 1451 montes
907 1423 1039 1454 Tauricos

250 1468 427 1497 pervagatus;
457 1465 564 1492 tandem
587 1464 718 1493 Balduino
739 1468 820 1495 etiam
843 1477 892 1504 pro
913 1477 946 1498 eo
967 1472 1037 1506 apud

251 1509 444 1544 imperatorem
467 1510 667 1544 intercedente,
684 1513 757 1540 venit
773 1519 803 1549 et
818 1514 876 1550 ipse
892 1516 919 1543 in
935 1517 1038 1546 Roma-

1099 269 1225 304 βασιλεὺς
1248 269 1334 297 πολλὰ
1360 271 1414 297 τῶν
1428 270 1469 297 ἔτι
1493 270 1596 304 μᾶλλον
1617 272 1657 302 εἰς
1692 271 1776 306 τιμὴν
1801 272 1887 307 ὁρών-

1095 323 1151 342 των
1163 314 1287 341 ἐνέλιπεν
1314 315 1400 350 αὐτῷ.
1431 312 1492 341 Εἷδε
1504 315 1533 341 δὲ
1560 315 1634 349 ὅμως
1649 315 1731 341 αὐτὸν
1746 316 1793 342 καὶ
1805 325 1891 350 προσ-

1096 362 1172 387 εῖπεν
1187 361 1270 397 ἕδραν
1284 361 1314 387 τέ
1340 369 1401 388 τινα
1418 361 1634 397 χθαμαλὴνῶι)
1651 361 1800 396 καθιζῆσαι
1817 372 1888 397 παρ-

1096 408 1184 441 έθετο,
1211 408 1385 445 συνωμίλησέ
1399 417 1428 435 τε
1443 408 1573 440 πολλάκις
1596 408 1670 442 αὐτῷ
1689 409 1776 436 καίὲν
1794 418 1890 435 συσσι-

1095 455 1145 490 τίῳ
1173 455 1338 487 παρέλαϐεν.
1362 456 1439 481 Ἐπεὶ
1455 455 1484 481 δὲ
1497 456 1549 481 οὐκ
1578 456 1696 491 ἤρεσκεν
1739 455 1888 490 Ἀντιογεῖς

1095 500 1150 526 τῶν
1172 500 1309 536 Ῥενάλδῳ
1323 499 1544 536 ὡμολογημένων
1564 501 1579 535 ἦ
1594 510 1624 527 τε
1640 501 1755 536 δύναμις
1777 501 1836 536 μεθ¹
1851 499 1887 536 ἧς

1099 546 1207 580 βασιλεῖ
1227 548 1383 582 συμμαχεῖν
1402 547 1525 581 ἔμελλον,
1559 546 1608 574 ἆτε
1623 547 1834 582 ὰπερῤυηκυίας
1849 547 1884 582 τῇ

1095 592 1172 618 πόλει
1203 592 1252 627 τῆς
1285 593 1368 619 πάλαι
1397 592 1499 627 ἰσχύος,
1513 592 1559 619 καὶ
1579 593 1609 619 τὸ
1627 593 1758 629 ἀρχιερέα
1785 594 1816 619 ὲκ
1833 593 1887 619 Bu-

1095 640 1205 672 ζαντίου
1217 640 1264 667 ἐπὶ
1302 639 1454 674 Ἀντιοχείᾳ
1472 638 1644 672 στέλλεσῧαι,
1663 639 1710 666 καὶ
1724 637 1805 675 ἦλθον
1823 639 1885 665 τοὺ-

1094 696 1150 714 των
1176 687 1258 713 ἕνεκα
1288 685 1424 722 βασιλέως
1457 685 1628 721 δεησόμενοι,
1652 685 1812 717 Βαλδουῖνος
1837 687 1885 712 καὶ

1095 733 1166 768 ὑπὲρ
1196 733 1293 759 τούτου
1316 732 1362 760 τὸν
1392 731 1505 767 βασιλέα
1534 732 1693 767 παρῃτεῖτο.
1714 732 1752 758 Οὐ
1781 732 1885 766 etp/x291

1094 780 1122 807 δὲ
1154 778 1329 814 ἀναινόμενον
1340 779 1421 813 γνοὺς
1434 779 1481 806 καὶ
1489 778 1543 814 πρὸ
1553 778 1607 804 τῶν
1626 777 1705 813 ἰχνῶν
1725 777 1807 804 αὑτοῦ
1819 779 1885 809 τοίς

1094 825 1225 862 πρέσϐεις
1243 826 1381 862 ὲρῤίπτει.
1403 825 1432 852 '0
1449 825 1478 852 δὲ
1498 825 1630 861 ὁπότερον
1651 825 1708 851 τοῖν
1723 824 1796 851 δυεῖν
1813 824 1884 858 μᾶ).-

1093 872 1140 899 λον
1157 872 1302 907 Ῥωμαίοις
1330 872 1413 908 τιμὴν
1439 871 1517 906 φέρει
1532 870 1757 907 διεννοησάμενος
1784 869 1814 896 τὸ
1831 869 1883 904 μὲν

1095 919 1144 946 σὺν
1160 919 1284 946 ἐλάσσονι
1303 918 1466 953 στρατεύειν
1480 918 1599 953 δυνάμει
1617 918 1716 945 αὐτίκα
1740 916 1824 943 ἔδωκε
1842 916 1883 950 (τό

1093 972 1122 990 τε
1143 963 1198 998 γὰρ
1226 963 1295 996 ὑπὲρ
1315 963 1393 997 ἰσχὺν
1417 961 1628 995 ἀπαιτούμενον
1645 960 1820 995 ὲφεπομένην
1844 959 1884 990 ὡς

1091 1009 1126 1036 τὰ
1153 1008 1240 1035 πολλὰ
1260 1008 1310 1043 τὴν
1328 1007 1486 1042 παράὃασιν
1512 1006 1581 1042 ἔχει,
1608 1007 1655 1033 καὶ
1683 1006 1770 1036 ἄλλως
1800 1004 1884 1039 ἀρκεῖ

1091 1056 1160 1092 πρὸς
1172 1055 1293 1087 δουλείας
1319 1054 1432 1087 ἔνδειξιν
1449 1053 1496 1080 καὶ
1519 1053 1551 1079 τὸ
1576 1052 1723 1079 πολλοστὸν
1750 1051 1824 1077 ἐστιν
1849 1046 1880 1076 οὗ

1091 1100 1329 1137 προσαγόμενον)’
1356 1100 1488 1138 ἀρχιερέα
1503 1101 1531 1128 δὲ
1546 1099 1659 1127 ἄλλοθέν
1682 1097 1763 1125 ποθεν
1785 1098 1826 1123 ὅτι
1843 1096 1882 1132 μὴ

1091 1150 1123 1176 ὲκ
1136 1148 1286 1180 Βυζαντίου
1301 1145 1371 1175 εἶναι
1384 1148 1434 1175 οὐκ
1455 1147 1541 1182 ἔφησε
1559 1144 1771 1177 καταδέξασθαι.
1789 1143 1882 1177 Ὅπερ

1090 1196 1205 1230 ἅσμενοι
1234 1196 1334 1222 ἐκεῖνον.
1351 1194 1494 1230 δεξάμενοι
1512 1194 1541 1226 ἐς
1573 1193 1623 1228 τὴν
1643 1191 1722 1218 πόλιν
1738 1189 1881 1226 ἀπηλλάτ-

1090 1252 1135 1271 τον
1139 1251 1179 1270 το.

1126 1343 1179 1371 κα’.
1194 1343 1234 1369 Τὰ
1251 1345 1300 1378 μὲν
1319 1342 1352 1377 δὴ
1369 1341 1441 1368 κατὰ
1468 1342 1516 1367 τὶν
1560 1338 1693 1366 Ρενάλδον
1712 1336 1831 1364 ἐνταῦθα
1850 1335 1881 1362 τὸ

1090 1390 1178 1426 πέρας
1208 1389 1281 1424 ἓσχε⁸
1317 1388 1445 1424 βασιλεὺς
1459 1387 1488 1414 δὲ
1503 1387 1550 1412 ἐπὶ
1583 1385 1708 1420 Τερόζην
1733 1382 1789 1417 (35)
1807 1381 1881 1408 ίέναι

1089 1436 1182 1463 λοιπὸν
1198 1435 1337 1461 διενοεῖτο.
1356 1434 1387 1460 '0
1402 1433 1431 1460 δὲ
1446 1434 1475 1460 τὸ
1490 1432 1538 1468 μὲν
1551 1431 1661 1467 πρῶτον
1690 1429 1738 1456 ἐπὶ
1769 1428 1881 1463 χώρους

1088 1483 1182 1517 τεὲρή
1189 1490 1255 1516 μους
1268 1489 1298 1507 τε
1312 1480 1362 1515 ὗρη
1375 1480 1501 1514 ἐξέτρεχε
1515 1478 1549 1505 τὰ
1564 1476 1701 1511 Ταυρικὰ,
1725 1473 1786 1501 εἶτα
1807 1474 1880 1500 Βαλ-

1088 1529 1194 1556 δουῖνου
1208 1527 1256 1554 καὶ
1284 1527 1348 1562 περὶ
1375 1524 1457 1552 αὑτοῦ
1476 1524 1535 1556 τὸν,
1551 1523 1664 1558 βασιλέα
1687 1519 1881 1550 ἱκετεύσαντος

248 1563 348 1583 norum
369 1560 470 1588 castra.
485 1558 616 1592 supplicis
636 1559 837 1596 miserandique
859 1563 909 1590 viri
932 1564 1035 1594 habitu.

1091 1574 1153 1611 ἦλθε
1167 1575 1293 1605 κάκεῖνος
1312 1558 1425 1609 [λδιίοὸ]
1437 1573 1465 1598 ἐν
1478 1571 1517 1606 τῷ
1539 1568 1684 1604 Ῥωμαίων
1700 1565 1880 1603 στρατοπέδῳ

249 1601 378 1630 Admisso
407 1603 498 1638 itaque
518 1603 629 1633 :Toroso
659 1606 693 1633 ab
721 1606 884 1641 imperatore
912 1613 939 1637 et
966 1610 1037 1638 inter

248 1646 362 1676 Romani
385 1649 492 1685 imperii
514 1650 627 1679 clientes
648 1653 776 1687 ascripto,
795 1653 896 1682 bellum
917 1656 1035 1685 solutum

248 1699 300 1722 est.
315 1694 368 1722 Sed
381 1695 453 1723 enim
467 1696 642 1730 Antiocheni,
657 1697 704 1725 ubi
720 1699 911 1734 imperatorem
927 1702 954 1729 in
968 1702 1035 1730 civi-

248 1745 331 1768 tatem
355 1749 431 1770 Suam
453 1742 600 1770 adventare
623 1750 814 1779 perceperunt,
833 1747 922 1780 veriti,
941 1753 970 1775 ut
987 1756 1037 1783 par

247 1792 317 1821 erat,
331 1795 366 1815 ne
386 1788 408 1816 si
430 1789 677 1818 intromitterentur
693 1791 876 1820 Romanorum
892 1794 986 1828 copize,
1003 1795 1036 1822 ab

248 1833 283 1861 iis
300 1833 512 1868 expellerentur;
531 1835 604 1862 anxii
621 1843 685 1863 vero
699 1844 751 1872 qua
768 1838 875 1865 ratione
893 1839 1035 1874 imperato-

248 1888 305 1908 rem
329 1885 485 1909 averterent
508 1889 524 1908 a
547 1882 696 1916 proposito,
714 1883 797 1911 hosce
821 1884 931 1912 minime
955 1894 1035 1915 sanos

248 1927 393 1954 commenti
414 1930 562 1961 praetextus
583 1928 616 1954 ad
638 1927 715 1956 illum
734 1929 854 1958 detulere
875 1939 884 1958 :
904 1932 1034 1966 quosdam

247 1971 372 1999 videlicet
388 1979 448 1999 esse
465 1980 499 1999 ex
517 1973 574 2000 suis
592 1973 748 2007 audaculus,
766 1975 810 2009 qui
830 1975 1033 2012 imperatorem,

247 2024 308 2044 Cliti]
330 2018 356 2044 in
375 2018 455 2052 187
474 2018 567 2046 urbem
589 2018 701 2047 inermis
719 2020 830 2048 omnino
849 2023 953 2050 veniret
974 2023 1033 2059 (ne-

245 2069 300 2098 que
316 2063 388 2091 enim
407 2063 434 2091 id
449 2062 569 2091 futurum
586 2064 665 2092 aliter
679 2065 820 2102 putabant)
835 2067 913 2096 factis
930 2070 1034 2100 insidiis

246 2110 441 2145 opprimerent.
459 2110 513 2140 Sed
530 2111 573 2140 ille
589 2113 679 2140 dolum
697 2114 849 2149 advertens,
865 2125 1032 2152 nequaquam

246 2156 334 2184 locum
351 2157 505 2185 habituram
521 2158 641 2187 fraudem
657 2160 725 2187 dixit
739 2169 746 2187 :
763 2169 835 2196 mox,
851 2170 984 2192 converso
998 2165 1031 2193 ad

246 2204 455 2232 circumstantes
476 2212 611 2238 sermone,
627 2213 658 2234 ea
676 2208 734 2235 ﬁeri
752 2216 807 2236 non
825 2217 905 2244 posse
922 2218 1033 2246 respon-

246 2252 296 2284 dit,
312 2255 367 2278 tum
384 2256 495 2287 propter
507 2251 570 2284 alia,
586 2257 640 2280 tum
657 2253 682 2281 id
697 2255 813 2282 maxime
826 2257 896 2290 quod
912 2265 960 2285 rex
973 2259 1034 2293 qni-

245 2297 305 2324 dem
322 2297 414 2334 procul
430 2298 464 2325 ab
480 2298 650 2333 imperatoris
666 2307 781 2335 corpore
796 2301 908 2331 inermis
925 2305 1034 2332 incede-

245 2349 302 2376 ret,
316 2344 452 2371 Renaldus
474 2349 564 2372 autem
585 2349 612 2372 et
629 2346 673 2373 alii
693 2348 764 2374 circa
782 2349 844 2383 equi
861 2350 986 2384 phaleras
1003 2357 1031 2380 et

245 2393 362 2428 ephippii
390 2393 447 2420 lora
476 2393 616 2428 occupati,
642 2395 755 2429 pedibus
782 2396 854 2424 irent
880 2398 940 2426 sine
968 2399 1031 2428 ullis

246 2439 331 2466 armis
347 2447 355 2466 :
372 2439 560 2473 imperatorem
577 2440 691 2474 denique
708 2449 815 2477 magna,
833 2444 870 2471 uti
889 2445 974 2472 moris
989 2452 1033 2474 est

244 2484 426 2512 Barbarorum
439 2485 669 2519 bipenniferorum
685 2488 762 2515 turba
779 2489 978 2519 circumstaret.
992 2491 1031 2520 lla

245 2530 327 2558 hosce
346 2538 485 2558 sermones
502 2532 613 2566 respuit.
630 2532 727 2560 Urbem
748 2539 838 2563 autem
859 2536 1031 2571 ingressurus

1090 1623 1183 1658 ἱκέτης
1211 1620 1338 1651 ὲλεεινός.
1366 1618 1499 1648 Βασιλεὺς
1513 1617 1541 1643 δὲ
1554 1615 1634 1643 αὑτὸν
1664 1612 1880 1649 προσηκάμενος

1088 1668 1192 1699 δούλοις
1207 1676 1236 1694 τε
1250 1666 1304 1693 τῶν
1325 1664 1468 1700 Ῥωμαίων
1481 1661 1615 1697 ἐνέγραψε
1631 1660 1679 1687 καὶ
1695 1660 1740 1686 τὸν
1756 1658 1879 1692 πόλεμον

1087 1714 1179 1741 λοιπδν
1195 1713 1301 1739 ἔλυσεν.
1319 1711 1469 1745 Ἀντιοχεῖς
1482 1708 1581 1741 τοίνυν,
1598 1706 1692 1742 ἐπειδὴ
1708 1705 1759 1740 τῆς
1769 1704 1878 1734 πόλεως

1088 1759 1238 1787 ἐπιϐαίνειν
1258 1758 1309 1794 ἠδη
1343 1757 1469 1792 βασιλεὺς
1498 1754 1621 1790 ἔμελλεν,
1638 1753 1745 1779 ἔδεισαν
1771 1750 1821 1785 μὲν
1838 1752 1878 1780 ὡς

1087 1806 1118 1833 τὸ
1128 1805 1212 1837 εἰκὸς,
1232 1804 1268 1839 μή
1284 1811 1348 1840 ποτε
1371 1802 1516 1837 Ῥωμαίων
1531 1800 1660 1835 δυνάμεις
1671 1798 1745 1825 ἔνδον
1757 1795 1878 1831 εἰσφρή-

1087 1860 1169 1878 σασαι
1192 1850 1296 1877 ἐκεῖθεν
1317 1849 1417 1881 αὐτοὺς
1437 1847 1590 1881 ἐξελαύνειν
1604 1845 1793 1880 πειράσονται,
1823 1842 1877 1868 οὐκ

1087 1899 1194 1934 ἔχοντες
1210 1897 1232 1924 δ’
1247 1897 1325 1927 ὅπως
1340 1895 1390 1931 τὴν
1406 1895 1540 1930 βασιλέως
1563 1891 1755 1927 ἀποτρέψωσιν
1772 1888 1875 1924 ὁρμὴν,

1087 1945 1200 1980 σκήψεις
1218 1944 1267 1978 οὐχ
1299 1942 1386 1976 ὑγιεῖς
1408 1949 1485 1972 τινας
1514 1939 1719 1969 ἁναπλάσαντες
1733 1936 1877 1971 προσῆγον

1086 1991 1172 2026 αὐτῷ.
1189 1991 1222 2017 Al
1255 1989 1283 2017 δὲ
1313 1987 1395 2024 ἦσαν,
1411 1987 1448 2019 ὡς
1460 1987 1514 2021 ἄρα
1531 1986 1584 2013 τῶν
1611 1993 1684 2015 τινες
1698 1982 1763 2018 παρ’
1779 1981 1876 2011 αὐτοῖς

1086 2037 1230 2072 τολμητίαι
1245 2034 1395 2066 σύνθοιντο,
1412 2033 1523 2060 ἐπειδὰν
1541 2031 1668 2067 βασιλεὺς
1683 2030 1729 2056 ἐπὶ
1744 2029 1794 2062 τὴν
1820 2027 1874 2054 πό-

1085 2084 1128 2110 λιν
1138 2082 1249 2118 είσέλθῃ
1281 2081 1397 2112 ἄνοπλος
1417 2080 1449 2114 δὴ
1472 2080 1581 2110 πάντως
1610 2078 1651 2114 (οὐ
1669 2077 1723 2111 γὰρ
1746 2075 1874 2102 ἐπέοικεν

1086 2128 1194 2164 ἄλλως),
1205 2127 1336 2162 ἐπιϐουλῇ
1348 2135 1402 2154 τινι
1419 2125 1480 2153 κατ’
1505 2124 1587 2152 αὑτοῦ
1603 2123 1769 2159 χρήσασθαι.
1790 2121 1875 2148 Ἀλλὰ

1086 2174 1213 2211 βασιλεὺς
1228 2174 1273 2200 τὸν
1287 2173 1361 2200 δόλον
1378 2172 1491 2205 ξυνιδὼν
1508 2171 1558 2198 οὐκ
1573 2171 1624 2206 ἔφη
1644 2169 1737 2206 χώραν
1752 2168 1824 2201 ἕξειν
1841 2167 1874 2194 τὺ

1086 2220 1317 2255 πλαστευόμενον.
1336 2220 1381 2246 καὶ
1396 2218 1542 2252 κατέλεγεν
1569 2215 1713 2244 ὑπολαϐὼν
1729 2217 1787 2246 τοῖς
1801 2215 1865 2249 ἀμφ

1088 2265 1170 2292 αὑτὸν
1187 2265 1260 2295 ὅπως
1273 2263 1395 2290 ἀδύνατὰ
1419 2264 1477 2290 ὲστι
1497 2263 1592 2292 ταῦτα.
1622 2263 1665 2290 διά
1679 2270 1709 2288 τε
1733 2261 1802 2289 ἄλλα
1824 2260 1874 2287 καὶ

1086 2312 1136 2347 οὐχ
1150 2312 1252 2347 ἥκιστα
1265 2310 1296 2337 τὴ
1310 2310 1355 2337 τὸν
1371 2310 1419 2345 μὲν
1434 2310 1505 2345 ρἦα
1529 2308 1619 2343 πο).λῷ
1633 2308 1733 2336 ἄποθεν
1757 2306 1804 2333 τοῦ
1821 2307 1874 2341 βα-

1087 2357 1187 2384 σιλείου
1214 2356 1375 2384 ἀνόπλιστον
1403 2355 1510 2390 μέλλειν
1537 2355 1703 2390 πορεύεσθαι
1732 2353 1872 2388 σώματος,

1091 2402 1233 2430 Ῥεγάλδον
1248 2403 1276 2429 δὲ
1299 2402 1346 2429 καὶ
1360 2403 1422 2433 τοὺς
1453 2401 1549 2433 ἄλλους
1565 2402 1627 2437 περὶ
1642 2402 1676 2428 τὰ
1698 2401 1808 2435 φάλαρα
1823 2399 1873 2426 τοῦ

1087 2449 1170 2476 ῐππου
1189 2449 1235 2476 καὶ
1250 2449 1313 2480 τοὺς
1327 2448 1378 2484 τῆς
1404 2448 1562 2483 ὲφεστρίδος
1580 2448 1720 2475 πονεῖσθαι
1738 2447 1871 2482 ἱμάντας.

1086 2496 1156 2531 πεζῇ
1170 2505 1199 2523 τε
1215 2495 1372 2531 χωροῦντας
1385 2495 1432 2522 καὶ
1446 2496 1527 2522 ὅπλου
1536 2496 1599 2523 ἄνευ
1614 2496 1723 2526 παντὸς.
1742 2495 1827 2521 Αὐτόν
1840 2503 1873 2528 γε

1086 2542 1139 2577 μὴν
1147 2542 1192 2569 τὸν
1209 2541 1322 2576 βασιλέα
1336 2542 1420 2569 πολύν
1431 2550 1491 2568 τινα
1506 2541 1702 2577 πελεκυςόρων
1714 2541 1872 2577 Βαρϐάρων

920 2598 969 2628 Du
985 2598 1093 2638 Cangii
1108 2604 1202 2632 notua.

245 2653 357 2714 ipsi‘tﬁli
372 2653 541 2688 imperatori.
553 2654 617 2683 Vide
629 2664 687 2691 qua:
697 2661 823 2686 notamus
840 2660 872 2687 ad
885 2660 1034 2690 Villehard.

245 2697 272 2714 n.
347 2708 353 2714 .

245 2697 272 2715 ιι.
291 2697 353 2715 ‘l‘ll.

281 2723 338 2764 (ττι)
365 2724 539 2764 "Eriperes,
564 2735 631 2764 τινα
656 2729 826 2762 χθαμαλήν.
857 2730 1034 2764 Prosequitur

246 2758 366 2798 Tyrius:
400 2759 498 2800 Deinde
531 2762 600 2800 ipsis
623 2758 681 2790 eunt
708 2758 861 2792 ducentibus
884 2758 966 2800 usque
995 2758 1031 2794 ad

244 2794 354 2832 oa_liunt__
369 2797 486 2826 lelttorii.
510 2797 553 2823 ubi
583 2798 704 2825 dominus
732 2800 874 2832 imperator
896 2794 953 2829 tum
973 2804 1028 2829 suis

244 2828 392 2870 illustribus
407 2832 546 2870 residebat,
567 2841 624 2870 cum
645 2834 728 2860 multa
747 2828 831 2867 giaria
851 2828 1026 2870 introduc/us,

245 2862 435 2891 humanissime
460 2867 492 2891 ab
518 2875 547 2904 eo
568 2867 698 2904 salutatus
724 2862 800 2895 (lnarl
818 2872 936 2897 osruhuu
955 2862 1026 2904 pm;

245 2902 358 2932 erectus,
375 2906 449 2926 secus
461 2908 518 2928 eum
532 2902 558 2928 in
570 2902 629 2930 sedc
641 2903 758 2938 honesta,
774 2905 914 2935 humiliore
928 2902 1024 2941 (auten,

1093 2664 1192 2691 loculus
1204 2669 1252 2692 est.
1268 2665 1305 2691 lla
1319 2672 1380 2691 cum
1395 2665 1546 2692 Amalricus
1569 2664 1701 2693 llierosnl.
1726 2673 1771 2692 rex
1803 2675 1875 2694 oon-

1090 2700 1293 2735 stantinopolim
1320 2700 1352 2726 ad
1368 2699 1518 2727 Manuelem
1542 2701 1627 2732 venit,
1650 2702 1729 2735 jnIla
1742 2709 1801 2728 eum
1822 2703 1875 2727 du—

1088 2735 1174 2761 minus
1193 2744 1237 2762 rex
1264 2736 1356 2762 throno
1383 2735 1449 2762 sedit
1466 2736 1583 2767 honesto.
1607 2737 1745 2763 humiliore
1770 2742 1872 2770 tanien,

1086 2769 1213 2830 agsidem
1235 2770 1343 2806 Tyrius.
1371 2770 1389 2797 l.
1408 2778 1454 2803 xx,
1484 2779 1508 2798 ς.
1534 2771 1580 2798 Ἠ.
1602 2770 1634 2798 ν.
1652 2771 1826 2806 Cinnalnum,
1844 2781 1872 2807 p.

1117 2840 1260 2876 (55)>'L::zl
1295 2840 1430 2874 Τερόζην.
1458 2841 1660 2869 Rernnciliatns
1693 2846 1735 2869 est
1768 2843 1874 2876 pariter

1081 2873 1194 2936 hiantieli
1210 2874 1295 2915 Toros
1313 2873 1445 2904 Armeniae
1463 2877 1581 2913 regulus.
1609 2876 1675 2905 Rem
1699 2873 1796 2905 narrat
1814 2877 1876 2914 Ty-

1081 2916 1135 2936 rius
1161 2917 1208 2936 oco
1221 2916 1312 2936 citato.

1080 2916 1135 2937 Ηυξ
1150 2916 1208 2938 1060
1221 2916 1312 2938 ctlato.
