1961 3073
208 140 262 170 563

850 141 1011 183 Jomms
1031 141 1191 173 emam

1779 143 1832 174 5M

204 195 308 231 ingredi
331 196 392 224 licet
411 204 442 225 ac
470 197 618 226 incessere.
644 198 712 226 Dcse
729 198 812 231 enim,
833 199 877 233 qui
906 199 988 233 impe-

1042 200 1159 234 ἐπῆλθεν
1181 201 1603 238 ἐνταῦθαστρατοπεδευσαμένῳ
1618 202 1665 229 καὶ
1681 202 1736 228 τῶν
1756 202 1834 236 αμφὶ

205 242 304 270 ratoris
321 243 451 271 beneﬂcio
466 244 567 272 Servis:
579 249 635 271 tum
652 245 833 280 imperitabat,
847 249 989 279 postquam

203 288 383 322 principatum
411 289 537 321 obtinuit.
563 290 724 324 posthabitis
741 290 839 325 pactis,
856 289 988 316 Dendram

205 333 342 367 regionem
365 334 454 361 tietllIO
476 340 668 369 occupaverat,
692 340 837 370 spretoque
855 335 989 362 Romano-

205 386 265 404 rum
289 378 403 412 imperio
429 379 590 414 legationem
624 382 735 408 miserat
751 382 784 408 ad
813 381 989 411 Alemannos,

205 428 234 449 ut
249 423 313 450 inde
333 424 384 451 sibi
408 433 520 453 uxorem
548 432 713 459 accerseret,
737 432 768 461 et
783 426 915 462 quidquid
937 426 992 453 Ro-

203 469 292 497 manis
308 470 472 505 displiceret.
488 473 599 500 omnino
611 473 737 500 faciebat.
750 473 836 500 Etiam
854 477 910 500 tum
925 479 989 500 cum

203 523 217 542 τι
236 517 539 553 priucipeevocaretur.
556 525 584 546 ut
601 516 731 547 adversus
741 520 882 555 Hungaros
894 519 991 546 bellum

201 563 303 595 gerenti
317 564 368 590 sibi
381 565 500 597 adesset,
516 564 635 592 diﬂicilis
650 572 683 592 ac
696 565 822 599 pervicax
834 565 990 596 videbatur,

203 616 360 644 magnarum
374 610 455 645 213
470 618 560 638 rerum
579 618 654 645 spem
671 612 761 639 animo
778 612 889 639 volvens
915 616 943 638 et
964 611 991 638 in

202 653 274 680 diem
300 654 406 688 prolato
426 655 554 683 adventu.
590 656 770 690 Quamobrem
789 657 948 691 imperator,
963 661 992 682 ut

201 698 235 724 ad
264 698 376 727 Naisum
400 701 527 732 accessit,
541 700 586 728 ubi
606 701 718 728 duarum
734 702 837 729 viarum
855 701 941 729 altera
966 701 991 728 in

203 743 325 771 Serviam
340 745 424 776 ducit.
443 746 528 774 altera
547 747 579 774 ad
595 747 693 775 Istrum
708 752 735 775 et
751 747 898 783 Hungarite
912 748 990 780 lines,

201 789 228 815 iu
244 789 333 816 medio
358 795 446 817 castra
458 791 558 826 posuit.
588 792 657 820 Dese
678 801 754 827 vero,
771 793 916 821 imminens
940 792 991 819 sibi

202 835 352 869 periculum
371 837 530 871 advertens,
548 839 667 874 acceptis
696 847 766 874 quos
789 838 844 866 tum
875 839 992 867 habebat

201 882 298 916 copiis,
323 882 349 910 in
378 883 562 911 Roumuontm
586 891 675 912 castra
701 887 786 914 venit.
813 886 879 913 Eum
908 886 992 920 impe-

201 932 277 955 rator
300 929 426 956 benevole
442 935 583 957 exrentum
612 938 665 964 quo
682 932 796 959 decebat
815 931 917 959 honore
930 938 991 964 pro-

205 979 315 1002 secutus
336 980 387 1003 est.
408 976 460 1003 Sed
484 982 607 1011 proterva
631 978 721 1013 iingoa
745 977 847 1004 nullum
861 985 923 1005 esse
935 983 992 1005 tur-

201 1017 260 1050 pius
281 1018 379 1046 malum
401 1021 519 1049 videtur.
540 1022 679 1056 Siquidem
697 1023 773 1053 Dese.
787 1023 831 1049 ubi
847 1023 914 1050 nihil
939 1024 990 1052 sibi

200 1063 344 1092 obvenisse
367 1065 532 1094 incommodi
552 1068 585 1095 ob
604 1068 722 1103 priorem
740 1067 991 1100 inn-ru'dentiamac

201 1111 382 1138 temeritatem
413 1113 532 1147 agnovit,
568 1114 677 1141 sustulit
712 1115 818 1141 animos
831 1122 863 1141 ac
888 1115 989 1148 majora

200 1163 281 1189 quam
296 1162 375 1184 antea
389 1158 486 1186 damna
499 1160 628 1188 Romanis
654 1161 754 1188 inferre
767 1161 896 1188 decrevit.
921 1157 991 1188 Con-

200 1200 290 1227 silium
310 1207 399 1229 tamen
416 1202 548 1236 ejusmodi
569 1204 678 1231 silentio
693 1205 804 1239 pressit.
819 1206 856 1232 [ta
871 1207 990 1241 plerum-

201 1254 254 1280 que
278 1246 472 1275 benevolentiae
492 1254 680 1284 argumentum
701 1251 824 1284 pessimis
835 1251 990 1280 hominibus

201 1291 330 1324 majorum
359 1292 519 1326 iniuriarum
542 1295 653 1322 materia
688 1303 748 1323 csse
772 1297 849 1324 solet.
886 1297 990 1326 Venere

200 1337 299 1371 quippe
315 1337 395 1372 paulo
422 1344 482 1373 post
496 1347 529 1367 ex
551 1340 740 1376 Hongarorom
759 1348 838 1376 gente
852 1343 885 1371 ad
899 1344 986 1378 impe-

202 1387 317 1410 ratorem
343 1384 434 1420 legati,
465 1387 563 1421 quibus
582 1387 625 1415 ille
655 1388 723 1415 forte
758 1388 869 1417 fortuna
894 1391 989 1419 obvius

198 1429 298 1462 factus,
323 1436 433 1466 rogatus
445 1439 486 1460 est
502 1433 536 1459 ab
563 1433 606 1464 iis,
632 1434 671 1461 uti
694 1435 777 1461 moris
791 1441 842 1468 est,
861 1438 988 1470 quemad-

201 1475 312 1502 modum
336 1484 380 1504 res
395 1485 449 1504 sua:
464 1486 523 1505 sese
541 1480 687 1507 baberent:
705 1481 757 1509 illis
775 1482 845 1509 haud
862 1483 990 1511 dissimu-

200 1521 289 1548 lanter
305 1524 454 1557 respondit.
469 1526 580 1559 optime,
601 1531 628 1553 et
642 1532 723 1561 prout
736 1529 807 1562 regis
818 1536 912 1555 eorum
925 1537 987 1564 erga

200 1575 230 1594 se
244 1567 429 1596 benevolentia
447 1577 599 1598 mereretur
618 1581 625 1598 :
652 1573 791 1600 dominum
808 1574 884 1602 illum
898 1575 988 1609 palam
1004 1559 1025 1587 ο

201 1614 352 1642 nominans.
368 1615 414 1642 His
427 1616 506 1650 igitur
522 1618 636 1652 cognitis
648 1617 804 1653 imperator,
820 1627 988 1655 nequaquam

199 1661 380 1688 cunctandum
393 1668 477 1696 ratus,
488 1663 575 1696 ipsum
589 1664 613 1690 iu
623 1664 667 1699 jus
679 1669 757 1692 vocat.
772 1667 989 1702 convictumque,

201 1708 407 1734 accusatoribus
435 1713 462 1735 et
487 1709 646 1736 delictorum
675 1711 792 1738 consciis
818 1712 844 1738 in
871 1714 989 1740 medium

199 1753 338 1786 productis
362 1761 394 1780 ac
407 1755 547 1788 perfidiam
567 1756 617 1790 ipsi
632 1764 725 1784 coram
741 1757 948 1791 objicientibus,
961 1759 987 1786 in

199 1801 333 1832 custodia,
350 1803 409 1829 sine
428 1803 563 1831 dedecore
581 1810 682 1836 tamen.
701 1814 762 1834 eum
786 1807 889 1834 habuit.
915 1807 989 1834 Vallo

199 1850 271 1876 v-nim
288 1851 492 1878 tabernaculum
507 1853 581 1880 illius
595 1853 677 1888 214
697 1854 820 1890 cingens,
837 1856 986 1882 secundum

198 1903 258 1921 nam
279 1903 339 1930 quae
355 1896 380 1923 in
404 1897 504 1924 castris
530 1898 601 1933 viget
617 1898 701 1933 legem
733 1900 871 1926 observari
893 1901 988 1934 jussit.

199 1942 235 1968 ita
250 1947 279 1968 ut
296 1942 331 1969 ah
348 1942 393 1970 illo
410 1943 538 1978 deinceps
557 1943 624 1971 Dese
644 1944 741 1971 vallum
760 1946 834 1972 locus
861 1946 911 1973 iste
930 1945 989 1974 fue-

201 1988 235 2014 rit
254 1993 432 2021 unncupatus.
464 1989 509 2016 Sic
530 1989 602 2016 enim
624 1990 723 2018 fossam
738 1991 832 2025 volgus
848 1997 877 2017 ut
905 1993 989 2026 pluri-

199 2041 272 2059 mum
283 2038 369 2060 vocat.
384 2034 452 2061 Eum
463 2040 551 2062 autem
569 2043 668 2069 paucos
688 2041 747 2070 post
762 2037 818 2063 dies
830 2036 988 2072 Byzantium

199 2075 282 2107 misit,
309 2082 334 2102 et
351 2077 377 2104 in
400 2078 499 2111 palatio
519 2078 618 2106 includi
642 2081 778 2114 praecepit.
799 2080 861 2109 Hmc
876 2082 987 2117 quidam

199 2120 237 2147 ibi
254 2126 324 2150 acta.
341 2121 372 2148 Et
389 2123 527 2159 princeps,
550 2125 651 2153 auditis
666 2125 854 2162 llongarormu
876 2129 922 2163 qui
938 2128 986 2155 ad-

199 2167 445 2203 veneraotlegatis,
459 2171 502 2197 ubi
519 2171 586 2198 nihil
599 2179 645 2199 eos
669 2173 728 2199 sani
749 2172 986 2209 all‘errecognovit,

199 2215 295 2242 castris
317 2217 449 2245 excedere
469 2218 610 2252 Romanis,
630 2225 658 2247 et
682 2225 754 2248 recta
786 2222 894 2249 domum
910 2223 985 2250 abire
1003 2234 1024 2260 ο

199 2258 287 2294 iussit.
316 2261 351 2289 iis
366 2262 541 2299 abeuntibus,
566 2266 625 2300 ipse
649 2266 683 2293 ad
712 2266 859 2302 Belegrada
892 2269 986 2296 urbem

198 2307 282 2338 venit.
301 2308 392 2343 ibique
417 2316 505 2338 castra
521 2313 620 2347 posuit.
650 2313 736 2345 Hanc,
758 2314 794 2341 uti
819 2322 900 2350 supra
912 2323 988 2342 com-

200 2356 423 2390 memoravimus,
451 2358 540 2386 diroto
549 2358 709 2395 Zeugutino,
723 2361 865 2388 {tornauus
879 2366 988 2388 exstru-

198 2404 275 2426 xeral
292 2401 438 2435 exercitus,
472 2404 655 2438 compluribus
685 2405 859 2441 Hungarisin
884 2406 986 2434 laboris

199 2450 303 2478 partem
329 2448 450 2475 adscitis.
470 2448 551 2476 locus
568 2451 611 2477 hic
623 2456 665 2478 est
681 2450 763 2483 illius,
786 2459 847 2486 qua
861 2451 887 2479 in
906 2453 987 2481 rebus

199 2490 325 2518 humanis
340 2499 446 2527 semper
469 2493 547 2527 ludit,
562 2494 695 2530 fortunae;
716 2504 747 2523 ac
767 2496 884 2524 fortasse
899 2497 986 2524 rideat

198 2538 332 2574 quispiam
352 2539 375 2567 si
389 2540 491 2567 dudum
513 2548 634 2570 mortuos
650 2544 756 2571 urbium
777 2543 988 2572 conditorosde-

200 2591 256 2612 nuo
270 2586 352 2613 urbes
380 2589 499 2615 condere
520 2589 620 2616 videat.
648 2590 686 2618 Ex
702 2591 736 2619 iis
761 2591 846 2627 τὺχης
862 2599 910 2619 Sru
927 2590 986 2617 lor-

202 2634 274 2657 lunae
292 2633 452 2660 vocabulum
477 2639 506 2661 ot
528 2635 678 2670 plurimum
702 2638 773 2672 apud
793 2638 918 2664 homines
939 2637 987 2664 de-

201 2674 312 2703 ﬂuxisse
328 2678 456 2706 arbitror.
483 2679 550 2707 Cum
575 2681 649 2708 enim
673 2690 763 2709 rerum
780 2690 841 2717 qua;
864 2690 878 2709 a
895 2682 987 2709 divina

203 2720 376 2752 Providentia
387 2726 608 2760 proﬁciscuntur,
623 2729 755 2756 rationem
773 2729 914 2764 percipere
933 2736 986 2755 non

1041 248 1075 282 τῇ
1087 247 1203 284 Σερόικῇ
1228 250 1258 276 ὲν
1278 249 1411 284 παρέργῳ
1426 249 1629 284 ἐπιμεληθῆναι
1645 248 1833 284 πραγμάτων.

1043 294 1123 327 Ἀγει
1142 294 1196 329 γάρ
1211 304 1268 326 πως
1285 295 1328 329 ἐφ’
1339 295 1475 330 ἑκατέρας
1491 296 1640 330 Παιονικήν
1652 303 1681 321 τε
1697 295 1746 322 καὶ
1764 295 1835 335 Σερ-

1041 339 1131 374 σικὴν,
1149 341 1164 366 ὁ
1176 341 1265 376 χῶρος
1279 338 1367 373 οὗτος,
1392 341 1438 368 καὶ
1452 341 1527 368 ἐστιν
1550 341 1721 376 ἀμφοτέραις
1736 339 1832 367 ἐντεῦ-

1042 386 1089 413 θεν
1104 386 1164 413 δέον
1179 387 1291 414 ἐνιέναι.
1312 388 1446 422 Ascra-{51p
1463 387 1493 420 ὃς
1509 388 1643 422 βασιλέως
1663 387 1756 418 δόντος
1781 386 1834 420 τῆς

1042 432 1176 467 Σερσικῆς
1189 430 1258 468 ἦρχε
1275 433 1314 468 τῷ
1330 434 1402 465 τότε,
1418 434 1513 467 ἐπειδὴ
1527 434 1578 469 τῆς
1591 432 1684 468 χώρας
1693 432 1834 468 ἐγκρατὴς

1042 477 1092 513 ἥδη
1122 478 1241 512 ἐγένετο,
1258 479 1312 505 τῶν
1331 479 1473 514 συνθηκῶν
1503 480 1642 514 ἀλογήσας
1663 478 1782 513 Δένδρας
1802 486 1833 505 τε

1043 522 1136 558 χώρας
1168 523 1293 555 εἰσαῦθις
1321 525 1493 559 μετεποιεῖτο
1524 524 1572 550 καὶ
1599 525 1650 558 τῆς
1688 523 1835 557 Ῥωμαίων

1044 568 1202 602 ἀφηνιάζων
1218 569 1305 603 ἀρχῆς
1326 569 1355 601 ἐς
1373 578 1403 595 τε
1425 569 1594 604 Ἀλαμανοὶις
1611 569 1730 603 ἔπεμψε,
1751 568 1835 602 κῆδος

1043 614 1169 640 ἐντεῦθεν
1194 614 1285 648 ἐαυτῷ
1309 614 1428 648 συνάψαι
1441 614 1605 648 διανοηθεὶς.
1626 614 1675 640 καὶ
1692 613 1745 639 πᾶν
1762 612 1776 639 ὃ
1794 612 1833 648 μὴ

1043 660 1114 686 κατὰ
1128 659 1242 695 γνώμην
1262 659 1409 695 Ῥωμαιοις
1421 658 1455 695 ἦν
1469 660 1563 696 τρόπῳ
1578 659 1661 686 παντὶ
1685 659 1808 695 ἔπρασσε
1823 666 1831 673 '

1042 706 1104 732 τότε
1114 705 1146 739 δὴ
1164 706 1212 733 καὶ
1223 706 1357 740 βασιλέως
1371 705 1456 732 αὑτὸν
1482 705 1733 740 μεταστελλομένου
1750 703 1793 738 ὲφ¹
1809 699 1832 736 ᾧ

1043 753 1115 779 κατά
1130 753 1253 779 Παιόνων
1268 752 1345 787 αὐτῷ
1367 752 1576 787 συστρατεῦσαι,
1599 753 1614 777 ό
1633 751 1662 777 δὲ
1682 750 1834 784 δύστροπις

1043 808 1086 830 τις
1099 801 1147 826 καὶ
1165 798 1381 834 ἰσχυρογνώμων
1399 799 1525 833 ἐφαίνετο
1544 798 1588 824 ἐπὶ
1607 797 1792 832 μακροτέραις
1802 803 1833 821 τε

1043 846 1105 876 ταῖς
1136 845 1244 872 ἐλπίσιν
1273 844 1370 880 ὠχεῖτο
1395 845 1443 871 καὶ
1469 846 1508 876 εἰς
1530 844 1580 879 τὴν
1611 843 1744 870 ἐπιοῦσαν
1782 841 1833 876 τὴν

1042 891 1134 926 ἄφιξιν
1152 892 1319 926 ὑπισχνεῖτο.
1342 891 1372 917 '0
1394 891 1444 926 μὲν
1459 890 1507 917 οὖν
1521 890 1650 925 βασιλεὺς
1673 889 1718 915 διὰ
1733 887 1833 916 ταῦτα.

1040 937 1137 973 ἐπειδὴ
1158 937 1227 973 πρὸς
1241 939 1274 972 τῇ
1292 937 1389 970 Ναῖσῷ
1410 937 1529 970 ἐγένετο,
1543 936 1607 962 ἔνθα
1623 936 1683 962 ταῖν
1696 935 1765 961 όδοῖν
1780 935 1833 968 ἀμ-

1042 985 1182 1019 φωτέραιν
1197 984 1214 1019 ἠ
1238 984 1288 1018 μὲν
1307 984 1354 1012 ἐστὶ
1370 983 1420 1018 τὴν
1435 983 1571 1018 Σερϐικὴν
1586 982 1649 1015 ἄγει
1660 1001 1668 1012 ,
1682 981 1785 1015 Θατέρα
1805 979 1834 1006 δὲ

1040 1027 1088 1054 ἐπὶ
1102 1026 1148 1053 τὸν
1162 1027 1270 1061 Ἴστρον
1284 1026 1332 1052 καὶ
1342 1026 1394 1059 γῆν
1407 1025 1456 1058 τὴν
1470 1024 1626 1057 Παιονικὴν,
1637 1025 1665 1049 ἑν
1676 1023 1833 1058 μεταιχμίῳ

1040 1073 1090 1106 τὴν
1107 1071 1303 1107 στρατοπεδίαν
1318 1071 1447 1105 ἐπήξατου
1463 1063 1573 1106 [9324]
1588 1070 1653 1096 Δεσὲ
1668 1070 1696 1095 δὲ
1710 1069 1756 1095 τὸν
1768 1070 1832 1095 ἑπι-

1042 1118 1218 1153 κρεμάμενον
1245 1118 1296 1153 ἤδη
1322 1117 1446 1143 κίνδυνον
1466 1115 1540 1151 αὐτῷ
1569 1115 1684 1142 συνιδὼν
1707 1116 1738 1141 τὺ
1768 1115 1833 1150 περὶ

1041 1164 1124 1191 αὑτὸν
1139 1163 1282 1190 ἀναλαϐὼν
1299 1163 1461 1197 στράτευμα
1487 1163 1515 1193 ἐς
1543 1161 1574 1188 τὺ
1600 1161 1745 1194 Ῥωμαίων
1770 1161 1835 1194 ἀφι-

1040 1212 1147 1237 κνεῖται
1164 1209 1360 1244 στρατόπεδον.
1377 1208 1511 1239 Βασιλεὺς
1528 1208 1556 1234 δὲ
1572 1207 1698 1242 εὐμενῶς
1713 1215 1743 1233 τε
1759 1206 1834 1241 αὑτῷ

1041 1255 1216 1291 προσηνέχθη
1233 1256 1281 1281 καὶ
1295 1254 1331 1280 τὰ
1346 1255 1440 1280 εἰκότα
1455 1254 1616 1288 τετίμηκεν.
1654 1253 1723 1279 Ἀλλ’
1745 1252 1835 1279 ἔοικεν

1041 1302 1194 1329 ἀκολάστου
1207 1300 1335 1335 γλώσσης
1352 1300 1436 1335 μηδὲν
1453 1299 1558 1333 αἴσχιον
1572 1297 1643 1325 εἶναι
1660 1298 1757 1324 κακόν.
1767 1298 1834 1325 Asc!

1041 1350 1107 1384 γὰρ,
1122 1347 1217 1383 ἐπειδὴ
1241 1347 1325 1382 μηδὲν
1339 1346 1369 1379 ἐξ
1385 1345 1515 1376 ἀϐουλίας
1530 1344 1607 1380 αὐτῷ
1630 1345 1680 1379 τῆς
1697 1344 1835 1378 προτέρας

1042 1394 1199 1430 ξυνενεχθὲν
1215 1393 1286 1427 ἔγνω
1302 1393 1401 1423 κακὸν,
1418 1391 1524 1427 ἐπῆρτό
1537 1400 1567 1418 τε
1583 1391 1632 1424 τὴν
1651 1390 1772 1417 διάνοιαν
1787 1390 1835 1416 καὶ

1042 1440 1129 1476 μείζω
1145 1439 1348 1474 κακουργήσειν
1363 1438 1379 1473 ἢ
1394 1437 1526 1472 πρότερον
1545 1437 1576 1468 ὲς
1603 1435 1757 1469 Ῥωμαίους
1781 1434 1836 1460 διε-

1041 1487 1142 1511 νοεῖτο·
1157 1482 1214 1520 εἶχε
1228 1484 1257 1510 δὲ
1272 1484 1348 1518 ὅμως
1362 1483 1391 1509 ἐν
1407 1482 1560 1518 ἀπορρήτῳ
1572 1481 1603 1508 τὸ
1617 1481 1738 1515 σκέμμα.
1755 1480 1835 1507 Οὕτω

1042 1529 1249 1564 φιλανθρωπίας
1261 1528 1388 1559 ὑπόθεσις
1402 1529 1459 1559 τοῖς
1476 1528 1530 1554 τῶν
1540 1527 1692 1562 ἀνθρώπων
1715 1534 1835 1560 πονηρο-

1041 1573 1134 1605 τάτοις
1148 1573 1199 1607 ὕλη
1212 1572 1344 1607 μειζόνων
1359 1571 1538 1606 ἀδικημάτων
1560 1571 1598 1601 ὡς
1620 1571 1654 1596 τὰ
1682 1569 1767 1596 πολλὰ
1791 1569 1836 1602 γί-

1042 1621 1136 1648 νεσθαι
1151 1620 1257 1647 εἴωθεν.
1273 1616 1361 1646 Ἧκον
1379 1619 1428 1654 μὲν
1445 1619 1500 1653 γὰρ
1520 1617 1603 1652 ὀλίγῳ
1625 1617 1739 1651 ὕστερον
1764 1616 1835 1650 πρέ-

1041 1668 1118 1698 σϐεις
1132 1667 1160 1698 ὲς
1178 1666 1291 1701 βασιλέα
1308 1665 1383 1701 παρά
1404 1664 1451 1691 τοῦ
1469 1664 1592 1703 Παιόνων
1617 1663 1729 1694 ἔθνους*
1763 1663 1777 1688 ό
1805 1663 1834 1689 δὲ

1041 1714 1181 1741 κατὰτινα
1204 1712 1291 1747 τύχην
1321 1712 1416 1743 αὐτοῖς
1436 1709 1644 1743 συναντώμενος
1668 1710 1720 1745 ὅπη
1743 1717 1772 1735 τε
1799 1710 1835 1736 τὰ

1041 1761 1101 1787 κατ’
1134 1759 1216 1786 αὑτὸν
1247 1758 1306 1793 ἔχοι
1327 1758 1396 1793 πρὸς
1421 1757 1510 1783 αὐτῶν
1535 1755 1722 1791 ἡρωτημένος,
1739 1755 1835 1789 ὥσπερ

1041 1807 1101 1838 ἔθος
1120 1806 1204 1836 ἐστὶν,
1219 1803 1461 1839 ἀπαρακαλύπτως
1479 1802 1581 1837 ἔφησεν
1599 1801 1637 1833 ὡς
1665 1800 1755 1832 καλῶς
1786 1801 1836 1827 καὶ

1040 1855 1090 1888 τῆς
1111 1853 1180 1888 πρὸς
1195 1851 1277 1878 αὐτὸν
1294 1851 1412 1884 ἐπαξίως
1423 1850 1469 1877 τοῦ
1489 1851 1564 1885 σφῶν
1582 1849 1665 1885 ρηγὺς
1679 1849 1835 1883 εὐμενείας,

1041 1899 1134 1933 κύριον
1149 1897 1230 1924 αὑτὸν
1241 1896 1378 1931 διαφανῶς
1389 1895 1538 1930 ὀνομάσας.
1566 1894 1658 1921 Ταῦτα
1681 1894 1834 1928 πυθόμενος

1042 1944 1168 1979 βασιλεὺς
1183 1942 1274 1969 οὐκέτι
1292 1942 1400 1977 μέλλειν
1416 1941 1496 1975 ἔγνω.
1511 1941 1559 1968 καὶ
1579 1941 1670 1967 τοίνυν
1688 1940 1734 1966 ἐπὶ
1753 1940 1833 1975 δίκην

1040 1990 1161 2020 καλέσας
1175 1989 1267 2021 αὑτὸν,
1285 1988 1434 2024 ἐπειδήπερ
1448 1988 1570 2023 ἐκράτει.
1589 1987 1644 2013 τῶν
1671 1988 1835 2020 κατηγόρων

1041 2036 1115 2071 αὐτῷ
1144 2036 1192 2063 καὶ
1219 2035 1379 2061 συνειδότων
1409 2035 1481 2061 κατὰ
1504 2034 1653 2069 πρόσωπον
1678 2032 1835 2066 ἱσταμένων

1040 2083 1090 2119 ἤδη
1108 2081 1368 2116 καὶθεατριζόντων
1390 2081 1428 2115 τῷ
1450 2080 1587 2114 ἀνθρώπῳ
1616 2079 1666 2114 τὴν
1690 2079 1835 2112 ἀπιστίαν,

1040 2125 1100 2151 τότε
1118 2125 1167 2160 μὲν
1183 2126 1212 2151 ἐν
1227 2124 1266 2159 τῷ
1281 2124 1398 2158 ἀσφαλεῖ
1413 2124 1468 2160 (67)
1488 2125 1519 2150 οὐ
1536 2125 1585 2150 σὺν
1612 2123 1710 2158 ἀτιμίᾳ
1736 2123 1833 2149 τοῦτον

1041 2173 1104 2208 ἔσχε
1118 2180 1126 2190 ·
1143 2173 1262 2208 ταφριίᾳ
1278 2171 1333 2206 γὰρ
1345 2171 1393 2207 τὴν
1405 2171 1508 2206 σκηνὴν
1523 2171 1597 2206 αὐτῷ
1611 2169 1748 2205 περισχὼν
1762 2170 1835 2196 κατὰ

1039 2218 1085 2245 τὸν
1103 2219 1132 2245 ὲν
1145 2220 1201 2249 τοῖς
1217 2217 1400 2253 χαρακώμασι
1419 2218 1500 2252 νόμον
1512 2217 1615 2251 ἐτήρει,
1632 2217 1670 2247 ὡς
1691 2215 1738 2241 ἀπ’
1759 2216 1833 2241 ὲκεί-

1038 2270 1084 2288 νου
1096 2261 1189 2288 λοιπὸν
1204 2261 1271 2287 Δεσὲ
1286 2261 1395 2296 χάρακα
1408 2261 1454 2287 τὸν
1471 2260 1554 2286 τόπον
1569 2260 1754 2294 ὀνομασθῆναι
1772 2259 1834 2294 (οῦ-

1038 2315 1077 2341 τῳ
1087 2306 1142 2341 γὰρ
1168 2305 1217 2338 τὴν
1242 2306 1374 2340 ταφρείαν
1397 2305 1576 2336 ίδιωτίζοντες
1602 2304 1783 2339 ὀνομάζουσιν
1805 2304 1832 2330 οἱ

1037 2352 1153 2386 πολλοί)·
1167 2351 1252 2387 ὀλίγῳ
1265 2352 1288 2378 δ’
1306 2351 1421 2386 ὕστερον
1442 2352 1472 2381 ἐς
1487 2351 1635 2383 Βυζάντιον
1655 2351 1765 2386 πέμψας
1781 2351 1832 2384 ἒμ-

1037 2403 1156 2430 φρουρον
1171 2395 1199 2421 ἐν
1213 2394 1337 2428 παλατίῳ
1353 2396 1553 2429 κατεστήσατο.
1575 2396 1671 2422 Ταῦτα
1697 2395 1746 2429 μὲν
1764 2395 1832 2430 τῇδε

1037 2441 1156 2475 ἐγένετο,
1179 2440 1308 2476 βασιλεὺς
1320 2441 1348 2467 δὲ
1363 2444 1420 2473 τοϊς
1434 2442 1466 2467 ὲκ
1477 2441 1531 2467 τῶν
1549 2441 1674 2467 Παιόνων
1696 2440 1832 2475 ἀφικομέ-

1040 2495 1097 2518 νοις
1111 2488 1288 2522 χρηματίσας
1304 2487 1463 2523 πρέσῦεσιν,
1479 2487 1573 2523 ἐπειδὴ
1587 2488 1670 2522 μηδὲν
1685 2487 1761 2521 ὑγιὲς
1781 2487 1832 2512 αὺ-

1041 2533 1106 2563 τοὺς
1120 2533 1345 2566 ἀπαγγέλλοντας
1368 2533 1449 2567 ἔγνω,
1467 2533 1593 2560 ἐκέλευεν
1613 2532 1750 2566 εὑθυωρὺν
1780 2530 1829 2557 τοῦ

1048 2578 1202 2612 Ῥωμαϊκοῦ
1216 2578 1423 2613 ἀπαλλαγέντας
1455 2579 1638 2615 στρατοπέδου
1668 2577 1717 2613 τὴν
1744 2576 1832 2611 αὐτὴν

1040 2623 1120 2656 αὖθις
1150 2624 1329 2660 πορεύεσθαι.
1356 2626 1388 2652 οι
1415 2626 1464 2660 μὲν
1490 2623 1538 2659 οὖν
1567 2623 1771 2660 ἀπῄεσαν,ὁδὲ
1783 2623 1832 2649 ἐπὶ

1040 2672 1194 2708 Βελέγραδα
1210 2672 1289 2698 πόλιν
1306 2672 1390 2699 ἐλθὼν
1404 2672 1522 2700 ἐνταῦθα
1535 2672 1675 2708 ηὐλίσατο,
1688 2671 1731 2706 ἢν,
1742 2669 1832 2696 καθά-

1040 2726 1093 2752 περ
1112 2718 1229 2753 εῐρηται,
1245 2717 1395 2752 Ζεύγμινον
1403 2718 1529 2745 καθελὼν
1553 2719 1567 2745 ὸ
1595 2716 1738 2752 Ῥωμαίων
1758 2713 1831 2742 ἔδει·

880 2800 928 2829 Du
945 2798 1055 2837 Cangii
1074 2802 1168 2828 notae.

240 2851 295 2887 (G7)
316 2853 364 2881 Ἐν
375 2854 415 2887 τῷ
429 2856 569 2890 ἀσφαλεῖ.
587 2857 688 2885 Bellmn
703 2859 754 2886 hoc
768 2858 909 2886 Set-vicum
923 2865 987 2892 pros

1043 2858 1096 2885 itur
1107 2857 1189 2885 etiam
1216 2857 1338 2891 Nieetas,
1357 2858 1374 2885 l.
1388 2865 1424 2891 tv,
1443 2867 1471 2885 n.
1487 2858 1514 2885 ι.
