1961 3073
115 181 168 213 585

710 175 977 206 HISTORIARUM
1000 177 1071 207 LIB.
1094 178 1124 209 V.

1150 122 1171 131 ..4

1686 181 1737 214 585

115 246 145 263 τε
158 235 250 272 χώραν
271 233 398 262 ἀπεδίδου
410 235 456 261 καὶ
467 233 640 270 παράκλησιν
661 233 784 269 προσῆγε
801 233 901 268 μηκέτι

966 234 1080 269 ιτὶιιειιρε
1099 235 1168 262 bello
1191 235 1324 270 dirempto
1346 235 1373 262 in
1396 235 1533 263 Romanos
1554 242 1637 271 prope
1661 237 1739 264 rediit

115 283 245 318 Στεφάνῳ
265 282 336 308 κατὰ
350 282 399 317 τῆς
415 281 549 316 Οὗννικῆς
564 281 671 314 ἐφιέναι
687 279 846 314 στρατεύειν
865 279 903 314 τῷ

117 330 193 365 θείῳ.
207 329 300 363 "Amp
318 329 332 354 ὁ
343 327 470 362 βασιλεὺς
484 326 716 362 προσδεξάμενος,
729 325 775 351 τὸν
787 324 904 358 πόλεμον

115 375 200 406 λύσας
217 374 254 405 ὡς
272 374 318 400 ἐπὶ
339 373 388 407 τὴν
419 372 564 408 Ῥωμαίων
587 371 741 407 μετέδαινε,
777 370 905 404 Στεφάνῳ

115 429 146 447 τε
166 420 283 455 παρῄνει
304 418 531 446 ἀπαλλάσσεσθαι
560 418 611 453 ἤδη
635 417 684 452 τῆς
706 417 839 451 Οὺννικῆς
858 415 906 441 καὶ

117 467 200 493 αὑτὸν
224 466 272 492 ἅτε
295 465 380 501 πείρᾳ
403 465 524 500 μαθόντα
541 463 572 490 τὸ
595 464 659 498 περὶ
689 463 771 489 αὑτὸν
793 461 905 488 δύσνουν

116 513 171 540 τῶν
187 512 345 547 ὁμοφύλων.
380 510 489 537 Πειθειν
512 509 533 536 δ’
546 510 595 536 οὐκ
611 509 681 544 ἔχων
702 509 747 535 τὸν
761 508 906 542 ἄνθρωπον

120 567 129 584 t
156 557 226 591 Ἐγὼ
245 557 294 592 μὲν
309 577 316 589 ,
335 556 398 591 ἔφη,
421 556 520 590 ἄπειμι
537 556 604 590 ἠδη⁶
625 554 830 588 ἀνασωσαμένῳ
851 552 906 586 γάρ

119 613 164 640 μοι
181 604 230 639 τὴν
243 605 335 639 χώραν
346 603 385 637 τῷ
400 603 470 638 Βελᾷ
495 603 585 638 μάχης
602 603 643 630 ὅτι
660 602 697 638 μὴ
714 601 809 628 ἀδίκου
827 600 906 634 λόγος

117 650 310 676 ὑπολέλειπται
325 649 412 680 οὐδείς
422 657 430 665 ο
445 648 477 674 σὺ
490 648 517 675 δὲ
531 648 581 674 οὐκ
596 649 634 679 εἰς
647 648 755 683 μακρὰν
770 647 824 674 [σοι
837 656 906 682 προ-

120 694 305 729 δοθησόμενος
333 695 389 725 τοῖς
413 694 529 729 ἐχθροῖς.
558 694 588 720 Εἰ
609 693 699 728 βούλει
729 694 767 725 δὲ,
792 694 840 720 καὶ
867 695 907 725 εἰς

117 740 178 775 δψιν
192 740 254 775 ἄρτι
269 739 299 766 τὸ
311 739 429 775 πρᾶγμά
441 748 482 766 σοι
495 740 667 774 παραστήσω
680 739 757 765 Ἔστι
771 747 812 765 σοι
828 739 906 766 ἀδελ-

119 786 211 822 φιδοῦς
228 787 366 821 Στέφανος
385 786 442 820 (88)
458 785 579 820 τοσούτῳ
598 786 632 812 τὰ
646 786 684 816 εἰς
701 786 809 821 μορφὴν
823 786 907 820 ἐμφε-

121 833 182 868 ρὴς,
197 833 252 867 ὅσῳ
263 833 319 863 τοῖς
331 831 508 866 ἀπεριέργως
526 832 554 862 ές
566 831 639 866 ὑμᾶς
653 830 737 864 ὁρῶσι
756 831 907 866 πράγματα

121 877 190 904 εἶναι
218 878 335 913 Θατέρου
361 876 527 911 διαιρεῖσθαι
556 876 602 902 τὸν
622 876 726 912 ἕτερον.
753 875 854 902 Τοῦτον
873 876 905 909 δὴ

120 923 212 954 ὅπλοις
238 924 295 954 τοῖς
316 921 414 949 σαυτοῦ
438 922 580 956 κοσμήσας
605 921 735 948 κέλευσον
761 922 790 948 τὸ
806 921 859 948 ὑπό
875 929 906 947 σε

120 967 324 1002 ἀναλαϐόμενον
337 967 495 1002 στράτευμα
508 967 554 993 ἐπὶ
561 967 624 998 τοὺς
639 967 786 1002 πολεμίους
797 968 906 1002 χωρεῖν.

121 1014 156 1040 Σὺ
177 1013 205 1040 (ῖὲ
222 1012 340 1039 ἐνταῦθά
362 1020 414 1039 που
431 1011 681 1046 κατακρυῲάμενος
705 1011 803 1038 ἑαυτὸν
818 1013 908 1046 τήρει,

106 1063 167 1086 ικαὶ
197 1060 289 1095 γνώσῃ
313 1059 411 1086 αὐτίκα
444 1059 518 1090 ὅπως
544 1058 609 1084 ποτέ
636 1066 676 1084 σοι
707 1056 909 1093 προσφέρονται

120 1103 226 1132 Οὗννοι.
238 1114 247 1130 ι
270 1105 300 1130 '0
318 1104 367 1138 μὲν
381 1101 428 1130 οὖν
441 1103 583 1138 σκαφίδιον
596 1103 682 1137 ἐμϐὰς
699 1103 764 1138 περι
788 1110 844 1129 που
860 1103 909 1133 τὰς

120 1151 167 1178 τοῦ
185 1151 294 1184 Ἴστρου
309 1149 449 1176 λανθάνων
467 1149 596 1176 ἐσάλευεν
615 1149 710 1183 ὄχθας,
726 1149 740 1175 ὁ
754 1148 782 1174 δὲ
799 1148 910 1182 ἀδελφι-

120 1197 182 1228 δοῦς
204 1196 286 1224 αὑτοῦ
313 1196 448 1230 Στέφανος
470 1195 528 1230 ἅμα
545 1196 600 1226 τοῖς
615 1195 682 1230 περὶ
701 1195 783 1221 αὑτὸν
800 1194 911 1225 Οὒννοις

121 1243 249 1278 Στεφάνῳ
265 1241 303 1277 τῷ
325 1242 389 1277 ρηγὶ
411 1241 658 1276 συμπλακήσεσθαι
675 1240 830 1278 ἠπείγετο-λ
841 1239 911 1267 Ἀλλ’

120 1289 196 1316 οὔτ-,ω
211 1290 238 1320 ἐς
257 1288 355 1315 ταυτὸν
370 1287 495 1322 ἀλλήλοις
507 1287 633 1321 ἐγένοντο
652 1287 685 1313 τὰ
707 1276 912 1322 στρατεύὶιιατα,

121 1336 168 1362 καὶ
187 1336 211 1361 οἱ
233 1335 281 1361 σὺν
301 1334 340 1368 τῷ
366 1333 495 1368 Στεφάνῳ
518 1331 615 1359 Οὖννοι
630 1333 722 1368 χεῖρας
738 1331 914 1363 ὲπιὸαλόντες

126 1381 203 1415 αὐτῷ
221 1381 258 1411 ὠς
275 1379 356 1406 αὐτὸν
370 1380 415 1405 τὸν
432 1379 618 1414 πρεσϋύτερον
634 1379 771 1412 Στέφανον
784 1378 824 1412 τῷ
849 1377 914 1412 ρηγὶ

122 1425 303 1461 παρετίθεσαν
324 1424 467 1460 φέροντες.
489 1425 550 1455 Τοῖς
561 1424 610 1459 μὲν
622 1424 733 1455 Οὗννοις
749 1424 765 1459 ὴ
783 1423 872 1458 πλάνη
886 1424 915 1449 ὲν

123 1471 191 1507 τῷδε
203 1471 340 1497 ἐτελεύτα·
361 1470 488 1505 βασιλεὺς
502 1470 530 1496 δὲ
544 1469 698 1504 πυθόμενος
709 1468 798 1496 ταῦτα
813 1469 916 1504 παραι-

123 1526 196 1545 νεσιν
221 1517 347 1552 Στεφάνῳ
364 1517 513 1551 προσῆγεν,
529 1525 539 1542 ι
558 1515 688 1551 ’Λπόχρη,
710 1515 808 1549 λέγων,
822 1513 844 1542 ὦ
871 1515 917 1542 ἇν-

955 281 1032 308 llnes.
1051 280 1216 315 Stephanum
1231 286 1322 309 autem
1340 281 1463 309 hortatus
1481 286 1522 309 est
1537 281 1694 316 imperator,
1709 288 1739 310 ut

953 331 979 352 et
995 326 1052 361 ipse
1067 327 1100 354 ah
1115 326 1250 362 ilungaria
1265 328 1418 359 excederet.
1434 332 1464 355 ut
1476 329 1521 362 qui
1538 336 1632 355 revera
1647 329 1739 356 odium

932 394 935 397 .
953 379 1017 406 erga
1033 379 1062 399 se
1076 373 1344 409 indignationemun
1355 375 1547 402 contribulium
1561 380 1634 402 esset
1645 382 1740 409 exper-

957 422 1010 444 tus.
1024 416 1076 444 Sed
1091 426 1152 444 cum
1167 418 1195 445 id
1209 418 1310 445 homini
1327 418 1490 453 persuadere
1504 418 1573 446 haud
1588 419 1718 452 potuisset
1731 427 1738 446 :

955 463 1012 497 Ego
1031 463 1151 498 quidem,
1168 463 1266 498 inquit,
1284 472 1356 492 nunc
1376 465 1487 498 ret-edo;
1510 464 1571 491 Beia
1592 465 1690 500 quippe
1713 464 1740 492 in

957 511 1089 545 integrum
1118 511 1259 542 restituto,
1279 511 1351 537 nulla
1374 511 1437 538 mihi
1462 510 1579 546 amplius
1601 511 1662 538 belli
1688 511 1740 539 nisi

956 555 1048 590 injusti
1066 557 1134 583 ratio
1151 556 1322 591 relinquitur.
1336 555 1375 583 Tu
1393 564 1456 584 vero
1472 565 1521 591 pro
1537 563 1612 584 certo
1629 557 1700 584 scias
1715 561 1741 585 te

957 602 1031 628 brevi
1050 602 1167 630 inimicis
1185 602 1238 630 tuis
1257 603 1423 637 prodendum
1442 610 1517 635 esse;
1537 607 1564 629 et
1581 605 1603 631 si
1622 602 1740 634 videtur,

957 647 1092 681 quomodo
1107 647 1133 674 id
1147 647 1270 675 futurum
1287 648 1321 675 sit
1334 647 1485 675 ostendam.
1500 647 1533 675 Et
1549 648 1595 675 tibi
1612 656 1644 676 ex
1659 649 1742 676 fratre

958 701 1040 727 nepos
1063 694 1227 729 Stephanus,
1247 695 1313 721 adeo
1332 694 1405 720 vuitu
1425 698 1451 721 et
1471 693 1552 729 225
1573 693 1742 722 lineamentis

959 738 1009 765 tibi
1028 738 1135 769 similis,
1153 743 1181 765 ut
1199 739 1250 766 nisi
1267 743 1370 767 attente
1388 739 1533 767 admodum
1549 747 1598 767 vos
1614 740 1744 767 intuenti-

959 786 1008 812 bus
1029 785 1100 812 haud
1123 783 1200 812 facile
1223 785 1259 812 sit
1279 785 1392 812 alterum
1416 785 1449 812 ab
1472 784 1556 812 altero
1576 785 1742 813 discernere.

959 831 1038 859 Hune
1052 831 1106 859 tuis
1122 831 1245 858 indututn
1260 832 1344 858 armis
1357 831 1423 866 jube
1441 837 1486 859 tuo
1501 839 1561 859 cum
1580 831 1699 859 exercitu
1717 831 1743 858 in

960 878 1063 905 hostem
1082 877 1122 904 ire
1140 885 1148 904 :
1168 882 1195 905 tu
1212 884 1276 904 vero
1294 877 1395 905 interea
1414 882 1440 905 te
1457 878 1483 905 in
1500 877 1608 905 occulto
1626 882 1701 909 tene,
1717 883 1745 904 et

959 931 1055 951 nosces
1068 923 1198 950 continuo
1211 923 1298 957 qualis
1313 924 1347 950 sit
1359 931 1422 958 erga
1439 929 1464 951 te
1478 922 1666 958 liungarorum
1680 922 1745 950 alio.

958 975 1030 997 ctus.
1051 979 1061 995 I
1088 969 1134 996 ille
1156 969 1240 1004 igitur
1263 969 1390 1003 scapham
1412 969 1560 1004 ingressus,
1579 969 1648 995 clam
1672 968 1745 995 circa

960 1016 1021 1044 lstri
1040 1017 1114 1051 ripas
1130 1015 1276 1050 obnavigat
1293 1024 1300 1041 ε
1322 1015 1424 1042 interea
1440 1015 1502 1042 dum
1521 1015 1594 1042 illius
1611 1023 1645 1042 ex
1661 1014 1746 1042 fratre

960 1069 1046 1096 nepos
1077 1060 1230 1095 Stephanus
1259 1067 1321 1087 cum
1347 1059 1509 1094 Hungaricis
1536 1056 1603 1095 quas
1630 1060 1746 1087 habebat

962 1106 1048 1141 copiis
1064 1114 1125 1133 cum
1143 1113 1206 1140 rege
1222 1105 1360 1140 Stephano
1376 1104 1497 1139 praelium
1515 1104 1632 1131 initurus
1650 1104 1747 1139 depro-

963 1157 1048 1187 perat.
1063 1152 1115 1180 Sed
1130 1152 1248 1179 nondum
1264 1151 1383 1179 coiverat
1399 1155 1512 1185 uterque
1525 1150 1671 1183 exercitus,
1685 1158 1746 1178 cum

964 1198 1009 1232 qui
1034 1197 1201 1232 Stephanum
1225 1197 1423 1224 comitabantur
1445 1195 1581 1231 llungari,
1600 1193 1696 1223 tnan‘us
1719 1196 1747 1222 in

963 1243 1037 1271 illutn
1064 1243 1205 1278 injiciunt,
1224 1248 1251 1270 et
1276 1247 1402 1277 tanquam
1428 1246 1499 1269 esset
1524 1241 1679 1276 Stephanus
1704 1240 1749 1268 illo

964 1290 1072 1321 senior,
1097 1296 1189 1316 coram
1217 1295 1279 1322 rege
1306 1296 1367 1315 eum
1394 1287 1501 1315 sistunt.
1525 1287 1554 1314 ln
1584 1288 1617 1315 iis
1640 1287 1749 1322 quidem

965 1335 1154 1369 liungarorutn
1182 1341 1258 1362 error
1282 1333 1373 1360 desiit.
1395 1333 1540 1367 Postquam
1567 1341 1598 1360 ea
1623 1333 1750 1368 princeps

966 1381 1113 1413 intellexit,
1129 1380 1228 1407 iterum
1252 1379 1393 1406 admonuit
1415 1379 1580 1413 Stephanum
1605 1386 1613 1406 :
1640 1387 1651 1404 ι
1673 1378 1751 1406 Nunc

967 1428 1086 1460 tandem,
1102 1426 1239 1461 inquiens,
1253 1425 1361 1457 suﬂicit.
1377 1425 1413 1452 mi
1428 1425 1519 1453 homo.
1534 1425 1569 1453 Ut
1582 1425 1654 1452 enim
1670 1425 1752 1453 rebus

966 1482 996 1501 se
1010 1474 1138 1501 intricare
1153 1480 1205 1500 non
1222 1472 1384 1500 necessariis
1398 1471 1588 1507 periculosum,
1603 1471 1638 1498 ita
1654 1472 1752 1498 intem«

968 1520 1071 1555 pestiva
1086 1519 1194 1553 aggredi
1210 1518 1323 1546 stultutn
1339 1522 1392 1545 est.
1408 1517 1477 1544 Ecce
1490 1517 1545 1551 jam
1564 1518 1605 1545 bis
1621 1517 1751 1550 didicisti,

124 1563 227 1598 θρωπε,
250 1563 291 1594 Ὠς
308 1562 362 1597 γὰρ
374 1561 411 1596 τῷ
427 1561 471 1597 [Ρ.
482 1560 544 1596 15η
569 1561 607 1596 μὴ
627 1561 740 1588 ὲνδέοντι
757 1560 915 1588 ἀναπίπτειν

969 1571 1069 1603 quanta
1083 1565 1129 1593 tibi
1145 1565 1352 1599 unumquodque
1364 1571 1397 1590 ex
1412 1563 1445 1590 iis
1459 1563 1592 1598 paraverit
1607 1563 1678 1590 mala
1695 1571 1703 1590 :
1719 1570 1753 1590 ne

124 1609 281 1643 lni::pa).é;,
299 1609 368 1635 οὓτω
388 1608 420 1644 δὴ
442 1608 473 1634 τὸ
496 1608 667 1643 παρακαίρια.
683 1607 786 1643 τολμᾷν
801 1607 916 1642 ἀμαθές.

132 1655 196 1682 Ἰδοὺ
225 1655 266 1686 δὶς
299 1655 372 1689 ἔχεις
400 1654 494 1689 μαθὼν
510 1654 598 1681 ὁπόσα
616 1662 657 1680 σοι
670 1653 700 1680 τὸ
721 1653 784 1680 καθ’
799 1653 917 1680 ἕκαστον

125 1701 310 1737 προύξένησεν
330 1701 380 1735 ἠδη
405 1700 491 1728 κακὰ,
576 1700 624 1726 καὶ
639 1699 735 1734 τρίτην
755 1700 916 1735 ἀναμείνῃς,

125 1744 148 1773 ὦ
163 1747 295 1782 βέλτιστε,
319 1748 428 1781 πεῖραν.
453 1745 530 1780 Τάχα
547 1745 601 1781 γὰρ
620 1745 680 1771 οὐδὲ
693 1744 863 1777 διορθοῦσθαι
877 1753 918 1771 σοι

127 1791 282 1827 βουλομένῳ
294 1792 411 1819 ἐνέσται.
419 1801 429 1818 ι
439 1791 571 1822 Βασιλεὺς
587 1791 637 1826 μὲν
645 1791 763 1818 τοσαῦτα
777 1791 870 1825 ἔλεγεν
881 1798 888 1806 ’
904 1792 918 1818 ὸ

125 1838 165 1870 δὲ,
178 1846 187 1863 ι
202 1838 258 1864 Νῦν
271 1838 381 1872 μᾶλλον,
392 1836 479 1870 εἶπεν,
497 1837 652 1864 αὶδέσονταί
668 1845 702 1871 με
720 1836 824 1870 Οῧννοι,
837 1836 917 1863 ὁπότε

130 1884 355 1919 κακουργοῦντες
374 1884 426 1919 ήδη
440 1883 644 1919 πεφώρανται.»
679 1882 757 1909 οὕτω
774 1883 846 1918 ψυχὴ
869 1891 920 1909 καη

128 1931 220 1963 θάπαξ
239 1931 399 1966 ἐπιθυμίαις
423 1930 525 1957 ἁλοῦσα
548 1930 637 1957 πάντα
663 1930 741 1964 λόγον
769 1931 810 1962 εἰς
831 1929 919 1962 αὑτὰς

130 1978 279 2013 μεταφέρει
295 1978 342 2005 καὶ
358 1977 493 2012 βιάζεται.
517 1977 576 2011 Ἐφ’
603 1974 644 2008 οἷς
662 1977 823 2012 ἀπειρηκὼς
843 1978 920 2012 βασι-

128 2025 191 2056 λεὺς
204 2024 358 2060 Νικηφόρον
373 2024 422 2059 μὲν
433 2023 479 2050 τὸν
492 2023 639 2058 Χαλούφην
655 2023 739 2051 αὑτοῦ
754 2023 845 2049 ἔλιπεν
861 2023 919 2057 ἅμα

131 2070 332 2106 στρατεύματι,
353 2069 599 2104 συμπαρεσόμενόν
628 2077 658 2095 τε
675 2069 714 2104 τῷ
729 2069 857 2103 Στεφάνῳ
872 2069 920 2095 καὶ

131 2117 166 2143 τὰ
178 2116 394 2152 παραπίπτοντα
415 2115 683 2150 συνδιοικησόμενον.
706 2115 736 2141 ‘0
759 2114 787 2141 δὲ
807 2114 853 2140 ἐπὶ
871 2115 921 2148 τὴν

135 2159 280 2194 Ῥωμαίων
298 2157 390 2194 ἦλθεν.
409 2159 446 2186 Οὺ
465 2159 532 2185 πολὺ
555 2160 586 2186 τὸ
604 2159 716 2194 μεταξὺ,
735 2159 781 2185 καὶ
798 2158 920 2193 πυθόμε-

131 2213 177 2236 νος
189 2206 203 2231 ὀ
224 2205 278 2231 τῶν
287 2204 396 2232 Οὖννων
412 2205 462 2240 eae
476 2205 522 2231 ἐπὶ
538 2205 672 2239 Οὺννικῆς
685 2205 822 2239 Στέφανον
837 2205 920 2230 εἰσέτι

968 1619 995 1640 et
1012 1612 1102 1644 tertio,
1116 1611 1186 1638 bone
1200 1611 1253 1643 vir,
1269 1609 1360 1637 facere
1377 1610 1525 1644 periculum
1544 1607 1610 1636 velis
1628 1617 1635 1635 ε
1654 1607 1753 1636 fortas-

969 1660 1007 1687 sis
1021 1657 1093 1685 enitn
1110 1656 1285 1684 emendandae
1303 1655 1387 1689 culpa:
1403 1654 1516 1682 facultas
1531 1662 1583 1680 non
1600 1654 1721 1681 daretur.
1739 1663 1748 1680 ι

968 1702 1032 1730 Haec
1045 1701 1153 1737 quidem
1169 1700 1331 1735 imperator;
1348 1699 1392 1726 ille
1405 1707 1467 1726 vero
1483 1706 1490 1725 :
1507 1708 1517 1725 ι
1533 1699 1567 1726 At
1583 1707 1654 1726 nunc
1668 1699 1754 1726 multo

969 1748 1066 1783 magis,
1085 1747 1183 1782 inquit,
1200 1754 1243 1774 me
1258 1747 1453 1774 reverebantur
1466 1744 1596 1780 Hungari,
1610 1745 1672 1779 quia
1692 1753 1754 1781 per-

969 1801 1062 1828 peram
1085 1793 1175 1828 egisse
1192 1791 1352 1826 deprehensi
1376 1796 1451 1818 sunt.
1471 1800 1481 1817 ι
1506 1791 1543 1818 Ita
1566 1791 1653 1818 victus
1671 1791 1756 1818 seme.‘

969 1840 1161 1875 cupiditatibus
1184 1839 1292 1866 animus
1312 1845 1406 1866 omnes
1428 1846 1461 1866 eo
1483 1837 1614 1865 transfert
1633 1837 1754 1873 rapitque

970 1887 1157 1922 cogitationes.
1174 1885 1321 1920 Imperator
1331 1884 1414 1919 igitur
1425 1884 1563 1911 hominem
1576 1882 1755 1918 persuadendi

971 1941 1046 1968 spem
1079 1939 1187 1959 omnem
1217 1931 1347 1965 abjiciens
1377 1929 1559 1965 Nicephorum
1590 1925 1772 1965 Chaluphent'

970 1978 1053 2013 226
1067 1978 1103 2004 ibi
1118 1985 1179 2004 cum
1197 1977 1316 2004 exercitu
1332 1976 1468 2011 relinquit,
1481 1979 1510 2002 ut
1525 1975 1664 2010 Stephano
1679 1976 1755 2002 ades-

971 2030 1024 2057 set,
1041 2029 1067 2052 et
1088 2028 1168 2058 prout
1189 2030 1233 2050 res
1255 2022 1423 2057 postularent
1442 2022 1546 2056 negotia
1567 2029 1620 2048 una
1641 2029 1702 2048 cutn
1724 2029 1756 2048 co

971 2070 1121 2105 expediret.
1137 2069 1198 2103 Ipse
1219 2069 1326 2096 interim
1347 2069 1372 2095 in
1390 2068 1456 2095 fines
1472 2067 1655 2095 Romanorum
1672 2067 1756 2095 venit.

971 2113 1029 2141 Non
1063 2114 1147 2140 multo
1178 2117 1255 2147 post,
1283 2112 1328 2138 ubi
1362 2113 1466 2147 accepit
1494 2111 1682 2146 [iungarorum
1711 2120 1757 2139 rex

973 2160 1142 2194 Stephanum
1165 2158 1253 2186 adhuc
1275 2158 1302 2185 in
1325 2157 1462 2194 Hungaria
1484 2158 1596 2191 morari,
1613 2158 1758 2194 majoribus

971 2205 1120 2234 contractis
1141 2204 1238 2240 copiis.
1257 2211 1313 2231 rem
1338 2209 1420 2231 totam
1441 2204 1511 2231 bello
1533 2205 1680 2232 decernere
1701 2210 1760 2232 sta-

130 2251 275 2286 διατριὸὴν
299 2251 446 2284 ποιεῖσθαι,
466 2251 594 2286 δυνάμεις
616 2251 656 2277 ἔτι
679 2251 780 2286 μᾶλλον
804 2251 915 2286 ἀγείρας

974 2252 1037 2280 tuit.
1054 2251 1158 2278 Interea
1175 2250 1268 2278 multis
1285 2250 1384 2284 ubique
1397 2250 1430 2277 de
1445 2249 1575 2284 Stephani
1592 2251 1712 2278 exercitu
1727 2251 1759 2277 ad

133 2296 245 2331 πολέμῳ
255 2297 286 2322 τὺ
296 2298 349 2323 πᾶν
359 2296 493 2331 διακρῖναι
503 2297 640 2332 ἠπείγετο.
660 2295 704 2323 Ἐν
719 2297 747 2323 δὲ
758 2295 845 2331 τούτῳ
857 2295 921 2322 πολ-

133 2341 174 2368 λοὶ
198 2341 253 2368 τῶν
276 2343 324 2368 σὺν
344 2342 472 2377 Στεφάνῳ
486 2342 533 2368 ἐπὶ
563 2342 608 2369 τὸν
633 2342 708 2378 ρῆγα
740 2341 921 2377 μετατιθέμε-

134 2395 175 2414 νοι
198 2387 326 2414 ἑκάστοτε
353 2387 495 2422 ψιλοῦσθαι
518 2388 612 2414 τοῦτον
627 2388 745 2415 ὲποίουν.
766 2388 798 2414 Ὂ
811 2387 890 2421 γνοὺς
907 2387 922 2413 ὀ

134 2433 281 2468 Χαλούφης
293 2433 390 2469 βουλὴν
405 2435 543 2469 προσῆγεν
557 2434 636 2470 αὐτῷ
644 2433 693 2468 τῆς
703 2434 837 2469 Οὑννικῆς
855 2434 921 2461 ἁπο-

136 2481 261 2515 σχομένῳ
279 2481 324 2506 ὲπὶ
354 2480 466 2516 Σίρμιον
481 2480 639 2515 ἀφικέσθαι.
655 2481 710 2516 Τῆς
735 2482 790 2515 γὰρ
804 2480 922 2508 ἐνταῦθα

136 2526 229 2561 χώρας
243 2526 294 2553 ὑπὸ
308 2526 411 2562 βασιλεῖ
428 2526 558 2562 κειμένης
573 2526 676 2558 ἐξεῖναι
693 2526 769 2562 αὐτῷ
777 2525 853 2560 ἔλεγε
865 2526 925 2553 κατ’

136 2572 260 2604 ἐξουσίαν
267 2569 308 2604 οἷς
316 2572 349 2599 ἂν
358 2572 478 2608 βούλοιτο
485 2573 630 2607 ἐγχειρεῖν.
644 2571 688 2604 Ὠς
697 2572 718 2599 δ’
729 2572 848 2607 ἰσχυρῶς
857 2571 928 2598 ἐκεῖ·

137 2626 185 2650 νος
193 2618 331 2652 ἀνένευεν,
348 2620 362 2645 ὁ
387 2618 416 2645 δὲ
423 2618 513 2645 τοιάδε
525 2619 636 2646 ἐνενόει.
652 2618 830 2654 Σκηψὰμενος
839 2619 929 2654 γράμ-

974 2305 1066 2334 ιιεεειη
1087 2296 1291 2329 deﬁcientibus,
1309 2296 1498 2323 minuebantur
1514 2296 1587 2323 illius
1603 2297 1691 2330 vires;
1707 2304 1759 2331 quo

975 2345 1100 2380 cognito,
1115 2343 1270 2378 Chaluphes
1293 2343 1437 2370 consilium
1458 2343 1483 2370 ei
1507 2343 1596 2375 dedit,
1616 2347 1646 2370 ut
1665 2343 1759 2371 relicta

976 2390 1113 2426 Hungaria
1126 2391 1153 2417 in
1168 2389 1344 2417 Sirmieusem
1361 2397 1454 2423 agrum
1469 2389 1632 2416 concederet
1646 2397 1653 2416 :
1670 2389 1696 2416 in
1711 2390 1760 2416 ista

977 2437 1050 2465 enim
1064 2436 1175 2471 regione
1191 2436 1348 2471 imperatori
1362 2435 1484 2469 subdita,
1495 2442 1574 2470 posse
1587 2435 1660 2463 illum
1673 2435 1760 2463 aiebat

979 2492 1029 2520 pro
1046 2483 1159 2511 arbitrio
1174 2491 1234 2518 qua:
1251 2483 1332 2510 vellet
1346 2483 1446 2510 moliri.
1459 2482 1513 2510 Sed
1531 2483 1577 2510 illo
1596 2482 1761 2517 pertinacius

979 2534 1119 2562 renuente,
1137 2529 1191 2556 tale
1209 2529 1274 2563 quid
1295 2528 1523 2556 comminiscitur.
1540 2528 1656 2556 Litteras
1676 2529 1761 2563 impe-

981 2575 1078 2602 ratoris
1092 2575 1195 2609 fingens
1209 2574 1260 2602 sibi
1275 2581 1337 2602 esse
1353 2574 1462 2606 allatas,
1476 2581 1573 2601 versus
1587 2572 1684 2601 lstrum
1699 2580 1763 2608 pro-

982 2620 1069 2648 fectus
1091 2625 1142 2653 est,
1159 2625 1190 2647 ut
1212 2627 1260 2648 eos
1282 2620 1329 2654 qui
1348 2619 1408 2647 illas
1426 2618 1576 2647 attulerant
1596 2618 1687 2654 ibique
1709 2626 1762 2653 prae

821 2689 870 2719 Du
886 2689 996 2729 Cangii
1014 2692 1106 2720 noue.

177 2747 234 2784 (88)
254 2747 446 2784 Ἁδελφιὸοῦς
468 2749 632 2784 Στέφανος.
645 2748 687 2776 An
706 2747 835 2776 Vladislai
861 2748 933 2783 regis

140 2783 235 2824 filius?
252 2790 326 2824 certe
342 2786 375 2810 de
388 2783 519 2824 V.l_ad_islai
534 2783 780 2824 .Stepltauilfratris
796 2784 932 2824 cortptibio

141 2818 224 2853 silent
234 2819 390 2853 scriptores.
407 2819 460 2846 Sed
476 2826 525 2846 nec
536 2818 624 2846 simile
639 2818 746 2845 videtur
758 2826 832 2850 vero,
847 2818 930 2844 ﬁliuni

141 2852 379 2889 Vladislai,'cujns
392 2854 510 2889 nuptias,
521 2854 544 2881 si
560 2861 628 2888 quas
642 2853 712 2886 iniit,
725 2858 785 2888 post
798 2853 932 2886 Stephani

142 2888 237 2916 fratris
265 2888 340 2916 cum'
359 2888 444 2916 Maria
471 2889 610 2916 Coruncna
649 2889 813 2917 connubiutu
844 2889 931 2916 factas

301 2936 435 2967 l’amoc.
465 2937 524 2968 (Ξει.
546 2936 705 2968 CXXXIII.

980 2753 1096 2781 constat,
1118 2749 1205 2782 ipsum
1231 2749 1398 2784 Stephanum
1415 2749 1488 2776 vultu
1507 2752 1535 2777 et
1551 2756 1599 2777 ore
1621 2749 1764 2784 adeorex-

982 2784 1128 2817 pressisse,
1152 2785 1198 2817 qui
1227 2783 1308 2817 actate
1335 2785 1420 2812 multo
1445 2784 1557 2811 inferior
1581 2788 1651 2811 erat.
1677 2783 1767 2811 Malim

981 2818 1064 2858 igitur
1077 2819 1303 2858 per_dz6ekpt§ov3v_
1329 2819 1451 2858 Μιχαὴλ
1474 2819 1627 2858 quempiam
1652 2819 1735 2858 altum
1753 2827 1770 2847 ο

980 2853 1067 2893 stirpe
1083 2853 1305 2893 regini-Stephani
1331 2853 1698 2893 senioriscottsaiiguincum
1723 2854 1765 2881 iu-

980 2889 1147 2916 in‘tellexisse
1161 2889 1334 2924 Cinnamunt,
1349 2891 1473 2925 quisquis
1486 2890 1531 2916 ille
1551 2890 1603 2916 fuit

1529 2933 1564 2967 19
