1961 3073
222 163 274 194 587

866 157 1027 189 JOANNIS
1047 157 1208 187 CINNAMI

1798 154 1852 186 588

222 219 408 254 Ilungarorum
433 220 503 242 metu
528 215 721 247 substiterant,
741 216 910 242 conveniret.
929 215 1006 241 Post-

1069 222 1134 239 ιατα
1144 214 1175 239 ὲκ
1192 211 1324 248 βασιλέως
1335 212 1412 248 ἥκειν
1426 210 1500 245 αὺτῷ
1510 210 1556 237 ἐπὶ
1565 209 1611 238 τὸν
1622 210 1726 245 Ἴστρον
1738 210 1850 246 ἐχώρειι

220 273 301 300 qnam
318 271 350 290 eo
365 264 496 297 perrenil,
510 262 535 289 iu
553 261 727 289 Sirmieusem
742 261 877 295 regionem
892 260 1006 294 trajecit.

222 310 277 337 Nec
291 309 374 335 multo
391 311 451 342 pest
465 308 620 341 Stephanus
635 314 694 334 cum
709 313 792 340 prope
805 306 900 333 fuisset
914 310 1008 340 captus

222 359 256 382 ah
273 355 411 388 hostibus,
428 354 533 388 fugiens
550 353 581 379 ad
598 353 672 380 illum
689 352 813 379 accessit.
828 351 878 379 Ubi
895 351 952 379 haec
966 359 1009 378 re-

222 402 301 430 scivit
316 401 449 436 princeps,
466 401 590 427 idoneum
607 400 756 426 exercitum
771 398 900 426 Sirmium
917 397 1008 430 mittit,

223 455 279 477 tum
298 452 326 475 ut
342 451 516 475 conservaret
532 446 582 473 sibi
600 446 736 480 regionem
755 445 833 472 istam
857 445 1010 479 (verebatur

222 496 294 523 enim
319 494 433 521 maxime
457 500 491 520 ue
514 492 633 527 llungari
656 492 752 518 iterum
777 498 818 518 res
839 489 1009 524 iunovarent)

226 547 280 568 tum
309 545 337 567 ut
360 539 529 567 subditorum
555 537 693 565 securitati
720 541 747 564 et
772 536 904 571 Stephani
930 536 1010 564 saluti

225 587 389 616 consuleret.
401 584 520 612 Praeerat
533 583 591 610 istis
605 583 689 617 copiis
702 582 816 610 Michael
832 586 1011 617 cognomento

224 634 339 664 Cahras,
355 632 399 666 qni
416 635 443 658 et
457 631 514 665 ipse
531 638 563 656 ex
581 629 664 655 fratre
682 628 812 656 Mauuelis
830 629 929 663 neptim
943 636 1011 655 uxo-

226 687 281 706 rem
295 679 419 708 duxerat,
433 682 457 703 et
472 676 571 704 schasti
585 676 688 702 honore
700 682 760 701 cum
775 674 914 708 Chaluphe
925 673 1013 700 fuerat

226 725 350 752 donatus.
380 722 507 757 Princeps
536 729 599 748 vero
626 719 750 755 Procopii
779 719 859 754 227
887 719 1012 754 martyris

227 778 348 803 umnum,
363 777 444 803 qualn
461 776 493 794 ex
512 767 610 794 Sirmio
627 766 699 793 forte
715 767 875 797 abstulerat,
892 765 919 792 in
939 764 1012 791 Naisi

228 817 355 851 templum
371 816 491 845 allatam,
506 813 610 848 reliquo
627 812 743 840 reddidit
759 812 877 846 corpori,
891 820 950 838 cum
969 818 1011 842 ea,

228 870 307 897 quam
330 861 453 888 dicturus
476 867 547 892 sum,
564 860 596 886 de
620 865 700 885 causa
723 858 757 884 ab
781 865 813 885 eo
835 857 897 884 olim
921 857 1013 883 fuisset

227 909 328 934 avulsa.
346 906 534 940 llungarorum
559 912 624 940 gens
647 912 718 940 saepe
740 904 923 931 [tertianorum
946 903 1012 930 fines

227 952 388 984 incursavit,
404 958 429 978 et
449 951 529 985 paulo
551 956 613 978 ante
633 958 713 985 quam
737 952 882 984 imperaret
902 949 1012 976 Alexius

228 999 393 1030 (cumcuius,
408 996 538 1023 Sirmium
555 996 626 1030 cepit
643 995 787 1030 multisque
802 995 1012 1023 Transistriauis

228 1044 339 1071 urbibus
355 1042 516 1077 expugnatis
535 1041 646 1068 Naisnm
668 1048 754 1075 usque
775 1043 906 1076 pervenit.
922 1040 961 1068 lbi
985 1042 1010 1068 in

228 1097 349 1117 sanctum
368 1090 439 1116 illius
457 1089 584 1123 martyris
604 1088 753 1114 incidentes
769 1087 911 1119 feretrum,
927 1092 1011 1115 totum

228 1138 335 1171 quidem
359 1137 421 1163 inde
442 1143 541 1169 corpus
563 1135 671 1161 auferre
692 1134 880 1166 inhumanum,
896 1140 924 1161 ut
939 1135 1013 1161 arbi—

229 1191 295 1214 tror,
311 1182 507 1214 existimantes,
525 1181 581 1208 sola
598 1188 677 1206 manu
697 1179 786 1206 ablata
804 1187 943 1207 reerssere
961 1190 968 1207 :
986 1184 1013 1206 et

230 1229 359 1255 Munium
372 1227 484 1258 reversi,
496 1234 553 1253 cam
568 1227 718 1260 deposuere
733 1225 760 1252 in
776 1227 873 1260 templo
886 1226 1012 1253 Demetrii

231 1278 369 1307 martyris,
383 1271 455 1306 quod
471 1271 576 1305 pridem
591 1274 764 1297 castruxerat
781 1270 803 1298 is
818 1271 862 1305 qui
879 1270 1014 1305 liiyl‘il'lllll

226 1318 374 1353 praefectus
388 1317 507 1352 regebat.
522 1316 588 1343 Eam
605 1317 686 1350 igitur
702 1316 756 1343 illic
772 1317 908 1355 inventam
926 1324 1016 1343 sustu-

227 1365 259 1392 lit
283 1365 344 1392 inde
365 1365 511 1398 imperator
530 1368 556 1389 et
581 1363 695 1397 reliquo,
711 1368 739 1390 ut
757 1363 886 1395 diximus,
902 1364 1016 1390 reddidit.

229 1411 347 1444 corpori.

1059 262 1113 292 τοῖς
1121 260 1207 286 ταῦτα
1215 259 1375 294 κομίζουσιν
1384 258 1576 292 ἐντευξόμενος
1586 256 1703 284 ἐνταῦθά
1711 265 1762 283 που
1773 257 1853 292 παρὰ

1059 307 1104 334 τὸν
1120 307 1226 341 Ἴστρον
1237 306 1291 332 δέει
1310 305 1349 340 τῷ
1360 306 1392 332 ὲκ
1407 305 1461 331 τῶν
1472 304 1580 331 Οῠννων
1595 303 1737 338 διατριϐὴν
1755 312 1852 330 ποιου-

1061 353 1162 388 μένοις.
1179 352 1288 387 Ἐπειδή
1301 360 1329 377 τε
1346 350 1465 378 ἐνταῦθα
1487 350 1607 384 ἐγένετο,
1624 349 1853 384 περαιωσάμενος

1061 399 1108 426 ἐπὶ
1122 399 1235 434 Σίρμιον
1255 397 1348 434 ἦλθεν.
1371 396 1470 432 Ὀλίγῳ
1486 396 1513 423 δὲ
1532 396 1643 430 ὓστερον
1669 396 1716 423 καὶ
1744 396 1852 430 Στέφα-

1061 453 1104 476 νος
1124 445 1208 478 ἐγγὺς
1230 443 1332 471 ἁλῶναι
1356 444 1412 474 τοῖς
1436 442 1579 477 πολεμίοις
1600 442 1686 469 ἐλθὼν
1713 442 1802 477 φυγὰς
1822 445 1853 475 ἐς

1062 491 1142 517 αὑτὸν
1158 490 1350 524 παραγίνεται.
1364 488 1475 515 Τούτων
1491 488 1611 520 ἀκούσας
1625 487 1750 522 βασιλεὺς
1767 489 1853 524 στρά-

1061 546 1152 573 τευμα
1166 537 1245 571 λόγου
1267 536 1342 568 ἄξιον
1356 535 1402 562 ἐπὶ
1421 536 1535 571 Σίρμιον
1550 535 1669 571 ἔπεμψε,
1698 535 1729 561 τὸ
1751 535 1799 570 μέν
1825 544 1853 562 τι

1061 585 1110 620 τὴν
1123 585 1215 620 χώραν
1227 584 1302 618 αὐτῷ
1320 584 1439 619 τηρῆσαν
1458 583 1573 618 (ὑποψίᾳ
1591 583 1646 619 γὰρ
1663 584 1693 614 ἐς
1707 584 1770 614 τοὺς
1785 583 1854 610 Οὕν-

1062 639 1124 661 νους
1140 630 1239 666 εχρῆτο
1254 630 1338 665 πολλῇ
1354 631 1391 665 μή
1414 638 1441 656 τι
1464 630 1510 657 καὶ
1537 630 1617 656 πάλιν
1639 628 1853 664 νεωτερίσαιεν),

1063 676 1093 702 τὸ
1106 676 1135 702 δὲ
1148 675 1195 702 καὶ
1208 676 1246 711 τῷ
1260 675 1431 711 εὺπροσώπῳ
1443 676 1491 708 τῆς
1506 676 1561 702 τῶν
1578 675 1686 702 οἰκείων
1703 675 1854 709 ἀσφαλείας

1064 722 1112 749 καὶ
1148 722 1277 757 Στεφάνῳ
1307 722 1356 757 τὴν
1393 721 1530 756 σωτηρίαν
1561 721 1854 756 πραγματευσάμενον.

1063 766 1153 803 Ἧρχε
1171 768 1200 794 δὲ
1232 768 1348 803 ταυτησὶ
1370 768 1419 802 τῆς
1437 768 1565 803 στρατιᾶς
1583 766 1694 803 Μιχαὴλ
1710 767 1855 802 ἐπίκλησιν

1063 814 1172 850 Γασρᾶς
1188 814 1256 848 (89),
1272 814 1301 846 ὃς
1315 814 1366 840 καὶ
1382 813 1463 844 αὐτὸς
1486 813 1620 848 βασιλέως
1633 814 1727 848 γήμας
1746 813 1857 847 ἀδελφι-

1064 859 1114 894 δῆν
1135 860 1266 891 σεϐαστὸς
1282 860 1330 886 σὺν
1345 859 1384 894 τῷ
1397 858 1529 895 Χαλοὺφῃ
1546 859 1704 894 τετίμηται.
1722 858 1855 890 Βασιλεὺς

1065 905 1094 930 δὲ
1107 905 1139 940 ἥν
1153 905 1184 931 ἐκ
1197 904 1245 931 τοῦ
1261 905 1377 940 Σιρμίου
1399 905 1553 940 Ηροκοπίου
1571 904 1617 930 τοῦ
1640 904 1777 939 μάρτυρος
1797 903 1855 940 (90)

1069 951 1231 986 ἀνελόμενος
1249 952 1326 985 ἔτυχε
1339 951 1417 986 χεῖρα
1431 951 1477 977 ἐπὶ
1490 949 1534 976 τὸν
1543 950 1572 976 ἐν
1585 949 1679 983 Ναῖσῷ
1693 948 1760 976 νεὼν
1780 949 1856 984 ἄγων

1065 997 1104 1033 τῷ
1115 996 1201 1032 λοιπῷ
1214 997 1315 1032 ταύτην
1334 997 1458 1023 ἀπέδωκε
1470 996 1586 1031 σώματι,
1599 995 1714 1022 παλαιοῦ
1731 995 1777 1022 τοῖν
1792 996 1856 1031 χρό-

1065 1052 1110 1070 νου
1122 1045 1170 1070 ἁπ*
1186 1044 1275 1075 αἰτίας
1288 1044 1492 1079 ἀπορραγεῖσαν
1502 1042 1620 1069 τοιᾶσδε.
1637 1041 1673 1068 Τὸ
1683 1042 1736 1068 τῶν
1747 1041 1856 1069 Οὒννων

1067 1090 1142 1122 ἔθνος
1153 1091 1238 1117 πολλὰ
1257 1091 1307 1125 μὲν
1323 1090 1451 1121 πολλάκις
1472 1090 1520 1125 τὴν
1542 1089 1685 1124 Ῥωμαίων
1699 1089 1856 1123 κατέδραμε

1067 1138 1129 1170 γῆν,
1150 1137 1234 1171 ὀλίγῳ
1260 1136 1288 1162 δὲ
1301 1136 1455 1171 ἔμπροσθεν
1473 1136 1522 1170 τῆς
1543 1134 1662 1168 Ἀλεξίου
1687 1135 1734 1162 τοῦ
1746 1135 1859 1170 Κομνη-

1067 1182 1113 1209 νοῦ
1127 1182 1266 1217 βασιλείας
1288 1182 1401 1217 Σίρμιόν
1423 1190 1454 1208 τε
1470 1178 1524 1207 εἷλε
1541 1181 1589 1208 καὶ
1602 1180 1702 1212 πολλὰς
1724 1180 1777 1207 τῶν
1799 1181 1856 1207 Πα-

1073 1228 1203 1263 ριστρίων
1232 1228 1501 1263 ἀνδραποδισάμενος
1531 1227 1636 1254 πόλεων
1661 1227 1724 1263 ἄχρι
1749 1226 1797 1253 καὶ
1808 1227 1856 1253 ἐπὶ

1064 1274 1168 1300 Ναῖσὸν
1190 1273 1282 1309 ἦλθεν.
1315 1273 1400 1300 Ἔνθα
1421 1275 1452 1308 τῇ
1472 1273 1517 1300 τοῦ
1535 1273 1673 1309 μάρτυρος
1696 1273 1771 1300 τοῦδε
1795 1273 1855 1309 ίερᾷ

1068 1319 1317 1354 περιτετυχηκὸτες
1352 1316 1424 1354 σορῷ
1451 1319 1511 1346 ὅλον
1547 1320 1596 1354 μὲν
1622 1319 1798 1354 ἀφαιρεῖσθαι
1826 1319 1856 1345 τὸ

1066 1366 1146 1400 σῶμα
1163 1365 1338 1401 κεκρίκασιν,
1351 1364 1439 1400 οἶμαι,
1465 1366 1662 1400 ἀπάνθρωπον,
1685 1367 1734 1400 τήν
1754 1373 1785 1399 γε
1802 1365 1855 1400 μὴν

1066 1412 1145 1447 χεῖρα
1164 1411 1316 1446 διελόμενοι
1339 1411 1539 1447 ἀπεχώρησαν·
1557 1413 1587 1438 ἐν
1615 1411 1721 1448 Σιρμίῳ
1735 1411 1763 1438 δὲ
1774 1419 1857 1446 γεγο-

228 1455 304 1486 νότες
319 1455 364 1480 ἐπὶ
382 1454 426 1480 τὸν
448 1454 510 1489 τῇδε
529 1453 577 1481 τοῦ
612 1454 750 1489 μάρτυρος
781 1454 936 1489 Δημητρίου
962 1455 1108 1482 κατέθεντο
1125 1457 1184 1482 νεδν
1209 1457 1276 1492 (9i),
1292 1457 1321 1483 ὃν
1346 1457 1375 1483 ὲν
1409 1458 1465 1488 τοῖς
1501 1457 1557 1483 ἄνω
1580 1457 1686 1492 χρόνοις
1702 1458 1716 1484 ὁ
1730 1457 1780 1493 τὴν
1809 1456 1857 1484 τοῦ

233 1500 384 1536 Ἰλλυρικοῦ
405 1500 504 1526 διέπων
526 1499 677 1535 ὲδομήσοιτο
696 1499 793 1534 ἀρχήν.
811 1499 853 1534 (Ρ.
866 1499 928 1535 152)
947 1499 1032 1526 Ἔνθα
1052 1501 1155 1537 ταύτην
1181 1501 1269 1538 εὑρὼν
1289 1502 1416 1537 βασιλεὺς
1432 1501 1548 1529 ἀνέλαϐέ
1570 1511 1601 1529 τε
1634 1502 1737 1529 ἐκεῖθεν
1755 1502 1803 1530 καὶ
1818 1502 1857 1538 τῷ

228 1543 325 1581 λοιπῷ,
343 1547 468 1582 καθάπερ
479 1546 598 1581 εἴρηται,
613 1545 704 1581 φέρων
715 1545 840 1573 ἀπέδωκε
858 1545 976 1581 σώματι.

264 1595 291 1622 9.
315 1596 403 1628 Atque
428 1595 485 1621 luce
509 1594 565 1621 fere
590 1598 670 1625 sunt,
698 1601 758 1628 qua:
781 1601 814 1621 eo
836 1601 908 1621 anno
924 1598 1013 1621 contra

1106 1595 1162 1622 Καὶ
1180 1595 1214 1622 τὰ
1227 1595 1276 1630 μὲν
1289 1597 1328 1627 εἰς
1345 1596 1434 1622 ἐκεῖνο
1449 1595 1480 1623 τὸ
1497 1595 1557 1628 ἔτος
1568 1597 1639 1623 κατὰ
1674 1596 1782 1624 Οὖννων
1817 1597 1858 1633 τῷ

231 1641 371 1675 llungaros
383 1640 465 1676 gessit
479 1639 614 1674 princeps.
628 1639 751 1666 Alexium
765 1639 862 1666 deinde
876 1639 1016 1668 domestici

229 1688 323 1719 lilium,
340 1687 384 1721 qui
403 1685 590 1721 protonotarii,
610 1689 638 1711 ut
660 1685 757 1719 smpius
777 1692 792 1711 a
817 1692 859 1712 tne
876 1690 1015 1712 narratum

230 1739 283 1767 est,
299 1740 410 1760 munere
433 1732 604 1766 fungebatur,
629 1738 725 1764 magno
745 1731 905 1758 instructum
931 1739 1015 1766 appa.

233 1785 291 1807 ratu
308 1779 334 1806 in
350 1778 468 1806 Ciliciam
488 1778 559 1804 misit
574 1783 600 1804 et
614 1784 747 1804 summmn
765 1777 822 1811 ejus
840 1777 901 1803 belli
919 1777 1015 1804 ducem

232 1824 382 1852 constituit.
411 1823 513 1858 Quippe
541 1822 692 1850 Nuradinus
724 1822 859 1850 Ben-licem
893 1823 1017 1851 sultanus

233 1871 367 1906 prioribus
384 1870 470 1897 elatus
493 1869 614 1896 vittoriis
640 1869 776 1903 potiunda:
797 1877 876 1902 quarti
901 1869 1015 1903 primum

232 1917 349 1945 civitatis
367 1915 539 1942 Antiochense
559 1921 633 1948 spem
649 1918 817 1948 conceperat,
837 1919 863 1941 et
883 1913 1015 1947 Torosus,

231 1963 277 1998 qui
292 1967 345 1989 tum
357 1961 494 1988 Armeniis
506 1960 664 1994 imperabat,
677 1959 806 1995 plurimas
815 1960 923 1987 Isauriae
935 1961 1016 1989 urbes

232 2009 348 2043 principi
364 2008 491 2034 ohnoxias
511 2006 572 2033 dolo
586 2011 705 2040 ceperat,
722 2006 876 2033 Andronico
895 2006 1016 2041 Enpher-

232 2053 303 2080 beno
316 2051 445 2086 principis
459 2051 542 2086 228
554 2055 679 2085 cognato,
692 2051 794 2078 Cilicize
809 2057 862 2078 tum
880 2052 1016 2086 praefecto,

233 2099 364 2127 infensus.
386 2098 452 2124 Nam
476 2098 599 2132 plurimis
615 2097 676 2124 aliis
692 2105 753 2124 cum
769 2098 930 2125 criminibus
946 2098 1018 2125 inse-

234 2146 374 2176 ctabatur.
399 2152 431 2171 ac
457 2145 518 2172 cresi
544 2144 659 2171 maxime
677 2143 769 2170 fratris
793 2144 819 2171 in
836 2152 896 2171 cum
912 2145 1017 2177 culpam

234 2190 376 2219 referebat.
389 2191 452 2219 Haec
469 2195 524 2218 tum
541 2190 576 2218 ibi
590 2194 665 2225 gesta
681 2194 754 2218 sunt.
769 2189 914 2218 Frederico
928 2194 1018 2217 autem

1072 1641 1176 1675 βασιλεῖ
1194 1641 1379 1676 πεπραγμένα
1395 1641 1485 1669 τοιάδε
1496 1641 1558 1669 τινὰ
1566 1639 1648 1677 ἦσαν.
1684 1643 1713 1669 '0
1728 1642 1756 1669 δὲ
1781 1642 1858 1669 Ἀλέ-

1072 1687 1127 1719 ξιον
1141 1687 1187 1713 τὸν
1200 1687 1248 1714 τοῦ
1266 1687 1429 1721 δομεστίκου
1439 1688 1508 1721 υἱέα,
1524 1688 1554 1720 ὃς
1567 1688 1617 1724 τὴν
1626 1689 1857 1725 πρωτονοταρίου,

1071 1731 1166 1767 ὥσπερ
1183 1741 1228 1767 μοι
1246 1732 1606 1769 πολλάκιςὲῤῥέθη,διεῖπεν
1614 1733 1711 1769 ἀρχὴν,
1726 1735 1774 1761 σὺν
1786 1734 1859 1771 ,ᾄξίᾳ

1069 1777 1148 1812 λόγου
1162 1780 1321 1814 παρασκευῇ
1335 1779 1381 1806 ἐπὶ
1408 1780 1458 1814 τὴν
1473 1779 1593 1807 Κιλίκων
1606 1779 1779 1814 ἐξαπέστειλε
1794 1780 1858 1816 γῆν,

1071 1824 1223 1858 στρατηγὸν
1234 1824 1423 1859 αὐτοκράτορα
1436 1824 1484 1852 τοῦ
1500 1824 1618 1859 πολέμου
1635 1824 1710 1852 τοῦδε
1723 1833 1859 1860 καταστη-

1071 1869 1198 1904 σάμενος.
1213 1869 1347 1905 Νουραδὶν
1355 1878 1385 1895 τε
1397 1870 1451 1905 γὰρ
1463 1871 1480 1896 ὁ
1498 1870 1654 1906 Βερῤοιατος
1666 1871 1808 1907 σατράπης
1820 1871 1861 1898 νί-

1070 1923 1131 1947 καις
1148 1917 1207 1947 ταῖς
1225 1915 1423 1951 προλαῆούσαις
1436 1916 1567 1951 ἐπαρθεὶς
1579 1917 1684 1943 ἐλπίσιν
1697 1917 1858 1952 ὠχεῖτο-πό-

1070 1961 1138 1991 λεως
1151 1962 1201 1988 οὐκ
1216 1962 1254 1993 είς
1272 1961 1380 1997 μακρὰν
1400 1962 1608 1998 περιγεγονέναι
1623 1963 1798 1998 Ἀντιοχείας,
1812 1963 1862 1990 καὶ

1075 2007 1195 2043 Τερὸξης
1217 2007 1246 2039 ὃς
1273 2007 1423 2043 ’Δρμενίων
1438 2008 1597 2036 ἐδυνάστευε
1617 2009 1677 2035 τότε
1693 2009 1791 2040 πολλὰς
1805 2010 1862 2035 τῶν

1072 2053 1178 2088 βασιλεῖ
1205 2053 1346 2088 κατηκόων
1363 2053 1455 2085 πόλεις
1483 2053 1636 2089 Ἰσαυρικὰς
1655 2054 1722 2089 δόλῳ
1739 2054 1861 2090 ἥρπασε,

1071 2099 1110 2134 τῷ
1124 2099 1254 2135 Φερϐηνῷ
1281 2099 1465 2134 δυσμεναίνων
1487 2100 1646 2136 Ἀνδρονίκῳ
1670 2101 1710 2136 τῷ
1729 2101 1863 2136 βασιλέως

1072 2145 1212 2180 ὲξαδέλφῳ
1228 2145 1273 2171 καὶ
1287 2145 1407 2171 Κιλίκων
1421 2146 1619 2181 στρατηγοῦντι
1632 2145 1671 2181 τῷ
1685 2146 1756 2174 τότε.
1776 2147 1861 2174 Ἀλλα

1072 2198 1102 2216 τε
1123 2190 1177 2225 γὰρ
1201 2190 1315 2217 πλεῖστα
1347 2190 1479 2217 ἐπεκάλει
1492 2191 1583 2226 τούτῳ
1615 2193 1662 2218 καὶ
1689 2191 1721 2228 δὴ
1749 2192 1861 2228 καὶτῆς

919 2250 968 2280 Du
982 2249 1093 2289 Cangii
1110 2253 1205 2281 notes.

269 2313 325 2349 (89)
351 2312 611 2347 ΜιχαὴλΓαϐρᾶς.
636 2312 758 2345 Nicetas,
783 2311 844 2345 LV,
871 2318 897 2339 n.
926 2311 953 2338 5.
988 2310 1008 2337 ν

1076 2318 1174 2349 nomen
1200 2311 1327 2349 accepit,
1350 2311 1437 2349 hodie»
1453 2311 1499 2349 S._
1515 2312 1635 2349 Demeter
1658 2311 1771 2349 dictum,
1789 2312 1863 2349 haud

236 2355 350 2378 stemma
367 2349 498 2376 Comueu.

270 2384 325 2419 (90)
351 2384 519 2417 Προκοπίου
547 2382 600 2410 τοῦ
634 2382 795 2419 μάρτυρος.
824 2381 865 2419 A_u
893 2381 1021 2419 Procopii

235 2416 379 2453 martyris,
391 2420 469 2453 cujus
481 2419 578 2453 festum
594 2416 675 2452 agunt
689 2417 776 2453 (ἐι-δέει
790 2424 821 2444 ac
839 2416 927 2453 Latini
942 2417 962 2453 8
979 2416 1018 2445 id.

234 2451 316 2482 Julii?
337 2454 371 2480 At
387 2451 447 2480 cuiu
461 2454 483 2480 is
498 2453 547 2480 sub
570 2451 734 2479 Diocletiano
748 2451 877 2479 Cmsarea:
893 2451 917 2478 in
941 2452 1023 2480 Palae-

235 2491 305 2516 stina
335 2489 492 2523 martyrium
517 2488 667 2521 pertulerit,
693 2487 801 2521 quando
824 2486 895 2513 illius
920 2493 1019 2522 corpus

234 2524 346 2551 Naisum
362 2524 523 2550 translatum
540 2523 602 2549 inde
620 2523 711 2553 fuerit,
729 2530 820 2553 neruo,
837 2523 945 2555 opinor,
961 2527 1018 2548 tra-

236 2560 313 2586 didit.
326 2558 401 2586 lEtilS
414 2558 474 2585 divo
486 2558 528 2585 isti
544 2558 640 2584 dicata:
657 2557 683 2584 iu
699 2557 895 2591 Peloponneso,
909 2561 937 2583 ut
949 2558 1019 2583 vide-

237 2599 290 2625 tur,
309 2594 430 2620 meminit
457 2598 551 2619 auctor
569 2591 633 2618 Viue
657 2593 686 2619 S.
707 2591 785 2618 Lucae
800 2591 932 2624 Junioris,
949 2599 974 2618 e.
990 2593 1016 2625 5,

237 2638 264 2656 ιι.
278 2629 323 2656 57.
342 2628 448 2655 Ελδιὶιὶι
462 2629 513 2654 alia
528 2632 655 2662 praeterea
670 2628 742 2662 aedes
757 2629 783 2653 ιι.
800 2627 922 2660 Procopii
945 2626 1018 2653 Con-

237 2663 423 2697 stantinopoli,
438 2670 517 2696 quam
537 2663 676 2689 renovavit
699 2661 775 2689 Zeno
797 2662 918 2693 lsaurus,
933 2666 959 2687 ut
972 2667 1019 2697 est

237 2706 264 2725 Ill
281 2696 417 2726 Chronico
441 2698 634 2729 Alexandrino,
653 2705 684 2724 ac
701 2697 799 2724 deinde
814 2697 948 2722 Autonina
968 2696 1017 2723 Be-

236 2734 318 2760 lisarii
340 2740 406 2759 u.\or
428 2733 498 2767 apud
520 2733 680 2766 scriptorem
703 2732 830 2759 Chronici
852 2732 926 2765 Lpol.
957 2732 1018 2766 Agit

236 2769 317 2796 etiam
335 2768 367 2794 de
384 2766 466 2795 hocce
480 2766 578 2801 templo
593 2767 699 2795 Suidas.
713 2789 717 2793 .

273 2804 328 2838 (9i)
348 2803 402 2829 Τοῦ
425 2800 575 2838 μάρτυρος
589 2803 755 2836 Δημητρίου
770 2803 857 2830 νεών.
875 2802 950 2835 Quod
975 2800 1018 2828 hic

236 2836 351 2864 habetur
367 2838 493 2870 templum
506 2836 537 2863 D.
554 2837 693 2868 Demetrii,
714 2838 817 2865 videtur
836 2839 899 2865 illud
917 2843 988 2868 esse,
1002 2846 1015 2863 ει

237 2880 288 2907 quo
303 2871 428 2906 oppidum
445 2872 475 2899 υ.
495 2871 623 2900 Demetrii
644 2872 676 2900 ad
695 2872 792 2900 Surum
811 2881 916 2901 amnem
935 2872 1016 2899 silum

1076 2346 1169 2381 procul
1182 2348 1215 2372 ab
1234 2347 1344 2380 antiquo
1356 2346 1467 2374 Sirmio.
1483 2347 1559 2380 Quod
1575 2353 1641 2374 vero
1657 2347 1783 2381 templum
1798 2347 1863 2376 illud

1076 2382 1101 2408 in
1127 2381 1356 2417 Sirmiohexstare
1382 2382 1419 2408 ait
1444 2382 1601 2414 Cinnamus,
1624 2382 1649 2408 id
1674 2383 1862 2417 accipiendum

1076 2420 1140 2450 puto
1156 2423 1205 2450 pro
1220 2415 1363 2443 Sirmicnsi
1387 2424 1451 2450 agro
1465 2425 1471 2443 :
1488 2425 1548 2443 nam
1571 2417 1684 2451 Σίρμιον
1698 2415 1750 2444 ιιοῇ
1777 2418 1862 2445 semel

1078 2451 1100 2477 is
1115 2451 1214 2478 dicitur
1229 2452 1315 2478 eidem
1332 2451 1468 2485 scriptori.
1488 2451 1583 2485 Oppidi
1602 2459 1665 2478 vero
1686 2452 1716 2479 S.
1730 2451 1862 2480 Demetrii

1074 2486 1198 2513 meminit
1214 2485 1354 2513 Bonlinius
1372 2487 1432 2513 dec.
1451 2487 1479 2518 5,
1494 2487 1512 2513 l.
1527 2494 1566 2519 tv,
1583 2491 1715 2514 extremo.

1110 2521 1166 2555 (92)
1190 2520 1332 2554 Ἀδελφοῦ
1348 2522 1512 2555 Στεφάνου.
1526 2520 1585 2548 Jam
1602 2522 1681 2548 modo
1698 2521 1862 2556 percipimus

1073 2558 1134 2590 quis
1160 2556 1242 2582 fuerit
1268 2556 1430 2589 Stephanus,
1460 2557 1537 2590 cujus
1562 2556 1634 2583 filius
1655 2556 1737 2583 fuisse
1758 2556 1861 2590 dicitur

1074 2588 1137 2617 Livo
1151 2598 1195 2617 seu
1212 2590 1281 2622 Leo,
1299 2588 1402 2624 primus
1419 2588 1554 2618 Armenia:
1569 2598 1626 2624 rex,
1643 2591 1669 2617 in
1686 2591 1759 2617 Bulla
1777 2588 1859 2619 a'urea

1073 2632 1118 2651 seu
1138 2625 1287 2659 Diplomate
1299 2632 1346 2652 au.
1364 2626 1443 2658 1210,
1456 2627 1527 2660 quod
1544 2624 1663 2653 Manusci
1677 2626 1703 2652 in
1719 2627 1861 2659 provincia

1073 2661 1143 2695 apud
1170 2661 1430 2692 llicrosolvmitanos
1453 2661 1557 2694 equites
1574 2667 1741 2693 asservatur,
1761 2661 1787 2687 iu
1806 2669 1861 2695 quo

1071 2694 1124 2721 Leo
1149 2695 1221 2727 ﬁlius
1238 2695 1340 2721 domini
1362 2695 1489 2727 Stephani
1518 2696 1592 2722 bona:
1617 2697 1749 2722 memoria:
1769 2694 1823 2722 Dei
1835 2701 1859 2723 et

1071 2730 1173 2763 imperti
1200 2730 1313 2757 Romani
1331 2731 1416 2765 gratia
1436 2738 1481 2756 rex
1504 2730 1634 2756 Armeniw
1655 2731 1775 2765 dicitur:
1791 2731 1859 2765 Hinc

1071 2769 1152 2791 etiam
1173 2770 1247 2799 patet
1276 2765 1375 2792 Leonis
1403 2766 1486 2799 ipsius
1516 2765 1654 2798 Milonem,
1683 2766 1729 2799 qui
1755 2764 1859 2792 Torbso

1071 2800 1148 2826 fratri
1162 2801 1187 2827 iu
1199 2801 1334 2827 Armeuize
1346 2800 1525 2834 principatum
1541 2801 1684 2833 successit,
1697 2800 1858 2827 avunculum

1073 2838 1144 2862 recte
1168 2835 1295 2869 appellari
1319 2837 1352 2862 ab
1371 2834 1526 2862 Innocentio
1549 2834 1581 2860 ΙΙΙ
1611 2842 1669 2869 pp.,
1683 2835 1700 2862 l.
1719 2842 1751 2868 ιι,
1770 2836 1857 2869 Epist.

1072 2879 1098 2906 p.
1116 2869 1363 2905 556.1‘roindequc
1388 2877 1403 2897 a
1427 2870 1589 2905 scriptorum
1622 2869 1768 2905 plerisque,
1794 2869 1860 2898 Vin-
