1961 3073
154 145 210 176 589

772 144 1044 175 lllSTOR‘lARUM
1064 144 1136 174 LIB.
1158 145 1191 174 V.

1735 146 1789 179 590

161 200 213 228 τοῦ
226 199 342 235 ἀδελφοῦ
358 199 494 234 Στεφάνου
513 200 567 235 (9‘).)
588 201 682 235 ᾐτιᾶτο
709 202 827 236 σφαγῆς.
855 202 940 228 Ταῦτα

1003 201 1215 228 Alemannorum
1232 207 1286 235 regi
1305 207 1332 227 tn
1348 200 1405 227 dies
1421 199 1572 235 augebatur
1586 199 1612 226 in
1627 199 1788 229 immensum

155 248 208 282 μὲν
224 246 270 273 οὖν
291 247 354 282 τῇδε
375 246 539 282 ἐπράσσετο.
574 247 731 283 Φρεδερίκῳ
755 248 783 274 δὲ
813 248 852 283 τῷ
884 248 948 283 ρηγὶ

160 293 326 329 ’Δλαμανῶν
340 293 387 319 ἐπὶ
414 292 486 328 μέγα
513 293 644 320 ἑκάστοτε
669 293 703 320 τὰ
727 294 777 329 τῆς
805 294 948 329 δυνάμεως

151 337 254 374 ἐχώρει
272 337 319 365 καὶ
337 337 466 373 ηὔξανεν.
488 338 596 364 Ἀλλων
614 347 644 365 τε
672 338 727 374 γὰρ
750 339 787 370 ὡς
813 338 948 365 πλείστων

151 383 199 410 ἐπ’
215 383 352 417 ἀσφαλείᾳ
377 382 424 409 τοῦ
447 383 567 419 κράτους
591 383 735 417 ἐφρόντισε
768 384 816 411 καὶ
839 384 871 419 δὴ
899 384 947 410 καὶ

151 429 306 465 χρημάτων
325 429 550 464 μεταπεποίηται
570 429 702 463 μάλιστα,
717 430 769 456 οὐκ
789 426 947 464 εἰθισμένον

151 475 235 503 τοῦτό
249 484 281 510 γε
298 476 374 510 αὐτῷ
388 476 535 511 πρότερον.
550 475 648 502 Τοίνυν
661 476 828 503 Μεδιόλανόν
844 485 874 503 τε
890 473 946 502 εἷλε

149 522 233 549 πόλιν
250 523 401 557 περιφανῆ,
419 523 465 548 καὶ
482 522 512 548 τὺ
530 522 673 558 Λιγούρων
685 523 734 548 εἰτ’
746 522 793 550 οὖν
810 523 946 559 Λαμπάρ-

148 569 206 595 δων
219 568 397 604 ὲτροπώσατο
414 569 501 600 ἔθνος,
518 569 570 603 ὁδῷ
587 578 616 595 τε
629 570 734 604 προῖὼν
760 570 807 596 καὶ
833 570 879 596 ἐπὶ
911 570 945 597 τὰ

152 614 350 649 ὲνδότεροιτῶν
384 615 522 649 ἑσπερίων
555 615 663 651 ἐχώρει.
689 616 743 642 Καὶ
768 616 782 642 ό
813 617 880 651 μηδὲ
893 616 945 643 τῶν

147 661 265 696 ἔγγιστα
277 660 388 696 πολέμῳ
401 661 580 697 δεδυνημένος
599 662 792 697 περιγενέσθαι
805 663 835 689 τὸ
850 662 945 697 πρότε-

151 716 211 742 ρον,
227 707 289 734 τότε
317 707 365 734 καὶ
382 707 437 734 τῶν
454 708 592 735 ἀπωτάτω
612 709 733 744 ἐκράτει.
757 709 826 744 Ἤδη
848 709 876 736 δὲ
897 710 945 736 καὶ

156 753 254 788 Ῥώμῃ
269 754 337 789 αὐτῇ
357 753 426 789 πρὸς
442 755 533 789 μάχην
550 755 682 791 κατέστη.
718 755 802 782 Ὅθεν
828 755 875 783 καὶ
910 756 943 783 δι’

148 799 313 835 ἐπιμελείας
332 799 439 834 βασιλεῖ
454 800 586 835 Μανουὴλ
600 800 721 834 ἐγένετο,
743 801 817 833 ὅπως
847 801 880 828 ἂν
895 803 944 837 τῆς

147 846 239 882 ὁρμῆς
250 846 332 874 αὑτὸν
356 847 457 882 σχήσῃ,
473 846 510 878 ὡς
523 847 561 883 μὴ
575 847 604 874 τὺ
617 847 782 883 παραλόγως
798 849 943 884 εὐημερεῖν

1000 252 1132 282 poteSIas.
1149 246 1272 282 Cumque
1287 246 1348 274 aliis
1361 246 1453 274 multis
1467 245 1610 282 imperium
1626 246 1676 274 sibi
1693 254 1789 274 corro-

999 294 1096 320 horare
1108 291 1240 320 sollicitus
1253 297 1335 325 esset,
1351 292 1384 319 ad
1401 292 1426 320 id
1441 299 1548 327 quoque
1562 292 1691 328 pecunias
1704 300 1787 328 quam

999 339 1130 373 plurimas
1147 346 1228 366 avara
1245 343 1368 366 votorum
1384 338 1532 373 cupiditate
1553 339 1701 374 congessit,
1715 339 1787 373 quod

998 384 1066 412 alias
1090 384 1182 412 facere
1209 392 1261 412 non
1285 389 1473 412 consueverat.
1501 384 1584 419 Igitur
1606 383 1787 412 Mediolanum

998 431 1079 465 cepit,
1102 431 1239 459 civitatetn
1256 431 1402 464 celebrem,
1426 436 1453 458 et
1478 430 1609 465 Ligurum
1633 431 1690 458 sive
1704 430 1781 458 Lom-

997 477 1142 505 bardorttm
1159 483 1266 513 gentem
1283 478 1381 505 devicit
1396 486 1402 504 :
1416 477 1575 512 longiusque
1589 484 1746 512 progressus
1758 477 1785 504 in

997 524 1056 558 ipsa
1081 524 1235 552 Occidentis
1261 525 1366 552 viscera
1385 523 1503 551 transiit.
1529 523 1568 550 Ita
1595 523 1641 557 qui
1668 523 1785 557 primum

997 569 1100 597 vicinos
1117 570 1169 597 sibi
1188 571 1280 598 hostes
1296 570 1364 598 bello
1379 577 1508 605 superare
1522 577 1574 597 non
1591 573 1724 605 potuerat,
1739 575 1783 596 re-

997 615 1164 643 motissimos
1179 615 1260 643 etiam
1275 616 1430 649 debellavit,
1447 616 1482 643 ita
1498 620 1526 643 ut
1548 615 1641 643 Romae
1662 615 1712 649 ipsi
1728 614 1784 649 jam

996 661 1096 688 bellum
1113 662 1271 699 intentaret.
1285 661 1360 689 Unde
1375 661 1401 689 id
1416 662 1565 696 praesertim
1579 661 1696 696 principi
1713 667 1786 688 curat

995 706 1056 741 fuit,
1079 714 1133 742 quo
1157 713 1237 742 pacto
1254 707 1325 735 illius
1350 708 1477 741 impetum
1505 706 1675 741 reprimeret,
1694 713 1728 733 uc
1747 710 1787 733 tot

995 753 1120 781 immensi
1139 755 1281 781 sucéessus
1297 754 1323 780 in
1341 753 1524 780 Romanorum
1549 753 1628 785 ﬁnes,
1642 760 1695 788 quo
1713 752 1786 786 jam-

995 799 1096 827 dudum
1121 800 1215 827 avidos
1232 799 1325 827 oculos
1348 800 1512 831 intenderat,
1540 799 1612 826 illius
1628 807 1702 826 arma
1717 806 1784 827 con—

995 850 1141 873 verterent.
1157 845 1305 880 Eaproptcr
1322 845 1355 872 ad
1375 850 1467 880 gentes
1482 845 1519 872 ibi
1535 846 1614 877 sitas,
1631 850 1659 872 et
1671 853 1730 879 quae
1742 844 1785 872 Io-

151 892 200 918 καὶ
210 891 257 918 ἐπὶ
271 892 320 926 τὴν
336 892 481 927 Ῥωμαίων
510 893 592 920 αὑτὸν
606 894 727 928 τρέψειε,
758 894 842 926 πολὺς
864 895 894 927 ἐξ
912 891 940 921 οὗ

994 892 1067 918 nium
1096 891 1166 918 intra
1189 891 1278 919 sinum
1294 890 1428 926 adjacent,
1442 891 1646 925 ignobilioribtts
1671 890 1783 925 quibus-

150 937 248 974 χρόνος
263 937 357 972 λίχνον
373 938 561 973 ὲπιῤῥίψαντα
587 939 676 975 ταύτῃ
686 939 837 976 ὀφθαλμόν.
861 940 942 967 Ὅθεν

149 983 198 1010 καὶ
213 983 259 1009 ὲπὶ
274 984 323 1019 μὲν
334 984 400 1019 ἔθνη
408 985 442 1011 τὰ
452 985 515 1020 τῇδε
530 985 578 1012 καὶ
592 986 642 1012 ὅσα
658 986 759 1013 κόλπου
773 987 848 1020 ἐντὸς
867 987 941 1022 ἵδρυ-

150 1036 197 1056 ται
213 1029 261 1056 τοῦ
280 1028 370 1056 Ἰονίου
386 1030 440 1057 τῶν
455 1031 636 1067 ἀσημοτέρων
651 1032 726 1063 τινὰς
756 1032 868 1065 ἀφανῶς
895 1033 940 1059 ὲκ-

151 1074 271 1110 πέμπων
282 1075 333 1111 τῆς
353 1077 518 1112 Φρεδερίκου
557 1086 588 1103 τε
624 1078 695 1104 αὐτὰ
720 1078 942 1114 ὑπομιμνήσκειν

150 1121 277 1148 ἐκέλευεν
291 1122 446 1157 ἀπληστίας
463 1123 510 1149 καὶ
529 1124 598 1158 πρὸς
629 1124 787 1151 ἀντίστασιν
818 1125 940 1160 ἤγειρεν.

149 1167 198 1198 Εί;
215 1167 244 1193 δὲ
255 1167 285 1194 τὺ
299 1167 455 1195 Οὐεννὲτων
467 1168 544 1201 ἔθνος
556 1169 715 1204 Νικηφόρον
740 1170 789 1196 σὺν
815 1171 940 1205 χρήμασι

146 1211 195 1237 τὸν
211 1211 360 1247 Χαλούφην
376 1211 495 1248 ἔπεμπε,
510 1213 712 1249 πειρασόμενον
727 1222 757 1240 τε
773 1215 823 1249 τῆς
838 1212 886 1245 εἰς’
894 1215 942 1241 αὺ-

146 1256 195 1283 τὸν
209 1257 255 1284 τοῦ
273 1257 368 1290 ἔθνους
383 1259 492 1289 εὐνοίας
507 1258 555 1285 καὶ
571 1259 617 1285 ἐπὶ
634 1259 672 1293 τῷ
692 1259 842 1294 Ῥωμαίοις
873 1268 937 1295 συμ-

148 1303 259 1338 φέροντι
272 1303 377 1339 τὰτῇδε
385 1304 767 1341 διοικησόμενον.Φρεδερίκος
783 1306 812 1332 δὲ
830 1306 940 1341 Ῥώμης

148 1349 203 1384 ήδη
217 1350 406 1384 περιγεγονὼς
424 1350 492 1378 ἄλλα
508 1360 536 1378 τε
559 1351 644 1378 πολλὰ
668 1352 829 1388 ἐνεωτέρισε
847 1353 895 1379 καὶ
908 1353 940 1389 δὴ

150 1396 199 1424 καὶ
217 1396 393 1432 Ἀλέξανδρον
408 1397 456 1424 τὸν
468 1398 531 1433 τῇδε
544 1398 678 1433 ἀρχιερέα
689 1399 736 1425 τοῦ
772 1399 868 1434 θρόνου
892 1408 941 1426 κα-

149 1442 293 1474 τασπάσας
311 1443 490 1470 Ὀκταϐιανὸν
510 1444 680 1479 ἀντεισῆξεν,
716 1444 843 1471 ἐντεῦθεν
863 1443 940 1481 οἶμαι

151 1488 200 1515 τοῦ
218 1487 361 1524 Ῥωμαίων
376 1489 639 1526 αὑτοκράτορος(95)
654 1492 858 1526 προσαρμόσειν
866 1493 941 1527 αὐτῷ

151 1534 182 1561 τὸ
198 1534 308 1569 ἀξίωμα
320 1535 424 1570 οἰηθείς
436 1542 444 1550 ·
459 1536 548 1562 οὐδενὶ
558 1536 612 1571 γὰρ
625 1535 697 1571 ἄλλῳ
714 1536 755 1562 ὅτι
775 1537 812 1571 μὴ
834 1537 941 1572 βασιλεί

994 939 1054 965 dant
1075 938 1144 966 clam
1178 937 1331 971 submissis,
1360 937 1497 978 Fredcrici
1521 936 1701 964 insatiabilem
1726 936 1785 963 ani-

994 994 1066 1013 mutn
1078 986 1113 1013 ob
1127 986 1221 1013 oculos
1233 993 1336 1019 ponens
1349 985 1382 1012 ad
1398 985 1580 1012 resistendum
1595 985 1729 1013 incitavit.
1742 984 1785 1012 Ad

994 1031 1110 1060 Venetos
1126 1036 1217 1059 autem
1233 1031 1413 1066 Nicephorum
1436 1030 1603 1065 Cltaluphcm
1619 1039 1681 1058 cutn
1699 1038 1783 1067 pecu-

992 1078 1046 1106 niis
1072 1078 1155 1110 misit,
1173 1077 1220 1112 qui
1236 1077 1315 1104 istius
1338 1076 1456 1104 nationis
1479 1076 1635 1112 exploraret
1657 1076 1784 1104 aﬂ’ectum

993 1129 1020 1151 et
1041 1129 1139 1151 caetera
1163 1131 1224 1158 qure
1251 1122 1382 1151 Romanis
1407 1122 1590 1150 conducerent
1617 1123 1654 1150 ibi
1682 1127 1782 1158 ageret.

992 1168 1154 1197 Frcdericus
1170 1169 1273 1196 interea
1288 1168 1372 1196 Roma
1384 1168 1440 1203 jam
1453 1169 1554 1202 potitus
1566 1173 1622 1195 tum
1636 1168 1687 1196 alia
1700 1168 1783 1196 multa

993 1215 1143 1247 innovavit,
1165 1220 1220 1242 tum
1245 1219 1273 1242 et
1295 1214 1475 1248 Alexandum,
1493 1215 1538 1249 qtti
1564 1223 1595 1242 ea
1623 1219 1785 1250 tempestate

993 1270 1115 1290 sumntus
1130 1261 1213 1296 229
1228 1261 1347 1295 pontifex
1368 1265 1438 1293 erat,
1461 1261 1560 1288 throno
1575 1261 1671 1294 deiecit
1686 1266 1713 1288 et
1728 1260 1783 1289 0c-

994 1309 1130 1336 tavianum
1149 1308 1285 1335 substituit
1299 1315 1307 1335 :
1323 1307 1396 1340 inde,
1416 1312 1444 1334 ut
1459 1307 1565 1341 apium,
1583 1314 1709 1342 arrogare
1730 1307 1783 1334 sibi

994 1356 1180 1383 Romanorum
1207 1354 1379 1389 imperatoris
1404 1353 1496 1381 volens
1518 1359 1688 1388 potestatem.
1711 1353 1782 1381 Nulli

993 1402 1067 1429 enim
1083 1402 1128 1428 alii
1146 1406 1326 1436 pratterquam
1341 1399 1523 1427 Romanorum
1538 1401 1693 1434 imperatori
1708 1408 1784 1428 surn-

994 1456 1066 1475 tnutn
1079 1448 1170 1475 Itonia:
1180 1447 1336 1482 ponttticem
1348 1446 1411 1473 licet
1421 1447 1569 1480 prtelicere.
1587 1445 1627 1473 Ex
1643 1454 1696 1481 quo
1709 1447 1781 1473 enim

993 1499 1102 1529 propter
1120 1493 1331 1528 Byzatttiuorum
1361 1492 1553 1527 imperatorum
1580 1492 1732 1528 neglectum
1759 1492 1782 1519 is

994 1547 1054 1567 mos
1070 1540 1188 1567 abolitus
1213 1543 1264 1570 est,
1285 1546 1364 1565 neruo
1380 1545 1544 1572 quemquam
1565 1537 1656 1565 Romae
1680 1538 1790 1570 constis

150 1580 207 1616 (94)
228 1580 373 1616 Ῥωμαίων
397 1581 528 1617 ἀρχιερέα
555 1570 758 1617 προῦεῦλῆσθαι
777 1570 818 1617 ντῇ
835 1570 937 1618 γῬώμῃ

995 1586 1045 1614 ιιιίι
1061 1585 1224 1620 pontiﬁcem,
1242 1584 1287 1611 sed
1306 1583 1328 1610 is
1351 1570 1398 1618 per
1414 1570 1602 1618 episcoporum
1620 1588 1646 1610 et
1667 1583 1782 1610 ltoutani

150 1628 268 1662 ἐφεῖται.
286 1627 383 1655 Τοίνυν
405 1628 453 1655 καὶ
470 1628 564 1662 ὲξότου
597 1628 732 1664 ὀλιγωρίᾳ
757 1629 812 1655 τῶν
831 1629 859 1655 ὲν
883 1629 936 1656 Βυ-

149 1674 251 1710 ζαντίῳ
261 1674 396 1709 βασιλέων
411 1675 442 1702 τὸ
454 1675 576 1702 τοιοῦτον
588 1675 742 1708 ἀπεσΰήκει
757 1669 828 1708 ἔθος,
847 1675 935 1708 οὐδεὶς

991 1631 1056 1658 cleri
1070 1630 1222 1657 antistitum
1234 1629 1378 1656 concilium
1391 1629 1544 1656 creabatur.
1560 1627 1720 1655 Fredericus
1734 1636 1783 1655 au-

990 1681 1043 1704 tem
1058 1676 1239 1709 imperatoria:
1249 1674 1305 1709 jam
1317 1674 1378 1701 oliut
1396 1674 1502 1701 inhians
1515 1674 1651 1709 dignitati,
1666 1674 1717 1701 hoc
1728 1674 1782 1702 sibi

837 1743 887 1773 Du
905 1741 1014 1781 Cangii
1029 1744 1123 1772 notae.

151 1803 242 1831 eentio
255 1802 451 1840 Bellovacensi,
467 1803 580 1837 Sannlo,
603 1805 760 1838 Hovadeno,
775 1804 941 1840 Bromptono

150 1844 232 1876 atque
262 1838 331 1876 adeo
357 1844 485 1876 accurato
524 1839 779 1876 aliasjiatttiliarutu
803 1838 940 1876 [p.179]

152 1873 400 1910 Dttratttarittarutn
425 1875 566 1908 scriptore,
594 1875 693 1910 itupini
720 1873 832 1902 fratrem
855 1873 939 1910 fuisse

151 1909 268 1936 Leonem
294 1916 433 1944 perperam
459 1910 566 1937 referri.
592 1909 648 1937 Nec
669 1910 760 1937 obstat
785 1911 856 1944 quod
885 1909 940 1937 Leo

153 1944 300 1980 Rupiuu‘tn,
314 1943 412 1978 Rupiui
425 1951 458 1980 ex
475 1944 530 1980 lilia
544 1950 670 1980 nepotem
692 1943 800 1980 passim,
813 1950 940 1980 nepotem

152 1978 312 2014 simpliciter
326 1984 413 2005 vocat.
429 1978 533 2014 Quippe
557 1978 649 2007 vocem
669 1978 739 2007 hanc
757 1988 805 2014 pro
821 1978 937 2007 consan-

152 2013 242 2048 guinei
259 2013 313 2040 filio
332 2014 456 2041 crebrius
479 2013 605 2049 uSurpari
628 2015 698 2048 apud
721 2013 849 2042 auctores
871 2023 937 2042 con-

153 2053 219 2080 stat,
234 2055 285 2082 qua
301 2049 448 2075 etiamnum
463 2050 596 2077 Armorici
615 2050 701 2076 nostri
720 2051 812 2077 eadem
828 2050 938 2078 notione

152 2084 250 2118 passim
274 2088 395 2110 utuntur.
423 2083 460 2111 De
483 2084 638 2112 Andronico
665 2085 847 2119 Euphorbeno
871 2093 938 2113 eon-

152 2118 292 2151 sulentlutn
312 2123 425 2145 stemma
439 2119 644 2146 Comnenicum.

187 2153 244 2188 (95)
264 2153 320 2180 Τοῦ
343 2154 494 2187 Ῥωμαίων
514 2154 744 2188 αὐτοκράτορος.
757 2154 841 2182 Vetus
858 2160 898 2182 est
911 2159 938 2182 et

152 2189 295 2215 decantata
319 2189 362 2214 illa
384 2189 498 2224 quaestio
521 2194 548 2224 et
575 2191 772 2223 controversia,
801 2190 938 2217 Romano-

152 2231 248 2251 rutune
259 2223 452 2256 imperatorum
466 2223 548 2251 fuerit
560 2232 681 2252 summos
691 2226 832 2259 pontiliees
845 2224 938 2252 Romae

154 2265 259 2291 creare,
280 2258 322 2285 vel
346 2264 420 2285 certe
438 2267 473 2285 an
491 2260 507 2286 ii
527 2260 628 2294 absque
642 2258 833 2293 imperatorum
856 2259 938 2294 elige-

155 2299 249 2320 rentur
266 2300 410 2324 consensu,
426 2294 458 2320 de
477 2302 529 2328 qua
547 2296 629 2321 multa
645 2295 694 2321 viri
715 2295 784 2322 docti
807 2295 938 2322 hactenus

155 2333 235 2365 atque
252 2328 278 2365 in
297 2329 391 2365 primis
404 2328 520 2365 Jacobus
541 2328 678 2365 Pamelius
699 2330 737 2365 ad,
749 2330 829 2365 epist.
849 2330 893 2362 5'2,
909 2331 937 2357 S.

154 2363 289 2398 Cypriani,
306 2364 425 2398 Angelus
441 2372 455 2390 a
471 2363 544 2391 Nuee
562 2365 595 2391 ad
622 2364 706 2392 Leon.
722 2363 780 2392 Ost'.
802 2366 820 2392 Ι.
847 2372 888 2398 ιιι,
912 2373 937 2392 c.

154 2371 289 2424 υἷμτιιὶιιι,
306 2371 425 2397 augetus
441 2372 455 2390 a
471 2371 544 2391 nuce
562 2371 595 2391 ad
622 2371 706 2392 Leon.
722 2371 780 2392 Ust.
802 2371 820 2392 ι.
847 2372 888 2398 ιιι,
912 2373 937 2392 c.

154 2398 171 2424 2
192 2418 200 2431 ,
226 2399 281 2431 50;
306 2397 496 2432 Bellartnittus,
516 2399 646 2427 Barouius
666 2404 693 2427 et
717 2400 761 2427 alii
783 2402 888 2427 erudite
913 2405 939 2427 et

155 2434 265 2468 copiose
283 2434 480 2461 diascruerunt.

190 2469 246 2504 (96)
264 2468 329 2505 ὀει
340 2469 382 2504 μὴ
395 2469 530 2501 βασιλεῖ.
555 2469 587 2497 Ει
602 2476 667 2497 sane
677 2474 767 2497 stante
781 2477 939 2505 gravissimo

157 2503 202 2531 illo
217 2505 287 2538 quod
301 2503 449 2531 Eeclesiam
466 2505 602 2533 divexavit
617 2505 661 2531 diu
677 2503 822 2533 schismate
835 2504 940 2531 Manuel

158 2547 284 2573 magnum
298 2540 359 2566 inde
380 2540 431 2566 Sibi
443 2540 536 2568 volens
547 2547 704 2572 comparare
717 2541 939 2572 emolumentum,

157 2574 337 2601 Alexandrum
354 2574 376 2600 ll
407 2582 450 2609 pp.
479 2575 563 2602 variis
591 2575 687 2603 ciliciis
716 2576 767 2603 sibi
797 2575 941 2602 conciliare

159 2610 272 2640 studuit,
288 2617 341 2644 quo
355 2610 405 2637 sibi
418 2610 468 2637 soli
494 2611 697 2645 imperatorium
714 2610 821 2637 titulum
834 2617 941 2638 assere-

160 2650 208 2677 ret,
221 2646 355 2678 proutisso
370 2646 451 2672 etiam
469 2653 524 2673 non
542 2645 647 2673 tttodico
662 2645 763 2673 auxilio
782 2651 808 2672 et
827 2647 940 2672 tlttarum

158 2681 336 2716 ecclesiarum
362 2681 497 2716 proposita
525 2681 646 2716 unione:
680 2681 751 2716 quod
781 2681 845 2708 olint
874 2688 942 2707 avus

160 2713 289 2742 blauuelis
307 2713 419 2743 Aleiius
437 2724 451 2742 a
470 2715 595 2744 Paschali
612 2715 632 2742 ll
649 2713 696 2750 pp.—
709 2715 831 2743 obtinere
859 2716 941 2741 etiam

160 2724 289 2742 ntauueus
307 2724 417 2743 mextus
437 2724 451 2742 a
470 2724 595 2744 rascnau
612 2724 632 2742 tt
649 2724 664 2750 p
686 2735 693 2742 .
709 2724 831 2743 onttuere
859 2724 941 2741 etiam

160 2750 275 2776 aunixns
290 2750 387 2783 fuerat,
402 2759 463 2778 eum
477 2753 511 2779 ab
524 2751 640 2778 Henrico
656 2724 854 2785 $imperat0re
865 2758 942 2785 pres-

159 2787 216 2812 sius
240 2785 284 2812 ille
311 2792 465 2820 urgeretur,
491 2791 627 2814 utauetor
646 2793 687 2814 est
705 2787 800 2814 Petrus
829 2787 940 2813 Diacon.

161 2820 178 2848 ι.
194 2827 231 2853 tv,
245 2820 346 2848 Chron.
359 2823 421 2849 (las.
437 2830 460 2849 ι’.
480 2823 522 2849 Mi.
544 2823 610 2848 Acta
626 2822 771 2848 Alexandri
789 2830 834 2848 an.
852 2821 919 2847 1166
933 2830 940 2847 :

160 2855 210 2882 Per
240 2855 306 2883 idem
331 2862 431 2891 tempus
459 2857 616 2884 Emmanuel
643 2865 753 2893 magum
784 2862 808 2884 et
826 2856 941 2884 excelsus

992 1804 1101 1837 Cpoleos
1129 1803 1284 1838 imperator,
1312 1811 1395 1830 utens
1426 1802 1560 1829 molestias
1587 1803 1781 1838 etgrauamina

991 1847 1049 1874 quae
1064 1840 1206 1873 prwdictus
1224 1837 1382 1866 Fredericus
1410 1839 1555 1865 renerando
1566 1839 1685 1871 episcopo
1701 1839 1782 1865 Alea:-

990 1876 1074 1900 andro
1093 1879 1186 1901 contra
1212 1874 1297 1901 Deum
1312 1879 1334 1900 et
1351 1881 1453 1900 onmem
1476 1874 1611 1907 justitiam
1625 1874 1779 1900 minabatur

990 1909 1099 1944 inferre,
1122 1909 1194 1936 misit
1206 1911 1240 1936 ad
1256 1909 1347 1936 urbem
1368 1908 1480 1944 Romam
1509 1908 1656 1944 lat-danunt
1677 1909 1781 1941 imperii

989 1945 1031 1971 lui
1057 1946 1189 1971 sebustum
1219 1945 1355 1979 ﬁliumque
1384 1943 1492 1970 Roberti
1512 1943 1639 1979 rCupuani
1655 1944 1780 1977 prirtripis

991 1979 1025 2005 ad
1054 1979 1247 2006 subventionem
1273 1978 1460 2006 et'seruitium
1491 1978 1608 2013 ejusdem
1630 1979 1774 2012 ponti/icit.

997 2014 1108 2041 Veniens
1127 2019 1216 2040 autem.
1232 2014 1301 2041 idem
1318 2016 1436 2041 sebastus
1450 2014 1584 2041 humiliter
1597 2022 1624 2040 se
1640 2014 1781 2041 inclinavit

991 2050 1074 2076 eidem
1093 2049 1210 2083 pontiﬁci
1246 2054 1270 2076 et
1285 2050 1379 2076 oblatis
1396 2050 1430 2075 ad
1456 2049 1533 2082 pedes
1553 2049 1610 2083 ejus
1629 2050 1730 2083 magnis
1756 2054 1781 2076 et

991 2085 1114 2118 pretiosis
1142 2085 1304 2117 muneribus,
1329 2084 1416 2111 omnia
1447 2093 1505 2119 qua:
1530 2084 1640 2111 habebat
1659 2085 1686 2110 in
1704 2093 1780 2111 man-

993 2120 1063 2146 datis
1088 2118 1225 2153 diligenter
1253 2120 1383 2152 exposuit.
1413 2118 1456 2145 Et
1475 2120 1542 2146 inter
1575 2124 1670 2146 cwtera
1698 2128 1780 2146 unum

993 2155 1185 2186 continebatur,
1212 2158 1264 2181 etc.
1294 2154 1413 2181 Asseruit
1433 2155 1501 2180 enim
1532 2156 1599 2188 quod
1613 2154 1682 2180 idem
1696 2156 1780 2187 impe-

992 2195 1066 2216 ratur
1089 2189 1225 2215 ecclesiam
1250 2197 1326 2215 suam
1350 2190 1425 2215 unire
1460 2189 1572 2221 uolebat,
1598 2194 1649 2216 etc.
1688 2189 1779 2216 Niltilo

991 2225 1078 2251 minus
1101 2225 1213 2258 petebat,
1237 2229 1264 2250 ut
1282 2225 1344 2258 quia
1364 2223 1468 2250 occasio
1488 2223 1562 2257 justtt
1580 2229 1603 2251 et
1617 2229 1720 2258 tempus
1731 2233 1779 2256 ομ-

990 2264 1133 2293 portunum
1155 2264 1180 2285 et
1196 2259 1354 2293 acceptabile
1381 2266 1407 2284 te
1438 2259 1577 2289 obtulerat,
1607 2258 1720 2285 Romani
1733 2267 1772 2285 co-

991 2302 1056 2321 rana
1074 2295 1177 2327 imperii
1194 2302 1209 2320 a
1225 2296 1284 2320 sede
1300 2293 1445 2327 apostolica
1474 2293 1635 2325 redderetur,
1652 2295 1777 2328 quoniam

991 2337 1043 2356 non
1058 2329 1092 2355 ad
1115 2328 1251 2356 Fredert'ci
1268 2328 1418 2360 Alemanni,
1435 2327 1479 2354 sed
1494 2328 1529 2355 ad
1542 2329 1589 2362 jus
1614 2327 1688 2355 suum
1702 2337 1777 2355 aue-

992 2369 1058 2391 reret
1078 2366 1217 2397 pertinere.
1231 2364 1274 2390 Ad
1291 2365 1360 2398 quod
1376 2371 1440 2395 opus
1455 2364 1604 2398 faciendum
1614 2368 1699 2390 tanta;
1717 2365 1778 2390 auri

991 2400 1142 2433 argentique
1161 2407 1220 2432 opes
1253 2404 1277 2426 et
1303 2398 1410 2433 fortium
1435 2399 1549 2425 virorum
1572 2400 1718 2431 potentiam
1750 2407 1777 2425 se

990 2434 1149 2468 largiturum
1175 2433 1289 2468 ﬁrmiter
1323 2433 1475 2468 spondebat,
1512 2437 1581 2468 quod
1614 2442 1664 2460 non
1690 2433 1776 2460 solum

992 2467 1115 2501 Romam,
1131 2467 1180 2496 sed
1195 2470 1274 2495 etiam
1299 2467 1381 2495 totam
1407 2467 1565 2495 ltaliant'ad
1595 2469 1708 2496 ecclesirv
1719 2477 1776 2495 ser-

990 2505 1082 2531 vitium
1101 2509 1125 2531 et
1135 2504 1322 2531 restituendam
1338 2504 1395 2538 sibi
1413 2503 1527 2530 ecclemu
1542 2512 1666 2530 coronant
1678 2505 1776 2538 absque

991 2540 1069 2566 dubio
1096 2539 1210 2574 sufﬁcere
1238 2543 1350 2574 poterat.
1378 2537 1452 2574 Quod
1484 2538 1589 2574 verbum
1617 2539 1676 2565 licet
1698 2537 1776 2565 nimis

991 2574 1093 2609 difficile
1118 2573 1250 2601 videretur
1279 2574 1302 2600 ei
1327 2579 1352 2600 et
1387 2573 1471 2599 ntulta
1490 2573 1677 2600 deliberatione
1711 2582 1775 2605 opus

991 2608 1095 2641 habere,
1121 2610 1184 2636 utile
1210 2613 1297 2636 tamen
1322 2609 1404 2636 visum
1422 2613 1470 2640 est,
1495 2613 1522 2634 ut
1538 2609 1670 2642 paulisper
1685 2608 1775 2635 habito

992 2653 1051 2671 cum
1077 2645 1206 2678 fratribus
1235 2645 1289 2670 suis
1313 2643 1422 2670 consilio
1449 2644 1597 2678 episcopum
1629 2643 1776 2670 Ostiensem

992 2685 1014 2706 et
1029 2677 1189 2706 cardinalth
1206 2679 1257 2707 SS.
1274 2678 1386 2706 Joannis
1410 2682 1434 2705 et
1458 2677 1535 2704 Pauli
1553 2687 1599 2711 pro
1627 2687 1707 2705 causa
1718 2679 1777 2713 ipsa

993 2715 1135 2742 tractanda
1153 2714 1261 2741 elaterc
1288 2723 1335 2741 suo
1373 2721 1433 2740 cum
1459 2714 1583 2747 prwdicto
1612 2714 1713 2740 sebasto
1743 2714 1778 2740 ad

992 2751 1108 2785 ejusdem
1123 2750 1288 2784 imperatoris
1303 2749 1469 2784 pt'azsentiam
1480 2748 1633 2785 destinaret.
1656 2749 1683 2776 Id
1696 2749 1778 2785 etiam

994 2783 1086 2820 postea
1120 2788 1232 2812 tetttavit
1266 2784 1383 2817 Manuel,
1413 2792 1457 2811 an.
1485 2783 1620 2820 “70,7ut
1645 2793 1678 2812 ex
1703 2784 1781 2820 Actis

993 2819 1114 2854 ejusdem
1143 2821 1278 2853 pontificis
1308 2819 1445 2854 colligitur
1472 2819 1542 2854 apud
1573 2819 1729 2847 Barouium.
1747 2819 1780 2846 ν.

995 2855 1065 2883 infra
1081 2863 1108 2890 p.
1123 2855 1176 2882 262
1191 2863 1232 2890 sq.
