1961 3073
211 124 260 158 591

856 119 1019 150 JOANNIS
1039 118 1201 150 CINNAMI

1780 117 1833 149 592

206 182 233 209 si
248 183 410 215 arrogasset,
426 178 588 212 praecipuum
604 175 676 203 illius
693 166 989 209 argumentum'habert

1046 172 1142 199 οὐδένα
1156 173 1184 200 ὲν
1210 172 1302 210 Ῥώμῃ
1319 175 1449 211 ἀρχιερέα
1463 174 1589 211 καθίστη,
1603 175 1660 203 ἀλλ’
1688 175 1834 202 ὲπισκοπι·

207 228 259 255 sibi
277 227 428 254 videbatur.
444 224 542 251 Verum
567 223 610 250 ille
632 222 783 250 conciliatis
808 219 992 254 compluribus

205 262 544 307 episcopis,-quodcunque
559 268 620 296 novi
635 271 777 303 peregerat
797 273 843 300 per
858 266 990 299 synodum

206 317 360 345 conﬁrmari
376 316 489 342 curavit.
506 314 534 341 ld
550 314 656 349 regibus
674 312 779 340 (αξιοι-ξε
793 311 863 338 haud
880 310 991 345 placuit.

208 363 291 390 Nemo
309 367 397 389 tatnen
413 361 444 387 ad
471 359 648 387 resistendum
672 358 828 390 Frederieo,
850 357 894 391 qui
912 357 944 382 ad
967 355 991 381 id

207 408 350 444 potestatis
371 412 397 435 et
420 406 516 434 virium
535 409 704 441 pervenerat,
728 403 841 430 idoneus
865 401 916 428 fuit
940 400 991 428 nisi

206 457 362 490 imperator,
379 453 422 488 qui
440 452 561 487 pecuniis
583 451 740 484 artibusque
765 449 825 475 aliis
845 451 873 475 el.
897 448 922 474 in
942 447 993 474 hoc

206 507 313 535 quoque
329 499 365 526 illi
382 499 497 530 obstitit,
515 501 541 524 et
558 495 739 524 Alexandrum
760 502 852 521 rursus
870 494 897 520 in
919 493 992 520 thro-

207 555 269 574 num
288 545 424 580 imposuit.
443 536 495 571 sed
519 543 552 570 de
573 543 607 569 iis
632 546 736 576 postea.
753 540 906 574 Chaluphes
927 545 992 566 vero

205 599 267 619 cum
284 591 459 626 Epidamnum
473 587 642 619 accessisset,
657 586 747 613 relicta
762 585 796 612 ibi
812 585 890 612 sicuti
906 585 991 618 impe-

206 643 293 664 ratum
311 641 369 662 erat
387 634 482 668 majori
508 632 683 668 pecuniarum
709 635 796 666 parte,
816 634 923 656 ventum
948 636 992 656 se-

205 683 319 710 cundum
338 686 434 708 nactus
450 679 483 706 ad
502 673 617 706 Venetos
638 678 747 711 navigio
763 676 884 711 pervenit
900 684 907 702 ε
924 680 949 702 et
965 675 991 702 in

203 728 366 762 colloquium
390 726 500 752 veniens
522 731 582 751 eum
601 723 718 758 regionis
734 722 800 749 duce
824 721 939 755 aliisque
965 721 992 746 in

204 774 255 801 ista
281 778 361 808 gente
387 771 451 798 viris
477 770 637 801 illustribus,
664 767 817 801 huiusmodi
842 767 990 794 orationem

204 819 297 847 habuit
313 828 320 845 :
339 827 348 843 ι
367 816 451 844 Nemo
469 821 586 843 vestrum
611 815 756 845 existimet,
773 813 833 847 viri,
853 820 907 846 me,
928 813 991 846 quia
1007 824 1028 851 Β

203 865 348 893 metuimus
363 871 396 890 ne
411 867 499 889 vestra
525 862 636 888 ﬂuctuet
658 867 722 895 erga
742 859 891 886 Romanum
906 858 992 892 impe-

203 912 273 939 rium
297 909 492 940 benevolentia,
509 907 570 934 ideo
586 908 637 933 htte
652 905 762 932 missum
779 911 840 932 esse
857 904 890 931 ab
908 903 993 937 impe-

207 962 306 987 ratore,
324 961 353 982 ut
370 955 490 981 labantes
507 958 609 979 vestros
630 951 735 978 animos
756 950 858 984 erigam
880 956 911 975 ac
927 955 992 975 con-

204 1003 319 1029 ﬁrmem.
347 999 440 1034 Neque
462 999 534 1026 enim
562 998 682 1024 futurum
707 996 833 1027 arbitror,
857 995 938 1029 23o
963 997 992 1021 ut

202 1054 249 1076 aut
261 1056 309 1075 vos
327 1047 375 1082 ipsi
392 1051 445 1073 lant
462 1045 608 1080 degeneres
623 1048 649 1071 et
664 1048 750 1071 vestra
773 1042 897 1076 indignos
913 1046 991 1075 gente

202 1094 345 1130 pt'mstetis,
363 1098 408 1120 attt
422 1092 455 1119 ab
468 1100 499 1119 ea
514 1099 593 1125 quant
610 1091 643 1117 de
655 1089 729 1116 vobis
750 1088 853 1124 pridem
867 1087 991 1121 concepit

202 1142 330 1177 opinione
355 1139 460 1167 recedat
492 1138 649 1172 imperator.
680 1134 900 1168 Quandoquidem
926 1140 990 1159 vero

203 1189 273 1216 inter
290 1193 384 1214 omnes
406 1186 450 1219 qui
475 1183 525 1211 sub
548 1182 619 1209 illius
639 1185 772 1216 potestate
788 1185 849 1206 sunt
865 1179 988 1214 populos,

203 1234 230 1262 in
247 1238 334 1260 vestra
356 1230 540 1258 benevolentia
556 1228 725 1264 potissimam
749 1226 829 1253 habet
851 1226 987 1256 ﬁduciam,

202 1283 343 1315 eaproptcr
357 1283 383 1304 et
395 1285 468 1303 suam
483 1275 689 1303 sollicitudinem
704 1273 779 1300 vobis
793 1273 906 1307 primum
924 1271 990 1298 indi-

202 1333 265 1353 care
281 1330 361 1359 atque
376 1325 516 1350 ostendere
529 1317 632 1348 statuit.
649 1319 736 1353 Turpe
753 1319 823 1345 enim
838 1321 879 1345 est
894 1318 989 1345 subdi-

203 1368 237 1395 tis
253 1368 360 1402 quidem
378 1366 415 1392 uti
438 1365 572 1397 felicibus,
587 1363 733 1391 infclicium
749 1370 813 1389 vero
826 1362 988 1397 posthabere

201 1412 326 1440 salutent.
343 1410 381 1438 Ne
399 1410 481 1445 igitur
498 1408 584 1441 vobis,
603 1413 632 1435 ut
648 1412 674 1436 et
696 1407 799 1435 caeteris
812 1407 857 1442 qui
873 1407 988 1442 impera-

203 1458 270 1486 toris
287 1457 404 1485 amicitia
421 1464 472 1484 nou
491 1455 628 1487 fruuntur,
652 1456 692 1483 vis
707 1455 795 1490 aliqua
810 1462 824 1481 a
840 1454 987 1481 Frederico

1046 217 1101 244 κῶν
1115 219 1231 245 συνόδων
1242 220 1288 246 καὶ
1310 220 1357 246 τοῦ
1375 221 1444 248 κατὰ
1472 221 1514 257 [Ρ.
1545 222 1620 257 155.]
1653 221 1703 256 τὴν
1720 221 1834 255 Ῥώμην

1042 264 1236 299 ἀρχιερατικοῦ
1253 265 1340 292 ταῦτα
1358 267 1487 294 ἐτελεῖτο.
1511 267 1593 294 Ἀλλὰ
1616 267 1782 303 Φρεδερίκος
1795 269 1830 302 τῇ

1042 310 1246 346 αὐτοκράτορος
1262 312 1347 339 πάλαι
1371 313 1584 349 ἐποφθαλμίζων
1593 314 1675 349 ἀρχῇ,
1688 315 1736 340 κὰ).
1751 313 1834 340 τοῦτο

1041 354 1073 390 δὴ
1086 355 1215 390 μέγιστον
1230 358 1316 392 αὐτῆς
1330 358 1474 394 γνώρισμα
1489 360 1722 396 ὑφαρπασὰμενος
1740 361 1832 392 ἔδοξεν

1042 401 1125 437 ἔχειν.
1141 403 1170 429 '0
1179 402 1206 429 δὲ
1218 404 1266 431 καὶ
1281 405 1334 431 τῶν
1346 405 1504 433 ἐπισκόπων
1517 407 1754 442 ὑποποιησάμενος
1764 404 1832 433 πὸλ-

1042 449 1105 479 λοὺς
1120 449 1172 475 ὑπὸ
1190 450 1382 486 συνόδῳ-δῆθεν
1410 452 1533 487 ἐκύρωσε
1558 453 1592 480 τὰ
1622 453 1668 480 τοῦ
1702 462 1832 489 νεωτερι-

1043 493 1125 526 σμοῦ.
1143 493 1229 520 Τοῦτο
1245 495 1308 530 ῥηξὶ
1322 497 1379 528 τοῖς
1397 497 1487 530 ἄλλοις
1499 497 1571 531 ἔδοξε
1589 498 1639 534 μὲν
1652 498 1703 524 οὐκ
1720 499 1832 526 ἐπαινε-

1046 539 1102 572 τὸν,
1116 540 1229 576 ἐδυνήθη
1243 541 1270 568 δὲ
1290 542 1378 574 οὐδεὶς
1393 544 1548 580 Φρεδερίκῳ
1561 545 1725 580 ἀντιπρᾶξαι
1749 545 1831 573 δυνά-

1044 591 1116 616 μεως
1131 583 1178 610 ἐπὶ
1191 585 1316 612 πλεῖστον
1332 587 1441 622 ἥκοντι,
1458 589 1498 615 ὅτι
1510 581 1552 624 ’μὴ
1565 589 1693 624 βασιλεὺς
1704 589 1832 624 χρήμασί

1042 635 1071 652 τε
1087 628 1133 654 καὶ
1150 632 1289 664 μηχαναῖς
1303 632 1413 666 ἑτέραις
1425 633 1553 667 ἐμποδὼν
1569 634 1645 670 αὐτῷ
1660 636 1710 662 κάν
1741 634 1833 669 τούτῳ

1042 672 1162 705 ἐγένετο,
1184 675 1359 712 Ἀλέξανδρον
1379 679 1424 704 ἐπὶ
1450 679 1497 705 τοῦ
1514 679 1609 714 θρόνου
1631 680 1753 712 εἰσαῦθις
1781 688 1832 707 κα-

1042 719 1258 754 ταστησάμενος.
1281 722 1361 749 Ἀλλὰ
1377 723 1462 750 ταῦτα
1478 724 1529 760 μὲν
1544 725 1667 760 ὕστερον.
1684 726 1713 753 ’0
1728 726 1756 753 δὲ
1773 726 1831 753 Χα-

1041 763 1155 800 λούφης,
1175 767 1268 802 ἐπειδὴ
1284 768 1353 802 πρὸς
1390 769 1545 806 Ἐπιδάμνῳ
1574 772 1692 806 ἐγένετο,
1712 771 1831 798 ἐνταῦθα

1043 812 1283 846 προστεταγμένον
1302 813 1377 849 αὐτῷ
1389 814 1425 841 τὰ
1446 816 1532 842 πλείω
1543 816 1598 842 τῶν
1625 818 1774 852 χρημάτων
1791 818 1832 844 λι-

1044 854 1102 881 πὼν
1116 856 1197 888 αὐτὸς
1210 857 1258 884 ἐπὶ
1274 859 1439 893 Οὑεννέτους
1453 862 1550 888 ναυσὶν
1575 859 1641 897 ἦλθε
1672 863 1831 898 πνεύματος

1042 901 1175 937 ἐπιφόρου
1190 902 1290 938 τυχὼν,
1303 904 1342 938 τῷ
1356 905 1405 940 τῆς
1418 905 1511 941 χώρας
1539 915 1569 932 τε
1591 907 1668 934 δουκὶ
1697 908 1745 934 καὶ
1773 909 1832 939 τοῖς

1042 946 1133 979 ἄλλοις
1151 948 1206 974 τῶν
1222 951 1251 993 ἐγ
1266 950 1304 985 τῷ
1322 951 1393 978 ἔθνει
1409 952 1494 988 τούτῳ
1516 952 1638 988 λογίμων
1663 954 1703 985 είς
1731 953 1832 988 λόγους

1044 993 1129 1021 ἐλθὼν
1142 994 1214 1027 ἔλεξε
1227 995 1290 1023 τάδε
1307 1004 1315 1013 ·
1339 1007 1348 1024 ι
1362 998 1464 1034 Μηδεὶς
1482 1000 1569 1035 ὑμῶν,
1601 997 1623 1027 ὧ
1640 1001 1746 1036 ἄνδρες,
1764 1003 1832 1029 ὑπο-

1041 1040 1148 1068 λαϐέτω
1160 1041 1214 1068 δέει
1228 1043 1275 1069 τοῦ
1295 1043 1333 1086 μὴ
1345 1044 1378 1086 ,τὸ
1396 1046 1424 1077 ἐς
1435 1045 1484 1082 τὴν
1510 1046 1654 1082 Ῥωμαίων
1669 1047 1766 1075 εὔνουν
1781 1049 1832 1084 βα-

1047 1088 1155 1114 σιλείαν
1171 1089 1341 1124 προήσεσθαι
1358 1099 1424 1117 ποτε
1445 1091 1494 1127 τὴν
1523 1092 1660 1128 ὑμετέραν
1689 1093 1832 1130 ἀγχίνοιαν

1041 1134 1110 1169 πρὸς
1128 1135 1262 1170 βασιλέως
1279 1136 1396 1164 ἐνταῦθά
1409 1146 1442 1172 με
1464 1138 1579 1173 ἀφῖχθαι
1619 1139 1784 1175 στηρίξαντα
1799 1140 1833 1166 τὸ

1041 1179 1118 1214 ὑμῶν
1133 1180 1200 1212 ἴσως
1226 1180 1343 1213 ὀκλάζον
1357 1181 1408 1216 τῆς
1439 1182 1561 1219 γνώμης.
1588 1184 1634 1219 Μὴ
1661 1184 1715 1219 γὰρ
1742 1184 1831 1218 οὕτως

1040 1225 1116 1251 αὐτοί
1135 1234 1165 1252 τε
1178 1226 1300 1260 ἀγεννῶς
1319 1228 1366 1254 καὶ
1401 1228 1517 1262 ἀναξίως
1549 1230 1594 1256 τοῦ
1635 1230 1713 1265 ὑμῶν
1738 1231 1831 1258 αὐτῶν

1040 1270 1149 1317 σχοίητε
1165 1272 1273 1305 γένους,
1295 1274 1342 1299 καὶ
1359 1273 1489 1309 βασιλεὺς
1508 1275 1557 1310 τῆς
1572 1276 1637 1312 περὶ
1652 1276 1724 1312 ὑμᾶς
1743 1277 1830 1304 πάλαι

1038 1315 1184 1352 διαμᾶρτοι
1197 1318 1287 1353 δόξης.
1311 1319 1381 1346 ’Λλλ’
1394 1320 1489 1357 ἐπειδὴ
1499 1320 1553 1348 τῶν
1571 1322 1671 1356 ἄλλων,
1689 1323 1745 1349 ὅσοι
1776 1323 1832 1350 ὑπὸ

1039 1362 1088 1397 τὴν
1103 1363 1233 1398 παλάμην
1248 1364 1355 1408 τελοῦσι
1367 1366 1415 1401 τὴν
1425 1367 1518 1400 αὐτοῦ,
1528 1367 1591 1403 ὑμῖν
1604 1368 1722 1403 μάλιστα
1733 1370 1772 1400 είς
1782 1369 1831 1395 εὐ-

1038 1409 1216 1445 γνωμοσύνην
1245 1411 1423 1447 τεθαρρηκὼς
1437 1413 1491 1448 εἴη,
1511 1413 1623 1449 πρώτην
1638 1414 1682 1441 διὰ
1694 1414 1772 1441 τοῦτο
1782 1415 1830 1442 καὶ

1037 1455 1086 1491 τὴν
1093 1457 1174 1483 αὐτοῦ
1186 1458 1348 1493 κηδεμονίαν
1355 1460 1418 1494 ὑμῖν
1428 1460 1614 1493 ἐπιδείξασθαι
1624 1460 1703 1496 ἔγνω.
1712 1461 1831 1497 Αίσχρὲιν

201 1504 346 1535 inferatur,
367 1503 425 1530 viro
443 1502 592 1536 imperandi
617 1501 763 1536 pereupido
783 1505 811 1528 et
834 1508 893 1535 qure
917 1506 986 1528 tem-

1041 1503 1089 1537 μὲν
1100 1504 1153 1539 γὰρ
1163 1491 1279 1539 χρῆσθαι
1299 1507 1354 1538 τοῖς
1373 1491 1505 1541 ύπηκόοις
1516 1491 1693 1543 ε-ὺημερούσι,
1707 1491 1830 1543 δυσέἐρας

202 1558 268 1586 pore
281 1555 308 1578 et
322 1550 401 1585 longa
417 1548 574 1576 saeculorum
587 1548 779 1575 consuetudine
794 1547 909 1574 stabilita
925 1551 988 1574 sunt

202 1597 354 1625 convellere
378 1595 450 1622 nullo
474 1595 565 1622 labore
589 1598 738 1628 satageute,
756 1601 808 1625 me,
826 1593 864 1619 uti
880 1594 987 1628 videtis,

202 1643 236 1670 ad
260 1650 307 1669 vos
324 1641 408 1673 misit,
432 1641 607 1675 prtebiturum
624 1640 724 1670 omnia,
744 1647 802 1673 quia
819 1640 851 1666 ab
866 1639 925 1674 ipso
939 1647 987 1674 po-

201 1688 354 1724 posceritis.
373 1686 465 1715 Nostis
488 1686 572 1719 enim,
597 1690 627 1712 ut
643 1686 787 1720 aliquando
811 1685 844 1712 ad
859 1685 989 1713 Mediola-

202 1743 278 1768 num,
294 1734 438 1769 adjuvante
449 1733 582 1767 principe,
597 1732 691 1766 pra-lio
705 1739 765 1758 eum
780 1731 924 1759 Frederico
936 1731 989 1759 isto

202 1781 348 1810 commisso
362 1780 478 1807 victores
493 1779 634 1806 evaseritis
647 1787 653 1805 :
667 1778 737 1805 unde
752 1783 778 1805 et
799 1778 988 1812 imperatorem

201 1835 313 1856 exosum
337 1827 429 1859 habet,
457 1825 614 1859 stolidaeque
638 1825 755 1852 conlisus
773 1824 912 1856 socordia),
934 1824 987 1850 Ro-

202 1881 344 1902 manorum
360 1879 420 1900 sese
434 1872 637 1906 imperatorem,
652 1870 724 1896 nullo
739 1869 802 1896 licet
815 1870 885 1904 jure,
898 1869 987 1896 vocari

201 1920 258 1948 vult
273 1929 280 1947 :
294 1919 419 1947 nesciens
441 1916 672 1944 extraordinarios
696 1915 811 1943 fortuna:
835 1922 987 1948 successus,

202 1972 262 1992 cum
280 1963 415 1991 soliditate
431 1961 502 1989 nulla
520 1961 677 1993 l'ulciantur,
696 1960 748 1987 cito
764 1959 852 1987 solere
869 1959 989 1988 diﬂluere

201 2015 229 2038 et
243 2015 417 2036 evanescere.
435 2008 524 2042 Atque
539 2014 569 2034 ea
584 2011 646 2034 sunt
661 2014 774 2041 quorum
789 2007 876 2041 gratia
892 2007 925 2034 ad
941 2014 988 2034 vos

202 2055 262 2083 veni
279 2063 285 2081 :
302 2058 421 2080 vestrum
436 2058 524 2079 autem
539 2051 590 2079 erit
608 2051 652 2078 illa
668 2052 810 2084 coalicere,
825 2059 884 2087 qua:
904 2061 989 2088 nuper

202 2108 249 2136 per
271 2099 373 2134 legatos
401 2106 461 2125 cum
488 2098 650 2132 imperatore
676 2097 826 2132 pepigistis.
853 2098 989 2127 Dieebatis

201 2153 320 2180 namque
330 2144 515 2180 adjungentlas
527 2143 585 2171 fore
597 2144 699 2171 vicinas
708 2143 838 2179 Ligurum
851 2144 987 2175 civitates,

201 2193 223 2220 si
240 2193 317 2219 modo
333 2192 430 2226 aliquis
449 2189 589 2226 Byzantio,
606 2189 652 2224 qui
669 2190 807 2218 vobiscum
822 2198 879 2218 rem
892 2197 987 2225 capes-

202 2243 284 2272 seret,
300 2238 477 2266 adventaret_:
488 2237 558 2272 quod
574 2241 601 2264 et
617 2236 716 2263 factum
731 2241 784 2268 est,
798 2237 835 2263 uti
853 2236 958 2264 videtis.
975 2245 985 2262 ι

202 2286 264 2313 llmc
281 2285 388 2320 quidem
410 2284 477 2312 dixit
498 2283 673 2318 Nicepltorus.
692 2282 771 2317 23],
789 2281 881 2310 Veneti
898 2288 988 2309 autem

201 2336 313 2366 excepta
336 2330 408 2358 illius
422 2330 555 2362 oratione,
571 2329 660 2356 omnia
676 2336 705 2355 se
721 2334 898 2356 exsecuturos
911 2329 988 2363 polli-

200 2378 246 2404 eiti
262 2381 333 2404 sunt.
351 2375 403 2403 Sed
419 2380 445 2402 et
459 2375 592 2403 Cremona
615 2379 642 2402 et
656 2373 806 2407 Patavium,
823 2374 989 2408 complures-

200 2431 254 2458 que
271 2423 331 2450 aliae
344 2423 371 2450 in
387 2421 496 2458 Liguria
512 2421 695 2449 celeberrimae
712 2420 837 2448 civitates
861 2421 990 2457 principis

201 2477 292 2506 partes
314 2475 377 2498 sunt
391 2470 530 2505 amplexae.
546 2470 611 2497 Haec
627 2470 654 2497 in
675 2468 752 2497 italia
775 2470 809 2497 ab
827 2470 990 2504 imperatore

200 2524 261 2545 acta
285 2522 366 2549 sunt,
394 2525 446 2544 11011
475 2521 568 2552 aperte
592 2516 699 2551 quidem
716 2525 724 2544 ἓ
739 2524 801 2544 nam
828 2521 989 2552 concepluut

201 2564 329 2592 adversus
363 2562 536 2592 Frcdericttm
569 2563 661 2591 odium
695 2567 785 2599 tegere
817 2563 907 2592 adhuc
938 2571 986 2592 cu-

199 2610 276 2647 pieba
281 2616 299 2638 ι.

1038 1551 1158 1584 γούντων
1178 1551 1205 1577 δὲ
1218 1551 1509 1588 ἀ[πο]προσποιε”ίσθαι
1528 1554 1577 1589 τὴν
1593 1554 1741 1589 σωτηρίαν.
1764 1554 1826 1581 Ἵνα

1037 1596 1126 1622 τοίνυν
1145 1597 1181 1632 μὴ
1194 1598 1240 1623 καὶ
1258 1598 1321 1633 ὑμῖν
1336 1598 1383 1624 σὺν
1397 1598 1496 1631 ἄλλοις,
1507 1599 1579 1630 ὅσοις
1590 1600 1620 1626 οὺ
1634 1599 1683 1634 τῆς
1697 1599 1830 1634 βασιλέως

1040 1643 1168 1678 μέτεστιν
1189 1644 1346 1679 εὐμενείας,
1381 1644 1527 1679 βεϐιάσθαι
1555 1645 1631 1680 παρὰ
1664 1645 1830 1680 Φρεδερίκου

1039 1689 1173 1725 συμϐαίη,
1208 1690 1304 1725 ἀνδρὸς
1335 1690 1535 1729 ὑποιφιλαρχίᾳ
1550 1691 1597 1717 καὶ
1617 1691 1650 1718 τὰ
1665 1690 1753 1726 χρόνῳ
1781 1692 1831 1719 καὶ

1038 1732 1095 1760 ἔθει
1109 1735 1303 1769 κεκρατηκότα
1322 1734 1422 1770 μακρῷ
1433 1734 1553 1762 διαλύειν
1575 1735 1648 1770 πόνῳ
1669 1735 1759 1762 οὐδενὶ
1783 1744 1830 1770 φι-

1038 1778 1235 1812 λονεικοῦντος,
1248 1781 1298 1815 ἐμὲ
1308 1783 1375 1816 παρ⁷
1385 1781 1456 1815 ὑμᾶς
1472 1781 1509 1813 ὼς
1522 1781 1602 1816 ὁρᾶτε
1618 1782 1726 1816 ἔπεμψε
1740 1782 1830 1810 πάντα

1038 1825 1226 1861 παρεξόμενον
1240 1827 1310 1854 ὅσων
1328 1826 1361 1854 ἂν
1378 1828 1475 1863 τυχεῖν,
1487 1828 1643 1863 παράὺτοῦ
1660 1828 1829 1863 δέησθε.Καὶ

1037 1871 1087 1907 ’τὴν
1105 1873 1133 1897 ὲν
1151 1872 1328 1904 Μεδιολάνοις
1345 1873 1399 1914 γάρ
1413 1868 1478 1900 ποτε
1491 1873 1625 1914 βασιλέως
1649 1874 1828 1909 συμπράξαν-

1037 1923 1084 1946 τος
1101 1916 1170 1950 πρὸς
1187 1916 1351 1951 Φρεδερίκον
1365 1909 1440 1942 τόνδε
1455 1908 1617 1952 διαράμενοι
1652 1908 1742 1952 μάχην
1770 1918 1829 1944 (an

1038 1961 1200 1995 ὅπωςζαὺτοῦ
1212 1962 1392 1998 ἐκρατήσατε.
1405 1963 1468 1990 Δι’ἂ.
1478 1963 1525 1990 καὶ
1538 1963 1571 1990 δι’
1585 1964 1732 1999 ἀπεχίιείας
1746 1965 1829 1998 αὐτὸς

1039 2008 1146 2042 βασιλεῖ
1157 2008 1283 2043 φέρεται,
1305 2009 1443 2045 ἀλογίστῳ
1466 2018 1496 2036 τε
1519 2009 1657 2037 πιστεύων
1688 2010 1828 2046 εὐπραγίᾳ

1038 2055 1084 2080 καὶ
1093 2054 1235 2089 Ῥωμαίων
1252 2055 1329 2081 οὐδὲν
1342 2055 1481 2091 προσῆκον
1492 2055 1672 2091 αὐτοκράτωρ
1679 2055 1829 2090 κεκλῆσθαι

1039 2100 1119 2133 ἀξιοῖ,
1131 2101 1181 2128 οὐκ
1196 2100 1276 2133 εἰδὼς
1294 2101 1330 2132 ὡς
1343 2101 1376 2128 τὰ
1393 2101 1443 2136 τῆς
1459 2102 1545 2137 τύχης
1562 2102 1705 2136 παράλογα
1720 2102 1767 2128 ἆτε
1777 2102 1831 2129 οὐκ

1039 2147 1083 2172 ἐπ’
1099 2147 1238 2182 ἀσφαλοῦς
1251 2147 1386 2182 βεϐηκότα
1397 2147 1446 2183 τῆς
1461 2147 1542 2183 ἕδρας
1569 2150 1639 2183 ταχὺ
1676 2148 1830 2184 καταρρεῖν

1039 2192 1131 2221 εἴωθε.
1147 2194 1186 2220 Δι’
1202 2193 1220 2220 ἃ
1233 2195 1282 2228 μὲν
1295 2191 1342 2220 οὖν
1353 2194 1444 2227 αὐτὸς,
1462 2194 1504 2229 ἐφ’
1531 2195 1604 2229 ὑμᾶς
1625 2192 1716 2230 ἦλθον,
1741 2193 1830 2220 ταῦτα

1038 2240 1102 2265 εὶσι.
1122 2239 1244 2274 Μελήσει
1260 2239 1282 2265 δ’
1295 2239 1359 2275 ὑμῖν
1377 2240 1423 2266 ἐπὶ
1439 2240 1493 2266 τῶν
1521 2239 1610 2275 ἔργων
1625 2239 1746 2273 ἐξάγειν,
1777 2239 1832 2266 ὅσα

1042 2285 1118 2320 παρὰ
1143 2285 1258 2321 βασιλέα
1287 2285 1449 2320 πέμψαντες
1475 2286 1590 2321 ἔναγχος
1620 2277 1829 2320 διωμολογεῖτε.

1040 2331 1144 2366 ’Έφατε
1160 2331 1250 2358 τοίνυν
1269 2331 1320 2363 τὰς
1336 2332 1527 2367 ἀγχιγείτονας
1554 2333 1620 2368 ἡμῖν
1645 2331 1829 2367 παραστήσα-

1039 2378 1102 2405 σθαι
1117 2378 1210 2410 πόλεις
1217 2378 1372 2413 Λιγούρων,
1383 2379 1408 2404 εί
1422 2379 1469 2406 καί
1480 2387 1522 2410 1t;
1539 2379 1572 2405 ἑκ
1586 2377 1734 2411 Βυζαντίου
1744 2377 1832 2413 ἔργου

1040 2423 1243 2459 συλληψόμενος
1263 2424 1328 2458 ὑμῖν
1342 2423 1425 2451 ἔλθοι.
1451 2424 1484 2450 ’³0
1495 2424 1582 2459 δὴκαὶ
1592 2424 1715 2458 γέγονεν,
1732 2421 1831 2458 ὥσπερ

1038 2470 1132 2505 ὁρᾶτε.
1153 2479 1162 2496 ι
1181 2469 1341 2505 Νικηφόρος
1360 2469 1410 2504 μὲν
1429 2469 1553 2497 τοσαῦτα
1569 2467 1658 2503 εἶπεν,
1685 2469 1830 2495 οὺέννετοι

1038 2517 1067 2544 δὲ
1079 2518 1142 2549 τοὺς
1161 2516 1258 2551 λόγους
1270 2515 1459 2551 εἰσδεξάμενοι
1477 2516 1590 2549 ἐπιτελῆ
1599 2516 1689 2543 πάντα
1703 2515 1832 2550 ποιήσειν

1040 2563 1201 2598 ὑπέσχοντο.
1215 2562 1270 2589 Καὶ
1300 2561 1333 2598 δὴ
1355 2562 1476 2598 Κρεμών
1500 2571 1528 2590 τε
1556 2563 1606 2590 καὶ
1629 2561 1756 2589 Παταϐία
1781 2561 1830 2588 καὶ

1040 2611 1165 2638 πλεῖσται
1179 2609 1258 2638 ἄλλαι
1271 2609 1326 2636 τῶν
1341 2609 1385 2645 [Ρ.
1403 2608 1469 2645 154]
1492 2610 1520 2636 ὲν
1542 2609 1686 2644 Λιγούροις
1710 2616 1826 2643 περιφλ-

201 2657 337 2685 νεςτὰτων
355 2657 460 2684 πόλεων
492 2657 598 2693 βασιλεῖ
622 2658 849 2694 προσεχώρησαν.
889 2659 933 2688 Ἐν
960 2661 1012 2697 μὲν
1028 2661 1061 2697 δὴ
1085 2658 1184 2693 Ἰταλίᾳ.
1211 2657 1297 2685 ταῦτα
1313 2657 1441 2693 βασιλεὺς
1461 2657 1609 2693 ἔπρασσεν,
1634 2656 1710 2683 οΰπω
1733 2656 1832 2691 μέντοι

201 2705 335 2741 ἐπιδήλως
350 2712 357 2720 ·
370 2705 401 2732 τδ
417 2705 471 2741 γὰρ
500 2706 528 2737 ἐς
546 2706 708 2741 Φρεδερίκον
733 2705 812 2740 ἔχθος
841 2707 1037 2744 ἑγκρνφιάζειν
1055 2707 1212 2743 ἑτιηθελεν.

236 2751 278 2778 l0.
305 2750 370 2778 Dum
398 2751 462 2784 haec,
481 2757 620 2786 geruntur,
642 2751 828 2787 Ilungarorum
854 2762 901 2782 rex
928 2754 985 2782 Sir-

200 2798 282 2823 n.ium
298 2797 394 2824 iteruut
412 2797 540 2825 Romanis
553 2797 698 2825 abstulerat
712 2798 815 2832 ipsique
829 2799 985 2826 imminebat

152 2843 153 2846 “
200 2842 355 2875 leugmiuo.
379 2842 456 2874 Quod
473 2843 516 2870 ubi
539 2844 643 2877 accepit
668 2845 806 2880 princeps,
822 2851 940 2879 scriptas
957 2846 981 2874 itt

1076 2752 1103 2781 ι’.
1124 2752 1153 2779 '0
1166 2752 1195 2779 δὲ
1212 2752 1266 2779 τῶν
1276 2752 1399 2779 Παιόνων
1417 2751 1467 2788 ῥὴξ
1492 2751 1604 2787 Σίρμιόν
1616 2759 1647 2777 τε
1660 2748 1738 2782 αὖθις
1758 2751 1825 2777 Ῥω-

1041 2799 1132 2834 μαίοις
1145 2798 1313 2833 ἀφελόμενος
1328 2798 1392 2833 ἔσχε
1406 2800 1454 2824 καὶ
1475 2797 1628 2832 Ζευγμίνου
1660 2795 1743 2823 αὐτοῦ
1775 2796 1829 2830 ἥδη

1041 2847 1222 2881 μετεποιεῖτο.
1240 2845 1333 2873 Ταῦτα
1345 2842 1497 2878 πυθόμενος
1513 2843 1642 2872 ϐασιλεὺς
1668 2840 1829 2869 ἐπέστειλεν
