1961 3073
90 163 143 196 593

699 167 971 199 HlSTURlARUM
994 170 1067 201 LIB.
1087 171 1121 201 V.

1664 169 1715 202 596

87 220 162 255 αὺτῷ
175 220 276 247 τοιάδε’
293 230 302 247 ι
320 221 357 248 οὐ
371 221 463 249 δίκαια
475 223 573 256 ποιεῖς,
586 222 608 251 ὣ
624 224 814 259 εὐγενέστατε.
830 224 877 259 ὕρ-

931 224 1000 254 banc
1015 227 1178 254 sententiam
1195 226 1299 256 litteras
1314 227 1348 254 ad
1365 226 1439 255 illum
1456 227 1538 255 misit.
1554 237 1562 253 ι
1580 227 1636 254 Non
1649 227 1720 261 luste

87 275 153 297 κους
164 266 316 301 ἀτιμάζων,
332 267 377 299 οὓς
388 267 501 303 ἔναγχος
512 270 608 305 κράτει
622 270 660 306 τῷ
676 271 803 306 ἡμετέρῳ
820 271 880 306 Σιρ-

90 312 154 348 μίου
167 321 198 339 τε
212 313 296 341 ἕνεκα
310 314 422 341 καὶτῶν
437 315 525 343 ἄλλων
536 317 690 352 ὀμωμοκὼς
707 317 880 353 ἔφθης.’1σθι

88 358 180 385 τοίνυν
194 359 203 394 (
215 359 245 386 τὸ
262 360 317 395 γὰρ
330 361 511 395 μακρολογεῖν
529 363 676 398 ὑποτέμνει
690 364 745 390 τῶν
766 373 807 391 σοι
830 373 880 391 πε-

90 405 261 439 πραγμένων
272 405 289 441 ἡ
301 406 445 442 ἐπίδειξις)
458 407 496 439 ὡς
511 408 536 434 εί
550 409 587 444 μὴ
605 406 745 436 θᾶττονῶν
754 410 830 437 οὐδέν
840 419 880 438 σοι

88 451 223 486 προσήκει
233 452 405 488 ἀπαλλαγῇς,
412 454 442 481 οὐ
451 454 516 481 τόσα
524 455 633 490 δράσεις
641 456 754 492 Σίρμιον
760 456 878 492 ἀφελὼν,

87 497 194 534 ὅσαπερ
207 498 241 525 ἂν
255 499 355 526 αὐτίκα
368 500 463 536 πείσῃ,
478 501 560 528 ὁπότε
580 501 711 538 Ῥωμαῖοι
729 504 818 531 πᾶσαν
833 503 881 531 καὶ

87 543 172 570 πάλιν
185 545 242 575 τοῖς
256 544 352 578 ὅπλοις
362 546 534 582 ἐπιτρέχοιεν
546 547 596 584 τὴν
613 549 674 584 σήν.
694 549 731 576 Ἦ
743 549 839 585 λέληθέ
849 559 879 577 σε

88 589 200 616 ὁπόσων
213 589 332 626 Ούννικὴ
347 592 487 626 μυριάδων
510 593 628 628 ὲψίλωτο
644 595 786 630 ,πρότερον
810 596 879 631 πρὸς

88 636 194 669 πατρὸς
205 635 251 662 τοῦ
262 636 309 662 σοῦ
319 638 352 672 τῇ
366 637 510 673 Ῥωμαίων
524 641 776 675 προσκεκρουκότος
789 642 858 678 ἀρχῇ
871 651 878 675 ;

93 681 291 709 ’Δλλ“ἐκεὶνων
320 683 370 717 μὲν
392 685 408 719 ἡ
430 685 486 711 τῶν
508 687 712 721 πεπραγμένων
747 689 879 723 μετάνοια

88 725 209 761 σώτειρα
224 728 324 762 γέγονε
338 729 477 763 φθάσασα.
493 731 535 758 σοὶ
551 732 579 758 δὲ
591 733 642 767 ὅρα
668 734 704 768 μή
730 743 794 760 ποτε
819 736 880 770 οὐχὶ

87 771 136 797 καὶ
155 772 303 808 μεταμέλῳ
321 775 445 808 γεγονότι
459 775 553 811 ὄνησις
584 777 663 805 ἔσται
690 779 814 814 οὐδεμία.
843 781 879 807 Τὸ

87 817 143 853 γὰρ
167 819 217 852 τῆς
247 819 324 855 δίκης
351 821 428 855 ξίφος
459 822 504 849 διὰ
531 823 637 850 πολλῶν
669 825 718 861 ἤδη
744 827 880 862 τεθηγμέ-

87 870 135 903 νον
146 863 199 908 ςόὺ)
216 864 260 891 διὰ
276 865 414 893 τοσούτων
434 867 466 903 δὴ
479 869 526 894 καὶ
544 869 612 905 πρὸς
627 871 788 905 ἀμϐλύτητα
801 873 880 908 στρέ-

89 906 393 942 φεσθαιπέφυκε.Καὶ
423 911 473 937 οὐκ
501 913 534 940 ἄν
571 922 613 946 τις
641 914 719 950 οἶμαι
748 906 879 952 πρότερον

87 952 218 980 ἁπάντων
236 954 286 990 τὴν
301 956 388 991 τομὴν
411 956 586 992 ἐκφεύξοιτο.
607 969 616 986 ι
639 960 679 987 Τὰ
693 961 742 996 μὲν
770 963 802 997 δὴ
832 963 879 989 τοῦ

89 998 222 1033 βασιλέως
237 1000 266 1026 ὲν
275 1000 380 1033 τούτοις
395 999 464 1037 ἦσαν
475 1010 482 1017 ⁶
498 1004 633 1039 Στέφανος
647 1005 675 1032 δὲ
694 1007 724 1033 ἐν
749 1007 881 1044 ὀλιγωρίᾳ

87 1045 152 1076 τοὺς
166 1045 264 1080 λόγους
280 1047 444 1084 ποιούμενος
458 1050 505 1076 ἐπὶ
520 1051 577 1083 τοῖς
605 1053 699 1084 αὐτοῖς
729 1053 777 1080 καὶ
798 1055 880 1081 πάλιν

86 1086 132 1125 ἦν.
143 1091 189 1117 Διὸ
200 1091 231 1125 δὴ
240 1092 288 1118 καὶ
303 1093 371 1119 πᾶσι
386 1094 497 1128 τρόποις
512 1095 559 1122 ἐπὶ
573 1095 618 1122 τδν
628 1097 688 1123 κατ’
704 1097 785 1124 αὑτοῦ
803 1099 881 1124 πόλε-

89 1145 141 1171 μον
156 1138 170 1164 ὁ
183 1136 312 1172 βασιλεὺς
329 1139 456 1174 ἔϐλεψεν,
467 1142 605 1176 Στέφανόν
620 1151 650 1169 τε
665 1144 710 1170 τὸν
728 1144 880 1179 πατραδελ-

88 1181 191 1214 φον,οὐ
220 1182 354 1218 πρότερον
384 1184 465 1211 τοῦτο
512 1185 722 1222 βεϐουλημένος,
756 1189 804 1215 ἐπὶ
828 1190 879 1223 τὴν

86 1225 176 1269 ᾴρχὴν
191 1225 271 1258 αὖθις
284 1227 419 1264 καθιστᾷν
435 1230 526 1265 ﬁdele.
548 1231 602 1258 Καὶ
620 1232 654 1268 δὴ
675 1233 804 1268 Μανουὴλ
820 1236 880 1269 μὲν,

87 1268 117 1300 ὃς
131 1270 160 1300 ἐς
175 1270 337 1306 Κομνηνοὺς
352 1272 382 1298 τδ
396 1273 473 1306 γένος
503 1275 646 1310 ἀνέφερεν,
673 1278 713 1309 εἰς
759 1279 790 1304 τὸ
822 1268 880 1306 τῶν

88 1315 293 1351 Ταυροσκυθῶν
303 1318 417 1352 ἀφίκετο
428 1320 515 1352 ἔθνος,
527 1321 678 1356 ὁμολογιῶν
693 1324 740 1351 τὸν
759 1324 881 1360 ἄρχοντα

88 1362 165 1396 σφῶν
174 1363 338 1399 ἀναμνήσων
351 1365 384 1397 ἂς
399 1366 547 1402 διωμότους
562 1370 612 1404 ἤδη
625 1370 662 1405 τῷ
674 1370 778 1406 βασιλεῖ
795 1372 881 1407 ἔθετο,

87 1409 189 1454 πρὸςδὲ
199 1411 247 1437 καὶ
263 1411 313 1446 τὴν
324 1412 392 1447 πρὸς
405 1413 588 1448 Ὶερόσολαόον
608 1416 664 1451 (95)
687 1416 732 1444 τὸν
750 1418 881 1454 Παλίτζης

86 1453 291 1489 ἡγεμονεύοντα
317 1456 409 1491 φιλίαν
435 1459 509 1492 αὐτῷ
533 1459 707 1489 διονειδίσων.
730 1462 882 1499 Ἰερᾶσολα-

87 1499 135 1531 σος
146 1500 200 1537 γὰρ
227 1502 262 1530 τά
288 1511 318 1529 τε
330 1503 397 1530 ἄλλα
425 1505 454 1536 ἐς
486 1505 638 1541 Ῥωμαίους
651 1509 881 1544 παρασπονδήσας

932 271 1000 305 agis,
1019 272 1060 299 vir
1079 272 1257 305 nobilissime,
1273 272 1336 300 dum
1358 278 1528 300 sacramcnta
1553 280 1613 307 qum
1634 279 1720 307 nuper

931 318 965 345 de
992 317 1091 346 Sirmio
1108 319 1222 354 aliisque
1244 319 1311 347 locis
1336 319 1472 354 maiestati
1499 323 1598 347 nostra:
1622 318 1719 346 dedisti

932 361 1068 398 iufringis.
1092 363 1170 392 Scias
1197 364 1280 400 igitur
1301 364 1429 400 (longiori
1453 364 1526 392 enim
1553 369 1579 391 te
1598 364 1721 391 detinere

930 408 1054 436 oratione
1073 409 1217 445 prohibent
1232 417 1292 445 quae
1314 418 1329 438 a
1353 415 1455 438 te.acta
1481 410 1555 445 sunt)
1570 410 1642 445 quod
1667 409 1719 438 nisi

931 454 1018 489 primo
1029 462 1137 491 quoque
1148 461 1267 490 tempore
1277 456 1311 485 ab
1323 456 1355 484 iis
1367 465 1426 492 qua:
1442 457 1480 484 tni
1495 464 1546 484 non
1563 461 1625 484 sunt
1637 456 1719 492 juris,

930 500 1056 534 decedas,
1067 510 1119 529 non
1133 506 1205 530 tanta
1219 508 1244 531 te
1254 503 1414 531 eﬂ'ecturum
1427 503 1556 531 Sirmium
1568 503 1717 538 eripienda.

930 551 1031 580 quanta
1056 547 1199 575 confestim
1226 555 1356 584 passurus
1375 556 1416 579 es.
1436 552 1497 576 cum
1522 553 1582 576 tuos
1600 549 1721 575 vicissim

932 591 998 618 fines
1014 590 1086 619 ferro
1108 597 1134 620 et
1160 593 1359 621 incursionibus
1377 595 1522 622 vastabunt
1537 594 1662 622 Rontani.
1679 595 1718 620 An

932 641 956 664 te
970 637 1039 672 fugit
1053 641 1119 672 quot
1132 639 1195 666 olim
1212 640 1325 667 milliutn
1339 642 1475 676 jacturam
1494 641 1611 676 primum
1626 641 1720 668 fecerit

931 682 1086 718 llungaria,
1112 692 1172 712 cum
1202 691 1280 720 pater
1306 690 1366 713 tuus
1394 686 1545 714 Romanum
1575 686 1717 721 imperium

930 727 1102 757 oll'endissct?
1118 731 1164 757 sed
1182 731 1253 758 enim
1274 732 1368 759 borum
1386 732 1543 760 delictorum
1559 733 1718 767 ptenitentia

930 775 1056 803 salutaris
1069 777 1117 812 ipsi
1133 777 1191 804 fuit.
1203 778 1242 805 Tu
1261 786 1324 805 vero
1341 779 1411 810 vide.
1428 787 1460 806 ne
1474 784 1498 806 et
1512 780 1644 813 paenitere
1659 787 1720 814 per-

932 820 993 848 inde
1007 821 1052 848 llbi
1078 819 1171 849 inulile
1185 823 1218 849 sit
1230 829 1257 850 et
1270 822 1480 852 infructuosum.
1491 824 1608 853 Justitia:
1621 825 1720 860 quippe

930 867 1034 901 gladius
1060 868 1183 901 quamvis
1215 869 1375 903 jamdudum
1404 876 1554 904 exacutus,
1584 872 1634 899 boc
1664 879 1719 899 uno

932 913 1048 941 maxime
1065 915 1144 941 modo
1161 916 1323 951 quandoque
1339 916 1373 943 ad
1388 917 1575 944 bebetudinem
1591 917 1659 945 solet
1675 925 1718 944 rc-

930 959 997 986 dire.
1016 959 1100 987 Secus
1123 960 1193 988 haud
1221 962 1278 989 scio
1304 970 1337 989 an
1355 963 1498 997 quisquam
1521 964 1641 990 oumium
1659 965 1718 999 ejus

930 1007 1015 1032 aciem
1041 1006 1177 1041 effugerit.
1196 1017 1205 1033 ι
1223 1007 1296 1036 Talis
1318 1013 1397 1036 erant
1421 1010 1571 1044 argumenti
1589 1009 1718 1044 principis

930 1053 1024 1080 litterae
1039 1062 1046 1080 ι
1063 1054 1160 1088 quibus
1182 1054 1310 1089 neglectis
1326 1054 1481 1089 Stephanus
1505 1055 1641 1090 prioribus
1657 1065 1718 1084 rur-

930 1106 988 1126 sum
1003 1098 1145 1127 insistebat
1157 1100 1287 1127 consiliis.
1299 1101 1379 1135 232
1392 1101 1562 1136 Quapropter
1574 1103 1605 1129 ad
1619 1103 1718 1130 bellum

931 1145 966 1171 illi
986 1145 1154 1173 inferendum
1179 1151 1249 1174 totus
1275 1147 1395 1174 incubuit
1420 1148 1567 1182 imperator
1590 1153 1628 1181 et,
1646 1150 1717 1183 quod

931 1190 1005 1224 prius
1025 1191 1158 1224 noluerat,
1176 1191 1342 1226 Stephanum
1360 1197 1486 1227 patruum
1503 1194 1598 1221 iterum
1623 1195 1648 1221 in
1673 1202 1718 1222 re-

931 1244 1011 1270 gnttm
1030 1237 1174 1264 restituere
1198 1238 1327 1266 decrevit.
1347 1239 1399 1266 Sed
1425 1245 1449 1266 et
1469 1239 1575 1268 Maltttel
1598 1241 1718 1275 quidem,

932 1283 976 1317 qui
1001 1291 1015 1311 a
1035 1283 1180 1311 Comnenis
1199 1292 1285 1319 genus
1304 1285 1446 1318 referebat,
1469 1286 1503 1313 ad
1521 1286 1719 1322 Tauroscytha-

933 1338 990 1357 rutn
1002 1334 1109 1365 gentem
1122 1331 1252 1364 perrexit.
1266 1335 1295 1358 ut
1307 1335 1446 1365 pactortnn
1465 1340 1524 1366 qua:
1540 1334 1718 1361 sacramentis

932 1384 991 1404 cum
1009 1376 1170 1410 imperatore
1191 1377 1342 1405 sanciverat
1358 1378 1514 1406 memoriam
1537 1379 1573 1406 illi
1592 1380 1717 1414 princeps

933 1426 1073 1450 revocaret
1091 1433 1097 1450 :
1113 1423 1224 1457 insuper
1238 1423 1319 1450 etiam
1337 1430 1398 1458 erga
1418 1423 1584 1452 llieroslaum
1608 1424 1719 1452 Galitm

934 1469 1079 1502 principem
1097 1464 1243 1496 amicitiam
1260 1469 1309 1504 ipsi
1325 1472 1546 1504 exprobraturus;
1566 1471 1719 1499 Hicroslaus

933 1516 1015 1548 cnim,
1031 1523 1091 1542 cum
1105 1520 1131 1542 et
1144 1515 1194 1542 alia
1207 1516 1289 1542 multa
1304 1516 1330 1542 in
1344 1515 1481 1544 Romanos
1493 1522 1591 1552 przeter
1609 1518 1719 1545 fmderis

85 1545 176 1581 Ιτυχε,
192 1547 238 1574 καὶ
254 1547 286 1594 δὴ
299 1548 346 1575 καὶ
366 1549 546 1584 Ἀνδρόνικον,
565 1548 596 1578 οὗ
612 1552 695 1580 πολὺν
706 1553 756 1589 ἤδη
785 1555 877 1590 ἔποιηέ

934 1562 1006 1597 leges
1030 1561 1154 1594 fecisset,
1172 1566 1228 1588 tum
1253 1565 1280 1589 et
1305 1545 1506 1596 Andronicum:
1533 1563 1566 1590 de
1591 1571 1643 1598 quo
1661 1565 1717 1599 jam

88 1593 196 1626 οάμεθα
209 1588 299 1628 λόγον,
314 1595 363 1630 τῆς
375 1596 403 1623 ἐν
416 1597 542 1632 παλατὶῳ
575 1600 697 1634 φρουρᾶς
713 1588 878 1635 ἀποδράντα,

88 1636 154 1664 ἔνθα
181 1638 312 1674 ἐνναέτης
333 1639 411 1675 οἶμαι
437 1643 593 1678 καθεῖρκτο,
630 1645 776 1679 προσιόντα
806 1647 882 1682 αὑτῷ

88 1682 198 1715 ἐδέξατο
209 1685 257 1711 καὶ
277 1686 480 1722 φιλοφροσύνης
501 1688 628 1723 ἠξίωσεν.
659 1689 753 1722 Ὅπως
778 1690 806 1717 δὲ
823 1691 882 1718 ‘Av-

85 1728 245 1766 δρονίκῳτὰ
268 1730 315 1758 τοῦ
332 1731 457 1768 δρασμοῦ
481 1734 593 1768 γέγονεν
608 1734 671 1771 ἄρτι
684 1735 806 1771 δηλώσω.

124 1824 170 1849 ια’.
185 1818 272 1853 οὗτος
285 1822 334 1849 καὶ
344 1823 440 1863 sum
456 1824 506 1859 μὲν
515 1825 565 1862 ἤδη
579 1825 669 1854 λαθὼν
687 1827 816 1864 δαιμονίῳ
827 1832 880 1858 'rtvl.

86 1866 184 1901 τρόπῳ
198 1867 248 1902 τὴν
258 1867 372 1903 εἱρκτὴν
386 1869 547 1904 ὑπερεξέδυ,
565 1871 634 1898 ἀλλὰ
649 1872 678 1898 τὸ
689 1873 787 1908 χρῆναι
800 1872 878 1909 οἶμαι

89 1912 138 1938 καὶ
148 1913 235 1940 εῑσέτι
261 1914 311 1945 τὰς
334 1914 390 1941 τῶν
407 1917 611 1951 πεπραγμένων
627 1918 737 1954 ὑπέχειν
762 1921 879 1954 εὐθύνας

87 1961 130 1991 εἰς
146 1961 243 1995 χεῖρας
261 1960 338 1994 αὖθις
356 1964 414 1994 τοῖς
424 1963 536 1999 ζητοῦσι
548 1966 621 2001 πόνῳ
633 1966 720 1993 οὐδενὶ
735 1967 780 1994 τὸν
795 1977 879 1995 κακο-

86 2005 204 2040 δαίμονα
219 2008 313 2036 ἐτίθει.
330 2009 384 2036 Καί
399 2010 466 2036 ποτέ
480 2019 547 2044 φασι
574 2012 742 2048 Σαγγαρὲως
756 2015 820 2050 ἄχρι
831 2024 879 2042 πο-

85 2051 176 2086 ταμοῦ
193 2053 324 2087 γεγονὼς,
336 2054 387 2090 τῆς
399 2056 431 2082 ὲκ
449 2056 496 2082 τοῦ
512 2056 615 2092 ψύχους
645 2059 770 2095 ἀνάγκης
800 2061 877 2088 ἐπει-

86 2095 202 2132 γούσης,
218 2097 357 2133 δωμάτιόν
367 2107 393 2126 τι
408 2100 511 2136 ὑπῆλθε
518 2101 674 2137 λυπρὸνχαὶ
689 2104 748 2138 ἃμα
764 2105 875 2142 ἔκδηλος

85 2144 144 2173 τοῖς
157 2143 222 2178 τῇδε
245 2143 403 2180 ἀνθρώποις
417 2147 449 2173 ὲκ
461 2147 507 2174 τοῦ
525 2151 664 2184 σχήματος
690 2151 809 2185 ἐγένετο.
828 2153 876 2178 Σε-

85 2188 187 2223 σόϐητο
212 2190 267 2225 γὰρ
291 2191 335 2218 ἀεὶ
365 2192 446 2226 φύσει
462 2194 509 2220 καὶ
528 2194 570 2230 [Ρ.
589 2195 650 2231 ς55]
673 2197 774 2233 γοργόν
791 2199 875 2224 uni.

83 2235 213 2270 ὲντρεχὲς
228 2236 354 2270 ἔϐλεπεν,
370 2238 409 2270 ὡς
425 2239 458 2266 ἂν
471 2239 548 2275 οἶμαι
565 2243 618 2269 τῶν
652 2243 775 2278 ψυχικῶν
801 2245 875 2280 αὑτῴ
892 2238 914 2267 υ

85 2283 250 2328 κινημάτων
267 2283 442 2319 ικδυομένων
456 2287 506 2322 ἤδη
521 2289 632 2320 uati-rei;
664 2291 753 2322 ἐκτός.
791 2293 874 2328 Περι-

87 2326 206 2358 στάντες
217 2328 308 2356 τοίνυν
321 2330 405 2356 αὐτὸν
420 2331 445 2358 οἱ
458 2332 610 2368 ἀγροιῶται
625 2335 711 2361 ποιλὰ
727 2326 874 2372 ἀναινόμε-

84 2380 132 2418 trav
178 2373 217 2405 ὥς
242 2374 294 2402 οὐκ
315 2375 486 2412 Ἀνδρόνικός
531 2388 560 2405 τε
591 2381 633 2415 εἴη
670 2382 874 2418 ἰσχυριζόμενοι]

84 2416 190 2452 ἔδησάν
203 2428 234 2446 τε
250 2421 298 2448 καὶ
315 2422 343 2453 ἐς
359 2422 506 2455 Βυζάντιον
523 2425 637 2459 ἄγοντες
648 2416 739 2463 ἦλθονξ
755 2416 834 2461 abiit;
844 2439 874 2456 τε

84 2462 122 2489 τὰ
139 2464 220 2492 κλοιὰ
234 2467 328 2494 καὶτὸ
342 2468 480 2503 δωμάτιον
503 2471 583 2498 αὑτὸν
608 2462 690 2509 εἶχεν.
723 2475 803 2503 ’Δλλὰ
832 2485 876 2502 τε·

934 1607 1048 1642 plurima
1075 1607 1358 1640 commemoravimus,
1385 1615 1401 1635 e
1426 1615 1535 1636 carcere
1560 1609 1663 1643 palatii,
1689 1609 1716 1637 in

932 1659 986 1688 quo
1000 1653 1055 1687 jam
1079 1660 1186 1686 novem,
1208 1657 1237 1679 ut
1262 1653 1353 1686 credo,
1367 1654 1491 1682 detentus
1514 1662 1598 1682 annos
1617 1655 1717 1688 fuerat,

932 1699 1072 1734 profugum
1090 1704 1114 1726 et
1138 1700 1171 1726 ad
1192 1707 1222 1726 se
1248 1700 1398 1728 venientem
1423 1701 1537 1728 comiter
1560 1709 1716 1735 exceperat.

932 1746 987 1778 Qua
1003 1753 1066 1773 vero
1081 1747 1184 1773 ratione
1203 1745 1326 1781 ciTugerit
1339 1747 1519 1781 Andronicus,
1542 1755 1613 1774 nunc
1636 1755 1718 1782 expe-

931 1790 1014 1817 (liam.

969 1837 1010 1864 ιι.
1025 1836 1073 1864 lllc
1089 1844 1142 1863 non
1161 1836 1243 1863 semel
1262 1837 1330 1864 miro
1346 1836 1461 1872 quodam
1486 1837 1565 1864 modo
1578 1844 1592 1864 e
1608 1844 1717 1864 carcere

929 1882 984 1917 jam
1001 1887 1136 1910 evaserat.
1159 1883 1212 1910 Sed
1232 1883 1302 1917 quod
1317 1881 1457 1917 oportebat
1473 1890 1545 1916 eum,
1563 1887 1590 1910 ul
1610 1883 1715 1917 opinor.

930 1928 1056 1963 deinceps
1074 1929 1208 1956 sustinere
1223 1928 1372 1956 facinorum
1387 1935 1492 1963 poenas,
1509 1929 1534 1955 in
1549 1936 1716 1964 persequen-

931 1975 995 2001 tium
1012 1982 1109 2002 manns
1125 1975 1206 2002 miser
1220 1974 1293 2001 nullo
1308 1974 1415 2008 negotio
1431 1982 1536 2001 rursmn
1550 1975 1632 2003 venit.
1646 1975 1714 2003 Cum

929 2021 1084 2054 aliquando.
1099 2026 1124 2048 ut
1151 2021 1237 2052 aiunt,
1258 2022 1291 2048 ad
1316 2013 1476 2056 Sangarium
1497 2029 1582 2056 usque
1604 2022 1715 2050 ﬂuvium

928 2066 1105 2102 pervenisset,
1131 2067 1155 2094 vi
1182 2067 1290 2102 frigoris
1315 2068 1427 2094 adactus
1451 2074 1556 2103 agreste
1582 2069 1715 2103 quoddam

928 2112 1010 2139 subiit
1027 2113 1162 2147 tugurium
1188 2117 1215 2140 et
1240 2114 1369 2140 continuo
1384 2114 1417 2140 ab
1434 2114 1531 2141 incolis
1546 2122 1579 2141 ex
1595 2115 1716 2149 corporis

929 2158 1014 2185 forma
1039 2158 1089 2185 fuit
1106 2159 1223 2192 agnitus.
1249 2158 1350 2186 Natura
1374 2160 1444 2187 enim
1463 2161 1624 2188 concitatior
1645 2166 1714 2194 erat,

928 2203 1040 2238 visuque
1057 2204 1111 2230 acri
1130 2211 1161 2230 ac
1178 2204 1298 2236 volubili,
1315 2204 1396 2231 animi
1413 2205 1510 2239 quippe
1528 2206 1716 2234 affectionibus

928 2251 1097 2277 extrinsecus
1122 2250 1202 2276 etiam
1227 2251 1430 2284 apparentibus.
1447 2251 1496 2283 Qui
1515 2259 1580 2286 ergo
1599 2252 1715 2279 circum-

928 2296 1037 2323 stabant
1055 2296 1146 2322 rustici
1169 2295 1281 2322 multum
1300 2297 1460 2323 renitentem
1482 2304 1564 2331 seque
1579 2297 1714 2324 Androni-

928 2350 988 2369 cum
1007 2349 1067 2368 csse
1093 2346 1284 2377 pcrncgantem
1309 2342 1428 2369 vinclum
1453 2342 1540 2369 denuo
1555 2342 1713 2378 Byzantiqu

929 2387 1008 2423 233
1025 2388 1167 2419 reduxere.
1189 2387 1232 2414 ubi
1250 2387 1349 2415 item.
1364 2388 1540 2423 compedibus
1555 2392 1582 2416 et
1605 2395 1715 2415 carcere

930 2433 1058 2460 multatus
1072 2438 1124 2461 est.
1141 2432 1181 2459 Ad
1197 2433 1321 2460 ultimum
1346 2440 1408 2460 vero
1430 2440 1573 2468 expressas
1599 2433 1624 2460 in
1651 2440 1712 2460 cera

930 2478 1019 2506 claves
1036 2478 1069 2506 ad
1085 2478 1224 2513 c0njugem
1241 2478 1379 2513 lilitnuque
1395 2478 1490 2511 mittit,
1507 2478 1551 2513 qui
1567 2483 1593 2505 et
1607 2477 1667 2506 aliis
1678 2477 1714 2505 ad

772 2556 819 2586 Du
839 2556 946 2597 Cangii
963 2560 1057 2589 notas.

220 2595 442 2637 ’IspquJaG’or.
479 2601 645 2630 Hieroslaum
676 2604 821 2634 Vladimeri
847 2607 872 2634 in

87 2629 201 2674 gabinae
216 2629 391 2674 principatu.
406 2629 645 2674 successoremfv.
663 2629 870 2674 siﬁié'ﬁlﬁ'ti’il

88 2664 204 2700 Excepit
215 2665 259 2693 ille
271 2664 455 2698 Andronicum
467 2664 800 2703 Comnenrumrewc'accere
810 2664 871 2704 iiii

929 2608 1015 2644 nuelis
1033 2608 1186 2644 profugum.
1211 2609 1310 2644 Eadem
1327 2608 1382 2636 fere
1396 2616 1455 2643 qua:
1471 2609 1618 2637 Cinnamus
1632 2609 1714 2637 habet

927 2643 960 2671 de
974 2643 1126 2672 ’Andronici
1142 2644 1203 2679 fuga
1218 2643 1337 2678 Nicetas,
1353 2644 1370 2671 1.
1388 2652 1425 2677 tv,
1449 2653 1475 2671 n.
1494 2646 1519 2671 i.

726 2734 867 2765 Cornelii
881 2734 978 2770 Tollii
994 2738 1089 2766 notte.

123 2775 178 2819 ριν)
202 2777 238 2819 Τὸ
252 2778 316 2819 γὰρ
335 2780 389 2814 τῆς
400 2781 488 2819 δίκης
499 2782 588 2819 ξίφος
604 2783 654 2810 διὰ
675 2783 799 2811 πολλῶν
815 2784 873 2819 ἤδη

86 2811 439 2852 τςθῃγμένοᾱςξξειιιέηιῑε
456 2811 516 2844 és't':
531 2811 658 2846 "iustitia:
672 2820 729 2846 sive
748 2811 874 2847 vindicta;

87 2845 360 2887 gladiusj-amdudum
374 2857 518 2885 executus,
532 2845 872 2887 bocnno’maximomodo,

89 2884 250 2917 tempestiva
267 2884 397 2914 nimirum
415 2884 523 2916 reorum
543 2889 713 2920 omnitcntia.
729 2897 810 2921 quam
828 2884 873 2918 ι)υέ

927 2789 969 2824 te:
987 2790 1047 2824 tuus
1060 2787 1205 2824 ostendit,»
1222 2790 1363 2824 postquam
1389 2785 1535 2824 imperium
1555 2784 1707 2824 Romanam

927 2820 1094 2852 offendisset,
1116 2820 1278 2856 quandoque
1292 2820 1331 2848 iet
1355 2820 1498 2848 bebcsccre
1515 2821 1612 2848 iterum
1630 2821 1709 2849 solet.

927 2856 1130 2883 Obstinatorutn
1157 2861 1245 2883 autem
1278 2857 1398 2883 omnium
1426 2861 1454 2883 et
1477 2856 1617 2884 rebellium
1640 2857 1710 2884 haud

927 2890 984 2918 scio
1004 2897 1038 2918 an
1060 2891 1206 2920 quisquam
1229 2899 1383 2920 mucronem
1398 2892 1456 2921 cius
1471 2892 1604 2921 ellnuet‘il.
