1961 3073
228 157 282 190 595

883 157 1042 188 JOANNIS
1059 158 1221 190 CINNAMI

1805 157 1857 189 536

228 215 277 241 hoc
300 215 388 249 ipsum
416 213 563 248 assumptis
578 212 706 245 consciis,
721 219 753 240 cx
780 212 853 240 ferro
881 212 1018 240 coniectas

1077 218 1193 244 teutaiov
1211 215 1289 252 κηρῷ
1301 216 1350 248 τὰς
1369 216 1478 248 κλεῖδας
1506 214 1668 252 μεταλαϐὼν
1696 213 1725 246 ἐς
1752 222 1783 240 τε
1805 213 1858 247 τὴν

227 262 259 288 ad
275 269 336 289 eum
353 261 503 289 remittunt.
522 260 558 288 lis
571 260 689 294 acceptis
704 261 794 288 statim
816 265 878 296 post
894 260 969 292 solis,
987 265 1016 287 ut

227 307 314 341 aiunt,
335 314 472 340 occasum,
498 306 568 342 quod
595 311 700 341 tempus
725 307 758 334 ad
785 306 810 334 id
833 307 1015 341 peragendum

227 353 390 387 pra—diuitum
413 352 513 386 fuerat,
531 353 675 381 observata
690 353 832 380 custodum
853 353 986 385 absentia,
1002 360 1017 379 ο

226 406 337 427 carcere
349 400 446 426 evasit.
462 399 511 426 Est
529 406 594 426 vero
609 399 742 434 quoddam
759 398 922 425 domicilium
940 405 1017 424 muro

227 445 396 480 adjunclum,
410 446 436 472 in
448 452 504 480 quo
517 445 721 472 custodiebatur
736 453 742 471 :
757 444 812 476 ubi,
825 449 917 477 utpote
930 444 1017 470 rarius

228 490 386 518 conculcata
400 496 482 524 terra,
496 491 587 518 herbae
598 490 697 526 aliquae
710 495 806 525 sponte
819 489 898 517 altius
911 497 1018 517 succre-

226 542 334 568 verant,
349 537 374 564 in
390 545 457 572 quas
467 545 527 564 cum
542 537 649 571 elapsus
662 543 691 563 se
706 536 861 571 recepisset.
878 540 1018 563 contracto

227 590 307 617 quam
325 583 442 610 maxime
461 590 574 617 corpore
596 582 696 616 leporis
711 583 797 610 instar
818 581 933 609 delituit.
950 580 1017 607 Cum

227 636 293 663 ergo
312 636 365 656 nox
388 629 441 663 iant
466 629 582 661 adesset,
601 633 761 663 tempusque
783 635 837 663 quo
853 627 898 662 qui
915 627 1018 661 vigilias

227 681 259 700 ex
281 680 356 700 more
380 675 492 707 obeunt,
516 673 654 701 custodias
676 673 790 701 lustrare
805 673 902 704 solent,
921 679 1018 707 proce-

227 719 296 747 dens
310 720 344 752 is,
360 720 402 747 cui
425 720 586 747 demandata
602 720 636 746 ab
651 719 815 754 imperatore
836 719 907 746 illius
929 722 1019 746 custo-

228 764 318 792 diendi
335 772 397 792 cura
416 764 514 797 fuerat,
530 765 655 800 vigilibus
678 765 785 800 positis,
811 765 934 798 serisque
952 771 1018 790 con-

228 811 327 844 cussis,
347 811 419 846 quod
437 811 551 847 singulis
573 812 667 839 diebus
690 811 847 846 priusquam
874 810 1019 836 dormitum

229 856 393 884 concederet
409 856 500 885 facere
515 857 631 890 solebat,
648 857 798 892 exploravit
816 865 849 883 an
865 857 945 883 etiam
969 856 1018 882 ali-

229 903 293 938 quid
316 903 359 930 ille
380 903 443 930 tnali
464 909 537 931 esset
552 904 733 931 machinatus.
748 903 800 930 Sed
817 907 846 930 ut
859 911 890 930 ea
912 903 1021 930 omnino

231 948 324 981 procul
349 949 383 976 ab
400 950 474 976 omni
500 950 562 977 dolo
581 957 641 977 esse
667 949 793 981 advertit,
812 949 874 976 inde
896 956 1022 985 egressus

229 1002 326 1022 somno
341 1002 371 1022 se
388 996 501 1023 daturus
526 995 604 1023 abiit.
628 995 800 1023 Andronicus
823 995 896 1022 enim
920 995 1023 1022 veritus

229 1047 265 1067 ne
284 1041 306 1067 si
326 1044 431 1075 portam
455 1040 612 1068 oii‘cndisset
628 1047 749 1076 apertam
767 1040 868 1068 Cladon
888 1040 926 1077 (id
949 1041 1022 1068 enim

229 1087 332 1114 homini
359 1095 457 1114 nomen
482 1088 551 1122 erat)
578 1087 706 1115 continuo
731 1087 921 1123 insequeretur
940 1091 969 1114 et
994 1090 1024 1114 se

229 1134 412 1168 perquireret,
431 1134 475 1160 illa
494 1134 591 1161 iterum
608 1134 699 1160 clausa
716 1138 743 1161 et
759 1134 884 1161 obserata
908 1135 1023 1160 absces-

231 1184 314 1206 serat.
329 1179 389 1206 Μοχ
404 1179 562 1214 intempesta
575 1179 630 1213 jam
649 1183 729 1207 nocte
747 1179 780 1206 ad
795 1184 914 1206 extrema
935 1179 1024 1205 domi-

232 1224 287 1251 cilii
304 1224 381 1251 istius
395 1223 476 1260 234.
490 1224 573 1256 venit,
587 1232 638 1258 qua
662 1228 739 1258 parte
756 1231 832 1250 tnuro
850 1223 951 1251 insistit
969 1231 1022 1251 non

232 1271 341 1305 quidem
361 1271 468 1297 excelso
484 1271 606 1303 omnino,
623 1278 672 1298 nec
692 1276 781 1297 tamen
803 1275 905 1297 tantum
923 1278 937 1296 a
956 1270 1023 1296 mari

233 1321 349 1349 remoto,
365 1316 429 1350 quin
446 1316 509 1343 illud
523 1316 611 1343 ventis
625 1316 790 1344 australibus
806 1317 936 1351 agitatum
954 1323 1024 1350 saepe

233 1371 295 1390 eum
309 1363 387 1390 undis
402 1362 583 1398 ﬂuctibusque
602 1363 659 1389 suis
678 1363 778 1397 pulset.
793 1362 850 1390 Hoc
868 1362 913 1390 ille
924 1362 952 1389 in
967 1362 1024 1389 loco

235 1417 354 1444 appenso
371 1408 433 1436 fune
446 1416 531 1444 eoqtte
552 1409 721 1443 apprehenso
735 1409 761 1436 in
779 1409 853 1436 littus
867 1416 926 1436 sese
939 1408 1026 1435 demi-

235 1457 281 1484 sit.
299 1455 336 1484 lbi
353 1460 432 1483 torvo
452 1455 524 1482 vultu
550 1455 623 1482 illum
642 1456 780 1490 excipiens
805 1455 942 1491 paulisper
967 1454 1023 1482 l'or-

235 1507 312 1535 tuna,
336 1502 457 1529 arridere
474 1501 582 1528 demum
607 1505 635 1528 et
658 1501 736 1536 quasi
756 1501 927 1529 manifestius
941 1501 1024 1529 collu-

236 1551 300 1575 dere
318 1549 374 1575 visa
391 1553 441 1576 est.
459 1548 573 1581 Quidam
596 1549 668 1576 enim
693 1548 726 1576 de
745 1548 835 1583 palatii
860 1547 1026 1576 excubitori-

235 1594 297 1623 bus.
314 1593 358 1628 qui
375 1601 482 1626 semper
498 1593 656 1628 permutatis
670 1601 702 1620 ex
721 1601 795 1621 more
810 1593 915 1620 vicibus
931 1587 1026 1620 statio-

237 1647 286 1666 nes
301 1640 328 1666 in
344 1639 465 1666 turribus
483 1644 583 1672 tenent,
597 1643 700 1667 certum
718 1639 826 1674 aliquod
840 1639 892 1666 sibi
909 1639 1024 1666 invicem

236 1685 414 1712 inclamantes
439 1686 561 1717 verbum,
578 1685 618 1713 sic
643 1685 748 1720 vigilias
772 1692 835 1712 suas
862 1685 971 1718 obettnt,
997 1689 1028 1712 ut

237 1730 313 1757 illum
334 1731 413 1763 vidit,
432 1731 563 1758 accedens
585 1731 647 1765 quis
670 1736 742 1757 esset
768 1735 959 1765 percunctatus
975 1735 1025 1758 cst.

236 1774 284 1802 Ille
300 1784 380 1803 nmnn
396 1784 425 1803 se
438 1783 470 1802 ex
489 1776 585 1803 vinctis
598 1783 659 1803 esse
678 1776 757 1808 dixit,
773 1775 818 1810 qui
834 1775 860 1802 in
877 1775 977 1810 palatio
993 1775 1028 1802 ob

239 1830 276 1849 tes
290 1823 406 1849 alienum
424 1831 437 1848 a
456 1823 536 1857 Papia
559 1823 751 1850 detinebantur
763 1827 791 1850 et
808 1831 815 1849 :
834 1831 843 1848 ι
861 1823 888 1849 Si
905 1830 947 1850 me
962 1823 1028 1849 sinis

238 1869 324 1903 abire,
339 1869 435 1904 inquit,
450 1869 506 1896 haec
519 1869 567 1896 libi
582 1878 597 1896 a
613 1877 655 1896 me
670 1869 755 1902 gratia
771 1869 917 1901 referetur;
936 1879 944 1894 ι
962 1877 1027 1896 con-

238 1917 370 1950 tinuoque
387 1916 458 1950 quod
474 1916 579 1950 pectori
595 1923 741 1950 appensum
757 1918 878 1950 gestabat
893 1915 1027 1951 phylacte-

239 1968 308 1994 riunt
334 1966 460 1993 eductum
485 1965 611 1992 ostendit.
629 1964 654 1992 Is
679 1973 741 1991 vero
764 1968 834 1999 (crat
853 1966 923 1991 enim
949 1965 1029 1992 houto

240 2013 355 2047 agrestis
376 2017 404 2038 et
422 2011 468 2046 qui
492 2019 551 2038 cum
569 2015 726 2045 paupertate
743 2015 873 2045 perpetuo
896 2011 1029 2038 collucta-

240 2057 341 2092 batnr),
358 2057 438 2084 simul
454 2061 535 2090 atque
554 2055 626 2083 illius
640 2056 733 2084 oculos
747 2064 841 2083 aurum
859 2057 1027 2091 perstrinxit,

241 2111 274 2130 eo
292 2106 413 2137 accepto,
429 2102 613 2129 Andronicum
640 2102 715 2129 abire
739 2110 835 2138 passus
852 2107 904 2130 est.
924 2102 1030 2137 Scapha

242 2150 362 2182 interim,
379 2157 440 2184 qua:
460 2149 530 2176 haud
551 2150 645 2184 procul
667 2150 770 2182 aberat,
795 2149 868 2176 illum
884 2154 1029 2184 exceptura

241 2196 376 2228 accessit,
401 2202 452 2230 qua
476 2202 624 2223 conscensa
649 2195 757 2222 domum
784 2195 884 2223 relatus
915 2201 967 2224 est.
992 2195 1028 2222 lbi

1069 266 1188 298 γυναῖκα
1205 265 1252 291 καὶ
1267 264 1312 291 τὸν
1333 265 1390 291 υἱὸν
1403 264 1538 299 ἔπεμψεν.
1557 264 1589 290 Οἱ
1601 263 1629 290 δὲ
1642 261 1774 289 συνειδόσι
1787 260 1858 292 πρὸς

1067 312 1147 338 τοῦτο
1164 311 1211 338 καὶ
1223 311 1311 342 ἄλλοις
1325 311 1494 346 χρησάμενοι
1515 310 1626 343 σιδήρου
1642 308 1745 338 ταύτας
1760 307 1857 341 εἰργα-

1069 358 1160 392 σμένοι
1171 357 1297 392 ἔπεμψαν
1310 355 1388 389 αὖθις
1397 356 1481 391 αὐτῷ.
1491 356 1521 382 Ὀ
1532 355 1560 382 δὲ
1574 354 1667 389 ἐπειδὴ
1679 353 1781 383 ταύτας
1796 351 1860 378 ἐλα-

1068 403 1124 436 ϐεν,
1139 404 1201 439 ἄρτι
1217 403 1369 434 δεδυκότος,
1388 402 1483 437 φασὶν,
1497 401 1584 436 ἡλίου,
1603 399 1665 427 καθ’
1682 399 1710 425 ὃν
1722 398 1861 431 ξυνέκειτο

1068 450 1154 476 ταῦτα
1163 449 1270 484 καιρὸν,
1284 449 1400 484 ἐρημίαν
1420 448 1473 474 τῶν
1489 447 1617 482 φυλάκων
1634 446 1756 480 τηρήσας
1774 444 1859 478 ἐξῄει.

1070 497 1149 523 Ἔστι
1177 496 1206 522 δέ
1221 505 1263 527 τις
1286 495 1377 527 αὔλιος
1398 495 1526 530 ἐχόμενος
1542 493 1588 520 τοῦ
1604 492 1716 528 τειχίου,
1743 492 1772 516 ὲν
1792 487 1813 524 ᾧ
1829 490 1860 525 δὴ

1068 542 1226 577 καθεῖρκτο.
1246 542 1331 567 Ἔνθα
1345 541 1392 568 ᾰτε
1412 541 1491 575 ὀλίγα
1507 539 1678 573 πατουμένου
1708 537 1755 564 τοῦ
1769 537 1860 572 χώρου

1071 586 1179 622 βοτάναι
1195 586 1267 616 τινὲς
1283 585 1431 619 αὐτόματοι
1446 584 1580 618 φυόμεναι
1596 582 1642 608 ἐπὶ
1668 582 1793 608 πλεῖστον
1812 578 1862 606 ἆν-

1070 633 1182 668 έτρεχον
1199 633 1295 667 μῆκος.
1305 630 1442 657 Ἑνταῦοα
1457 629 1604 664 ἐκδραμὼν
1619 628 1666 655 ἆτε
1675 626 1766 661 λαγὼς
1776 626 1862 660 ἐκρύ-

1069 679 1138 713 ψατο
1151 677 1181 704 τὸ
1196 676 1275 711 σῶμα
1287 675 1428 706 συστείλας
1444 675 1492 702 ὲπὶ
1509 673 1606 709 βραχύ.
1616 672 1693 698 Ἐπεὶ
1702 671 1730 698 δὲ
1745 671 1793 703 νὺξ
1809 670 1860 705 ἥδη

1070 723 1104 761 ἦν
1119 724 1166 751 καὶ
1179 723 1231 750 ἔδει
1242 723 1304 754 τοὺς
1321 721 1435 754 ὲξὲθους
1451 720 1527 756 αὺτῷ
1562 718 1860 752 νυκτοφυλακήσοντας

1071 770 1286 807 περιστήσεσθαι
1301 769 1350 805 τὴν
1372 767 1505 804 φρουρὰν,
1520 766 1641 802 προσιὼν
1651 766 1665 791 ὁ
1683 764 1731 799 τὴν
1745 763 1862 798 τήρησιν

1072 819 1141 854 πρὸς
1156 817 1290 854 βασιλέως
1307 815 1547 850 ἐπιτετραμμένος
1569 814 1619 848 τὴν
1649 810 1732 839 αὑτοῦ
1753 810 1802 841 τάς
1831 817 1862 834 τε

1074 864 1199 900 φυλακὰς
1218 864 1313 890 ἔταττε
1330 862 1378 889 καλ¹
1392 861 1426 888 τὰ
1452 861 1566 895 κλεῖθρα
1606 857 1753 886 ἀνασείων,
1794 855 1864 889 ὅπερ

1074 911 1194 944 ἑκάστης
1210 908 1285 944 αὐτῷ
1299 908 1346 934 ἐπὶ
1364 908 1441 942 ὕπνῳ
1460 905 1597 942 χωροῦντι
1616 904 1720 930 εῐοιστο
1744 901 1863 936 ἡμέρας,

1073 958 1204 992 ἐπειρᾶτο
1216 957 1240 982 εί
1258 956 1294 990 μή
1308 964 1334 981 τι
1349 952 1554 988 κακουργηθείη
1571 951 1684 985 γνῶναι.
1702 949 1744 980 Ὠς
1757 947 1785 992 δε
1795 954 1865 992 παν-

1074 990 1192 1029 τάπασιν
1208 999 1426 1027 ἀνεπιϐούλευτα
1443 996 1531 1024 ταῦτα
1546 995 1627 1029 ἔγνω,
1656 992 1746 1020 ἀπιὼν
1762 991 1793 1018 τὸ
1807 990 1866 1016 λοι-

1074 1046 1124 1074 πὸν
1140 1048 1168 1077 ἐς
1181 1045 1264 1072 ὕπνον
1277 1043 1455 1078 κατέδαρθεν.
1481 1041 1653 1075 ’Δνδρόνικος
1689 1038 1744 1073 γὰρ
1772 1036 1865 1066 δείσας

1076 1091 1113 1127 μὴ
1131 1090 1334 1125 ἀνακεκλιμένη
1346 1090 1379 1124 τῇ
1410 1088 1483 1124 πύλῃ
1515 1081 1670 1122 περιτυχὼν
1709 1085 1723 1109 ὁ
1751 1081 1866 1108 Κλάδων

1075 1138 1166 1173 (τοῦτο
1179 1138 1233 1172 γὰρ
1245 1136 1392 1170 ἐπίκλησις
1407 1135 1497 1162 ἔκειτο
1511 1133 1549 1169 τῷ
1570 1132 1660 1167 ἀνδρὶ)
1676 1130 1744 1165 ταχὺ
1773 1129 1802 1159 ἐς
1814 1128 1866 1162 τὴν

1061 1185 1190 1220 ζήτησιν
1207 1184 1255 1219 τὴν
1275 1182 1358 1210 αὑτοῦ
1370 1181 1534 1216 κατασταίη,
1545 1177 1625 1209 αὖθις
1641 1177 1726 1210 αὐτὴν
1758 1174 1865 1205 ἐπιθεὶς

1075 1230 1296 1265 ἅσψαλιτᾶιμενός
1311 1239 1339 1255 τε
1355 1227 1541 1263 ἀνεχώρησεν,
1559 1225 1652 1259 ἐπειδή
1669 1233 1698 1250 τε
1725 1221 1796 1258 ἀωρὶ
1807 1220 1865 1247 τῶν

1075 1278 1179 1305 νυκτῶν
1193 1277 1244 1311 ἢδη
1260 1276 1369 1310 ἐγένετο
1400 1275 1449 1301 ἐπὶ
1479 1274 1513 1300 τὰ
1543 1273 1645 1307 ἔσχατα
1677 1271 1727 1304 τῆς
1769 1266 1865 1294 αὐλίου

1076 1324 1174 1357 ἐλθὼν,
1187 1321 1217 1351 οὗ
1238 1324 1270 1359 δὴ
1281 1323 1455 1350 τελευτῶσαν
1476 1321 1564 1356 αὐτὴν
1594 1319 1698 1354 τειχίον
1713 1314 1866 1350 ὑπερείδει,

1077 1373 1215 1408 μετέωρον
1254 1371 1303 1406 μὲν
1341 1370 1372 1397 οὐ
1404 1369 1474 1396 πάνυ
1500 1376 1526 1394 τι
1558 1367 1588 1393 ’ὸν
1626 1364 1745 1398 τοσούτῳ
1769 1362 1797 1388 δὲ
1814 1360 1866 1395 τῆς

1076 1419 1163 1453 ὑγρᾶς
1178 1418 1316 1451 ἀφεστὼς,
1335 1417 1390 1451 ὅσῳ
1405 1415 1544 1449 πνεύματι
1562 1410 1776 1447 θυμομαχοῦσαν
1788 1415 1867 1434 νοτε-

1077 1452 1138 1500 ραῖς
1150 1464 1216 1491 αὐτὸ
1228 1463 1357 1494 πολλάκις
1368 1460 1563 1497 ἐπιρραπίζειν
1583 1457 1736 1492 παλάμαις.
1757 1452 1867 1481 Ἐ-ιτεῦο

1076 1511 1122 1538 θεν
1136 1510 1269 1537 καλώδιον
1284 1519 1310 1536 τι
1329 1510 1430 1544 ὲξῆπτε
1449 1506 1597 1542 λαϐόμενός
1611 1513 1641 1531 τε
1656 1502 1739 1530 αὑτοῦ
1755 1501 1868 1528 καθεῖτο

1038 1556 1060 1586 C
1077 1558 1118 1588 εἰς
1132 1557 1181 1592 τὴν
1209 1557 1306 1590 ἀκτήν.
1336 1555 1422 1582 Ἕκ.οα
1453 1554 1501 1581 καὶ
1529 1553 1612 1579 πάλιν
1638 1549 1779 1586 βλοσυροῖς
1809 1546 1869 1592 τρῖς

1077 1587 1236 1637 «postianm;
1251 1587 1418 1633 δεδεξαμένη
1437 1598 1534 1624 τοῦτον
1549 1598 1566 1632 ἡ
1595 1596 1664 1630 τύχη
1698 1592 1784 1629 βραχὺ
1806 1587 1869 1616 εἶτα

1078 1645 1258 1682 προσεμειδία
1276 1645 1323 1672 καὶ
1340 1646 1430 1671 ἀνεῖτο
1440 1643 1509 1679 πρὸς
1517 1643 1608 1678 χάριν,
1621 1637 1797 1676 θρυπτομένη
1807 1643 1869 1665 πως

1078 1681 1125 1721 καὶ
1137 1693 1274 1728 διαφανῶς
1293 1692 1438 1723 παίζουσα.
1453 1691 1514 1717 Τῶν
1539 1691 1592 1724 γάρ
1616 1697 1658 1720 τις
1685 1688 1714 1713 ὲν
1743 1681 1870 1716 παλατίῳ

1080 1741 1222 1775 φυλάκων,
1239 1739 1318 1773 οἵπερ
1338 1738 1367 1769 ἐξ
1386 1737 1464 1769 ἔθους
1480 1737 1524 1763 ἀεὶ
1544 1735 1752 1770 διεσκηνημὲνοι
1768 1730 1872 1764 κάθην-

1078 1795 1125 1812 ται
1138 1786 1209 1820 ὑπὲρ
1220 1784 1274 1812 τῶν
1287 1784 1400 1819 πύργων
1418 1783 1450 1809 ὲκ
1470 1781 1641 1817 περιτροπῆς
1667 1787 1739 1809 τινος
1765 1775 1870 1820 trudim-

1080 1830 1210 1860 ύσσοντές
1223 1837 1253 1855 τε
1264 1828 1389 1861 ἀλλήλοις
1401 1827 1449 1854 καὶ
1468 1826 1569 1852 τακτὸν
1587 1825 1600 1851 ὅ
1610 1833 1636 1850 τι
1650 1823 1681 1857 δὴ
1697 1818 1869 1855 ἐπιφωνοῦν-

1079 1885 1124 1907 τες
1142 1875 1273 1910 ῥημάτιον
1289 1873 1359 1900 οὕτω
1373 1882 1401 1898 τε
1420 1871 1594 1907 ὲγρηγόρασι
1617 1869 1745 1905 μάλιστα,
1771 1864 1868 1898 ἐπειδὴ

1079 1923 1174 1950 τοῦτον
1195 1921 1259 1953 εἶδε,
1273 1919 1395 1955 προσιὼν
1409 1919 1482 1950 ὅστις
1517 1918 1581 1944 ποτὲ
1607 1917 1648 1951 εῐη
1673 1912 1871 1941 διεπυνθάνετο

1080 1970 1214 1996 ἀνειπεῖν.
1240 1968 1268 1994 '0
1284 1967 1313 1993 δὲ
1326 1965 1469 2000 δεσμώτης
1483 1961 1552 1990 εἶναι
1569 1963 1672 1997 ἔφασκε
1699 1959 1754 1986 τῶν
1767 1959 1796 1984 ὲν
1815 1965 1870 1984 πα-

1080 2013 1164 2048 λατίῳ
1185 2012 1253 2046 πρὸς
1267 2010 1314 2037 τοῦ
1335 2010 1441 2036 Παπίου
1462 2007 1517 2044 (96)
1532 2008 1575 2033 ἐπ’
1598 2006 1701 2036 αἰτίαις
1729 2002 1870 2038 ἐχομένων

1081 2058 1278 2094 χρηματικαῖς,
1291 2056 1338 2083 καὶ
1349 2065 1358 2081 ι
1377 2056 1410 2082 Εἴ
1419 2063 1450 2089 γε
1460 2055 1578 2089 ἀφήσεις
1596 2061 1639 2088 με,
1661 2051 1724 2085 ἔφη,
1744 2048 1868 2094 ἀπιέναι,

1167 2102 1198 2136 δή
1215 2110 1255 2128 σοι
1270 2101 1335 2136 παρ’
1350 2099 1417 2134 ἐμοῦ
1432 2099 1514 2134 χάρις
1529 2098 1617 2125 ἔσται.
1638 2106 1646 2121 ι
1664 2095 1719 2122 Καὶ
1737 2093 1796 2128 ἆμα
1826 2091 1871 2117 λέ-

1081 2157 1137 2183 γων
1154 2148 1183 2174 τὸ
1202 2147 1361 2173 ὲπικόλπιον
1376 2145 1450 2180 αὺτῷ
1470 2142 1616 2178 ἐξαγαγὼν
1650 2141 1756 2167 ἐδείκνυ
1783 2139 1872 2173 quia-

1082 2198 1204 2229 κτῄριον.
1230 2193 1259 2220 ‘0
1275 2193 1302 2219 δὲ
1320 2192 1384 2227 (τῶν
1400 2191 1454 2227 γὰρ
1464 2189 1635 2226 ἀγροικικῶν
1650 2196 1691 2219 τις
1704 2185 1737 2222 ἦν
1753 2185 1872 2215 καὶτοῖς

919 2261 967 2291 1)ιι
989 2259 1100 2299 Cangii
1125 2263 1216 2289 notae.

279 2323 335 2358 (96)
353 2322 429 2357 Πρὸς
454 2322 507 2349 τοῦ
523 2322 651 2350 Παπίου.
667 2320 772 2358 Pappize
798 2329 844 2349 seu
867 2321 1028 2358 papimuoﬂi-
1046 2323 1068 2352 Ι)
1083 2321 1179 2358 Cll-1le
1193 2320 1284 2358 Balbo.
1318 2319 1380 2346 Fuit
1399 2318 1571 2358 sanesimile
1595 2320 1794 2358 qgvarretornm
1811 2315 1874 2343 oili-

243 2356 315 2389 cium
327 2356 330 2357 ⁷
343 2356 402 2386 erat
420 2357 510 2390 palatii
527 2357 658 2389 custodia,
675 2357 725 2383 sub
739 2358 897 2391 curopalala
912 2356 1025 2389 scilicet,

242 2395 322 2430 cujus
341 2394 476 2430 prtecipua
492 2397 550 2419 erat
574 2393 646 2419 illius
662 2399 737 2425 cura,
757 2396 829 2419 utex
855 2391 1033 2419 Constantino

242 2428 368 2458 Ilianasse
384 2428 489 2455 discere
502 2433 543 2455 cst
557 2434 562 2452 :

278 2482 352 2517 Πρδς
366 2480 412 2517 τὸν
428 2480 510 2517 οἴκων
524 2479 633 2517 φύλακα
647 2478 701 2517 τῶν
716 2479 815 2517 ἐντοῖς
826 2479 1002 2517 ᾲνακτρροις.

280 2513 392 2544 Παπίαν
405 2516 523 2550 λέγομεν
541 2514 621 2540 αὑτὸν
637 2513 708 2540 κατὰ
727 2513 871 2548 Ῥωμαίων
898 2514 1033 2547 γλῶτταν.

241 2570 314 2597 unde
329 2568 399 2603 apud
413 2567 564 2603 Cedrcnutn
576 2566 680 2598 πατίας
690 2565 737 2592 τοῦ
751 2565 888 2603 παλατίου
898 2566 923 2592 in
937 2566 1027 2603 Paene

242 2601 406 2639 (leprouyuti
428 2603 499 2639 Plat
524 2601 639 2639 Leonem
658 2607 867 2639 gratitnratteiitir
884 2601 909 2639 in
937 2601 1028 2639 Leone

243 2635 372 2667 Armenio
388 2643 414 2665 et
439 2637 568 2664 Mit'ltaele
585 2635 724 2671 Theophili
740 2636 783 2672 [P.
804 2636 868 2672 480]
887 2636 918 2663 l“.
932 2643 959 2672 ρ.
976 2635 1028 2662 4όῖ

242 2676 306 2706 469,
323 2680 408 2701 custos
427 2673 529 2707 palatii,
550 2673 641 2707 punias
657 2676 681 2698 et
697 2672 832 2703 ostiarius,
845 2671 871 2698 in
895 2672 911 2698 8
928 2671 1029 2698 Sinodo

244 2716 299 2737 :u‘l.
315 2710 342 2740 5,
380 2706 560 2742 nuncupatur.
591 2706 761 2740 Proindeque
781 2715 833 2733 non
861 2708 940 2733 modo
955 2707 1031 2742 Itabiv

244 2747 319 2772 tabat
343 2745 368 2770 in
396 2743 454 2778 ipso
473 2741 590 2776 putatio,
623 2742 659 2769 uti
678 2742 824 2778 observare
844 2746 896 2778 est"
914 2749 946 2768 ex
964 2741 1031 2778 Scy-

242 2781 307 2806 litze
328 2781 353 2806 iu
375 2779 506 2805 lliichaele
531 2778 679 2811 Rhaugabe
695 2785 721 2809 p.
738 2777 789 2803 492
805 2781 831 2802 et
845 2777 908 2808 495,
939 2777 986 2802 sed
1004 2781 1031 2802 et

244 2823 329 2848 penes
353 2814 457 2848 papiam
486 2821 603 2842 reorum.
626 2812 671 2846 qui
693 2813 718 2838 in
749 2811 840 2845 palatii
875 2811 1031 2848 carceribus

246 2846 447 2881 detinebantur,
476 2855 540 2874 cura
562 2847 710 2880 prmsertim
726 2851 797 2878 erat,
812 2847 882 2880 quod
898 2847 947 2873 hoc
971 2846 1029 2872 loco

249 2883 308 2910 nlus
328 2884 394 2910 satis
409 2883 495 2909 innuit
520 2882 679 2913 Cinnamus,
704 2887 732 2908 ut
751 2887 778 2908 et
804 2882 922 2909 Zonaras
938 2882 964 2909 in
981 2882 1027 2908 Mi-

1088 2357 1159 2382 cium
1174 2357 1201 2382 in
1228 2357 1287 2382 aula
1303 2362 1395 2389 regunt
1409 2354 1507 2381 Sitilia:
1525 2354 1575 2381 sub
1597 2352 1771 2389 Normaunis,
1785 2358 1873 2389 penes

1087 2398 1154 2426 quos
1169 2398 1221 2417 non
1238 2398 1301 2417 cura
1316 2386 1449 2426 duntaxat
1467 2395 1492 2415 et
1506 2389 1628 2415 Custodia
1646 2386 1735 2426 palatii
1752 2386 1802 2426 sub
1826 2394 1875 2413 ca-

1088 2421 1201 2453 stellaito
1224 2425 1405 2456 incumbebat,
1433 2425 1479 2450 sed
1502 2430 1527 2448 et
1553 2431 1600 2450 eos
1619 2422 1663 2456 qui
1687 2429 1734 2456 per
1747 2421 1874 2449 diversos

1088 2461 1180 2495 palatii
1205 2467 1329 2487 carceres
1354 2460 1514 2486 tenebantur
1532 2459 1641 2495 inclusi,
1656 2457 1812 2495 frequenter
1828 2456 1874 2484 in-

1089 2492 1193 2530 spicere
1218 2503 1366 2528 eornmqtte
1391 2499 1489 2522 statum
1507 2494 1598 2520 mitius
1611 2492 1778 2530 asperiu_s_ve,
1789 2495 1874 2525 prout

1089 2527 1113 2558 ei
1131 2531 1218 2558 visum
1245 2527 1508 2561 erat,’commutare
1537 2533 1563 2554 et
1579 2527 1657 2562 prout
1684 2527 1760 2553 vellet
1780 2531 1875 2553 custo—

1082 2568 1129 2593 des
1157 2565 1272 2596 singulis
1299 2565 1442 2600 designare
1465 2563 1630 2593 carceribus,
1653 2567 1682 2589 ut
1699 2567 1798 2600 auctor
1817 2567 1874 2600 _est

1084 2601 1159 2634 llugo
1196 2597 1370 2628 Falcandusf
1385 2599 1607 2634 Gavarretorumi
1625 2597 1746 2634 meminit
1762 2631 1767 2634 Δ
1786 2597 1872 2634 etiam

1084 2631 1234 2663 Ridhardus
1246 2635 1280 2662 de
1294 2634 1323 2664 S.
1335 2634 1532 2662 Germano.an.
1546 2633 1622 2660 1⁵252.
1635 2633 1667 2659 de
1680 2631 1767 2665 magni
1782 2631 1873 2665 papiae

1083 2670 1170 2697 cilicio
1183 2671 1259 2705 plura
1278 2669 1515 2705 babetltleursius.
1526 2669 1600 2702 cujus
1619 2667 1769 2701 dignitatis,
1785 2673 1870 2705 quam

1084 2701 1191 2738 simili;
1205 2713 1266 2740 quae
1282 2705 1332 2732 fuit
1347 2704 1408 2732 olim
1429 2705 1454 2730 in
1473 2701 1564 2740 regum
1582 2701 1872 2740 nostrorttni_palatio,

1084 2737 1243 2774 comparare
1264 2745 1317 2772 est,
1347 2746 1480 2774 quantque
1498 2739 1646 2765 etiamnum
1674 2737 1808 2774 concierge
1821 2737 1873 2774 ‘du

1083 2771 1167 2807 palais
1196 2781 1304 2808 vocant,
1325 2771 1489 2802 ιιιέιιιὶυεθι
1515 2779 1642 2807 praeterea
1665 2773 1734 2806 apud
1765 2771 1874 2808 Pachy-

1084 2819 1195 2842 ruerent,
1222 2811 1240 2838 l.
1268 2818 1294 2843 ν,
1322 2818 1346 2838 c.
1377 2809 1404 2841 5,
1429 2809 1659 2843 Cantattugeuunt,
1695 2808 1748 2843 l._t,
1774 2814 1798 2833 c.
1825 2807 1875 2837 26,

1081 2845 1137 2876 52;
1165 2840 1229 2879 lfu,
1254 2840 1345 2880 c.'9.'2,
1364 2840 1419 2877 27;
1448 2849 1474 2871 et
1501 2840 1680 2878 Nit'ephorutu
1706 2841 1874 2874 Gregoram,

1077 2881 1095 2908 l.
1115 2888 1171 2908 vm.
