1961 3073
111 121 172 152 597

734 123 1007 156 HISTORIARUM
1026 125 1097 156 LIB.
1119 127 1152 157 V.

1693 130 1746 162 598

111 176 215 206 πενίας
235 175 329 212 ἔργοις
346 177 466 212 ἐμάχετο
474 177 633 214 διηνεκῶς),
651 178 745 215 ἐπειδὴ
771 179 821 212 τὰς
835 180 903 216 ὄψεις

962 182 1050 209 exutis
1064 183 1238 218 compedibus
1256 191 1314 217 qum
1338 185 1418 218 pedes
1440 188 1669 216 constrinxerant,
1687 193 1748 212 rur—

110 222 161 258 [P.
177 221 251 258 156.]
264 222 340 258 αὑτῷ
357 223 548 259 κατέστραψεν
563 225 577 250 ὸ
610 224 725 261 χρυσὸς,
759 226 851 253 λαϐὼν
880 226 910 253 τὸ

109 270 211 304 χρῆμα
226 269 398 304 Ἀνδρόνικον
418 270 507 306 ἀφῆκε
519 271 665 306 φέρεσθαι.
704 272 747 298 Ἐν
778 272 866 307 τούτῳ
881 273 909 299 δὲ

109 315 163 341 καὶ
173 315 205 341 τὸ
216 315 376 350 ληψόμενον
392 315 488 342 τοῦτον
503 316 618 344 ἀκάτιον
632 318 663 344 οὐ
679 318 790 353 μακρὰν
805 318 910 345 ἀποσα-

117 359 202 386 λεῦον
220 360 336 396 προσῄει
347 369 355 377 ο
370 361 417 387 καὶ
434 360 562 394 λαϐόντες
586 362 669 390 αὐτὸν
694 363 739 389 ἐπ’
753 363 827 390 οίκου
848 363 908 390 ἑκό-

111 413 212 440 μισαν,
233 405 299 433 ἔνθα
312 406 362 438 τὰς
377 406 462 441 πέδας
493 408 725 443 ἀποσεισάμενος,
741 409 769 436 αϊ
782 408 822 435 τὼ
841 409 906 436 πόδε

109 448 210 485 εἶργον
229 450 316 486 αὐτῷ,
332 451 416 488 ἀνέϐη
436 461 466 479 τε
478 453 605 485 εἰσαῦθις
619 454 668 489 τὴν
684 453 752 481 ναῦν
769 454 817 481 καὶ
847 455 906 481 δια-

962 235 1020 255 ευιιι
1036 228 1173 263 ingressus
1185 234 1225 256 εει
1239 237 1346 262 navem,
1360 237 1446 265 eaque
1457 236 1551 258 vectus
1563 236 1637 258 extra
1654 239 1747 258 muros

962 271 1078 306 trajecit.
1092 273 1149 301 illic
1164 280 1273 309 paratos
1288 275 1319 302 ad
1337 275 1386 302 hoc
1403 276 1489 310 ipsum
1509 277 1650 304 inveniens
1665 283 1748 311 equos

961 320 1119 346 conscendit
1132 325 1158 347 et
1175 320 1307 348 abscessit
1324 329 1331 349 :
1347 321 1386 348 sic
1403 322 1509 356 quidem
1524 323 1640 349 evadens
1655 329 1670 348 e
1686 329 1747 349 car—

961 370 1024 391 cere
1048 366 1219 394 Andronicus
1243 368 1276 394 ad
1295 366 1495 403 Tauroscythas
1520 368 1652 402 pervenit.
1670 367 1747 394 Nune

960 413 1050 437 autem
1083 411 1115 438 ad
1149 419 1180 439 ea
1211 420 1271 447 quae
1301 420 1382 449 supra
1414 413 1569 445 retulimus,
1603 413 1746 440 reducatur

959 457 1056 485 oratio.

109 497 306 533 πλωῖσάμενος
321 499 373 534 ἔξω
391 501 506 535 τειχέων
529 500 648 534 ἐγένετο.
670 501 756 528 Ἔνθα
779 501 880 533 ἵππους
899 502 988 537 εὑρὼν
1004 504 1029 531 οἳ
1055 504 1085 531 ὲν
1113 505 1277 541 παρασκευῇ
1306 505 1453 541 ἐτύγχανον
1468 505 1541 541 αὐτῷ
1557 506 1641 537 ὄντες,
1658 505 1745 539 ἐπέϐη

109 553 142 571 τε
166 546 215 572 καὶ
231 546 322 573 ἀπιὼν
348 547 446 583 ᾤχετο.
471 548 644 584 Ἀνδρόνικος
681 549 730 584 μὲν
753 548 785 584 δὴ
808 548 879 575 οὓτω
901 549 952 584 τῆς
971 551 1084 587 είρκτῆς
1098 551 1219 588 ἀποδρὰς
1235 552 1282 579 ἐπὶ
1296 553 1492 585 Ταυροσκύοας
1513 551 1604 588 ἦλθεν.
1627 552 1707 586 Ἡμῖν
1722 551 1744 577 δ’

109 593 247 620 ἀνακτέον
263 593 310 620 τὺν
329 593 407 628 λόγον
425 594 472 622 ἐπὶ
487 595 521 622 τὰ
533 596 664 632 πρότερα.

150 637 195 672 ιβ’.
224 637 285 665 Τῶν
311 639 466 674 είρημὲνων
489 650 518 668 τε
543 641 625 669 ἕνεκα
640 643 654 669 ὁ
669 643 799 678 Μανουὴλ
825 643 902 679 παρὰ

111 684 319 719 ῐίριμίσθλαϐον
334 685 390 720 (97)
401 683 468 721 ἦλθε
482 687 529 714 καὶ
542 687 615 720 ὅπως
625 690 704 724 χεῖρα
718 689 823 717 ὲκεῖοεν
837 690 905 725 σύμ-

113 739 204 766 μαχον
219 731 266 758 ἐπὶ
286 731 439 766 Ῥωμαίους
451 733 512 770 ἄξῃ.
531 734 695 762 Ἐπέσταλτο
705 736 761 771 γὰρ
773 737 848 772 αὐτῷ
857 737 903 764 καὶ

993 643 1073 678 235
1092 643 1135 670 12.
1147 643 1258 678 Propter
1270 644 1326 672 haec
1339 644 1421 678 igitur
1432 651 1490 678 qum
1507 643 1623 671 diximus
1639 644 1745 672 Mnuuel

958 688 990 715 ad
1006 686 1175 716 Primislaum
1191 690 1275 722 venit,
1293 694 1320 717 et
1337 695 1366 716 ut
1381 689 1523 716 auxiliares
1536 689 1627 724 copias
1643 690 1679 717 ibi
1696 699 1753 726 pro.

957 733 1087 762 Romanis
1108 735 1288 763 contraheret.
1315 735 1368 763 Sed
1391 740 1418 763 et
1435 736 1533 763 miSsus
1548 741 1588 762 est
1607 736 1639 763 ad
1666 736 1745 765 Rosi-

115 777 313 814 Ῥωσισθλάϐῳ
338 778 377 814 τῷ
392 779 440 805 καὶ
460 779 535 815 αὐτῷ
555 781 602 808 ἐπὶ
615 781 842 817 Ταυροσκυθικῆς
855 783 903 819 ἄρ-

958 780 1057 814 slaum,
1078 782 1122 816 qui
1148 787 1175 809 et
1197 782 1255 816 ipse
1276 782 1494 818 Tauroscythiea:
1513 782 1695 817 imperitabat,
1712 784 1745 811 de

111 831 189 857 χοντι
220 823 285 858 περὶ
319 824 481 858 συμμαχίας
494 824 654 860 διειλέχθαι.
672 826 727 853 Καὶ
744 827 836 862 μέντοι
856 828 903 855 καὶ

111 867 248 903 τετύχηκε
260 869 306 895 τοῦ
318 869 390 896 κατὰ
402 870 512 898 σκοπόν.
533 870 697 907 Ὗπερφυῶς
710 873 765 908 γὰρ
775 874 906 909 ἡσθέντες

111 913 153 940 ὅτι
170 914 201 949 δὴ
217 914 369 950 τηλικούτῳ
398 916 427 948 ἐς
448 915 546 949 αὐτοὺς
573 918 587 944 ὁ
618 918 744 953 βασιλεὺς
769 920 905 955 ἐχρήσατο

111 961 283 997 πρεσϐευτῇ,
304 962 455 998 ὑπέσχοντο
482 963 593 998 ἐπιτελῆ
613 964 702 992 πάντα
717 966 842 1001 ποιήσειν
854 966 905 993 ὅσα

111 1008 152 1043 τῷ
175 1007 283 1042 βασιλεῖ
311 1008 468 1044 βουλομένῳ
495 1006 575 1044 ἦσαν.
593 1009 631 1035 Οὐ
659 1009 712 1045 μὴν
743 1011 804 1037 οὐδὲ
826 1011 906 1046 Ἱερό-

112 1054 232 1081 σθλαϐον
262 1054 305 1081 διὰ
330 1054 416 1081 ταῦτα
433 1054 561 1090 βασιλεὺς
574 1055 692 1090 περιεῖδε
704 1064 710 1070 ·
728 1058 863 1091 μηχαναῖς
876 1057 905 1084 δὲ

111 1099 162 1126 καὶ
176 1098 270 1126 τοῦτον
297 1099 406 1133 ἑτέραις
434 1099 506 1126 κατὰ
522 1100 661 1134 Στεφάνου
685 1101 902 1136 ἐξεπολέμωσεν,

111 1145 272 1177 ἂπιστείλας
285 1145 359 1180 αὺτῷ
375 1145 492 1172 οὑτωσί·
511 1155 521 1171 ‹
536 1146 574 1172 Οὐ
592 1147 771 1182 μιμησόμεοά
788 1157 835 1175 σου
852 1149 903 1184 τὴν

110 1191 271 1226 ἀστοργίαν,
289 1192 323 1228 ἠν
341 1192 417 1218 οὐδὲν
426 1192 485 1219 δέον
501 1193 542 1225 εἰς
563 1194 638 1228 ἡμᾶς
654 1194 797 1226 ἐπεδείξω,
814 1193 902 1228 λόγων
917 1190 919 1194 ’

110 1245 141 1264 τε
157 1237 205 1264 καὶ
220 1237 363 1273 συνθηκῶν
381 1238 434 1265 τῶν
451 1238 549 1274 πρώην
562 1239 613 1275 ἢδη
630 1239 840 1275 ὀμωμοσμένων
861 1250 902 1267 σοι

110 1283 362 1318 κατωλιγωρηκώς,
390 1283 474 1310 Ἀλλά
492 1292 533 1311 σοι
561 1284 596 1312 τὰ
625 1285 729 1320 ἔσχατα
745 1286 902 1321 διυϐρίσοαι

110 1329 294 1356 κινδυνεύοντι
309 1329 354 1355 ὑπ’
366 1329 430 1364 ὄψιν
444 1330 478 1356 τὰ
493 1330 543 1365 τῆς
563 1330 668 1366 ὕϐρεως
683 1331 806 1366 τίθεμαι.
823 1332 894 1359 ’13οι

109 1376 203 1403 τοίνυν
225 1376 303 1412 ἀνδρὶ
334 1377 418 1404 παῖδα
451 1377 615 1409 συνοικίζων
640 1379 690 1414 τὴν
711 1379 761 1414 σὴν
782 1379 819 1414 τῷ
836 1380 902 1415 ρηγὶ

110 1421 236 1449 Παιόνων
267 1423 399 1458 κακοήθει
417 1431 446 1449 τε
462 1423 509 1450 καὶ
525 1423 620 1455 δεινῶς
634 1424 754 1460 ἀϐεϐαίῳ
769 1425 818 1460 τὴν
832 1425 902 1460 γνώ-

111 1476 168 1503 μην
201 1467 270 1495 ovu-
299 1468 378 1503 δίκης
407 1469 462 1504 γάρ
489 1478 556 1496 ποτε
577 1470 593 1506 ἢ
615 1470 745 1504 ἀληθείας
764 1472 935 1514 ὲντροπὴνο

109 1514 261 1550 πεποίηται
275 1515 417 1550 οὐδεμίαν.
437 1515 589 1552 Ἀνθρώπῳ
605 1516 633 1542 δὲ
646 1517 774 1552 ἀπολύτῳ
792 1517 901 1552 φύσεώς

110 1569 140 1587 τε
155 1562 204 1587 καὶ
232 1561 324 1596 νόμων
355 1561 393 1593 ὡς
421 1562 526 1589 ἐπίπαν
551 1564 698 1599 φερομένῳ
713 1564 801 1590 πάντα
814 1566 901 1592 ποιεῖν

111 1603 190 1640 οἶμαι
206 1605 307 1641 ῥᾴδιον.
336 1605 442 1632 Οὐκοῦν
453 1606 514 1633 οὐδὲ
531 1607 685 1642 ξυνοικήσει
708 1617 749 1634 σοι
767 1609 902 1641 Στέξανος

110 1653 144 1686 τῇ
155 1651 284 1687 θυγατρὶ,
305 1652 366 1678 οὐδέ
381 1661 408 1679 τι
422 1651 487 1679 ἄλλο
499 1653 552 1679 τῶν
569 1654 641 1680 κατὰ
660 1655 741 1689 νόμον
755 1655 801 1681 ἐπὶ
816 1655 901 1691 ταύτῃ

110 1697 300 1733 διαπράξεται.
329 1699 360 1725 Ei
374 1698 402 1725 δὲ
414 1698 463 1725 καὶ
490 1698 658 1734 ξυνοικήσει,
689 1700 747 1726 ἀλλ’
776 1701 826 1727 ὅσα
854 1701 901 1727 καὶ

111 1745 252 1780 τριοδίτιδι
275 1745 361 1781 ταύτῃ
399 1746 660 1781 προσενεχθήσεται.
686 1747 716 1774 Ὀ
738 1749 790 1783 γὰρ
818 1749 846 1779 ἐς
870 1749 900 1775 τὺ

112 1793 249 1827 ἡμέτερον
279 1792 350 1818 οὕτω
380 1793 480 1828 κράτος
508 1793 640 1828 ἁμαρτὼν
659 1794 758 1828 ὅρκους
771 1803 799 1820 τε
810 1794 848 1826 ὡς
872 1795 901 1821 ἐν

113 1838 223 1870 παιδιᾶς
245 1838 317 1872 λόγῳ
341 1839 404 1870 τοὺς
436 1838 550 1874 ἔναγχος
581 1839 799 1874 ὀμωμοσμένους
824 1840 900 1876 αὐτῷ

113 1884 270 1918 λογίζεσθαι
280 1885 520 1919 ἀπαναισχυντῶν,
531 1885 687 1920 συλλόγισαι
701 1885 727 1912 τί
742 1886 792 1912 οὐκ
805 1886 838 1913 ἂν
855 1887 901 1913 ἐπὶ

114 1930 144 1956 σὲ
157 1931 281 1965 ποιήσειν
307 1930 582 1965 ἁπανθρωπεύσεται,
598 1941 607 1957 ι
637 1931 746 1957 Τούτων
772 1931 786 1958 ὁ
806 1932 903 1967 Πριμι-

115 1977 232 2008 σθλαϐος
249 1977 297 2008 σὺν
309 1976 441 2012 βαρϐάρῳ
453 1977 508 2003 τινὶ
522 1977 638 2013 ἀφελείᾳ
651 1977 705 2004 τῶν
720 1977 807 2012 λόγων
822 1978 904 2006 ἁκού-

116 2033 165 2055 σας
186 2024 258 2050 ἑάλω
272 2031 301 2050 τε
315 2024 413 2049 αὐτίκα
435 2024 483 2050 καὶ
506 2023 543 2055 ὡς
570 2023 699 2059 πολέμιον
721 2025 767 2052 τὸν
781 2026 903 2062 γαμϐρὸν

114 2069 296 2102 ὑπεϐλέπετο,
317 2069 376 2096 κατ’
397 2068 479 2095 αὑτοῦ
510 2077 539 2095 τε
561 2069 706 2104 Ῥωμαίοις
728 2071 903 2105 στρατεύουσι

114 2117 195 2142 παντὶ
212 2116 306 2150 τρόπῳ
331 2115 504 2151 συναίρεσθαι
516 2114 660 2150 ὡμολόγει.
676 2116 754 2142 Ἐστι
769 2116 797 2143 δέ
809 2126 851 2148 τις
875 2118 903 2144 ὲν

959 826 1074 853 ineunda
1090 833 1228 854 armorum
1243 828 1373 856 societate
1385 836 1446 855 cum
1459 833 1621 864 coacturus.
1637 828 1744 863 Resque

957 870 994 898 illi
1007 878 1040 898 ex
1057 876 1119 899 voto
1134 873 1274 900 successit.
1292 873 1406 901 Maxime
1419 875 1491 900 enim
1506 874 1591 908 gavisi
1606 875 1676 909 quod
1688 879 1749 902 tam.

956 917 1052 944 illustri
1069 925 1116 945 eos
1132 918 1256 953 dignatus
1275 923 1348 947 esset
1369 919 1467 954 legato,
1483 919 1572 946 omnia
1587 927 1646 953 qua:
1663 921 1744 948 vellet

955 962 1080 997 princeps
1095 971 1122 990 se
1136 963 1255 990 facturos
1273 964 1342 991 ultra
1359 963 1469 998 polliciti
1487 969 1556 991 sunt.
1575 963 1667 999 Neque
1683 964 1744 991 ideo

955 1011 1044 1034 tamen
1061 1007 1228 1036 Ilieroslaum
1245 1009 1363 1044 despein
1380 1009 1536 1044 imperator.
1554 1009 1599 1038 sed
1615 1015 1673 1038 arte
1688 1010 1740 1037 alia

955 1053 1084 1081 adversus
1109 1054 1277 1090 Stephanum
1305 1056 1469 1089 concitavit,
1497 1056 1586 1083 missis
1613 1057 1740 1091 hujusce-

955 1099 1025 1127 modi
1051 1100 1083 1126 ad
1110 1100 1195 1134 ipsum
1219 1101 1341 1129 litteris:
1364 1110 1373 1126 ι
1393 1101 1450 1128 Non
1477 1102 1643 1129 imitabimur
1667 1107 1740 1129 tuam

954 1145 1186 1180 ingratitudinem,
1199 1155 1280 1182 quam
1304 1147 1375 1174 nulla
1390 1147 1422 1174 ad
1438 1147 1464 1174 id
1481 1149 1633 1181 impellente
1649 1155 1741 1175 neces-

953 1192 1035 1219 sitate
1057 1199 1119 1225 erga
1137 1199 1186 1219 nos
1201 1193 1357 1225 exhibuisti,
1385 1193 1514 1228 negiei-tis
1539 1194 1680 1228 prouisis
1696 1201 1742 1228 pa-

952 1237 1057 1272 ctisque
1074 1238 1116 1270 iis,
1137 1245 1197 1273 quae
1215 1246 1300 1273 nuper
1323 1239 1477 1266 saneiveras
1491 1248 1497 1265 :
1513 1240 1558 1266 sed
1575 1240 1633 1272 tibi,
1648 1240 1742 1268 ultima

953 1292 1002 1311 nos
1016 1283 1112 1319 injuria
1136 1284 1243 1311 allicere
1261 1284 1378 1319 paranti,
1394 1285 1428 1312 ob
1451 1285 1545 1312 oculos
1567 1293 1626 1312 eam
1644 1293 1741 1320 propo-

953 1331 1052 1357 nimus.
1067 1328 1144 1357 Scias
1159 1329 1250 1363 igitur,
1263 1330 1324 1357 dum
1341 1329 1422 1356 ﬁliam
1440 1335 1512 1356 tuam
1529 1330 1672 1363 Hungarim
1686 1332 1741 1365 regi

953 1383 1063 1403 uxorem
1083 1377 1176 1408 tradis,
1200 1375 1271 1403 illam
1290 1381 1314 1404 te
1331 1376 1444 1411 jungere
1462 1377 1520 1403 viro
1539 1377 1667 1411 maligno,
1685 1378 1743 1404 ani-

952 1429 1050 1456 moque
1072 1422 1148 1450 valde
1177 1422 1306 1450 instabili.
1328 1423 1443 1450 .lustitiae
1466 1426 1537 1450 enim
1555 1432 1601 1451 seu
1623 1425 1742 1452 veritatis

952 1468 1055 1496 nullum
1073 1477 1189 1503 unquam
1206 1473 1358 1503 respectum
1372 1469 1477 1496 habuit.
1495 1470 1634 1497 Hominem
1651 1475 1741 1498 autem

954 1516 999 1548 (ιιιὶ
1013 1523 1062 1543 nec
1073 1521 1196 1542 naturam
1210 1523 1258 1543 nec
1270 1516 1343 1551 leges
1355 1522 1505 1548 l'CVK‘l‘ElUl‘,
1517 1524 1619 1550 Suoque
1632 1525 1742 1550 ιηὀΓειις

953 1561 1038 1588 fertur
1062 1561 1185 1592 arbitrio,
1213 1563 1302 1588 omnia
1332 1563 1441 1596 exsequi
1467 1570 1547 1596 posse
1573 1563 1642 1589 haud
1671 1571 1742 1597 mgre

954 1607 1088 1634 existimo.
1103 1606 1219 1635 Proinde
1240 1615 1327 1642 neque
1345 1607 1427 1634 tiliam
1442 1612 1515 1634 tuam
1534 1607 1611 1635 ducet
1630 1607 1742 1642 Stepha-

955 1660 1016 1686 nus,
1038 1660 1126 1687 neque
1145 1653 1216 1679 aliud
1233 1653 1369 1688 quidpiam
1388 1653 1491 1688 legibus
1516 1658 1739 1686 consentaneum,

953 1703 1083 1733 quantum
1098 1699 1132 1725 ad
1148 1698 1217 1725 illam
1236 1703 1349 1733 spectat,
1365 1703 1536 1732 exsequetur.
1556 1700 1630 1732 Quod
1646 1700 1667 1726 si
1682 1707 1740 1726 eam

955 1744 1046 1776 ducat,
1065 1744 1183 1779 vulgaris
1198 1744 1336 1780 cujusdam
1354 1749 1381 1772 et
1397 1745 1468 1772 velut
1487 1752 1501 1771 ο
1525 1745 1604 1771 trivio
1621 1745 1742 1772 adducta:

955 1793 1059 1819 tendum
1074 1793 1133 1820 loco
1146 1793 1264 1820 habebit.
1281 1792 1331 1826 Qui
1347 1793 1418 1820 enim
1436 1793 1606 1828 majestaiem
1622 1798 1741 1821 nostram

956 1843 1097 1872 tantopere
1108 1838 1218 1865 oﬂ‘endit
1229 1843 1256 1865 et
1266 1843 1434 1866 sacramenta
1448 1847 1531 1873 nuper
1544 1840 1604 1865 data
1620 1847 1666 1874 pro
1681 1839 1743 1866 ludo

955 1884 1053 1911 habere
1070 1891 1121 1911 non
1140 1883 1258 1917 erubuit,
1280 1884 1367 1919 cogita
1382 1892 1461 1918 quam
1478 1886 1503 1911 in
1522 1890 1546 1911 te
1561 1885 1742 1912 inhumanita-

955 1933 1007 1956 tem
1029 1937 1082 1956 non
1098 1929 1133 1955 sit
1150 1929 1355 1957 commissurus.
1377 1939 1385 1956 ι
1403 1929 1450 1957 llis
1469 1938 1529 1957 cum
1546 1930 1659 1958 barbara
1677 1937 1743 1965 qua—

955 1976 1015 2002 dam
1031 1975 1206 2009 simplicitate
1228 1975 1310 2011 236
1333 1975 1430 2003 auditis
1454 1975 1634 2007 sermonibus,
1649 1979 1743 2011 captus

954 2025 996 2048 est
1020 2020 1146 2047 continuo
1172 2021 1340 2054 l’rimislaus,
1357 2026 1382 2048 et
1400 2028 1527 2055 generum
1543 2021 1616 2048 velut
1637 2021 1741 2049 hostem

956 2071 1096 2094 aversatus
1118 2066 1217 2093 bellum
1233 2067 1258 2094 ei
1284 2067 1462 2094 inferentibus
1478 2066 1609 2094 Romanis
1623 2067 1697 2094 omni
1714 2075 1743 2095 se

956 2114 1109 2141 adfuturum
1127 2114 1228 2140 auxilio
1243 2114 1382 2148 professus
1397 2119 1448 2142 est.
1463 2114 1509 2142 Est
1523 2122 1588 2142 vero
1602 2116 1627 2141 in
1643 2115 1743 2141 Tauro-

113 2161 323 2196 Ταυροσκυθικῇ
338 2161 415 2192 πόλις
437 2161 522 2196 ὄνομα
537 2162 632 2196 Κίαμα
644 2162 711 2197 (98),
724 2162 740 2198 ἢ
753 2163 857 2190 πόλεών
870 2172 899 2190 τε

956 2162 1074 2196 Scythica
1092 2161 1202 2195 regione
1216 2161 1310 2188 civitas
1330 2162 1437 2188 nomine
1451 2161 1555 2193 Kiovia,
1574 2169 1634 2196 quae
1648 2169 1743 2188 omnes

113 2208 303 2243 ὑπερκάθηται
316 2208 371 2235 τῶν
385 2208 473 2246 ἄλλων
485 2209 546 2234 ὅσαι
563 2209 626 2244 τῇδε
644 2209 776 2244 ἵδρυνται,
790 2209 835 2236 καὶ
850 2210 900 2243 ὅσα

113 2255 161 2281 καὶ
194 2254 364 2289 μητρόπολις
392 2254 431 2289 τῷ
452 2254 525 2281 ἔθνει
560 2254 647 2290 τούτῳ
663 2255 794 2290 τυγχάνει
815 2252 896 2282 οὖσα.

118 2299 278 2334 ’Λρχιερεύς
292 2307 322 2325 τε
339 2298 392 2333 γὰρ
410 2300 441 2326 ὲκ
463 2298 613 2330 Βυζαντίου
630 2299 695 2334 παρ’
711 2299 798 2335 αὐτὴν
825 2299 898 2334 ἥκει,

113 2345 228 2374 καὶτῶν
245 2345 333 2373 ἄλλων
349 2346 399 2372 ὅσα
416 2346 446 2377 ὲς
466 2345 612 2380 πρεσϐεῖον
633 2345 748 2381 φέρουσι
768 2345 899 2378 κατεξαί-

955 2207 1022 2234 alias
1048 2207 1101 2234 illic
1127 2206 1194 2233 sitas
1223 2206 1380 2241 prmcellens
1406 2207 1562 2241 metropolis
1586 2211 1628 2233 est.
1659 2207 1743 2235 totius

954 2255 1049 2290 gentis.
1069 2253 1216 2288 Episcopus
1232 2252 1362 2288 Byzantio
1378 2253 1476 2280 missus
1492 2252 1529 2279 illi
1545 2252 1643 2286 przclici
1662 2252 1743 2284 solet,

954 2299 1105 2333 gaudetque
1120 2298 1225 2325 crcteris
1244 2298 1380 2330 omnibus,
1397 2305 1456 2333 quae
1473 2297 1505 2324 ad
1524 2297 1742 2325 cxcellentiorem

954 2344 1096 2372 conferunt
1110 2343 1328 2379 prmrogativam.
1343 2342 1428 2378 llujus
1439 2344 1528 2377 itaque
1541 2343 1658 2377 regionis
1670 2343 1744 2377 prin-

789 2424 838 2454 Du
856 2422 966 2462 Cangii
985 2425 1080 2453 notm.

151 2495 207 2530 (97)
237 2495 320 2530 Παρὰ
348 2495 582 2530 Πριμίσθλασον,
607 2494 702 2522 Varios
727 2493 831 2521 Russiaa
854 2500 902 2521 seu

151 2505 207 2530 ιω)
237 2505 320 2530 ιιαρα
348 2505 401 2530 [ιρι
426 2505 582 2522 ισιΜαυον.
612 2505 702 2522 varios
728 2505 831 2521 nussux
854 2505 902 2521 δειι

113 2530 265 2568 Moscovize,
297 2539 378 2565 quam
397 2505 647 2568 #auroscytharum
661 2529 797 2568 regionem
812 2533 902 2568 vocat,

115 2565 253 2602 principes
281 2563 406 2602 recenset
429 2563 588 2602 Cinnamus,
616 2564 735 2598 atquein
751 2564 792 2602 his
813 2563 902 2602 Yladi-

117 2599 219 2628 inermi:
246 2607 273 2627 et
303 2601 456 2628 Jaroslaum
486 2600 607 2631 Galitzaz,
629 2607 688 2634 qum
710 2599 847 2633 provincia
861 2602 904 2625 est

118 2635 224 2663 Russize
240 2635 362 2668 Minoris,
377 2636 522 2669 toparchas
537 2643 543 2661 ε
571 2633 701 2669 praeterea
720 2633 902 2669 Primislaum,

117 2670 269 2702 Rosilauln,
287 2667 452 2702 .leroSlauin,
479 2667 624 2705 Georgium
642 2667 861 2705 Basiliczeﬁliuut
875 2672 904 2694 et

71 2708 76 2712 '
119 2705 285 2733 Vladislaum
304 2706 351 2739 qui
374 2713 434 2733 cum
447 2713 531 2732 uxore
549 2703 575 2732 et
594 2704 685 2732 liberis
702 2704 733 2730 ad
752 2703 902 2729 Manualem

118 2740 235 2771 transiit,
252 2748 266 2767 a
290 2738 344 2774 quo
369 2741 476 2775 regione
493 2740 525 2766 ad
543 2739 639 2775 Istrum
653 2738 902 2775 sitardouatusﬂest.

117 2777 206 2813 Atque
226 2775 258 2813 hi
272 2773 384 2813 quidem
400 2773 502 2813 ‘omnes
529 2774 656 2813 ἐρῳδιοί,
673 2774 717 2808 qui
743 2773 816 2813 solus
832 2773 904 2800 Rus-

119 2808 374 2849 Siatnpt'iltcipnluttl
393 2810 522 2849 obtinuit,
540 2809 587 2849 [illi
607 2809 731 2849 videntur
759 2808 844 2849 fuisse
858 2812 905 2849 aut

122 2853 156 2873 ex
170 2844 231 2873 ﬁliis
248 2844 369 2874 nepotes.
395 2846 441 2875 aui
456 2845 601 2874 ditiouibus
615 2844 672 2872 suis
703 2851 754 2872 non
772 2844 903 2875 contenti,

953 2492 1016 2519 dum
1035 2493 1079 2519 alii
1093 2492 1160 2520 alios
1172 2493 1315 2526 invadunt,
1334 2494 1435 2521 mutuis
1451 2500 1511 2520 Sese
1529 2492 1670 2520 confccere
1687 2494 1743 2520 vul—

958 2528 1077 2555 uer-ibus.

991 2563 1046 2597 (98)
1072 2564 1178 2598 Κίαμα.
1211 2563 1290 2590 Forte
1318 2565 1416 2590 Κιοϐία
1443 2570 1489 2592 aut
1518 2563 1743 2598 Ktv56a,Kiowia,

955 2597 1058 2634 Russize
1085 2597 1147 2626 olim
1167 2599 1320 2631 metropolis
1335 2600 1366 2625 ad
1392 2599 1600 2634 Borysthenem,
1630 2599 1735 2626 Κιοάϐα

958 2634 1028 2659 dicta
1043 2633 1222 2661 Constantino
1236 2635 1268 2661 de
1286 2635 1364 2660 Adm.
1391 2631 1454 2667 ἰηιρῖ
1469 2643 1492 2662 (ι.
1511 2635 1536 2663 9.
1554 2631 1631 2667 cuius
1646 2634 1743 2668 ampli-

959 2668 1025 2694 tudo
1051 2669 1214 2696 describitur
1230 2673 1256 2695 et
1284 2670 1444 2702 priedieatur
1463 2679 1475 2695 ιι
1513 2670 1642 2699 ltitniarn,
1659 2669 1676 2696 Ι.
1695 2676 1743 2701 νιι,

957 2707 1089 2736 extremo,
1108 2704 1211 2730 Adamn
1236 2704 1387 2734 Bremeusi,
1407 2713 1431 2730 (ς.
1450 2704 1499 2737 66,
1518 2704 1627 2730 Μ;ιιιὶιῑ.ι
1637 2702 1742 2731 Echo-

953 2738 1051 2774 vieusi,
1074 2739 1090 2764 l.
1116 2746 1144 2768 ιι,
1156 2746 1190 2774 Vc.
1206 2739 1257 2771 l8;
1274 2739 1347 2765 Alex.
1364 2738 1487 2774 Gaguiuo
1499 2746 1526 2767 et
1546 2739 1581 2765 al.
1603 2746 1741 2774 perperam

955 2772 1034 2809 ghios
1063 2781 1111 2807 pro
1141 2773 1222 2809 Chiof
1244 2774 1298 2801 dici
1330 2772 1425 2800 invita
1443 2775 1472 2802 S.
1499 2774 1611 2801 Mariaui
1649 2772 1741 2802 hbitat.

934 2805 942 2812 '
956 2805 1095 2843 Ratispo'n.
1114 2816 1138 2835 e.
1155 2809 1171 2835 4
1185 2805 1310 2837 observat
1329 2809 1475 2838 Bollandus
1491 2810 1508 2838 9
1520 2810 1598 2837 Febr.
