1961 3073
84 120 145 167 σοι

711 138 987 170 HtsrontAaUM
1005 140 1079 172 LIB.
1097 118 1141 172 v.-

1676 140 1729 172 602

86 199 137 217 ται
157 190 211 217 τίνι
228 190 390 227 ξυγκρούειν
406 192 482 220 αὐτοὶ
498 194 708 229 τετολμήκασιν.
726 204 736 222 ι
765 196 809 222 Ἐν
820 194 880 220 τού-

936 195 958 222 ls
974 197 1070 222 'anlem
1092 194 1137 222 ubi
1163 194 1233 222 nihil
1255 194 1290 221 de
1315 193 1457 222 Antiochia
1487 193 1540 221 sibi
1560 194 1725 228 sperandum

87 243 151 264 τοις
171 237 221 271 μὲν
235 237 270 263 τὰ
291 237 338 264 τοῦ
350 238 516 274 γράμματος
528 237 608 274 ἦσαν.
633 241 662 267 '0
682 241 710 268 δὲ
724 241 816 277 ἐπειδὴ
833 242 888 269 τῶν

88 281 137 308 in”
157 282 310 318 Ἀντιοχείᾳ
334 283 511 319 ἡλπισμένων
539 285 729 320 ἀτΐετύγχανεν
759 285 820 320 ἥδη,
843 287 886 312 ὲν-

91 324 186 353 ἑκειτο
205 328 270 363 περὶ
283 327 379 360 κήδους
397 328 490 355 λοιπὸν
503 329 548 356 τὸν
563 330 675 366 βασιλέα
694 330 737 367 [Ρ.
753 330 816 366 158]
833 339 887 356 ’πα-

93 372 286 408 ραιτούμενος.
315 373 388 399 Μίαν
400 374 490 401 τοίνυν
512 375 566 401 τῶν
581 374 628 402 τοῦ
658 375 884 409 πρ‹ι;τοσεὸαστοῦ

90 419 289 453 ἁρμοσάμενος
309 419 468 454 θυγατέρων
478 420 610 455 ὀμώμοκε
621 421 715 447 λοιπὸν
731 421 777 448 καὶ
791 421 884 454 αὐτὸς,

89 465 143 492 ὅσα
156 465 204 491 καὶ
219 465 378 497 Βαλδουῖνος
388 466 402 492 ὁ
418 466 534 500 ἀδελφὸς
545 467 628 493 αὑτοῦ
645 467 786 503 πρότερον.
802 468 885 494 Βασι-

90 509 157 542 λεὺς
168 510 206 542 δὲ,
224 510 319 544 ἐπειδὴ
348 511 462 546 μηδέπω
476 511 510 538 τὰ
522 513 589 548 πρὸς
620 512 669 548 τὴν
701 513 777 548 παρᾶ
803 513 885 545 πόδας

89 554 313 589 ὲξαρτυσάμενος
341 554 421 590 ἔτυχε
440 556 530 591 μάχην
546 564 554 572 ’
570 556 662 588 δείσας
679 559 744 592 περὶ
760 559 792 593 τῇ
808 558 885 585 πόλει

91 600 209 636 Ζεύγμῃ
226 600 265 635 (5)
286 600 333 626 ἐπὶ
366 601 490 628 πλεῖστον
508 603 558 638 ἤδη
585 603 653 638 πρὸς
680 603 728 630 τοῦ
746 604 883 638 Στεφάνου

91 647 329 683 πυργηρουμένῃ.
349 647 403 681 πρὸ
423 648 469 674 τοῦ
485 649 531 675 τὸν
542 649 612 685 ὑπὲρ
620 650 674 676 τῶν
689 650 757 677 ὅλων
768 651 883 686 ἐκρῆξαι

91 693 226 728 πόλεμον,
260 695 417 731 στράτευμα
441 694 521 729 λόγου
550 695 626 728 ἄξιον
659 697 792 731 βοηοῆσον
814 698 882 733 αὐτῇ

92 737 220 763 ἔστελλεν
255 738 307 764 ὑπὸ
325 739 488 774 στρατηγοῖς
511 740 621 775 Μιχαήλ
635 750 663 768 τε
676 741 714 776 τῷ
729 742 822 778 Γαὸρᾷ
836 743 883 769 καὶ

431 785 473 795 thr
497 785 521 795 κη
558 786 564 793 ο
594 786 610 795 μ

92 827 123 854 ὲν
148 827 296 864 Ῥωμαίοις
321 830 557 866 ὲπιφανεστέρων,
578 833 625 858 καὶ
649 832 775 868 Ἰωάννης
788 833 881 868 ὂνᾶγ-

92 874 174 908 τελον
190 875 352 908 ἐπεκάλουν,
371 876 441 912 ἀνὴρ
466 878 716 913 ὲμπειροπόλεμος,
729 880 776 905 καὶ
792 879 884 906 Ἰωάν-
898 871 920 898 Β

92 929 142 956 νης
155 922 169 948 ὁ
199 921 280 956 Ὶσὴς,
309 922 418 958 Πέρσης
447 923 496 959 μὲν
510 924 540 950 τὸ
558 924 636 959 γένος
665 925 768 960 τροφῆς
788 926 816 952 δὲ
836 927 882 954 καὶ

92 967 202 1003 διαίτης
213 968 387 1004 ἔμεταλαχὼν
408 970 577 1007 Ῥωμαῖκῆς.
600 972 663 999 Ἐπὶ
685 973 765 1000 πλέον
781 982 812 1008 γε
829 974 882 1009 μὴν

91 1014 125 1048 τῇ
143 1013 221 1039 πόλει
247 1015 402 1049 ἐπαρκέσαι
431 1016 571 1052 βουληθεὶς
590 1018 655 1050 ναῦς
667 1019 733 1046 ὡσεὶ
753 1020 883 1053 πλείστας

93 1061 270 1094 στρατιωτῶν
283 1070 313 1089 τε
328 1062 376 1089 καὶ
406 1063 460 1090 τῶν
482 1065 645 1100 ἐπιτηδείων
670 1067 882 1102 ἐμπλησάμενος

91 1105 203 1133 ἐκέλευε
214 1107 259 1134 τὸν
292 1108 399 1144 Ἴστρον
416 1111 628 1144 παραπλεούσας
642 1114 696 1144 τοῖς
711 1114 797 1141 ἕνδοοι
810 1124 882 1150 παρ-

92 1151 169 1186 έχειν
186 1151 426 1188 τῶνάναγκαίων,
439 1156 492 1188 ἕως
508 1157 589 1189 αὐτὸς
599 1160 754 1194 πανστρατὶ
770 1162 817 1188 ἐπὶ
831 1153 883 1197 την

91 1198 229 1234 Οὺννικὴν
254 1200 396 1235 ἀφίκηται.
422 1200 519 1229 Οὗννοι
533 1204 573 1235 δὲ,
591 1205 685 1240 ἐπειδὴ
715 1206 799 1233 πολύν
821 1217 882 1234 τινα

91 1244 190 1278 χρόνον
208 1245 279 1279 ἀμφὶ
294 1246 331 1281 τῷ
346 1247 482 1284 περιϐόλῳ
511 1250 732 1286 ἐνδιατρίψαντες
753 1254 882 1286 πολλάκις

90 1295 123 1313 τε
139 1287 226 1316 αὑτοῦ
236 1290 492 1327 ἀποπειρασάμενοι
510 1294 633 1328 ἔγνωσαν
649 1295 805 1330 ἀνεφίκτοις
822 1300 882 1325 ὲπια

91 1335 197 1369 χειρεῖν
212 1335 249 1371 (αἱ
261 1337 315 1372 γὰρ
335 1337 489 1373 Ῥωμαϊκαὶ
519 1341 653 1375 νῆες-ἐπὶ
675 1343 724 1378 τὴν
750 1345 882 1379 ἐχομένην

92 1381 219 1416 ποταμοῦ
241 1382 348 1419 Ἴστρου
365 1385 486 1419 πλευρὰν
501 1387 686 1423 ὁρμιζόμεναι
699 1392 805 1425 μεγάλα
827 1393 883 1423 τοῖς

92 1428 170 1454 ἔνδον
196 1429 341 1464 Ῥωμαίοις
357 1433 561 1466 συνεϐάλλοντο,
584 1436 651 1470 πρὸς
668 1437 696 1462 δὲ
713 1437 762 1463 καὶ
779 1438 841 1469 τοὺς
853 1439 883 1465 ὲν

91 1474 206 1510 πολέμῳ
222 1477 396 1511 τραυματίας
422 1481 624 1515 γεγενημένους
643 1483 882 1518 ἀπολαμϐάνουσαι

940 241 1016 273 vidit,
1031 241 1150 276 perstitit
1165 241 1199 268 de
1225 240 1354 267 allinitate
1382 241 1575 275 imperatorem
1604 247 1700 275 rogare
1719 249 1726 266 :

912 303 915 309 ι
933 281 964 314 iet
976 291 1087 320 accepta
1114 287 1140 313 itt
1167 286 1371 313 tnatrimonium
1390 293 1442 313 una
1461 287 1577 313 filiarum
1606 291 1728 321 protose—

937 332 1018 365 basti,
1043 333 1138 360 eadem
1165 339 1225 367 quas
1253 336 1333 359 antea
1356 332 1415 365 ejus
1445 331 1531 359 frater
1558 331 1726 362 Balduiuus.

937 384 1032 412 pactus
1043 383 1094 406 est.
1113 379 1262 413 Imperator
1282 379 1362 406 rebus
1377 378 1502 406 omnibus
1522 379 1640 406 nondum
1658 378 1726 406 satis

937 424 969 450 ad
999 431 1118 458 praesens
1145 424 1246 451 bellum
1274 424 1422 458 apparatis,
1448 428 1571 451 metuens
1600 423 1726 458 Zeugma:

937 469 1008 502 ttrbi,
1023 477 1102 504 qttam
1121 469 1276 505 Stephanus
1292 466 1449 498 arctissitna
1465 470 1605 498 obsidione
1616 477 1723 505 preme-

936 519 992 552 bat,
1010 519 1167 554 priusquam
1181 518 1215 547 de
1228 527 1333 547 summa
1349 527 1440 546 rerum
1456 519 1555 547 bellum
1580 520 1725 555 arriperet,

937 565 1048 594 idoneas
1067 565 1171 600 aliquot
1193 567 1286 600 cupias
1300 566 1326 593 in
1346 566 1476 594 auxilium
1492 574 1524 594 eo
1544 567 1631 599 misit,
1650 567 1726 594 duci-

937 611 987 639 bus
1004 611 1136 639 Micltaele
1152 611 1240 639 Gabra
1258 617 1285 639 et
1298 612 1415 647 Joscpho
1431 612 1577 648 Bryennio,
1598 613 1650 640 sub
1667 613 1727 648 qui-

936 657 986 685 bus
1002 657 1156 685 militabant
1173 663 1229 685 tum
1248 658 1293 685 alii
1309 658 1380 686 inter
1401 659 1538 686 Romanos
1554 658 1725 690 illustriores.

936 709 991 730 tum
1019 703 1140 731 Joannes
1171 708 1352 739 cognomento
1379 704 1517 738 Angelus,
1545 704 1588 731 vir
1622 704 1726 732 militia:

934 749 1125 783 peritissimus,
1136 754 1163 777 et
1176 748 1295 776 Joannes
1307 749 1372 780 lses.
1385 749 1494 776 natione
1507 749 1615 784 quidem
1628 748 1724 780 Persa.

935 801 1063 823 cteterum
1099 795 1171 823 inter
1207 794 1345 823 Romanos
1377 795 1497 823 nutritus
1527 800 1554 823 et
1581 795 1747 828 educatusZ_

934 841 1056 875 Cumque
1071 841 1218 876 pluritttttm
1231 841 1291 869 urbi
1305 841 1436 869 auxilium
1449 841 1520 869 ferre
1533 841 1631 873 vellet,
1644 849 1725 870 naves

935 887 1087 922 complures
1100 887 1232 914 militibus
1256 887 1390 922 rebusque
1404 887 1464 914 aliis
1482 887 1645 915 necessariis
1660 895 1726 915 one-

935 938 1007 961 ratas
1023 941 1151 969 superare
1164 934 1262 961 Istrum
1279 938 1305 961 et
1319 933 1438 961 obsessis
1452 939 1634 962 commeatum
1656 941 1725 969 pra:-

934 979 998 1007 bere
1016 980 1109 1015 jussit,
1127 979 1214 1006 donec
1238 978 1296 1013 ipse
1313 986 1374 1006 cum
1398 979 1527 1007 universo
1554 979 1674 1007 exercitu
1698 979 1724 1006 in

934 1025 1099 1060 llungariam
1124 1025 1311 1052 descenderet.
1339 1024 1460 1060 Hungari
1487 1032 1564 1057 vero,
1587 1033 1648 1052 cum
1678 1025 1724 1052 ditt

937 1073 1010 1100 circa
1028 1072 1103 1100 urbis
1123 1071 1222 1099 muenia
1242 1072 1340 1099 morati
1367 1079 1399 1099 ea
1423 1071 1521 1106 saepius
1545 1071 1725 1106 nequidquam

934 1123 1099 1150 tentassent,
1125 1125 1184 1145 rem
1209 1125 1290 1152 supra
1317 1117 1388 1145 vires
1418 1118 1527 1152 aggredi
1554 1122 1724 1145 Statuerunt.

933 1164 1035 1193 Classis
1043 1164 1114 1192 enim
1126 1164 1248 1191 Romana
1264 1163 1290 1191 in
1305 1163 1420 1190 alterum
1429 1163 1503 1190 ﬂuvii
1518 1163 1587 1190 latus
1601 1163 1724 1193 advecta.

935 1217 989 1239 tum
1011 1216 1038 1239 et
1061 1218 1156 1246 magna
1173 1209 1315 1242 Romanis,
1330 1209 1376 1244 qui
1396 1210 1423 1237 in
1448 1210 1516 1237 urbe
1540 1213 1630 1240 erant.
1646 1216 1724 1236 cetu-

934 1258 1011 1285 motla
1031 1256 1186 1291 praestabat,
1218 1260 1273 1283 tum
1294 1255 1378 1283 etiam
1399 1255 1432 1283 iis
1450 1256 1495 1291 qui
1519 1256 1589 1282 inter
1603 1262 1740 1293 pugnant

933 1304 995 1330 dum
1011 1302 1123 1330 vulnera
1146 1307 1311 1336 exceperant
1329 1301 1460 1336 receptis,
1486 1301 1552 1329 alios
1568 1301 1727 1335 corporibus

934 1350 1051 1384 integros
1066 1348 1148 1384 239
1166 1348 1192 1375 itt
1206 1355 1300 1375 eorum
1317 1348 1405 1375 locum
1424 1347 1620 1375 substituebat.
1638 1347 1706 1375 Navi
1717 1362 1725 1368 -

933 1396 985 1431 giis
1000 1396 1080 1429 igitur
1105 1399 1132 1422 et
1158 1394 1224 1441 ipsi.
1235 1393 1374 1425 collectis,
1394 1394 1553 1429 priusquam
1572 1394 1677 1421 ﬂabra:
1700 1399 1728 1421 el

933 1441 1062 1476 Bryennii
1080 1442 1106 1468 in
1121 1439 1287 1476 llttngariam
1310 1440 1486 1467 advenissent
1507 1439 1592 1473 copia}
1612 1447 1659 1473 per
1676 1439 1727 1466 litt-

933 1495 996 1514 men
1012 1487 1037 1514 in
1055 1487 1193 1514 Romanas
1209 1493 1292 1514 naves
1305 1486 1387 1513 delati
1404 1490 1479 1518 sttnt,
1493 1490 1524 1512 ut
1539 1491 1585 1512 eas
1602 1485 1726 1512 submer-

97 1519 208 1556 ἐτέρους
223 1522 382 1557 ἀκραιφνεῖς
396 1526 451 1556 τοῖς
477 1525 601 1560 σώμασιν
619 1529 814 1564 ἁντιπαρείχον
834 1531 883 1557 αὑ-

936 1537 1030 1569 gereut
1049 1540 1101 1560 nec
1124 1532 1210 1559 multo
1224 1539 1286 1559 cum
1309 1532 1402 1559 labore
1419 1532 1510 1559 hostes
1527 1531 1620 1565 prtelio
1633 1531 1726 1558 deviu-

94 1568 177 1600 τοῖς).
203 1568 271 1603 νῆας
286 1569 334 1596 καὶ
349 1571 426 1597 αὐτοὶ
450 1572 652 1608 συλλεξάμενοι,
673 1575 756 1609 μήπω
772 1576 820 1603 τοῦ
833 1577 881 1604 σὺν

92 1612 133 1648 τῷ
160 1613 252 1649 Γαϐρᾷ
267 1616 315 1643 καὶ
333 1615 371 1651 τῷ
392 1617 527 1653 Βρυεννιῳ
554 1621 759 1655 στρατεύματος
777 1623 876 1657 ἀφικο-

95 1659 180 1692 μένου
200 1661 246 1686 ἐπὶ
274 1662 476 1697 Οὺννικὴν,διὰ
503 1665 549 1691 τοῦ
581 1667 706 1701 ποταμοῦ
731 1670 801 1695 κατᾶ
827 1670 882 1696 τῶν

99 1704 262 1740 Ῥωμαϊκῶν
280 1708 410 1743 ἐφέροντο
423 1710 460 1742 ὡς
477 1712 675 1744 καταδύσοντές
689 1722 718 1740 τε
735 1715 819 1746 αὑτὰς
832 1717 881 1743 καὶ

96 1751 171 1788 μάχῃ
186 1752 216 1778 οὐ
237 1753 284 1780 σὺν
309 1755 383 1790 πόνῳ
407 1759 662 1793 περιγενησόμενοι,
676 1761 699 1785 εἰ
721 1762 769 1787 καὶ
782 1761 882 1797 ταύτης

93 1799 144 1844 ’ξῆς
161 1798 259 1834 πείρας
272 1801 418 1837 ἠλέγχοντο
430 1804 563 1840 δεύτεροι.
591 1807 622 1833 ΔΕ
634 1807 690 1842 γὰρ
707 1808 796 1835 αὐτῶν
807 1810 880 1844 νῆες,

95 1842 143 1869 ἅτε
159 1843 259 1878 ἥκιστα
275 1846 323 1873 τοῦ
341 1850 543 1882 ναυπηγεῖσθαι
557 1851 654 1884 δεξιῶς
668 1854 695 1883 ἐς
705 1842 882 1889 ἀσύμμετρόν

94 1897 121 1915 τι
138 1889 337 1926 διατεινόμεναι
355 1893 445 1930 εὖρος,
460 1896 495 1922 τὰ
512 1896 658 1934 δευτεραῖοι
678 1899 723 1925 ἐπὶ
751 1901 882 1937 ¹παχύτητι

95 1936 254 1986 κομίζονται
281 1940 335 1986 τῶν
361 1941 534 1975 Ῥωμαϊκῶν,
563 1945 667 1980 ’ᾘεσαν
694 1946 743 1980 μὲν
766 1947 821 1983 γὰρ
839 1948 884 1975 διὰ

93 1984 141 2008 του
170 1984 294 2018 ποταμοῦ
310 2004 319 2018 ,
364 1985 498 2021 Ῥωμαῖοι
523 1988 552 2015 δὲ
578 1990 762 2025 παρατάξεως
789 1994 883 2028 σχῆμα

94 2029 276 2063 ποιησάμενοι
302 2031 373 2058 κατὰ
405 2033 486 2068 μέσον
511 2034 753 2070 ἀπολαμϐάνουσιν
783 2038 884 2072 αὐτοὺς

96 2074 183 2120 συχνά
194 2083 222 2100 τε
233 2076 300 2108 ’τοῖς
327 2077 495 2112 τοξεύμασιν
510 2079 635 2114 ἔϐαλλον,
654 2081 697 2117 ἐφ’
711 2080 751 2115 οἷς
765 2083 884 2120 ἀπειρη-

95 2118 172 2150 κότες
189 2121 288 2166 ἐκεῖνοι
302 2123 430 2158 πρύμναν
444 2126 622 2160 ἐκρούσαντο.
638 2128 670 2154 Al
687 2127 737 2162 μὲν
751 2128 798 2156 οὖν
805 2118 884 2156 ἄλλαι

93 2167 157 2201 νῆες
188 2168 279 2210 αὐτῶν
307 2169 410 2207 θατέρᾳ
425 2171 472 2198 τοῦ
491 2174 615 2209 ποταμοῦ
644 2175 800 2202 πελάσασαι
816 2177 883 2214 ὄχθῃ

937 1584 1048 1625 certant:
1064 1580 1114 1607 etsi
1132 1579 1176 1606 hic
1201 1583 1315 1606 conatus
1329 1579 1421 1606 minus
1435 1585 1565 1613 prospere
1582 1579 1615 1606 iis
1632 1578 1724 1606 cessit.

935 1626 1035 1653 Eorum
1057 1625 1156 1661 quippe
1184 1632 1266 1652 naves
1291 1625 1382 1652 minus
1407 1629 1467 1660 apte
1491 1624 1628 1651 labriealte
1650 1629 1677 1651 et
1699 1624 1725 1651 in

936 1673 1107 1702 immodicam
1129 1677 1248 1700 extensae
1269 1672 1439 1698 latitudinem
1458 1671 1602 1699 velocitate
1624 1669 1724 1697 Roma-

936 1727 1033 1748 norum
1057 1718 1264 1754 superabantur.
1290 1718 1322 1744 Et
1344 1718 1401 1752 jam
1426 1717 1452 1744 in
1484 1717 1581 1744 ﬂumen
1606 1717 1728 1744 deductae

936 1770 1024 1798 erant,
1039 1772 1099 1792 cum
1110 1763 1224 1791 Romani
1241 1763 1431 1790 navibus'suis
1452 1763 1478 1789 in
1495 1761 1728 1802 acieut‘ordinatis

936 1812 998 1839 illas
1033 1811 1173 1846 excipiunt
1217 1809 1376 1844 crebrisque
1407 1808 1619 1842 iaculationibus
1654 1807 1726 1835 inl‘e-

936 1861 1009 1885 stant
1026 1865 1034 1883 :
1062 1855 1161 1891 quibus
1175 1855 1212 1882 illi
1228 1853 1331 1889 fatigati
1353 1860 1435 1881 naves
1458 1853 1611 1880 inltibuere.
1627 1852 1726 1879 Earum

936 1909 1000 1938 pars
1028 1902 1107 1930 alteri
1130 1900 1242 1936 appulsa
1267 1900 1351 1928 littori
1379 1899 1525 1927 discrimen
1550 1899 1649 1933 evasit,
1674 1906 1725 1925 una

925 1939 1001 1976 rvero
1015 1948 1113 1976 ducum
1129 1946 1290 1974 militarium
1308 1946 1388 1981 plena
1403 1946 1429 1973 in
1443 1945 1628 1973 Romanorum
1648 1948 1726 1979 pote-

936 1999 1035 2023 statem
1051 1995 1137 2027 venit,
1154 2000 1269 2028 arteque
1285 1992 1410 2021 confecto
1429 1993 1493 2027 igne
1515 1992 1658 2026 absumpta
1674 1995 1726 2019 est.
1755 1999 1758 2002 ν

937 2041 1055 2076 llungari
1082 2040 1191 2075 itaque,
1212 2043 1354 2074 postquam
1379 2042 1406 2066 et
1433 2039 1477 2065 ltic
1502 2033 1727 2065 irritus'conatus

937 2086 998 2118 fuit,
1010 2085 1084 2114 aliud
1099 2089 1162 2113 sunt
1173 2085 1270 2114 moliti.
1281 2085 1431 2112 Nonnullos
1442 2084 1514 2112 enim
1526 2091 1559 2111 ex
1574 2091 1622 2112 sua
1637 2087 1727 2118 gente,

939 2132 986 2167 qui
1004 2132 1143 2167 Stephano
1166 2131 1379 2168 famulabantur.
1397 2130 1519 2165 pecuniis
1540 2134 1726 2163 corrumpunt,

939 2178 1024 2216 iisque
1050 2177 1214 2212 persuadent
1237 2182 1266 2203 ut
1292 2177 1437 2211 propinato
1462 2183 1566 2203 veneno
1590 2176 1728 2202 hominem

95 2214 140 2240 τὶν
155 2214 274 2242 κίνδυνον
300 2216 412 2250 ἔφυγον,
440 2219 490 2252 μία
506 2219 534 2246 δὲ
559 2220 650 2248 αὐτῶν
675 2221 784 2257 ἀνδρῶν
811 2223 882 2250 πλέα

936 2214 1076 2251 necarent.
1095 2223 1135 2249 Ita
1149 2227 1176 2250 et
1191 2222 1255 2250 urbs
1278 2227 1358 2256 capta
1380 2226 1421 2249 est
1436 2226 1464 2248 et
1490 2226 1575 2248 totum
1600 2221 1728 2248 Sirmium

94 2260 150 2286 τῶν
180 2261 246 2296 παρ’
273 2263 365 2295 αὐτοῖς
391 2266 620 2300 στρατηγούντων
635 2268 793 2304 ὑποχείριος
815 2269 884 2296 Ῥω-

98 2307 189 2340 μαίοις
214 2308 324 2341 ἐγένετο
352 2312 495 2347 σκευαστῴ
527 2313 594 2349 πυρὶ
622 2314 660 2349 (Δ)
691 2315 883 2351 καταπλήξασι

96 2352 207 2388 ταύτην.
221 2353 315 2382 Οὓννοι
332 2356 432 2390 τοίνυν,
462 2359 557 2394 ἐπειδὴ
581 2359 628 2386 καὶ
644 2361 746 2395 ταύτης
762 2361 884 2395 ἀπετύγ-

96 2406 178 2432 χανον
195 2400 244 2434 τῆς
272 2401 382 2436 πείρας,
397 2402 440 2437 ἐφ’
456 2403 554 2439 ἐτέρας
575 2405 737 2440 ἐτράποντο.
753 2407 813 2433 Τῶν
829 2407 884 2441 γὰρ

96 2443 135 2477 τῷ
148 2444 276 2480 Στεφάνῳ
286 2446 548 2486 διυττηρετουμένων
578 2450 688 2477 Οῦννων
702 2452 827 2487 χρήμασί
842 2461 882 2479 τι-

98 2499 146 2522 νας
161 2491 375 2527 ὑποκλέψοιντες,
389 2495 553 2531 δηλητήριον
568 2497 606 2532 (5)
629 2497 668 2532 τῷ
687 2498 824 2534 ἀνθρώπῳ
842 2507 887 2526 κε-

99 2534 180 2569 ράσαι
203 2536 364 2566 ἀνέπεισαν,
392 2540 549 2567 Κὰντεῦοεν
564 2541 581 2576 ἦ
594 2550 624 2567 τε
638 2542 715 2574 πόλις
746 2542 819 2569 ἑάλω
838 2544 886 2570 καὶ

98 2581 210 2616 Σίρμιον
221 2582 295 2611 ἅπαν
314 2585 366 2611 ὑπὸ
383 2585 500 2618 Οΰννους
514 2587 592 2619 αὖθις
615 2588 734 2622 ἐγένετο.
748 2589 780 2615 Ol
793 2589 886 2623 μέντοι

99 2626 173 2654 ἔνδον
191 2629 321 2666 Ῥωμαῖοί
336 2640 366 2659 τε
381 2633 428 2659 καὶ
440 2633 548 2666 Οὖννοι,
565 2635 623 2661 ὅσοι
640 2635 689 2662 σὺν
703 2635 741 2671 τῷ
756 2636 885 2671 Στεφάνῳ

933 2270 960 2297 in
979 2270 1025 2303 jus
1046 2270 1120 2296 venit
1137 2267 1338 2303 Hungarorum.
1364 2268 1398 2294 At
1420 2267 1464 2301 qui
1489 2267 1515 2293 in
1542 2267 1653 2293 civitate
1678 2274 1729 2301 pro

934 2315 1071 2348 Stephano
1102 2316 1228 2345 stabant.
1254 2313 1370 2345 Romani
1400 2313 1510 2348 perintlc
1535 2320 1567 2340 ac
1592 2313 1725 2348 Hungari,
1760 2331 1766 2337 .

933 2361 1083 2389 incolumes
1099 2364 1127 2387 et
1146 2360 1223 2387 illaesi
1239 2367 1373 2393 mansere,
1388 2364 1482 2394 utpote
1499 2360 1545 2393 qui
1563 2359 1606 2386 his
1627 2359 1724 2386 condi-

939 2408 1060 2435 tionibus
1076 2407 1172 2435 urbem
1188 2406 1366 2434 tradiderant.
1381 2405 1510 2441 Stephani
1523 2413 1588 2433 vero
1599 2405 1726 2433 cadaveri

940 2454 1084 2482 illudentes
1110 2452 1231 2488 Hungari
1268 2452 1385 2486 primum
1415 2452 1524 2486 quidem
1555 2451 1617 2478 illud
1646 2451 1726 2479 nullis

939 2500 1024 2527 sacris
1048 2499 1184 2534 prosecuti
1211 2501 1274 2525 sunt
1291 2497 1450 2530 honoribus,
1473 2505 1560 2532 neque
1583 2497 1645 2524 aliis
1666 2505 1726 2532 qua:

938 2546 1053 2573 mortuis
1080 2545 1162 2581 240
1184 2544 1338 2577 debemur,
1362 2542 1475 2570 ciliciis:
1496 2543 1542 2570 sed
1573 2543 1726 2577 expositum

939 2591 1143 2626 projectutnque
1169 2594 1232 2617 ante
1253 2589 1327 2617 urbis
1347 2593 1439 2624 portas
1466 2589 1636 2615 inhumatunt
1660 2587 1726 2614 reli-

940 2641 1069 2671 querunt,
1083 2630 1171 2664 dotfec
1182 2636 1250 2671 ipsis
1264 2639 1368 2662 naturae
1379 2633 1519 2662 affectibus
1530 2632 1645 2669 permoti
1661 2632 1725 2659 illud

778 2695 824 2724 Du
842 2694 952 2734 Cangii
969 2698 1064 2726 notua.

136 2749 176 2788 (ξ)
194 2752 321 2787 Ζεύγμῃ.
340 2753 378 2788 Υ.
391 2753 477 2782 Nicet.
489 2755 507 2782 l.
520 2763 557 2788 tv,
573 2765 600 2782 n.
613 2756 639 2784 5.

120 2785 353 2831 ἒκὲρασξτῷ
368 2789 450 2831 Ξυρι.
479 2789 539 2831 Ιιῃιὶ¹
550 2785 661 2831 Ἑτεςο,
672 2792 718 2831 _qui
736 2792 835 2831 nostris
844 2792 886 2827 [eu

101 2821 230 2884 ia‘rgﬁltl‘e
240 2823 350 2885 gicitua
369 2821 587 2861 Ἐσκευασμένον
600 2821 659 2862 ηὗρ’
671 2821 759 2855 Lconi‘
769 2828 796 2855 in
807 2821 885 2855 Tact.

979 2758 1241 2793 (5)An.1nniptor._
1265 2756 1376 2793 Veneno
1407 2754 1540 2793 interiisse
1557 2753 1723 2793 Stephanum

942 2788 1076 2820 setiiorem
1097 2788 1192 2819 scribit
1207 2791 1289 2819 etiam
1310 2791 1430 2821 Nicetas,
1443 2788 1619 2816 TllWl‘UCllllS
1633 2789 1660 2815 in
1675 2795 1725 2821 op-

942 2828 1006 2860 pido
1018 2827 1126 2854 Zeutlen
1142 2827 1242 2854 obiisse
1255 2827 1336 2854 tradit.
1351 2826 1384 2853 A.
1399 2825 1475 2853 Dom.
1493 2824 1562 2852 H75
1579 2824 1617 2852 Id.
1635 2823 1722 2856 April.

945 2862 994 2890 ter.
1009 2862 1026 2890 5
1040 2867 1067 2890 et
1081 2862 1155 2889 Albae
1169 2862 1312 2897 sepultum.
