1961 3073
239 139 293 175 603

883 144 1045 175 JOANNIS
1064 143 1224 175 CINNAM]

1813 142 1871 176 6C4

235 199 343 227 tandem
362 199 389 227 in
408 199 541 235 Stephani
569 198 781 235 protomartyris
810 199 926 227 intulere
952 206 1024 228 tem-

1082 201 1230 232 ἐτάττοντο,
1245 201 1348 234 ἀσινεῖς
1361 202 1523 236 διεγένοντο,
1543 201 1592 229 ἅτε
1606 201 1739 237 ὁμολογίᾳ
1753 201 1872 238 τοιαύτῃ

233 246 318 280 plum,
330 245 421 280 ibique
435 246 517 272 hmno
535 245 708 273 mandavere.

1075 248 1124 282 τὴν
1138 248 1214 275 πόλιν
1225 248 1346 281 ἐνδόντες
1368 249 1471 282 αὐτοῖς.
1491 247 1587 277 Οὗννοι
1600 249 1629 276 δὲ
1643 249 1681 285 τῷ
1697 249 1743 275 τοῦ
1761 249 1871 284 Στεφά-

233 296 279 318 νου
296 291 484 328 ὲνυϐρίζοντες
507 291 598 327 νεκρῷ
619 291 651 319 τδ
686 291 737 327 μὲν
753 291 862 326 πρῶτον
887 290 950 318 οὔτε
980 291 1058 324 όσίας
1078 294 1235 327 μετέδωκαν
1266 294 1331 321 οὕτε
1355 295 1429 327 τινὸς
1464 295 1545 322 ἄλλου
1571 295 1626 322 τῶν
1660 296 1706 322 ἐπὶ
1730 294 1868 321 τεθνεῶτι

233 339 277 376 [Ρ.
294 339 356 376 159]
365 340 491 375 ’νομίμων
512 339 652 374 ὴξίωσανέ
669 341 722 375 πρὸ
739 339 769 366 δὲ
785 339 839 366 τῶν
858 339 910 374 τῆς
939 339 1045 372 πόλεως
1064 340 1174 367 ἐκθετον
1187 342 1368 378 ποιησάμενοι
1386 343 1489 375 πυλῶν,
1503 344 1606 378 ἄταφον
1615 343 1708 377 μένειν
1717 342 1870 370 ἐδικαίουν.

239 385 304 420 Ὀψὲ
318 385 340 412 δ’
351 385 397 412 οὖν
416 385 467 428 uno
489 385 538 420 τῆς
568 384 675 420 φύσεως
692 384 918 420 παρακληθέντες
932 385 961 416 ἐς
975 385 1020 411 τὸν
1040 386 1175 422 Στεφάνου
1194 387 1241 414 τοῦ
1255 388 1492 424 πρωτομάρτυρος
1523 389 1620 423 ἄγουσι
1653 389 1733 421 νεὼν,
1748 388 1814 416 ἔνθα
1829 388 1871 424 τῷ

233 428 346 467 χώματι
352 431 447 457 τοῦτον
462 430 577 457 ἔδωκαν.

269 479 313 506 Η,
343 478 489 512 Postquam
520 478 577 506 [nec
603 478 708 513 accepit
740 478 878 513 princeps,
905 478 1026 513 Augusta

235 526 297 552 licet
313 525 429 560 graviori
453 525 548 552 morbo
565 525 598 552 iis
619 525 716 552 diebus
738 525 950 557 conﬂictaretur,
969 525 1026 559 ipse

234 571 328 598 divino
342 571 472 606 quodam,
495 571 532 597 nti
552 570 665 601 solebat,
686 578 816 598 accensus
829 571 937 604 ardore,
953 575 1026 598 totus

235 617 262 644 in
279 617 377 644 bellum
393 617 528 646 incubuit.
546 617 688 644 Sardicam
707 624 770 652 ergo
783 624 846 644 cum
859 618 1027 652 pervenisset

235 661 387 696 Illyriorum
411 662 593 696 metropolim,
617 662 709 696 copias
737 661 772 688 ibi
789 662 938 689 contrahit.
962 661 1027 689 Inde

235 704 315 732 Junio
337 712 429 732 mense
450 710 548 732 exacto
564 705 645 732 motis
665 705 762 733 castris
782 705 814 732 ad
840 705 938 732 Istrmn
961 713 1026 732 con-

236 751 323 779 tendit
338 760 345 778 :
360 758 475 785 cumque
490 751 565 778 illum
590 752 753 787 trajecturus
773 756 857 784 esset,
876 751 901 778 id
919 752 1026 786 potissi-

236 804 310 824 mum
337 797 573 825 comminiscitur:
601 802 721 832 quoquot
747 803 826 825 erant
852 798 878 824 in
906 798 1027 825 exercitu

235 842 334 877 pmiori
358 848 495 870 armatura
519 847 566 871 aut
589 845 687 872 robore
710 843 865 877 conspicui,
880 851 896 870 e
918 845 1027 878 regione

236 888 344 916 Chrami
361 888 504 923 Hungaria:
519 889 610 924 oppidi
626 889 784 922 collocavit,
801 897 834 916 eo
852 888 904 916 loci
925 895 1029 916 extent-

236 934 281 968 plo
298 934 522 962 transmissurum
538 942 568 962 se
592 935 692 962 Istrum
719 935 852 962 simulans
873 943 879 961 :
897 943 957 961 cum
978 943 1028 961 au-

241 985 296 1007 tem
318 981 420 1008 videret
440 981 554 1007 adversa
573 981 755 1008 consistentes
768 981 824 1016 ripa
841 981 1028 1015 IIungarorum

237 1027 342 1061 copias,
358 1028 390 1053 ad
411 1027 558 1062 Belcgrada
577 1034 755 1062 progressus,
780 1028 823 1055 ubi
845 1027 945 1058 illuxit,
968 1034 1032 1054 con-

237 1072 327 1099 festini
342 1073 403 1100 inde
415 1073 543 1101 excessit.
559 1073 596 1100 Ita
613 1073 733 1101 hostium
750 1073 805 1101 illic
822 1074 894 1101 vires
908 1074 1022 1101 distrahi

238 1126 271 1146 ac
300 1118 391 1146 divelli
422 1119 546 1154 contigit,
576 1120 640 1147 dum
667 1120 776 1154 utrique
800 1121 933 1148 obsistere
959 1122 1029 1155 parti

238 1164 423 1192 t‘onnilunlut‘.
450 1164 542 1200 Neque
562 1169 653 1192 tamen
679 1166 770 1192 minor
790 1166 823 1192 ad
840 1166 1030 1200 trajiciendum

239 1209 422 1237 Romanorum
450 1211 554 1238 animos
571 1211 714 1246 occupavit
731 1219 824 1246 pavor.
849 1211 926 1244 Quod
950 1211 1032 1238 simul

242 1261 324 1290 atque
348 1257 464 1284 advertit
487 1259 646 1291 imperator,
664 1259 722 1293 ipse
750 1263 813 1285 ante
850 1259 927 1291 alios,
943 1258 1030 1293 qualia

239 1310 311 1338 επιξρο
334 1311 416 1330 ausus
438 1308 489 1336 est,
514 1305 643 1339 scapham
664 1305 811 1340 ingressus
835 1305 860 1331 in
887 1306 1030 1332 adversam

239 1349 325 1383 ripam
347 1344 476 1378 transiit:
503 1355 586 1384 atque
611 1350 673 1377 inde
701 1351 820 1385 reliquus
846 1350 1029 1378 Romanorum

222 1397 374 1422 'exercitus
401 1395 575 1429 imperatoris
605 1395 730 1422 ardorem
771 1395 908 1422 reveritus
948 1402 1031 1422 naves

240 1441 410 1468 conscendit.
435 1440 556 1475 Hungari
583 1448 645 1468 vero
668 1446 810 1476 postquam
839 1441 1029 1474 imperatorem

241 1486 426 1513 transmisisse
442 1487 579 1519 viderunt,
595 1486 680 1521 ruptis
698 1487 788 1514 statim
804 1487 944 1514 ordinibus
956 1490 1030 1513 retro

240 1538 356 1558 cessere.
373 1531 432 1564 Quo
449 1537 506 1558 tum
523 1537 643 1566 tempore
658 1532 767 1565 accidit,
783 1537 813 1559 ut.
830 1532 892 1558 dum
910 1531 1028 1565 impera-
1043 1545 1066 1575 ο

240 1581 283 1602 tor
297 1577 328 1602 ad
345 1581 444 1604 terram
463 1577 590 1605 hostilem
605 1577 743 1612 appellens
758 1577 864 1613 longius
884 1585 963 1611 quam
981 1585 1028 1610 par

240 1626 298 1649 erat
312 1622 449 1656 prosiliret
464 1622 599 1658 (obstabat
613 1624 711 1658 quippe
724 1623 814 1655 limus,
827 1623 1030 1659 antquomi-

240 1676 290 1695 nus
319 1669 428 1704 propius
446 1670 478 1695 ad
505 1669 580 1696 littus
606 1675 697 1704 posset
727 1670 803 1697 navis
823 1670 965 1705 applicari)
983 1678 1030 1704 pes

240 1712 310 1740 alter
327 1713 435 1748 gravius
450 1713 592 1740 olI'enderit
606 1735 612 1746 ,
630 1719 710 1749 atque
736 1714 800 1742 inde
822 1715 892 1742 male
909 1715 1029 1741 haberet.

241 1757 334 1794 Neque
352 1764 440 1786 tamen
454 1759 514 1786 ideo
528 1768 542 1786 a
556 1760 637 1793 priori
656 1761 760 1788 remisit
773 1760 889 1788 ardore:
907 1762 952 1787 sed
966 1760 1029 1786 dum

241 1804 363 1832 ﬂuminis
372 1813 481 1833 (‘lll‘Slllll
497 1806 631 1834 divertere
646 1813 772 1839 conatur,
787 1811 897 1840 totoque
910 1806 954 1833 die
969 1806 1031 1833 huic

241 1851 316 1884 operi
345 1851 468 1883 interest,
489 1856 643 1879 tumescere
668 1859 732 1887 pars
755 1851 818 1879 lmsa
837 1841 913 1885 pedis
938 1851 1029 1886 coepit.

241 1896 354 1924 Plurimi
382 1904 447 1924 vero
469 1905 500 1924 ex
524 1896 652 1924 Barbarie
673 1897 717 1932 qui
737 1897 872 1932 Zeugmeu
890 1898 1032 1924 tuebantur

241 1947 320 1970 extra
343 1943 442 1970 mcenia
469 1947 662 1977 procurrentes
683 1950 820 1978 opponere
849 1950 879 1970 se
902 1942 1033 1970 Romanis

242 1993 350 2022 parant.
368 1987 466 2014 Verum
492 1988 573 2015 simul
599 1984 679 2023 atque
706 1989 897 2023 imperatorem
925 1989 1031 2021 vident,

244 2031 306 2058 dum
332 2039 391 2058 sese
420 2032 535 2059 invicem
568 2037 731 2066 przevertere
764 2033 898 2066 nituntur,
928 2033 1031 2068 ingenti

243 2077 360 2105 tumultu
376 2083 403 2105 et
420 2078 598 2113 trepidatione
623 2079 649 2106 in
675 2079 769 2107 urbem
791 2080 908 2111 irruunt,
927 2087 977 2107 nec
999 2087 1031 2107 ea

246 2123 362 2157 amplius
383 2124 483 2151 audent
496 2124 599 2159 egredi.
614 2125 728 2152 Romani
745 2130 806 2160 post
819 2125 887 2157 brec,
908 2124 1032 2152 omnibus

245 2175 306 2202 qua:
323 2169 355 2196 ad
368 2169 597 2204 oppugnationem
614 2170 768 2198 necessaria
786 2175 864 2197 erant
881 2169 1030 2205 apparatis,

1117 479 1156 508 ιδ’.
1173 480 1282 508 Τούτων
1308 481 1429 514 ἀκούσας
1448 481 1589 516 βασιλεὺς,
1615 481 1704 508 καίτοι
1725 481 1777 516 τῆς
1790 481 1872 516 βασι-

1077 526 1148 557 λίδος
1178 526 1248 561 νόσῳ
1280 527 1378 563 βαρείᾳ.
1391 528 1422 554 τὺ
1448 527 1577 563 τηνικάδε
1596 526 1772 562 πιεζομένης,
1785 527 1870 559 αὐτὸς

1077 571 1207 606 δαιμονίᾳ
1223 571 1277 598 τινί
1292 572 1388 607 ὥσπερ
1403 571 1492 598 είώθει
1508 572 1688 607 κεκινημένος
1702 573 1774 607 ὁρμῇ
1798 572 1869 598 καθ-

1082 615 1176 642 ίστατο
1194 616 1262 651 πρὸς
1286 617 1332 643 τὸν
1355 617 1484 652 πόλεμον.
1512 617 1557 644 Ἐν
1571 617 1689 652 Σαρδικῇ
1718 617 1808 644 τοίνυν
1833 618 1868 652 τῇ

1086 660 1227 696 Ίλλυριῶν
1239 661 1386 697 γενόμενος
1411 663 1576 698 μητροπόλει
1590 662 1707 690 ἐνταῦθα
1722 663 1768 689 τὸν
1782 671 1869 698 στρα-

1079 705 1124 731 τὸν
1151 705 1288 742 ἥθροιζεν,
1317 707 1427 733 Ἰουνίου
1443 708 1471 734 δὲ
1486 707 1626 741 φθίνοντος
1658 707 1764 734 ἐκεῖθεν
1797 708 1869 742 ἄρας

1080 751 1126 776 ἐπὶ
1140 751 1184 777 τὸν
1202 752 1309 787 Ἵστρον
1335 750 1411 787 ἦλθε.
1439 753 1552 780 Μέλλων
1575 753 1603 780 δὲ
1619 753 1669 789 ἤδη
1688 753 1870 787 περαιοῦσθαι

1081 795 1151 822 κατὰ
1172 796 1235 823 τάδε
1262 797 1360 825 ἐποίει.
1406 798 1521 824 Ὀπόσον
1553 798 1582 824 ὲν
1612 798 1650 833 τῷ
1680 798 1869 833 στρατεύματι

1080 841 1185 869 ὁπλίσει
1200 851 1230 869 τε
1242 843 1370 878 διαφέρον
1398 844 1445 870 καὶ
1474 843 1666 879 μαχιμώτερον
1687 841 1731 880 ἦν,
1752 845 1868 878 ἀντινιρῦ

1081 889 1196 924 Χράμου
1210 889 1314 920 πόλεως
1329 889 1443 925 ἔστησεν
1453 890 1595 925 Οὺννικῆς,
1610 890 1726 924 δόκησιν
1738 892 1868 925 παρέχων

1081 933 1118 965 ὥς
1138 934 1235 960 αὐτίκα
1244 934 1350 961 ἐκεῖθεν
1366 934 1598 969 περαιωσάμενος.
1616 934 1697 961 Ὀοεν
1709 935 1756 962 καὶ
1772 935 1869 969 ἐπειδὴ

1081 977 1266 1013 ἀντίπορθμον
1280 978 1397 1005 ἐνταῦθα
1423 977 1454 1004 τὸ
1469 978 1599 1005 Οὑννικὸν
1621 978 1707 1010 ἑστὼς
1727 977 1870 1011 εἷδεν,ὲπὶ

1081 1023 1237 1059 Βελὲγραδα
1266 1025 1388 1060 μεταϐὰς
1412 1025 1512 1060 ὄρθρου
1531 1025 1638 1052 ἐκεῖθεν
1654 1025 1782 1052 ἀπέπλει.
1808 1025 1870 1052 Ἑν-

1080 1070 1177 1097 τεῦθέν
1192 1080 1221 1098 τε
1233 1071 1379 1108 διῃρῆσθαι
1394 1072 1534 1099 συνέϐαινε
1549 1072 1613 1104 τοὺς
1632 1072 1779 1106 πολεμίους
1802 1073 1870 1098 ἑκα-

1081 1114 1169 1148 τέροις
1198 1114 1395 1148 ἀντιτάξασθαι
1421 1115 1629 1149 διανοουμένους
1657 1115 1765 1151 μέρεσι.
1792 1115 1870 1150 Πλὴν

1081 1160 1149 1187 ἀλλὰ
1163 1161 1210 1186 καὶ
1223 1161 1386 1195 οίῬιιιμαῐοι
1401 1161 1513 1196 ὀκνήσει
1531 1162 1616 1198 πολλῇ
1634 1163 1663 1193 ὲς
1675 1162 1725 1197 τὴν
1741 1161 1869 1188 διάϐασιν

1080 1205 1195 1240 είχοντο,
1217 1206 1231 1232 ὃ
1249 1207 1330 1239 γνοὺς
1359 1207 1486 1241 βασιλεὺς
1507 1207 1588 1240 αὐτὸς
1612 1208 1666 1243 πρὸ
1688 1208 1743 1235 τῶν
1768 1207 1869 1241 ἄλλων,

1080 1252 1159 1278 ὁποῖα
1191 1252 1320 1283 πολλάκις
1348 1253 1398 1288 ἤδη
1428 1252 1568 1287 τολμήσας
1599 1253 1700 1289 ἔτυχε,
1728 1252 1868 1287 λεμϐαδίῳ

1081 1298 1180 1328 ἐπιϐὰς
1203 1297 1249 1323 ἐπὶ
1274 1298 1324 1332 τὴν
1354 1299 1504 1333 ἀντιπέρας
1519 1299 1632 1334 ἐφέρετο
1647 1299 1740 1334 ὄχθην,
1761 1298 1823 1333 ἑξῆς
1837 1299 1867 1324 δὲ

1080 1344 1127 1369 καὶ
1141 1344 1155 1369 ὁ
1180 1343 1326 1377 Ῥωμαίων
1340 1343 1454 1380 στρατὸς
1467 1344 1516 1379 τὴν
1534 1342 1665 1379 βασιλέως
1684 1344 1771 1379 ὁρμὴν
1788 1344 1861 1370 αἰδε-

1082 1388 1191 1419 σθέντες
1221 1389 1266 1414 ἐπὶ
1284 1389 1334 1420 τὰς
1364 1389 1430 1421 ναῦς
1463 1388 1595 1424 ἐχώρουν.
1619 1387 1756 1416 Οὖννοιδὲ
1771 1389 1868 1424 ἐπειδὴ

1081 1433 1196 1469 βασιλέα
1225 1435 1452 1470 περαιωσάμενον
1485 1433 1566 1468 εἶδον,
1579 1435 1656 1462 έλυόν
1670 1443 1700 1462 τε
1719 1436 1784 1470 παρ’
1797 1435 1868 1461 aia-ri

1080 1480 1126 1505 τὸν
1145 1480 1335 1514 cavam-neum
1355 1480 1403 1507 καὶ
1417 1481 1572 1516 ἀνεχώρουν
1597 1481 1695 1508 όπίσω.
1721 1481 1785 1508 Ὅτε
1809 1489 1869 1507 συν-

1081 1523 1129 1558 έϐη
1145 1523 1184 1559 τῷ
1202 1523 1308 1558 βασιλεῖ
1331 1524 1360 1550 ὲν
1375 1525 1408 1559 τῇ
1426 1524 1495 1560 προς
1515 1524 1565 1560 τὴν
1582 1525 1715 1559 πολεμίαν
1732 1524 1867 1551 ἀποϐάσει

1082 1568 1192 1603 πλέονῆ
1225 1569 1308 1604 ἐχρῆν
1333 1569 1457 1605 ἁλομένῳ
1487 1569 1558 1605 (οὐδὲ
1582 1570 1636 1604 γὰρ
1664 1569 1812 1605 συνεχώρει
1836 1569 1868 1596 τὸ

1079 1615 1230 1648 τεναγῶδες
1247 1617 1280 1650 τῇ
1295 1615 1387 1651 χέρσῳ
1414 1616 1546 1642 διοκεῖλαι
1574 1616 1626 1651 τὴν
1646 1615 1722 1649 ναῦν)
1752 1615 1868 1650 Θάτερον

1081 1659 1300 1693 παρασφήλαντα
1315 1660 1372 1686 τοῖν
1399 1659 1491 1686 ποδοῖν
1507 1660 1634 1695 πονήρως
1651 1658 1726 1694 αὐτῷ
1738 1658 1868 1694 διατεθῆ-

1081 1714 1134 1731 ναι.
1150 1705 1179 1731 ’0
1194 1705 1221 1731 δὲ
1236 1705 1294 1731 οὐδὲ
1309 1705 1347 1737 ὣς
1359 1706 1407 1740 τῆς
1420 1706 1491 1739 ἄγαν
1503 1705 1582 1741 ἤθελε
1591 1705 1685 1740 λήγειν
1701 1704 1867 1740 προθυμίας,

1081 1750 1150 1777 ἀλλά
1163 1759 1223 1777 τινα
1235 1750 1282 1777 τοῦ
1304 1751 1427 1786 ποταμοῦ
1439 1751 1493 1786 γὰρ
1506 1749 1552 1778 οὖν
1579 1752 1756 1785 ἐπειγόμενος
1772 1751 1869 1784 ἐκτρο-

1081 1795 1146 1829 πὴν,
1159 1796 1186 1821 ὲν
1202 1794 1289 1830 τούτῳ
1302 1803 1332 1821 τε
1357 1794 1598 1831 διημερεύσαςτῷ
1618 1795 1692 1830 πόνῳ
1712 1795 1752 1826 εἰς
1780 1794 1867 1828 όγκον

1081 1842 1167 1876 ἐπῆρε
1182 1843 1212 1868 τὸ
1241 1842 1394 1877 πεπονηκὸς
1415 1842 1490 1877 αὐτῷ
1508 1842 1555 1869 τοῦ
1580 1842 1660 1873 ποδὸς
1692 1841 1786 1876 μέρος.
1805 1841 1868 1868 Τῶν

1081 1887 1108 1914 δὲ
1123 1889 1171 1922 τὴν
1197 1887 1326 1923 Ζεύγμην
1359 1888 1549 1923 φρουρούντων
1565 1888 1716 1924 Βαρϐάρων
1728 1887 1765 1918 ὡς
1789 1887 1868 1914 πλεῖ-

1083 1943 1140 1961 στοι
1154 1935 1266 1969 τειχέων
1278 1935 1460 1970 ἐκδραμόντες
1472 1936 1509 1967 ὡς
1525 1933 1732 1970 ἀντιταξόμενοι
1747 1933 1868 1968 ἔστησαν

1088 1981 1158 2007 Ἀλλ’
1192 1981 1249 2016 ἅμα
1266 1989 1295 2007 τε
1308 1981 1420 2016 βασιλέα
1437 1979 1506 2008 εἶδον
1523 1982 1569 2008 καὶ
1581 1981 1659 2012 ἄλλος
1688 1980 1731 2007 ἄλ)
1738 1989 1767 2007 ον
1800 1988 1869 2014 προ-

1083 2027 1195 2061 φθάνειν
1218 2027 1391 2062 ἐπειγόμενοι
1417 2027 1555 2062 ταραγμῷ
1580 2027 1627 2054 καὶ
1644 2027 1753 2063 θορύϐῳ
1770 2027 1799 2058 ἐς
1818 2026 1867 2061 τὴν

1083 2073 1160 2099 πόλιν
1171 2073 1329 2099 εἰσέπιπτον
1350 2073 1488 2106 ἐπεξιέναι
1501 2081 1530 2100 τε
1547 2073 1639 2100 οὐκέτι
1664 2072 1795 2106 ἐτόλμων.
1810 2073 1868 2099 Καὶ

1082 2119 1174 2146 λοιπον
1193 2120 1371 2154 Ῥωμαῖοιτὰ
1393 2120 1461 2154 πρὸς
1492 2119 1670 2154 τειχομαχίαν
1693 2117 1867 2154 ἐξηρτύοντο.

1083 2166 1168 2201 Τρίτῃ
1186 2166 1213 2192 δὲ
1227 2167 1286 2200 μετ’
1303 2165 1412 2200 ἐκείνην
1425 2166 1516 2201 ἡμέρᾳ
1528 2166 1576 2192 καὶ
1592 2165 1673 2201 ἔργου
1690 2165 1806 2200 εἴχοντο.
1836 2165 1869 2191 οι

246 2214 327 2256 tertio
349 2220 409 2249 post
421 2214 465 2241 die
484 2222 539 2242 rem
555 2215 760 2250 aggrediuntur.
781 2214 894 2242 Barbari
916 2219 1004 2241 autem
1020 2222 1030 2241 ε

1085 2212 1112 2238 δὲ
1126 2211 1263 2246 Βάρϐαροι
1278 2211 1309 2238 ὲκ
1320 2211 1376 2238 τῶν
1398 2211 1540 2243 ἐπάλξεων
1569 2210 1736 2246 ἀμυνόμενοι
1751 2217 1869 2244 κεκρατ-

244 2258 363 2286 turribus
379 2263 591 2293 propugnantes,
613 2259 832 2294 clamoribusque
846 2263 873 2286 et
895 2259 1031 2285 vocilera-

244 2304 364 2332 tionibus
380 2305 524 2339 implentes
544 2313 634 2332 aerem
647 2327 654 2338 ,
673 2305 725 2332 tela
747 2305 878 2332 continuo
895 2305 1034 2340 jariebant

245 2351 359 2386 telisque
373 2351 493 2378 vicissim
519 2351 730 2386 impetebantur.
751 2353 837 2385 Atque
855 2351 880 2378 in
895 2359 927 2378 eo
945 2355 1034 2378 certa-

244 2397 327 2424 minis
341 2403 440 2431 genere
462 2397 518 2424 dies
538 2397 589 2425 iste
610 2403 637 2424 et
653 2404 769 2432 sequens
786 2403 962 2430 consumptus
980 2402 1032 2424 est.

247 2441 375 2470 Romanis
389 2443 500 2477 perinde
521 2451 553 2470 ac
577 2443 713 2476 IIungaris
730 2443 794 2469 nihil
818 2443 1033 2477 proﬁcientibus.

246 2488 314 2516 Tum
328 2492 355 2516 et
375 2489 426 2515 alia
450 2488 579 2516 demirari
600 2489 673 2516 subit
696 2489 721 2516 in
746 2497 776 2516 ea
793 2489 934 2516 obsidione
951 2489 1033 2522 facta,

246 2535 396 2569 praesertim
413 2542 478 2561 vero
494 2535 666 2569 imperatoris
689 2535 829 2562 audaciam
843 2543 850 2561 :
871 2542 964 2569 quam,
982 2535 1034 2562 nisi

248 2584 310 2607 tunc
336 2570 467 2614 temporis
491 2578 635 2606 adfuissem
656 2587 786 2614 pl'msens,
804 2584 831 2606 et
855 2587 948 2607 eorum
972 2587 1033 2614 qua:

247 2625 292 2652 hic
307 2629 382 2660 gesta
399 2630 463 2652 sunt
481 2625 558 2652 testis
574 2621 632 2660 ipse
648 2627 826 2658 exstitissem,
842 2626 902 2653 aliis
918 2634 1035 2653 narran-

249 2671 321 2698 tibus
335 2671 379 2697 vix
391 2678 424 2698 ac
436 2679 468 2698 ne
485 2671 529 2698 vix
540 2671 648 2704 quidem
667 2672 816 2699 crederem.
831 2671 946 2698 Romani
962 2673 1034 2699 enim

248 2716 337 2750 lignea
365 2722 502 2744 exstructa
530 2717 598 2744 turri
623 2718 815 2745 transcendere
843 2718 869 2744 in
887 2718 982 2744 urbem
1010 2723 1035 2745 et

250 2763 402 2791 comminus
417 2771 478 2790 cum
495 2763 620 2791 Barbaris
642 2764 739 2792 mmnia
758 2764 962 2792 defensantibus
980 2771 1036 2790 ma-

251 2815 302 2836 nus
326 2815 468 2835 conserere
491 2813 654 2836 Statuerunt.
670 2809 728 2843 Ipse
751 2815 840 2837 autem
859 2810 960 2843 primus
974 2816 1034 2836 om-

254 2852 329 2880 uium
344 2855 527 2881 conscendere
543 2854 629 2882 voluit
643 2863 649 2881 :
666 2865 674 2881 ι
692 2855 764 2883 Istud
777 2863 832 2890 prae
856 2855 973 2888 caeteris,
987 2854 1032 2881 iu-

1085 2258 1143 2293 μῶν
1177 2266 1257 2284 τινων
1273 2257 1321 2284 καὶ
1354 2257 1469 2293 ἀσήμων
1486 2257 1630 2292 ἀλαλαγῶν
1647 2257 1692 2283 τὸν
1705 2256 1774 2292 ἀέρα
1786 2256 1870 2292 ἐπλή-

1085 2313 1147 2340 ρουν
1166 2303 1279 2330 ἔϐαλλόν
1291 2311 1321 2330 τε
1336 2303 1461 2339 διηνεκὲς
1487 2304 1535 2330 καὶ
1557 2303 1710 2330 ἐϐάλλοντο.
1732 2303 1804 2330 Ἀλλ’
1822 2303 1870 2329 ἐπὶ

1082 2350 1213 2381 τοιούτοις
1231 2351 1279 2385 μὲν
1294 2351 1310 2385 ἡ
1323 2350 1422 2377 αὐτίκα
1435 2350 1483 2377 καλ⁸
1494 2351 1511 2385 ἡ
1527 2350 1585 2386 μετ’
1612 2350 1720 2385 ἐκείνην
1734 2350 1868 2384 ἠνά).ωτο,

1085 2397 1132 2424 καὶ
1158 2396 1233 2424 οὐδὲν
1269 2396 1330 2423 οὔτε
1362 2397 1511 2431 Ῥωμαίοις
1537 2396 1598 2424 οὔτε
1613 2395 1734 2433 [P.HO]
1756 2395 1870 2426 Οὕννοις

1085 2440 1252 2476 προύχώρει.
1284 2439 1355 2474 Ἐγὼ
1369 2440 1398 2467 δὲ
1411 2440 1459 2467 καὶ
1483 2440 1551 2467 ἄλλα
1567 2440 1617 2475 μὲν
1634 2440 1687 2467 τῶν
1699 2440 1738 2470 είς
1759 2439 1870 2474 ἐκείνην

1083 2485 1286 2521 τετελεσμένων
1303 2485 1452 2520 θαυμάζειν
1464 2485 1518 2521 ἔχω
1550 2486 1599 2521 τὴν
1623 2485 1793 2521 πολιορκίαν,
1819 2486 1870 2520 τήν

1084 2541 1115 2566 γε
1136 2532 1188 2567 μὴν
1201 2531 1248 2558 τοῦ
1263 2532 1394 2566 βασιλέως
1404 2532 1517 2567 τόλμαν,
1538 2531 1609 2568 εἰμὴ
1628 2531 1724 2567 παρὼν
1750 2530 1869 2565 ἐτύγχα-

1085 2586 1130 2604 νον
1147 2577 1208 2612 τῇδε
1216 2577 1271 2604 τῶν
1278 2577 1473 2612 πραττομένων
1482 2576 1620 2611 αὐτόπτης
1626 2577 1777 2611 γινόμενος,
1788 2575 1869 2610 σχολῇ
1901 2607 1905 2611 _

1084 2623 1117 2649 ἂν
1130 2623 1333 2658 ἀφηγουμένους
1358 2623 1517 2649 ἐπίστευσα.
1550 2622 1680 2657 Ῥωμαῖοι
1697 2622 1750 2656 γὰρ
1764 2621 1869 2653 ξύλινον

1085 2670 1282 2704 τεκτηνάμενοι
1297 2669 1402 2704 πύργον
1414 2669 1571 2695 ἀναϐαίνειν
1585 2670 1632 2695 ἐπὶ
1645 2668 1694 2703 τὴν
1717 2667 1796 2694 πόλιν
1813 2666 1869 2694 διε-

1084 2714 1204 2746 νοοῦντο,
1233 2714 1271 2746 ὡς
1297 2714 1351 2741 ἀπὸ
1378 2714 1468 2749 χειρὸς
1491 2715 1549 2746 τοῖς
1570 2714 1616 2740 ἐπὶ
1642 2713 1697 2740 τῶν
1725 2713 1868 2747 ἐπάλξεων

1084 2760 1379 2796 ἀντικαταστησόμενοι
1411 2759 1574 2796 Βαρϐάροις.
1595 2760 1664 2787 Ὀδέι
1693 2760 1803 2795 πρῶτος
1814 2760 1869 2787 τῶν

1085 2806 1173 2834 ἄλλων
1200 2805 1357 2833 ἀναϐαίνειν
1383 2806 1461 2841 ἠξίου
1490 2806 1618 2840 (Ταύτην
1641 2806 1670 2832 δέ
1693 2814 1749 2840 μοι,
1769 2805 1869 2840 λέγων,

1086 2853 1182 2888 ἄνδρες
1207 2853 1349 2888 Ῥωμαῖοι,
1379 2852 1463 2888 μείζω
1474 2852 1527 2880 τῶν
1551 2852 1639 2880 ἄλλων
1662 2851 1803 2888 χαριεῖσθε
1820 2852 1869 2887 τὴν
