1961 3073
218 112 270 145 60⁵1

867 116 1028 148 JOANNlS
1047 116 1211 148 CINNAMI

1788 114 1851 147 608

216 173 376 202 damnavit:
394 183 404 200 ‹
417 173 501 203 Nobis
530 175 602 203 enim
620 175 718 209 aiebat,
734 175 902 204 obsidionem
920 175 1002 202 omit-

1064 173 1122 209 rtlp,
1147 174 1235 208 ἔλεγε,
1260 175 1311 210 τῆς
1332 174 1493 210 πολιορκίας
1531 173 1727 209 ἀποσχομένων
1762 173 1852 209 ἡμῶν

217 220 349 252 tentibus,
367 220 501 256 integrum
517 221 570 249 erit
581 221 726 256 flungaris,
739 221 787 257 qui
803 222 928 256 praesidio
944 222 1003 249 urbi

218 270 293 298 sttnt,
308 266 428 301 majores
449 267 540 302 copias
556 268 654 301 cogere
668 270 696 295 et
715 267 878 295 commeatui
902 267 1005 303 largius

218 312 371 346 providere.
386 311 499 340 Censuit
519 313 602 348 igitur
617 314 675 348 ipse
690 318 718 340 ut
739 313 854 340 imbellis
870 313 1006 341 exercitus

219 365 282 392 pars
298 358 413 393 lixteque
429 349 466 386 lac
485 359 595 387 calones
620 364 809 393 armarentur,
824 364 851 387 et
875 360 909 388 ibi
931 360 1004 387 circa

219 403 314 431 urbem
329 405 380 431 sub
395 404 499 439 aliquot
517 405 633 433 ducibus
651 405 721 433 haud
745 405 887 433 admodum
910 405 1006 433 nobili-

219 448 443 483 bufmanerent;
458 450 578 484 reliquus
602 455 690 478 autent
713 451 849 479 exercitus
871 457 963 478 secum
979 452 1005 478 itt

219 494 340 528 reliquos
355 494 495 530 Huugaros
510 502 676 530 pugnaturus
693 497 789 524 exiret.
807 497 870 524 Haec
884 497 930 524 ulti
946 505 1007 525 sen-

198 538 303 566 lentia
323 540 411 571 stetit,
427 539 460 566 ad
476 539 528 567 iter
543 547 572 567 se
595 540 620 567 in
635 541 786 574 proximum
808 541 878 569 diem
902 550 1006 577 praepa-

220 589 292 612 rant.
310 585 376 612 Cum
398 593 462 613 vero
478 586 545 627 nillil
567 587 632 612 certi
659 586 724 621 ipsis
747 592 819 614 esset
842 587 1005 618 nuntiatum,

221 631 336 665 sumptis
352 631 438 665 prima
458 631 517 658 luce
535 631 618 659 armis
635 632 743 659 tertium
760 633 786 659 in
801 634 895 660 urbem
922 634 1006 668 impe-

221 681 276 703 tum
303 675 417 703 faciunt.
435 676 524 712 Pugna
544 677 633 712 itaque
658 685 765 705 rursum
789 679 955 711 conseritur,
975 687 1008 706 ac

219 715 339 756 Hunigari
355 722 475 757 quidem,
492 724 536 758 qui
555 724 652 751 mcenia
670 724 855 758 defensabant,
874 725 1007 760 lapidibus

221 768 379 803 sagittisque
410 769 545 803 rebusque
585 769 646 796 aliis
686 769 892 805 quibuscunque
923 770 1008 798 obviis

220 814 367 842 subeuntes
386 816 516 843 arcebant
535 815 682 843 Romanos.
706 815 737 842 Hi
753 824 816 843 vero
835 817 912 852 longe
927 825 1006 851 quant

222 865 299 886 antea
315 860 501 888 vehementius
515 861 689 890 fundamenta
704 862 893 896 suffodiebant,
907 864 1009 891 machi-

223 906 320 940 nisque
355 907 483 940 pelrariis
513 907 630 935 admotis
662 916 801 935 murorttm
829 909 928 937 loricas
957 910 1009 937 dil-

223 950 388 986 fringebant.
404 952 511 979 Crebrze
532 955 669 987 utrimque
695 954 899 983 adhortationes
920 960 946 982 et
969 956 1010 983 in-

223 997 381 1029 citamenta,
407 1005 544 1032 vocesque
570 1004 597 1026 et
622 999 747 1028 ululatus.
769 1000 948 1036 dissonusque
975 1009 1008 1029 ac

222 1044 342 1071 incertus
359 1044 462 1072 clamor
482 1045 708 1073 exaudiebantur.
725 1045 811 1073 Simul
828 1052 908 1082 atque
930 1048 1011 1083 igitur

223 1091 369 1126 Hungaria
386 1092 517 1120 Romanis
542 1093 715 1121 fundamenta
742 1095 869 1123 viderunt
891 1104 1011 1124 commo-

221 1136 290 1169 veri,
306 1136 332 1164 id
349 1138 439 1165 statim
456 1138 612 1165 moliuntur.
632 1139 733 1166 Saxum
749 1145 809 1166 erat
825 1141 894 1168 intra
910 1143 1008 1169 tnmuia

223 1181 342 1215 ingentis
350 1182 565 1216 magnitudinis:
584 1183 609 1210 id
623 1184 745 1211 trabibus
759 1186 908 1220 suppositis
919 1187 1012 1221 alliga-

224 1228 313 1261 tisque
329 1227 437 1255 funibus
456 1229 481 1256 itt
500 1229 618 1264 ligneum
634 1230 752 1258 educttnt
772 1234 1011 1267 propugnaculum,

224 1275 296 1309 quod
307 1274 355 1309 ipsi
367 1274 578 1308 fabricaveram,
593 1277 757 1312 murisgipsis
772 1278 850 1313 longe
866 1279 1011 1311 excelsius,

225 1325 255 1347 ut
282 1320 343 1347 inde
367 1320 394 1347 itt
423 1322 560 1349 Romanos
595 1323 659 1350 illud
687 1323 871 1352 devolverent.
902 1325 1013 1353 Sublato

224 1365 306 1400 igitur
325 1365 350 1392 itt
368 1367 462 1393 turritn
479 1367 568 1401 lapide
580 1387 587 1399 ,
608 1376 669 1395 cum
691 1373 793 1395 tantum
813 1370 915 1403 pondus
928 1372 1012 1398 susti-

225 1419 289 1438 nere
311 1412 355 1438 illa
380 1420 432 1439 tton
458 1418 548 1446 posset
571 1413 640 1448 (erat
660 1414 733 1441 enim
761 1416 899 1443 immensa:
924 1417 1013 1450 molis)

224 1463 335 1492 repente
359 1465 419 1485 cum
440 1459 504 1493 ipsis
520 1458 666 1494 "nugaris,
690 1468 805 1495 quorum
829 1461 910 1497 245
935 1471 1014 1490 nemo

1055 217 1173 252 δύναμίν
1193 227 1223 245 τε
1236 218 1336 254 πολλὴν
1350 218 1405 253 τῆξ
1416 219 1464 245 νῦν
1480 217 1564 253 μείζω
1582 217 1629 244 καὶ
1648 217 1682 244 τὰ
1700 217 1854 252 ἐπιτήδεια.

1055 264 1178 300 διαρκῶς
1189 263 1390 299 ὲσκομίσασθαῒ.
1408 264 1537 295 Οὕννους,
1564 263 1589 289 οἳ
1614 263 1687 298 ἀμφὶ
1708 264 1742 298 τῇ
1766 263 1854 290 πόλει

1058 309 1368 346 φρουρὰν,ποιοῢνται.
1398 319 1407 336 ι
1446 309 1550 336 Ἐδόκει
1581 309 1609 336 δὲ
1640 309 1714 344 αὐτῷ
1739 309 1770 336 τδ
1796 310 1854 344 μὲν

1056 354 1233 389 ἀχρειότερον
1244 353 1292 380 τοῦ
1310 352 1427 390 στρατοῦ
1441 360 1488 380 και
1501 354 1564 380 ὅσον
1576 352 1712 379 οἰκετικὸν
1727 351 1761 388 ἢν
1772 353 1852 379 ὅπλα

1057 399 1235 435 περιθέμενον
1248 399 1331 427 αὑτοῦ
1346 400 1414 436 πρὸς
1426 400 1459 435 τῇ
1475 398 1553 425 πόλει
1567 399 1658 433 μεῖναι
1674 399 1727 425 ὑπὸ
1739 407 1848 434 "px-:-
1861 427 1871 436 .

1056 447 1133 480 ηγοϊς
1148 455 1203 473 τισι
1222 446 1277 473 τῶν
1300 446 1331 473 οὐ
1345 446 1406 474 λίαν
1422 447 1578 480 ἐπισήμων,
1594 445 1625 472 τὸ
1643 445 1666 472 δ’
1685 445 1751 472 ἄλλο
1770 447 1854 472 ἆπαν

1057 491 1116 527 ἅμα
1133 492 1208 525 αὺτῷ
1220 492 1267 519 ἐπὶ
1285 492 1404 524 Οὕννους
1420 492 1485 523 τοὺς
1509 490 1608 523 ἄλλους
1631 490 1699 517 ίέναι
1722 491 1854 526 μαχησό-

1059 547 1151 573 μενον.
1172 539 1217 570 Ὠς
1228 537 1276 566 οὖν
1291 538 1512 575 ὲκράτειταῠτα,
1535 537 1778 573 παρεσκευάζοντο
1798 537 1854 572 μὲν

1057 586 1108 620 τῆς
1124 585 1256 621 ἐπιούσης
1272 585 1379 612 ἐκεῖθεν
1401 583 1620 618 ἀναστησόμενοι
1631 604 1638 614 ,
1655 584 1715 610 ἐπεὶ
1724 583 1752 609 δὲ
1769 583 1855 610 οὐδὲν

1057 631 1164 658 οὐδέπω
1194 632 1281 666 σαφὲς
1309 631 1404 662 αὐτοῖς
1434 630 1598 665 ἀπηγγέλη,
1632 629 1855 664 ἐξοπλισάμενοι

1059 677 1147 704 ἕωθεν
1176 677 1225 704 καὶ
1247 672 1345 713 τρίτην
1361 678 1412 712 ἤδη
1431 679 1530 712 πεῖραν
1548 676 1690 711 προσῆγον
1704 678 1737 711 τῇ
1757 676 1853 703 πόλει.

1057 724 1138 759 Μὰχη
1156 723 1246 750 τοίνυν
1260 721 1338 755 αὖθις
1354 724 1512 750 συνίσταται
1534 731 1542 739 ο
1561 723 1609 749 καὶ
1628 721 1724 750 υῦννοι
1748 723 1798 757 μὲν
1825 723 1854 749 οι

1059 772 1105 797 ἐπὶ
1121 771 1174 797 τῖῦν
1191 771 1332 803 ἐπάλξεων
1347 770 1432 802 λίθοις
1449 771 1497 797 καὶ
1521 771 1610 805 βέλεσι
1631 771 1677 797 καὶ
1699 770 1783 797 παντὶ
1810 770 1855 805 τῷ

1060 816 1248 850 παρατυχόντι
1263 817 1310 841 τὸν
1330 813 1478 850 Ῥωμαίων
1493 815 1630 850 ὴμύνοντο
1642 815 1767 849 στρατὸν,
1783 815 1808 841 οἱ
1822 815 1855 841 δὲ

1061 859 1191 895 μᾶλλονῆ
1210 860 1342 895 πρότερον
1359 859 1523 894 ὑπώρυσσόν
1543 868 1573 885 τε
1595 859 1628 886 τὰ
1643 860 1768 895 κρηπιδώ
1776 867 1855 894 ματα

1062 906 1111 932 καὶ
1127 905 1185 936 τοῖς
1202 904 1380 940 πετροῦόλοις
1398 904 1448 936 τὰς
1471 904 1526 931 τῶν
1543 897 1626 931 λίθων
1652 904 1855 939 διεσπάραττον

1060 951 1189 986 ἐμϐολὰς,
1206 951 1430 986 παρακελευσμοί
1454 960 1481 978 τι
1501 951 1595 986 συχνοὶ
1611 950 1658 977 καὶ
1673 951 1855 984 παραινέσεις

1061 998 1200 1033 ἑκατέρων
1231 997 1373 1032 ἠκούοντο,
1402 998 1451 1024 καὶ
1473 996 1522 1032 βοὴ
1543 997 1591 1023 καὶ
1615 996 1773 1031 ἀλαλαγμὸς
1806 994 1854 1031 ἦν,

1061 1043 1108 1069 καὶ
1121 1042 1204 1077 θροῦς
1218 1042 1348 1077 ἠγείρετο
1362 1043 1480 1077 ἄσημος.
1495 1040 1592 1069 Οὗννοι
1607 1041 1698 1068 τοίνυν
1722 1042 1787 1073 τοὺς
1805 1042 1856 1068 ἐπὶ

1062 1089 1116 1116 τῶν
1137 1088 1272 1123 θεμελίων
1291 1087 1528 1123 ὑπομοχλεύοντας
1543 1087 1676 1121 θεώμενοι
1704 1087 1855 1122 Ῥωμαίων

1062 1134 1153 1162 τοιάδε
1173 1134 1293 1161 ἐποίουν.
1310 1135 1393 1166 Λίθος
1409 1134 1480 1170 μέγα
1495 1143 1525 1161 τε
1536 1134 1632 1170 χρῆμα
1647 1133 1722 1166 ἐντὸς
1737 1134 1856 1168 τειχέων

1063 1182 1188 1216 κείμενος
1202 1178 1236 1215 ἦν
1249 1189 1257 1197 ·
1270 1180 1365 1207 τοῦτον
1381 1180 1434 1207 ὑπὸ
1450 1179 1607 1215 ξυλώμασιν
1620 1180 1759 1215 ἐνθέμενοι
1777 1180 1854 1215 σχοίο

1068 1235 1130 1258 νους
1146 1235 1175 1253 τε
1192 1227 1346 1262 ἀνάψαντες
1365 1227 1442 1260 σφῶν
1465 1226 1512 1253 ἐπὶ
1534 1226 1565 1253 τὸ
1594 1225 1700 1258 ξύλινον
1725 1226 1853 1253 ἀνεῖλκον

1064 1271 1152 1306 προπὺ
1157 1280 1231 1307 ργιον
1241 1272 1308 1306 ὅπερ
1322 1272 1414 1303 αὐτοῖς
1428 1270 1629 1297 κατεσκεύαστο
1641 1270 1756 1305 τειχέων
1768 1271 1857 1307 ὑπερ·
1866 1300 1877 1306 κ

1065 1317 1221 1351 ιστάμενον,
1258 1316 1295 1348 ὡς
1315 1316 1423 1343 ἐκεῖθεν
1436 1316 1483 1342 ἐπὶ
1511 1315 1670 1350 Ῥωμαίους
1686 1316 1854 1351 ἀφήσουσιν.

1070 1362 1141 1389 Ἀλλ’
1167 1363 1259 1397 ἀρτιὸ
1286 1361 1361 1393 λίθος
1384 1361 1483 1396 ὡμίλει
1508 1360 1548 1396 τῷ
1567 1361 1686 1396 πυρτίῳ·
1700 1361 1731 1388 τὸ
1755 1361 1784 1387 δὲ
1803 1361 1856 1388 οὒκ

1065 1407 1180 1443 ἐθεγκὸν
1194 1409 1244 1444 τὴν
1261 1408 1346 1444 ὁλκὴν
1361 1409 1461 1443 (μέγας
1482 1408 1552 1445 γὰρ·
1560 1408 1714 1444 ὑπερφυῶι
1727 1405 1771 1443 ἦν)
1790 1407 1855 1439 ἐξα-

1066 1455 1183 1487 πιναίως
1209 1456 1295 1491 ῥαγὲν
1319 1455 1361 1486 εἰς
1383 1455 1435 1490 γῆν
1460 1455 1562 1489 ἠνέχθη
1590 1455 1639 1482 σὺν
1663 1454 1717 1481 τῶν
1744 1453 1855 1481 Οὗννων

224 1504 370 1531 discrimen
395 1506 492 1538 evasit,
515 1506 623 1539 delapsa
639 1506 664 1532 in
689 1511 790 1533 terram
815 1509 928 1537 corruit.
949 1508 1011 1535 Inde

1066 1502 1186 1534 πολλοῖς,
1220 1503 1269 1529 καὶ
1301 1501 1392 1528 αὐτῶν
1422 1501 1513 1533 οὐδεὶς
1536 1501 1582 1527 τὸν
1611 1501 1735 1532 κίνῷνον
1757 1500 1854 1535 ἔφυγε,

224 1549 323 1575 iterum
349 1550 449 1576 clamor
466 1551 530 1577 oriri
554 1553 645 1585 coepit,
665 1556 692 1578 ct
713 1559 800 1587 pugna
825 1553 909 1580 ntulto
924 1555 1013 1581 acrior

225 1595 305 1622 facta.
324 1594 392 1622 Tum
408 1596 489 1623 etiam
508 1597 698 1630 imperatorem
720 1598 808 1633 aiunt,
822 1607 883 1626 cum
912 1599 1013 1626 Roma-

226 1649 289 1668 num
308 1642 451 1676 quemdam
466 1647 541 1670 certo
557 1644 610 1670 ictu
627 1644 661 1670 ab
676 1644 797 1671 hostibus
810 1647 1013 1682 percutiendum

226 1691 254 1715 et
269 1687 338 1714 haud
355 1688 434 1715 dubie
445 1689 592 1723 periturunt
616 1690 728 1718 vidisset
741 1692 892 1719 accurrisse
909 1697 935 1719 et
949 1700 1013 1728 pro-

226 1737 304 1760 tenso
318 1733 412 1768 clypeo
428 1742 441 1761 ε
459 1735 571 1762 vibratis
584 1735 644 1763 telis
658 1735 795 1763 hominem
810 1745 945 1766 servasse.

261 1778 305 1805 16.
323 1779 440 1814 Huttgari
461 1788 523 1807 vero
541 1785 570 1807 ut
587 1782 721 1816 angustiis
745 1790 774 1809 se
793 1783 912 1817 undique
927 1784 1013 1818 premi

226 1825 411 1857 adverterunt,
433 1826 524 1854 missis
541 1826 636 1860 legalis
651 1826 802 1861 principem
828 1835 968 1861 rogavero,
986 1832 1013 1855 ut

226 1871 355 1898 dedentes
377 1871 515 1898 civitatem
539 1871 605 1898 salvi
627 1876 654 1898 et
670 1872 819 1900 incolumes
842 1879 953 1908 possent
966 1882 1015 1901 ex-

226 1916 334 1944 cedere.
350 1918 385 1942 At
407 1917 450 1942 ille
467 1925 519 1943 non
537 1925 566 1944 se
585 1918 659 1951 prius
679 1918 704 1944 id
721 1918 850 1944 facturum
867 1921 1014 1953 respondit,

226 1968 306 1995 quam
323 1961 471 1994 Gregorius
483 1963 563 1996 etqui
579 1970 638 1989 cum
656 1963 688 1989 iis
703 1968 779 1990 erant
791 1965 887 1998 zupani
905 1966 1016 1994 astricto

226 2006 336 2034 funibus
353 2006 432 2040 collo,
450 2008 563 2041 pedibus
574 2009 761 2044 capitibusque
774 2010 853 2038 nudis
867 2012 1015 2040 venissent.

227 2050 330 2084 Quibus
347 2060 407 2079 ctnn
431 2053 483 2080 hoc
501 2061 632 2088 responso
654 2055 784 2089 remissis,
805 2057 917 2084 Romani
939 2059 1016 2094 longe

227 2097 318 2124 acrius
336 2097 428 2125 urbem
452 2099 539 2126 adorti
561 2107 620 2127 eam
635 2109 684 2135 per
700 2102 752 2129 vim
776 2110 942 2138 expugnant.
958 2105 1015 2138 Qua

229 2149 317 2178 capta,
335 2143 481 2179 Gregorius
496 2151 522 2173 et
534 2148 624 2174 caeteri
648 2147 837 2184 Hungarorum
856 2151 939 2179 duces
954 2160 1014 2180 cum

1064 1546 1150 1582 Θροῦς
1166 1547 1256 1573 τοίνυν
1270 1547 1318 1573 καὶ
1329 1546 1410 1572 πάλιν
1425 1545 1467 1581 [Ρ.
1482 1545 1546 1582 142]
1563 1546 1668 1581 ἠγέρθη
1685 1546 1731 1571 καὶ
1747 1546 1762 1580 ἡ
1779 1545 1854 1580 μάχη

1065 1593 1106 1619 ἔτι
1125 1593 1225 1628 μᾶλλον
1252 1593 1390 1627 ἐμαίνετο.
1409 1593 1475 1619 Ὅτε
1500 1592 1619 1626 λέγεται,
1645 1591 1681 1623 ὡς
1711 1591 1857 1625 Ῥωμαίων

1065 1640 1127 1666 τινὰ
1141 1639 1335 1674 εὐστοχώτατοι
1364 1638 1596 1673 ὲπιτοξαζόμενον
1619 1638 1745 1673 βασιλεὺς
1769 1646 1856 1664 κατα-

1066 1686 1167 1720 νοήσας
1181 1686 1319 1721 ἐπέδραμέ
1333 1694 1362 1712 τε
1379 1686 1427 1714 καὶ
1439 1686 1489 1720 τὴν
1502 1685 1606 1713 ἀσπίδι
1619 1678 1765 1720 προτὲἱνας
1781 1684 1856 1711 ἀπα-

1067 1732 1102 1767 θῆ
1120 1732 1206 1768 βελῶν
1224 1733 1367 1767 συνετήρει
1382 1731 1429 1758 τὸν
1453 1731 1607 1767 ἄνθρωπον.

1105 1778 1153 1811 ις’.
1171 1777 1267 1805 Οὒννοι
1285 1778 1323 1809 δὲ,
1341 1777 1494 1812 ἐπειδήπερ
1507 1778 1535 1803 ὲν
1553 1776 1638 1811 στενῷ
1657 1776 1756 1810 κομιδῆ
1770 1785 1855 1812 περι-

1068 1824 1164 1859 στῆναι
1190 1823 1266 1858 σφίσι
1291 1824 1324 1849 τὰ
1349 1824 1501 1859 πράγματα
1527 1822 1662 1856 ἔγνωσαν,
1695 1822 1855 1857 πέμψαντες

1070 1871 1189 1906 ἔχρῃζον
1218 1870 1363 1905 βασιλέως,
1390 1869 1427 1901 ὡς
1453 1869 1576 1901 ἐνδόντες
1597 1868 1647 1904 τὴν
1672 1869 1751 1895 πόλιν
1780 1869 1854 1903 αὐτῷ

1066 1917 1149 1952 ἀθῷοι
1182 1915 1310 1943 ἐντεῦθεν
1325 1915 1418 1943 λοιπὸν
1433 1911 1682 1948 ἁπαλλάξωσινυὈ
1695 1915 1722 1941 δὲ
1739 1915 1780 1945 οὐ.
1790 1916 1854 1951 πρό-

1067 1970 1146 1998 τερον
1172 1961 1224 1996 ἔφη
1251 1962 1331 1988 τοῦτο
1358 1963 1482 1996 ποιήσειν
1508 1962 1572 1996 πρὶν
1595 1961 1627 1987 ἂν
1656 1960 1775 1988 καλώδια
1800 1961 1854 1987 τῶν

1066 2007 1362 2043 τραχήλωνΓρηγόριός
1371 2016 1400 2033 τε
1416 2008 1462 2033 καὶ
1475 2006 1529 2033 τῶν
1541 2008 1570 2033 ὲν
1587 2007 1661 2042 σφίσι
1672 2007 1815 2040 ζουπαπιῶν
1830 2008 1853 2034 οἱ

1068 2053 1142 2080 ἄλλοι
1160 2052 1331 2088 ἀναψάμενοι
1348 2053 1518 2088 γυμνωθεῖσι
1552 2049 1617 2079 ποσὶ
1637 2054 1684 2080 καὶ
1705 2053 1853 2087 ἀκαλυιρέσι

1067 2101 1127 2131 ταῖς
1153 2099 1288 2134 κεφαλαῖς
1312 2100 1373 2131 ταῖς
1393 2098 1484 2126 αὐτῶν
1508 2098 1622 2139 ἔλθοιεν.
1648 2099 1677 2125 '0
1692 2099 1742 2139 μὲν
1757 2099 1789 2134 δὴ
1809 2101 1854 2126 ἐπὶ

1066 2145 1198 2177 τοιούτοις
1211 2146 1277 2173 αὐτο
1285 2146 1317 2177 ὺς
1332 2145 1527 2180 ἀπεπέμψατο·
1543 2134 1686 2180 ’Ῥωμαῖοι
1700 2145 1728 2172 δὲ
1743 2146 1853 2181 σφοδρό-

229 2188 388 2224 ignominia,
405 2191 438 2218 ad
456 2198 517 2219 eum
539 2199 617 2226 quem
635 2193 754 2222 diximus
774 2197 882 2223 modum
902 2198 1011 2225 misera-

1068 2200 1147 2227 τερον
1163 2192 1358 2227 ἐπιϐρίσαντες
1370 2191 1419 2227 τὴν
1433 2191 1512 2218 πόλιν
1526 2188 1608 2224 εἷλον,
1627 2188 1660 2227 ἦς
1679 2191 1730 2226 ἠδη
1745 2192 1853 2218 ἁλισκο-

229 2235 276 2262 bili
292 2236 384 2264 habitu
399 2244 448 2264 nec
460 2238 518 2264 sine
535 2238 636 2273 ejulatu
652 2241 684 2267 ad
697 2241 846 2276 principem
864 2251 1016 2272 accessere.

232 2281 331 2308 Verum
366 2281 410 2309 ille
436 2282 592 2317 aliquandiu
624 2292 658 2311 ne
692 2291 802 2320 aspectu
832 2288 940 2321 quidem
971 2297 1017 2317 eos

230 2326 354 2362 dignatus
368 2332 430 2355 est:
449 2329 495 2356 sed
517 2331 623 2357 tandem
647 2329 709 2358 Bela
729 2332 926 2366 intercedente,
943 2342 1016 2361 mor-

231 2376 284 2399 tem
309 2373 482 2405 condonavit,
513 2382 615 2410 eosque
644 2376 670 2402 itt
703 2377 854 2404 custodiam
883 2380 1018 2414 extemplo

230 2419 330 2454 conjici
345 2418 437 2453 jussit.
466 2420 579 2447 Romani
600 2426 688 2449 autent
705 2430 810 2450 summo
823 2424 904 2452 animi
921 2425 1018 2454 ardore

231 2466 325 2492 urbem
341 2466 453 2501 ingressi
468 2468 590 2495 homines
601 2468 635 2495 ibi
651 2469 723 2496 velut
737 2477 819 2504 agnos
836 2471 1016 2501 trucidarunt.

231 2511 308 2540 Unde
323 2513 388 2540 mibi
407 2513 568 2541 oboriuntur
582 2506 719 2550 lacrymat,
735 2523 797 2543 cum
820 2517 900 2544 vitam
919 2518 1017 2545 buma-

231 2565 293 2584 nam
310 2558 431 2592 Iintucor,
457 2562 484 2585 et
499 2559 609 2593 quantis
633 2559 703 2587 ultro
733 2568 763 2587 se
788 2561 865 2589 malis
890 2562 1016 2590 miserunt

231 2603 284 2631 hoc
304 2605 442 2632 hominum
470 2612 554 2639 genus
580 2605 705 2633 involvat.
731 2607 933 2635 Aufert-bantur
957 2609 1017 2635 tlte-

232 2649 306 2676 sauri
323 2655 351 2677 et
368 2655 457 2676 vestes
487 2655 515 2676 et
538 2658 602 2678 vasa
628 2656 767 2685 amctttca,
785 2652 928 2687 nnmiaque
951 2654 1017 2680 adeo

232 2701 326 2721 corum
346 2696 414 2722 bona
432 2695 638 2729 diripiebantttr.
656 2696 726 2729 Quin
749 2703 775 2723 et
793 2697 900 2724 iuventa
921 2703 961 2725 est
977 2698 1017 2724 itt-

243 2740 295 2766 (-lix
319 2740 400 2776 246
418 2741 587 2775 muliercala,
602 2742 645 2769 cui
663 2750 724 2776 pars
740 2750 791 2777 qtta
815 2743 940 2770 sedemus
965 2743 1017 2771 telo

233 2786 361 2812 ttansﬁxa
397 2791 465 2814 erat.
490 2785 518 2814 ld
543 2788 566 2815 ei
593 2789 726 2822 quomodo
749 2789 881 2816 acciderit
900 2796 1017 2817 comme-

214 2830 357 2870 .morabo.
376 2830 438 2859 llatc
451 2833 568 2860 nondum
593 2834 681 2861 adhuc
698 2840 777 2862 tanta
799 2835 908 2863 civitate
936 2843 1015 2863 suora

1071 2237 1168 2273 μένης,
1183 2237 1336 2273 Γρηγόριός
1350 2246 1380 2264 τε
1396 2237 1444 2264 καὶ
1455 2237 1480 2264 oi
1491 2237 1539 2264 σὺν
1555 2237 1629 2272 αὺτῷ
1643 2237 1790 2271 στρατηγοὶ
1801 2237 1854 2264 τῶν

1069 2282 1180 2310 Οὕννων
1197 2283 1246 2309 σὺν
1264 2283 1364 2319 ἀτιμίᾳ
1380 2283 1482 2318 τρόπον
1502 2283 1548 2309 τὸν
1569 2283 1717 2318 εἰρημένον
1742 2282 1853 2309 ἐλεεινοὶ

1067 2330 1122 2356 τῶν
1146 2329 1296 2365 σχημάτων
1326 2329 1432 2364 βασιλεῖ
1459 2328 1619 2365 προσιόντες
1643 2328 1748 2355 ἔκλαον.
1769 2328 1798 2354 '0
1825 2328 1853 2355 δὲ

1071 2377 1150 2412 μέχρι
1165 2376 1215 2411 μέν
1225 2384 1296 2408 τινος
1308 2376 1368 2402 οὐδὲ
1382 2375 1563 2411 προσϐλέπειν
1574 2375 1659 2410 ἠξίου,
1669 2375 1717 2409 ὀψὲ
1729 2375 1756 2401 δὲ
1770 2374 1852 2401 πολλὰ

1069 2421 1117 2448 τοῦ
1136 2421 1205 2448 Βελᾱ
1223 2421 1477 2456 παραιτησαμένου,
1502 2420 1548 2447 τὸν
1565 2421 1615 2455 μὲν
1636 2419 1716 2454 φόνον
1738 2419 1851 2454 ἀφῆκεν,

1069 2468 1098 2500 Et;
1119 2468 1147 2494 δὲ
1169 2467 1291 2504 φρουρὰν
1313 2467 1415 2494 αὐτίκα
1434 2466 1553 2502 έπεμψε.
1582 2467 1714 2502 Ῥωμαῖοι
1732 2466 1760 2493 δὲ
1775 2466 1852 2501 ουμῷ

1070 2513 1181 2549 μεγάλῳ
1208 2514 1247 2545 εἰς
1268 2513 1318 2548 τὴν
1345 2512 1423 2539 πόλιν
1451 2513 1581 2543 εἰσιόντες
1610 2513 1656 2538 ire
1675 2512 1768 2547 ,ἄρνας
1791 2511 1852 2543 τοὺς

1068 2559 1132 2594 τῇδε
1150 2559 1280 2585 κατέουον
1293 2557 1468 2593 ἀνθρώπους.
1488 2557 1553 2583 Ὅτε
1579 2566 1624 2592 μοι
1651 2558 1698 2583 καὶ
1718 2557 1851 2591 δακρῦσαι

1068 2604 1169 2640 ἐπῆλθε
1187 2604 1245 2640 βίον
1261 2603 1432 2639 ἐννοουμένῳ
1447 2604 1493 2630 τὸν
1507 2603 1678 2640 ἀνθρώπειον
1692 2603 1764 2634 ὅσοις
1777 2611 1806 2629 τε
1822 2604 1852 2630 τὸ

1068 2651 1183 2678 δείλαιον
1199 2651 1279 2677 τοῦτο
1301 2650 1379 2685 γένος
1397 2649 1531 2681 ἑκουσίοις
1548 2650 1628 2677 ἑαυτὸ
1652 2650 1779 2683 ξυνέδησε
1802 2657 1852 2676 κα-

1068 2698 1139 2729 κοῖς.
1159 2697 1277 2730 ’Ἱίγοντο
1296 2696 1430 2731 κειμήλια
1443 2695 1491 2722 καὶ
1505 2696 1648 2731 ίματισμοὶ
1665 2697 1711 2722 καὶ
1727 2695 1852 2730 ἀργυρὼ·

1071 2752 1154 2780 ματα.
1170 2743 1217 2770 καὶ
1232 2743 1319 2770 πάντα
1330 2742 1363 2769 τὰ
1373 2743 1484 2769 ἐκείνων
1495 2741 1618 2778 ἐληίζετο
1632 2741 1852 2776 ἀγαθά.”οπλόις

1070 2790 1128 2821 τοῖς
1144 2788 1249 2824 ἐχορῶν
1262 2788 1419 2824 ἠμπίσχετο
1434 2788 1549 2820 ἕκαστος
1566 2788 1613 2815 καὶ
1625 2788 1680 2814 τῶν
1691 2787 1777 2822 ψιλῶν
1789 2787 1850 2813 τού-

1069 2844 1123 2863 των
1139 2835 1186 2862 καὶ
1200 2824 1325 2862 ἀνόπλων
1346 2834 1488 2866 μαγητῶν,
1513 2835 1558 2862 ὅτε
1579 2834 1612 2866 δὴ
1634 2834 1681 2861 καὶ
1696 2832 1805 2861 γύναιόν
1824 2840 1850 2858 τι
