1961 3073
119 162 172 192 6‘21

728 161 1003 192 'lllSTORIARUM
1024 162 1098 192 LIB.
1120 162 1170 194 Vl.

1697 161 1749 191 6‘2!

122 218 204 249 αὐτὸς
231 217 408 254 ὑϐριζόμενος
439 218 592 252 ὑπενέγκω.
619 227 628 244 t
657 217 750 244 Ταῦτα
776 218 825 252 μὲν
842 219 905 254 τῇδε

972 220 1097 253 :jusntodi
1112 227 1249 256 nunquam
1259 219 1396 254 professus
1408 218 1481 251 sim),
1494 221 1616 260 superest
1628 219 1750 253 omnino,

123 263 279 299 ἐχώρησαν,
292 265 415 301 λήμερῶν
432 264 461 291 δὲ
484 265 583 299 ὀλίγων
603 264 718 301 ὕστερον
739 265 850 301 βίϐλους
871 275 912 300 τε,

123 310 186 337 ὃςαι
199 319 228 336 τε
239 311 304 346 περὶ
319 310 422 338 τούτων
437 312 591 347 τρανοῦσιν,
610 311 722 346 ἐκόμιζε
735 313 835 348 συχνὰς
846 313 914 339 κάπὶ

126 357 286 392 κοινοτέρας
299 357 330 383 τὺ
344 359 461 393 πρᾶγμα
479 357 621 393 προύτίθει
639 359 792 394 ζητήσεως.
815 359 916 395 Ὑπέρ-

127 404 191 438 ρεον
216 403 262 429 οὖν
289 403 419 429 ἑκάστοτε
445 405 537 438 συχνοὶ
560 404 609 438 τῆς
637 404 778 430 ἀντιθέτου
805 405 913 440 μοίρας,

125 450 178 480 ἓως
195 450 313 481 ἅπαντες
331 450 389 484 ἅμα
405 451 590 485 πατριάρχαις
606 452 662 482 τοῖς
675 451 766 482 ἄλλοις
780 451 911 486 ὠμοφρό-

125 496 212 529 νησάν
229 504 259 521 τε
277 495 326 522 καὶ
343 496 392 522 τὸν
413 495 525 530 βασιλέα
540 496 590 530 τῆς
614 496 668 522 τῶν
682 496 799 531 Γραφῶν
817 497 916 531 μᾶλλον

127 542 246 573 ξυνιέναι
273 543 429 577 ὡμολόγουν
454 543 584 574 διανοίας.
612 542 657 576 Τῷ
683 551 714 576 γε
743 543 795 579 μὴν
823 544 916 579 Λουκᾷ

127 589 306 622 ἐχαλέπαινόν
317 597 344 615 τε
365 589 522 624 περιφανῶς
536 590 582 614 καὶ
597 588 752 624 σκώμματα
766 590 914 624 προσῆγον,

128 633 163 660 δι’
176 633 194 660 ἃ
209 634 254 660 τοῦ
268 634 364 669 θρόνου
379 635 522 669 κατασπᾷν
535 634 690 661 ἐπεϐοῶντο
701 635 747 661 τὸν
760 635 914 669 ἄνθρωπον,

126 680 201 706 πάνυ
225 680 343 717 ἀμαθῶς
361 681 417 712 τοῖς
435 680 597 715 πράγμασιν
620 680 776 714 ὲφιστάνειν
801 681 914 712 εἰδότες.

128 725 184 759 Τῆς
202 726 294 751 Λουκὶ
316 725 369 760 γὰρ
387 725 521 760 ἡττῆσθαι
547 725 766 761 ὁμολογήσαντες
789 725 916 759 γνώμης,

125 773 170 799 ὃτι
190 772 235 798 καὶ
250 774 298 807 τῆς
322 772 454 807 βασιλέως
471 771 562 807 πολλῷ
579 772 723 808 πρότερον,
738 771 870 806 ἀλώσιμοί
887 780 916 797 τε

129 818 220 849 αὐτοῖς
232 819 260 849 ἐς
273 817 319 853 τὴν
329 817 478 853 θρησκείαν
492 817 646 851 γεγονότες,
662 816 721 843 οἶδὲ
736 816 917 851 ἐγκλημάτων

129 863 232 898 ἑτέρων
250 864 400 898 ἐγράφοντο
417 863 522 890 τοῦτον.
546 862 604 897 Ἐφ’
622 859 660 894 οἷς
680 860 758 897 οἶμαι
775 863 821 890 καὶ
840 862 917 898 βασι-

966 271 1088 301 utquaut
1117 267 1149 294 de
1173 266 1229 293 Deo
1255 266 1342 294 habeo
1363 264 1537 300 opinionem,
1567 271 1620 291 non
1638 264 1750 299 prodam

965 317 1011 338 aut
1026 312 1161 339 deseram.
1183 311 1211 339 Si
1224 320 1288 340 vero
1305 311 1403 346 aliquis
1420 319 1489 338 nova
1501 311 1634 346 qumpiam
1651 311 1751 338 docere

966 366 1009 385 me
1026 359 1106 390 velit,
1122 367 1182 394 qua:
1209 358 1359 393 Seripturis
1374 358 1460 386 sacris
1482 362 1661 387 consentanea
1683 356 1748 388 sin’t,

966 402 992 429 in
1017 403 1088 431 illitis
1108 405 1270 431 sementium
1288 404 1404 432 transire
1430 403 1501 431 haud
1520 405 1643 431 verebor.
1660 402 1750 430 Unum

967 448 1017 476 hoc
1038 449 1138 476 interea
1155 451 1333 482 observetur,
1357 455 1387 476 ut
1411 457 1464 477 non
1488 450 1635 477 irrideatur
1660 450 1748 477 Deus:
1793 441 1798 446 ’

966 503 1015 530 pro
1035 495 1080 523 illo
1107 497 1180 523 enim
1197 496 1294 523 millies
1322 497 1379 530 ipse
1404 497 1595 531 contumeliam
1621 497 1715 531 patiar.
1739 506 1748 522 ι

967 541 1029 568 [hec
1047 546 1102 568 tum
1131 542 1166 568 ibi
1182 547 1268 574 gesta.
1293 542 1389 569 Paucis
1413 550 1477 569 vero
1504 543 1631 577 deinceps
1653 543 1752 577 elapsis

967 588 1072 621 diebus,
1089 588 1174 615 libros
1192 588 1355 623 complures,
1368 593 1500 623 quotquot
1515 589 1670 624 praedictam
1685 597 1752 616 cnu-

968 624 1128 661 trorersiatu
1154 634 1314 662 videbantur
1331 636 1479 669 explanare
1493 655 1499 666 ,
1527 635 1653 669 produxit
1675 643 1753 663 com-

968 682 1096 715 munique
1113 682 1228 708 concilio
1247 690 1301 709 rem
1330 682 1506 709 decidendam
1532 683 1637 709 statuit.
1659 681 1751 710 Desci-

969 735 1032 754 vere
1057 728 1139 763 igitur
1160 729 1279 764 undique
1300 729 1390 763 plures
1413 720 1449 756 ab
1464 730 1575 756 adversa
1595 735 1690 764 parte,
1717 729 1753 756 ita

969 778 998 800 ut
1013 774 1134 801 universi
1150 781 1212 801 euut
1238 774 1346 802 caneris
1370 773 1532 809 patriarcltis
1558 774 1680 801 eamdent
1696 781 1755 799 ant-

968 818 1067 853 pli-xati
1084 821 1244 847 sententiam
1261 821 1452 856 imperatorem
1472 828 1611 848 sacrarunt
1629 819 1754 854 Scriptu-

970 873 1060 892 rarum
1079 865 1193 892 scientia
1209 872 1322 894 αιτιοι-οε
1336 867 1440 894 autei:e
1458 867 1660 894 confiteremur.
1676 866 1754 892 Lucae

128 908 192 939 λεὺς
212 908 303 934 αὐτῶν
330 908 482 942 καταγνοὺς
503 908 552 934 σὺν
574 907 706 934 ἐπιπαθεί
721 917 773 935 τινι
796 907 918 944 λογισμῷ

972 914 1059 936 autent
1086 910 1296 944 indignabantur
1327 911 1465 946 propalam
1491 911 1666 945 dicteriisque
1690 918 1752 938 eunt

128 954 168 988 τῷ
190 955 281 989 Λουκᾷ
304 955 507 989 ἐπιφυομένων.
527 964 536 980 ι
563 954 643 981 Ἀλλὰ
660 955 740 981 τοῦτο
765 955 825 989 μὲν,
853 955 916 989 ἔφη,

129 1001 198 1031 τέως
213 1000 370 1027 ἀποκείσθω
381 1008 387 1015 ·
406 1001 524 1035 ὁπηνίκα
541 1001 569 1028 δὲ
581 1001 658 1032 τέλος
679 1001 736 1033 Eiet
753 1001 782 1027 τὸ
798 1001 853 1028 τῶν
868 1008 920 1027 πα-

132 1047 245 1082 ρόντων,
273 1046 502 1081 βασανισθήσεται
522 1047 570 1073 καὶ
596 1046 694 1077 ταῦτα.
712 1047 760 1072 καὶ
778 1045 854 1078 τέλος
869 1046 919 1073 αὺ-

129 1094 186 1123 τοῖς
208 1093 374 1128 ἐπιθήσομεν
395 1093 425 1119 τὸ
444 1093 582 1128 προσῆκον
597 1100 603 1107 ·
623 1101 632 1119 ι
654 1092 697 1127 ἐφ’
714 1089 754 1123 οἷς
781 1092 919 1127 ἀποκρου-

132 1138 242 1170 σθέντες
269 1138 385 1173 ἐκύρουν
409 1138 459 1173 ήδη
488 1138 523 1164 τὰ
544 1137 703 1172 δεδογμένα.
732 1137 862 1168 Βασιλεὺς
891 1136 919 1163 δὲ

132 1184 328 1220 ὑπεσημήνατο
347 1185 468 1216 τούτοις·
490 1186 538 1210 καὶ
555 1185 586 1210 τὸ
600 1184 695 1210 λοιπὸν
709 1183 793 1214 λίθοις
806 1183 919 1217 ἐγκολα-

131 1231 249 1266 ψάμενοι
264 1231 314 1266 τὴν
331 1231 440 1266 γραφὴν
453 1231 499 1257 ἐπὶ
514 1230 561 1257 ¹1ῖοῦ
577 1230 679 1265 Σοφίας
699 1229 774 1266 ίεροῦ
787 1230 920 1265 ἀριστερᾷ

132 1275 178 1312 [Ρ.
194 1275 256 1312 150]
272 1276 382 1303 εἰσιόντι
402 1277 532 1311 φέροντες
546 1276 675 1308 ἔστησαν.
695 1275 750 1302 Καὶ
773 1276 849 1307 τέλος
869 1276 919 1310 ἤδη

133 1322 234 1358 εὕρατο
250 1322 285 1349 τὰ
307 1322 357 1357 τῆς
375 1322 527 1358 ζητήσεως.
548 1321 619 1356 Ἐγὼ
636 1321 658 1348 δ’
683 1323 771 1349 ἐκεῖνο
791 1321 854 1356 περὶ
867 1322 921 1348 τῶν

132 1368 263 1395 τοιούτων
280 1369 324 1395 ἀεὶ
340 1369 446 1404 φρονῶν
459 1369 643 1401 διατετέλεκα,
660 1369 702 1395 ὅτι
715 1368 748 1404 δὴ
763 1368 844 1403 φύσιν
854 1368 920 1395 Θεοῦ

135 1415 372 1449 πολυπραγμονεῖν
397 1414 535 1450 ἀνθρώπῳ
548 1423 580 1449 γε
599 1415 658 1442 ὄντι
673 1414 772 1441 οὔκουν
786 1415 921 1450 ἀνέγκλη-

132 1470 192 1490 τον.
208 1463 241 1489 ’0
255 1471 286 1496 γε
301 1461 353 1497 μὴν
367 1461 516 1496 θαυμάζειν
527 1461 580 1496 ἔχω
592 1461 631 1497 τῷ
642 1462 822 1497 αὐτοκράτορι
835 1460 922 1496 τούτῳ

134 1509 235 1536 αὐτίκα
248 1517 293 1543 μοι
305 1508 452 1542 λελέξεται.
472 1507 637 1542 Συζητοῦντί
657 1516 723 1534 ποτε
739 1508 803 1543 περὶ
818 1507 921 1534 τούτων

135 1555 213 1590 αὖτῷ
225 1555 281 1588 (ἐπὶ
301 1554 330 1587 ἓξ
345 1555 392 1581 καὶ
405 1554 458 1589 γὰρ
475 1554 606 1580 ἐνιαυτῶν
623 1554 791 1590 παρετέτατο
805 1553 922 1586 κύκλους

135 1603 170 1628 τὰ
183 1602 231 1636 τῆς
247 1600 489 1636 ἀμφισϐητήσιω,)
509 1600 563 1626 τῶν
576 1609 616 1632 τις
632 1601 697 1635 περὶ
711 1602 761 1627 τὴν
777 1600 921 1636 βασιλικὴν

136 1645 382 1680 ἁμςιπονουμένων
393 1645 503 1679 ἐγένετο
518 1645 620 1676 ἑστίαν,
636 1644 778 1678 ἀγγέλλων
790 1643 835 1671 οὖν
847 1644 922 1680 αὐτῷ

137 1691 239 1726 ἡσυχῇ,
260 1690 435 1725 maxumam
458 1689 507 1725 τὴν
529 1690 664 1725 βασιλίδα,
681 1688 741 1717 εἶτα
758 1691 805 1716 καὶ
821 1691 861 1717 ὃτι
874 1692 922 1726 ἆῤ-

138 1737 197 1772 ρεν.
216 1736 243 1762 '0
259 1736 286 1762 δὲ
301 1735 356 1762 οὐδ’
372 1736 434 1762 ὅσον
449 1737 478 1763 ἐν
493 1736 613 1771 σχήματι
633 1736 662 1762 τδ
678 1735 763 1767 πάθος
787 1735 922 1768 ἐπιδειξά-

138 1788 220 1814 μενος
237 1780 357 1813 καθῆστο
374 1779 551 1815 προσανέχων
576 1781 632 1811 τοϊς
656 1780 822 1815 λεγομένοις.
846 1781 922 1806 Ἐπεὶ

136 1826 166 1852 δὲ
180 1825 255 1857 τέλος
270 1825 321 1861 ἢδη
334 1824 391 1861 εἶχε
407 1826 441 1852 τὰ
453 1827 503 1860 τῆς
515 1826 641 1861 τηνικάδε
660 1826 811 1862 ζητήσεως,
832 1825 923 1862 ὄρθιος

136 1872 256 1903 ἀναστὰς
271 1873 364 1907 ῥιπτεῖ
377 1872 452 1907 παρὰ
465 1872 531 1903 τοὺς
544 1873 599 1900 τῶν
611 1873 707 1909 ἱερέων
719 1873 802 1905 πόδας
815 1872 922 1906 hut-ev,

138 1918 187 1946 καὶ
206 1927 215 1944 ι
235 1919 314 1953 ’Ἄρτι
333 1927 389 1953 μοι,
404 1918 466 1952 ἔφη,
488 1918 606 1953 πατέρες
631 1919 710 1954 ἱεροὶ,
728 1918 806 1953 λόγος
821 1922 853 1946 ἐκ
873 1919 923 1954 τῆς

139 1964 362 1998 γυναικωνίτιδος
375 1962 468 1999 ἦλθεν,
482 1963 666 1999 ἐκτετρῶσθαι
683 1964 766 1992 παῖδά
782 1973 826 2000 μοι
837 1964 923 1999 λέγων

140 2010 254 2044 ipsum,
269 2010 400 2044 μεγίστην
414 2009 510 2036 ἐλπίδα
527 2009 633 2044 ἔμοιγε.
657 2009 729 2036 Ἀλλ’
743 2010 872 2045 αίτοῦμαι
891 2010 922 2044 δὴ

137 2057 189 2090 τὴν
204 2055 340 2090 ὑμετέραν
364 2055 496 2090 ἁγιότητα
508 2075 516 2088 ,
537 2055 665 2090 πέμψατέ
684 2064 743 2083 τινα
767 2057 836 2092 πρὸς
856 2055 922 2082 Θεον

138 2102 292 2137 ἱκετηρίαν,
315 2101 455 2137 πέμψατε,
469 2101 611 2128 ἀντιϐολῶ.
629 2100 687 2128 Κᾶν
706 2101 755 2135 μὲν
775 2101 824 2127 οὐκ
836 2101 924 2135 ὀρθῶς

139 2146 227 2180 ἔγωγε
253 2147 317 2181 ’περὶ
335 2146 429 2172 τοῦτον
443 2145 475 2181 δὴ
491 2146 537 2172 τὸν
554 2146 626 2181 ἱερὸν
638 2146 803 2181 ἐκονισάμην
818 2146 921 2179 ἀγῶνα,

139 2193 240 2227 μηκέτι
268 2192 331 2227 μηδ’
353 2192 494 2219 είσέπειτά
512 2200 558 2227 μοι
571 2191 788 2227 τελεσφορηθείη
814 2192 923 2227 σπέρμα

971 956 1154 986 incessebant,
1170 961 1252 991 atque
1265 957 1334 984 adeo
1351 957 1488 985 hominem
1505 958 1603 984 throno
1617 957 1754 991 depellen-

968 1001 1032 1028 dum
1066 1002 1258 1036 inclamabant,
1274 1003 1325 1031 viri
1351 994 1433 1039 256
1462 1011 1552 1031 rerum
1575 1005 1752 1040 gerendarum

971 1055 1085 1082 prorsus
1101 1049 1216 1084 imperiti
1231 1058 1238 1076 :
1255 1054 1284 1076 ut
1308 1050 1353 1085 qui
1369 1059 1429 1077 cum
1447 1050 1526 1078 Luca:
1540 1056 1567 1078 et
1584 1051 1754 1086 imperatoris

975 1094 1059 1121 multo
1083 1100 1145 1122 ante
1170 1096 1304 1123 sententia
1329 1097 1416 1124 victos
1431 1104 1460 1124 se
1487 1097 1680 1131 protiterentur
1705 1097 1754 1124 de-

971 1139 1156 1173 prelteusique
1180 1140 1213 1167 iis
1228 1146 1320 1168 essent
1337 1148 1351 1168 ο
1367 1148 1430 1169 vera
1447 1141 1498 1169 lide
1511 1141 1591 1169 alieni
1606 1162 1613 1175 ,
1631 1149 1698 1169 nova
1713 1146 1755 1169 ta-

973 1191 1034 1211 men
1062 1185 1178 1211 crimina
1208 1186 1235 1212 in
1262 1193 1325 1213 eum
1350 1186 1524 1221 coujicerent.
1554 1187 1630 1215 Unde
1653 1186 1754 1214 factum

971 1230 1077 1264 opinor,
1094 1235 1122 1257 ut
1146 1235 1173 1257 et
1190 1231 1316 1265 princeps
1332 1239 1378 1259 eos
1395 1232 1536 1260 damnaret
1550 1253 1557 1265 ,
1578 1233 1650 1268 quod
1666 1233 1756 1260 animo

973 1276 1116 1304 aﬂ'ectibus
1132 1282 1324 1312 praeoccupato
1347 1279 1372 1305 in
1389 1278 1489 1306 Lucam
1503 1279 1652 1307 ferrentur.
1671 1288 1681 1305 ι
1702 1279 1755 1306 Sed

973 1323 1049 1356 haec,
1066 1323 1166 1358 inquit.
1185 1322 1348 1351 dim-rantur
1363 1325 1516 1360 tantisper:
1536 1327 1586 1353 ista
1603 1326 1696 1358 etiam,
1710 1327 1755 1353 ubi

975 1375 1018 1394 res
1033 1373 1181 1402 prmscntes
1196 1369 1392 1397 ahsolverimus
1405 1390 1412 1402 ,
1431 1371 1646 1398 exantinabimus
1658 1391 1666 1403 .
1683 1376 1710 1398 et
1725 1372 1756 1398 li—

973 1421 1033 1440 uent
1056 1414 1089 1441 iis
1107 1414 1246 1441 decentem
1263 1413 1442 1449 imponemus.
1460 1425 1469 1442 ι
1485 1415 1531 1443 His
1549 1417 1638 1451 itaque
1656 1417 1754 1452 repulsi

972 1460 1078 1488 decreta
1096 1460 1301 1494 conﬁrmarunt,
1317 1461 1414 1496 quibus
1429 1462 1485 1495 ipse
1497 1462 1578 1489 etiam
1589 1463 1751 1498 subscripsit

976 1505 1134 1539 imperator.
1159 1505 1258 1533 Eadem
1279 1513 1343 1533 vero
1361 1511 1454 1540 postea
1475 1506 1609 1542 lapidibus
1625 1507 1755 1543 inscripta

973 1551 999 1578 iu
1016 1551 1114 1586 templo
1128 1551 1235 1588 Sancta:
1248 1551 1356 1586 Sophia:
1371 1552 1539 1580 collocavere
1554 1553 1586 1580 ad
1602 1553 1756 1588 ingredient-

975 1597 1040 1624 tium
1064 1602 1168 1631 partem
1201 1597 1351 1624 sinistram.
1379 1597 1467 1633 Atque
1489 1599 1525 1626 ita
1552 1599 1627 1626 ﬁnita
1645 1606 1686 1627 est
1711 1600 1754 1627 illa

974 1641 1169 1668 controversia.
1194 1641 1262 1669 lllud
1276 1642 1402 1676 equidem
1425 1650 1532 1678 seraper
1550 1643 1704 1678 hujusmodi
1727 1645 1755 1672 in

975 1686 1055 1713 rebus
1073 1687 1145 1714 sensi
1163 1694 1194 1714 ac
1213 1687 1328 1719 credidi,
1351 1687 1398 1715 Dei
1422 1693 1545 1715 naturam
1563 1690 1696 1718 curiosius
1713 1691 1755 1718 in-

974 1730 1083 1765 quirere
1101 1730 1201 1757 homini
1219 1729 1295 1757 nel‘as
1312 1737 1383 1758 esse.
1397 1731 1529 1759 Catterum
1544 1734 1616 1768 quod
1635 1734 1661 1760 in
1678 1735 1755 1769 prin-

975 1775 1034 1809 cipe
1049 1775 1100 1802 isto
1115 1775 1296 1803 admiratione
1311 1776 1420 1811 dignum
1435 1777 1501 1805 milti
1518 1779 1604 1806 visam
1617 1784 1669 1813 est,
1685 1789 1756 1808 nttne

973 1827 1117 1855 exponam.
1133 1821 1456 1856 Disceptanti-aliquando
1468 1830 1551 1858 super
1564 1824 1614 1852 hoc
1626 1825 1683 1860 ipso
1697 1826 1757 1861 (sex

975 1868 1048 1894 enim
1061 1871 1132 1894 totos
1146 1874 1231 1894 annos
1245 1867 1345 1901 agitata
1359 1871 1402 1896 est
1424 1875 1456 1896 ea
1472 1870 1595 1905 quaestio)
1612 1877 1757 1898 accurretts

975 1912 1084 1946 quidam
1107 1919 1123 1939 e
1148 1912 1304 1940 domesticis
1332 1913 1464 1940 ministris
1486 1914 1634 1948 Augustam
1661 1906 1758 1944 issine

974 1957 1097 1985 abortunt
1112 1977 1120 1991 .
1136 1965 1167 1985 ac
1184 1958 1280 1986 deinde
1299 1959 1381 1994 prolis
1399 1960 1524 1988 mascula
1535 1981 1542 1993 ,
1558 1961 1584 1988 In
1600 1969 1692 1989 aurem
1715 1962 1758 1990 in-

975 2004 1138 2032 susurravit.
1154 2003 1207 2031 Sed
1223 2005 1267 2032 ille
1282 2013 1332 2033 nec
1347 2005 1419 2032 vultu
1440 2006 1566 2034 allectum
1582 2009 1709 2042 prodens.
1726 2009 1758 2036 ad

974 2058 1006 2077 ea
1024 2057 1083 2084 qua:
1097 2055 1153 2076 tum
1181 2050 1404 2086 disceptabantur
1425 2052 1530 2079 intento
1547 2060 1656 2088 semper
1670 2054 1760 2081 animo

975 2096 1054 2123 sedit.
1073 2095 1130 2128 Qua
1147 2099 1202 2122 tum
1218 2096 1293 2123 linita
1308 2097 1497 2132 disputatione.
1510 2103 1574 2125 ante
1589 2099 1760 2127 sacerdotum

974 2140 1058 2176 pedes
1076 2141 1275 2175 procumbens:
1294 2149 1303 2166 ι
1319 2141 1416 2175 Modo,
1434 2142 1540 2177 inquit,
1556 2143 1649 2172 Patres
1663 2145 1760 2177 sancti,
1792 2163 1798 2169 «μ

976 2186 1090 2214 all'ertur
1106 2186 1171 2213 ntilti
1188 2194 1219 2213 ex
1236 2194 1363 2221 gynteceo
1386 2188 1482 2220 ﬁlium,
1500 2196 1575 2223 spem
1592 2190 1657 2216 ntihi
1675 2191 1761 2218 maxi-

139 2239 234 2273 γένους
245 2238 378 2274 ἐκατέρου
397 2238 492 2273 μηδὲν,
517 2238 580 2273 μηδ’
606 2237 722 2272 ὀναίμην
739 2236 854 2263 ἐλπίδων
868 2236 920 2263 τῶν

978 2241 1048 2262 mam
1060 2252 1068 2266 ,
1093 2233 1189 2260 abortu
1208 2234 1331 2268 periisse.
1359 2234 1411 2261 Sed
1430 2235 1599 2262 sanctitatem
1616 2236 1697 2271 257
1714 2245 1769 2264 νου-ν

138 2285 314 2321 ἐμαυτοῦ·εί
331 2285 354 2312 δ’
375 2285 476 2319 ἀρεστὰ
502 2284 562 2319 Θεῷ
586 2284 621 2311 τὰ
639 2284 688 2318 τῆς
712 2283 782 2318 ἐμῆς
809 2283 923 2318 γνώμης

139 2332 225 2363 ἐστὶν,
253 2331 303 2357 οὐκ
318 2333 358 2362 εις
377 2331 485 2366 μακράν
507 2339 553 2365 μοι
578 2330 627 2364 τὴν
655 2329 752 2356 ἐλπίδα
776 2329 924 2364 παρέξοιτο

138 2376 253 2412 ταύτην.
272 2386 281 2403 t
304 2377 333 2403 '0
352 2377 400 2412 μὲν
413 2376 532 2403 τοσαῦτα
546 2375 631 2403 εἰπὼν
647 2376 776 2403 ἀνίστατο
792 2375 887 2410 γῆθεν,
899 2374 924 2400 οῑ

138 2424 169 2450 δὲ
189 2424 218 2455 ἐς
238 2423 302 2457 γόνυ
317 2422 420 2454 κλιθεὶς
434 2422 551 2454 ἕκαστος
566 2422 616 2449 σὺν
640 2421 755 2456 δάκρυσι
771 2421 838 2447 Θεὸν
876 2420 926 2446 ἐπ-

140 2469 265 2496 εκάλουν.
288 2468 355 2495 Τότε
381 2468 431 2504 μὲν
442 2466 488 2496 οὖν
509 2468 555 2494 ἐπὶ
567 2467 697 2499 τοιούτοις
717 2466 923 2502 ἀπηλλάγησαν.

140 2515 225 2542 οὔπω
234 2515 262 2542 δὲ
277 2515 372 2551 χρόνος
385 2513 467 2549 ἐξῆκε
484 2514 593 2549 συχνδς,
612 2514 660 2541 καὶ
671 2514 762 2540 τεκνοί
774 2512 855 2540 παῖδα
866 2512 923 2548 (22)

141 2560 281 2596 βασιλεὺς,
302 2559 418 2595 γλύμμα
436 2560 578 2595 Χαρίτων,
603 2559 710 2593 φύσεως
734 2558 825 2590 ἄνθος,
844 2557 926 2585 Ἀλλὰ

140 2606 236 2632 τοῦτον
252 2605 301 2639 μὲν
320 2605 412 2636 ὁποῖός
427 2604 470 2636 τίς
486 2604 561 2630 ἐστιν
577 2604 641 2631 ίδετν
666 2603 680 2629 ό
694 2603 773 2637 λόγος
791 2604 820 2629 ἐν
838 2602 924 2629 δέοντι

139 2652 287 2688 διατράψει
311 2660 367 2686 μοι,
383 2651 417 2677 τὰ
433 2649 460 2677 δὲ
483 2641 538 2677 τῶν
553 2650 667 2684 ἀγώνων
691 2649 803 2676 ἐκείνων
817 2650 846 2675 ἐν
862 2648 925 2675 τού-

139 2708 199 2731 τοις
215 2697 355 2725 ἐτελεύτα.
375 2697 484 2728 Λουκᾶς
500 2696 539 2728 δὲ,
559 2695 654 2731 ἐπειδὴ
669 2694 752 2730 μηδὲν
767 2694 808 2720 δτι
823 2693 870 2720 καὶ⁸
885 2693 930 2719 λό-

973 2286 1058 2309 stram
1074 2280 1188 2307 obsecro
1201 2299 1209 2312 ,
1226 2287 1322 2321 preces
1347 2279 1382 2307 ad
1398 2279 1482 2307 Deum
1501 2280 1605 2308 fundite
1619 2287 1761 2320 oraleque,

976 2331 1005 2354 ut
1020 2325 1046 2353 si
1059 2325 1086 2352 in
1104 2331 1136 2352 eo
1149 2331 1228 2352 sacro
1241 2325 1392 2352 certamine
1409 2333 1461 2353 non
1479 2331 1552 2354 recte
1568 2334 1688 2362 sanaque
1708 2329 1763 2356 ﬁde

973 2370 1103 2399 desudavi
1120 2389 1128 2402 ,
1153 2370 1225 2397 nulla
1252 2370 1317 2397 ntihi
1350 2370 1480 2406 deinceps
1515 2372 1657 2407 utriusque
1681 2382 1762 2402 sexus

975 2417 1065 2453 proles
1089 2417 1122 2444 ad
1149 2422 1284 2445 maturattt
1308 2423 1415 2446 aztatem
1441 2419 1600 2453 perveniat.
1627 2428 1676 2447 nee
1692 2421 1762 2448 votis

977 2471 1095 2499 unquam
1112 2464 1201 2498 potiar
1221 2464 1288 2491 meis
1303 2473 1311 2491 :
1331 2464 1373 2491 sin
1390 2470 1479 2493 autent
1495 2471 1571 2500 grata
1594 2465 1650 2494 Deo
1666 2473 1761 2494 nosua

977 2510 1027 2538 fuit
1045 2510 1197 2542 sententia,
1214 2510 1284 2537 hanc
1310 2518 1386 2545 spem
1412 2519 1498 2538 nteant
1525 2518 1577 2538 non
1603 2511 1629 2539 iu
1650 2512 1760 2547 longum

977 2560 1084 2591 tempus
1104 2556 1255 2590 protrahat.
1272 2565 1281 2581 ι
1309 2555 1412 2589 Quibus
1426 2556 1506 2584 dictis
1531 2558 1613 2585 humo
1629 2565 1659 2586 se
1682 2558 1762 2586 tollit.

976 2600 1016 2628 ltli
1043 2606 1133 2628 autem
1151 2601 1282 2636 ingenua
1304 2601 1365 2629 ﬂexi
1389 2609 1449 2629 cum
1472 2602 1599 2639 laerymis
1616 2604 1697 2630 Deum
1722 2604 1763 2630 in-

978 2651 1085 2679 vocant,
1097 2646 1184 2681 iisque
1199 2647 1316 2682 peractis
1327 2648 1452 2682 precibus
1465 2648 1662 2683 digrediuntur.
1671 2647 1764 2684 Neque

984 2692 1096 2719 multum
1114 2691 1216 2720 emuxit
1231 2693 1376 2728 temporis.
1392 2701 1453 2721 cum
1477 2701 1589 2730 puerum
1607 2695 1764 2730 genuitint—

819 2778 866 2808 Du
883 2777 994 2816 Cangii
1014 2781 1109 2808 notua.

189 2847 235 2881 ‘22)
254 2846 307 2875 hat
325 2845 427 2873 τεκνοῖ
449 2845 552 2872 παῖδα.
571 2843 654 2872 Natus
665 2848 721 2881 est_
737 2842 847 2881 Alexlus
877 2841 934 2881 bla-

142 2877 233 2910 nutus
259 2882 288 2909 Ε.
308 2891 353 2909 an.
385 2881 464 2913 H67.
479 2881 503 2909 si
531 2880 656 2907 Albcrico
688 2878 766 2910 lides,
783 2877 823 2905 vel
842 2878 930 2912 potius

989 2840 1087 2879 lddieﬂ
1104 2840 1235 2879 Seppan.
1253 2841 1335 2874 H70,
1352 2846 1388 2879 _ut
1418 2847 1460 2870 est
1477 2843 1545 2879 apud
1577 2843 1706 2872 Codinum
1735 2852 1768 2873 ue

983 2877 1056 2911 Orig.
1068 2875 1118 2910 Cp.
1138 2875 1204 2904 Vide
1218 2881 1332 2904 stemma
1347 2877 1477 2906 Conutett.
