1961 3073
247 147 302 180 .635

890 147 1052 178 JOANNIS
1070 147 1236 178 CINNAMI

1819 147 1875 178 636

249 205 379 238 partiare
393 209 495 239 gestas,
513 212 636 240 quasque
655 204 723 231 adeo
741 205 908 238 oportuisset
923 196 1032 232 silentio

1086 206 1138 240 γὰρ
1154 206 1215 232 ὃθεν
1231 205 1281 241 τὴν
1300 205 1416 240 ἐκϐολὴν
1432 204 1478 231 τοῦ
1502 205 1583 238 λόγου
1601 204 1787 239 ἐποιησάμην)
1810 206 1876 232 τού-

247 252 344 285 premi,
363 251 460 278 stolide
482 251 516 278 iis
542 251 568 278 in
596 251 699 278 aedibus
727 255 838 278 exz-rata
865 259 896 277 ac
923 251 1030 285 depicta

246 299 366 324 nuntium
391 298 476 324 oculis
502 298 664 332 exponebat.
689 297 716 324 IJ
741 297 784 324 ubi
810 298 921 324 rescivit
943 298 1030 331 impc—

248 348 331 375 r=tor.
350 345 375 370 in
392 349 494 370 secreta
510 352 570 370 eum
588 344 720 377 colloquia
742 348 911 377 assumptum
932 344 1031 378 saepius

247 390 396 422 alnionuit,
417 390 454 416 uti
476 390 509 416 ab
538 390 645 424 incepto
667 390 820 417 desisteret.
848 391 882 416 At
910 389 956 416 ille
977 397 1030 417 non

250 437 330 463 modo
344 436 507 463 obstinatius
520 436 657 471 prioribus
671 436 770 464 institit
784 436 915 468 consiliis,
943 438 990 463 sed
1004 441 1033 464 et

249 483 334 508 virum
351 486 430 516 gente
444 482 581 514 Latinum,
598 483 836 517 praestigiatorem,
854 482 935 517 inque
948 483 1033 518 magi-

247 536 288 555 cis
307 529 410 554 artutms
425 528 492 554 mire
518 532 665 559 versatum,
688 527 786 554 crebro
809 529 841 554 ad
867 535 898 555 se
923 536 1033 561 vorans,

247 581 308 600 cum
325 581 356 599 eo
376 573 548 600 familiariter
565 579 742 600 conversatus
755 579 806 604 est,
824 579 848 601 et
865 574 899 601 de
921 575 1034 602 secretis

248 625 306 644 SHIS
331 618 452 646 consiliis
479 619 692 646 communicavit.
715 626 856 654 :quomm
884 619 950 646 illud
975 625 1035 646 erat

246 664 422 698 prmeipuum,
451 669 479 691 ιιι
513 665 661 699 itnperator
694 666 719 692 in
745 671 904 701 perpetuum
940 666 1034 693 liberis

249 717 366 744 careret,
384 716 466 746 atque
491 713 517 739 in
536 719 598 738 etnn
630 712 709 739 ﬁnem
734 713 817 739 multa
841 713 876 740 ab
902 713 1034 740 scelerato

249 756 358 784 homine
373 757 479 792 accepit
491 757 574 793 238
586 757 746 792 pharmaca.
757 765 843 793 neque
860 759 937 786 ltisee
954 759 1034 786 rebus

245 810 356 836 operam
374 803 439 830 dare
455 803 560 831 destitit
587 805 697 831 miser:
722 809 832 839 propter
856 812 917 839 qua:
945 805 1034 832 inere-

247 849 321 882 parit
337 849 409 875 illuxit
425 850 513 876 denuo
529 850 688 885 imperator,
705 856 730 877 et
753 850 898 877 amentiam
915 850 973 885 ejus
989 858 1033 878 rc-

1086 259 1139 277 των
1154 251 1290 286 ἀφέμενος
1303 251 1352 282 τὰς
1376 250 1424 277 τοῦ
1449 250 1565 277 σουλτΞιν
1590 250 1741 284 ἀνεστήλου
1754 259 1876 286 στρατη-

1085 298 1158 331 γίας,
1175 299 1270 333 νήπιος
1285 298 1357 334 ἅπερ
1368 299 1396 325 ἐν
1408 298 1497 332 σκότῳ
1512 297 1659 332 φυλάσσειν
1685 297 1770 332 ἐχρῆν
1784 298 1875 324 ταῦτα

1085 344 1132 369 ἐπὶ
1149 344 1282 378 δωμάτων
1303 344 1382 373 αὐτὸς
1398 343 1570 378 δημοσιεύων
1587 343 1658 370 κατὰ
1687 343 1736 378 τὴν
1751 344 1875 378 γραφήν.

1086 385 1137 415 ’Ὧν
1154 389 1316 423 αἰσθόμενος
1343 390 1471 425 βασιλεὺς
1491 390 1520 416 ἐν
1549 389 1715 421 ἰδιαζούσαις
1745 389 1877 422 πολλάκις

1086 435 1311 470 παραλαμϐάνων
1326 436 1406 462 αὐτὸν
1429 435 1582 471 διατριϐαῖς
1596 436 1774 470 παραινέσεις
1791 444 1879 470 προσ-

1086 479 1164 514 ῆγεν,
1196 481 1270 512 ὅπως
1301 481 1335 508 ἂν
1360 482 1456 517 ἀπάγῃ
1478 481 1534 508 τῶν
1565 480 1764 515 μελετωμένων
1793 481 1877 508 αὑτὸν

1087 526 1323 561 προθυμούμενος.
1347 527 1376 553 '0
1390 527 1419 554 δὲ
1433 526 1481 553 τοῦ
1505 527 1609 554 σκοποῦ
1626 528 1674 553 καὶ
1691 527 1773 553 πάλιν
1788 527 1877 562 (inpii

1086 572 1184 607 εἴχετο,
1203 574 1250 599 καὶ
1267 573 1299 608 δὴ
1318 573 1403 609 ἄνδρα
1427 575 1543 600 Λατῖνον
1565 573 1616 608 μὲν
1637 574 1717 607 γένος
1739 574 1826 608 γόητα
1845 573 1874 600 δὲ

1087 618 1134 643 καὶ
1148 617 1232 643 πολὺν
1255 617 1290 644 τὰ
1319 618 1448 653 δαιμόνια
1465 618 1619 654 πράγματα
1635 618 1710 653 θαμὰ
1728 618 1876 651 συγκαλῶν

1086 660 1125 692 ὠς
1158 661 1256 688 ἑαυτὸν
1283 662 1439 696 διωμιλεττό
1473 670 1503 689 τε
1524 662 1600 696 αὐτῷ
1626 661 1804 695 γνησιώτατα
1828 661 1877 687 καὶ

1086 705 1253 741 ἀπορῤήτων
1273 707 1414 733 ἐκοινώνει
1429 707 1609 742 σκεμμάτων.
1635 707 1676 733 Τὰ
1688 706 1716 733 δὲ
1739 704 1774 741 ἦν
1800 707 1878 737 ὅπως

1087 751 1121 777 ᾶν
1137 751 1266 786 βασιλεὺς
1292 752 1424 779 ἀπαιδίαν
1447 753 1476 784 ἐς
1496 753 1540 779 ἀεὶ
1560 752 1723 788 δυστυχοίη·
1740 752 1879 787 φάρμακά.

1085 806 1114 824 τε
1146 798 1215 833 πρὸς
1247 798 1296 825 τοῦ
1327 798 1527 833 κακοδαίμονος
1556 799 1603 825 ἐπὶ
1629 799 1688 830 τοῖς
1716 798 1879 834 εἰρημένοις

1087 844 1226 880 ἐλάμϐανε
1241 845 1328 872 πολλὰ
1343 845 1391 871 καὶ
1416 845 1468 872 οὐκ
1483 845 1566 880 ἔληγε
1583 846 1617 872 τὰ
1631 845 1746 872 τοιαῦτα
1762 846 1878 879 ἐνεργο-

247 895 364 928 tlarguit.
388 894 485 922 Verum
502 903 562 922 cunt
584 897 671 930 primo
691 897 825 931 paenitere
854 897 928 923 visus
950 901 1033 928 esset,

1086 890 1176 918 λαϐὼν
1200 891 1214 917 6
1235 891 1419 926 ταλαίπωρος.
1439 891 1478 918 Δι’
1497 891 1516 919 ἃ.
1539 892 1586 918 καὶ
1608 892 1689 919 πάλιν
1703 891 1827 924 ὠνείδιζέ
1846 901 1879 918 τε

249 948 357 966 rursum
386 947 476 968 tatnen
499 942 530 967 ad
556 942 674 975 priorem
700 947 818 968 utentem
843 943 932 969 rediit.
947 942 1034 969 Parvo

246 986 319 1013 etiitn
342 987 489 1020 iutcrlapso
505 991 643 1021 teuqsore,
668 995 774 1022 magum
801 988 881 1014 istum
908 990 1036 1016 convenit

247 1034 356 1065 iterum,
373 1037 400 1061 et
423 1033 456 1060 de
479 1034 576 1061 iisdem
604 1034 685 1062 rebus
705 1035 853 1062 consulutt.
882 1034 1035 1069 Aliquando

248 1086 314 1106 vero
329 1087 390 1107 cutn
408 1080 590 1107 C0nstantino
603 1079 674 1108 Duca
691 1087 862 1115 congressus,
878 1081 923 1115 qui
939 1085 965 1108 et
978 1081 1036 1115 ipse

246 1124 420 1157 imperatoris
448 1133 481 1152 ex
506 1133 600 1153 sumre
628 1126 728 1160 neptim
757 1133 868 1153 uxorem
895 1126 1034 1156 duxerat:

250 1178 260 1194 ι
282 1170 327 1196 Vir
349 1171 468 1204 optime,
495 1171 602 1206 inquit,
629 1172 651 1198 si
675 1172 722 1199 tibi
743 1178 785 1200 ρει
812 1173 919 1199 animus
940 1174 1034 1201 eadem

249 1216 388 1244 nobiscum
400 1219 514 1250 sentire,
527 1218 662 1245 neminem
674 1225 722 1245 nos
731 1223 920 1253 superaturum
931 1220 1008 1247 scito.
1023 1230 1032 1246 ν

250 1262 303 1289 Sed
321 1263 393 1290 istud
411 1264 519 1297 quidem
541 1264 655 1291 necdum
674 1264 824 1299 propalam,
841 1265 955 1292 alterum
970 1273 1035 1293 vero

248 1308 326 1343 longe
343 1310 514 1338 manifestius
529 1311 631 1338 dictum
648 1310 685 1337 illi
699 1315 750 1338 est.
765 1310 888 1338 Alexium
902 1311 1034 1339 Casiauus

247 1361 308 1380 cum
323 1360 420 1387 pr-ctcr
432 1356 560 1383 decorum
575 1357 694 1391 segniter
706 1357 876 1391 remisseque
889 1357 1033 1385 admodum

250 1399 321 1427 bello
336 1401 537 1430 incumbentem
553 1403 710 1438 Hungarico
721 1404 885 1435 adverteret,
898 1411 951 1439 quo
968 1409 1035 1432 tem-

249 1452 316 1478 pore
334 1454 394 1473 cttm
409 1446 470 1474 Be‘a
490 1447 516 1474 in
533 1447 670 1482 llnngaria
684 1448 829 1480 militabat,
845 1448 920 1476 illttm
936 1456 1034 1476 conve-

250 1491 326 1518 niens
342 1493 578 1521 adhortationibus
595 1494 711 1522 incitare
734 1495 767 1521 ad
789 1495 813 1522 id
831 1485 951 1522 animum
976 1495 1035 1530 ejus

249 1537 342 1565 voluit.
368 1539 402 1565 At
428 1539 452 1566 is
478 1539 504 1566 in
531 1546 668 1568 secretum
696 1541 833 1569 hominem
863 1541 1001 1569 abducens
1025 1552 1069 1580 ια

252 1594 260 1608 ι
283 1583 457 1616 Qumris.ait,
479 1587 653 1620 quamobrem
674 1594 688 1613 a
715 1587 813 1621 prteliis
836 1591 866 1614 ut
886 1587 1033 1622 plurimum

249 1629 421 1657 abstineam?
435 1631 497 1665 quia
511 1639 552 1658 me
564 1632 672 1666 generis
686 1633 812 1660 nimirum
829 1633 940 1660 humani
958 1641 1036 1661 cum-

249 1676 366 1702 maxime
394 1677 515 1704 miseret.
541 1687 550 1702 ι
572 1678 664 1704 Altero
679 1678 776 1705 deinde
802 1679 894 1706 nescio
918 1680 981 1713 quid
1000 1681 1034 1707 ad

252 1720 323 1747 lumc
353 1729 505 1749 sermonem
534 1730 701 1758 reponente,
729 1725 786 1752 litec
814 1725 931 1758 subjecit
956 1726 1000 1753 ille
1025 1735 1032 1754 :

251 1776 261 1792 ι
275 1766 406 1800 Quoniam
421 1768 512 1796 delere
525 1769 662 1798 Romanos
675 1771 767 1798 Volens
780 1778 918 1806 prtnceps,
932 1772 1034 1805 impru-

249 1811 354 1844 denter,
371 1805 503 1848 quidquid
519 1814 579 1841 inde
600 1815 716 1848 accidat,
739 1823 786 1842 eos
811 1823 853 1843 me
876 1805 901 1842 in
918 1817 1035 1845 atrocis-

247 1857 316 1884 sima
342 1858 458 1886 educere
482 1860 572 1894 praelia
598 1860 722 1894 imperat.
750 1860 790 1888 Tu
815 1869 898 1895 vero,
929 1862 953 1890 si
976 1863 1034 1891 btet:

249 1904 378 1936 tacueris.
389 1906 494 1934 amicus
506 1907 585 1933 nobis
598 1906 663 1933 eris.
681 1916 690 1932 ι
707 1907 743 1933 lla
757 1907 866 1941 quidem
880 1907 903 1934 is
916 1908 1033 1937 locutus.

249 1949 301 1977 Sed
318 1950 449 1978 Casiauus
474 1952 565 1978 omnia
583 1952 639 1979 laa-c
659 1952 818 1986 imperatori
837 1953 941 1981 retulit.
957 1955 990 1982 Et
1008 1955 1033 1983 id

248 1996 356 2028 quidem
372 1997 505 2031 primum;
524 1999 594 2024 istud
609 2005 673 2025 vero
686 1999 755 2033 quod
770 1999 918 2027 novissime
933 2000 1033 2029 factum

247 2047 300 2074 cst,
317 2042 448 2076 ejusmodi
468 2043 527 2070 fuit.
545 2043 656 2071 Plurimi
681 2052 696 2072 e
715 2044 835 2080 Scythis,
860 2047 905 2080 qui
933 2048 1035 2075 auxilio

249 2087 378 2115 Romanis
404 2094 553 2122 venerant,
575 2097 637 2117 cum
656 2090 743 2124 primo
769 2092 802 2118 de
829 2092 972 2126 stipendiis
1003 2101 1035 2122 ac

248 2135 422 2168 pra-statione
449 2136 560 2163 mttltum
592 2138 667 2172 prius
694 2138 776 2174 239
803 2140 1033 2174 contendissent,

250 2178 358 2206 tandem
392 2181 563 2215 acquievcre.
585 2183 619 2209 At
643 2188 826 2217 protostrator
850 2184 900 2212 hos
927 2185 1034 2213 occulte

1087 937 1168 963 αὑτὸν
1186 936 1313 971 βασιλεὺς
1334 937 1381 964 καὶ
1397 938 1446 973 τὴν
1472 938 1626 973 παράνοιαν
1642 938 1769 973 ἤλεγχεν.
1798 938 1828 964 '0
1847 937 1878 964 δὲ

1087 983 1243 1018 μετάμελος
1270 983 1414 1018 γεγονέναι
1436 984 1516 1016 δόξας
1538 985 1552 1011 ο
1577 984 1658 1016 αὐτὸς
1673 984 1719 1011 καὶ
1734 983 1816 1010 πάλιν
1830 981 1876 1019 ἦν.

1092 1029 1200 1064 Ὀλίγον
1214 1030 1268 1065 γὰρ
1287 1029 1422 1057 διαλιπὼν
1436 1030 1533 1065 χρόνον
1551 1030 1781 1066 προσελάμὸανεν
1796 1031 1877 1062 αὖθις

1085 1076 1132 1103 τὸν
1153 1075 1320 1111 δαιμονιώδη
1345 1077 1451 1103 ἐκεῖνον
1465 1076 1594 1110 καὶπερὶ
1616 1076 1669 1102 τῶν
1694 1076 1784 1103 αὐτῶν
1800 1078 1878 1102 ὲκοι-

1085 1122 1176 1149 νώνει.
1196 1121 1395 1157 Κωνσταντίνῳ
1409 1122 1511 1157 δήποτε
1528 1122 1568 1158 τῷ
1585 1121 1675 1157 Δούκᾳ
1689 1121 1876 1156 συγγεγονὼς,

1085 1168 1115 1200 ὃς
1130 1168 1176 1194 καὶ
1193 1167 1274 1200 αὐτὸς
1292 1167 1425 1202 βασιλέως
1443 1168 1549 1203 ἔγημεν
1565 1168 1728 1202 ἀδελφιδῆν,
1744 1177 1752 1193 ι
1764 1166 1799 1193 Ὢ
1814 1168 1879 1201 βέλ-

1086 1222 1173 1246 τιστε,
1199 1213 1262 1249 ἔφη,
1288 1214 1316 1240 el
1339 1221 1382 1240 σοι
1408 1213 1539 1248 βουλητὸν
1563 1213 1640 1240 ἔσται
1659 1213 1773 1248 γνώμης
1801 1214 1878 1247 ἡμᾶς

1086 1260 1262 1294 κοινωνήσειν
1277 1261 1351 1295 μιᾶς,
1364 1260 1415 1287 οὒκ
1430 1260 1463 1287 ἄν
1473 1268 1515 1291 τις
1536 1259 1624 1296 (ἔφη),
1636 1260 1710 1291 ἴσθι.
1729 1260 1878 1294 περιγενέ-

1086 1305 1149 1332 σθαι
1174 1304 1254 1340 ήμῶν
1268 1306 1358 1340 σχοίη.
1376 1314 1386 1332 ι
1403 1305 1485 1332 Ἀλλὰ
1507 1305 1588 1332 τοῦτο
1618 1305 1666 1340 μὲν
1682 1305 1758 1332 οὔπω
1773 1306 1878 1340 σφόδρα

1085 1351 1243 1385 καταφανὲς
1258 1351 1379 1386 εἴρηται,
1407 1352 1503 1388 ἕτερον
1519 1351 1548 1379 δὲ
1565 1352 1655 1388 πολλῷ
1679 1352 1775 1379 τούτου
1791 1353 1878 1387 ἔναρ-

1085 1397 1228 1433 γέστερον.
1249 1398 1370 1432 Ἀλέξιόν
1394 1407 1462 1426 ποτε
1485 1400 1499 1425 ὸ
1525 1398 1675 1431 Κασιανὺς,
1695 1398 1789 1434 ἐπειδὴ
1803 1399 1877 1434 πέρι

1086 1444 1133 1471 τοῦ
1147 1445 1334 1481 προσήκοντος
1354 1445 1545 1472 ἀνα-πίπτοντα
1565 1445 1661 1472 τοῦτον
1684 1445 1714 1476 ἐς
1736 1445 1782 1471 τὸν
1802 1444 1877 1471 κατὰ

1086 1490 1195 1517 Οὕννων
1210 1491 1328 1525 πόλεμον
1346 1491 1420 1527 ἐώρα
1445 1491 1565 1526 ὁπηνίκα
1592 1491 1640 1523 ξὺν
1668 1491 1706 1527 τῷ
1731 1491 1802 1526 Βελᾷ
1828 1490 1878 1517 ἐπὶ

1086 1537 1220 1572 Οὺννικῆς
1234 1538 1393 1573 ἐστράτευε,
1409 1537 1569 1573 προσελθὼν
1583 1539 1732 1573 παρορμᾷν
1749 1538 1833 1564 αὐτὸν
1847 1539 1877 1569 ἐς

1086 1583 1164 1610 τοῦτο
1179 1584 1327 1618 ἐπεχείρει.
1347 1585 1376 1610 '0
1394 1584 1422 1610 δὲ
1440 1584 1606 1619 παραλαϐὼν
1627 1584 1681 1619 ἰδία
1705 1584 1749 1610 τὶν
1769 1583 1878 1618 ἄνθρω-

1087 1639 1148 1663 πον,
1171 1640 1180 1657 ι
1202 1631 1340 1666 Πυνθάνῃ,
1351 1631 1415 1666 ἔφη,
1440 1628 1471 1658 οἷο
1488 1630 1569 1657 ἕνεκα
1586 1630 1712 1665 πολέμων
1728 1630 1808 1661 αὐτὸς
1823 1631 1879 1657 ἁπ-

1087 1677 1187 1712 ἐχομαι
1202 1678 1236 1704 τὰ
1252 1677 1353 1711 mna;
1371 1679 1413 1704 ὅτι
1427 1678 1512 1712 φειδὼ
1526 1678 1573 1704 τοῦ
1588 1677 1759 1711 ἀνθρωπείου
1773 1678 1876 1712 πολλὴν

1087 1726 1155 1756 ταχω
1175 1722 1271 1756 γένους
1283 1722 1349 1758 παρ’
1362 1722 1487 1757 ἐμαυτῷ.
1508 1733 1516 1749 ι
1532 1722 1586 1749 Τοῦ
1601 1722 1628 1749 δὲ
1640 1723 1686 1749 καί
1701 1731 1725 1748 τι
1746 1723 1815 1756 πρὸς
1828 1723 1876 1748 τὶν

1087 1763 1197 1803 [P157]
1214 1767 1294 1801 λόγον
1321 1767 1416 1794 τοῦτον
1448 1768 1656 1801 ἐπενεγκόντος,
1685 1768 1735 1802 ἔφη
1766 1768 1875 1799 ἐκεῖνος

1089 1823 1098 1840 ι
1117 1813 1179 1841 ’Ότι
1208 1813 1336 1848 βασιλεὺς
1370 1814 1501 1849 ἐκτρῖψαι
1536 1814 1621 1841 θέλων
1654 1814 1685 1840 τὸ
1718 1815 1876 1848 Ῥωμαϊκὸν

1086 1860 1265 1895 ἀπροοράτως
1280 1860 1350 1896 ὅπερ
1361 1860 1394 1887 ἂν
1412 1860 1480 1897 τύχῃ
1499 1861 1544 1887 ἐπὶ
1560 1860 1651 1895 μάχας
1669 1859 1734 1886 αὐτὸ
1749 1860 1875 1886 εἰσωθεῖν

1087 1906 1199 1932 ἐκέλευέ
1218 1915 1262 1941 μοι
1282 1906 1412 1941 ἰσχυρῶς.
1432 1907 1468 1934 Σὺ
1486 1907 1526 1939 δὲ,
1542 1907 1568 1934 εἴ
1585 1916 1630 1942 μοι
1651 1907 1697 1933 τὸν
1713 1906 1794 1940 λόγον
1809 1907 1875 1933 τοῦ-

1086 1958 1131 1977 τον
1147 1951 1288 1987 τηρήσῃς.
1302 1951 1379 1985 φίλος
1392 1951 1458 1986 ἡμῖν
1474 1951 1533 1987 ἔσῃ,
1550 1961 1560 1978 ι
1586 1951 1615 1979 'O
1639 1952 1688 1986 μὲν
1701 1951 1820 1978 τοσαῦτα
1835 1950 1875 1978 εἷ-

1087 2003 1148 2028 πεν,
1164 1996 1178 2022 ὸ
1194 1995 1224 2021 δὲ
1242 1995 1382 2028 Κασιανδς
1401 1995 1510 2031 βασιλεῖ
1523 1996 1610 2024 ταῦτα
1624 1997 1769 2032 ἐμήνυσεν.
1791 1997 1875 2023 nam

1085 2041 1174 2068 ταῦτα
1203 2042 1252 2076 μὲν
1278 2042 1430 2077 πρότερον·
1458 2042 1472 2068 ὃ
1498 2042 1526 2069 δὲ
1552 2042 1708 2070 τελευταῖον
1731 2043 1874 2078 εἴργαστο,

1084 2087 1187 2114 τοιόνδε
1208 2096 1235 2114 τι
1264 2088 1386 2122 ἐγένετο.
1403 2088 1515 2115 Σκυθῶν
1531 2088 1625 2124 ὅμιλος
1651 2090 1698 2116 ἐπὶ
1727 2090 1875 2125 συμμαχίᾳ

1092 2134 1242 2170 Ῥωμαίοις
1264 2135 1427 2169 ἀφικόμενοι
1453 2134 1519 2169 περὶ
1543 2135 1598 2161 τῶν
1613 2135 1766 2168 συντάξεων
1786 2135 1875 2162 πολλὰ

1087 2181 1403 2216 πολυπραγμονήσαντες
1421 2181 1564 2215 πρότερον,
1581 2179 1641 2208 εἶτα
1656 2181 1688 2216 δὴ
1713 2181 1873 2208 κατέθεντο.

247 2225 373 2259 pecuniis
389 2226 505 2259 ittducit,
518 2232 546 2255 ut
561 2236 591 2256 se
606 2228 632 2255 in
648 2229 763 2263 patriam
779 2230 869 2258 redire
881 2230 1031 2265 (ingerent:

1092 2226 1162 2252 Ἀλλ’
1191 2227 1204 2252 ὀ
1233 2225 1454 2261 πρωτοστράτωρ
1479 2226 1533 2260 ἰδίᾳ
1559 2226 1664 2257 τούτοις
1685 2227 1874 2261 ἐντετυχηκὼς

249 2275 329 2298 nocte
350 2276 439 2298 autem
458 2273 602 2306 concubia,
630 2274 834 2302 tabernaculum
862 2276 1034 2311 imperatoris

248 2316 405 2350 frequentes
427 2319 611 2352 adorirentur,
633 2321 889 2356 itnpnguareutque.
913 2321 975 2349 Haec
994 2323 1034 2350 sic

250 2363 386 2397 proposita
403 2368 465 2390 sunt
479 2369 504 2390 et
521 2365 680 2392 deliberata.
694 2366 829 2393 Cmterum
848 2367 964 2394 lautulus
975 2368 1035 2401 qni-

248 2409 310 2434 dam
327 2415 358 2435 ex
375 2409 406 2436 iis
421 2409 465 2444 qui
481 2409 507 2436 in
524 2411 641 2438 tentorio
658 2411 694 2438 illi
720 2412 925 2445 ministrabant,
944 2413 1034 2440 statim

249 2460 330 2487 atque
357 2453 490 2488 ejusmodi
517 2457 628 2484 consilia
659 2457 802 2489 intellexit,
831 2459 976 2486 conlestim
1002 2460 1036 2486 ad

249 2497 381 2526 Thomam
399 2501 553 2527 eunuchum
568 2521 575 2532 ,
593 2501 708 2536 principi
728 2504 811 2530 Itat'ce.
827 2509 908 2530 relate
936 2503 1034 2531 ﬁdissi-

251 2553 335 2576 mum,
347 2551 486 2580 properat,
502 2547 657 2582 indieatque
669 2549 740 2582 quod
755 2549 919 2582 agitabatur.
933 2549 957 2576 ls
971 2557 1036 2578 vero

251 2599 358 2618 ()ttttlettt
382 2599 443 2619 eum
469 2600 623 2621 sermonem
644 2594 760 2628 principi
789 2595 894 2626 refert,
921 2600 948 2622 et
975 2603 1036 2622 mox

251 2638 338 2669 ipsum
363 2645 470 2673 quoque
495 2639 520 2665 ei
545 2639 674 2665 famulum
701 2640 783 2667 sistit.
809 2639 927 2667 Necdum
953 2641 1035 2667 etiam

253 2684 331 2709 tidem
346 2683 425 2711 dictis
439 2690 569 2718 praistare
584 2684 664 2711 voluit
682 2685 843 2720 imperator,
859 2686 944 2712 donec
959 2694 1037 2712 tttane

254 2728 362 2762 Stytiiaa
386 2730 459 2757 nulla
482 2731 515 2758 de
532 2738 612 2757 causa
635 2730 758 2758 difﬂuere
784 2738 815 2757 ac
836 2732 965 2758 recedere
980 2739 1037 2759 cur.-

254 2781 369 2810 perunt;
396 2783 464 2810 quos
493 2783 582 2803 tamen
609 2777 852 2811 pollicitationibus
877 2785 1037 2812 aggressus,

257 2820 283 2846 in
305 2821 356 2848 title
378 2823 485 2848 tandem
504 2823 628 2850 retinuit.
655 2823 694 2850 Ad
719 2824 843 2850 Alcxium
864 2831 927 2851 \‘CIO
955 2824 1038 2857 misit,

253 2874 298 2899 qui
315 2874 376 2893 cum
402 2868 683 2902 comprehenderent,
709 2869 856 2904 statimque
878 2870 904 2897 itt
933 2870 1039 2898 vincula

1086 2274 1226 2308 χρήμασιν
1237 2271 1382 2299 ἀναπείθει
1399 2271 1639 2308 προσποιήσασθαι
1656 2272 1706 2306 μὲν
1720 2272 1760 2303 εἰς
1775 2272 1828 2308 ἢθη
1840 2272 1874 2298 τὰ

1086 2319 1189 2353 πάτρια
1219 2317 1401 2349 παλινοστεῖν,
1428 2317 1539 2344 ἐπειδὰν
1554 2317 1582 2344 δὲ
1599 2317 1670 2352 ἀωρὶ
1689 2317 1744 2343 τῶν
1766 2318 1874 2344 νυκτῶν

1086 2364 1138 2400 ήδη
1155 2363 1278 2398 γένηται,
1292 2363 1408 2398 ἁθρόους
1430 2363 1464 2397 τῇ
1479 2362 1614 2399 βασιλέως
1629 2362 1771 2389 ἐπιθέσθαι
1787 2364 1874 2398 σκηνῇ

1086 2410 1167 2444 ἔργου
1180 2418 1210 2436 τε
1229 2409 1352 2444 ἔχεσθαι.
1366 2408 1476 2435 ἰ’έθειτο
1492 2408 1523 2444 δὴ
1535 2408 1622 2435 ταῦτα
1642 2409 1690 2436 καὶ
1701 2409 1874 2444 βεόούλευτο.

1093 2455 1175 2482 ’Δλλὰ
1193 2455 1336 2490 παιδάριὸν
1352 2463 1378 2481 τι
1401 2455 1456 2481 τῶν
1476 2456 1523 2481 ἐπὶ
1548 2455 1651 2490 σκηνῆς
1668 2455 1742 2490 αὐτῷ
1767 2455 1874 2490 ὑπηρε-

1086 2502 1238 2536 τουμένων,
1264 2501 1416 2537 ἐπειδήπερ
1431 2501 1502 2536 ἔγνω
1516 2502 1565 2537 τὴν
1579 2502 1738 2537 ὲπιὸουλὴν,
1769 2504 1875 2538 σπουδῇ

1088 2550 1117 2580 t;
1130 2549 1176 2575 τὸν
1202 2548 1334 2584 ἑκτομίαν
1349 2548 1450 2583 Θωμᾶν
1468 2549 1616 2583 παρελθὸν,
1641 2549 1670 2580 ὃς
1698 2549 1876 2581 εὐνούστατος

1090 2595 1197 2630 βασιλεῖ
1208 2595 1337 2630 τηνικάδε
1356 2594 1508 2629 ἐτύγχανεν
1531 2594 1579 2628 ὢν,
1595 2596 1731 2630 ἐμήνυσεν
1752 2595 1826 2629 αὑτῷ
1847 2595 1876 2622 τὸ

1089 2640 1215 2675 σκέμμα.
1235 2640 1264 2666 ὀ
1278 2640 1306 2666 δὲ
1329 2640 1371 2671 εις
1387 2640 1500 2674 βασιλέα
1525 2640 1571 2666 τὸν
1600 2640 1690 2667 πάντα
1707 2641 1787 2674 λόγον
1809 2642 1875 2668 ἀναο

1089 2685 1184 2720 γαγὼν
1203 2683 1263 2712 εἶτα
1288 2686 1483 2720 παρεστήσατο
1508 2685 1582 2722 αὐτῷ
1605 2687 1653 2713 καὶ
1668 2687 1699 2713 τὸ
1716 2687 1873 2721 παιδάριον,

1089 2732 1126 2758 οι
1143 2731 1196 2765 μὴν
1208 2731 1248 2756 ἔτι
1261 2731 1315 2761 τοῖς
1333 2730 1492 2765 λεγομένοις
1515 2730 1643 2765 βασιλεὺς
1655 2731 1797 2758 πιστεύειν
1811 2731 1876 2767 ἠθε-

1089 2777 1144 2809 λεν,
1159 2777 1210 2808 ἓως
1224 2776 1308 2803 ἕωθεν
1322 2776 1347 2802 οἱ
1363 2776 1466 2802 Σκύθαι
1495 2776 1542 2802 ἀπ’
1557 2777 1648 2808 αἰτίας
1661 2777 1790 2812 οὐδεμιᾶς
1804 2778 1875 2804 tino.

1090 2825 1190 2859 χωρεῖν
1209 2822 1336 2858 ἤρξαντο.
1358 2822 1462 2858 Augei):
1488 2822 1537 2857 μὲν
1565 2821 1612 2850 οὖν
1628 2823 1808 2858 ὑποσχέσεσιν
1824 2824 1875 2850 ὑπ-

1091 2870 1175 2897 ελθὼν
1192 2868 1315 2904 ἐπισχεῖν
1340 2867 1471 2903 ἠδυνήθη·
1494 2869 1539 2896 ἐπὶ
1556 2869 1584 2896 δὲ
1609 2869 1728 2902 Ἀλέξιον
1743 2871 1807 2903 τοὺς
1823 2869 1875 2896 αὖ·
