1961 3073
189 108 240 141 ἰ51

838 107 998 138 ΙΟΛΝΝΙΞ
1019 106 1181 136 ClNNAMl

1770 107 1831 139 65?

194 166 286 193 σϐείαν
306 167 519 202 ἀποσεισάμενος
538 167 695 201 ἀπράκτους
711 167 809 199 αὐτοὺς
824 167 1017 202 ἀπεπέμψατο,
1039 167 1129 193 πᾶσαν
1149 167 1177 193 ἐν
1197 167 1234 202 νῷ
1249 166 1318 201 ἔχων
1329 166 1448 197 εἰσαῦθις
1462 167 1698 202 καταδραμείσοαι
1713 169 1761 202 τὴν
1775 167 1833 202 χὼ-

194 222 255 248 ραν.

228 259 272 287 10.
298 258 370 286 Inter
393 259 449 286 haec
476 259 635 294 Byzantium
664 260 735 286 venit
757 259 908 286 Palaestinae
937 266 978 285 rex

1035 262 1062 285 ι’.
1085 258 1130 286 Ἐν
1147 259 1237 293 τούτῳ
1262 259 1290 285 δὲ
1306 260 1354 285 καὶ
1367 259 1382 285 ὁ
1397 257 1583 293 Παλαιστίνης
1599 258 1649 294 ρὴξ
1665 259 1711 285 ἐπὶ
1723 258 1831 290 Βυζάν-

192 313 254 332 euut
283 305 406 339 principe
431 304 464 331 de
487 306 602 340 negotiis
622 306 679 332 suis
699 311 808 332 acturus
828 314 836 332 τ
858 305 985 339 impetra-

192 352 280 385 tisque
297 351 330 377 iis
347 358 408 385 quae
423 356 593 386 poposcerat,
612 358 709 385 pta-ter
727 352 777 378 alia
799 351 881 378 multa
899 351 985 385 impe-

193 396 274 423 ratori
295 396 374 424 fidem
391 401 418 424 et
441 396 593 424 clientelam
611 398 749 432 professus
763 403 815 425 est.
839 397 896 424 Sub
912 397 984 424 idem

191 442 272 468 ctiam
291 446 394 475 tempus
415 447 442 468 et
458 441 586 475 Venetos,
604 447 736 476 quotquot
774 442 894 478 Byzantii
917 442 984 468 etin

191 487 396 522 quibuscunque
405 487 588 514 Romanorum
607 488 752 522 provinciis
768 488 937 519 habitabant,
957 488 984 514 in

192 533 314 566 publicos
331 541 455 560 carceres
473 533 598 568 conjeeit,
618 533 780 568 illorumquc
803 533 872 561 bona
893 533 983 568 publi-

190 579 263 605 cavit
287 583 312 606 et
329 579 394 606 tisco
417 579 531 611 addixit,
550 579 585 606 ob
601 585 661 606 eam
678 586 758 613 quam
785 579 905 606 dicturus
923 586 982 605 sum

191 632 312 652 causam.
326 624 489 652 Venetorum
503 625 576 658 regio
592 624 618 650 in
636 625 765 651 extremis
782 625 905 659 partibus
917 623 982 650 Ionii

191 672 266 697 sinus
282 671 332 698 sita
344 676 385 697 est
399 679 405 697 :
418 671 485 697 mari
499 678 563 698 vero
577 670 732 697 circumﬂua
746 671 852 705 longius
865 679 878 697 a
893 671 983 697 littore

191 717 301 750 paludes
325 717 473 751 protendit,
493 717 518 743 in
537 724 605 751 quas
628 725 703 744 mare
723 718 819 751 saepius
841 725 888 751 per
911 717 981 743 diem

192 762 316 795 inﬂuens,
346 768 421 790 certo
451 763 566 797 quodam
596 768 716 798 tempore
743 763 908 797 navigabiles
935 770 983 790 eas

191 809 254 836 facit
271 817 278 835 :
298 813 326 834 at
350 816 411 836 cum
427 817 535 836 rursum
557 808 667 839 recedit,
693 809 847 836 inaccessas
871 816 982 842 prorsus

192 854 279 881 reddit
304 854 418 881 navibus
443 855 553 889 perinde
576 863 608 882 ac
629 855 793 882 nominibus.
819 854 867 881 Est.
890 859 980 881 autem

191 907 256 932 gens
274 899 323 926 ista
341 899 463 926 moribus
477 899 640 934 depravatis,
660 899 741 933 impia
765 904 792 925 et
812 897 943 930 sacrilega
958 898 979 924 si

191 953 249 978 qua!
264 945 316 971 alia
329 950 356 971 et
368 931 519 977 illiberalis,
532 949 623 979 utpote
639 931 757 971 nauticis
768 943 878 978 ineptiis
890 943 978 977 plena.
997 931 1016 960 Β

191 991 220 1018 lIi
239 999 298 1017 cum
317 990 413 1018 Alexio
436 991 594 1025 imperatori
613 990 694 1025 281
718 990 863 1024 aliquando
880 989 980 1016 auxilio

189 1039 337 1069 venissent,
354 1046 407 1073 quo
419 1044 541 1074 tempore
557 1038 692 1065 Robertus
706 1035 753 1065 ille
770 1045 802 1064 ex
819 1037 895 1064 ltalia
913 1036 980 1072 Dyr-

191 1085 331 1112 rhachium
352 1085 532 1112 transmissus
552 1088 634 1111 totam
649 1085 785 1111 invaserat
801 1083 979 1118 provinciam,

188 1131 321 1159 moreedis
337 1131 396 1158 loco
410 1138 470 1157 cum
483 1131 535 1157 alia
550 1130 634 1157 multa
650 1137 779 1164 accepere
795 1135 851 1156 tum
864 1135 981 1163 prmser-

189 1176 235 1202 tim
263 1175 385 1211 Byzantii
415 1175 601 1210 angiportum,
628 1183 706 1210 quem
733 1174 875 1202 Embolum
903 1174 981 1208 vulgo

189 1223 326 1256 appellant
349 1231 357 1249 :
383 1222 487 1257 solique
509 1222 628 1249 omnimn
645 1225 789 1256 eapropter
801 1229 834 1248 ex
851 1221 895 1247 illo
912 1225 981 1246 tem-

188 1275 252 1302 pere
268 1267 387 1295 decimas
399 1275 432 1294 ex
447 1273 599 1294 mercatura
620 1266 752 1293 Romanis
766 1273 818 1293 nou
833 1265 980 1292 solverunt.

185 1313 249 1340 lude
264 1313 291 1340 in
309 1313 471 1340 innuensum
491 1313 567 1340 ditati
586 1313 675 1339 statim
699 1313 724 1339 in
748 1311 903 1346 superbiam
921 1318 982 1345 pro-

188 1366 301 1393 rupere:
319 1359 385 1385 adeo
399 1362 428 1385 ut
440 1358 514 1385 cives
536 1358 647 1392 perinde
674 1365 706 1384 ac
723 1357 858 1392 mancipia
882 1362 982 1383 tracta-

187 1409 258 1436 rent,
270 1411 356 1438 neque
369 1411 416 1431 eos
428 1404 560 1430 duntaxat
575 1404 621 1438 qui
637 1403 672 1430 de
688 1403 778 1430 infima
792 1403 866 1437 plebe
879 1407 980 1435 essent,

187 1458 281 1478 verum
296 1456 322 1478 et
338 1451 383 1486 qui
402 1450 573 1478 sebastorum
596 1454 643 1476 aut
659 1449 711 1476 alia
724 1450 820 1484 quavis
834 1449 903 1484 apud
925 1448 982 1476 Ro-

188 1504 282 1524 manos
298 1495 402 1530 majore
420 1495 551 1530 dignitate
570 1486 705 1530 fulgerent
720 1501 729 1521 :
745 1495 844 1530 quibus
861 1495 983 1529 indigna-

190 1549 232 1570 tus
252 1541 375 1569 Joannes
400 1542 550 1577 imperator
569 1550 665 1569 omnes
684 1550 699 1568 a
723 1541 846 1569 Romano
868 1542 982 1577 imperio

186 1590 336 1624 expulerat.
361 1588 450 1623 Atque
471 1587 534 1615 inde
555 1595 570 1615 a
588 1587 719 1615 Rmnanis
739 1588 883 1615 vindictam
904 1595 981 1623 repe-

187 1639 245 1662 tere
265 1642 372 1661 smnmo
389 1642 450 1661 cum
471 1635 562 1662 studio
581 1634 762 1662 enitebautur.
780 1634 873 1662 Classe
892 1635 981 1670 itaque
994 1629 1019 1640 υ

187 1689 282 1717 compa
288 1686 345 1708 rata
355 1681 479 1716 factaque
489 1681 515 1708 in
525 1688 617 1708 eorum
629 1686 716 1708 terras
724 1681 874 1716 irruptione
883 1681 980 1708 Chium

186 1729 311 1762 capiunt,
334 1732 360 1755 et
385 1728 508 1755 Rhodum
533 1733 615 1761 atque
636 1727 765 1759 Lesbum,
789 1727 981 1755 celeberrimas

186 1774 299 1807 insulas,
329 1774 537 1809 depopulantur.
562 1773 625 1801 Inde
653 1774 686 1800 ad
716 1773 873 1801 Palaestinos
900 1773 981 1800 delati

186 1829 246 1847 cum
261 1821 301 1848 eis
316 1819 421 1855 Tyrqu
441 1825 596 1855 expugnant
612 1828 619 1846 :
637 1820 670 1846 ad
690 1821 746 1847 haec
761 1820 786 1847 in
802 1821 870 1847 mari
888 1820 983 1854 pirati-

187 1875 245 1893 cam
254 1871 411 1894 exercentes
419 1866 482 1893 nulii
494 1866 630 1893 hominum
641 1866 766 1893 scelerati
775 1866 818 1893 isti
828 1873 982 1901 pepercere.

187 1913 369 1946 Quamobrem
391 1916 421 1938 ut
444 1912 478 1939 ab
505 1912 668 1946 imperatore
685 1913 710 1938 in
735 1912 851 1945 priorem
879 1917 979 1939 statum

187 1965 251 1986 sunt
266 1958 395 1990 restituti,
408 1957 496 1992 maior
509 1965 556 1984 eos
571 1958 662 1984 statim
683 1957 794 1984 incessit
814 1958 938 1992 superbia
954 1963 980 1986 et

188 2004 342 2031 insolentia.
358 2003 519 2036 Arrogantia
532 2003 604 2029 enim
619 2007 692 2029 recte
707 2003 838 2030 laetorum
849 2003 978 2038 opinione

188 2049 277 2076 inﬂata
289 2049 450 2083 quandoque
458 2048 484 2075 iu
495 2048 616 2076 ultimam
626 2048 826 2083 improbitatem
837 2049 978 2077 deﬂectere

186 2096 267 2123 solet.
283 2095 360 2123 Unde
378 2094 479 2122 factum
494 2100 547 2128 est,
562 2099 592 2121 ut
608 2095 698 2123 multis
724 2095 859 2124 nobilibus
873 2097 937 2124 \iris
951 2102 977 2124 et

187 2141 301 2177 principi
320 2140 449 2168 aﬂinitate
465 2140 569 2176 junctis
584 2141 676 2175 plagas
699 2141 840 2168 intulerint
861 2143 977 2177 aliisque

1036 313 1093 331 τιον
1120 303 1186 340 ἦλθε
1214 307 1278 341 περὶ
1303 302 1339 332 ὧν
1371 305 1473 341 ἑχρηζε
1499 305 1634 340 βασιλέως
1653 306 1831 341 δεησόμενος.

1036 350 1132 386 Τυχὼν
1148 351 1176 377 δὲ
1189 346 1226 378 ὧν
1244 351 1340 381 ἐδεῖτο.
1355 351 1422 377 ἄλλα
1430 359 1460 376 τε
1470 351 1556 377 πολλὰ
1572 351 1618 376 καὶ
1632 350 1754 376 δουλείαν
1770 351 1831 383 (5‘2)

1035 398 1082 423 ἐπὶ
1102 397 1210 429 τούτοις
1225 397 1332 432 βασιλεῖ
1347 397 1562 432 διωμολόγηκεν.
1580 397 1649 423 Ύπδ
1661 397 1758 423 τοῦτον
1771 397 1830 431 (55)

1035 444 1081 471 τὸν
1092 443 1188 479 χρόνον
1206 444 1253 470 καὶ
1272 444 1448 475 Οὑεννέτους,
1464 443 1522 470 ὅσοι
1538 443 1566 469 ἓν
1579 451 1607 470 τε
1622 443 1763 478 Βυζαντίῳ
1778 443 1830 470 καὶ

1036 490 1097 520 ταῖς
1110 489 1177 515 ὅπου
1188 489 1287 524 δήποτε
1306 488 1450 522 Ῥωμαίων
1465 487 1588 523 ᾧκηνται
1601 488 1722 523 χώραις“,
1739 488 1831 522 δημε-

1036 534 1109 565 σίαις
1118 535 1251 570 φρουραῖς
1265 533 1454 569 παραπέμψας
1463 534 1512 565 τὰς
1522 534 1616 565 οὐσίας
1634 533 1833 569 ἁναγράπτους

1035 580 1075 610 εἰς
1099 579 1130 609 τὸ
1154 579 1284 614 δημόσιον
1302 579 1451 613 ἐποιήσατο
1476 578 1520 614 [Ρ.
1535 578 1595 614 164]
1617 579 1663 604 ἀπ’
1687 579 1778 610 αἰτίας
1795 576 1831 614 ἧς

1034 624 1117 656 αὐτὸς
1129 623 1199 659 ἐρῶν
1220 623 1347 659 ἔρχομαι.
1366 624 1522 650 Οὺεννέτων
1541 624 1558 659 ὴ
1581 623 1658 659 χώρα
1672 625 1761 650 κεῖται
1779 624 1831 658 μὲν

1034 671 1063 702 ἐς
1075 670 1123 696 τοῦ
1158 670 1253 697 Ἰονίου
1273 671 1377 697 κόλπου
1405 669 1440 696 τὰ
1459 670 1573 705 ἔσχατα,
1588 670 1711 706 θαλάσσῃ
1732 670 1759 696 δὲ
1775 671 1832 704 ἀμ-

1034 717 1165 752 φίρῤυτος
1190 713 1258 743 οὖσα
1288 716 1401 750 τέναγός
1432 716 1487 751 (54)
1518 724 1544 742 τι
1563 715 1752 751 .προϐἀλλεται
1778 716 1831 750 τῆς

1033 763 1120 797 ἀκτῆς
1143 762 1249 798 μακρὸν
1272 763 1344 790 ὅσον.
1371 762 1457 789 Ἔνθα
1473 763 1522 797 τῆς
1548 763 1654 798 ἡμέρας
1671 763 1687 797 ἡ
1705 762 1831 790 Θάλασσα

1034 809 1165 841 πολλάκις
1183 809 1337 844 προσιοῦσα
1357 809 1453 845 καιρὸν
1473 810 1522 844 μέν
1533 818 1594 836 τινα
1610 809 1732 844 πλὼῖμον
1761 810 1830 836 αὐτὸ

1034 856 1162 886 ποιεῖται,
1178 855 1224 881 τὸν
1235 855 1360 890 πορθμὸν
1369 855 1391 881 δ’
1407 855 1485 887 αὖθις
1507 856 1662 882 ἀναλύουσα
1676 856 1829 890 ἀπόρευτον

1033 901 1194 927 παντάπασι
1208 901 1288 927 ναυσί
1305 909 1335 927 τε
1347 902 1393 927 καὶ
1408 901 1563 936 ἀνθρώποις
1572 901 1728 936 ἐργάζεται.
1748 902 1829 928 Ἔστι

1031 947 1060 973 δὲ
1077 947 1107 973 τὸ
1123 947 1198 978 ἔθνος
1214 947 1275 981 ἥθει
1295 947 1344 981 μὲν
1369 946 1522 982 διεφθορὸς,
1540 947 1694 982 βωμολόχον
1714 947 1770 984 (55)
1787 949 1829 974 εἲ-

1032 1001 1085 1028 περ
1102 1001 1127 1018 τι
1147 992 1194 1019 καὶ
1214 991 1399 1028 ἀνελεύθερον,
1416 991 1464 1018 ἅτε
1494 993 1541 1018 καὶ
1564 992 1757 1027 ἀπειροκαλίας
1779 1001 1830 1025 με-

1033 1040 1094 1065 στὸν
1107 1038 1247 1072 ναυτικῆς.
1264 1035 1355 1071 Οὗτοι,
1365 1037 1477 1073 Ἀλεξίῳ
1491 1037 1545 1073 (56)
1560 1038 1623 1064 ποτὲ
1635 1038 1738 1073 βασιλεί
1748 1040 1828 1074 χεῖρα

1032 1085 1238 1120 παρασχόμενοι
1249 1084 1404 1119 σύμμαχον,
1416 1084 1536 1120 ὁπηνίκα
1546 1083 1711 1120 Ῥομπὲρτος
1723 1086 1828 1116 ἐκεῖνος

1032 1131 1061 1164 ἐξ
1094 1130 1209 1162 Ἰταλίας
1231 1130 1277 1157 ἐπὶ
1294 1130 1447 1166 Δυῤῥάχιον
1467 1130 1565 1162 διαϐὰς
1592 1131 1750 1167 ἐπολιόρκει
1775 1132 1827 1166 τὴν

1033 1175 1140 1211 χώραν,
1159 1175 1278 1211 ἀμοιϐῆς
1293 1176 1458 1210 τυγχάνουσι
1472 1175 1522 1210 τῆς
1535 1185 1564 1203 τε
1580 1176 1664 1211 ἄλλης
1674 1177 1722 1204 καὶ
1733 1177 1764 1212 δὴ
1779 1178 1829 1203 καὶ

1033 1222 1170 1252 στενωπὸς
1180 1221 1273 1252 αὐτοῖς
1284 1222 1314 1248 ὲν
1327 1220 1467 1256 Βυζαντίῳ
1480 1221 1660 1256 ἀποτέτακτο,
1676 1223 1706 1249 ὃν
1722 1223 1827 1258 Ἐμϐα-

1032 1268 1076 1294 λον
1104 1267 1288 1303 ὀνομάζουσιν
1311 1269 1334 1294 οξ
1362 1268 1466 1300 πολλοὶ,
1485 1269 1561 1304 μόνοι
1576 1277 1605 1295 τε
1623 1270 1678 1295 τῶν
1696 1270 1829 1297 ἁπάντων

1031 1313 1076 1340 διὰ
1092 1313 1171 1339 τοῦτο
1189 1313 1238 1341 τὰς
1264 1313 1324 1339 κατ’
1356 1314 1494 1350 ἐμπορίαν
1518 1314 1633 1346 δεκάτας
1649 1315 1704 1349 (57)
1730 1316 1822 1342 οὐδενὶ

1040 1359 1184 1394 Ῥωμαίων
1207 1359 1237 1391 ἐξ
1260 1359 1367 1386 ἐκείνου
1395 1359 1576 1396 παρέσχοντο.
1606 1361 1701 1387 Τοίνυν
1724 1363 1772 1388 καὶ
1794 1362 1827 1388 τὸ

1033 1406 1219 1441 ἀσυμμέτρως
1237 1406 1364 1433 ἐντεῦθεν
1385 1407 1513 1433 πλουτεῖν
1539 1409 1607 1442 ταχὺ
1622 1409 1649 1439 ὲς
1666 1409 1828 1440 ἀλαζονείαν

1033 1454 1132 1484 αὐτοὺς
1149 1451 1228 1489 ἦρεν.
1253 1453 1344 1487 Ἀνδρὶ
1361 1454 1453 1488 μέντοι
1477 1454 1573 1488 πολίτῃ
1593 1456 1643 1481 ὅσα
1660 1456 1707 1481 καὶ
1723 1456 1828 1491 ἀνδρα-

1034 1500 1106 1535 mea,
1121 1500 1278 1534 προσεῖχον,
1292 1499 1350 1525 ἀλλ’
1365 1500 1414 1534 οὐχ
1427 1500 1500 1531 ὅπως
1517 1500 1571 1526 τῶν
1587 1501 1693 1527 πολλῶν
1707 1511 1761 1528 τινι
1779 1503 1827 1529 καὶ

1033 1546 1202 1581 δημοτικῶν,
1220 1545 1290 1571 ἀλλὰ
1308 1545 1360 1572 κᾶν
1377 1553 1420 1577 τις
1452 1546 1498 1572 ἐπὶ
1524 1546 1701 1582 σεϐαστότητι
1715 1548 1826 1582 ἐφρόνει

1033 1591 1085 1618 κᾶν
1100 1591 1146 1618 ἐπὶ
1160 1591 1253 1626 μεῖζόν
1275 1601 1302 1618 τι
1318 1591 1424 1627 προῆκε
1449 1592 1504 1617 τῶν
1522 1592 1597 1627 παρὰ
1615 1593 1762 1628 Ῥωμαίοις
1782 1603 1827 1621 σε-

1037 1637 1122 1672 μνῶν.
1147 1637 1205 1672 Ἐφ’
1217 1635 1257 1668 οἷς
1271 1637 1429 1672 χαλεπήνας
1443 1638 1457 1663 ὁ
1475 1637 1602 1673 βασιλεὺς
1626 1640 1755 1675 Ἰωάννης
1777 1642 1827 1667 ἐκ-

1035 1684 1125 1710 πςιὸὼν
1145 1684 1196 1718 τῆς
1221 1683 1368 1718 Ῥωμαίων
1385 1684 1487 1716 αὐτοὺς
1501 1685 1651 1720 ἐποιήσατο
1674 1687 1825 1719 πολιτείας.

1041 1730 1182 1757 Ἐντεῦθεν
1196 1729 1354 1765 ἀμύνασθαι
1372 1729 1526 1764 Ῥωμαίους
1538 1731 1582 1758 διὰ
1599 1732 1715 1767 σπουδῆς
1732 1734 1826 1766 αὐτοῖς

1033 1775 1077 1813 ἦν.
1093 1777 1191 1803 Στόλον
1219 1773 1266 1803 οὖν
1286 1777 1485 1811 τεκτηνάμενοι
1503 1778 1571 1803 νεῶν
1588 1777 1690 1804 τούτων
1706 1779 1826 1814 ἐπῆλθον

1033 1825 1067 1860 τῇ
1089 1825 1124 1859 γῇ
1139 1832 1146 1840 ο
1159 1824 1203 1850 ὅτε
1217 1823 1249 1858 δὴ
1272 1823 1340 1850 Χίον
1351 1832 1380 1850 τε
1395 1821 1466 1850 εἶλον
1480 1824 1527 1850 καὶ
1549 1824 1641 1851 Ῥόδου
1657 1825 1704 1851 καὶ
1715 1826 1825 1853 Λέσϐου

1033 1871 1123 1905 νήσων
1141 1870 1317 1904 κατέδραμον
1331 1869 1498 1904 ὀνομαστῶν.
1517 1870 1580 1897 Ἐπὶ
1591 1870 1780 1898 Παλαιστινῶν
1795 1881 1826 1899 τε

1033 1914 1217 1950 καταχθέντες
1228 1915 1278 1950 τὴν
1289 1915 1341 1950 γῆν
1351 1914 1440 1950 Τύρον
1455 1914 1514 1950 ἅμα
1529 1915 1622 1946 αὐτοῖς
1636 1916 1823 1952 ἐκπολιορκή-

1035 1969 1131 1992 σαντες
1148 1959 1231 1993 εἷλον,
1249 1961 1299 1996 τὴν
1314 1961 1342 1986 ὲν
1351 1960 1474 1997 θαλάσσῃ
1491 1969 1521 1987 τε
1540 1961 1680 1996 μετιόντες
1693 1961 1824 1997 λῃστείαν

1033 2005 1161 2041 οὐδεμίαν
1173 2005 1197 2031 οἱ
1209 2005 1408 2039 κακοδαίμονες
1425 2005 1578 2040 ἀνθρώπων
1589 2005 1741 2041 ἐλάμϐανον
1761 2016 1823 2041 φει-

1031 2051 1079 2077 δώ.
1094 2050 1133 2076 Δι’
1155 2050 1173 2077 ἃ
1190 2050 1317 2086 βασιλεὺς
1332 2050 1378 2076 ἐπὶ
1393 2051 1450 2081 τοῖς
1465 2051 1608 2085 προτέροις
1624 2051 1722 2082 αὐτοὺς
1737 2059 1824 2086 προσ-

1032 2097 1173 2133 ηκάμενος
1184 2097 1230 2122 ἐπὶ
1251 2095 1351 2131 μᾶλλον
1362 2095 1461 2130 ἐξῆρεν
1481 2095 1642 2128 ἀλαζονείας
1659 2096 1705 2122 καὶ
1724 2097 1823 2130 τύφου.

1031 2143 1168 2170 Λὺθάδεια
1209 2141 1265 2177 γὰρ
1296 2142 1449 2177 κατορθοῦν
1478 2141 1579 2175 δόξασα
1615 2143 1654 2174 εἰς
1692 2142 1824 2169 ἀπόνοιαν

861 2203 905 2233 Ι)υ
924 2202 1037 2242 Cangii
1056 2206 1150 2234 notae.

223 2265 279 2300 (52)
323 2265 378 2292 Καὶ
405 2265 558 2291 δουλείαν.
578 2265 646 2290 Vide
674 2265 879 2297 inscriptionem
897 2271 975 2298 quam

186 2301 337 2336 retulimus
349 2300 375 2336 in
386 2299 585 2336 dissertatione
597 2298 632 2336 ‘2'l_
646 2299 679 2325 ad
692 2297 855 2336 loinvillam»
871 2307 897 2333 p.
913 2299 975 2326 519.

222 2335 278 2370 (55)
293 2335 368 2361 ’Υπὸ
383 2332 494 2361 τοῦτον
504 2333 565 2370 τὸν
577 2333 698 2370 χρόνον.
710 2332 750 2370 Ut
762 2332 857 2370 Veneti
872 2332 977 2361 merca-

187 2368 260 2397 tores
269 2371 413 2404 caetet'ique
426 2368 581 2404 reipublicae
592 2368 697 2395 Veneue
711 2368 828 2401 subditi,
841 2373 975 2404 quotquot

187 2407 257 2432 intra
276 2404 418 2439 Byzantini
436 2403 542 2438 imperii
555 2403 623 2430 lines
641 2404 750 2439 reperti.
771 2405 879 2430 carceri
899 2403 975 2431 uian-

186 2441 268 2474 cipati
294 2438 393 2466 fuerint
413 2445 561 2472 eorumque
579 2439 648 2466 bona
662 2438 836 2474 Apublieata"
850 2439 974 2473 pluribus

187 2472 271 2502 refert
285 2474 404 2506 Nicetas,
417 2474 435 2500 l.
451 2481 478 2504 v.
492 2481 520 2500 n.
538 2474 565 2505 9,
580 2478 646 2500 utet
659 2472 819 2505 Sabellicus,
835 2472 932 2501 decad.
947 2475 972 2506 1,

187 2510 205 2536 I.
223 2517 271 2537 vu.
292 2510 330 2536 Ita
346 2510 415 2537 idem
431 2509 537 2536 Maliaci
557 2508 701 2540 similibus,
715 2513 744 2534 ut
756 2516 804 2542 par
818 2513 861 2536 est
876 2509 972 2536 crede-

187 2553 227 2577 re,
238 2545 270 2572 de
284 2545 373 2572 causis
386 2544 497 2571 Pisanos
513 2543 558 2578 qui
572 2543 648 2576 Cpoli
664 2543 819 2577 frequentes
842 2544 877 2570 ob
892 2551 965 2571 mer-

187 2580 303 2607 cimonia
334 2580 455 2612 aderant,
471 2579 537 2605 urbe
554 2583 580 2605 et
604 2578 709 2612 imperii
729 2578 877 2605 ditionibus
893 2583 966 2612 post-

189 2615 294 2642 modum
315 2615 427 2648 expulit,
437 2621 536 2648 eosque
549 2621 655 2648 rursum
677 2614 811 2639 revocavit
825 2621 870 2640 an.
883 2613 962 2647 M12,

188 2655 217 2678 ut
234 2655 276 2677 est.
302 2650 328 2676 in
349 2647 501 2676 Annalibus
524 2656 612 2675 rerum
628 2647 717 2675 Pisan.
734 2648 908 2681 Ughelltanis.

224 2685 279 2719 (54)
301 2685 426 2718 Τέναγός
438 2692 475 2710 τι.
501 2683 694 2711 Constantinus
708 2684 752 2719 _de
764 2683 844 2710 Adm.
870 2683 966 2719 imper.

190 2729 204 2748 π
228 2715 287 2747 ’δεί
298 2719 330 2746 Ἡ
344 2715 455 2746 Βενετίσ.
470 2719 502 2745 τὸ
517 2719 566 2752 μὲν
579 2719 691 2745 παλαιὸν
707 2715 741 2753 ἦν
767 2718 849 2750 τόπος
864 2715 968 2753 ἐρήμὸς

189 2764 231 2786 τε,
251 2755 379 2789 ἀοίκητος
390 2755 437 2780 καὶ
450 2753 599 2789 βαλτῲδης.

225 2791 282 2825 (ὕὸ)
300 2787 487 2823 Βὼμολόχον.
507 2788 613 2816 Nicetas
640 2788 676 2825 de
697 2787 825 2816 Venetis:
838 2788 969 2825 ν’ᾼνδρας

191 2823 324 2859 ίιαλάττης
357 2826 528 2858 τροφίμους,
566 2825 637 2850 κατὰ
661 2824 788 2855 Φοίνικας
831 2823 970 2858 ἀγύρτας,

323 2264 378 2292 Καὶ
405 2263 558 2291 δουλείαν.
577 2262 646 2299 Vide
674 2263 879 2299 inscriptionem
897 2271 977 2298 quam

1033 2264 1204 2299 πανούργους
1234 2264 1265 2291 τὺ
1292 2265 1429 2299 φρόνημα.

1067 2298 1127 2334 (56)
1146 2298 1234 2328 Οὗτοι
1263 2298 1393 2332 Ἀλεξῑφζ
1412 2299 1554 2334 Pririlegia
1575 2301 1662 2330 varia,
1691 2299 1822 2327 immuni-

1031 2339 1101 2362 tates
1113 2340 1140 2362 et
1154 2335 1254 2368 praedia
1268 2342 1397 2362 concessa
1420 2334 1528 2362 Venetis
1544 2336 1577 2362 ab
1592 2334 1687 2361 Alexio
1707 2335 1741 2361 ob
1754 2342 1823 2368 prm-

1029 2371 1124 2397 stitum
1142 2370 1192 2396 sibi
1222 2374 1315 2397 contra
1347 2369 1519 2396 Wiscardum
1548 2369 1678 2396 auxilium
1704 2373 1822 2397 testatur

1029 2405 1119 2436 Anna,
1135 2405 1154 2432 l.
1175 2412 1202 2431 vt
1220 2404 1296 2431 Alex.
1314 2404 1499 2437 β.161,162.

1064 2439 1121 2475 (57)
1135 2439 1278 2473 Δεκάτας.
1300 2440 1414 2475 Decimae
1427 2440 1567 2475 mercium.
1580 2439 1672 2467 Gloss.
1687 2439 1797 2475 Basilio.
1812 2449 1820 2467 :

1029 2475 1258 2509 Δεκατευτήριον,
1281 2474 1419 2505 τελώνιον,
1435 2474 1584 2509 Hesychius
1604 2482 1611 2501 :
1643 2474 1820 2507 Δεκατεύειν,

1029 2483 1258 2535 Δεκατευτηὲιιον,
1281 2483 1419 2505 τελωνιον,
1436 2483 1584 2535 ηεεόειιιιιε
1604 2483 1611 2501 :
1643 2483 1820 2507 Δεκατευειν,

1027 2510 1165 2545 τελωνεῖν.
1199 2509 1301 2545 εκάτην
1316 2509 1485 2544 εἰσπράττεσ
1504 2517 1542 2535 αι.
1559 2510 1738 2545 Δεκατευται,
1773 2517 1820 2535 τε-

1026 2544 1121 2577 λῶναι,
1139 2545 1166 2571 at
1182 2544 1232 2579 τὴν
1243 2544 1344 2571 δεκάδα
1360 2544 1376 2579 ἢ
1391 2544 1509 2579 δεκάτην
1528 2544 1697 2578 ἐκλέγοντες.
1713 2544 1817 2571 Charta

1021 2578 1132 2613 Rogerii
1148 2578 1216 2613 regis
1232 2579 1332 2606 Sicilia:
1344 2578 1396 2605 an.
1415 2579 1484 2606 1157
1511 2580 1580 2612 apud
1607 2579 1756 2613 Ugbelllum
1790 2580 1816 2605 in

1018 2615 1177 2649 arcbiepisc.
1194 2613 1357 2641 Salernitan.
1368 2623 1374 2640 :
1387 2613 1517 2641 Praeterea
1530 2615 1646 2641 det-alius
1659 2619 1683 2640 et
1696 2613 1823 2647 aliajura

1017 2654 1206 2679 mercatorum,
1223 2657 1281 2684 qua:
1305 2649 1472 2676 Salernilani
1496 2649 1523 2675 in
1547 2649 1712 2684 Alexandria
1743 2650 1819 2681 prius

1022 2685 1169 2718 persolvere
1183 2683 1256 2711 soliti
1271 2688 1358 2717 erant,
1373 2684 1407 2710 ad
1435 2684 1540 2710 modum
1558 2683 1656 2710 Sicilire
1669 2684 1819 2717 negotiato—

1023 2727 1092 2752 rum,
1109 2719 1198 2746 reduci
1217 2720 1354 2753 {act‘emus.
1370 2719 1503 2745 Decimum
1525 2719 1551 2745 iu
1567 2719 1712 2753 diplomate
1725 2718 1819 2745 Caroli

1023 2753 1110 2789 Magni
1124 2756 1193 2787 apud
1205 2755 1327 2781 Donblet.
1353 2754 1378 2780 in
1395 2754 1494 2781 Histor.
1509 2753 1694 2789 rSan-Itioiiys.
1710 2761 1736 2787 p.
1755 2753 1821 2788 708,

1024 2788 1085 2817 709.
1105 2789 1170 2816 Vide
1186 2789 1341 2824 Agatbiam,
1359 2789 1376 2815 Ι.
1396 2796 1422 2821 v,
1438 2796 1465 2823 p.
1481 2788 1542 2819 151,
1564 2788 1574 2815 1
1593 2789 1659 2816 edit.
