1947 3081
152 159 208 190 669

741 161 1010 191 HISTORIARUM
1033 159 1106 189 LIB.
1126 160 1196 191 VII.

1728 157 1780 188 67f)

810 252 1030 295 BIBAION
1067 249 1119 294 Z'.

815 424 968 463 LIBER
1010 426 1101 465 VII.

192 575 227 599 α’.
247 573 280 598 ’Δ
297 571 346 607 μὲν
363 570 410 599 οὖν
424 574 488 608 ἄχρι
505 574 553 600 καὶ
568 574 647 610 δεῦρο
662 575 702 606 εἰς
715 574 829 609 ἤπειρον
845 574 941 600 ἑκατέ-

1033 576 1056 602 ι.
1077 577 1113 604 Ea
1131 577 1187 605 fere
1211 581 1273 604 sunt
1296 584 1354 612 qua:
1373 576 1504 603 hactenus
1525 582 1637 610 utraque
1652 576 1677 602 in
1695 575 1781 602 conti-

155 627 206 653 ραν
223 618 327 653 βασιλεῖ
338 619 466 654 Μανουὴλ
484 621 623 654 εἴργαστο,
640 620 730 646 τοιάδε
743 620 804 646 τινὰ
819 620 941 654 ἐγένετο.

161 663 241 697 Ἑξῆς
259 663 286 690 δέ
301 672 346 699 μοι
361 665 530 699 γεγράψεται
546 665 595 691 ὅσα
611 665 657 691 ἐπὶ
674 665 767 696 Ἀσίας
783 665 838 699 ('74)
858 673 941 700 στρα-

153 710 313 744 τευσαμένῳ
332 710 419 744 τούτῳ
443 710 584 743 ξυνέπεσε.
610 711 805 743 Κλιτξιεσολὰν
822 711 887 746 γὰρ,
910 708 941 736 οὖ

153 756 239 782 πολὺν
252 757 282 781 ὲν
295 757 352 787 τοῖς
378 756 534 791 ἔμπροσθεν
550 756 740 791 ἐποιησάμεθα
755 757 845 790 λόγον,
873 757 942 793 χρή-

155 810 243 836 ματα,
261 801 355 836 ὥσπερ
368 801 447 836 ἔφην,
463 802 568 835 μεγάλα
583 802 650 837 πρὸς
664 802 795 837 βασιλέως
811 811 942 838 κεκομισ-

155 848 237 882 μένος
254 847 395 882 δυνάμεώς
409 856 439 873 τε
455 849 500 874 ἐπὶ
526 848 651 874 πλεῖστον
675 846 727 884 ἧκε
749 849 796 875 καὶ
811 849 865 875 τῶν
880 850 943 884 τῇδε

153 893 295 920 δυναστῶν
317 894 413 925 ἄλλους
437 902 466 919 τε
492 894 540 925 τὰς
561 894 649 929 ἀρχὰς
673 895 838 930 ἀφελόμενος
862 895 943 927 αὐτὸς

154 939 218 974 ἔσχε
233 941 280 966 καὶ
294 940 326 974 δὴ
341 940 389 966 καὶ
410 941 538 971 Σανισᾶν,
563 940 592 972 ὃς
614 940 729 974 ἀδελφὸς
754 941 804 975 μὲν
818 941 892 976 αὐτῷ
908 940 943 977 ἦν

154 986 203 1012 καὶ
217 987 250 1012 ὲκ
261 985 315 1012 τῶν
331 986 421 1012 αὐτῶν
439 986 490 1020 ἔφυ
508 987 685 1021 σπερμάτων,
705 987 833 1021 Γάγγροις
848 988 875 1014 δὲ
896 989 943 1015 καὶ

154 1031 296 1066 Ἇγκύρας
316 1032 421 1058 πόλεων
438 1033 539 1066 ἀμφοῖν
563 1030 633 1068 ἦρχε
649 1033 819 1065 Γαλατικῶν,
850 1033 945 1067 βιασά-

157 1085 237 1111 μενος
248 1076 297 1108 τὰς
315 1077 365 1112 μὲν
381 1077 426 1111 ὑφ’
440 1077 538 1104 ἑαυτὸν
552 1078 715 1113 ἐποιήσατο,
737 1078 775 1114 τῷ
788 1078 827 1109 δὲ,
849 1078 943 1113 ἐπειδὴ

157 1122 196 1157 μὴ
212 1123 388 1149 κατακτεῖναι
409 1122 534 1158 ἐδυνήθη,
549 1124 674 1157 ἀνάγκην
691 1124 778 1159 ἐπῆγε
805 1124 872 1159 ξένῳ
896 1125 943 1150 καὶ

156 1167 280 1203 ἑπηλύτῃ
299 1167 362 1203 ἔθνη
386 1168 538 1203 ἀνθρώπων
564 1170 699 1203 περιιέναι
723 1170 823 1196 πάντα.
849 1170 941 1206 Ταύτῃ

157 1213 204 1240 καὶ
221 1213 327 1248 βασιλεῖ
344 1215 394 1249 μὲν
410 1215 471 1241 οὺδὲ
494 1223 556 1241 τινα
577 1215 682 1242 πόλεων
706 1216 842 1248 ἀπεδίδου,
856 1213 893 1243 ὦν
908 1215 941 1242 ἂν

155 1260 343 1295 περι-γεγονὼς
359 1260 438 1295 τύχοι
450 1268 457 1274 ·
472 1260 532 1287 οὐδέ
550 1269 576 1286 τι
594 1260 648 1286 τῶν
661 1261 759 1293 ἄλλων,
783 1261 855 1296 ἅπερ
870 1261 945 1297 αὑτῷ

155 1306 421 1341 διομολογησάμενος
437 1306 520 1342 ἔφθη,
536 1306 659 1337 ἐπιτελὲς
676 1308 763 1333 ποιεῖν
777 1307 867 1341 ἢθελε.
885 1307 943 1333 Με-

156 1352 347 1387 γαλοφροσύνῃ
367 1352 395 1379 δὲ
420 1353 449 1383 ές
472 1353 576 1384 πάντας
599 1352 699 1387 ἐχρῆτο
718 1353 879 1388 ἀνθρώπους
897 1353 944 1379 καὶ

156 1398 206 1433 τὴν
219 1398 309 1433 ὁρμὴν
321 1398 427 1433 οὐδαμῆ
443 1397 576 1429 καθεκτὸς
589 1395 633 1433 ἧν.
651 1399 685 1424 Ἃ
702 1397 830 1432 βασιλεὺς
845 1397 944 1425 ἐννοῶν

156 1444 319 1479 ἐχαλέπαινε
348 1444 398 1478 μὲν
415 1444 462 1470 καὶ
490 1443 525 1470 τὰ
550 1443 671 1478 πρότερα
688 1442 736 1469 καὶ
760 1444 789 1469 ὲν
817 1443 897 1477 δεινῷ
914 1443 945 1469 τὸ

157 1490 274 1525 πρᾶγμα
287 1490 414 1521 ἐποιεῖτο,
432 1489 500 1524 πρὸς
512 1489 540 1515 δὲ
556 1489 610 1515 τῶν
627 1489 765 1524 ἑσπερίων
780 1489 945 1523 ἀνθελκόμε-

156 1545 202 1567 νος
213 1535 384 1572 πραγμάτων
398 1536 466 1571 πρὸς
483 1535 590 1567 τούτοις
604 1536 651 1562 καὶ
664 1536 699 1562 τὰ
718 1536 748 1568 ἐξ
769 1536 864 1567 Ἀσίας
878 1537 944 1563 ἀνα.

156 1583 242 1609 κινεῖν
258 1583 359 1617 ἥκιστα
375 1582 480 1617 ἢθελεν.
504 1581 581 1607 Ἐπεὶ
596 1581 623 1608 δὲ
637 1581 725 1613 οὐδεὶς
742 1582 891 1616 οὐδαμόθεν
911 1582 941 1614 ἐξ

157 1626 277 1661 ἑσπέρας
301 1625 377 1660 αὑτῷ
396 1626 517 1659 πόλεμος
537 1625 698 1659 ἀνεφαίνετο
717 1625 763 1651 τοῦ
787 1625 881 1651 λοιποῦ
897 1625 944 1651 ἅτε

157 1673 264 1702 πάντας
275 1671 326 1706 ἤδη
338 1671 543 1706 κατωρθωκότι,
558 1671 715 1706 στράτευμα
726 1671 841 1706 ἀγείρας
852 1671 944 1698 ἱκανὸν

156 1718 220 1754 τῇδε
246 1717 394 1744 διαϐαίνειν
415 1718 553 1744 διενοεῖτο.
578 1717 774 1749 Κλιτζιεσθλὰν
794 1717 835 1749 δὲ,
849 1717 943 1752 ἐπειδὴ

156 1765 260 1797 τούτων
276 1764 387 1799 ἤκουσε,
404 1763 535 1799 πρέσϐεις
561 1765 589 1795 ἐς
611 1763 724 1797 βασιλέα
747 1763 859 1798 πέμψας
875 1763 943 1790 ἄλλα

157 1811 186 1837 τέ
202 1811 227 1837 οἱ
242 1811 297 1837 τῶν
309 1811 380 1837 κατὰ
388 1810 502 1845 γνώμην
518 1810 631 1845 ἐπιτελῆ
646 1811 734 1837 ποιεῖν
744 1810 878 1844 ὡμολόγει
895 1810 944 1837 καὶ

162 1856 309 1891 Ῥωμαίων
329 1856 461 1891 δυνάμεις
483 1857 531 1883 ἐπὶ
547 1856 715 1891 κατασχέσει
733 1856 838 1882 πόλεων
860 1852 897 1883 ὧν
910 1857 944 1883 ἂν

109 1912 116 1919 ·
158 1902 286 1938 βασιλεὺς
303 1903 407 1938 αῐροῖτο
422 1902 522 1928 αὐτίκα
535 1903 582 1928 ἐπὶ
598 1902 690 1929 Ἀσίαν
703 1902 834 1937 σταλῆναι
849 1902 942 1937 ἠξίουν

159 1948 242 1974 πόνου
261 1947 316 1983 γὰρ
340 1947 388 1974 τοῦ
416 1948 463 1974 ἐπὶ
480 1947 568 1982 τούτῳ
592 1947 776 1982 συλλήψεσθαι
795 1947 871 1981 σφίσι
895 1948 942 1974 καὶ

158 1994 249 2024 αὐτόν.
267 1993 359 2020 Ταῦτα
381 1993 507 2028 βασιλεὺς
530 1993 732 2029 ἀποδεξάμενος
753 1993 871 2025 Ἀλέξιον
897 1994 942 2020 τὸν

158 2040 347 2074 Πετρα).οίφαν
381 2039 569 2075 στρατεύματι
600 2040 658 2074 ἅμα
687 2040 717 2070 ὲς
744 2039 945 2075 ἑξακισχιλίους

157 2086 353 2121 ἀριθμουμένῳ
380 2086 498 2121 ἔπεμψε,
532 2085 663 2121 χρήματά
691 2087 717 2112 οί
746 2087 940 2121 προσεπιδοὺς,

158 2133 228 2168 ἅπερ
255 2133 331 2168 αὐτῷ
357 2134 398 2163 εἰς
425 2132 542 2166 πόλεμον
572 2132 647 2158 τόνδε
675 2133 844 2167 ἀποχρήσειν
861 2132 940 2167 ᾣετο.

157 2179 278 2211 Ἀλέξιος
292 2179 342 2213 μὲν
356 2176 403 2205 οὖν
414 2178 461 2205 ἐπὶ
473 2178 606 2210 τοιούτοις
619 2178 659 2209 εἰς
673 2177 721 2212 τὴν
739 2179 832 2205 Ἀσίαν
847 2179 942 2205 ἐστέλ-

156 2222 216 2248 λετο
228 2230 235 2237 ·
253 2221 450 2254 Κλιτζιεσθλὰν
465 2222 507 2255 δὲ,
526 2222 619 2257 ἐπειδὴ
637 2222 682 2248 τὸν
692 2222 836 2257 Ῥωμαίων
858 2231 942 2258 στρα-

156 2269 201 2296 τὺν
218 2269 263 2306 [Ρ.
284 2269 345 2305 I71]
364 2271 508 2305 προσιέναι
527 2270 656 2305 ἤκουσεν,
675 2271 715 2301 είς
727 2270 821 2301 πόλεις
834 2271 941 2305 ἐκπέμ-

158 2323 226 2346 πων,
241 2314 274 2346 ἃς
288 2314 328 2340 ἔτι
341 2314 508 2349 ἀχειρώτους
525 2314 599 2349 αὐτῷ
613 2315 770 2347 ξυνέϐαινεν
785 2313 865 2347 εἶναι,
883 2315 942 2347 δέος

155 2360 185 2387 τὸ
203 2361 236 2386 kx
251 2361 301 2395 τῆς
317 2359 449 2395 βασιλέως
463 2360 591 2386 ὑπέτεινε
614 2361 691 2395 σφίσι
706 2361 848 2396 στρατιᾶς.
863 2361 898 2389 Ai
914 2361 942 2388 δὲ

156 2406 225 2441 πρὸς
250 2407 410 2440 ἀμφοτέρας
425 2407 475 2440 οὐχ
497 2405 552 2432 οἷαί
566 2415 597 2433 τε
612 2406 690 2434 οὖσαι
707 2407 838 2442 δυνάμεις
851 2407 943 2434 ἀντισ-

156 2454 214 2487 χεῖν
224 2452 285 2480 οὔτι
300 2452 426 2479 ἐκούσιαι
442 2453 518 2488 αὺτῷ
534 2453 741 2489 προσεχώρουν.
761 2453 791 2481 '0
807 2454 835 2480 δὲ
848 2454 943 2489 ἐπειδὴ

156 2499 202 2526 καὶ
216 2498 306 2526 αὐτῶν
326 2499 465 2534 ἐγκρατὴς
483 2499 598 2533 γένοιτο,
616 2499 745 2533 οὐδεμιᾶς
764 2499 857 2526 λοιπον
876 2499 944 2525 Ῥω,

961 1255 981 1282 Β

996 628 1076 649 nente
1092 622 1198 650 Manucl
1215 623 1360 658 imperator
1377 623 1460 657 gessit
1482 629 1489 647 :
1507 622 1632 655 deinceps
1648 628 1678 647 ea
1699 628 1781 653 expe-

994 668 1077 700 diam,
1095 676 1154 702 qua:
1173 669 1200 695 in
1220 669 1285 696 Asia
1311 669 1412 696 bellum
1437 667 1541 702 gerenti
1570 673 1696 693 evenere.
1714 664 1780 692 Clit-

994 711 1138 745 zies'tltlan,
1155 715 1188 741 de
1204 722 1257 749 quo
1272 715 1356 741 multa
1374 715 1400 741 in
1415 713 1600 748 superioribus
1616 711 1781 738 memoravi-

994 768 1066 792 mus,
1077 760 1181 794 magnis
1194 765 1224 787 ut
1236 760 1291 788 dixi
1305 761 1338 787 ab
1351 760 1515 794 imperatore
1527 758 1645 792 acceptis
1658 756 1780 792 pecuniis

995 806 1077 832 ditior
1097 806 1288 840 potentiorque
1315 806 1415 837 factus,
1433 805 1536 832 vicinos
1560 805 1688 839 dynastas
1705 803 1780 837 prin-

994 851 1130 885 cipatibus
1155 852 1212 878 suis
1236 851 1311 878 exuit
1336 859 1486 886 eorumque
1503 854 1591 877 terras
1613 848 1776 882 occupavit:

994 897 1041 924 sed
1060 901 1087 923 et
1099 896 1208 931 Gangra
1223 898 1394 932 Ancyraque,
1409 897 1519 924 Galatiae
1539 896 1639 930 oppido
1652 899 1778 927 utroque,

995 944 1128 971 Sanisane
1144 944 1229 970 fratre
1244 944 1458 978 consanguineo,
1476 943 1522 976 qui
1544 943 1577 969 iis
1594 941 1778 975 imperitabat,

994 998 1042 1025 per
1056 990 1250 1024 vim‘expulso,
1266 989 1367 1023 potittts
1384 989 1532 1022 estzeique
1550 995 1610 1015 cum
1633 993 1724 1013 necem
1739 985 1779 1011 in-

996 1038 1066 1063 ferre
1078 1044 1132 1062 non
1145 1036 1286 1069 potuisset.
1299 1035 1432 1069 peregrini
1443 1039 1470 1062 et
1479 1034 1588 1061 advenm
1598 1033 1684 1059 instar
1693 1037 1779 1058 terras

994 1089 1090 1109 omnes
1109 1087 1215 1109 exteras
1230 1081 1417 1108 circumeundi
1437 1079 1625 1107 necessitatem
1642 1077 1778 1110 imposuit.

998 1125 1090 1160 Itaque
1107 1126 1205 1152 nttllam
1222 1132 1313 1152 earum
1330 1132 1398 1159 quas
1412 1128 1521 1158 ceperat
1536 1123 1674 1150 civitatum
1692 1123 1780 1155 impe-

993 1172 1077 1199 ratori
1107 1170 1248 1198 reddidit:
1264 1170 1343 1205 292
1364 1177 1451 1204 neque
1473 1168 1623 1203 quidquam
1652 1166 1780 1200 praestitit

997 1225 1086 1244 rerum
1114 1224 1182 1251 qttas
1198 1217 1253 1250 ipse
1266 1215 1442 1250 jurejurando
1457 1218 1516 1241 erat
1535 1212 1678 1247 pollicitus.
1694 1212 1779 1238 Arro-

996 1263 1085 1298 gantia
1102 1267 1230 1296 praeterea
1257 1269 1289 1287 ac
1315 1260 1456 1287 ferocitate
1470 1259 1588 1293 quadam
1612 1257 1638 1283 in
1658 1262 1780 1290 quosque

995 1308 1134 1336 hominum
1162 1307 1301 1339 utebatur,
1325 1314 1374 1333 nec
1397 1305 1452 1332 ullo
1475 1305 1554 1331 modo
1569 1307 1674 1338 poterat
1697 1301 1779 1328 animi

995 1355 1113 1389 impetus
1123 1354 1274 1380 continere.
1288 1352 1353 1385 Qute
1369 1351 1412 1378 ubi
1430 1350 1544 1385 principi
1558 1353 1695 1389 comperta
1707 1352 1780 1379 sunt,

995 1405 1052 1428 tum
1075 1401 1163 1434 priora
1183 1399 1254 1425 illius
1274 1397 1405 1429 facinora,
1426 1401 1483 1424 tum
1510 1395 1684 1422 insolentiam
1709 1400 1781 1427 mgre

996 1445 1055 1473 tulit
1070 1454 1077 1472 :
1093 1445 1141 1472 sed
1163 1443 1382 1472 Occidentalibus
1405 1442 1520 1478 negotiis
1545 1440 1691 1475 impeditus
1705 1447 1780 1466 com-

994 1499 1104 1520 movere
1131 1492 1242 1525 insuper
1269 1491 1359 1517 Asiam
1389 1490 1546 1516 verebatur.
1573 1489 1607 1515 At
1638 1491 1780 1522 postquam

995 1538 1098 1565 nullum
1116 1537 1142 1563 in
1162 1535 1311 1564 Occidente
1326 1535 1443 1570 amplius
1456 1534 1507 1561 sibi
1521 1539 1664 1568 superesse
1679 1531 1778 1559 bellum

994 1585 1073 1618 vidit,
1091 1585 1172 1612 rebus
1189 1589 1282 1618 utpote
1296 1584 1331 1610 ibi
1350 1583 1465 1610 feliciter
1476 1581 1617 1612 confectis,
1629 1579 1781 1613 conscripto

996 1633 1094 1659 idoneo
1111 1630 1231 1658 exercitu
1249 1631 1367 1657 transire
1377 1630 1402 1656 in
1413 1629 1503 1656 Asiam
1515 1626 1667 1654 constituit.
1676 1625 1782 1658 Quibus

994 1678 1142 1706 intellectis
1160 1675 1347 1704 Clitziestltlan
1363 1683 1411 1710 per
1431 1675 1534 1708 legatos
1547 1678 1715 1708 quaecunque
1730 1671 1781 1697 itu-

995 1729 1103 1760 peraret
1121 1723 1211 1749 omnia
1229 1723 1364 1749 facturum
1384 1728 1413 1748 se
1430 1719 1546 1754 principi
1568 1717 1716 1753 respondit.
1739 1716 1779 1742 Ad

995 1770 1054 1797 haec
1069 1769 1161 1803 copias
1177 1768 1324 1797 Romanas,
1342 1772 1370 1793 ut
1385 1773 1452 1800 quas
1467 1765 1548 1792 vellet
1562 1764 1687 1791 civitates
1701 1768 1783 1788 occu-

996 1821 1083 1851 paret,
1099 1816 1125 1842 in
1148 1815 1239 1842 Asiam
1255 1814 1324 1840 tnitti
1340 1813 1487 1848 postulavit
1504 1821 1512 1838 :
1530 1819 1560 1838 se
1581 1810 1683 1837 laboris
1700 1808 1781 1836 istius

995 1861 1154 1896 participem
1172 1859 1333 1894 sociumque
1357 1858 1414 1885 fore
1432 1857 1578 1892 pollicitus.
1604 1855 1650 1882 His
1662 1853 1782 1887 acceptis

997 1906 1200 1934 conditionibus
1216 1905 1341 1932 Alexium
1360 1903 1557 1937 Pelraloepham
1574 1909 1633 1929 cum
1656 1907 1703 1927 sex
1719 1899 1781 1926 mil-

996 1954 1060 1980 lium
1077 1951 1198 1979 exercitu
1224 1951 1370 1984 imperator
1387 1956 1420 1975 eo
1437 1949 1519 1974 mittit
1531 1967 1538 1980 ,
1564 1947 1634 1973 datis
1656 1944 1782 1980 pecuniis

995 2006 1062 2034 quas
1081 1998 1112 2024 ad
1130 1997 1228 2024 bellutn
1245 1996 1316 2023 istud
1333 1994 1530 2022 conficiendum
1547 1992 1671 2019 sufﬁcere
1684 1990 1782 2017 existi-

998 2045 1099 2072 mabat.
1109 2043 1165 2071 Hoc
1174 2043 1282 2077 quidem
1295 2046 1424 2076 apparatu
1435 2040 1461 2067 in
1474 2040 1566 2067 Asiam
1578 2038 1651 2065 venit
1661 2037 1781 2063 Alexius.

996 2089 1182 2119 Clitziesthlan
1214 2093 1326 2121 autem,
1362 2091 1392 2114 ut
1420 2087 1568 2113 adventare
1596 2084 1781 2110 Romanorum

998 2137 1149 2166 exercitum
1165 2134 1296 2169 percepit,
1322 2133 1412 2161 missis
1428 2133 1460 2159 ad
1477 2132 1612 2160 civitates.
1628 2136 1695 2163 quas
1713 2135 1783 2154 non-

996 2185 1060 2212 dum
1089 2183 1146 2217 ipse
1174 2185 1366 2215 occupaverat.
1396 2179 1508 2210 nuntiis,
1538 2183 1663 2212 pavorem
1692 2175 1725 2202 iis
1748 2181 1780 2200 ex

997 2228 1170 2264 imperatoris
1196 2226 1316 2253 exercitu
1346 2226 1467 2252 incutere
1489 2223 1615 2250 intendit.
1642 2220 1693 2247 Sed
1719 2227 1779 2246 cum

995 2283 1034 2303 eae
1058 2274 1092 2301 ad
1116 2278 1259 2307 utramque
1282 2272 1335 2298 vim
1359 2270 1546 2298 sustinendam
1574 2267 1663 2294 minus
1689 2269 1782 2292 essent

996 2320 1110 2351 idoneae,
1130 2318 1202 2344 illius
1220 2316 1333 2351 imperio
1349 2316 1441 2342 invitas
1455 2322 1485 2342 se
1501 2312 1656 2341 subdidere.
1670 2310 1781 2345 Oppidis

996 2365 1078 2400 igitur
1095 2364 1155 2391 istis
1174 2363 1276 2397 potitus
1301 2362 1403 2388 nullum
1421 2361 1517 2388 horum
1541 2359 1657 2393 amplius
1675 2357 1781 2384 tradere

996 2409 1127 2437 Romanis
1137 2408 1218 2443 293
1236 2408 1330 2436 voluit.
1344 2406 1422 2435 Unde
1436 2407 1475 2433 ira
1491 2412 1621 2432 accensus
1635 2404 1781 2436 imperator

995 2453 1132 2488 extemplo
1147 2460 1277 2487 apparare
1294 2452 1390 2479 bellum
1408 2451 1512 2478 statuit.
1533 2449 1587 2477 Sed
1610 2456 1683 2480 cum,
1698 2446 1780 2473 variis

997 2501 1131 2528 distentus
1147 2499 1281 2533 negotiis,
1298 2499 1324 2525 id
1342 2505 1472 2533 peragere
1487 2504 1540 2523 non
1553 2497 1645 2530 posset
1665 2493 1781 2528 (quippe

158 2546 247 2582 μαίοις
262 2547 408 2581 ἐπιχωρεῖν
436 2545 542 2581 ἤθελεν.
569 2545 627 2581 Ἐφ’
651 2543 692 2578 οἷς
718 2545 868 2581 ἠγανάκτει
894 2545 941 2580 μὲν

995 2546 1050 2582 jam
1075 2552 1123 2572 ver
1146 2544 1318 2579 prieterierat
1343 2543 1421 2571 bellis
1439 2542 1568 2578 gerendis
1586 2539 1704 2567 maxime
1722 2539 1780 2565 ωο-

831 2626 879 2656 Ι)ιι
895 2625 1008 2665 Cangii
1026 2630 1118 2656 noue.

193 2702 249 2737 (τι)
271 2702 334 2728 Ἐπὶ
360 2702 469 2735 Ἀσίας.
486 2702 591 2729 Bellum
616 2702 760 2729 lconiense
776 2708 942 2737 commemo—

155 2736 217 2764 rare
232 2738 388 2771 aggreditur
417 2736 576 2769 Cinnamus,
598 2737 624 2764 in
646 2745 699 2771 quo
720 2740 857 2763 cruentam
873 2736 942 2762 adeo

154 2770 304 2806 passns’est
333 2772 434 2798 cladem
464 2772 566 2799 Manuel
596 2770 693 2799 accisis
718 2773 800 2798 totius
829 2770 933 2806 imperii

156 2805 272 2839 viribus,
289 2811 319 2833 ut
335 2814 467 2840 nusquam
484 2807 611 2840 deinceps
632 2807 738 2833 Solitant
755 2806 853 2832 trientis
870 2805 937 2831 hila-

154 2842 273 2873 ritatem,
292 2849 345 2876 qua
363 2841 536 2875 singulariter
552 2841 754 2875 prmetninebat.
770 2840 935 2876 exhibuerit,

155 2883 205 2903 nec
232 2875 356 2910 corpbris
376 2877 516 2910 sospitate.
552 2884 603 2909 qua
632 2877 777 2910 plurimum
809 2875 935 2908 pollchnl,

157 2919 241 2947 usque
265 2909 292 2939 in
309 2909 464 2946 supremum
492 2912 551 2938 vitm
568 2909 639 2941 diem
662 2910 759 2939 fruitus
792 2911 835 2937 sit.
870 2909 936 2944 ltlud

991 2701 1082 2727 multis
1104 2704 1213 2727 narrant
1241 2700 1360 2729 Nicetas.
1393 2700 1410 2726 l.
1425 2707 1462 2730 vt,
1490 2706 1517 2724 η.
1539 2698 1551 2724 1
1576 2701 1603 2724 et
1627 2695 1750 2730 sequenti
1770 2700 1779 2723 ς

989 2740 1016 2762 et
1041 2734 1149 2770 Tyrius,
1176 2737 1227 2763 sub
1244 2744 1289 2762 an.
1305 2734 1383 2765 1171,
1399 2743 1452 2769 quo
1474 2738 1501 2770 et
1516 2732 1692 2770 commissum
1707 2739 1778 2770 pra:-

989 2766 1185 2798 liutn'testatur
1202 2771 1220 2797 Ι.
1235 2778 1291 2802 ut.
1304 2779 1328 2797 c.
1354 2771 1396 2797 12.
1408 2766 1583 2801 ”Αιιὶειοι-ιιιιι
1614 2768 1694 2802 etiam
1727 2766 1779 2802 lio-

989 2805 1081 2832 IJertus
1094 2806 1127 2832 de
1150 2805 1241 2832 Monte
1257 2800 1289 2833 et»
1312 2805 1438 2832 Nicolaus
1455 2803 1604 2832 Trivetlus,
1622 2809 1667 2828 an.
1683 2800 1751 2828 H79
1770 2810 1777 2831 ;

987 2839 1146 2867 Vincentius
1171 2840 1278 2867 Belvac.

986 2874 1140 2911 QIn-onicon
1168 2875 1380 2911 Reicbersperg.
1415 2882 1440 2910 pi
1461 2873 1533 2906 215;
1559 2878 1586 2901 et
1597 2871 1722 2906 Egidius
1744 2877 1776 2898 uc

985 2909 1072 2944 lioya,
1093 2918 1136 2938 an.
1154 2911 1231 2939 H76.

1317 2840 1334 2867 I.
1361 2848 1426 2867 sui
1457 2839 1538 2865 ’θῦε-ο.
1559 2838 1628 2865 Hist.
1655 2844 1673 2862 (π
1703 2836 1774 2864 150:
