1947 3081
249 153 301 186 575

887 149 1047 182 JOANNIS
1067 142 1231 179 CINNAMI

1811 145 1858 180 676

249 213 363 239 fortuna!
375 217 427 238 non
436 209 522 245 possit
537 209 680 237 inservire.
693 208 812 236 Thomas
824 205 897 234 enim
912 205 1036 240 quamvis

1093 203 1191 229 Λέσϐου
1211 202 1261 237 μὲν
1283 201 1398 237 ὥρμητο
1419 202 1513 236 νήσου,
1537 201 1626 232 οἰκίας
1646 200 1674 227 δὲ
1692 200 1806 235 ἀφανοῦς
1821 210 1860 235 γε-

250 258 283 284 nd
309 256 435 284 ultimum
460 260 487 282 et
517 254 733 282 sordidissimum
764 252 903 280 illiberalis
929 249 1035 277 artiﬁcii

249 311 335 338 genus
349 301 554 331 descendisset.
576 309 608 328 ex
624 308 655 327 ea
673 306 763 327 tamen
788 304 845 326 arte
867 304 997 332 magnus,
1015 295 1037 323 Si

250 349 310 381 quis
325 348 403 379 alius,
420 348 447 374 in
464 347 564 381 palatio
579 347 642 380 fuit,
657 346 866 382 ingentihusqne
879 343 953 370 brevi
966 349 1039 369 com-

250 394 351 428 paratis
367 395 492 429 pecuniis
519 394 621 429 aliquot
647 398 707 428 post
721 394 799 420 annis
812 399 872 419 cum
888 391 921 418 iis
936 390 962 416 in
986 389 1038 415 Pa-

251 441 385 467 laestinam
402 448 432 468 se
450 441 562 476 recepit.
582 441 636 469 Sed
653 448 713 467 rum
731 439 796 466 nihil
813 438 864 472 ipsi
877 445 909 464 ex
924 441 985 464 voto
1002 436 1037 463 ibi

250 487 419 518 succederet.
433 487 531 514 iterum
546 486 579 513 ad
596 487 788 520 imperatorem
805 483 885 510 rediit
898 492 904 509 :
918 483 1040 509 veniam-

249 540 302 566 que
321 533 410 568 primo
428 538 604 564 consecutus,
624 531 695 558 illius
712 530 843 557 olfensam
870 536 977 556 rursum
995 529 1039 554 in-

249 579 347 610 ‹·ιιι·τίι,
374 586 460 613 eoque
491 578 550 611 ipso
570 578 596 604 in
624 584 764 604 carcerem
782 575 886 609 palatii,
915 574 960 609 qui
979 573 1040 600 Ele-

250 625 398 658 phantinus
412 624 504 651 vocari
517 623 596 653 solet.
607 623 748 656 eonjectus
761 622 842 648 vitam
857 622 881 647 in
893 628 926 647 eo
938 620 1038 654 exegit.

251 671 302 697 Sed
331 671 363 697 de
389 671 431 697 his
461 676 565 704 postea.
594 669 661 696 Tum
692 676 756 696 Vero
781 668 815 695 ad
837 668 973 694 sultanttm
1001 666 1039 692 ttti

251 717 370 743 diximus
396 716 505 748 missus,
530 723 592 743 cum
620 715 687 742 nihil
713 723 804 742 rerum
828 721 942 749 quarum
959 720 1039 740 causa

251 767 362 789 venerat
378 763 515 789 conﬁcere
539 762 591 789 iste
613 761 754 792 voluisset,
783 760 863 787 rebtts
883 758 989 786 infectis
1007 758 1040 784 ad

250 808 442 842 imperatorem
466 815 602 840 reversus,
619 814 714 842 parum
730 805 817 833 abfuit
831 805 895 840 quin
911 812 925 831 a
948 803 1041 831 Persis

251 855 348 881 itinera
366 854 545 882 insidentibus
562 854 771 880 interliceretur.

1088 249 1187 282 γονὼς,
1205 248 1300 282 ἐπειδὴ
1316 248 1400 283 μηδὲν
1415 248 1429 274 ὅ
1455 257 1481 274 τι
1499 247 1555 274 τῶν
1576 247 1657 280 λόγου
1673 247 1755 278 ἀξίων
1775 248 1861 282 ἐπιτή-

1087 295 1177 330 δευμα
1192 294 1267 330 αὐτῷ
1283 292 1328 330 ἦν,
1348 296 1376 326 ἐς
1403 295 1549 326 Βυζάντιον
1573 294 1638 320 ἰόντι
1652 293 1730 327 ἔργον
1745 293 1861 328 ἐπιμελὲς

1088 341 1211 375 ἐγεγόνει
1229 341 1332 376 φλέϐας
1345 341 1498 376 ἀνθρώπων
1509 340 1635 375 τέμνοντι
1650 339 1773 366 ἐντεῦθεν
1783 340 1862 374 ἑαυτῷ

1087 388 1119 414 τὺ
1154 388 1203 423 ζῇν
1231 387 1444 423 περιποιεῖσθαι.
1472 386 1543 413 Ἀλλ’
1572 386 1644 412 ἔοικε
1671 386 1723 412 τῶν
1748 385 1862 412 ἁπάντων

1089 430 1160 458 εἶναι
1174 432 1257 468 μηδὲν
1275 432 1288 458 ὂ
1311 431 1460 467 βουλομένῃ
1474 433 1506 466 τῇ
1525 430 1594 466 τύχῃ
1609 431 1755 465 ὑπηρετεῖν
1771 430 1862 464 ἥκιστα

1089 479 1208 505 δύναιτο.
1225 478 1326 512 Θωμᾶς
1337 478 1391 513 γὰρ
1402 497 1409 510 ,
1430 477 1519 504 καίτοι
1531 476 1714 511 ὲςτοῦσχατον
1729 475 1862 510 βαναυσίας

1089 525 1176 560 ἥκων,
1191 525 1224 551 ἐκ
1241 525 1338 550 τούτου
1355 524 1387 557 δὴ
1400 524 1448 550 τοῦ
1465 523 1571 558 τεχνίου
1586 523 1672 557 μέγας
1690 524 1717 547 ἐν
1731 522 1863 557 βασιλείοις

1090 572 1170 606 εἴπερ
1197 581 1239 602 τις
1259 570 1415 605 ἀνθρώπων
1431 569 1554 603 ἐγένετο,
1573 568 1704 604 χρήματά
1726 576 1755 594 τε
1771 569 1864 602 μεγαλα

1090 618 1120 643 ἐν
1135 617 1232 652 βραχεί
1252 616 1401 651 περιϐεϐλη
1409 616 1488 650 μένος
1503 616 1611 650 χρόνοις
1627 615 1699 640 τισὶν
1717 613 1826 648 ὓστερον
1840 615 1863 644 ἐς

1093 662 1277 697 Παλαιστίνην
1306 663 1354 695 ξὺν
1383 663 1475 693 αὑτοῖς
1501 661 1590 687 ἀπιὼν
1613 660 1708 695 ᾤχετο.
1735 659 1776 693 Μὴ
1803 661 1864 685 κατᾶ

1091 711 1205 745 γνώμην
1219 710 1246 736 δὲ
1263 708 1338 744 αὐτῷ
1356 708 1410 734 τῶν
1421 709 1483 742 τῇδε
1508 707 1720 741 ξυμπιπτὸντων
1735 704 1808 737 αὖθις
1826 705 1865 731 ἐπὶ

1093 756 1205 790 βασιλέα
1231 755 1426 790 παραγίνεται,
1458 753 1522 780 ﬂeti)
1547 761 1576 779 τε
1610 751 1696 778 αὑτοῦ
1722 751 1865 786 τετυχηκὼς

1092 802 1204 833 δύσνους
1223 800 1348 831 είσαῦϐις
1366 800 1509 834 ἠλέγχετο,
1531 800 1560 830 ἐς
1577 798 1626 833 τὴν
1653 798 1682 823 ἐν
1709 797 1826 831 παλατίῳ
1840 805 1865 822 τε

1093 847 1216 884 φρουρὰν
1229 847 1335 882 ἀχθεὶς,
1350 847 1384 882 ἢν
1403 845 1596 880 Ἐλεφαντίνην
1621 844 1678 880 (76)
1702 844 1760 875 ἔθος
1782 843 1864 869 καλεῖν

249 901 334 933 ἐστιν,
348 900 465 927 ἐνταῦθα
480 900 526 926 τὸν
543 900 599 934 βίον
612 899 843 934 ξυνεμετρήσατο.
852 897 932 924 Ἀλλὰ
945 896 1032 925 ταῦτα
1054 895 1103 930 μὲν
1131 895 1258 928 ὕστερον.
1273 892 1341 919 Τότε
1359 893 1386 919 δὲ
1398 893 1445 919 ἐπὶ
1477 891 1521 918 τὸν
1536 890 1660 923 σουλ-τὰν,
1679 890 1770 924 ὥσπερ
1784 889 1864 922 ἑλέγω

252 954 301 980 μεν
319 944 528 980 παραγεγονὼς,
544 945 606 970 ἐπεὶ
623 944 707 980 μηδὲν
740 941 777 970 ὧν
798 944 880 970 ἕνεκα
898 940 1000 983 ἦλθεν⁹
1015 941 1138 971 ἐπιτελὲς
1163 940 1267 969 ἐκεῖνος
1304 939 1391 965 ποιεῖν
1418 937 1524 973 ἢθελεν,
1541 938 1684 972 ἄπρακτος
1714 938 1742 967 ἐς
1764 936 1866 970 βασιλέα

251 992 418 1023 παλινοστεῖ,
433 991 477 1017 ὅτε
491 991 522 1024 δὴ
541 990 640 1024 μικροῦ
664 991 712 1017 καὶ
723 990 904 1016 ἀπεκτονέναι
921 982 1016 1016 τοῦτον
1034 988 1146 1022 ἐδέησαν
1163 987 1267 1021 Πέρσαι
1287 987 1312 1012 οἳ
1330 986 1381 1012 ἀνὰ
1396 985 1446 1020 τὴν
1472 985 1531 1011 ὁδὸν
1547 984 1739 1019 ἐνεδρεύοντες
1758 982 1835 1019 ἦσαν.

287 1039 315 1066 5.
328 1037 461 1065 Caeterum
476 1037 624 1071 imperator
638 1037 710 1063 intra
725 1036 959 1071 quadragesimum
969 1036 1039 1063 diem

1128 1033 1163 1067 γ’.
1184 1033 1315 1065 Βασιλεὺς
1332 1033 1370 1064 δὲ,
1383 1033 1495 1068 ἡμερῶν
1513 1031 1590 1058 οὕπω
1604 1032 1804 1066 τετταράκοντα
1823 1032 1866 1066 τὴν

251 1085 318 1112 urbe
334 1084 493 1114 instaurata,
511 1090 572 1109 cum
590 1090 649 1108 eam
665 1081 737 1109 fossa
752 1081 883 1109 cinxisset
895 1081 1040 1114 multisque

251 1130 287 1157 ibi
319 1129 353 1156 ad
370 1128 545 1155 habitandum
569 1126 697 1154 Romanis
713 1127 792 1154 sedes
806 1126 934 1158 dedisset,
952 1126 1040 1152 valido

253 1177 366 1209 insuper
387 1173 480 1201 relicto
499 1174 633 1208 praesidio,
656 1173 717 1200 ittde
743 1172 880 1207 profectus
904 1177 992 1199 castra
1007 1172 1039 1199 ad

253 1221 430 1256 llhyndacum
461 1219 552 1252 locat,
579 1223 659 1253 atqtte
687 1219 827 1253 paulisper
861 1218 896 1245 ibi
920 1222 1040 1244 moratus

252 1266 390 1294 discessit.
416 1265 537 1298 Cumque
562 1272 662 1299 paucos
685 1264 831 1291 admodum
858 1263 934 1297 sequi
963 1262 1038 1297 signa

251 1312 355 1339 videret
369 1311 503 1346 (plerique
527 1311 598 1337 enim
613 1310 723 1337 ordines
750 1310 835 1337 inscio
855 1309 913 1344 ipso
929 1310 1039 1336 domum

253 1357 400 1388 redierant,
413 1357 465 1384 etsi
476 1364 528 1383 non
543 1356 636 1388 semel,
654 1356 736 1391 298
753 1360 781 1383 ut
795 1355 883 1387 aiunt,
897 1355 1038 1385 vetuisset.

251 1411 286 1430 ne
300 1403 361 1438 quis
375 1403 474 1430 Castris
485 1403 649 1436 excederet),
666 1401 824 1429 Michaelem
833 1401 976 1436 quemdam
990 1408 1039 1427 na-

253 1451 326 1478 tione
340 1449 501 1481 Barbarum,
517 1455 597 1476 antea
611 1448 688 1476 lsach
700 1453 835 1481 vocatum,
849 1449 920 1475 inter
948 1447 1042 1475 dome-

255 1497 339 1523 sticos
355 1495 492 1522 ministros
508 1495 610 1529 primas
626 1498 771 1526 tenentem,
783 1493 817 1520 ad
832 1493 992 1520 sumendum
1008 1493 1041 1520 de

252 1543 284 1569 iis
300 1542 346 1577 qui
365 1541 477 1568 ordines
491 1541 674 1568 deseruerant
689 1539 863 1574 supplicium,
880 1539 1040 1574 misit:ipse

251 1595 311 1614 cum
332 1587 424 1622 paucis
439 1594 485 1621 per
503 1585 620 1620 Lampes
634 1593 744 1620 campos
770 1586 820 1613 iter
836 1584 950 1617 faciens,
962 1584 1040 1619 oppi-

251 1634 314 1660 dum
332 1633 466 1666 quoddam
485 1633 517 1659 ad
542 1631 670 1659 Maeandri
697 1631 784 1659 fontes
801 1635 980 1664 exstructum,
995 1632 1039 1658 cui

254 1679 390 1707 Sublazum
403 1686 502 1706 nomen
521 1682 573 1711 est,
583 1682 716 1706 vetustate
732 1677 881 1713 collapsum
894 1678 1038 1705 instaurat.

1093 1081 1170 1107 πόλιν
1190 1080 1347 1114 ἀνεγείρας,
1367 1079 1461 1113 ἐπειδὴ
1474 1078 1577 1113 τάφρον
1594 1085 1624 1103 τε
1642 1078 1710 1112 αὐτῇ
1729 1077 1866 1112 περιήλαςε

1092 1127 1140 1153 καὶ
1179 1125 1325 1160 Ῥωμαίων
1350 1125 1388 1156 ὡς
1417 1125 1564 1156 πλείστους
1604 1125 1724 1151 ἐνταῦθα
1747 1125 1866 1160 ᾠκίσατο,

1092 1171 1215 1208 φρουρὰν
1225 1171 1391 1206 ἀποχρῶσαν
1402 1172 1466 1207 τῇδε
1481 1171 1642 1198 καταλιπὼν
1656 1171 1743 1197 ὀπίσω
1771 1171 1867 1206 ἐχώρει.

1093 1220 1149 1251 τοῖς
1162 1219 1235 1254 ἀμφὶ
1247 1219 1288 1253 τῷ
1315 1219 1455 1253 Ῥυνδακῷ
1469 1219 1655 1254 αὐλισάμενος
1689 1219 1797 1252 χωρίοις
1807 1226 1814 1234 ο
1831 1219 1868 1243 ἐπ’

1092 1265 1184 1300 ὀλίγον
1199 1274 1229 1292 τε
1241 1265 1433 1297 διαναπαύσας
1443 1266 1474 1292 τὸ
1490 1265 1650 1300 στράτευμα
1661 1265 1766 1292 ἐκεῖθεν
1779 1264 1867 1299 ἀπῆρε.

1093 1313 1202 1348 Κομιδῆ
1223 1313 1251 1339 δὲ
1270 1312 1377 1346 ὀλίγους
1404 1312 1479 1348 αὐτῷ
1512 1313 1715 1347 συνεπομένους
1743 1312 1809 1346 ὁρῶν
1832 1311 1870 1345 (τὰ

1093 1359 1148 1395 γὰρ
1162 1359 1248 1386 πλείω
1264 1359 1317 1386 τῶν
1333 1360 1485 1394 ταγμάτων
1498 1360 1626 1394 ἀπῄεσαν
1645 1359 1726 1390 οἴκοι,
1743 1358 1822 1393 μηδὲν
1836 1358 1870 1387 είς

1093 1406 1194 1441 γνῶσιν
1213 1403 1282 1441 ἧκον
1300 1406 1386 1441 αὐτῷ,
1403 1406 1504 1438 καίτοι,
1530 1406 1625 1440 ὥσπερ
1642 1406 1763 1439 ἐλέγετο,
1796 1405 1870 1431 πολλὰ

1095 1452 1160 1488 περὶ
1171 1449 1220 1480 τοῦ
1237 1452 1342 1489 μηδένα
1360 1451 1429 1485 τείως
1452 1452 1499 1478 τοῦ
1526 1452 1712 1487 στρατοπέδου
1730 1452 1870 1486 ἀποχωρεῖν

1095 1500 1356 1535 παρεγγυησαμένῳ
1375 1499 1419 1536 [Ρ.
1447 1497 1510 1536 174]
1525 1498 1685 1535 πρότερον),
1711 1497 1814 1532 Μιχαὴλ
1828 1497 1870 1530 μέν

1094 1554 1156 1572 τινα
1166 1545 1310 1581 Βάρὸαρον
1324 1547 1403 1580 γένος
1419 1546 1526 1581 (ἀμέλει
1544 1548 1592 1573 καὶ
1612 1547 1686 1582 Ίσὰχ
1702 1546 1785 1581 ὄνομα
1805 1542 1870 1580 αὐτῷ

1094 1592 1229 1628 πρότερον
1246 1590 1292 1628 ἦν)
1307 1593 1362 1619 τῶν
1377 1593 1424 1618 ἐπὶ
1439 1592 1532 1624 ἑστίας
1546 1593 1574 1619 δὲ
1596 1593 1674 1628 αὑτῷ
1703 1593 1868 1628 διυπηρετου-

1095 1639 1187 1674 μένων
1204 1638 1238 1666 τὰ
1251 1639 1358 1674 πρῶτα,
1379 1638 1423 1673 ἐφ’
1435 1635 1457 1672 ᾧ
1480 1647 1557 1670 τινας
1584 1639 1759 1674 στρατιωτῶν
1774 1638 1825 1664 τῶν
1842 1639 1868 1663 ἐκ

1092 1684 1142 1718 τῆς
1155 1684 1332 1716 λειποταξίας
1351 1686 1381 1716 ἐς
1403 1685 1433 1711 τὸ
1448 1684 1528 1719 σῶμα
1542 1685 1684 1720 ζημιῶσαι
1703 1684 1828 1720 επεμψεν.
1851 1685 1868 1707 ί)

253 1725 290 1753 lbi
307 1725 455 1760 imperator
471 1724 523 1752 alio
537 1731 647 1758 prorsus
660 1731 738 1758 quam
755 1731 809 1758 quo
830 1723 935 1751 solebat
950 1724 1040 1754 modo,

1093 1730 1123 1756 δὲ
1137 1729 1184 1762 ξὺν
1195 1730 1298 1764 ὀλίγοις
1313 1731 1362 1763 τὰς
1383 1731 1430 1757 ἐπὶ
1453 1731 1575 1766 Λάμπης
1603 1731 1717 1758 διελθὼν
1742 1730 1866 1760 πεδιάόας,

253 1779 314 1798 cntn
338 1771 462 1799 hostibus
482 1770 603 1805 praelium
619 1769 690 1797 inire
714 1771 805 1804 cmpit.
823 1770 894 1805 Ignis
910 1769 981 1796 enim
996 1774 1043 1796 aut

252 1825 330 1853 z-quze
351 1817 442 1845 ell‘usze
471 1817 567 1849 instar,
583 1816 657 1844 nullo
676 1816 727 1843 sibi
745 1817 895 1848 resistente,
912 1816 1044 1842 accende-

253 1865 331 1890 batur
343 1868 369 1890 et
385 1863 533 1891 ferebatur.
552 1862 621 1890 Dum
638 1862 696 1890 haec
711 1870 725 1889 a
741 1863 863 1897 principe
880 1863 1041 1897 agebantur,

253 1909 379 1942 Michael,
393 1910 470 1945 cujus
486 1910 566 1936 modo
579 1910 699 1941 memini,
717 1914 747 1936 ut
768 1909 814 1943 qui
832 1907 962 1935 Romanis
972 1907 1044 1942 jam-

253 1957 357 1990 pridem
375 1955 497 1983 infensus
511 1960 582 1987 erat,
601 1960 679 1989 capta
702 1955 762 1981 irati
780 1954 950 1989 imperatoris
964 1962 1043 1982 occa-

253 2003 339 2033 sione.
353 2001 448 2029 obvios
465 2009 598 2036 quosque,
608 2001 682 2028 nulla
694 2000 786 2028 habita
798 2000 872 2035 prius
880 2001 1041 2035 quaestione,

253 2048 366 2081 supinos
378 2047 412 2074 ad
428 2052 526 2073 terram
551 2046 700 2081 prosternit
727 2045 853 2080 ferroque
879 2045 964 2073 oculis
991 2046 1043 2073 im-

254 2101 344 2121 merso
355 2097 505 2121 excmcatos
517 2093 632 2120 miseros
645 2092 716 2119 sicut
724 2096 802 2119 erant
814 2091 951 2126 relinquit,
961 2099 1043 2126 quor-

253 2148 312 2168 sum
330 2141 388 2167 haee
401 2143 560 2174 paterentur
584 2139 694 2175 ignaros
719 2146 830 2174 prorsus
846 2146 854 2165 :
871 2138 933 2165 licet
959 2138 1041 2165 etiam

254 2188 293 2214 rei
310 2187 420 2214 militari
434 2194 488 2214 non
503 2186 771 2220 dedissentoperam,
787 2185 833 2212 sed
845 2185 940 2212 rustici
952 2189 1043 2212 essent

253 2239 301 2260 aut
315 2238 481 2259 mercatores
497 2231 624 2267 aliudque
646 2231 671 2258 id
685 2238 769 2266 genus
787 2231 939 2258 hominum.
956 2231 1042 2265 Atque

254 2281 289 2306 ita
303 2280 330 2306 in
341 2279 410 2306 alios
422 2279 503 2306 etiam
518 2278 705 2313 grassabatur,
717 2285 786 2311 quos
797 2277 899 2312 pariter
913 2276 1042 2304 membris

255 2325 326 2352 [atde
350 2324 503 2351 mutilabat.
529 2322 583 2350 Sed
615 2323 773 2357 imperator,
801 2322 847 2357 qui
875 2322 929 2357 jam
944 2322 1042 2357 oppido

253 2371 421 2398 communito
445 2376 569 2396 reversus
591 2373 651 2395 erat
675 2367 835 2403 Byzantium
852 2368 969 2403 cognitis
983 2369 1042 2395 istis

253 2425 314 2443 eum
341 2416 490 2447 revocavit,
519 2422 569 2442 nec
595 2414 709 2441 multum
744 2413 829 2441 abfuit
850 2414 916 2448 quin
944 2413 1040 2441 iisdem

254 2463 461 2498 propemodum,
477 2461 575 2496 quibus
600 2461 668 2488 alios
687 2460 811 2488 affecisse
836 2459 964 2491 diximus.
981 2467 1042 2486 eum

256 2509 410 2536 multaverit
424 2508 522 2543 pmnis.
539 2507 639 2533 Verum
651 2513 681 2533 ea
695 2506 764 2541 lege,
781 2509 811 2532 ut
836 2505 898 2532 talia
916 2505 1044 2539 deinceps

254 2557 280 2582 in
295 2555 431 2582 Romanos
446 2561 498 2580 non
512 2553 634 2584 auderet,
649 2553 751 2579 crimen
776 2552 886 2586 quidem
911 2551 947 2579 illi
963 2552 1045 2579 remi-

255 2604 291 2629 sit
310 2611 318 2629 :
339 2602 385 2629 sed
401 2601 483 2636 299
493 2600 599 2635 justitia
617 2599 708 2626 divina
725 2599 795 2626 haud
813 2599 897 2626 multo
914 2603 974 2633 post
989 2598 1043 2625 ulta

253 2652 292 2674 tot
307 2648 409 2674 scelera
427 2655 489 2674 eum
506 2647 560 2672 vita
576 2645 686 2676 exemit,
701 2644 856 2678 liberosque
876 2644 946 2671 illius
960 2643 1043 2672 variis

253 2693 365 2727 subjecit
380 2691 588 2718 calamitatibus.
605 2690 704 2718 Eodem
719 2697 827 2724 quoqtte
845 2694 971 2723 tempore
988 2689 1044 2716 Ga-

254 2739 330 2765 bratn
359 2737 442 2764 etiam
462 2738 487 2764 in
514 2737 645 2771 judicium
663 2738 770 2764 vocavit
784 2736 922 2770 princeps,
938 2736 1044 2770 lataque

1056 2389 1079 2416 D

1096 1776 1227 1812 φρούριόν
1243 1785 1268 1803 τι
1288 1777 1354 1812 περὶ
1367 1776 1480 1812 πρώτας
1494 1785 1546 1804 που
1559 1777 1606 1804 τοῦ
1625 1777 1779 1812 Μαιάνῗρου
1804 1777 1867 1811 ίδρυ-

1096 1824 1177 1857 μένεν
1194 1823 1310 1855 ἐκϐολὰς
1328 1823 1487 1858 (Σούδλαιον
1497 1824 1583 1858 ὄνομα
1597 1824 1682 1858 αὐτῷ)
1709 1824 1795 1859 χρόνῳ
1824 1830 1866 1848 πε-

1096 1869 1204 1901 πτωκὸς
1213 1868 1359 1904 ἀνεγείρει.
1378 1869 1517 1896 Ἐντεῦθεν
1528 1870 1622 1896 οὐκέτι
1643 1871 1675 1905 δὴ
1689 1870 1784 1905 τρόπον
1795 1869 1866 1902 ὅνπερ

1095 1916 1186 1943 εἰώθει
1201 1916 1341 1951 πολεμίοις
1373 1916 1579 1952 ξυμπλέκεσθαι
1617 1917 1743 1952 βασιλεὺς
1764 1915 1863 1951 ἤρξατο,

1094 1963 1163 1990 ἀλλὰ
1173 1962 1228 1998 πῦρ
1247 1960 1303 1990 οἷον
1319 1962 1335 1998 ἦ
1356 1963 1428 1998 ὕδωρ
1440 1963 1639 1994 ἀνυποστάτως
1652 1962 1729 1998 ὤργα
1750 1964 1795 1989 καὶ
1811 1961 1865 1994 ὲφέ-

1095 2018 1167 2045 ρετο.
1182 2008 1316 2040 Βασιλεὺς
1334 2009 1384 2044 μὲν
1396 2008 1443 2035 οὖν
1461 2009 1490 2035 ἐν
1505 2008 1614 2041 τούτοις
1640 2007 1687 2044 ἦν·
1715 2007 1818 2042 Μιχαὴλ
1831 2006 1863 2035 δὲ.

1093 2053 1179 2091 οὗπερ
1194 2055 1244 2091 ἤδη
1256 2054 1406 2090 ἐμνήσθην,
1426 2054 1493 2081 ὡσεὶ
1531 2055 1562 2081 ὲκ
1580 2054 1703 2086 πλείονος
1729 2054 1776 2089 ἤδη
1804 2052 1865 2080 κατὰ

1108 2101 1243 2135 Ρωμαίων
1253 2099 1387 2139 ἐτύγχανε
1409 2099 1551 2135 μεμηνὼς,
1571 2100 1687 2135 ἕρμαιον
1725 2100 1773 2134 τὴν
1798 2099 1864 2133 βασι-

1094 2147 1162 2178 λέως
1176 2147 1238 2173 τότε
1253 2146 1285 2181 δὴ
1301 2146 1487 2181 πεποιημένος
1504 2147 1600 2182 ὀργὴν,
1617 2146 1672 2173 τῶν
1701 2153 1864 2179 παρατυγχα-

1094 2193 1195 2220 νόντων
1209 2192 1285 2227 αὐτῷ
1297 2191 1424 2224 ἕκαστον,
1439 2192 1516 2219 οὐδὲν
1530 2192 1796 2227 πολυπραγμονήσας
1811 2190 1866 2224 πρό-

1093 2248 1182 2273 τερον,
1196 2238 1292 2265 ὕπτιόν
1309 2247 1339 2265 τε
1349 2238 1420 2265 κατὰ
1431 2240 1483 2274 γῆν
1513 2239 1601 2265 ἔτεινε
1626 2239 1673 2265 καὶ
1701 2237 1760 2264 κατ’
1779 2235 1865 2270 ὀφθαλ-

1095 2287 1156 2319 μοῖν
1168 2285 1213 2312 τὸν
1227 2284 1339 2319 σίδηρον
1351 2284 1463 2320 βάπτων
1476 2285 1557 2311 αὑτὸν
1582 2284 1634 2319 μὲν
1663 2283 1745 2311 αὑτοῦ
1763 2283 1803 2309 εἴα
1818 2281 1865 2307 55i-

1093 2331 1178 2363 λαιον,
1193 2330 1253 2356 οὐδὲ
1264 2330 1325 2357 ὅτου
1343 2330 1427 2357 ἕνεκα
1436 2330 1537 2366 πάσχει
1552 2331 1692 2362 συνιέντα,
1709 2329 1768 2356 οὐδὲ
1793 2335 1865 2362 στρα·

1093 2376 1168 2407 τείας
1183 2375 1257 2402 ἐστιν
1271 2372 1302 2403 οὗ
1323 2375 1523 2411 μεταλαχόντα,
1536 2376 1604 2403 ἀλλὰ
1620 2377 1747 2411 ἀγροῖκον
1762 2375 1780 2409 ἢ
1791 2374 1864 2407 ἐμπο-

1094 2422 1166 2458 ρίαις
1178 2421 1369 2457 ξυμὸἀλλοντα
1385 2422 1402 2458 ἧ
1418 2431 1479 2449 τινα
1494 2422 1583 2449 ἄλλων
1599 2421 1761 2458 ἀνθρώπων.
1793 2418 1819 2445 Ὀ
1841 2417 1863 2443 δὲ

1092 2467 1136 2494 ἐπ’
1150 2467 1248 2499 ἄλλους
1263 2467 1363 2503 ἐχώρει
1383 2468 1430 2494 καὶ
1439 2468 1564 2503 σώμασιν
1577 2467 1730 2503 ἀνθρώπων
1757 2464 1864 2491 ὲλωὸἇτο

1093 2513 1214 2546 πολλοῖς,
1229 2513 1282 2545 ἓως
1299 2513 1353 2540 τῶν
1369 2513 1568 2549 πραττομένων
1576 2513 1738 2548 αἰσθόμενος
1751 2509 1862 2546 βασιλεὺς

1095 2560 1155 2594 (ήδη
1175 2559 1228 2595 γὰρ
1243 2559 1278 2586 τὰ
1294 2559 1367 2593 ἀμφὶ
1384 2559 1424 2593 τῷ
1452 2559 1576 2594 φρουρίῳ
1600 2559 1754 2592 διαθέμενος
1771 2555 1798 2581 εὖ
1824 2552 1863 2579 ἐπὶ

1095 2605 1245 2636 Βυζάντιον
1259 2603 1450 2638 ἀνεκομίζετο)
1465 2604 1515 2638 τῆς
1533 2603 1623 2639 ὁρμῆς
1643 2602 1724 2629 αὐτὸν
1748 2601 1841 2626 ἔπαυσε
1855 2604 1861 2610 ·

1092 2648 1157 2682 παρ’
1172 2647 1263 2680 ὀλίγον
1279 2647 1373 2682 μέντοι
1386 2648 1497 2680 ἐγένετο
1513 2649 1575 2678 ταῖς
1588 2646 1706 2673 τοιαῖσδε
1717 2645 1761 2670 καὶ
1791 2641 1861 2670 αὐτὸς

1092 2692 1250 2718 ἐκδεδόσθαι
1265 2692 1385 2723 ποιναῖς,
1405 2690 1502 2726 ὥσπερ
1512 2691 1634 2725 ἐλέγετο.
1655 2688 1734 2716 Ἀλλὰ
1750 2684 1861 2722 βασιλεὺς

1097 2736 1146 2771 μὲν
1165 2736 1203 2771 μὴ
1218 2736 1306 2763 ταύτὰ
1316 2737 1363 2762 καὶ
1379 2735 1460 2762 πάλιν
1490 2735 1637 2772 Ῥωμαιοις
1659 2732 1776 2769 τολμηοῇ
1812 2729 1862 2756 δια-

920 2795 966 2825 Du
984 2795 1095 2834 Cangii
1114 2800 1208 2825 notua.

290 2856 345 2891 (76)
382 2855 584 2892 Ἐλεφαντίνην.
611 2856 648 2884 De
676 2857 727 2884 hoc
748 2862 857 2884 carcere
875 2855 992 2882 diximus
1005 2855 1037 2882 ad

1093 2855 1223 2882 exiadem.
