1947 3081
207 142 256 176 711

827 139 1024 170 MANUELIS
1044 138 1213 168 COMNENI

1783 135 1841 168 712

209 209 232 227 ei
249 198 379 233 quomodo
396 198 465 224 viros
485 197 544 223 navi
556 201 700 231 pugnantes
716 196 864 222 innumeros
880 195 905 220 in
920 195 998 220 auxi-
1015 198 1032 222 Α
1051 195 1147 223 bviam,
1166 197 1190 219 et
1206 200 1251 224 per
1274 193 1354 225 ipsum
1383 191 1567 226 Megalopolim
1585 197 1608 219 et
1632 192 1784 227 simpliciter
1810 194 1841 222 in

207 246 275 272 lium
299 245 373 271 nobis
394 246 624 278 presenturerunt,‘
647 242 826 276 quornodoque
848 241 870 256 ¹⁸
891 241 995 275 proprio

207 291 285 318 stella
308 289 410 316 scelesti
434 288 532 315 stolam
547 288 569 304 "
587 289 613 315 vi
635 293 791 322 superarunt
808 287 842 318 '°,
863 285 996 319 pudentes

209 345 268 363 cum
285 336 348 368 ipsis
373 334 453 366 uiris;
479 336 588 368 etquod
615 341 683 359 nunc
699 340 800 367 quoque
826 333 899 357 nobis
919 331 997 357 auxi-

210 382 306 408 liantes
321 385 504 414 perseverant;
520 385 542 405 et
560 379 625 409 alia,
643 387 692 413 que
707 388 721 404 a
736 378 920 411 thulattocopis
935 378 952 403 i.
973 385 995 404 e.

207 429 235 453 in
249 427 317 452 mari
333 425 514 452 laborantibus
531 425 592 451 viris
607 431 666 450 acta
687 430 758 455 sunt,
775 430 798 450 et
815 432 862 457 que
879 430 999 450 correcta

209 478 337 500 nouerunt
355 480 453 504 omnes,
470 473 518 498 θιδί
536 480 582 498 nos
604 479 654 497 non
669 471 808 497 dicamus?
826 469 901 496 Unde
923 475 947 495 et
971 469 997 494 in

210 519 421 546 remuneratione
444 518 596 553 hujusmodi
616 518 730 550 ipsorum
756 516 921 543 servi:iorum
937 517 998 541 bene

212 566 292 591 voluit
321 565 463 599 Imperium
494 571 578 589 trienni
612 571 658 597 per
682 570 787 596 presens
814 561 998 588 chrisobnllion

210 619 355 637 sermonem
371 611 486 644 accipere
499 618 541 636 eos
551 617 636 635 annue
650 609 675 634 in
691 613 804 638 tempore
819 616 879 643 rage
892 607 995 634 sollem-

211 657 301 689 puiurn
333 655 425 682 librar.
452 656 473 670 ’ί
492 654 562 685 XX,
587 660 610 681 et
636 659 663 680 ut
688 654 883 680 distribuantur
905 653 949 678 hec
973 653 1016 678 in-

209 702 329 735 proprias
344 701 466 727 ecclesias
478 701 619 727 secundum
635 701 750 733 ipsorum
764 700 838 726 velle.
854 699 997 725 Ilonoravit

210 751 299 774 autent
315 752 339 774 et
360 748 470 774 nobilem
486 747 583 774 Ducem
596 755 685 773 eorum
704 745 923 773 certerabilissima
937 754 999 778 pro-

211 793 336 820 tosebasti
352 794 479 827 dignitate
503 801 561 819 cum
587 801 647 826 roga
666 793 744 818 etiam
767 800 813 818 sua
836 792 997 825 plcnissinra.

212 837 272 864 Non
291 839 319 865 in
345 847 456 871 persona
480 847 539 865 vero
563 835 644 872 ipsiifs
664 838 842 864 determinavit
858 838 999 868 honorem;

210 883 255 910 sed
268 883 455 910 indesinenlem
470 893 526 910 esse
542 890 620 917 atque
635 888 787 916 perpetuum
803 888 826 908 et
840 890 885 915 per
899 889 1000 908 succes-

210 929 295 955 siones
317 937 398 964 usque
417 930 439 944 ¹²
465 930 609 955 secundum
631 929 698 954 diem
723 928 746 943 ’³
771 927 867 961 fuerint
885 927 999 954 Ducibus

212 975 355 1000 transmitti
371 975 511 1008 deﬁnitivis
534 975 560 1001 in
583 974 655 1000 urbe.
673 973 818 999 Ilonoravit
838 978 859 999 et
875 972 999 999 Patriar-

211 1021 286 1046 chum
299 1027 388 1045 eorum
402 1019 576 1055 hypertimon,
590 1019 609 1045 i.
626 1027 649 1046 e.
664 1017 928 1051 super/ionorabilem,
942 1025 1000 1044 runt

211 1072 273 1098 roga
297 1064 427 1092 librarum
453 1065 555 1099 viginti.
574 1065 606 1091 Et
631 1065 699 1090 hunc
724 1072 784 1090 vero
809 1063 931 1090 honorem
955 1072 1000 1097 per

210 1111 398 1137 successionem
416 1111 443 1138 in
468 1119 522 1142 eos,
540 1112 584 1146 qui
608 1111 728 1144 deinceps
745 1110 853 1145 fuerint,
877 1109 999 1136 Patriar-

211 1156 273 1182 chas
290 1156 445 1187 transmisit,
463 1162 491 1182 ut
513 1157 553 1182 Itic
578 1163 678 1189 quoque
703 1156 735 1181 sit
761 1154 906 1180 indesinens
922 1160 1000 1188 atque

210 1206 361 1234 perpetuus.
378 1207 400 1227 et
418 1209 469 1227 non
485 1206 587 1227 tantum
603 1209 713 1234 persona
735 1200 757 1216 ’δ
772 1201 828 1233 ejus
857 1199 999 1226 Constituit

213 1254 271 1272 vero
300 1245 440 1280 Imperium
477 1254 563 1272 meum
591 1251 615 1272 et
646 1245 840 1272 sanctissimam
865 1244 999 1273 ecclesiam

213 1292 299 1318 sancti
315 1292 426 1325 apostoli
450 1296 474 1318 et
499 1292 653 1326 evangeliste
679 1291 773 1321 Marci.
789 1291 833 1325 qui
849 1296 886 1317 est
903 1291 929 1316 in
952 1289 1001 1316 Ve-

212 1337 293 1368 netia,
311 1339 342 1362 ab
359 1344 410 1362 uno
426 1345 525 1371 quoque
542 1337 568 1362 in
586 1345 678 1370 magna
696 1337 797 1363 civitate
812 1341 836 1362 et
853 1337 923 1362 omni
947 1335 998 1362 Ro-

212 1389 301 1408 mama
328 1382 468 1409 tenentium
484 1382 630 1416 ergasteria
651 1383 874 1417 Amalphynorum
899 1382 920 1398 "
944 1390 1000 1408 om-

211 1429 294 1461 ninm,
305 1430 350 1463 qui
361 1434 420 1456 sunt
432 1430 478 1456 sub
488 1435 616 1463 potestate
626 1429 683 1464 ejus
694 1429 799 1464 quidem
809 1429 954 1461 patricatus
965 1428 998 1460 “,

212 1476 329 1508 accipere
344 1483 389 1508 per
403 1483 483 1501 unum
502 1484 627 1510 quemque
646 1484 742 1501 annum
762 1473 920 1501 nundsmata
936 1475 998 1500 tria.

214 1521 253 1546 Ad
271 1520 318 1546 hoc
342 1521 423 1546 donat
445 1520 481 1546 eis
502 1525 525 1546 et
549 1521 694 1554 ergasteria
710 1527 758 1554 que
782 1524 840 1546 sunt
857 1519 884 1545 in
900 1518 999 1545 embolo

213 1563 361 1591 Per-amatis
376 1573 434 1591 cum
449 1565 554 1591 solariis
569 1566 634 1597 suis,
648 1573 698 1600 que
712 1565 807 1591 habent
823 1565 956 1590 introitum
974 1569 999 1590 ct

212 1609 311 1636 exitum
331 1611 355 1636 in
373 1615 456 1637 totum
472 1611 505 1642 ⁸⁷,
520 1612 588 1645 quod
599 1611 715 1644 procedit
735 1610 766 1636 ab
791 1609 903 1636 Ebraica
923 1617 1002 1643 usque

212 1658 245 1680 ad
263 1655 367 1690 Viq’on,
380 1664 478 1691 queque
487 1657 641 1683 habitantur
657 1662 679 1682 et
699 1665 747 1690 quc
766 1665 818 1682 non
832 1656 999 1687 habitantur,

210 1705 235 1726 et
253 1700 279 1726 in
294 1701 387 1734 qmbus
411 1700 523 1728 Venetici
538 1706 689 1734 permanent
705 1707 727 1727 et
743 1700 818 1728 σι·εεί
842 1702 909 1727 sicut
927 1708 1003 1734 erga-

213 1746 321 1778 steriis,‘
337 1751 360 1772 et
391 1747 538 1772 maritimas
564 1745 612 1772 III
639 1746 738 1776 scalas,
763 1753 812 1780 que
836 1746 863 1771 in
887 1748 1002 1778 predrcto

212 1793 302 1824 spacio
321 1792 507 1820 terminantur.
523 1791 608 1818 Donat
627 1798 713 1818 autem
728 1795 751 1817 et
768 1797 858 1817 sancto
875 1790 1002 1816 Akindino

213 1837 373 1872 mankipiurn
399 1838 419 1864 i.
438 1846 461 1865 e.
486 1838 625 1871 pistrinum
652 1837 686 1868 ’⁸,
712 1838 781 1872 quod
806 1842 844 1863 est
870 1838 895 1862 in
920 1837 1002 1870 ipsius

185 1906 190 1910 .
214 1884 319 1910 ecclesie
345 1884 435 1915 latere,
462 1883 532 1917 quod
553 1884 660 1916 pertinet
680 1882 714 1909 ad
738 1883 844 1909 domum
863 1881 956 1914 Petrii,
979 1887 1003 1907 et

214 1929 290 1955 habet
313 1930 461 1962 pensionem
477 1927 702 1962 Byzzantinorum
728 1927 791 1954 XX.
816 1922 943 1954 Similiter
957 1929 1002 1954 dat

212 1980 237 2002 et
251 1975 386 2001 ecclesiam
404 1976 489 2000 sancti
513 1975 625 2005 apostoli
641 1974 754 2004 Ani/ree,
770 1981 818 2008 que
839 1977 877 2000 est
896 1973 921 1999 in
936 1972 1004 2007 Dyr-

215 2019 304 2046 rachio
330 2027 387 2045 cum
407 2019 500 2045 ibidem
517 2019 685 2046 existentibus
702 2019 887 2054 lmperialibus
904 2019 1006 2052 pensio—

214 2064 317 2090 nalibus
343 2070 429 2096 preter
454 2064 482 2090 in
509 2065 531 2090 is
558 2065 699 2097 repositam
725 2064 908 2098 aphesin,que
931 2063 1004 2089 debet

215 2110 275 2135 dari
287 2110 321 2135 atl
332 2109 470 2135 chelandia
484 2110 518 2137 “.
534 2109 664 2136 Concessit
677 2114 764 2136 autem
780 2110 817 2136 eis
833 2113 857 2135 et
872 2109 1004 2143 negociari

215 2155 244 2181 in
257 2162 344 2180 omnes
357 2160 443 2187 partes
459 2154 584 2181 Romanie
601 2155 697 2189 species
721 2155 867 2186 universas,
886 2154 1004 2180 videlicet

1048 248 1136 265 omnes
1151 244 1237 271 rat/es
1252 238 1299 266 sub
1315 242 1442 273 potestate
1457 245 1544 265 nostre
1558 240 1599 272 pie
1614 240 1839 271 mansuetudinis,

1049 293 1098 311 non
1114 285 1278 318 prcbentibus
1292 285 1397 310 omnino
1410 284 1582 318 proqualibet
1595 286 1702 319 propria
1716 287 1838 320 negotia-

1049 332 1121 356 t'ione
1143 329 1268 364 quidlibet
1294 330 1442 355 commercii
1465 330 1552 364 gratia
1576 330 1616 356 uel
1631 330 1748 364 cujusvis
1769 331 1841 358 alius

1049 375 1216 405 conditionis,
1230 383 1279 408 que
1292 375 1407 400 demosio
1421 375 1544 408 infertur,
1558 375 1630 408 pacti
1642 376 1718 410 quasi
1732 375 1840 402 πιστα-

1049 421 1123 451 lanii,
1147 421 1301 448 Iimenatici.
1328 420 1476 454 portentici,
1504 420 1628 451 conislni,
1651 421 1786 454 bzifeileos
1804 421 1839 453 ",

1049 466 1225 492 (trchontic/tii
1242 471 1266 492 et
1282 466 1393 492 aliorum
1407 466 1561 492 tribu'orum
1577 474 1658 492 causa
1674 474 1775 498 eorum,
1789 475 1840 501 que

1050 513 1138 537 debent
1156 512 1299 546 negociari.
1315 511 1347 538 In
1361 511 1479 538 omnibus
1492 512 1560 538 enim
1576 512 1760 546 negotiationis
1774 511 1841 538 locis

1049 559 1111 584 data
1127 563 1163 584 est
1181 558 1287 584 licentia
1303 558 1340 584 eis
1359 558 1390 584 ab
1408 558 1521 591 Imperio
1540 566 1606 590 meo,
1622 559 1769 591 superiores
1783 567 1839 585 esse

1050 604 1143 630 debere
1157 610 1180 629 ct
1196 604 1252 637 ipsa
1277 605 1451 638 requisitione.
1477 603 1604 630 Excident
1621 613 1677 630 rero
1693 610 1715 631 et
1733 605 1765 631 ab
1780 605 1839 638 ipso

1055 650 1166 681 eparcho
1192 650 1399 684 parat/mlassite
1412 650 1445 680 “,
1464 649 1633 683 cleoparorho
1655 651 1785 676 dominico
1804 651 1838 682 ",

1051 696 1274 727 commerltiariis,
1298 695 1485 728 chartalariis,
1508 695 1635 731 hipologis
1656 701 1680 722 et
1700 696 1838 726 omnibus.

1050 744 1094 776 qui
1111 741 1262 776 Iiujuxmodi
1281 747 1351 772 sunt,
1375 741 1446 767 nullo
1461 750 1562 774 eorum,
1578 743 1622 777 qui
1640 750 1685 776 pcr
1701 743 1759 768 locu
1776 747 1839 768 sunt

1050 789 1144 822 primi,
1156 796 1207 813 tum
1224 788 1262 814 vel
1278 787 1392 813 aliorum
1406 789 1472 814 serri
1485 788 1538 813 ium
1560 789 1704 814 communis
1721 794 1840 814 tractan-

1052 835 1126 863 tium,
1141 839 1321 867 contempnere
1335 834 1397 867 quid
1414 841 1502 859 eorum
1516 842 1565 868 que
1587 834 1628 860 hic
1650 834 1760 868 (li/finita
1776 839 1839 860 sntit

1051 885 1224 912 prrsumentc.
1244 878 1366 904 Omnium
1382 879 1461 908 enim,
1479 887 1543 912 quas
1564 879 1621 914 quis
1645 880 1725 911 dicat,
1743 880 1840 912 specie—

1053 932 1109 949 rum
1125 932 1156 949 ac
1171 932 1256 950 rerum
1272 931 1393 950 concessa
1406 929 1443 950 est
1454 925 1503 951 hiis
1517 926 1710 959 rregaciatio,-et
1721 926 1840 952 omnium

1052 969 1206 1003 emptionem
1231 971 1256 995 in
1279 975 1406 1004 potestate
1430 971 1557 996 habebunt
1574 971 1669 1004 facere,
1691 971 1840 1003 s'u,:eriores

1053 1016 1192 1042 existentes
1211 1016 1330 1041 universa
1353 1016 1468 1043 datione.
1489 1015 1542 1042 IIec
1566 1017 1602 1042 ita
1620 1025 1677 1042 cum
1701 1017 1841 1047 dis-cnsa-

1053 1060 1113 1086 verit
1131 1059 1237 1091 Imperii
1253 1061 1329 1087 michi
1347 1061 1429 1094 pietas
1451 1067 1552 1095 sancta,
1568 1066 1644 1095 atque
1658 1062 1762 1096 difﬂuit,
1780 1062 1840 1088 nul-

1053 1104 1106 1130 lum
1124 1105 1241 1131 resistere
1263 1107 1299 1131 eis
1322 1106 1388 1131 sicut
1410 1106 1485 1131 rectis
1500 1111 1523 1132 et
1551 1107 1615 1132 reris
1640 1106 1709 1132 dulis
1734 1107 1791 1140 ejus
1815 1111 1840 1133 et

1054 1156 1144 1177 contra
1167 1151 1286 1178 inimicos
1299 1153 1463 1186 adjutoribus
1479 1158 1501 1179 et
1517 1161 1598 1186 usque
1614 1154 1647 1179 ad
1667 1153 1742 1187 ﬁnem
1759 1153 1840 1180 seculi

1054 1197 1119 1223 tales
1142 1205 1168 1223 se
1187 1205 1242 1224 esse
1256 1199 1478 1229 promittentibus,
1503 1207 1547 1225 nec
1562 1207 1716 1240 quemqua'n
1732 1200 1839 1226 omnino

1053 1243 1186 1269 contraria
1210 1244 1306 1270 sentire
1321 1245 1372 1270 hiis
1392 1245 1488 1271 talibus
1509 1264 1517 1276 ,
1535 1253 1579 1271 nec
1603 1246 1718 1272 actiones
1742 1246 1839 1280 aliquis

1054 1290 1177 1316 adversus
1203 1298 1292 1316 omnes
1314 1299 1433 1317 exercere
1455 1297 1560 1326 propter
1583 1293 1696 1319 trodicta
1712 1294 1748 1320 eis
1763 1301 1842 1328 erga-

1053 1335 1131 1360 steria
1146 1340 1168 1360 et
1188 1337 1273 1361 scalas
1295 1335 1363 1361 istic.
1379 1335 1582 1370 Qualiscumque
1593 1337 1660 1362 enim
1675 1336 1696 1351 "
1709 1336 1778 1370 juris
1794 1337 1840 1363 hec

1053 1379 1178 1411 elistunt,
1203 1381 1256 1406 sive
1271 1381 1439 1408 ecclesiastici
1462 1382 1515 1408 sive
1539 1382 1632 1415 privati
1657 1383 1710 1408 sive
1729 1382 1838 1416 publiti,

1054 1426 1106 1452 sive
1118 1431 1206 1451 sancte
1221 1426 1312 1452 domus
1329 1427 1394 1457 sint,
1411 1428 1455 1453 hec
1471 1427 1620 1453 nullatenus
1638 1428 1778 1462 continget,
1789 1435 1840 1461 que

1054 1479 1122 1497 nunc
1147 1477 1206 1497 sunt
1228 1471 1343 1505 [ide/ium
1361 1473 1417 1498 dnli
1435 1472 1457 1488 ⁸⁵
1475 1472 1583 1506 Imperii
1606 1473 1683 1498 michi
1703 1472 1839 1500 Venetico-

1054 1524 1111 1542 rum
1128 1521 1151 1542 et
1174 1517 1201 1542 in
1215 1521 1347 1550 posterum
1365 1518 1530 1550 fu'urorum;
1545 1526 1622 1552 quum
1639 1518 1746 1544 inultam
1767 1518 1841 1547 beni-

1054 1562 1190 1588 volentiam
1207 1569 1228 1588 et
1247 1567 1346 1588 rectum
1361 1564 1474 1589 animum
1490 1571 1550 1597 ergo
1570 1563 1722 1590 Ilomaniam
1737 1569 1761 1590 et
1777 1572 1840 1600 erga

1053 1605 1194 1640 Imperium
1212 1616 1295 1634 meum
1312 1608 1488 1641 ostendi-runt,
1504 1615 1526 1634 et
1547 1614 1600 1635 toto
1615 1610 1704 1635 animo
1719 1609 1769 1635 hec.
1783 1618 1841 1635 ser-

1052 1659 1111 1677 vare
1129 1651 1282 1684 promittunt
1300 1653 1325 1678 in
1350 1660 1511 1686 perpetuum,
1535 1659 1558 1679 et
1580 1661 1695 1687 pugnare
1711 1662 1757 1687 pro
1785 1655 1840 1680 Ito-

1053 1705 1168 1724 meorum
1192 1703 1262 1724 statu
1281 1703 1305 1724 et
1329 1698 1488 1725 Christianis
1508 1707 1555 1733 pro
1576 1706 1650 1733 parte
1667 1700 1689 1715 “
1706 1701 1793 1726 volunt
1816 1706 1840 1727 et

1052 1749 1240 1776 protestantur.
1259 1743 1292 1769 Et
1306 1737 1396 1770 contra
1420 1745 1485 1771 tales
1502 1745 1569 1771 liras
1591 1745 1646 1779 quis
1669 1747 1838 1777 contradicet.

1054 1790 1091 1815 uel
1106 1795 1197 1815 contra
1210 1798 1251 1815 eos
1262 1790 1390 1823 juditiuru
1408 1790 1516 1817 movebit
1531 1787 1692 1825 (liquanda?
1709 1790 1782 1817 Unde
1795 1801 1841 1818 nec

1054 1840 1180 1861 secretum
1201 1834 1284 1861 I'rtrii
1303 1836 1338 1862 vel
1357 1835 1477 1869 Mireleu,
1495 1845 1539 1863 nec
1555 1838 1632 1863 etiam
1653 1838 1767 1870 privatus
1782 1839 1841 1872 qui-

1055 1888 1130 1914 sque,
1156 1883 1199 1906 sed
1224 1889 1269 1907 nec
1292 1883 1477 1908 monasterium
1503 1882 1540 1909 vel
1562 1882 1682 1917 templum
1701 1891 1839 1916 sanctum,

1055 1927 1148 1961 quibus
1174 1927 1290 1953 ridrliret
1323 1928 1421 1954 donata
1446 1929 1587 1962 ergasteria
1612 1930 1842 1962 pertiueutntture

1055 1939 1148 1961 (Ιῐυυιιδ
1174 1939 1289 1953 Πιιιίιηί
1323 1939 1421 1954 uuttttta
1446 1939 1587 1962 ergasrct‘ta
1612 1939 1789 1962 pertnrettt‘at
1810 1939 1840 1960 "ﬁ

1055 1973 1134 2001 scale.
1153 1979 1244 1999 contra
1259 1973 1303 1999 hos
1321 1974 1463 2000 rnorebuttl.
1485 1973 1573 2000 Erunt
1590 1980 1675 2001 autem
1698 1939 1840 2001 silens?“

1054 2018 1081 2043 in
1092 2018 1285 2051 dispensatione
1299 2027 1330 2044 ac
1340 2020 1479 2046 donatione
1493 2019 1601 2053 Imperii
1617 2021 1692 2047 michi
1710 2029 1841 2047 mancn'cs

1055 2072 1122 2090 vere.
1137 2063 1207 2090 Nam
1219 2064 1240 2090 si
1253 2065 1399 2090 uoluntaria
1415 2073 1465 2091 non
1478 2066 1605 2092 donamus
1616 2067 1700 2101 dignis
1713 2075 1839 2100 accipere,

1056 2118 1100 2135 ceu
1127 2110 1172 2143 qui
1198 2109 1309 2136 viriliter
1331 2115 1437 2144 egerunt
1462 2115 1487 2136 et
1510 2111 1619 2137 uiriliter
1637 2121 1712 2146 agere
1736 2113 1841 2138 student

1056 2159 1132 2188 atque
1147 2154 1298 2186 studebunt,
1314 2154 1407 2188 quibus
1429 2155 1488 2181 aliis
1503 2156 1658 2183 donabimus
1677 2157 1843 2191 aliquando?

214 2201 286 2225 circa
313 2207 435 2233 magnam
461 2198 614 2226 Laodiciam
633 2199 666 2231 '°,
691 2199 860 2225 Antiochiam
883 2203 907 2224 et
926 2197 1004 2223 Μαιι-
1021 2208 1042 2235 υ
1057 2198 1128 2232 Ergo
1143 2204 1166 2225 ct
1180 2199 1346 2225 donabantur
1360 2200 1515 2226 donator-uin
1534 2200 1582 2226 sibi
1599 2201 1770 2228 imrnobilium
1787 2202 1843 2229 sine

213 2244 330 2277 mixtam,
341 2244 592 2277 Adatiam,Tarson,
604 2244 734 2275 Attalian,
744 2243 897 2276 Strobilom,
907 2242 1001 2274 Chion,

217 2289 374 2325 Tlteologou,
401 2290 529 2323 Phocion,
547 2290 724 2326 Dyrrachion,
749 2289 889 2320 Anionem,
916 2289 1001 2322 Cory-

214 2337 292 2369 plius,
319 2335 476 2367 Bondicam,
504 2336 665 2369 Medionem,
691 2336 827 2367 Coronam,
856 2334 1002 2369 Nauplion,

215 2381 381 2414 Corinthian,
408 2382 502 2413 Tebas.
523 2382 649 2414 Athenas,
675 2381 822 2416 Eurippon,
839 2380 1002 2413 Demetrida,

217 2427 439 2460 Thessalonicam,
457 2427 650 2463 Chgrisopolin,
672 2427 862 2458 Peritheorion,
882 2427 1002 2461 Abydon,

199 2472 357 2505 'lieiteston,
384 2473 587 2508 Adriouopolin,
614 2474 714 2508 Apron,
742 2472 903 2506 Erracliam,
929 2472 1000 2499 Seli-

1056 2245 1188 2271 ablatioue
1211 2250 1235 2271 et
1260 2246 1315 2272 sine
1338 2246 1485 2273 turbatione
1508 2247 1533 2272 in
1559 2246 1680 2280 deinceps
1705 2249 1792 2274 omnia
1817 2254 1842 2276 et

1056 2295 1180 2324 perpetua
1197 2296 1314 2324 tempora
1336 2293 1478 2318 secundum
1502 2293 1688 2319 continentiam
1703 2293 1782 2320 debiti
1797 2302 1844 2320 e1:-

1056 2337 1118 2371 poni
1134 2337 1182 2363 sibi
1195 2337 1306 2370 practici
1322 2337 1473 2364 traditionis
1489 2346 1577 2364 eorum
1592 2347 1607 2364 a
1622 2340 1843 2374 protoanthypato

1057 2382 1168 2417 Georgio
1186 2388 1208 2409 et
1228 2383 1331 2410 notario
1347 2383 1454 2416 Imperii
1472 2385 1522 2410 mei
1538 2389 1564 2410 tu
1584 2383 1753 2416 Machitariu.
1770 2378 1842 2419 quod

1055 2433 1078 2455 et
1091 2429 1196 2460 ﬁrmum
1219 2428 1267 2455 erit
1283 2433 1307 2455 et
1328 2429 1421 2456 stabile
1445 2423 1475 2456 αἱ
1499 2429 1646 2457 inviolabile
1661 2431 1688 2457 in
1709 2432 1841 2464 omnibus,

1055 2481 1104 2508 que
1120 2474 1319 2500 continebuntur
1333 2475 1359 2500 in
1374 2482 1421 2506 eo;
1436 2476 1529 2502 deberis
1549 2481 1572 2502 et
1586 2475 1634 2502 hoc
1649 2477 1674 2502 in
1691 2476 1747 2504 illis
1761 2478 1843 2504 subar

884 2540 987 2572 Varia;
1003 2540 1168 2571 lectiones.

249 2606 271 2621 "‘
286 2605 365 2632 Liber
383 2605 483 2632 albus:
498 2604 627 2639 quodque.
666 2605 686 2620 "
702 2604 773 2631 Idem
795 2613 801 2631 :
819 2605 901 2631 stolii.

214 2709 233 2736 i.
247 2717 273 2736 e.
288 2709 456 2745 patriciatus.
494 2709 516 2726 ’⁷
531 2709 653 2744 Legcrim
668 2718 674 2736 :
690 2709 828 2745 embolum.

212 2779 360 2812 αφόλλεως.
400 2781 422 2796 ³⁵
451 2782 486 2807 De
511 2779 736 2815 παραθαλᾳᾳςξᾷτῃ

211 2819 333 2842 censent.
352 2815 417 2842 Vide
436 2816 504 2842 infra
523 2813 589 2841 Νόν.
607 2813 762 2840 LXXXVII.

939 2605 962 2620 ’θ
980 2603 1050 2631 Idem
1065 2612 1072 2630 :
1091 2611 1224 2638 superare.

206 2639 271 2672 με».
299 2646 401 2675 pnt'lor.
426 2646 455 2666 ut
480 2638 525 2676 qui
547 2638 598 2676 sec.
624 2639 748 2666 Editores
771 2640 804 2666 iis
831 2640 885 2676 qui:
903 2638 1017 2676 ﬁcales

214 2675 285 2701 κατὰ
301 2674 355 2710 ⁷τὴν
374 2674 493 2710 ἡμέρανζ
531 2675 554 2710 ’⁵
573 2675 641 2708 Lege
657 2683 664 2701 :
687 2682 822 2708 personae.
860 2674 885 2710 ¹’
901 2674 1000 2710 Editori

1053 2679 1144 2710 notant
1167 2682 1174 2710 ;

214 2709 233 2736 i.
247 2717 273 2736 e.
288 2708 456 2740 patriciatus.
494 2709 516 2726 "
531 2709 653 2740 Legcrim
668 2718 674 2736 :
690 2709 828 2735 embolum.
866 2709 888 2724 ’⁸
907 2708 964 2734 Lilr.
984 2709 1061 2735 albus
1078 2719 1084 2734 :
1098 2709 1250 2740 pristinum.

213 2743 294 2771 nibus
310 2746 411 2773 curiosi
428 2745 569 2773 conferant
585 2745 754 2772 doctissimas
769 2743 864 2770 Τηίυιίἱ
888 2743 1073 2770 adnotatioues
1091 2744 1107 2769 Ι.
1129 2743 1160 2772 Ι..
1184 2751 1209 2777 ρ.
1236 2744 1286 2771 118
1309 2751 1349 2778 sq.

213 2779 359 2804 αωόλλεως.
400 2781 422 2796 ³³
451 2782 486 2804 Ι).ε
511 2779 736 2804 παραθαλασσίτη
763 2779 800 2804 cf.
826 2779 911 2804 ιΙείοα
935 2777 979 2804 LI.
1003 2779 1049 2804 29.
1089 2778 1112 2794 "
1129 2778 1253 2804 lidilores
1280 2784 1306 2804 tu
1332 2787 1349 2804 or

763 2779 800 2806 cf.
826 2779 911 2812 ιιεῖρα
935 2779 979 2808 LI,
1003 2779 1049 2804 29.

801 2813 822 2828 ”
838 2814 896 2839 Lit».
916 2812 994 2839 altius
1017 2822 1023 2839 :
1045 2813 1228 2848 qualicumque
1252 2812 1335 2841 eram;

1262 2604 1283 2620 ¹¹
1299 2604 1387 2631 Malim
1409 2613 1416 2631 :
1438 2605 1528 2633 libras.
1567 2607 1589 2622 "
1612 2606 1656 2634 Sic
1676 2605 1736 2634 Lib.
1753 2606 1840 2634 albus.

1065 2639 1090 2655 “
1103 2639 1224 2676 Editoros
1246 2639 1365 2676 deinceps
1379 2641 1535 2667 emendant.
1551 2641 1608 2668 Non
1631 2649 1708 2676 opus.
1727 2641 1840 2669 Graece:

1201 2675 1217 2701 i.
1237 2682 1262 2700 e.
1279 2675 1540 2709 Amalphitalrormn.
1580 2677 1602 2692 “
1618 2675 1700 2703 Iidem
1724 2681 1840 2703 notant:

1289 2709 1310 2725 ’θ
1326 2709 1436 2744 Navium
1455 2711 1570 2744 species.
1607 2712 1630 2727 ³⁸
1645 2713 1680 2738 De
1698 2711 1740 2738 his
1753 2711 1841 2738 nomi-

1389 2744 1409 2760 ⁸¹
1427 2743 1498 2777 Ι-ιέλιξθ
1519 2753 1526 2772 ;
1555 2746 1701 2778 cxnl‘oleos,
1723 2745 1772 2772 τοῦ
1796 2746 1841 2778 ἐε-

1089 2778 1112 2794 ⁹³
1129 2778 1253 2805 lidilores
1280 2784 1306 2805 tu
1331 2779 1422 2814 geniltu
1448 2780 1506 2811 (τοῦ
1528 2781 1648 2816 quasi)
1671 2781 1840 2808 scribendum

1089 2813 1228 2843 dirumque
1252 2821 1335 2841 eram.
1375 2815 1396 2830 "
1421 2815 1490 2843 Leito
1509 2817 1640 2843 dulorunt.
1680 2816 1702 2832 ³⁸
1720 2816 1758 2843 Ex
1774 2815 1840 2843 Nov.

1442 2823 1490 2850 ego
1509 2822 1640 2843 (tutorum.
1680 2822 1702 2832 "
1720 2822 1758 2843 hx
1774 2822 1842 2844 nov.

210 2845 243 2876 ΙΙΙ
257 2850 340 2877 lsaaci
359 2850 452 2884 Angcli
469 2854 544 2884 (tam.
556 2848 652 2875 CXXX
664 2848 694 2883 ν)
708 2849 849 2882 lugendum
863 2851 914 2874 crit
928 2857 933 2874 :
948 2845 1075 2882 prompte.
