1947 3081
197 129 248 162 731

818 135 844 164 Μ
854 133 1016 164 ᾹΝΗΕΙᾸΞ
1036 132 1206 163 COMXEN’I

1774 128 1833 161 732

198 188 225 214 in
240 190 285 222 iis,
298 188 324 216 in
339 189 438 224 quibus
454 197 467 215 a
484 189 583 224 publici
600 197 699 217 census
721 191 746 218 in
762 199 794 218 ea
810 193 919 226 regione
936 191 983 216 de-

1051 191 1126 224 qu;
1145 190 1198 226 γὰρ
1216 190 1264 224 τῆς
1284 190 1346 225 παρ’
1360 190 1451 222 αὐτοῖς
1469 190 1667 226 εὑρισκομένης
1684 189 1732 216 νῦν
1751 197 1838 215 κατο-

197 235 376 269 scriptoribns
395 235 557 262 documenta
573 237 634 262 data
648 242 782 271 sunt,qu:e
798 237 842 271 jus
856 236 911 262 lisei
929 235 987 271 [seu

198 279 322 315 publici],
350 285 380 307 ut
404 281 505 308 dictum
532 286 585 314 est,
609 283 736 316 probant.
765 283 846 310 debet
870 288 989 316 pnesens

197 327 285 353 Aurea
298 326 404 360 imperii
418 328 469 354 mei
487 327 559 355 Bulla
578 327 710 361 sulm-ere,
723 333 750 355 et
766 335 814 361 pro
830 328 988 360 donatione,

198 376 226 397 et
237 377 342 401 ac:u,et
353 373 449 406 quovis
465 373 518 399 alio
532 373 610 401 titulo
623 374 690 400 satis
700 381 770 400 esse:
782 373 888 400 etiamsi
904 373 989 408 quod-

198 425 305 451 cunque
329 418 401 445 aliud
422 425 559 446 secretum
577 419 602 446 in
618 421 658 446 eis
676 420 721 453 jus
742 420 851 447 habeat.
870 420 924 447 Nec
945 429 991 448 co-

199 468 297 498 gentur
329 466 507 497 monasteria,
535 465 571 492 ob
593 473 624 492 ea
652 473 712 500 quae
740 474 810 493 nunc
837 466 989 500 possident,

199 510 360 542 immobilia,
377 512 487 546 antiqua
504 511 566 543 alia,
598 519 657 546 qua:
674 511 713 538 eis
728 512 836 545 adsunt,
851 512 913 547 jura
928 521 990 547 pro-

200 556 281 584 ferre.
299 557 352 585 Sed
369 559 418 585 hac
432 559 555 592 prmsenti
573 558 668 584 Aureze
691 558 774 585 Bulla:
788 559 924 593 scriptura
942 567 990 593 pro

200 604 274 630 omni
290 602 352 637 jure
374 604 485 636 utentis,
505 611 534 630 ea
559 604 678 631 contenti
700 612 760 632 esse
775 604 889 638 debent;
911 610 992 639 utque

199 650 250 681 eis,
268 655 296 676 ut
311 650 387 683 prius
411 651 542 684 scriptum
558 655 610 683 est,
633 650 758 678 sullieere
774 651 880 684 debeat,
897 656 924 678 et
943 659 993 686 pro

199 695 359 727 donatione,
382 701 409 722 et
430 704 478 731 pro
500 697 658 730 traditione,
676 703 704 725 et
723 699 820 732 quovis
842 698 895 725 alio
919 699 992 733 jure.

200 741 248 768 Sin
259 747 348 768 autem
363 743 520 770 invitantem
533 744 646 771 fortasse
655 749 774 780 tempore
785 745 898 772 voluerit
911 745 993 772 ullum

201 788 395 815 monasterium
411 788 444 816 iis
459 789 542 816 etiam
559 797 620 824 quce
636 789 717 817 habet
731 790 839 824 juribus
858 795 883 817 et
907 791 994 818 titulis

202 833 251 865 uti,
265 841 295 860 ea
312 841 362 869 pro
377 842 406 861 Se
432 835 570 868 adferens,
588 844 602 863 a
619 835 693 863 nullo
712 837 821 870 penitus
835 836 993 871 prohibebi-

203 881 254 906 tur.
283 879 338 907 Hoc
350 881 421 907 enim
439 889 492 908 non
509 881 589 909 faciet
602 882 722 909 adhibita
737 882 886 909 coactione.
897 882 925 909 Si
944 890 994 909 au-
1012 862 1033 889 Β

203 931 258 952 tem
273 925 324 953 hoc
339 927 446 961 propria
465 928 604 955 voluntate
626 928 749 962 elegerit,
774 936 855 956 nemo
878 929 994 964 impedi—

203 975 279 998 turus
293 971 461 999 admittetur.
477 971 534 999 Non
550 973 638 1000 solum
655 979 745 1001 autem
767 974 799 1001 ad
821 974 992 1009 probandum

200 1015 245 1050 jus
260 1017 370 1050 terreni,
387 1019 458 1052 quod
476 1018 584 1052 habent,
599 1020 771 1047 monasteriis
786 1020 898 1048 suﬂiciel
922 1028 992 1054 prm-

204 1070 266 1090 seus
286 1063 359 1091 Bulla
375 1064 463 1092 Aurea
479 1073 486 1092 :
505 1066 552 1093 sed
570 1067 650 1094 etiam
666 1067 692 1094 in
711 1068 826 1099 colonis,
850 1068 895 1102 qui
922 1075 994 1095 nunc

204 1109 238 1136 ab
254 1109 293 1136 eis
307 1110 470 1143 detinentur,
485 1116 511 1138 et
523 1111 641 1146 praediis,
656 1113 840 1148 vectigalibus,
851 1113 996 1140 conventi-

205 1154 268 1186 bus,
286 1155 453 1190 trajeetionis
469 1157 662 1192 solutionibus,
679 1159 792 1193 stagnis,
810 1158 911 1192 ﬂuviis,
928 1159 996 1192 juri-

205 1201 256 1229 hus
282 1202 436 1236 maritimis,
453 1207 481 1230 et
494 1211 654 1239 quocunque
669 1205 722 1232 alio
732 1205 805 1240 jure,
823 1205 894 1240 quod
909 1206 943 1232 ab
956 1206 996 1234 eis

205 1248 369 1282 possidetur,
382 1254 562 1284 praeterquam
576 1251 604 1278 in
620 1251 665 1284 iis,
680 1252 706 1278 in
721 1252 819 1286 quibus
835 1253 996 1280 documenta

207 1301 256 1329 pro
277 1295 341 1322 ﬁsco
370 1295 410 1330 (ut
423 1303 495 1331 sazpe
511 1297 636 1332 superius
653 1298 754 1325 dictum
775 1298 828 1333 est)
858 1303 998 1334 assumpta

207 1343 281 1368 sunt.
296 1341 342 1368 Sin
356 1346 447 1368 autem
463 1343 599 1370 recenseri
612 1343 690 1378 jussa
714 1349 788 1378 sunt,
807 1344 847 1372 vel
862 1345 997 1380 amputari

208 1387 332 1421 quaedam
346 1387 456 1420 tributa,
468 1388 510 1415 vel
525 1393 615 1423 pacta,
631 1389 672 1416 vel
692 1390 804 1423 militizc,
822 1391 863 1418 vel
881 1391 998 1426 publica,

207 1433 249 1460 vel
269 1433 397 1465 libellica,
412 1435 453 1462 vel
472 1435 575 1469 aliquid
597 1436 681 1469 aliud,
703 1437 776 1471 quod
799 1438 832 1464 ad
858 1438 997 1473 publicum

207 1479 342 1514 pertinet;
368 1485 395 1507 et
419 1487 472 1507 non
498 1480 599 1508 factum
621 1487 672 1515 est,
702 1483 773 1518 quod
800 1485 998 1512 recensendum

1040 237 1090 271 χῆς
1113 237 1166 262 τῶν
1189 237 1325 272 ἀκινήτων
1349 237 1510 273 ὀφειλούσης
1534 237 1629 272 ἀρκεῖν
1656 236 1748 267 αὐτοῖς
1774 235 1838 261 ᾶντὶ

1040 283 1139 314 παντὸς
1156 283 1353 318 δικαιώματος,
1371 284 1496 319 περιττόν
1513 284 1571 310 ἐστι
1587 283 1617 309 τὸ
1635 283 1838 317 πολυπραγμο-

1041 329 1096 354 νεῖν
1111 329 1174 364 περὶ
1188 329 1293 364 ἑτέρου.
1310 329 1371 356 Ἐπὶ
1386 330 1452 356 πᾶσι
1467 329 1521 364 γὰρ
1533 328 1574 360 οἷς
1588 329 1733 363 κατέχουσι
1749 328 1838 363 σήμ-τ-

1043 383 1088 409 ρον
1102 374 1175 410 (ἄνευ
1191 375 1283 410 μέντοι
1296 375 1349 401 τῶν
1362 376 1404 410 ἐφ’
1415 373 1454 408 οἷς
1468 375 1600 410 ἐδόθησαν
1615 375 1705 405 αὐτοῖς
1718 373 1840 407 διαγνώ-

1041 428 1097 451 σεις
1112 421 1185 456 παρὰ
1198 422 1252 447 τῶν
1265 422 1334 448 κατὰ
1348 421 1439 456 χώραν
1451 421 1632 456 ἀνα-γραφέων
1644 420 1689 447 τὸν
1702 420 1837 455 δημόσιον

1042 465 1196 492 δικαιοῦσαι
1207 487 1213 498 ,
1230 466 1266 497 ὡς
1285 466 1404 501 εἴρηται)
1417 489 1423 500 ,
1440 467 1542 501 ὀφείλει
1559 467 1655 502 ἀρκεῖν
1673 467 1689 502 ἡ
1708 465 1838 501 παροῦσα

1042 509 1240 544 χρυσόϐουλλος
1254 511 1346 546 γραφὴ
1361 511 1409 546 τῆς
1427 511 1567 546 βασιλείας
1583 520 1633 546 μου
1648 511 1695 537 καὶ
1711 511 1770 538 ἀντὶ
1785 510 1839 536 δω-

1044 555 1108 589 ρεᾶς
1123 555 1171 581 καὶ
1186 556 1246 582 ἀντὶ.
1261 558 1413 591 πρακτικοῦ
1430 557 1477 584 καὶ
1491 558 1550 584 ἀντὶ
1566 553 1665 589 παντὸς
1681 557 1776 592 ἑτέρου
1793 557 1835 583 δι-

1043 600 1211 635 καιώματος,
1227 601 1279 628 κᾶν
1295 603 1485 637 οίονδηποτοῦν
1502 603 1631 639 σεκρέτον
1647 603 1691 629 ἐπ’
1703 603 1778 638 αὐτῷ
1796 603 1838 628 δι·-

1043 647 1167 672 καιοῖτο·
1196 647 1257 673 οὐδὲ.
1287 649 1541 683 ἀναγκασθήσονται
1569 649 1597 675 αί
1628 649 1708 684 μοναὶ
1735 648 1780 682 ἐφ’
1797 645 1840 678 οἷς

1044 692 1188 727 κατέχουσι
1205 693 1251 719 νῦν
1268 694 1406 728 ἀκινήτοις
1426 695 1606 730 προκομίζειν
1622 695 1704 730 ἕτερα
1721 695 1840 721 παλαιο-

1044 738 1110 773 γενῆ
1125 739 1262 773 προσόντα
1275 740 1371 772 αὑταῖς
1386 740 1568 776 δικαιώματα,
1583 741 1650 768 ἀλλὰ
1663 743 1696 776 τῇ
1711 740 1840 776 παρούσῃ

1045 785 1235 820 χρυσοϐούλλῳ
1252 787 1345 821 γραφῇ
1362 786 1412 821 τῆς
1431 786 1570 822 βασιλείας
1587 796 1638 822 μου
1658 787 1718 814 ἀντὶ
1736 787 1841 818 παντὸς

1047 831 1232 866 δικαιώματος
1261 831 1401 868 χρώμεναι
1430 833 1647 868 ἁρκεσθήσονται
1676 833 1762 869 ταύτῃ
1793 832 1842 860 καὶ

1050 878 1130 915 μόνῃ,
1147 878 1290 914 ὀφειλούσῃ
1307 879 1402 914 ἀρκεῖν
1416 881 1527 912 αὑταῖς,
1543 881 1580 911 ὡς
1596 880 1776 915 προεγράφη,
1793 880 1842 906 καὶ

1046 924 1106 951 ἀντὶ
1126 925 1230 960 δωρεᾶς
1251 925 1298 951 καὶ
1318 926 1377 952 ἀντὶ
1396 926 1572 960 παραδόσεως
1590 918 1638 953 καὶ
1656 926 1716 952 ἀντὶ
1737 925 1842 956 παντὸς

1047 971 1140 1005 ἑτέρου
1165 971 1360 1006 δικαιώματος.
1386 972 1416 998 Et
1440 972 1462 998 δ’
1477 973 1542 1004 ἴσως
1567 971 1664 1007 καιροῦ
1689 971 1843 1003 καλοῦντος

1047 1015 1155 1051 θελήσει
1181 1017 1371 1052 οἱονδηποτοῦν
1400 1018 1581 1052 μοναστήριον
1607 1017 1763 1053 χρήσασθαι
1794 1017 1843 1043 καὶ

1046 1063 1101 1092 τοῖς
1131 1061 1280 1096 προσοῦσιν
1307 1062 1383 1096 αὐτῷ
1410 1062 1613 1097 δικαιώμασιν,
1641 1062 1713 1097 ὑπὲρ
1741 1061 1843 1089 ἑαυτοῦ

1046 1107 1133 1133 ταῦτα
1155 1107 1341 1142 προκομίζον,
1360 1108 1425 1143 παρ’
1440 1107 1604 1143 οίουδήτινος
1622 1109 1690 1143 πρὸς
1708 1108 1788 1135 τοῦτο
1811 1108 1843 1135 οὐ

1047 1153 1236 1188 κωλυθήσεται
1247 1161 1254 1168 ·
1273 1154 1484 1188 ἀναγκαστικῶς
1499 1155 1553 1190 γὰρ
1568 1155 1648 1181 τοῦτο
1663 1154 1694 1181 οὐ
1712 1155 1823 1190 ποιήσει
1835 1162 1843 1169 ·

1047 1200 1072 1226 εἰ
1095 1199 1122 1225 δὲ
1146 1199 1239 1235 οἰκείῳ
1262 1200 1396 1235 θελήματι
1421 1200 1486 1227 αὐτὸ
1512 1201 1689 1235 αίρετίσεται,
1716 1202 1805 1233 οὐδεὶς
1830 1201 1845 1227 ὁ

1048 1245 1203 1281 ἐμποδίζων
1226 1247 1337 1274 ἐσεῖται.
1362 1247 1398 1274 οὐ
1422 1248 1503 1283 μόνον
1526 1248 1555 1275 δὲ
1578 1249 1623 1275 ἐπὶ
1645 1250 1676 1284 τῇ
1699 1248 1845 1275 δικαιώσει

1048 1292 1097 1326 τῆς
1114 1293 1166 1325 γῆς
1186 1292 1367 1327 συμὸαλεῖται
1384 1294 1440 1325 τοῖς
1463 1294 1656 1328 μοναστηρίοις
1676 1295 1692 1329 ή
1714 1293 1845 1329 παροῦσα

1048 1338 1245 1373 χρυσόϐουλλος
1267 1339 1370 1375 γραφὴ,
1394 1339 1462 1366 ἀλλὰ
1484 1341 1531 1366 καὶ
1552 1341 1598 1366 ἐπὶ
1621 1341 1676 1371 τοῖς
1700 1340 1846 1376 παροίκοις

1048 1386 1104 1416 τοῖς
1119 1384 1165 1410 νῦν
1181 1385 1246 1421 παρ’
1258 1385 1348 1412 αὐτῶν
1363 1386 1574 1421 κατεχομένοις,
1590 1387 1637 1413 καὶ
1652 1388 1707 1418 τοῖς
1723 1387 1848 1422 αὐτουρο

1048 1430 1128 1464 γὶοις,
1143 1431 1247 1466 φόροις,
1263 1431 1445 1467 πανηγύρεσι,
1458 1432 1605 1466 διαϐατοῖς,
1620 1432 1739 1468 λίμναις,
1757 1442 1845 1459 ποτα-

1051 1479 1122 1513 μοῖς,
1135 1477 1287 1510 οαλασσίοις
1300 1478 1415 1511 δικαίοις
1428 1478 1475 1505 καὶ
1489 1480 1575 1514 ἑτέρῳ
1586 1479 1723 1515 οίῳδήτινι
1745 1479 1848 1514 δικαίῳ

208 1530 281 1558 erat;
297 1526 337 1553 vel
356 1526 437 1554 habet
451 1526 560 1562 aliquod
582 1528 654 1556 aliud
674 1530 730 1564 jus,
748 1530 818 1565 quod
836 1532 998 1565 reprehendi

1052 1524 1117 1559 παρ’
1131 1524 1222 1552 αὐτῶν
1246 1525 1434 1561 κατεχομένῳ,
1460 1526 1524 1552 ἄνευ
1553 1526 1644 1561 μέντοι
1668 1525 1723 1552 τῶν
1745 1525 1790 1560 ἐφ’
1805 1523 1849 1557 οἷς

209 1572 296 1606 possit
310 1573 475 1601 monasteria
491 1581 524 1601 ex
540 1580 572 1602 eo
588 1574 655 1602 nihil
669 1575 811 1603 lcedentur.
826 1576 895 1610 Quid
908 1582 999 1605 autent

208 1624 276 1651 opus
293 1622 335 1645 est
349 1618 430 1645 multa
451 1619 554 1653 dicere,
580 1624 607 1646 et
630 1627 804 1655 enumerare,
831 1627 858 1649 et
883 1623 1000 1658 exempli

209 1664 296 1698 gratia
311 1663 427 1692 alferre?
442 1664 592 1692 Verborum
609 1666 808 1695 multitudinem
826 1669 932 1703 imperii
949 1668 1001 1696 mei

209 1711 337 1746 maiestas
352 1716 575 1746 prmtereurrens,
586 1721 619 1740 ne
634 1714 695 1748 quis
717 1713 744 1741 in
769 1713 901 1749 ejusmodi
920 1715 1002 1743 rebus

210 1756 325 1784 callidus
347 1761 374 1784 et
398 1757 484 1790 thft'l‘,
509 1759 647 1786 nonnullis
669 1759 778 1794 quidem
803 1760 894 1793 dictis,
917 1768 950 1788 ex
969 1761 1002 1789 iis

211 1803 301 1830 causis
317 1811 376 1838 qua:
393 1804 541 1831 immobilia
568 1806 740 1838 concutiunt,
758 1806 818 1834 aliis
835 1814 899 1834 vero
917 1806 1002 1834 silen-

212 1848 249 1875 tio
270 1850 423 1883 prmteritis,
442 1850 522 1878 verba
538 1851 667 1884 arripiat;
683 1855 710 1879 et
730 1859 805 1879 more
825 1851 941 1880 Judaico
958 1852 1002 1879 lit-

212 1899 278 1924 terae
295 1896 413 1929 insistat,
433 1901 459 1924 et
472 1899 623 1926 coneturin
636 1899 669 1926 iis
687 1906 748 1933 quae
765 1899 836 1926 dicta
858 1908 911 1927 non
927 1905 1000 1934 sunt,

212 1942 379 1969 rnonasteria
397 1943 500 1977 agitare
521 1948 549 1971 et
570 1951 670 1972 vexare
686 1953 692 1971 :
713 1945 858 1973 universali
877 1951 904 1974 et
919 1955 1001 1982 gene-

213 1986 263 2013 rali
279 1987 402 2014 oratione
417 1989 561 2023 imperium
579 1997 669 2017 meum
692 1991 750 2018 vult
771 1996 799 2019 et
823 1992 956 2024 decernit,
974 1997 1002 2020 ut

213 2033 284 2068 quod
305 2034 330 2060 in
352 2033 385 2060 iis
402 2042 463 2069 qua:
484 2035 564 2063 hodie
583 2043 598 2063 a
622 2038 795 2064 monasteriis
816 2039 1001 2072 possidentur,

215 2079 257 2106 vel
273 2079 299 2106 in
313 2080 378 2115 ipsis
392 2085 454 2108 sunt
471 2083 701 2110 monasteriorum
718 2085 864 2117 cathedris,
883 2093 931 2119 pro
952 2093 1001 2120 pu-

214 2126 284 2154 blico
309 2127 456 2162 cogitatum
481 2127 562 2156 fuerit
589 2130 622 2156 ab
650 2130 752 2164 aliquo,
780 2130 821 2157 vel
850 2139 931 2162 nunc,
961 2132 1002 2158 vel

214 2176 430 2208 quanttoeunque
442 2195 449 2208 ,
473 2175 640 2203 monasterio
659 2176 750 2203 datmu
768 2185 828 2204 esse
849 2181 999 2212 reputctur.

1051 1570 1148 1597 ἔλαϐον
1165 1571 1324 1606 διαγνώσεις
1343 1571 1413 1607 ὑπὲρ
1429 1572 1476 1599 τοῦ
1495 1572 1640 1608 δημοσίου,
1658 1572 1696 1603 ὡς
1713 1572 1848 1604 πολλάκις

1051 1618 1180 1653 ἀνωτέρω
1195 1617 1358 1652 διείληπται.
1376 1618 1406 1645 Et
1420 1618 1449 1644 δὲ
1463 1618 1511 1644 καὶ
1527 1618 1757 1654 προσετάχθησαν
1772 1618 1849 1652 λογι-

1053 1664 1151 1698 σοῆναι
1170 1664 1186 1700 ἢ
1207 1665 1358 1699 ἐκκοπῆναί
1376 1673 1437 1691 τινα
1456 1664 1610 1700 τελέσματα
1631 1665 1646 1700 ἢ
1666 1664 1811 1699 πρακτικὰ
1831 1666 1847 1699 ἢ

1053 1712 1192 1745 στρατεῖαι
1213 1711 1229 1746 ἢ
1250 1711 1370 1746 δημόσια
1386 1711 1402 1746 ἢ
1420 1711 1537 1737 λίὸελλοι
1557 1712 1572 1748 ἢ
1589 1711 1682 1746 ἕτερον
1699 1720 1724 1738 τι
1741 1711 1780 1746 τῷ
1801 1711 1850 1745 δη-

1054 1757 1139 1792 μοσίῳ
1154 1757 1263 1792 ἀνῆκον,
1279 1757 1324 1783 καὶ
1339 1757 1369 1783 οὐ
1385 1758 1480 1791 γέγονε
1494 1758 1524 1784 τὺ
1539 1757 1742 1793 λελογισμένον,
1756 1758 1773 1792 ἣ
1789 1758 1851 1784 ἕτε-

1055 1804 1100 1839 ρόν
1121 1813 1148 1830 τι
1170 1804 1226 1838 ἔχει
1250 1803 1416 1838 ἐπιλήψιμον
1437 1803 1468 1830 τὸ
1490 1803 1646 1838 δικαίωμα,
1670 1803 1747 1829 οὐδέν
1767 1811 1794 1830 τι
1817 1804 1851 1829 ὲκ

1052 1849 1148 1876 τούτου
1172 1849 1337 1884 βλαῧήσεται
1362 1849 1396 1875 τὰ
1423 1850 1604 1884 μοναστήρια.
1628 1848 1660 1875 Τί
1683 1849 1711 1875 δὲ
1734 1848 1788 1884 χρὴ
1816 1849 1851 1875 τὰ

1053 1896 1138 1923 πολλὰ
1153 1896 1316 1929 καταλέγειν
1329 1895 1377 1922 καὶ
1390 1895 1619 1930 ἁπαριθμεῖσοαι,
1636 1896 1682 1921 καὶ
1699 1895 1781 1930 χάριν
1797 1904 1851 1922 πα-

1055 1942 1235 1978 ραδείγματος
1251 1942 1476 1977 ἀπογράφεσθαι;
1491 1941 1547 1976 Τήν
1562 1940 1726 1974 πολυλογίαν
1739 1941 1754 1975 ὴ
1773 1940 1852 1974 βασι-

1053 1989 1112 2016 λεία
1130 1998 1181 2024 μου
1197 1990 1426 2024 παρατρέχουςα,
1443 1988 1486 2014 ἵνα
1504 1989 1539 2024 μή
1555 1996 1597 2019 τις
1611 1987 1666 2013 τῶν
1680 1987 1746 2021 περὶ
1761 1987 1852 2013 ταῦτα

1052 2035 1157 2068 δεινῶν,
1173 2035 1254 2062 τινῶν
1270 2035 1320 2070 μὲν
1335 2035 1550 2070 ὲκῳωνηῢέντων
1565 2035 1598 2060 ἐκ
1613 2034 1667 2060 τῶν
1683 2034 1716 2060 τὰ
1731 2034 1852 2069 ἀκίνητα

1054 2081 1251 2108 κατασειόντων
1273 2081 1384 2114 αἰτίων,
1407 2082 1488 2108 τινῶν
1510 2081 1539 2107 δὲ
1561 2080 1850 2116 παρασιωπηοέντων,

1053 2128 1241 2163 ὲπιδράττοιτο
1259 2127 1313 2154 τῶν
1334 2127 1534 2163 ῥημάτων-καὶ
1553 2127 1624 2154 κατὰ
1646 2126 1792 2158 Ἰουδαίους
1812 2126 1851 2161 τῷ

1053 2173 1199 2208 γράμματι
1215 2172 1391 2207 ὲπικάθηται,
1407 2172 1455 2199 καὶ
1469 2173 1597 2207 ἐπιχειρῇ
1613 2171 1660 2197 ἐπὶ
1674 2172 1731 2203 τοῖς
1749 2171 1788 2206 μὴ
1805 2171 1852 2197 ὲκ-

215 2219 249 2246 Ει
265 2219 345 2247 simul
359 2227 392 2247 ac
408 2221 459 2248 hoe
475 2221 603 2255 cogitarit
619 2221 764 2256 quispiam,
778 2222 819 2249 vel
837 2222 935 2249 dixerit
952 2231 959 2250 :
975 2222 998 2250 id

1055 2218 1202 2253 φωνηθείσι
1224 2218 1354 2245 διασείειν
1377 2219 1425 2245 καὶ
1448 2218 1627 2253 παρενοχλεῖν
1648 2218 1709 2248 ταῖς
1734 2218 1850 2251 μοναῖς,

215 2275 323 2302 quoque
342 2268 432 2294 statim
451 2268 636 2303 apprehendet
661 2269 868 2302 monasterium,
882 2274 909 2295 ut
924 2269 1004 2297 hodie

215 2321 230 2340 a
245 2321 304 2340 mea
317 2313 492 2347 imperatoria
506 2315 671 2343 sublimitate
683 2316 825 2344 donatum.
840 2316 916 2349 Quod
930 2317 1002 2343 enim

214 2359 248 2386 ad
270 2367 302 2386 ea
325 2359 433 2391 attinet,
455 2368 516 2395 quae
536 2369 607 2388 nunc
627 2361 767 2395 possident
793 2362 952 2393 immobilia,
971 2362 1005 2389 de

215 2405 314 2439 quibus
350 2412 398 2439 pro
427 2405 535 2440 publico
564 2407 726 2434 documenta
756 2415 809 2434 non
840 2412 1005 2442 acceperunt

217 2451 397 2485 monasteria;
424 2451 568 2485 imperium
597 2459 685 2479 meum
708 2452 766 2480 vult
791 2453 1006 2488 unumquodque

216 2503 310 2523 eorum
328 2504 376 2531 pro
400 2505 430 2524 re
453 2497 537 2525 ﬁscali
566 2498 670 2531 haberi,
697 2498 723 2525 in
747 2499 799 2526 hoc
824 2499 1004 2533 solummodo,

216 2543 290 2579 quod
308 2545 435 2572 attentari
461 2550 587 2580 nequeat,
605 2553 679 2573 neca
695 2554 832 2581 quoquam
851 2547 876 2573 in
890 2552 1005 2574 contro-

218 2589 335 2616 versiam
355 2590 457 2616 vocari.
474 2589 507 2617 Et
524 2591 753 2625 quemadmodum
768 2592 879 2626 publico
898 2592 970 2619 nulla
992 2600 1006 2619 a

219 2642 249 2662 se
273 2636 395 2662 molestia
409 2637 581 2672 negotiumVe
601 2637 758 2670 exhibetur,
782 2638 822 2665 sic
838 2646 889 2666 nec
906 2637 1006 2674 [saera]

220 2681 383 2715 silentiaria,
412 2690 464 2710 nec
486 2684 662 2716 monasteria,
692 2691 742 2711 nec
769 2685 871 2720 reliqua
899 2686 933 2712 ab
955 2685 1009 2712 ullo

221 2728 320 2761 publici
335 2733 459 2756 curatore
474 2728 565 2756 litibus
580 2729 767 2765 agitabuntur,
792 2731 849 2757 sive
872 2731 932 2765 quis
946 2738 1009 2765 pro-

223 2772 353 2806 babilem,
367 2774 424 2801 sive
442 2782 493 2801 non
513 2775 679 2809 probabilem
701 2783 811 2803 causam
834 2775 940 2810 atl'erat,
953 2777 1011 2804 sive

222 2817 481 2854 eujusmodicuuque
504 2820 552 2853 sit,
567 2821 638 2855 quod
650 2820 785 2855 loquetur.
799 2822 928 2856 Quisquis
939 2824 1010 2850 enim

224 2862 276 2891 hoc
291 2863 381 2893 facere
392 2873 537 2900 aggressus
553 2866 645 2900 fuerit,
665 2868 782 2895 invalida
805 2873 830 2896 ct
854 2876 950 2896 revera
967 2869 1009 2896 in-

1057 2263 1195 2299 καθολικῷ
1208 2264 1280 2299 λόγῳ
1293 2264 1341 2291 καὶ
1354 2264 1524 2299 περιεκτικῴ
1537 2263 1616 2290 τοῦτο
1629 2263 1645 2298 ἡ
1661 2262 1785 2298 βασιλεία
1801 2271 1852 2297 μου

1059 2310 1182 2345 βούλεταί
1196 2319 1225 2337 τε
1240 2311 1289 2337 καὶ
1302 2310 1459 2346 διορίζεται,
1473 2310 1511 2342 ὡς
1526 2310 1558 2336 ἂν
1572 2309 1637 2343 πᾶν,
1651 2310 1719 2344 ὅπερ
1732 2308 1779 2335 ἐπὶ
1795 2310 1853 2340 τοῖς

1059 2359 1178 2394 σήμερον
1194 2358 1270 2393 παρὰ
1285 2358 1339 2384 τῶν
1355 2357 1547 2392 μοναστηρίων
1562 2355 1757 2391 κατεχομένοις
1773 2355 1854 2390 ἢ’ὲπ’

1058 2406 1153 2436 αὐταῖς
1166 2406 1225 2435 ταῖς
1240 2403 1388 2439 καθέδραις
1403 2403 1457 2429 τῶν
1474 2403 1665 2438 μοναστηρξων
1679 2401 1762 2437 νοηοῇ
1781 2402 1854 2437 ὑπὲρ

1060 2453 1104 2478 τοῦ
1123 2452 1255 2487 δημοσίου
1273 2451 1350 2487 παρά
1366 2460 1456 2483 τινος,
1473 2450 1489 2485 ἢ
1508 2449 1554 2476 νῦν
1571 2450 1587 2484 ἢ
1605 2449 1749 2484 ὁτεδήποτε
1760 2469 1767 2480 ,
1787 2448 1856 2475 αὐτὸ

1059 2498 1138 2525 τοῦτο
1152 2498 1339 2533 δεδωρημένον
1353 2497 1509 2532 λογίζεσθαι
1523 2497 1555 2532 τῇ
1573 2497 1641 2531 μονῇ
1652 2504 1659 2511 -
1675 2495 1723 2522 καὶ
1738 2494 1798 2530 ἅμα
1812 2504 1855 2526 τις

1060 2544 1138 2570 τοῦτο
1153 2544 1325 2579 διανοήσεταί
1338 2552 1368 2570 τε
1383 2544 1430 2570 καὶ
1447 2543 1605 2578 φθέγξεται,
1621 2542 1669 2568 καὶ
1682 2540 1764 2572 εὐθὺς
1779 2541 1857 2567 ἀντι-

1060 2590 1176 2626 λήψεται
1197 2589 1279 2616 αὑτοῦ
1302 2591 1319 2624 ή
1346 2588 1428 2625 μονὴ,
1451 2589 1488 2620 ὡς
1515 2588 1635 2623 σήμερον
1658 2586 1851 2621 δεδωρημένου

1061 2637 1148 2672 ταύτῃ
1168 2635 1244 2670 παρὰ
1263 2635 1313 2669 τῆς
1336 2634 1476 2668 βασιλείας
1500 2631 1659 2668 μου.”οσον
1680 2632 1734 2666 γὰρ
1757 2630 1798 2665 ἐφ’
1814 2629 1856 2662 οἷς

1063 2683 1207 2717 κατέχουσι
1226 2681 1272 2709 νῦν
1291 2682 1448 2717 ἀκινήτοις,
1466 2680 1532 2715 περὶ
1548 2676 1586 2706 ὧν
1604 2678 1765 2712 διαγνώσεις
1783 2677 1855 2713 ὑπὲρ

1063 2730 1109 2755 τοῦ
1126 2728 1257 2764 δημοσίου
1273 2728 1323 2754 οὐκ
1338 2727 1434 2754 ἕλαὸον
1450 2727 1483 2753 τὰ
1501 2725 1698 2761 προγραφέντα
1716 2725 1857 2760 μοναστή-

1066 2783 1120 2809 ρια,
1135 2774 1263 2809 δημόσιον
1278 2774 1403 2809 βούλεται
1417 2774 1433 2808 ὴ
1449 2772 1573 2808 βασιλεία
1589 2780 1639 2806 μου
1653 2769 1812 2805 λογίζεσθαι
1828 2770 1858 2796 ἓν

1064 2820 1179 2846 ἕκαστον
1193 2820 1295 2847 τούτων
1312 2820 1384 2846 κατὰ
1403 2819 1484 2854 μόνον
1499 2818 1529 2844 τὸ
1547 2818 1619 2852 ἔχειν
1637 2818 1667 2843 τὸ
1684 2817 1860 2843 ἀδιάσειστον

1067 2868 1112 2895 καὶ
1134 2867 1171 2902 μὴ
1191 2867 1238 2893 ὑπ’
1248 2867 1354 2898 οὐδενὸς
1374 2864 1579 2900 ἁνακρίνεσοαι.
1602 2863 1657 2890 Καὶ
1675 2862 1704 2889 ὅν
1722 2862 1826 2894 τρόπον
1847 2862 1862 2888 ὁ
