1947 3081
235 103 286 134 733

861 104 887 134 Μ
894 103 1058 134 ANUELIC
1073 102 1246 133 COMNENI

1816 100 1866 129 7,20

236 167 347 197 cuperet
362 170 393 190 ac
410 166 528 198 optaret,
545 162 680 190 neminem
692 169 752 190 esse
766 162 816 189 sub
830 161 888 196 ejus
902 161 1028 196 imperio,

1092 160 1186 195 ιηδένα
1220 161 1269 194 μὲν
1285 157 1356 185 εἶναι
1377 158 1422 184 τὸν
1449 158 1628 192 ἀδικούμενον
1645 159 1698 185 ὑπὸ
1723 159 1865 194 τὴναὲτῖς

235 209 280 235 cui
299 208 345 235 fiat
362 208 478 243 injuria;
496 208 539 235 vel
554 209 577 236 si
596 208 648 236 hoc
665 208 775 235 conlieri
791 211 918 242 nequeat,
933 207 1028 234 Saltem

237 262 272 281 ne
301 254 318 281 ii
346 255 486 288 segniores
517 254 780 289 negligentioresque
810 253 897 281 forent
926 252 1028 279 nefaria

238 300 480 333 committentibus,
500 301 525 327 in
550 300 724 335 exsequenda
750 299 876 326 lazsorum
897 298 1027 329 vindicta,

236 347 280 380 qui
304 346 336 373 ad
354 353 413 373 eam
437 347 608 378 sumendam,
632 346 665 373 ab
693 344 865 378 imperatoria
890 344 1031 377 majestate

236 396 299 418 sunt
319 392 469 419 constituti.
491 392 544 419 Sed
560 399 620 419 cum
636 392 690 427 jam
714 391 806 418 videat
822 391 976 424 complures
997 390 1030 416 ab

237 445 319 465 avara
337 438 492 473 iujustaque
506 446 586 465 manu
600 437 747 470 vulnerari,
767 438 828 464 dum
845 435 1030 470 ademptiones

237 492 365 520 agrorum
389 490 416 512 et
436 485 559 512 villarum
586 485 791 520 perpetiuntur,
813 482 928 517 aliisque
951 481 1031 508 rebus

237 529 406 564 spoliantur;
435 537 466 556 ac
491 529 589 556 deinde
615 532 747 564 perpetuo
771 528 936 563 jttdiciorum
960 525 1029 553 ostia

239 575 359 610 pulsant,
376 576 500 610 citraque
514 575 632 602 fructum
657 574 740 601 ullmn
759 578 865 607 tempus
888 576 988 604 terunt,
1004 575 1032 598 ct

238 625 419 655 prmtcrquam
437 621 507 654 qttod
522 620 556 647 ab
569 620 609 648 eis
625 620 692 647 nihil
708 620 766 655 opis
781 625 806 646 et
823 618 915 645 auxilii
933 617 1030 648 lerunt,

239 666 320 693 etiant
348 665 425 701 pejus
448 671 529 700 atque
560 666 685 694 acerbius
711 666 796 700 plagis
821 668 848 692 et
874 663 1032 691 verberibus

238 711 398 742 multantur.
415 716 442 738 et
459 711 601 746 injustitia:
625 711 704 739 fames
725 711 787 738 inde
803 709 942 740 hauriunt,
963 709 1032 735 unde

238 757 389 785 vindictam
403 757 532 791 consequi
547 757 703 792 sperabant.
720 756 850 792 (Etenim,
867 760 896 781 ut
913 753 1033 781 Solomo-

240 804 283 831 nis
300 803 390 831 verbis
405 808 476 837 utar,
492 803 547 830 vidi
567 803 736 838 iuiquitatent
751 802 799 829 sub
813 801 879 833 sole,
894 799 1031 826 hominem

1083 207 1272 241 ἐπικράτειαν·
1291 206 1348 232 εἶδ’
1365 204 1421 238 οὖν,
1434 206 1501 232 ἀλλὰ
1516 206 1553 240 μὴ
1570 205 1779 240 ῥᾳθυμοτέρως
1800 205 1867 233 εἶναι

1081 253 1136 279 τῶν
1155 253 1189 279 τὰ
1198 253 1345 287 παράνομα
1360 252 1486 287 δρώντων
1503 252 1566 286 περὶ
1588 251 1638 286 τὴν
1652 251 1706 278 τῶν
1723 253 1866 287 ἀδικουμέ-

1081 306 1134 324 νων
1147 297 1286 332 ὲκδίκησιν
1301 297 1362 327 τοὺς
1372 298 1411 328 εὶς
1421 297 1505 331 αὐτὴν
1518 296 1702 331 τεταγμένους
1724 298 1799 331 παρὰ
1818 299 1864 332 τῆς

1082 341 1220 375 βασιλείας
1238 350 1299 375 μου.
1317 341 1385 367 Νυνὶ
1400 341 1428 367 δὲ
1441 341 1504 367 πολ)
1511 342 1556 372 οὓς
1568 341 1660 376 ὁρῶσα
1674 342 1863 377 πλεονεκτικῆς

1081 386 1172 421 χειρὸς
1206 387 1254 412 καὶ
1280 386 1373 412 ἀδίκου
1402 387 1574 422 τραυματίας
1603 387 1788 421 γινομένους,
1819 390 1863 415 καὶ

1081 432 1175 466 ἀγρῶν
1201 432 1360 467 ἀφαιρέσεις
1375 433 1421 458 καὶ
1435 433 1595 467 οἰκημάτων
1623 433 1810 468 ὑπομένοντας
1823 436 1864 461 καὶ

1083 480 1255 514 πραγμάτων
1279 479 1367 505 ἄλλων
1387 479 1652 514 ἀποστερουμένους,
1669 480 1768 506 ἔπειτα
1789 481 1864 516 θυρο-

1082 524 1236 555 κοποῦντας
1263 524 1395 559 διηνεκῶς
1414 525 1448 551 τὰ
1476 525 1640 560 δικαστήρια
1673 525 1720 552 καὶ
1733 534 1866 561 χρονοτρι-

1082 571 1198 602 6οὖντας
1230 571 1362 606 ἀνήνυτα,
1386 571 1433 597 καὶ
1463 571 1531 605 πρὸς
1543 570 1573 597 τὸ
1603 571 1743 606 μηδεμιᾶς
1767 573 1865 598 ἐκεῖθεν

1084 615 1232 650 θεραπείας
1249 616 1442 650 ἐπιτυγχάνειν
1459 617 1500 648 είς
1514 616 1544 642 τὸ
1559 617 1651 652 χεῖρόν
1667 625 1697 643 τε
1709 617 1756 643 καὶ
1780 617 1867 653 ὀδυνηι

1085 662 1194 697 ρότερον
1224 664 1284 694 ταῖς
1321 663 1439 697 πληγαῖς
1477 662 1706 698 ὲπιξαινομένους
1724 684 1732 697 ,
1762 665 1807 690 καὶ
1826 665 1867 690 τὸν

1081 708 1197 742 τρυγίαν
1225 708 1351 735 ἐντεῦθεν
1375 708 1425 743 τῆς
1443 709 1550 740 ἀδικίας
1564 709 1796 745 ἀποῤῥοφῶντας,
1810 710 1866 736 ἔνθα

1082 755 1174 790 τυχεῖν
1188 755 1237 789 τῆς
1255 755 1422 790 ἐκδικήσεως
1437 756 1551 790 ἤλπιζον
1564 765 1570 771 ·
1588 756 1636 782 καὶ
1651 755 1707 790 γὰρ
1723 756 1756 782 ἶν’
1776 756 1828 791 ὲρῶ
1841 757 1867 782 τὸ

1083 801 1129 826 τοῦ
1154 800 1338 834 Σολομῶντος,
1379 798 1456 826 Εἶδον
1489 801 1605 836 ἀνομίαν
1633 801 1688 828 ὑπὸ
1718 800 1764 827 τὸν
1787 801 1866 836 ἥλιον,

239 849 345 877 scilicet
371 849 526 882 mortalem,
555 849 583 875 in
606 848 679 875 litem
707 846 888 874 immortalem
915 844 1031 878 lapsum,

1092 846 1229 881 ἱνθρωπον
1250 846 1348 881 Θνητὸν
1377 846 1505 882 ἀθανάτῳ
1532 847 1598 884 δίκῃ
1612 847 1811 882 περιπεσόντα,
1826 852 1868 875 καὶ

241 902 354 929 eamque
370 895 443 922 velut
467 895 653 922 haereditatem
680 893 825 928 quamdam
845 891 985 924 patritam,
999 888 1033 915 ad

241 941 348 967 tertiam
375 948 576 976 saepenumero,
608 945 786 974 quartamque
817 937 1032 971 generationem,

241 986 386 1021 nepotibus
399 987 455 1013 suis
467 985 641 1013 successione
654 984 769 1018 quadam
781 981 1032 1015 transmittentem.)

243 1032 292 1060 llic
309 1039 385 1067 ergo,
405 1040 453 1059 ceu
478 1032 577 1059 dictqu
596 1036 650 1062 est,
673 1038 733 1057 cum
755 1036 812 1056 mea
832 1028 960 1063 majestas
975 1027 1034 1053 ani-

242 1079 433 1111 madverteret,
451 1077 536 1106 doluit
553 1077 598 1105 illa
613 1077 733 1112 quidem,
749 1084 796 1103 ceu
810 1083 857 1110 par
872 1079 941 1106 erat,
957 1074 992 1100 ob
1002 1080 1033 1099 ea

242 1132 303 1160 qua:
319 1125 425 1157 ﬁerent,
442 1129 469 1151 et
486 1132 612 1159 magnum
627 1124 717 1150 animo
732 1122 883 1150 molestiam
905 1119 1034 1155 percepit,

244 1171 282 1198 uti
297 1169 530 1205 quaejudiciorum
548 1170 738 1205 negligentiam
754 1169 887 1203 culparet,
905 1175 936 1194 ac
955 1166 1035 1193 mise-

245 1217 361 1245 ricordia
387 1221 547 1251 tangeretur
573 1216 608 1244 ob
633 1216 848 1250 desperationem
867 1220 962 1241 eorum
989 1212 1035 1247 qtti

243 1263 387 1291 lazduntur.
418 1262 538 1298 Ideoque
565 1269 614 1297 pro
637 1262 742 1290 viribus
765 1260 987 1296 circumspiciens
1004 1259 1036 1285 de

244 1310 307 1337 mali
326 1309 407 1344 ltujus
429 1309 609 1340 correctione,
634 1308 804 1343 pessimaque
826 1306 1035 1338 sustinentibus,

243 1360 374 1390 quantum
388 1362 452 1383 sane
463 1358 560 1390 potest,
577 1354 751 1392 subveniens,
767 1353 875 1380 tandem
897 1351 930 1378 ad
947 1351 1038 1385 dispo«

244 1401 370 1429 sitionem
386 1401 515 1436 deinceps
535 1400 707 1435 aperiendam
730 1398 858 1433 respexit.

282 1447 307 1475 1.
322 1447 430 1474 Iudices
452 1452 491 1473 Ier
517 1446 634 1481 qualibet
655 1445 799 1479 septimana
817 1443 907 1470 debere
927 1442 972 1477 jus
996 1441 1038 1467 di-

246 1501 311 1521 rere.
334 1493 401 1519 Nam
420 1493 453 1519 ab
473 1492 604 1519 hodierno
629 1490 673 1517 die
698 1489 754 1517 vult
780 1495 828 1515 eos
853 1487 898 1522 qui
925 1486 1038 1521 singulis

247 1540 281 1573 in.
294 1538 403 1573 judiciis
422 1545 589 1565 assessorutn
601 1536 688 1564 ollicio
713 1536 787 1570 fungi
808 1535 916 1567 debent,
933 1539 961 1561 et
977 1542 1037 1561 cum

245 1584 342 1618 jndicii
359 1584 474 1620 prmside
494 1591 592 1612 causas
606 1589 772 1618 cognosco-re
786 1582 926 1609 ordinatos
947 1588 977 1608 ac
992 1580 1041 1607 de-

248 1631 363 1659 stinatos
391 1637 462 1663 esse,
491 1631 558 1657 alios
585 1629 691 1664 quidem
711 1628 743 1655 ad
765 1627 827 1661 hoc,
845 1627 912 1654 alios
931 1634 996 1653 vero
1007 1626 1040 1653 ad

248 1676 312 1703 llud
331 1676 469 1703 tribunal:
490 1683 524 1703 ne
540 1675 667 1702 omnibus
698 1674 801 1708 pariter
822 1674 854 1699 ad
873 1680 954 1699 unum
975 1679 1041 1699 con-

248 1723 441 1756 venientibus,
470 1722 574 1757 reliqua
603 1728 712 1748 cessare
743 1721 903 1753 Contingat,
933 1723 1042 1753 propter

224 1787 230 1794 .
248 1769 399 1796 absentiam
417 1776 527 1801 eorum,
544 1768 588 1803 qui
602 1767 655 1802 juri
673 1768 790 1794 dicundo
805 1770 932 1801 prtesunt.
944 1765 1043 1799 <Atque

250 1816 301 1843 hoc
313 1815 395 1843 modo
410 1823 468 1843 mos
482 1816 564 1842 etiam
579 1815 623 1841 ille
637 1814 756 1846 tolletur,
775 1812 819 1847 qui
838 1820 908 1839 tutnc
927 1811 1041 1843 obtinet,

250 1865 278 1886 ut
296 1867 343 1894 per
364 1860 505 1887 intervalla
518 1859 563 1894 jus
575 1859 674 1886 dicant.
691 1858 796 1892 Quippe
808 1859 885 1884 nobis
901 1857 995 1891 placet,
1014 1862 1044 1883 ut

249 1906 319 1933 citra
338 1906 420 1932 ullam
435 1906 639 1933 excusationem
660 1910 700 1931 ter
726 1905 752 1931 itt
774 1903 894 1938 qualibet
911 1904 1043 1936 septima-

250 1951 447 1986 najus‘dicant
470 1952 569 1985 singuli
592 1951 756 1986 judiciorum
785 1950 923 1984 pra-sides,
945 1957 1045 1977 conve-

253 1997 394 2024 nientibus
410 1997 443 2024 ad
459 2005 506 2024 eos
526 1997 579 2024 illis
592 1997 738 2032 judicibus,
757 1997 801 2031 qui
826 1996 876 2023 sub
897 1996 936 2022 eis
956 2000 1018 2022 sunt
1036 2002 1044 2021 :

252 2048 279 2069 et
294 2042 348 2069 reis
366 2042 514 2073 ineumbat,
530 2047 559 2068 ut
573 2042 599 2068 itt
611 2041 721 2075 judieiis
738 2042 788 2068 sub
804 2041 955 2068 necessaria
978 2048 1045 2075 prte-

252 2089 369 2116 statioue
381 2088 434 2115 doli
451 2088 512 2115 tnali
526 2092 711 2123 compareant,
728 2095 778 2114 nec
799 2087 932 2121 tantisper
945 2087 1045 2118 absint,

252 2136 338 2162 denec
363 2142 445 2162 causa
474 2134 547 2162 [inita
572 2135 664 2167 fuerit,
695 2135 716 2161 si
744 2134 854 2169 quidem
883 2134 991 2160 interim
1019 2137 1046 2159 et

252 2185 357 2207 actores
377 2186 509 2215 perpetuo
534 2183 657 2213 urgeant,
681 2184 709 2205 ut
723 2183 878 2212 competens
894 2177 959 2210 ipsis
973 2177 1045 2203 actio

253 2225 404 2253 decidatur.
414 2225 473 2252 Non
487 2231 579 2253 tamen
592 2226 647 2252 reis
660 2231 728 2259 opus
736 2224 799 2256 erit,
814 2222 906 2258 plures
918 2221 1045 2248 adbibere

253 2272 409 2304 citationes,
426 2277 453 2300 et
468 2280 528 2307 quae
544 2273 605 2299 data
627 2278 709 2306 opera
729 2270 842 2304 fatigent
859 2274 983 2301 actores;
1000 2268 1046 2294 sed

253 2324 314 2353 post
331 2319 498 2346 oblationem
516 2318 613 2350 libelli,
635 2325 696 2345 cum
710 2317 846 2352 cognitum
870 2315 960 2348 fuerit,
974 2322 1046 2349 qua:-

253 2372 316 2391 nam
336 2365 362 2391 in
389 2373 420 2392 eo
444 2366 615 2392 contineatur
640 2364 722 2397 actio,
743 2363 765 2390 si
784 2362 829 2397 qui
856 2362 968 2388 fortasse
994 2368 1047 2388 non

253 2411 451 2444 obtemperant,
483 2409 502 2436 ii
526 2417 573 2444 per
591 2409 678 2436 edicta
701 2409 763 2439 tria,
780 2416 839 2442 quae
864 2410 1048 2440 propenautur

256 2458 289 2484 ad
315 2457 424 2492 triginta
450 2458 517 2489 dies,
544 2457 679 2488 citentur;
697 2461 724 2482 et
742 2455 875 2490 siquidem
902 2455 971 2481 intra
993 2455 1049 2480 haec

255 2503 341 2539 spatia
357 2510 387 2530 se
402 2511 454 2530 non
470 2503 600 2536 stiterint,
616 2502 833 2529 condemnentur
848 2500 996 2528 secundum
1015 2507 1046 2526 ea

256 2557 316 2585 qua:
337 2549 484 2576 constituta
505 2553 568 2576 sunt
590 2556 604 2575 ιι
631 2548 783 2575 clarissimo
808 2545 957 2581 majestatis
982 2553 1048 2571 meae

257 2604 317 2629 avo,
335 2601 363 2623 et
390 2595 476 2623 {elicis
506 2595 643 2623 memoria:
669 2594 801 2628 principe,
826 2593 935 2619 domino
959 2590 1049 2618 Leone

259 2641 396 2677 Sapiente.
418 2642 506 2676 Atque
522 2641 573 2669 hoc
591 2641 669 2668 modo
686 2648 747 2668 cum
765 2639 861 2674 quovis
884 2638 926 2673 agi
952 2637 1050 2664 debere

257 2688 414 2715 statuimus.

296 2782 324 2812 2.
343 2783 381 2810 Dc
397 2784 540 2811 advocatis.
559 2784 692 2812 Praeterea
715 2785 841 2819 maiestas
863 2792 921 2812 mea
946 2785 1050 2812 infinita

263 2828 422 2862 garrulitate
448 2831 651 2864 advocatorum,
676 2839 708 2859 ac
734 2832 812 2866 longa
836 2831 990 2859 corumdcm
1012 2833 1052 2859 in-

1085 893 1189 929 ταύτην
1222 894 1316 929 ὥσπερ
1349 894 1409 920 τινὰ
1436 894 1537 930 κλῆρον
1555 894 1686 929 πατρῷον
1715 895 1754 926 εἰς
1783 895 1868 930 τρίτην

1085 941 1215 972 πολλάκις
1235 940 1283 967 καὶ
1318 941 1454 975 τετάρτην
1468 941 1566 974 γενεὰν
1587 943 1648 972 τοῖς
1662 941 1784 974 ἐγγόνοις
1795 942 1867 968 αὑτοῦ

1085 987 1157 1014 κατὰ.
1183 987 1310 1022 διαδοχὴν
1339 986 1566 1021 παραπέμψαντα
1581 996 1587 1002 ·
1619 986 1708 1013 ταῦτα
1725 987 1822 1018 τοίνυν,
1837 988 1868 1019 ὡς

1086 1034 1205 1070 εἴρηται,
1226 1033 1428 1068 κατανοοῦταὴ
1446 1033 1571 1068 βασιλεία
1595 1043 1664 1069 μου,
1699 1034 1799 1070 ἤλγησε
1816 1034 1866 1069 μὲν,

1085 1080 1122 1112 ὡς
1138 1081 1270 1112 εὶκὺς,ὲπὶ
1285 1081 1341 1111 τοῖς
1358 1081 1517 1115 γενομένοις
1530 1081 1578 1107 καὶ
1594 1080 1650 1116 τὴν
1664 1080 1753 1115 ψυχὴν
1770 1081 1868 1116 ἠνιάθη,

1087 1127 1272 1161 αἰτιασαμένη
1300 1127 1350 1161 μὲν
1376 1127 1427 1160 τὴν
1460 1127 1516 1153 τῶν
1552 1127 1696 1153 δικαστῶν
1720 1127 1866 1164 ρᾳθυμίαν,

1086 1174 1283 1209 οἱκτειρήσασα
1293 1173 1321 1199 δὲ
1335 1173 1382 1199 καὶ
1397 1173 1460 1205 τοὺς
1470 1173 1671 1208 ἀδικουμένους
1690 1174 1739 1209 τῆς
1753 1174 1866 1208 ἀπογνώ-

1089 1228 1168 1251 σεως.
1192 1219 1237 1246 Διὸ
1268 1219 1316 1246 καὶ
1340 1220 1411 1246 κατὰ
1445 1220 1476 1246 τὺ
1507 1219 1622 1246 δυνατὸν
1651 1220 1701 1255 τὴν
1724 1220 1769 1246 τοῦ
1791 1219 1865 1247 κακοῦ

1087 1266 1185 1293 τούτου
1205 1267 1416 1300 περισκοποῦσα
1436 1265 1593 1301 διόρθωσιν,
1631 1267 1679 1293 καὶ
1699 1268 1755 1298 τοῖς
1769 1267 1801 1293 τὰ
1818 1267 1866 1302 χεί-

1090 1320 1172 1348 ριστα
1204 1311 1341 1347 πάσχουσι
1367 1312 1439 1339 κατὰ
1460 1312 1490 1338 τὺ
1516 1312 1660 1347 ἐγχωροῦν
1691 1312 1863 1347 ἐπαμύνουσα,

1089 1358 1158 1393 πρὸς
1195 1357 1244 1393 τὴν
1278 1357 1377 1393 ἑφεξῆς
1424 1357 1616 1393 ρηθησομένην
1647 1358 1799 1393 οίκονομίαν
1823 1359 1866 1385 ἀπ-

1093 1403 1203 1439 έϐλεψε.

1131 1450 1166 1477 α’.
1185 1451 1251 1478 ’Ότι
1277 1452 1438 1485 τρισσάκις
1459 1451 1592 1485 ἑκάστης
1617 1452 1776 1486 ἑϐδομάδος
1800 1452 1867 1486 ὀφεί-

1089 1499 1182 1524 λουσι
1205 1497 1344 1527 δικάζειν.
1367 1497 1499 1524 Βούλεται
1522 1498 1577 1534 γὰρ
1603 1499 1659 1525 ἀπὸ
1691 1501 1738 1534 τῆς
1762 1499 1866 1533 σήμερον

1091 1545 1154 1576 τοὺς
1163 1544 1206 1579 ἐφ’
1216 1545 1326 1579 ἑκάστῳ
1335 1545 1506 1580 δικαστηρίῳ
1521 1546 1711 1580 συνεδριάζειν
1725 1545 1865 1579 ὀφείλοντας

1093 1592 1140 1617 καὶ
1163 1592 1411 1626 συνδιαγνωμονεῖν
1436 1590 1476 1625 τῷ
1501 1591 1600 1618 τούτου
1625 1591 1809 1627 προϊσταμένῳ
1831 1600 1867 1617 τε·

1091 1637 1245 1671 ταγμένους
1271 1634 1340 1662 εἶναι
1363 1636 1409 1662 καὶ
1436 1637 1663 1672 ἀφωρισμένως,
1689 1639 1750 1668 τοὺς
1774 1637 1817 1671 μὲν
1834 1637 1866 1667 εἰς

1092 1683 1185 1716 τοῦτο,
1204 1683 1267 1715 τοὺς
1294 1682 1323 1709 δὲ
1339 1683 1379 1714 εἰς
1403 1684 1493 1710 ἐκεῖνο
1513 1683 1542 1709 τὸ
1566 1683 1762 1719 δικαστήριον,
1783 1683 1821 1709 ἵνα
1836 1683 1866 1717 μὴ

1093 1729 1202 1756 πάντων
1215 1729 1255 1760 είς
1277 1729 1306 1756 ἒν
1338 1728 1410 1756 κατὰ
1432 1729 1532 1757 ταύτὸν
1555 1731 1759 1766 συνερχομένων
1785 1730 1866 1765 ἀργεῖν

1094 1773 1288 1808 ὲπισυμϐαίνει
1304 1773 1338 1800 τὰ
1354 1774 1438 1800 λοιπά
1454 1774 1489 1801 δι’
1505 1774 1628 1809 ἐρημίαν
1638 1775 1691 1802 τῶν
1703 1774 1862 1807 δικαζόντων·

1095 1820 1167 1846 οὕτω
1183 1820 1211 1847 δὲ
1225 1820 1316 1847 καὶτὸ
1330 1820 1379 1847 νῦν
1396 1820 1566 1856 ἐπικρατοῦν
1583 1820 1644 1852 ἔθος
1665 1821 1864 1855 περιαιρήσεται,

1095 1867 1127 1893 τὸ
1154 1869 1186 1893 ὲκ
1214 1866 1424 1902 διαλειμμάτων
1447 1866 1571 1898 δικάζειν
1588 1867 1696 1898 αὐτούς.
1713 1864 1865 1899 sesamum

1096 1912 1150 1946 γὰρ
1170 1912 1317 1947 τρισσάκις
1345 1911 1561 1946 ἀπροφασίστως
1589 1912 1654 1947 μιᾶς
1678 1911 1790 1946 ἑκάστης
1803 1911 1865 1936 ἑὸῐο-

1098 1958 1181 1992 μάδος
1196 1956 1318 1989 δικάζειν
1337 1957 1453 1984 ἕκαστον
1474 1957 1528 1983 τῶν
1545 1957 1763 1993 προκαθημένων
1775 1956 1823 1982 τῶν
1833 1956 1865 1982 δι-

1097 2004 1267 2038 καστηρίων,
1284 2003 1491 2039 συνερχομένων
1509 2004 1577 2039 παρ’
1592 2005 1682 2035 αὐτοῖς
1697 2003 1749 2029 τῶν
1767 2002 1808 2028 ὑπ’
1826 2001 1865 2028 αὐ-

1097 2051 1153 2081 τοῖς
1173 2049 1319 2076 δικαστῶν.
1341 2049 1513 2076 Ἐπικεῖσοαι
1524 2049 1552 2076 δὲ
1564 2049 1614 2076 καὶ
1630 2050 1686 2080 τοῖς
1710 2048 1864 2082 ἐναγομένοις

1098 2093 1222 2128 ἀνάγκην
1249 2093 1338 2120 διόλου
1371 2093 1562 2128 παραὸἀλλειν
1581 2095 1610 2120 ἐν
1626 2095 1680 2125 τοῖς
1701 2091 1864 2126 δικαστηρίοις

1099 2142 1145 2166 καὶ
1164 2140 1201 2175 μὴ
1217 2139 1473 2175 ἀπολιμπάνεσθαι,
1489 2139 1589 2176 μέχρις
1607 2140 1640 2166 ἂν
1655 2138 1823 2174 ὲκπερατωθῇ
1836 2135 1864 2161 τὰ

1097 2186 1147 2221 τῆς
1161 2185 1329 2219 ὑποθέσεως,
1338 2186 1396 2220 εἴγε
1413 2186 1484 2217 τέως
1500 2187 1546 2213 καὶ
1560 2187 1586 2213 οἱ
1599 2186 1738 2220 ἐνάγοντες
1750 2182 1864 2218 διηνεκῶς

1099 2229 1300 2256 ἐπισπεύδουσι
1315 2230 1465 2265 τιμηθῆναι
1481 2231 1530 2265 τὴν
1547 2230 1775 2266 προσαρμόσασαν
1787 2227 1864 2256 αὐτοῖς

1100 2275 1226 2310 ἀγωγήν.
1245 2276 1355 2302 Δεῖσοαι
1373 2277 1465 2311 μέντοι
1481 2277 1545 2308 τοὺς
1566 2276 1744 2312 ἐναγομένους
1760 2274 1801 2300 καὶ
1818 2273 1863 2298 δια-

1101 2321 1271 2356 μηνυμάτων
1283 2321 1343 2356 οὐχὶ
1353 2321 1457 2356 συχνῶν
1473 2322 1519 2348 καὶ
1533 2321 1749 2357 κατατριὸόντων
1757 2317 1863 2352 ἐπίτηδες

1100 2366 1163 2398 τοὺς
1180 2365 1342 2399 ἐνάγοντας.
1361 2366 1428 2392 ἀλλὰ
1454 2366 1524 2400 μετὰ
1539 2366 1590 2401 τὴν
1612 2365 1657 2392 τοῦ
1672 2364 1785 2392 λιϐέὶλου
1803 2362 1862 2387 δόσιν

1100 2413 1148 2439 καὶ
1166 2412 1216 2447 τὴν
1232 2413 1335 2447 εἴδησιν
1352 2414 1402 2445 τῆς
1418 2412 1479 2439 κατ’
1497 2412 1579 2440 αὐτὸν
1595 2412 1743 2447 φερομένης
1757 2408 1862 2441 ἀγωγῆς.

1101 2458 1128 2484 εἴ
1143 2466 1215 2489 τινες
1238 2457 1303 2489 ἴσως
1320 2458 1463 2484 ἀπειθοῦσι
1479 2478 1487 2490 ,
1507 2459 1596 2494 τρισὶν
1613 2458 1709 2488 αὐτοὺς
1738 2452 1861 2490 τριακονθ-

1100 2504 1216 2540 ημέροις
1228 2504 1371 2530 καλεῖσθαι
1401 2505 1621 2540 προγράμμασι“
1638 2504 1684 2530 καὶ
1705 2503 1728 2529 εἰ
1751 2501 1784 2536 μὴ
1799 2498 1861 2527 ὲντδς

1101 2550 1191 2577 αὐτῶν
1209 2550 1409 2584 ἀπαντήσουσι,
1424 2550 1651 2582 καταδικάζεσοιιι
1664 2547 1805 2576 ἀκολούθως
1815 2545 1860 2572 τοῖς

1101 2596 1314 2630 νομοθετηθεῖσι
1337 2596 1414 2631 παρὰ
1436 2596 1483 2622 τοῦ
1499 2595 1751 2630 ἀοιδίμουνπάππου
1767 2593 1809 2626 τῆς
1823 2589 1859 2623 βω

1102 2642 1205 2674 σιλείας
1223 2651 1285 2678 μου,
1310 2642 1357 2668 καὶ
1389 2642 1436 2669 τοῦ
1462 2643 1615 2679 μακαρίτου
1634 2641 1759 2678 βασιλέως
1780 2635 1859 2671 κυρίιυ

1106 2689 1222 2720 Λέοντος
1237 2688 1285 2714 τοῦ
1303 2688 1397 2723 σοφοῦ.
1425 2689 1480 2715 Καὶ
1504 2690 1589 2716 ταῦτα
1610 2689 1657 2724 μὲν
1676 2687 1742 2715 οὕτω
1756 2682 1858 2719 γίνεσθαι

1101 2735 1316 2769 διαταττόμεθα.

1139 2787 1172 2823 β’·
1194 2788 1263 2823 Περὶ
1283 2789 1475 2822 συνηγίρων.
1494 2787 1572 2814 Ἐπεὶ
1588 2787 1615 2813 δὲ
1640 2785 1684 2812 καὶ
1705 2784 1734 2817 τῇ
1746 2789 1794 2807 των
1808 2786 1860 2804 ουν·

1106 2832 1219 2867 ηγύρων
1243 2832 1463 2867 ἁπεραντολογίᾳ
1492 2834 1538 2858 καὶ
1560 2832 1593 2865 τῇ
1621 2830 1699 2862 πολλῇ
1720 2826 1811 2853 τούτων
1825 2823 1859 2847 ἐν⁴
