1947 3081
71 159 124 191 τιι

632 157 812 186 Ν(⁴)ι’ῐζ1.ῐ,.ῐί
834 155 1114 186 (ΣΟΝΞΤΙΤΗΤΙΟΝ
1121 157 1175 187 ES.

1652 160 1705 191 752

71 221 166 244 σαεει
197 216 392 252 προσωχῡήκει
419 217 434 250 ἡ
459 215 586 250 βασιλεία
609 224 660 250 μου
683 215 860 249 (σπούδασμα

931 216 1014 242 lautia
1047 216 1158 242 multum
1188 213 1290 241 offcnsa
1327 219 1377 242 est.
1402 215 1505 250 Quippe
1530 216 1706 251 deprehendit

69 268 126 297 γαρ
151 261 245 292 αὐτοῖς
271 259 453 295 κατεφώρασε
469 259 601 289 πολλάκις
624 258 698 294 ὥρας
723 259 862 293 ὑποσυλᾷν

70 309 121 335 καὶ
136 307 344 341 σεσοφισμένοις
358 305 526 340 φυγοδικεῖν,
540 302 580 336 οἷς
597 306 644 336 τὰς
661 305 746 335 αὑτὰς
760 304 861 330 πολλάς

74 363 119 384 κις
135 352 324 386 δικαιολογίας
342 351 545 382 ἁνακυκλοῦσι,
574 351 621 376 καὶ
638 350 692 376 τῶν
720 350 863 385 προτέρων

74 399 318 430 δυσαποσπάστως
334 397 511 433 ἐξερχόμενοι
533 397 701 432 προκόπτειν
724 397 773 422 οὐκ
797 396 863 422 ἐῶσι

74 448 105 473 τὸ
121 446 328 482 δικαστήριον),
347 444 497 481 διορίζεται
520 444 589 480 μετὰ
605 444 736 478 συστολῆς
751 445 864 478 ἱσταμέ-

71 503 137 525 νους
152 495 217 525 τοὺς
233 493 400 528 συνηγόρους
418 492 454 523 ὡς
465 491 496 518 τὸ
507 492 573 527 πρὶν
586 491 813 524 δικάζεσθαι,καὶ
825 490 863 525 μὴ

71 539 267 575 συγκαοῆσθαι
284 540 341 570 τοῖς
355 539 500 570 δικασταῖς
517 539 546 564 ὲν
569 537 608 572 τῷ
623 537 799 569 δικάζεσθαι,
817 536 864 563 καὶ

73 589 113 623 μὴ
126 587 198 614 κατὰ
210 586 309 614 ταύτὸν
322 588 378 617 τοῖς
396 586 488 620 λόγοις
500 586 600 621 χωρεῖν
617 586 675 620 (ἀφ’
696 582 733 612 ὧν
751 586 862 620 συγχεῖ-

72 641 120 658 ut
146 633 198 668 μὲν
224 634 240 668 ἡ
271 632 414 667 ἁκρόλσις,
433 632 596 666 ἐκκρούεται
612 632 638 658 δὲ
659 632 775 658 καὶτῶν
790 631 851 658 δικα

75 678 148 704 στῶν
175 679 192 714 ὴ
216 679 334 714 ἀκριϐὴς
361 678 408 704 καὶ
433 678 659 713 συντετηρημένη
686 675 861 710 διάγνωσις)-

74 724 145 750 ἀλλὰ
162 724 276 759 θατέρου
301 724 402 759 μέρους
418 724 637 759 ὲφησυχάζοντος
663 723 723 758 μετ’
739 723 865 755 εὐταξίας

75 771 122 796 καὶ
147 770 344 801 καταστάσεως
371 770 404 796 τὰ
420 770 509 796 οἰκεῖα
527 770 620 796 δίκαια
646 770 800 805 προτείνειν
819 770 865 795 τὸν

76 816 288 851 προλογίζοντα,
310 814 370 843 εἶτα
381 816 428 843 τὸν
443 816 494 851 μὲν
521 817 648 851 ἠρεμεῖν,
672 816 866 842 άντιδικοιολο·

74 862 185 895 γεῖσοαι
219 862 247 888 δὲ
274 862 343 897 μετὰ
360 862 409 894 τῆς
424 863 486 897 ἴσης
500 862 592 894 ἁδείας
617 862 663 888 τὸν
685 861 796 896 ἕτερον·
818 861 865 888 καὶ

75 904 148 931 οὕτω
167 905 258 939 λέγειν
284 906 348 938 τοὺς
373 906 506 938 δικαστὰς
528 906 546 933 ἃ
568 906 792 940 διαγινώσκουσι.
806 906 865 933 Κᾶν

75 951 99 978 el
125 952 191 986 μιᾶς
222 951 337 988 γνώμης
355 953 477 984 ἅπαντες
493 953 626 993 γένοιντο,
653 953 698 979 ἐπὶ
713 954 748 980 τὰ
770 955 866 989 πρόσω

74 998 176 1032 χωρεῖν
189 998 252 1029 τοὺς
266 998 461 1033 δικαζομένους
472 1007 479 1014 ⁸
497 999 521 1025 εί
536 999 564 1025 δὲ
580 999 784 1034 διαφωνήσουσι
798 999 865 1034 πρὸς

76 1043 219 1078 ἀλλήλους,
247 1045 313 1076 τοὺς
343 1044 392 1080 μὲν
412 1044 631 1080 συνηγοροῦντας
659 1046 706 1072 καὶ
735 1045 818 1072 πάλιν
837 1047 866 1072 ὲν

76 1090 184 1126 ἠρεμίᾳ
219 1091 323 1125 μένειν,
359 1092 422 1123 τοὺς
448 1091 476 1118 δὲ
502 1091 634 1124 δικαστὰς
665 1092 727 1119 καθ’
756 1092 867 1124 ἑαυτοὺς

78 1137 193 1163 σκοπεῖν
209 1137 239 1163 τὸ
259 1138 432 1172 ἀμφήριστον
451 1138 497 1164 καὶ
511 1138 571 1173 δίχα
586 1140 634 1174 τῆς
649 1137 760 1165 οἱασοῦν
784 1147 869 1174 προσ-

77 1181 195 1213 παοείας
209 1183 249 1214 εἰς
266 1182 296 1209 ἓν
310 1183 493 1218 συνέρχεσθαι
517 1184 623 1216 πάντας
649 1185 698 1211 καὶ
719 1185 870 1219 ἀποφαίνε-

78 1228 142 1254 σθαι
157 1229 187 1254 τὸ
205 1229 270 1264 παρ’
289 1228 382 1255 αὐτῶν
397 1229 660 1264 διαγινιυσκόμενον.
686 1231 716 1256 Εἰ
733 1230 760 1257 δέ
777 1239 809 1262 γε
832 1230 870 1266 μὴ

77 1274 342 1308 ὁμογνωμονήσουσι
368 1274 481 1306 πάντες,
507 1273 576 1300 ἀλλά
598 1283 672 1307 τινες
701 1275 869 1310 διαφωνοῦσι

80 1320 138 1350 τοῖς
153 1319 276 1346 πλείοσιν
292 1320 475 1353 ἦὲξισοῦνται
491 1321 515 1346 οι
531 1320 745 1355 διαιρωνοῦντες,
756 1321 870 1347 ἐκείνων

78 1364 133 1391 τῶν
142 1365 242 1401 ψήφων
255 1367 465 1402 προκρίνεσθαι,
476 1365 516 1400 οἷς
532 1367 580 1395 καὶ
595 1369 608 1394 ὁ
624 1367 671 1394 τοῦ
688 1367 869 1402 δικαστηρίου

79 1412 223 1446 προεστὼς
247 1415 401 1448 συμφωνεῖ.
425 1415 456 1440 οι
476 1414 505 1441 δὲ
537 1415 574 1450 μὴ
611 1414 782 1449 στοιχοῦντες
814 1415 870 1446 τοῖς

80 1458 149 1493 παρ’
164 1459 245 1494 ήμῶν
273 1459 500 1496 διατεταγμένοις
520 1462 585 1497 περὶ
614 1461 717 1494 αὐτῶν,
744 1461 813 1489 ἀλλὰ
837 1461 872 1488 τὰ

80 1503 152 1530 αὐτὰ.
173 1504 438 1540 δικαιολογούμενοι,
468 1506 515 1533 καὶ
546 1508 583 1541 μὴ
608 1507 793 1542 παραδεκτέοι
822 1507 872 1542 μὲν

80 1548 159 1581 ὄντες
183 1551 240 1582 τοῖς
255 1550 410 1583 δικασταῖς,
437 1552 511 1586 ὅμως
530 1552 558 1578 δὲ
580 1553 637 1584 τοῖς
662 1553 754 1584 αὐτοῖς
775 1553 874 1588 άνερυ-

81 1595 221 1631 θριάστως
248 1597 439 1633 ἐπιμένοντες,
469 1598 585 1625 κάκεῖνα
611 1599 748 1633 λέγοντες,
778 1599 795 1626 ἅ
823 1601 872 1626 καὶ

81 1643 416 1679 προδικαιολογησάμενοι
436 1645 660 1681 ἀπεπέμφθησαν
678 1646 748 1680 (ἐστι
765 1647 814 1681 μὲν
828 1647 871 1673 ὅτε

81 1689 131 1716 καὶ
156 1689 307 1724 αὐτολεξεὶ,
323 1691 367 1717 ὅτε
381 1691 408 1718 δὲ
421 1692 468 1718 καὶ
481 1692 529 1723 τὰς
543 1691 630 1724 λέξεις
650 1690 765 1727 πρδς’τὸ
780 1692 872 1720 λαϐεῖν

82 1736 322 1769 ὑπαὶ-λάσσοντες,
335 1739 416 1765 ὁποῖα
431 1739 542 1774 καὶτῆς
560 1739 700 1773 βασιλείας
725 1748 776 1774 μου
797 1739 874 1767 δικα-

82 1781 188 1817 ζούσης
219 1783 374 1820 γεγόνασι),
409 1785 457 1811 καὶ
483 1784 530 1811 τὸν
565 1785 701 1820 ἡμέτερον
733 1785 874 1820 διορισμὸν

83 1829 305 1865 παραϐαίνοντες
345 1831 392 1858 τοῦ
432 1833 595 1867 συνηγορεῖν
637 1831 846 1866 κωλυθήσονται
866 1841 872 1848 ·

83 1875 196 1908 πάντως
215 1877 269 1913 γὰρ
283 1878 438 1905 ἀδικεῖσθαι
455 1879 575 1914 οἰόμενοι
594 1879 640 1905 ἐπὶ
656 1878 705 1914 τὴν
729 1879 761 1905 ἐκ
782 1878 874 1914 νόμων

83 1922 364 1960 ἀποτεταμιευμένηιο
385 1924 490 1956 τούτοις
508 1925 559 1959 τῆς
582 1925 718 1960 ἑκκλήτου
747 1924 876 1960 βοήθειαν

85 1969 260 2002 καταφυγεῖν
287 1969 404 2004 ὤφελον.
429 1971 553 2006 Μελήσει
570 1971 600 1998 δὲ
624 1972 734 2003 πάντως
755 1973 801 1998 καὶ
819 1973 877 2004 τοῖς

86 2013 251 2045 δικάζουσιν
271 2015 454 2051 ἐμμερίμνως
479 2017 529 2048 τὰς
556 2017 717 2051 διαγνώσεις
740 2018 877 2045 ποιεῖσθαι

86 2059 136 2086 καὶ
163 2060 215 2092 τὰς
240 2062 405 2097 ἀποφάσεις,
430 2063 532 2090 εἰδόσιν
554 2064 596 2091 ὅτι
621 2063 742 2099 μεγάλαι
767 2064 877 2099 ζημίαι,

86 2106 222 2139 πολλάκις
235 2108 264 2134 δὲ
279 2110 327 2135 καὶ
344 2110 479 2144 σωμάτων
501 2110 733 2146 ἁκριυτηριασμοὶ
749 2112 809 2142 ταῖς
828 2112 880 2138 αὐ-

85 2153 143 2180 τῶν
161 2154 335 2189 ἀποφάσεσιν
361 2155 607 2184 ἐπακολουθοῦσιν.
627 2157 686 2183 Ἵνα
703 2157 751 2184 οὖν
770 2157 808 2192 μὴ
831 2156 878 2183 τοῦ

85 2200 185 2227 λοιποῦ
212 2201 358 2237 ἀπέραντα
374 2201 416 2236 εἴη
432 2202 468 2228 τὰ
487 2202 673 2237 δικαστήρια,
701 2203 747 2229 τὸν
773 2203 802 2229 ὲν
824 2203 881 2229 δια-

917 260 1016 294 είιψίυε
1029 260 1082 287 illis
1099 260 1150 287 hoc
1170 267 1230 287 esse
1251 261 1350 293 studio,
1368 266 1396 288 ιιι
1414 261 1495 289 horas
1510 262 1587 296 quasi
1602 262 1706 296 deprae-

918 307 1028 340 dcntur,
1045 311 1070 334 et
1092 306 1181 334 fueate
1197 307 1417 341 tergit‘ersentur.
1436 307 1498 334 dttm
1516 308 1624 336 easdem
1641 308 1706 334 alle-

919 353 1043 386 gationes
1070 353 1207 380 multoties
1237 357 1370 387 repetunt.
1401 353 1433 379 Et
1460 354 1586 387 quoniam
1616 359 1707 381 certus

919 405 1012 425 eorum
1028 406 1156 426 numerus
1173 406 1233 426 csse
1248 399 1327 425 debet
1343 398 1369 424 in
1383 398 1485 432 judicio
1503 399 1623 434 quolibet
1637 401 1704 435 ejus,

920 443 966 478 qui
992 443 1036 478 jus
1053 443 1118 478 ipsis
1132 444 1216 475 dicit,
1238 444 1346 470 ad’eum
1365 445 1519 472 necessario
1534 446 1705 474 convenient.

918 489 953 515 At
981 489 1005 516 si
1034 488 1160 517 fortassis
1190 490 1224 517 ob
1251 490 1369 525 aliquam
1394 497 1501 518 causam
1528 491 1553 518 id
1575 491 1706 525 judicium

918 539 1006 568 vacet,
1028 535 1097 570 apud
1121 535 1173 563 alia
1187 535 1290 570 judicia
1315 536 1403 563 civilia
1424 544 1522 564 munus
1540 544 1618 564 suum
1641 537 1707 564 citra

919 581 1078 615 cujusquam
1111 582 1332 616 impedimentum
1359 582 1515 616 implebunt.
1539 581 1606 609 Hinc
1636 583 1707 609 enim

919 626 1050 653 auditioui
1074 627 1151 654 favor
1176 628 1300 661 additur;
1325 635 1413 655 causa:
1436 636 1502 655 vero
1521 628 1640 663 cognitio
1668 636 1710 655 ac-

919 676 1013 700 curate
1040 673 1210 702 observatur.
1247 673 1295 700 Ubi
1322 678 1411 701 autem
1443 674 1526 700 altera
1557 681 1620 708 pars
1650 681 1708 700 cum

919 719 1017 746 decore
1061 719 1215 752 consentit,
1249 720 1442 754 prmopinanlis
1479 722 1618 756 privilegia
1660 729 1709 749 ex-

921 765 1088 798 tenduntur;
1121 765 1182 793 dein
1212 774 1266 793 uno
1294 771 1411 800 tacente,
1434 767 1501 795 alter
1517 767 1590 795 litem
1617 775 1710 802 perse-

919 811 1013 844 quitur
1041 818 1094 837 non
1126 811 1216 839 minus
1244 812 1394 846 intrepide;
1425 817 1564 847 postremo
1588 812 1709 846 judicum

920 858 1052 885 sententia
1080 858 1311 893 pronuntiabitur.
1339 859 1390 887 Ubi
1415 867 1509 887 omnes
1538 859 1617 886 unius
1647 864 1712 886 sunt

917 905 1068 937 sententiae,
1095 911 1187 941 partes
1211 905 1350 941 litigantes
1370 906 1478 941 longius
1502 906 1671 941 procedunt;
1687 895 1709 932 si

917 956 1006 978 autem
1031 951 1058 978 itt
1081 951 1205 979 diversas
1234 953 1335 979 abeunt
1360 953 1518 986 sententias,
1543 953 1666 980 advocati
1684 956 1711 980 et

918 998 968 1032 ipsi
983 999 1111 1032 silebunl,
1133 999 1194 1026 dum
1210 999 1318 1034 judices
1336 1006 1380 1027 res
1399 1004 1589 1027 controversas
1606 998 1710 1026 exami-

919 1050 985 1072 nant
997 1066 1004 1077 ,
1026 1047 1112 1073 donec
1126 1046 1194 1073 idem
1208 1046 1359 1073 sentientes
1373 1047 1397 1073 in
1410 1046 1533 1073 eamdem
1547 1045 1710 1074 sententiam

920 1092 1050 1121 abierint.
1069 1092 1146 1125 Quod
1167 1093 1189 1120 si
1202 1100 1254 1120 non
1271 1100 1366 1120 omnes
1385 1092 1569 1125 consentiunt,
1585 1093 1630 1120 sed
1648 1099 1710 1127 pars

920 1138 1008 1165 minor
1024 1139 1119 1171 majori
1142 1139 1298 1173 opponitur,
1320 1143 1366 1165 aut
1387 1146 1517 1166 nnmertts
1534 1138 1639 1165 diversa
1651 1137 1711 1172 opi-

920 1185 1044 1212 nantium
1062 1185 1176 1217 tequalis
1190 1185 1310 1217 exsistit,
1336 1193 1367 1211 ea
1382 1185 1517 1212 sententia
1538 1185 1633 1211 victrix
1648 1185 1710 1216 erit,

921 1230 963 1258 cui
982 1237 1082 1263 prtcses
1107 1230 1247 1258 concionis
1272 1231 1442 1266 astipulatur.
1468 1231 1517 1264 Qui
1541 1235 1630 1256 autem
1656 1238 1710 1256 nou

922 1278 1111 1304 assentiuntur
1127 1277 1160 1304 iis
1170 1285 1230 1312 quae
1246 1277 1278 1304 de
1294 1277 1360 1312 ipsis
1370 1278 1549 1309 decrevimus,
1567 1277 1613 1303 sed
1627 1277 1712 1310 priori

923 1323 1082 1351 defensione
1099 1328 1228 1355 utuntur,
1249 1331 1309 1358 qua:
1328 1323 1467 1357 indicibus
1495 1323 1673 1357 displicuerit,
1687 1327 1714 1350 et

924 1369 1018 1397 eadem
1051 1376 1167 1404 semper,
1200 1369 1281 1404 idque
1307 1369 1380 1396 nullo
1402 1369 1514 1404 pudore,
1545 1370 1572 1395 in
1597 1370 1714 1396 medium

923 1415 1065 1450 proferunt
1078 1419 1161 1449 atque
1173 1421 1204 1441 ea
1221 1418 1344 1448 repetunt
1364 1422 1423 1448 qua:
1433 1415 1489 1449 jam
1505 1419 1583 1441 antea
1596 1416 1714 1449 probare

926 1462 1103 1496 nequiverant
1128 1463 1266 1495 (namque
1294 1467 1374 1488 voces
1401 1466 1497 1488 exacte
1527 1461 1717 1495 prouuntiatas

924 1507 1077 1541 negligunt,
1094 1511 1122 1534 ut
1137 1506 1194 1540 ipse
1208 1509 1339 1540 expertus
1359 1505 1444 1540 sum),
1466 1506 1528 1539 quia
1542 1510 1634 1532 autem
1647 1504 1715 1532 deli—

886 1565 908 1595 ρ
927 1553 1043 1580 niliones
1066 1557 1172 1580 nostras
1196 1553 1272 1586 parvi
1290 1551 1421 1583 pendunt,
1447 1559 1558 1578 causam
1583 1551 1718 1586 justedc-

927 1598 1053 1625 fendendi
1075 1597 1205 1624 facultate
1223 1597 1376 1632 privamur.
1396 1597 1454 1624 Huc
1478 1598 1582 1625 accedit
1602 1597 1674 1631 quod
1688 1605 1718 1625 se
1739 1595 1743 1599 ’

924 1645 1003 1678 plane
1014 1643 1131 1671 olieusos
1141 1643 1307 1671 arbitrantes
1320 1644 1352 1670 ad
1368 1644 1496 1670 auxiliqu
1511 1644 1582 1678 quod
1599 1644 1718 1671 tribunal

923 1691 1004 1719 offert
1020 1691 1170 1725 confugere
1195 1690 1283 1718 satius
1297 1692 1445 1717 duxerunt.
1466 1690 1547 1717 Cordi
1563 1690 1615 1717 erit
1631 1690 1719 1717 omni-

925 1739 976 1766 bus
990 1738 1036 1771 qui
1062 1737 1105 1772 jus
1126 1737 1231 1770 dicunt,
1250 1741 1279 1763 ut
1293 1736 1400 1763 decreta
1416 1743 1443 1763 et
1462 1736 1604 1763 sententia:
1619 1737 1652 1763 ad
1668 1745 1719 1763 un-

924 1793 1003 1821 guem
1019 1785 1179 1816 reddantur,
1193 1784 1275 1819 probe
1289 1783 1405 1811 scientes
1417 1784 1487 1818 quod
1504 1791 1590 1818 petua:
1603 1784 1718 1814 acerbat.

926 1831 981 1859 imo
1007 1831 1130 1865 corporis
1147 1830 1333 1856 mutilationes
1357 1830 1428 1863 ipsas
1452 1829 1602 1856 sententias
1622 1829 1720 1856 subse-

927 1881 1059 1912 quuntur.
1072 1875 1110 1903 Ne
1121 1876 1203 1910 igitur
1217 1875 1243 1902 in
1255 1879 1394 1910 posterum
1405 1879 1480 1902 acttts
1492 1874 1602 1909 juridici
1619 1875 1720 1902 inﬁniti

927 1923 993 1954 sint,
1008 1923 1093 1958 legent
1111 1922 1137 1948 in
1149 1921 1327 1948 Basilieorum
1344 1921 1484 1948 codicibus
1500 1921 1630 1956 scriptam
1643 1921 1715 1948 refo-

928 1970 1060 2000 cillamus,
1079 1973 1106 1996 et
1126 1967 1202 2002 quasi
1229 1975 1244 1995 e
1271 1967 1385 1994 mortuis
1416 1967 1619 1999 resuscitamus,
1635 1972 1661 1994 et
1680 1975 1723 1994 se-

929 2017 1046 2046 cundum
1076 2015 1160 2050 ipsam
1188 2014 1302 2041 crimina
1332 2018 1412 2047 atque
1435 2013 1631 2046 accusationes,
1662 2021 1723 2048 quat

929 2065 999 2092 intra
1018 2063 1158 2091 biennium
1181 2061 1283 2089 absolvi
1300 2064 1425 2096 possunt,
1448 2059 1611 2093 definimus;
1626 2067 1723 2087 causas

929 2118 1007 2143 vero,
1021 2116 1081 2144 quae
1096 2108 1166 2135 circa
1183 2108 1325 2142 pecuniam
1339 2111 1413 2139 sunt,
1431 2105 1501 2133 intra
1522 2105 1666 2133 triennium
1680 2112 1725 2132 re-

930 2157 1072 2189 legamus;
1108 2155 1157 2181 hoc
1197 2154 1267 2181 enim
1302 2152 1432 2187 temporis
1466 2151 1582 2186 spatium
1614 2150 1724 2182 sumeit,

934 2202 1041 2230 etiamsi
1056 2201 1178 2235 quaedam
1205 2199 1370 2234 hypntltescs
1382 2205 1414 2225 ac
1430 2197 1597 2232 problemata
1616 2199 1726 2230 propter

88 2248 186 2282 φόροις
217 2247 332 2283 βιϐλίοις
357 2249 412 2275 τῶν
437 2248 592 2276 Βασιλικῶν
619 2249 872 2284 ὲγκατεστρωμένοπ

933 2249 1126 2276 obscuritatem
1143 2247 1306 2280 peculiarem
1326 2245 1415 2271 minus
1435 2243 1523 2270 facilia
1549 2242 1636 2270 solntu
1659 2243 1724 2269 sint.

88 2293 329 2329 ἀναζωπυροῦμεν
346 2294 441 2328 νόμον,
463 2295 512 2322 καὶ
535 2295 741 2330 νενεκρωμένον
763 2291 819 2321 οἷον
843 2296 882 2321 εὶ-

89 2341 152 2366 πεῖν
179 2341 226 2366 καὶ
240 2341 342 2377 ἀγρίαν
365 2331 487 2375 παντελῆ
509 2341 751 2376 κατεψηφισμένον
766 2341 882 2369 ἀνιστῶ-

93 2395 157 2422 μεν,
171 2387 356 2423 διοριζόμενοι
371 2388 432 2414 κατ’
446 2388 552 2415 ἐκεῖνον
573 2388 608 2414 τὰ
624 2387 674 2422 μὲν
689 2387 883 2423 ἐγκληματικὰ

91 2434 149 2460 τῶν
170 2434 359 2470 δικαστηρίων
378 2434 455 2467 ἐντὸς
473 2435 577 2466 διετίας
603 2435 803 2470 περατοῦσοαι,
828 2435 884 2467 τοῖς

90 2480 119 2506 δὲ
133 2481 319 2515 χρηματικοῖς
337 2481 383 2507 τὸν
396 2481 444 2516 τῆς
455 2480 578 2516 cpta-tia;
592 2481 688 2517 χρόνον
699 2480 882 2514 ἑξαπλοῦμεν·

92 2527 234 2563 αὔταρκες
260 2528 316 2561 γὰρ
343 2527 435 2559 αὐτοῖς
457 2528 488 2554 τὸ
513 2528 643 2554 τοσοῦτον
665 2528 806 2563 διάστημα
836 2526 884 2553 τοῦ

93 2573 206 2608 καιροῦ,
228 2573 281 2600 κᾶν
305 2572 332 2600 εἰ
360 2574 408 2601 καὶ
422 2572 487 2604 ἴσως
501 2573 574 2605 τινὲς
596 2573 739 2604 ὑποθέσεις
767 2573 835 2600 πολὺ
854 2573 885 2599 τὸ

93 2620 205 2655 γρυφὺν
216 2619 329 2655 ἔχουσαι
343 2621 390 2646 καὶ
401 2619 430 2646 τὸ
443 2620 573 2655 δυσχερὲς
592 2620 762 2655 εὑρίσκοιντο
777 2620 824 2646 καὶ
839 2619 886 2654 τὴν

93 2666 175 2693 λύσιν
188 2666 239 2692 οὐκ
256 2666 386 2701 εὐμαρῶς
413 2666 648 2701 παραδεχόμεναι.
665 2665 696 2692 Et
711 2665 739 2691 δὲ
755 2665 821 2699 παρ’
846 2666 887 2691 αἱ·

92 2713 157 2740 τίαν
168 2712 218 2739 τοῦ
234 2713 380 2746 ἐνάγοντος
391 2713 408 2748 ἡ
428 2712 585 2748 προθεσμία
599 2712 837 2747 ἐκμετρηθήσεται
850 2711 888 2746 μὴ

94 2758 251 2794 λελυμένης
265 2759 314 2793 τῆς
329 2758 501 2790 ὑποθέσεως,
519 2757 688 2784 ἁπεντεῦθεν
705 2757 782 2783 ἔσται
804 2766 889 2783 κατα-

95 2805 306 2840 δεδικασμένος,
325 2805 578 2841 προσκαταϐάλλων
598 2804 636 2840 τῷ
663 2804 821 2838 ὲναγομένῳ
842 2805 888 2829 καὶ

98 2849 132 2876 τὰ
147 2850 347 2885 δαπανήματα.
362 2851 393 2877 Εἰ
408 2850 436 2877 δὲ
451 2849 498 2876 τοῦ
512 2850 654 2884 ἐνάγοντος
678 2848 889 2884 ἐπαγρυπνοῦν-

95 2902 143 2926 to;
161 2895 210 2922 xu".
228 2895 441 2927 ἐπισπεύδοντος
456 2895 639 2932 ἠδυστροπία
658 2895 705 2922 τοῦ
721 2893 887 2929 ὲναγομένου

936 2296 964 2322 Si
989 2298 1078 2322 autem
1095 2298 1190 2321 contra
1218 2299 1293 2327 spem
1313 2290 1467 2318 accusantis
1483 2289 1539 2316 dies
1562 2288 1728 2323 praestitutus

938 2339 1068 2375 praterit,
1086 2338 1150 2373 quin
1169 2337 1202 2365 lis
1215 2337 1370 2369 dirimatur,
1389 2340 1443 2362 tum
1459 2340 1603 2362 accusatus
1617 2334 1728 2360 damna-

936 2388 1009 2415 bitur
1023 2387 1055 2413 atl
1078 2390 1205 2420 sumptus
1229 2383 1383 2411 solvendus.
1400 2381 1428 2409 Si
1443 2386 1533 2409 atttem
1560 2377 1728 2407 accusatoris

935 2432 1082 2469 pertinacia
1111 2431 1208 2458 nimias
1232 2438 1279 2457 reo
1304 2429 1459 2456 vexationes
1476 2436 1528 2455 non
1549 2427 1608 2454 sine
1630 2432 1726 2459 magna

938 2479 1066 2511 temporis
1090 2478 1195 2513 jactura
1221 2476 1330 2510 inﬂigit,
1357 2475 1420 2502 inde
1438 2472 1628 2501 condemnatio
1646 2476 1672 2497 et
1685 2477 1730 2498 res

938 2524 1092 2560 repetendae
1106 2523 1196 2551 locttm
1215 2522 1364 2554 habebunt,
1380 2529 1411 2548 ac
1426 2528 1497 2552 rens,
1519 2519 1619 2547 nu'lius
1639 2516 1730 2544 auxilii

938 2570 1083 2606 particeps,
1105 2568 1177 2596 nulla
1203 2568 1290 2603 gratia
1317 2566 1414 2600 dignus
1440 2563 1654 2592 existimabitur.
1672 2561 1700 2588 Si
1716 2569 1731 2589 e

937 2620 1032 2644 contra
1046 2615 1150 2651 judiecs
1171 2613 1325 2641 cttnctando
1354 2619 1477 2646 magnam
1496 2610 1626 2644 tetnporis
1640 2609 1731 2643 jactu-

939 2672 996 2691 ram
1023 2667 1214 2698 prnvocarunl,
1244 2659 1402 2687 muneribus
1419 2658 1475 2685 suis
1501 2658 1551 2684 rite
1576 2655 1731 2688 fungentes.

940 2710 1012 2738 illam
1023 2709 1167 2737 sanabunt.
1183 2706 1324 2741 Quomodo
1344 2706 1427 2738 enim,
1446 2705 1491 2739 qui
1508 2704 1540 2730 ad
1558 2703 1603 2738 jus
1615 2702 1731 2729 iusanti-

940 2755 990 2783 bus
1016 2754 1162 2782 dicendum
1193 2751 1325 2780 destinati
1356 2755 1430 2783 sunt,
1460 2756 1574 2776 munere
1600 2748 1733 2774 attribute

940 2808 1082 2836 perperam
1107 2798 1262 2834 fungentes,
1281 2802 1327 2824 aut
1341 2797 1410 2824 alios
1426 2796 1532 2829 jutliccs
1557 2794 1734 2822 conniventes

941 2846 1107 2878 adhibcnilo,
1123 2847 1156 2872 ad
1172 2845 1278 2871 illorum
1307 2843 1450 2878 perniciem
1468 2849 1524 2869 rem
1542 2847 1636 2876 gerere
1661 2843 1734 2866 sata-

942 2893 1025 2928 gunt?
1041 2892 1094 2920 Sed
1115 2899 1176 2919 cum
1197 2891 1311 2926 quodvis
1335 2889 1452 2917 tribunal
1468 2888 1618 2923 petuliares
1634 2885 1734 2913 habent
