1955 3080
201 107 251 138 7H

819 99 1021 132 MANUELIS
1040 99 1214 130 COMNENI

1775 100 1831 132 748

201 167 327 194 butioncs
343 164 375 192 ad
392 171 488 192 causas
503 162 572 199 pias,
585 162 618 190 ad
634 161 828 190 consolatrices
840 162 991 189 animorum

1048 160 1115 196 μεθα
1144 159 1220 195 γοῦν,
1241 154 1305 187 ὅταν
1329 161 1506 196 έπιτροπικαὶ
1527 159 1651 187 τοιαῦται
1681 161 1834 198 διοικήσεις

202 211 429 246 dispensatioues,
457 213 483 238 et
506 211 540 237 ad
565 209 740 245 pupillorum,
762 208 945 243 impubernm,
961 213 992 233 ae

201 257 350 294 pauperum
366 257 541 289 educationes
554 260 582 284 et
596 256 723 284 alimenta
740 255 873 282 tendunt:
887 253 992 280 nullum

203 306 230 332 in
252 306 292 333 eis
315 305 404 332 locum
421 302 572 338 iudiciariae
591 303 744 335 dilationes,
760 305 787 328 et
806 300 994 335 prOrenientes

203 353 267 381 inde
284 351 415 386 temporis
432 350 616 378 exlraetioues
627 349 755 377 habeant.
770 346 836 374 Nam
855 346 919 374 hinc
931 353 996 373 con-

205 398 275 433 tigit,
293 402 321 426 ut
338 396 526 426 defunctorum
544 395 642 423 animis
657 395 730 422 fraus
746 393 802 426 iiat,
821 397 904 427 utque
922 392 995 426 leges

204 445 239 473 ad
268 446 367 472 bonum
389 449 416 471 et
435 443 577 470 utilitatem
597 442 665 469 adeo
685 440 821 476 pulbicam
843 439 913 472 latae,
929 445 996 465 con-

205 491 315 520 trariam
339 491 366 518 in
395 495 499 526 partem
528 489 680 525 flectantur.
705 486 762 514 Non
788 485 859 513 enim
887 491 993 519 :equnm

205 538 332 573 maiestas
347 545 406 565 mea
423 541 526 570 censet,
542 540 571 562 ut
583 543 643 570 qute
661 534 748 562 series
764 537 790 560 et
805 532 872 559 ordo
884 531 994 565 reliquis

206 585 232 613 in
247 584 359 619 judiciis
376 584 490 616 obtinet,
513 582 540 610 in
563 581 606 609 his
621 580 702 608 etiam
720 583 865 614 usurpetur
880 587 887 605 :
900 585 994 604 verum

205 636 235 659 ut
250 631 383 666 ejusmodi
396 637 539 658 causarum
551 627 744 656 controversia:
759 626 849 654 statim
864 625 994 652 dirimati-

206 682 262 711 tur,
280 684 333 704 non
350 675 487 702 offerendo
505 673 623 701 libellum
645 673 695 700 sed
714 671 748 699 ad
770 676 836 704 tres,
854 675 901 697 aut
921 677 995 697 sum-

207 731 278 749 mum
305 727 425 758 quatuor
447 721 515 752 dies,
544 719 727 747 insinuatione
756 718 794 746 rei
820 716 993 752 porrigenda.

207 769 309 803 Quippe
324 767 346 795 si
363 767 433 795 nulla
448 766 591 801 iudiciaria
605 765 698 793 dilatio
710 762 994 804 adiuittatur,’jurium

206 814 304 846 cuique
318 812 527 847 competentium
549 817 661 838 examen
683 809 852 841 instituetur,
865 812 892 835 et
907 808 994 834 amba
1008 831 1032 861 Β

206 864 297 894 part-es
325 859 393 886 citra
420 858 499 884 ullam
525 855 798 892 procrastinationem
823 854 993 886 citabantur,

206 910 287 938 atque
306 904 339 931 ab
354 902 451 930 iisdem
472 903 606 937 exigetur,
620 906 649 928 ut
659 907 720 935 quae
735 908 782 934 pro
796 907 824 926 se
840 898 928 926 iacere
943 907 993 934 pu-

207 954 276 982 tent,
288 949 314 976 in
333 949 450 976 medium
469 952 629 983 proponant.
646 946 692 974 Sic
703 946 848 981 perexiguo
860 949 994 980 tempore,

205 1000 269 1031 puta
290 1002 409 1022 mensem
422 995 455 1021 ad
474 1001 568 1024 unum,
586 992 626 1019 vel
646 991 773 1024 alterum,
788 999 818 1018 se
830 990 995 1026 porrigente,

184 1062 186 1065 .
206 1044 286 1075 prout
299 1039 382 1075 judici
398 1038 483 1066 visunt
510 1037 600 1071 fuerit,
618 1045 661 1064 res
677 1037 703 1063 in
720 1036 932 1064 controversiam
947 1036 996 1063 de-

205 1087 286 1114 ducta
307 1084 478 1113 convcnienti
497 1084 601 1111 ratione
617 1082 782 1110 dirimctur:
800 1082 903 1117 legibus
921 1081 996 1109 scili-

206 1137 250 1161 cet
275 1132 311 1159 iis
334 1131 421 1158 locum
444 1130 673 1164 stabilitatemque
698 1136 774 1156 suam
805 1127 995 1161 retinentibus,

207 1184 375 1213 quaecunque
392 1183 443 1203 non
463 1175 554 1203 statim
573 1178 634 1209 post
649 1173 768 1202 defuncti
785 1179 912 1207 mortem,
934 1181 998 1201 suco

207 1230 331 1251 cessores
344 1222 404 1257 ejus
420 1222 446 1248 in
461 1222 504 1256 jus
523 1221 593 1248 trahi
609 1220 707 1248 debere
729 1224 861 1252 statuunt,
877 1220 923 1248 sed
936 1224 998 1254 post

207 1270 313 1296 dierum
335 1268 438 1302 aliquot
463 1268 625 1299 decursum;
643 1266 869 1300 quemadmodum
890 1274 920 1294 ea
938 1273 998 1302 quae

209 1317 262 1342 huc
276 1315 420 1346 pertinent,
446 1313 529 1340 latius
543 1313 570 1340 in
585 1312 709 1340 Basilicis
725 1313 783 1348 (21)
798 1313 902 1340 sancit:
922 1318 997 1341 sunt.

209 1361 286 1395 Quod
302 1361 324 1387 si
342 1364 501 1395 procurator
519 1360 552 1386 ad
566 1358 711 1385 dilationes
735 1366 764 1386 se
782 1363 940 1386 convertere
955 1360 999 1388 vi-

208 1415 256 1436 sus
277 1406 369 1438 fuerit,
388 1412 416 1434 et
430 1405 616 1439 deprehensus
640 1406 675 1432 sit
691 1405 717 1432 in
737 1405 892 1439 huiusmodi
916 1406 998 1434 rebus

209 1461 289 1489 agere
311 1460 463 1488 perperam,
488 1451 521 1479 ad
543 1451 804 1487 procrastinatioues
825 1459 886 1480 sese
903 1452 1000 1482 confe-

1044 206 1216 242 πρόκεινται,
1241 206 1290 233 καὶ
1313 207 1353 238 εἰς
1376 207 1497 237 εὐσεϐεῖς
1512 206 1602 238 αίτίας
1626 206 1763 242 διανομαὶ,
1782 206 1834 234 καὶ

1043 253 1112 288 πρὸς
1126 253 1245 289 ψυχικὰς
1260 253 1416 288 οἰκονομίας
1428 252 1476 279 καὶ
1491 253 1636 287 ὀρφανῶνγ
1644 252 1788 287 ἀφηλίκων
1803 261 1834 280 τε

1044 300 1092 328 καὶ
1117 301 1243 335 πενήτων
1263 300 1411 334 ἀναγωγάς
1433 299 1480 326 καὶ
1507 298 1655 334 διατρορὰς
1681 300 1834 330 τείνουσαι,

1046 347 1084 382 μὴ
1101 346 1196 382 χώραν
1219 346 1292 381 ἔχειν
1314 346 1343 372 ὲν
1358 345 1470 376 ταύταις
1493 345 1556 377 τοὺς
1571 345 1626 371 τῶν
1647 344 1836 380 δικαστηρίων

1044 393 1271 428 ύπερϐιϐασμοὺς
1299 392 1346 419 καὶ
1367 392 1417 424 τὰς
1439 391 1566 419 ἐντεῦθεν
1593 392 1834 426 χρονοτριῦήσεις.

1044 439 1194 476 Συμὸαίνει
1216 438 1271 475 γὰρ
1283 440 1285 443 ⁷
1296 438 1423 466 ἐντεῦθεν
1445 438 1495 470 τὰς
1509 438 1564 465 τῶν
1578 438 1767 465 τελευτώντων
1783 437 1836 473 ζη-

1045 486 1175 522 μιοῦσθαι
1189 486 1291 521 ψυχὰς,
1308 485 1355 512 καὶ
1372 485 1435 516 τοὺς
1449 484 1494 512 ἐπ’
1512 484 1607 520 ἀγαθῷ
1630 484 1678 511 καὶ
1693 485 1770 519 κοινῇ
1786 483 1836 509 λυ-

1045 532 1164 569 σιτελειᾳ
1181 532 1228 559 τοῦ
1244 531 1344 563 παντὸς
1359 531 1490 563 τεθέντας
1510 532 1610 567 νόμους
1623 532 1663 563 εἰς
1677 530 1836 558 τούναντίον

1045 577 1248 614 περιίστασθαι.
1269 577 1335 604 Οὐδὲ
1351 578 1406 613 γὰρ
1431 577 1535 605 δίκαιον
1554 577 1643 612 κρίνει
1669 577 1685 612 ἡ
1709 576 1837 612 βασιλεία

1046 634 1097 660 μου
1124 625 1175 659 τὴν
1195 623 1242 651 ἐπὶ
1266 624 1324 654 τοῖς
1338 623 1442 655 λοιποῖς
1462 623 1650 658 δικαστηρίοις
1677 622 1837 658 κρατοῦσαν

1045 669 1206 708 ἀκολουθίαν
1231 669 1279 696 καὶ
1308 669 1354 695 ἐπὶ
1382 669 1436 700 τοῖς
1466 668 1599 700 τοιούτοις
1629 668 1836 699 πολιτεύεσθαι,

1044 715 1114 743 ἀλλὰ
1130 715 1178 747 τὰς
1192 715 1240 741 ἐπὶ
1251 715 1311 747 ταῖς
1328 715 1469 746 τοιαύταις
1489 714 1653 742 ὑποθέσεσιν
1667 715 1838 750 ἀμφιϐολίας

1045 762 1213 789 άπεντεῦθεν
1235 761 1361 793 λύεσθαι,
1377 762 1416 796 μὴ
1441 762 1566 788 λιδέλλου
1590 761 1741 797 διδομένου,
1760 760 1839 795 είδή-

1047 816 1116 840 σεως
1130 808 1157 834 δὲ
1174 807 1338 843 τριημέρου,
1354 807 1370 842 ἣ
1389 808 1438 834 καὶ
1453 808 1480 839 ἐς
1496 799 1630 843 τετάρτην
1655 815 1839 842 παρεκτεινο⁹

1047 854 1141 889 μένης.
1163 854 1209 889 Μή
1225 862 1298 885 τινος
1315 854 1369 889 γὰρ
1387 853 1548 889 δικαστικῆς
1576 853 1750 889 ὑπερθέσεως
1767 854 1839 879 ἐπα-

1046 901 1179 935 γομένης,
1196 901 1213 935 ἡ
1229 901 1284 926 τῶν
1299 900 1457 934 προσόντων
1477 899 1585 935 ἑκάστῳ
1595 899 1707 926 δικαίων
1722 899 1840 934 γενήσε-

1045 955 1088 973 ται
1104 946 1292 978 κατεξέτασις,
1314 946 1362 974 καὶ
1378 945 1617 982 μετακληθήσεται
1634 946 1681 973 καὶ
1702 945 1786 980 ἄμφω
1803 945 1840 970 τὰ

1048 993 1121 1027 μέρη
1144 992 1206 1027 δίχα
1232 992 1306 1024 τινὸς
1323 992 1526 1028 ὑπερημερίας,
1553 992 1600 1019 καὶ
1616 992 1839 1028 ἀπαιτηθήσεται

1047 1039 1165 1073 ἑκάτερα
1193 1039 1227 1066 τὰ
1258 1040 1329 1074 μέρη
1347 1038 1382 1065 τὰ
1408 1037 1540 1065 δοκοῦντα
1567 1038 1716 1065 συντείνειν
1744 1038 1840 1069 αὐτοῖς

1047 1084 1262 1120 προόἀλλεσθαι,
1273 1085 1322 1111 καὶ
1333 1084 1406 1111 οὓτω
1423 1084 1456 1112 δι’
1470 1084 1561 1119 ὀλίγου
1581 1084 1690 1120 καιροῦ,
1709 1084 1840 1119 μηνιαίον

1047 1132 1129 1166 τυχὸν
1142 1131 1159 1166 ἦ
1177 1131 1224 1159 καὶ
1238 1132 1278 1163 είς
1295 1131 1422 1167 δεύτερον
1434 1131 1696 1166 παρεκτεινομένου,
1713 1130 1786 1157 κατὰ
1808 1130 1840 1156 -ιδ

1048 1177 1128 1210 δόξαν
1150 1177 1189 1212 τῷ
1207 1177 1323 1213 δικαστῇ
1356 1178 1550 1214 προσήκουσαν
1574 1177 1676 1210 δέξοιτο
1703 1177 1781 1204 λύσιν
1807 1177 1840 1204 τὸ

1047 1224 1190 1259 ἀνακύψαν
1204 1223 1358 1259 ἀμφίϐολον
1370 1232 1378 1239 ·
1392 1224 1573 1260 τηρουμένων
1588 1223 1711 1259 δηλονότι
1725 1223 1780 1250 τῶν
1794 1224 1840 1250 νό-

1050 1279 1108 1307 μων
1126 1270 1173 1297 Earl.
1186 1270 1236 1306 τῆς
1248 1269 1352 1302 οἰκείας
1366 1270 1449 1305 ἕδρας
1466 1271 1513 1298 καὶ
1529 1270 1707 1306 παγιότητος,
1728 1270 1785 1297 ὅσοι
1801 1270 1842 1304 μὴ

1050 1318 1119 1354 μετὰ
1143 1317 1190 1344 τδν
1210 1317 1258 1344 τοῦ
1287 1317 1501 1354 τελευτήσαντος
1524 1317 1639 1345 θάνατον
1667 1317 1749 1349 εὐθὺς
1774 1317 1843 1348 τοὺς

1048 1364 1155 1391 ἐκείνου
1173 1363 1314 1398 διαδόχους
1340 1363 1380 1395 εις
1405 1363 1583 1398 δικαστήριον
1606 1362 1736 1390 ἕλκεσθαι
1755 1362 1843 1398 διορι-

1049 1409 1153 1443 ξονται,
1168 1409 1238 1437 ἀλλὰ
1255 1409 1325 1444 μετὰ
1350 1409 1532 1445 παραδρομὴν
1551 1409 1663 1445 ἡμερῶν
1677 1418 1768 1440 τινων,
1788 1417 1843 1436 κα-

1050 1456 1104 1489 θὼς
1129 1456 1164 1483 τὰ
1191 1456 1257 1492 περὶ
1283 1455 1387 1483 τούτων
1412 1455 1580 1491 πλατύτερον
1607 1456 1663 1488 τοῖς
1689 1455 1844 1491 βασιλικοῖς

208 1508 285 1531 rens,
300 1507 349 1527 nec
363 1499 388 1526 id
402 1506 494 1534 agens,
508 1497 580 1532 quod
597 1501 712 1525 testator
727 1498 818 1534 jussit,
834 1506 848 1525 a
864 1506 996 1533 procura-

1048 1502 1235 1539 διηγόρευται.
1256 1503 1287 1530 El
1307 1502 1336 1529 δέ
1360 1511 1392 1537 γε
1412 1503 1426 1530 ὁ
1443 1503 1592 1535 ἐπίτροπος
1614 1503 1654 1535 είς
1677 1501 1844 1537 ὑπερθέσεις

207 1546 282 1574 tione
298 1552 390 1572 rerum
406 1543 537 1577 defuncti,
552 1547 581 1571 et
594 1543 628 1571 ab
649 1543 885 1572 administratione
906 1552 997 1573 remo-

208 1592 333 1625 vebitur;
355 1598 414 1625 quas
434 1590 542 1625 quidem
565 1589 720 1625 injungetur
746 1590 778 1617 iis
797 1590 895 1625 quibus
913 1591 997 1626 impe-

207 1639 282 1664 rato’r
306 1637 454 1665 statuerit:
479 1640 526 1663 aut
543 1635 705 1670 imperatore
729 1635 853 1664 fortassis
872 1636 996 1671 absente,

208 1686 350 1721 prmfcclus
383 1685 458 1712 urbis
491 1693 544 1712 una
574 1691 634 1712 cum
666 1685 844 1713 sanctissimae
875 1686 997 1714 ecclesias

208 1739 349 1759 meonomo
361 1739 416 1758 rem
427 1731 499 1758 illam
511 1731 997 1766 dispensabuntetadministrabunt:

208 1778 296 1805 daturi
321 1777 445 1805 notitiam
471 1784 566 1804 eorum
589 1784 649 1811 quae
675 1777 702 1804 in
728 1777 883 1812 huiusmodi
910 1779 1000 1807 causis

208 1823 359 1857 gesserint,
388 1827 441 1849 tam
470 1822 646 1857 imperatori,
671 1829 752 1857 quam
782 1823 842 1858 ejus
872 1825 1001 1859 temporis

208 1867 381 1894 sanctissimo
392 1866 563 1901 patriarchas,
575 1866 598 1894 si
613 1874 726 1902 peregre
739 1867 890 1903 principem
905 1870 1001 1898 abesse

209 1912 359 1947 contingat,
376 1919 426 1939 nec
443 1911 591 1939 secundum
608 1912 683 1947 ipsus
699 1913 858 1941 mandatum
879 1915 999 1944 defuncti

209 1956 337 1984 voluntas
354 1956 463 1990 impleta
482 1956 574 1984 fuerit.

1049 1549 1146 1584 φανείη
1173 1549 1271 1585 χωρῶν
1291 1549 1344 1576 -καὶ
1372 1549 1486 1576 τοιαῦτα
1513 1549 1657 1584 σκαιωρῶν
1685 1548 1843 1584 φωραθείη,

1049 1595 1096 1623 καὶ
1109 1595 1176 1631 πρδς
1191 1596 1419 1632 ύπερῦιὸασμοὺς
1435 1595 1557 1631 χωρήσει
1581 1595 1620 1630 μὴ
1638 1595 1724 1622 ποιῶν
1745 1594 1843 1626 καθὼς

1048 1643 1062 1668 ὁ
1074 1641 1234 1677 διαθέμενος
1254 1641 1408 1675 διετάξατο,
1432 1641 1482 1677 τῆς
1504 1642 1658 1676 ἐπιτροπῆς
1673 1642 1720 1668 καὶ
1736 1641 1844 1667 οἰκονο-

1051 1687 1115 1723 μίας
1131 1687 1186 1714 τῶν
1204 1687 1251 1714 τοῦ
1267 1688 1482 1723 τελευτήσαντος
1498 1687 1671 1722 πραγμάτων
1689 1694 1844 1721 μετακινη-

1049 1733 1182 1770 θήσεται·
1200 1733 1400 1769 ἀνατεθήσεται
1421 1733 1449 1760 δὲ
1472 1732 1544 1768 αὕτη
1559 1730 1601 1764 οἷς
1622 1731 1656 1759 ἂν
1676 1732 1690 1758 ό
1710 1731 1844 1767 βασιλεὺς

1048 1779 1214 1814 διορίσηται,
1232 1779 1248 1815 ἢ
1265 1779 1361 1806 τούτου
1378 1780 1444 1811 ἴσως
1463 1777 1668 1814 ἀποδημοῦντος
1686 1778 1703 1805 ὁ
1722 1777 1774 1813 τῆς
1789 1778 1843 1805 πά-

1048 1827 1118 1860 λεως
1141 1827 1262 1863 ἔπαρχος
1285 1827 1343 1861 ἄμα
1369 1827 1409 1862 τῷ
1432 1827 1482 1862 τῆς
1498 1826 1655 1862 ἁγιωτάτης
1676 1826 1843 1861 Ἐκκλησίας

1049 1873 1185 1909 οἰκονόμῳ
1206 1874 1256 1908 τὴν
1274 1873 1371 1900 τούτου
1390 1873 1551 1908 ποιήσονται
1575 1872 1733 1907 οἰκονομίαν
1749 1881 1778 1899 τε
1794 1873 1843 1899 καὶ

1052 1920 1198 1955 διοίκησιν,
1216 1919 1370 1954 ὀφείλοντος
1393 1919 1497 1954 εἴδησιν
1523 1918 1624 1947 διδόναι
1640 1919 1695 1945 τῶν
1709 1918 1757 1945 ἐπὶ
1779 1919 1844 1950 ταῖς

1053 1964 1196 1996 τοιαύταις
1210 1964 1373 1991 ὑποθέσεσιν
1395 1964 1630 2000 οἰκονομουμένων
1642 1964 1681 1999 τῷ
1693 1963 1811 1999 βασιλεῖ,
1826 1964 1843 1998 ἢ

209 2003 248 2038 τῷ
260 2002 331 2029 κατὰ
344 2002 393 2037 τήν
411 2002 518 2037 ἡμέραν
536 2003 681 2040 ἁγιωτάτῳ
702 2005 871 2043 πατριάρχῃ,
887 2008 912 2034 ει
926 2008 996 2046 τύχῃ
1011 2011 1057 2038 τὸν
1090 2011 1204 2046 βασιλέα
1227 2011 1368 2046 ἀπόδημον
1388 2007 1468 2044 εἶναι,
1489 2011 1537 2038 καὶ
1558 2010 1597 2046 μή
1620 2009 1691 2038 κατὰ
1721 2010 1844 2045 πρόστα-

211 2051 251 2083 ξιν
268 2049 350 2076 αὑτοῦ
364 2049 401 2076 τὰ
423 2050 466 2076 τοῦ
493 2050 705 2086 τελευτήσαντος
722 2052 898 2090 πληρωθῆναι
915 2055 1066 2093 θελήματα.

245 2097 271 2123 8.
296 2096 333 2123 De
359 2097 469 2130 pwnarii
496 2098 643 2125 exactione.
667 2097 801 2126 Caeterum
827 2102 890 2135 quia
913 2110 1000 2138 paenae

211 2150 319 2178 quoque
334 2143 477 2178 scripturis
497 2144 605 2172 insertat
623 2144 656 2172 de
677 2153 814 2174 consensu
835 2149 998 2177 contrahen-

1088 2109 1123 2142 η’.
1143 2106 1214 2140 Περὶ
1230 2106 1404 2140 προστίμων
1425 2105 1625 2140 ἀπαιτήσεως.
1646 2106 1722 2133 Ἐπεὶ
1743 2105 1771 2133 δὲ
1794 2100 1843 2133 ma1

1052 2151 1087 2179 τὰ
1098 2151 1237 2188 πρόστιμα
1249 2151 1283 2178 τὰ
1302 2152 1359 2183 τοῖς
1383 2151 1533 2187 ἐγγράφοις
1556 2152 1715 2186 ὲντιθέμενα
1727 2152 1757 2184 ἐξ
1774 2153 1844 2188 ὁμο-

212 2190 290 2222 ιὶιιιιι,
309 2190 442 2217 cautionis
465 2198 558 2223 causa,
583 2195 610 2217 et
637 2191 834 2220 observationis
858 2199 996 2229 pactorum

1051 2187 1144 2234 λογίας
1159 2198 1214 2225 τῶν
1236 2197 1480 2225 συναλλαττόντων
1501 2198 1535 2225 δι’
1547 2197 1699 2233 ἀσφάλειαν
1719 2198 1767 2225 καὶ
1787 2207 1844 2226 πα-

211 2241 417 2267 conventorum,
447 2235 648 2270 inscribuntur;
676 2238 710 2264 ita
733 2242 763 2265 ut
782 2238 806 2265 is
823 2240 869 2274 qui
891 2245 1000 2268 contra-

211 2288 284 2309 ctum
299 2282 404 2309 irritum
416 2283 512 2315 reddit,
523 2284 562 2310 eis
575 2288 713 2318 teneatur;
724 2284 834 2320 jamque
847 2286 898 2314 hoc
910 2287 999 2321 ipsum

211 2332 321 2359 prorsus
342 2325 367 2352 in
390 2325 596 2354 desuetudinem
620 2328 697 2360 abiit,
717 2328 857 2363 judicibus
880 2331 923 2358 ubi
944 2339 998 2358 non

210 2371 362 2405 opertebat,
383 2371 577 2399 humanitatem
599 2373 738 2401 declarare
765 2375 950 2409 studentibus,
971 2382 999 2405 et

211 2417 304 2444 alienis
319 2417 344 2443 in
356 2417 553 2445 calamitatibus
563 2426 592 2446 se
601 2419 716 2446 molliter
729 2428 761 2447 ac
776 2421 888 2449 remisse
902 2429 999 2456 geren-

211 2463 283 2490 tibus
298 2472 304 2489 :
325 2468 432 2498 propter
448 2465 647 2492 aemulationem
664 2467 732 2501 ejus,
749 2467 820 2500 quod
835 2467 934 2495 bonum
946 2474 998 2503 est,

210 2515 238 2536 et
251 2510 284 2536 ad
299 2510 445 2537 vindictam
463 2511 621 2538 allec-torum
638 2512 754 2548 injuriis,
770 2514 915 2542 statuimus
929 2520 956 2542 ut
972 2521 999 2544 et

211 2555 276 2590 ipsa:
291 2556 455 2590 imperatorii
467 2557 547 2584 edicti
563 2559 819 2593 auctoritate,juxta
833 2561 886 2586 vim
899 2560 998 2596 legum,

209 2602 354 2637 exigantur
376 2612 382 2629 :
400 2603 520 2637 adeoque
544 2608 642 2638 praeter
664 2603 724 2637 has,
742 2605 824 2632 etiam
843 2605 958 2639 fructus,
972 2612 999 2634 et

210 2655 291 2674 Omne
306 2649 376 2682 quod
389 2649 511 2681 interest,
525 2654 551 2676 et
563 2650 626 2684 quid
639 2651 702 2685 quid
715 2656 755 2677 est
768 2651 839 2678 aliud
853 2651 999 2685 ejusmodi,

211 2700 299 2727 legum
316 2696 554 2723 constitutionibus
577 2702 800 2724 consentaneum.
827 2697 897 2730 Quin
915 2703 942 2726 et
960 2699 997 2733 vi,

211 2740 250 2766 vel
265 2745 349 2773 metu,
367 2741 406 2768 vel
424 2749 471 2776 per
488 2743 621 2777 rapinam,
638 2743 680 2771 vcl
695 2744 728 2771 ab
743 2744 822 2771 alitrr
837 2745 997 2780 delinquen-

1053 2243 1214 2280 ραφυλακὴν
1249 2244 1303 2270 τῶν
1336 2243 1603 2279 συμπεφωνημένων
1641 2243 1840 2278 ἐγγράφονται,

1051 2289 1122 2316 ὣστε
1144 2289 1189 2315 τὸν
1206 2288 1357 2316 ἀθετοῦντα
1373 2289 1480 2320 τούτοις
1503 2290 1663 2322 ὑποπεσεῖν,
1681 2288 1728 2316 νῦν
1745 2290 1774 2316 δὲ
1792 2291 1843 2317 καὶ

1049 2335 1130 2362 τοῦτο
1142 2336 1183 2367 εις
1196 2335 1318 2370 παντελῆ
1334 2335 1487 2370 ἀχρηστίαν
1511 2332 1604 2371 ἦλθεν,
1629 2334 1677 2361 ἁτε
1696 2335 1751 2362 τῶν
1761 2335 1844 2364 δικα-

1051 2380 1123 2408 στῶν
1137 2381 1180 2415 ἐφ’
1193 2377 1234 2412 οἷς
1249 2380 1279 2407 οὐ
1298 2380 1338 2407 δεῖ
1353 2379 1664 2415 φιλανθρωπευομένων,
1685 2380 1732 2406 καὶ
1743 2381 1773 2406 έν
1789 2379 1842 2406 ἁλι

1049 2426 1172 2462 λοτρίαις
1196 2427 1350 2462 συμφοραῖς
1377 2426 1604 2461 μαλακιζομένων
1631 2425 1678 2452 καὶ
1689 2426 1844 2460 χαυνουμέ-

1049 2470 1103 2500 νων
1117 2481 1123 2488 ·
1144 2473 1191 2499 ἐπὶ
1207 2472 1245 2508 τῷ
1268 2472 1316 2499 τοῦ
1337 2472 1421 2498 καλοῦ
1439 2471 1514 2507 ζήλῳ
1537 2472 1585 2498 καὶ
1607 2473 1639 2507 τῇ
1657 2472 1712 2498 τῶν
1729 2472 1844 2498 ἀδικου-

1051 2520 1141 2555 μένων
1155 2518 1480 2555 ἐκδικήσειδιοριζόμεθα
1505 2519 1552 2545 καὶ
1566 2517 1652 2545 ταῦτα
1663 2517 1845 2544 ἀπαιτεῖσθαι

1050 2564 1082 2590 ὲκ
1098 2563 1282 2598 παραϐάσεως
1301 2563 1373 2590 κατὰ
1394 2563 1445 2598 τὴν
1466 2562 1520 2589 τῶν
1538 2563 1630 2598 νόμων
1653 2561 1781 2596 δύναμιν,
1795 2563 1843 2588 ναὶ

1052 2608 1144 2642 μέντοι
1172 2609 1220 2636 καὶ
1241 2599 1367 2644 καρποὺς
1394 2609 1442 2636 καὶ
1465 2609 1519 2636 πᾶν
1543 2608 1686 2643 διαφέρον,
1711 2609 1759 2634 καὶ
1786 2608 1841 2632 ἰι-ἓν

1052 2654 1115 2682 ἄλλο
1130 2655 1251 2681 τοιοῦτον
1273 2654 1430 2686 ἀκολούθως
1451 2655 1511 2685 ταῖς
1531 2655 1660 2688 νομικοῖς
1674 2649 1841 2682 διαιαξεσινι

1052 2701 1119 2728 ἀλλὰ
1135 2702 1181 2727 καὶ
1196 2702 1229 2727 τὰ
1250 2701 1321 2728 κατὰ
1344 2701 1404 2735 βίαν
1422 2701 1439 2737 ἢ
1457 2700 1539 2735 φόϐον
1555 2701 1570 2732 ἢ
1591 2696 1719 2731 ἁρπαγὴν
1742 2697 1791 2722 καὶ
1806 2697 1842 2722 τὰ

1051 2747 1128 2781 παρὰ
1150 2747 1203 2773 τῶν
1219 2747 1307 2779 ἄλλως
1326 2747 1538 2782 ἁμαρτανόντων
1564 2743 1625 2778 μεθ’
1649 2742 1741 2769 ὃπλων
1757 2742 1774 2777 ἢ
1793 2743 1843 2768 καὶ

248 2827 302 2862 t2!)
326 2828 383 2856 Lib.
412 2837 490 2865 mn,
510 2832 551 2859 tit.
573 2833 602 2867 2,
615 2841 694 2869 quem
711 2834 833 2862 invenies
854 2834 879 2861 iu
904 2833 981 2862 titulo
999 2835 1107 2870 ecloges
1126 2833 1313 2868 Basilicorum,
1333 2833 1370 2862 De
1387 2833 1468 2862 debiti
1486 2833 1625 2869 petitione.
