1955 3080
249 129 301 160 ἿΞΙ
866 130 1065 161 MANUELIS

249 184 278 215 lit
290 186 360 222 quod
375 186 400 214 in
417 185 620 214 medicamentis
635 192 742 221 quoque
758 186 914 214 morborum
932 192 1037 214 naturae
1050 186 1075 217 Α

248 233 460 262 accommodatis
475 232 602 260 accidere
617 233 694 260 solet.
713 232 758 262 Sic
780 233 812 260 iis
825 233 870 267 qui
885 238 979 260 contra
997 232 1037 260 ras

248 279 381 306 vulnerati
413 281 486 310 sunt,
510 281 537 305 et
557 277 654 312 quibus
682 285 777 305 manus
798 279 864 304 dura
887 277 1037 312 plagasin-

249 325 326 357 dixit,
342 325 472 359 optimum
495 328 537 351 est
552 324 730 357 medicamen,
746 327 776 351 ttt
797 324 894 357 injuria
909 323 972 350 mali
986 323 1037 349 im-

247 371 344 399 merito
365 370 458 398 inﬂicti
487 374 639 405 reparetur.
665 370 805 404 Quomodo
825 374 915 396 atttcm
931 369 1036 403 iustitia

244 418 358 453 ejusque
371 418 443 445 socia
456 418 497 445 lex
515 423 609 446 contra
634 417 796 452 injustitiam
812 419 894 451 atque
908 416 1037 450 iniquita-

244 469 297 491 tem
313 464 340 490 in
368 470 478 491 arenam
508 470 568 492 cum
596 471 643 498 spe
666 463 785 490 \‘lt’lOl’liB
800 463 972 495 descendent,
991 463 1034 493 ubi

245 511 362 539 tribunal
380 511 434 539 fere
447 517 555 546 semper
566 511 632 544 ipsis
648 510 786 537 occlusum
801 509 834 536 ab
852 509 925 536 aditu
942 509 1034 543 prohi-

243 559 297 591 bet,
316 559 393 594 quasi
415 559 450 584 ita
475 557 533 584 dies
562 557 622 584 festi
641 556 761 583 sanctius
785 555 960 583 colerentur?
983 556 1035 583 Aut

243 605 315 631 enim
339 604 526 639 argrotanliunt
544 602 654 630 vulnera
671 602 821 634 exulcerat,
838 601 923 637 frigus
937 609 969 628 ac
984 602 1033 629 do-

242 652 313 678 lores
333 657 444 685 augens,
463 654 508 676 aut
525 648 558 676 iis
581 649 628 683 qui
645 648 806 683 iniustitiam
833 647 1034 683 amplectuntur

240 697 323 729 favet,
337 696 496 730 dierumque
516 694 675 723 feriatarum
698 694 783 722 otium
800 695 901 730 explet;
924 694 1030 721 Etenim

241 743 349 770 Davidis
377 741 449 777 regis
469 747 498 770 et
520 741 614 777 proavi
638 741 744 768 cantico
772 741 986 768 misericordiam
1001 748 1034 768 ac

236 789 368 824 judicium
382 788 570 824 eonjungentis
587 788 691 820 audito,
704 788 827 816 videmus
844 788 929 815 Deum
943 788 1032 815 minus

240 837 357 871 gaudere
373 836 493 871 hymnis,
521 835 687 863 carminibus
709 835 821 870 ipsoqtte
837 835 911 862 cultu
927 835 1030 867 divino,

239 883 327 917 qualis
345 882 438 909 diebus
457 881 533 909 festis
555 882 645 917 palam
658 882 823 909 celebratur.
840 881 907 915 lloc,
924 886 952 909 et
966 881 1029 909 illud

239 937 276 957 vat
298 929 325 956 in
341 929 487 964 Evangelia
502 926 679 964 respiciamus
704 929 774 964 quod
792 927 917 956 Salvator
932 928 1026 955 mundi

236 978 330 1001 contra
344 973 494 1001 Pharisteos
519 973 674 1009 hypocritas
695 981 798 1007 ttosquc
815 974 889 1008 ipsos
908 981 1028 1009 pronun-

237 1020 296 1054 tiat,
313 1020 357 1054 qui
374 1021 424 1047 sub
437 1021 528 1054 specie
545 1020 677 1048 festorum
704 1021 754 1047 rite
769 1021 935 1055 agendorum
952 1021 1028 1048 mali-

236 1066 365 1100 gnitatem
382 1065 516 1092 intentam
530 1065 733 1098 abscondimus,
747 1065 878 1100 judicium
895 1074 927 1094 ac
943 1067 1027 1094 mise-

237 1111 380 1139 ricordiam
408 1118 548 1146 perperam
569 1111 645 1145 juxta
668 1116 810 1146 ponentes.
834 1110 894 1138 Huc
921 1112 1028 1139 accedit

235 1157 307 1193 quod
321 1157 480 1184 Ambacumi
495 1157 676 1191 prophetiam,
691 1157 814 1191 religiose
825 1164 956 1185 venerans
969 1158 1026 1186 dies

235 1204 329 1235 festos,
345 1203 440 1238 quales
453 1211 500 1230 vos
516 1203 624 1237 quidem
638 1202 792 1236 celebratis,
810 1204 1025 1239 tergiversando,

234 1249 422 1283 etconcioncs
450 1253 556 1276 vestras
589 1248 759 1276 abhorrendo
781 1255 872 1284 partes
892 1251 1025 1286 gerendas

233 1304 285 1331 rgo
300 1295 410 1323 mutavi.
438 1295 466 1322 Si
496 1295 569 1322 enim
584 1295 708 1322 Salvator
732 1301 884 1323 armentum
911 1297 1023 1325 Sabbati

233 1342 276 1368 die
291 1342 317 1368 itt
333 1345 441 1376 puteum
467 1340 605 1376 delapsum
632 1341 694 1371 inde
711 1341 919 1375 extrahendum,
937 1350 1025 1378 neque

233 1395 297 1414 vero
311 1387 459 1414 secundum
479 1387 546 1421 legis
560 1387 676 1421 rigorem
693 1387 775 1414 morti
795 1387 952 1415 tradendum
964 1397 1024 1417 esse

232 1422 353 1465 praecipit
369 1438 376 1456 :
394 1435 493 1464 quanto
505 1431 591 1465 magis
607 1430 755 1463 hominem,
772 1432 818 1466 qtti
837 1431 930 1460 bestia:
944 1434 1024 1469 longe

229 1476 354 1512 superior
369 1480 421 1507 est,
436 1477 481 1510 qui
494 1476 597 1503 ratione
608 1477 746 1512 praeditus,
757 1479 802 1513 qui
817 1478 864 1506 Dei
878 1479 1021 1515 imaginem

230 1530 285 1557 pra:
299 1530 326 1550 se
339 1521 402 1555 lert,
415 1522 456 1549 vel
471 1522 536 1557 ipsis
549 1522 626 1551 festis
637 1523 731 1551 diebus
746 1532 906 1560 quacunque
919 1527 1022 1554 ratione

229 1577 263 1596 ex
288 1569 386 1604 abysso
404 1569 430 1596 in
460 1569 545 1596 lucem
572 1570 730 1604 protrahere
753 1572 794 1599 fas
810 1573 874 1605 erit.
894 1574 921 1601 iu
939 1581 1020 1609 quem

229 1617 319 1644 scelus
350 1621 377 1644 et
396 1617 499 1644 crimen
525 1624 585 1644 eunt
611 1619 832 1652 praecipitarunt!
855 1620 888 1648 Et
914 1622 936 1648 si
964 1622 1027 1661 ipse,

228 1663 356 1690 Christus
368 1662 434 1697 legis
445 1664 579 1690 umbrosa:
592 1671 728 1691 racemum
745 1666 880 1700 aperiens,
894 1672 921 1694 et
937 1669 1021 1695 corti-

228 1714 300 1740 ectn,
316 1713 342 1734 et
356 1708 470 1742 spicam,
480 1713 507 1735 et
520 1708 683 1736 frutrentunt
698 1711 818 1738 veritatis
834 1712 1021 1746 patefacienda

228 1754 255 1780 in
268 1753 386 1782 Sabhato
404 1754 533 1781 miracula
548 1758 589 1782 est
609 1762 747 1790 operattts,
768 1764 883 1791 atgrotos
907 1766 1018 1793 sanans,

224 1799 332 1826 morbis
351 1804 462 1826 vexatos
476 1806 585 1832 curans,
608 1800 733 1827 omnibus
750 1801 864 1828 salutem
884 1803 1017 1830 reddens:

226 1845 319 1879 quidni
343 1852 394 1872 nos
418 1845 467 1878 ipsi
489 1852 595 1879 quoque
620 1845 728 1880 injuriis
751 1847 1020 1876 abstineamusicur

183 1921 190 1928 ο
227 1899 280 1918 non
297 1892 417 1918 insontes
426 1891 600 1922 ulciscantur,
613 1896 704 1919 sontes
718 1899 781 1919 vero
798 1902 812 1920 a
825 1894 1018 1922 tnalel‘aciendo

227 1936 394 1963 arceamus?
407 1935 475 1963 Cum
503 1941 593 1963 autem
609 1944 660 1972 ego
676 1938 785 1973 quidem
803 1939 941 1974 ittjuslitia:
953 1947 1017 1969 ava-

226 1981 349 2016 ritiaeque
366 1982 470 2008 radices
482 1981 630 2016 profundas
643 1985 765 2018 cognitas
789 1986 913 2020 ltaheattt,
929 1988 1017 2015 viros-

226 2033 279 2061 que
305 2026 428 2053 ttovcrim
459 2026 557 2053 tnultos
570 2026 616 2060 qui
643 2034 747 2055 morum
765 2031 971 2063 perversitatem
989 2033 1015 2060 in

223 2072 310 2100 lucent
326 2072 440 2105 ingenuo
457 2073 551 2105 edttnt,
569 2080 618 2100 nec
631 2073 686 2107 jam
703 2075 831 2103 malitiam
847 2084 924 2104 suam
937 2079 1016 2106 dissi-

223 2118 337 2149 mulant,
351 2117 406 2144 into
418 2117 477 2145 sine
492 2123 563 2145 metu
580 2120 683 2147 scelera
696 2120 812 2149 nefanda
827 2124 1012 2158 cotnntittunt,

219 2164 262 2192 sic
273 2164 380 2191 eosdem
397 2162 458 2191 fuco
476 2164 556 2192 rebus
580 2165 779 2195 honestissimis
794 2168 940 2203 induendo,
959 2171 1015 2198 vir-

225 2216 310 2237 tlttem
326 2210 476 2244 speciosam
499 2219 555 2246 prae
578 2219 609 2239 se
627 2212 745 2242 ferentes
765 2215 875 2244 oﬂ'endi.
889 2217 929 2245 Eo
942 2218 1013 2246 enim
1027 2233 1054 2263 D

223 2255 405 2284 simulationis
430 2261 572 2290 venerunt,
588 2261 616 2284 ut
636 2259 785 2287 sceleribus
799 2261 1013 2297 erintinibusque

221 2302 329 2330 virtutis
352 2303 468 2337 speciem
498 2302 575 2336 dare,
605 2304 725 2340 vitiaque
751 2306 957 2341 deceptionibus
981 2317 1013 2338 ac

222 2347 290 2376 falsa
318 2347 469 2383 eloquentia
504 2351 697 2379 commendare
729 2359 781 2380 non
809 2354 1010 2383 erubescerent.

222 2393 442 2429 Quotusquisqne
473 2394 604 2429 ejusntodi
630 2397 838 2426 criminosorum
868 2400 1010 2430 hominum

218 2440 364 2474 justitiam,
382 2441 504 2468 veritatis
530 2449 650 2470 amorem
672 2449 700 2471 et
714 2445 948 2481 investigationem
963 2457 1010 2477 co-

220 2487 320 2514 luerit?
333 2487 470 2519 quontodo
482 2488 541 2515 dein
552 2487 686 2522 justitiam
702 2498 734 2517 ac
750 2490 833 2519 Deum
852 2494 942 2522 colere
960 2503 1010 2530 po-

219 2534 284 2570 terit
298 2534 356 2568 qui,
377 2539 437 2568 post
455 2534 583 2560 miracula
598 2542 611 2561 a
634 2535 687 2563 Deo
705 2537 762 2572 ipso
777 2544 942 2574 perpetrata,
958 2542 1009 2569 alia

218 2579 348 2606 miracula
362 2587 376 2605 a
395 2580 483 2607 servis
497 2581 551 2608 Deo
563 2582 693 2617 subjectis
710 2586 841 2618 patranda
851 2589 1009 2622 exspectat?

217 2627 354 2660 quomodo
373 2625 442 2655 Deus
464 2635 512 2655 nos
528 2629 553 2655 itt
570 2630 667 2665 abysso
689 2631 880 2661 miraculorum
897 2643 1007 2663 soorutu

217 2671 324 2706 irrigari
340 2672 464 2706 voluerit,
486 2675 509 2701 si
524 2682 620 2702 omnes
646 2678 711 2704 atttti
732 2678 791 2707 dies
806 2681 1008 2714 quomodocun-

217 2726 271 2753 quo
287 2719 426 2748 miraculis
450 2722 520 2756 pleni
544 2728 619 2756 sunt,
639 2725 703 2752 dum
735 2734 783 2754 nos
801 2735 849 2762 per
872 2728 1006 2764 ignaViam

219 2768 338 2790 nostram
354 2765 496 2793 tribunalis
512 2773 604 2801 portas
619 2770 798 2804 oceluditntts,
820 2780 856 2805 et,
875 2775 1005 2802 malarum

218 2815 360 2836 causarum
377 2813 510 2845 advocati,
527 2814 577 2841 hoc
597 2821 705 2850 agentes
722 2817 789 2847 festa
805 2820 943 2848 celebrare
958 2830 1006 2849 au—

217 2856 372 2882 tumamus?
398 2857 495 2885 Absit!

1036 1541 1058 1570 C

1087 130 1259 161 COMNENI
1750 134 1754 136 ’
1832 135 1891 166 732

1089 194 1137 213 κον
1173 187 1267 222 ἕτερον
1305 187 1409 224 ἑτέροις
1443 188 1611 225 κατάλληλον
1643 190 1711 226 πρῖς
1746 192 1797 224 τὰς
1829 194 1889 221 τῶν

1087 233 1247 267 καμνόντων
1264 234 1399 267 διαθέσεις
1417 236 1676 271 μεταπλαττόμενον
1688 248 1694 253 -
1711 240 1767 270 τοῖς
1783 248 1815 274 γε
1831 241 1889 276 μὴν

1087 281 1276 314 τραυματίαις
1301 280 1330 313 ἐξ
1346 281 1454 314 ἀδικίας
1464 283 1517 309 καὶ
1534 279 1572 311 ὧν
1587 284 1603 319 ὴ
1626 283 1787 318 πλεονέκτις
1805 296 1889 314 κατε-

1087 325 1244 361 καυχήσατο
1258 327 1319 362 χεὶρ
1336 329 1383 354 καὶ
1398 329 1506 360 πυκνὰς
1522 329 1614 361 αὐτοῖς
1633 330 1754 366 ἐπέθηκε
1773 332 1888 368 πληγάς

1087 381 1116 398 τε
1137 373 1182 399 καὶ
1204 373 1354 408 μώλωπας.
1379 375 1428 410 οὐχ
1452 375 1548 411 ἕτερον
1570 376 1681 408 πάντως
1700 379 1769 413 ῐαμα
1796 388 1886 414 προσ-

1087 419 1237 453 ῳυέστατον
1270 420 1285 456 ἢ
1310 421 1339 447 τὸ
1357 422 1432 457 παρά
1454 421 1504 456 τῆς
1527 422 1683 456 εὐθυδικίας
1698 425 1789 457 καλῶς
1809 426 1887 461 διορ-

1087 463 1208 494 θοῦσθαι,
1229 464 1246 491 ἃ.
1262 466 1355 497 κακῶς
1375 467 1414 498 εὶς
1428 466 1528 499 αὐτοὺς
1547 470 1757 506 πεπαρῴνηται.
1780 472 1845 504 Πῶς
1862 472 1885 498 δ’

1086 510 1119 536 ἂν
1140 511 1154 545 ἡ
1174 511 1334 547 δικαιοσύνη
1355 513 1402 539 καὶ
1418 515 1433 548 ἡ
1451 513 1587 550 πάρεδρος
1609 517 1680 553 αὐτῇ
1705 517 1785 553 θέμις
1809 520 1885 546 κατὰ

1086 555 1140 582 τῶν
1157 556 1315 584 ἀντιπάλων
1330 558 1440 591 αὐταῖς,
1457 559 1506 595 τῆς
1528 560 1646 596 ἀνομίας
1666 563 1739 598 φημὶ
1761 564 1811 590 καὶ
1831 564 1883 598 τῆς

1085 602 1203 636 ἀδικίας,
1220 603 1288 639 πρὸς
1302 604 1463 639 συμπλοκὴν
1480 605 1527 632 καὶ
1542 606 1660 642 ἅμιλλαν
1674 608 1883 644 καταϐήσονται

1085 649 1133 675 καὶ
1147 648 1178 675 τὸ
1200 649 1299 683 στέφος
1317 651 1379 677 κατ’
1391 650 1482 678 αὐτῶν
1504 652 1696 688 ἁναδήσονται,
1712 654 1760 680 τοῦ
1775 655 1830 681 τῶν
1842 654 1883 680 δι-

1085 694 1245 729 καστηρίων
1269 695 1376 722 σταδίου
1412 697 1446 724 τὰ
1472 697 1558 725 πολλὰ
1588 699 1786 734 κεκλεισμένον
1817 700 1883 735 μηδ’

1083 740 1319 777 ἀναπεπταμένην
1348 743 1397 770 καὶ
1423 743 1524 778 ἄφετον
1551 745 1602 781 τὴν
1631 745 1734 773 εἴσοδον
1757 747 1881 782 ἔχοντος.

1083 787 1222 822 προφάσει
1253 788 1336 821 δῆθεν
1361 789 1410 823 τῆς
1438 790 1504 824 περὶ
1529 791 1578 821 τὰς
1609 792 1793 827 ἑορτασίμους
1824 793 1883 819 τῶν

1083 833 1194 868 ἡμερῶν
1209 832 1353 866 εὐλαϐείας
1365 836 1413 862 καὶ
1428 836 1477 870 τῆς
1495 837 1523 863 ἐν
1544 838 1641 869 αὑταῖς
1660 838 1812 873 θεραπείας
1830 839 1880 866 τοῦ

1046 865 1067 893 Β
1082 865 1256 915 κρείττονοςς
1278 882 1313 907 Ἣ
1335 865 1368 917 δὴ
1394 865 1508 918 λέληθεν
1531 884 1560 910 οὐ
1583 865 1776 920 μᾶλλονιαὺτὺ
1793 865 1880 922 6-5951—

1080 925 1203 952 πεύουσα
1232 926 1248 961 ἦ
1275 927 1334 958 τοῖς
1355 927 1406 962 μὲν
1433 929 1627 964 ἀδικουμένοις
1649 931 1713 963 τοὺς
1738 932 1880 967 μώλωπας

1079 971 1257 1004 ἐπιξαίνουσα
1284 974 1331 1000 καὶ
1354 974 1384 1001 τὺ
1414 975 1498 1010 ἄλγος
1522 978 1734 1010 ἀνακαινίζουσα
1762 980 1810 1006 καὶ
1827 980 1879 1015 τὴν

1079 1018 1177 1054 ὀδύνην
1204 1019 1374 1054 ἐπαύξουσα,
1393 1024 1450 1054 τοῖς
1472 1022 1500 1050 δὲ
1523 1024 1628 1051 ἀδικεῖν
1655 1025 1795 1060 ἑλομένοις
1825 1027 1878 1062 τὴν

1079 1065 1123 1100 ἐφ’
1145 1065 1178 1101 ἢν
1199 1066 1333 1102 ἠδίκησαν
1356 1068 1508 1097 ἀπόλαυσιν
1532 1066 1809 1105 πολυπλασιάζουςα.
1827 1075 1877 1101 καὶ

1077 1113 1111 1148 τῇ
1131 1112 1186 1139 τῶν
1208 1114 1348 1149 ἀνεσίμων
1373 1115 1486 1152 ἡμερῶν
1503 1117 1619 1154 ἀφθονίᾳ
1634 1120 1682 1146 καὶ
1707 1120 1746 1152 τῷ
1771 1121 1876 1148 πλατυ-

1079 1159 1141 1194 σμῷ
1155 1159 1206 1195 τῆς
1224 1159 1281 1187 τῶν
1305 1161 1493 1198 δικαστηρίων
1517 1165 1616 1201 σχολῆς
1632 1166 1679 1193 ἐπὶ
1703 1167 1807 1202 μακρὸν
1823 1168 1876 1194 αὑ-

1076 1207 1131 1238 τοῖς
1149 1206 1349 1242 ἀποπληροῦσα
1373 1210 1424 1244 τὴν
1437 1209 1542 1245 ἔφεσιν.
1559 1211 1713 1248 Τοιγαροῦν
1730 1213 1805 1250 καὶῆ
1827 1215 1875 1250 βα-

1077 1253 1165 1279 σιλεία
1182 1262 1245 1288 μου,
1260 1270 1296 1275 -—
1310 1255 1391 1283 τοῦτο
1414 1257 1465 1288 μὲν
1491 1258 1538 1297 καὶ
1559 1257 1608 1286 τοῦ
1634 1260 1802 1297 θεοπάτορος
1827 1263 1875 1288 καὶ

1077 1299 1211 1333 βασιλέως
1227 1300 1310 1328 Δαϐὶδ
1326 1302 1366 1334 είς
1382 1299 1459 1338 ᾆσμα
1487 1295 1591 1340 Κυρίου
1606 1305 1646 1341 τῷ
1669 1306 1737 1342 ὲλέῳ
1748 1295 1799 1342 τὴν
1812 1308 1874 1343 xei-

1077 1353 1119 1372 σιν
1143 1345 1385 1382 παραζευγνύντος
1409 1350 1558 1384 ἀκούουσα,
1582 1352 1734 1380 κάντεῦθεν
1762 1353 1802 1389 μὴ
1830 1363 1874 1381 το-

1075 1395 1173 1422 σοῦτον
1196 1396 1293 1432 ὕμνοις
1317 1398 1365 1425 καὶ
1390 1398 1474 1434 ᾠδαῖς
1498 1400 1546 1428 καὶ
1576 1400 1701 1437 λογικαῖς
1728 1402 1875 1438 λατρείαις

1073 1443 1183 1479 χαίρειν
1197 1443 1263 1470 Θεὸν
1277 1444 1307 1471 ἐν
1324 1447 1386 1477 ταῖς
1404 1446 1522 1482 ἐορτίοις
1536 1447 1593 1476 τῶν
1615 1450 1730 1486 ἡμερῶν
1745 1451 1874 1485 συλλογιο

1074 1488 1187 1524 ζομένη,
1201 1489 1300 1518 ὁπόσον
1314 1491 1368 1526 ἄρα
1383 1492 1423 1527 τῷ
1443 1493 1475 1520 ἐκ
1490 1493 1537 1520 τοῦ
1563 1493 1640 1522 ὲ).έοὺ
1667 1496 1715 1523 καὶ
1740 1495 1792 1532 τῆς
1811 1497 1873 1532 κρί-

1075 1544 1145 1567 σεως
1166 1535 1283 1572 ᾄσματι,
1299 1552 1335 1557 -
1348 1538 1429 1565 τοῦτο
1456 1539 1485 1567 δὲ
1504 1541 1553 1568 καὶ
1576 1541 1607 1569 τὸ
1631 1543 1661 1570 ἑν
1690 1542 1874 1578 Εὑαγγελίοις

1073 1581 1134 1609 οὐαὶ
1152 1582 1199 1609 καὶ
1213 1583 1259 1610 τὸν
1277 1583 1445 1620 ταλανισμὸν
1461 1587 1566 1614 ἐκεῖνον
1588 1587 1766 1626 ὑφορωμένη,
1782 1591 1814 1617 ὃν
1831 1594 1873 1622 si;

1072 1627 1137 1659 τοὺς
1150 1627 1306 1663 ὑποκριτὰς
1321 1631 1488 1666 Φαρισαίους
1500 1633 1514 1659 6
1529 1633 1626 1669 Σωτὴρ
1641 1635 1816 1669 ἀπετείνατο,
1830 1637 1872 1663 ὅτι

1073 1675 1239 1710 προσωπείῳ
1254 1676 1304 1711 τῆς
1323 1676 1379 1704 τῶν
1400 1678 1537 1713 ἔορτάδων
1551 1681 1664 1716 ἡμερῶν
1680 1681 1806 1717 φυλακῆς
1823 1691 1873 1717 με-

1073 1720 1171 1755 γίστην
1192 1721 1269 1749 ἔνδον
1287 1723 1406 1758 ἀνομίαν
1430 1725 1682 1762 περικαλύπτομεν,
1706 1727 1756 1764 τὴν
1775 1729 1871 1764 κρίσιν

1072 1767 1147 1802 παρὰ
1164 1766 1268 1802 φαῦλον
1293 1770 1430 1805 τιθέμενοι
1446 1773 1492 1798 καὶ
1510 1772 1557 1799 τὸν
1573 1773 1658 1807 ἔλεον,
1672 1789 1706 1795 -
1723 1775 1793 1810 πρὸς
1810 1776 1871 1803 τού-

1070 1821 1128 1844 τοις
1148 1814 1260 1841 κάκεῖνο
1279 1815 1330 1850 τῆς
1357 1817 1528 1853 Ἀὃὸακοὺμ,
1547 1820 1718 1855 προφητείας
1732 1821 1869 1848 εὐλαϐου-

1071 1859 1138 1895 μένη
1160 1861 1318 1896 ήβασιλεία
1340 1872 1403 1899 μου,
1431 1865 1576 1901 μεμίσηκα
1604 1867 1739 1902 ἀπῶσμαι
1767 1869 1869 1904 ἑορτὰς

1069 1906 1158 1940 ὑμῶν,
1177 1908 1225 1934 καὶ
1249 1909 1279 1935 οὐ
1304 1909 1340 1944 μὴ
1368 1909 1515 1945 ὀσφρανθῶ
1545 1913 1574 1939 ἐν
1592 1914 1652 1946 ταῖς
1676 1916 1869 1950 πανηγύρεσιν

1069 1952 1144 1987 ὑμῖν,
1163 1967 1196 1974 -—
1211 1953 1252 1985 εἰς
1276 1955 1326 1990 τὴν
1345 1956 1489 1991 παροῦσαν
1511 1958 1671 1994 οἰκονομίαν
1686 1960 1819 1996 ἐλήλυθα.
1836 1963 1867 1990 Ei

1067 1997 1121 2034 γὰρ
1138 1999 1168 2025 τὸ
1184 1999 1215 2026 ὲν
1228 2000 1363 2037 Σαϐϐάτῳ
1383 2003 1585 2039 κατολισθῆσαν
1610 2006 1710 2041 κτῆνος
1724 2007 1768 2038 ei;
1781 2007 1865 2043 βόθυ-

1067 2051 1112 2071 νον
1127 2045 1293 2074 ἀνέλκεσθαι
1315 2048 1329 2074 6
1350 2048 1446 2084 Σωτὴρ
1463 2049 1570 2077 ἐκεῖθεν
1593 2051 1798 2086 διεκελεύσατο.
1816 2057 1871 2083 καῖ

1068 2092 1206 2127 μηδαμῶς
1219 2094 1271 2129 τὴν
1290 2094 1340 2130 τῆς
1360 2097 1478 2131 νομικῆς
1497 2097 1597 2133 ἀργίας
1620 2098 1775 2134 παράλυσιν
1795 2102 1861 2128 ὐπο-

1068 2137 1242 2165 στέλλεσθαι·
1259 2140 1335 2175 πόσῳ
1349 2140 1469 2175 μάλιστα
1482 2143 1535 2179 χρὴ
1549 2144 1595 2171 τὸν
1613 2145 1659 2172 τοῦ
1674 2146 1775 2180 ἀλόγου
1793 2148 1863 2182 κτή-

1067 2191 1129 2215 νους
1145 2183 1323 2220 ἀσυγκρίτως
1336 2186 1537 2222 ὑπερκείμενον
1557 2189 1714 2225 ἄνθρωπον,
1727 2191 1774 2217 τὸν
1791 2192 1864 2229 λόγῳ

1067 2231 1260 2265 τετιμημένον,
1276 2232 1322 2259 τδν
1336 2233 1404 2260 Θεοῦ
1421 2235 1515 2262 εἰκόνα
1531 2237 1793 2273 σεμνολογούμενον,
1814 2241 1863 2266 καὶ

1065 2277 1094 2303 ὲν
1117 2278 1233 2313 ἑορτίοις
1256 2281 1387 2316 ἡμέραις,
1414 2282 1459 2316 ἐφ’
1476 2280 1519 2315 αἷς
1536 2284 1618 2319 ἔργου
1635 2285 1736 2318 παντὸς
1760 2288 1861 2323 σχολὴν

1064 2322 1177 2358 ἄγομεν,
1198 2325 1244 2352 τοῦ
1264 2326 1362 2362 βόθρου
1388 2329 1538 2364 πειρᾶσθαι
1566 2331 1634 2358 πᾶσι
1651 2333 1765 2367 τρόποις
1782 2322 1863 2361 ἀνιξλ⁵

1064 2377 1134 2403 κειν,
1151 2370 1192 2402 είς
1206 2370 1236 2399 δν
1255 2372 1339 2400 αὐτὸν
1359 2375 1374 2409 ἡ
1397 2375 1561 2410 παλαμναία
1581 2378 1629 2404 καὶ
1649 2379 1750 2414 μαινὰς
1765 2380 1862 2407 ἀδικία

1063 2416 1111 2442 ἐπὶ
1129 2417 1254 2453 κεφαλῆς
1269 2418 1401 2455 ὠθήσασα
1424 2423 1652 2458 κατεκρήμνισες
1671 2425 1726 2452 Καὶ
1748 2427 1773 2452 εἰ
1790 2426 1862 2462 Χρι-

1064 2461 1126 2494 στὸς
1141 2463 1223 2495 αὐτὸς
1238 2463 1285 2491 τοῦ
1302 2465 1435 2498 σκιώδους
1448 2467 1531 2503 νόμου
1543 2469 1592 2504 τὴν
1609 2470 1773 2505 ὲπιφυλλίδα
1787 2461 1862 2505 {ii-tv

1062 2507 1109 2533 καὶ
1130 2507 1160 2533 τὸ
1183 2507 1278 2544 λέμμα
1304 2511 1352 2536 καὶ
1375 2511 1425 2546 τὴν
1439 2511 1571 2548 ἀνθέρικα
1587 2515 1694 2542 καὶτὸν
1711 2517 1785 2544 σῖτον
1806 2519 1860 2552 τῆς

1063 2552 1193 2588 ἀληθείας
1228 2558 1418 2592 παραγυμνῶν
1450 2561 1479 2587 ὲν
1505 2562 1561 2593 τοῖς
1589 2562 1728 2591 Σάὸΰασιν
1762 2565 1860 2599 ἐτερα-

1063 2599 1185 2634 τούργει,
1217 2602 1363 2636 νοσοῦντας
1400 2605 1572 2641 θεραπεύων1
1603 2610 1859 2645 συντετριμμένους

1064 2644 1190 2681 ἰώμενος,
1206 2649 1253 2675 καὶ
1268 2649 1318 2685 τὴν
1337 2651 1366 2676 ἐν
1378 2652 1470 2684 αὐτοῖς
1495 2654 1629 2682 ἀνέκαθεν
1651 2644 1856 2691 νενομισμένην

1060 2692 1216 2728 ἐκεχειρίαν
1234 2695 1281 2722 καὶ
1295 2697 1433 2733 ἀπραξίαν
1459 2700 1506 2726 ἐπὶ
1536 2702 1660 2738 σωτηρίᾳ
1682 2702 1736 2727 τῶν
1756 2701 1855 2734 κακῶς

1060 2737 1178 2772 ἐχόντων
1207 2742 1398 2777 καινοτομῶν·
1418 2745 1477 2776 πῶς
1513 2746 1580 2781 ἡμῖν
1608 2737 1718 2777 οὖντὰς
1746 2746 1853 2778 πολλὰς

1059 2785 1251 2819 περιαιρετέον
1297 2787 1353 2814 τῶν
1388 2788 1571 2823 δικαστηρίων
1614 2791 1724 2822 ἀδικίας
1778 2792 1855 2828 ὑπέρ

1057 2837 1088 2855 τε
1120 2830 1170 2864 τῆς
1206 2831 1260 2857 τῶν
1289 2833 1449 2867 πασχόντων
1487 2834 1566 2862 ἄδικα
1603 2837 1770 2872 ἐκδικήσεως
1801 2839 1853 2866 καὶ

1059 2874 1107 2909 τῆς
1143 2875 1196 2902 τῶν
1234 2878 1347 2905 τοιαῦτα
1387 2879 1514 2914 δρώντων
1554 2882 1772 2918 ἀναχαιτίσεωςς
1801 2887 1851 2911 καὶ
