1955 3080
84 195 134 226 753
637 195 821 226 NOVELL/E
841 195 1180 226 CONSTITUTIONES.
1662 197 1714 226 75!

85 255 171 282 ταῦτα
200 255 258 287 νῦν,
284 255 365 287 ὁπότε
391 253 547 291 ἡβασιλεία
571 263 622 290 μου
646 255 696 286 τὰς
717 255 765 289 τῆς
787 255 892 286 ἀδικίας
917 263 947 280 τε
972 254 1018 281 κοιί
1039 253 1195 286 πλεονεξίας
1216 253 1295 288 ῥίζας
1317 253 1437 289 ἀτεχνῶς
1462 253 1714 289 ἀποδενδρωθείσας

83 300 244 335 ἡκρίὸωσε,
264 301 311 328 καὶ
327 301 443 333 πολλοὺς
458 300 566 335 ἐπέγνω
589 301 644 328 τῶν
663 301 814 336 ἀνθρώπων
839 301 880 331 είς
907 300 1062 335 τούμφανὲς
1089 299 1135 326 νῦν
1169 299 1339 335 ἐκρήξαντας
1358 300 1392 335 ἣν
1413 300 1445 326 ἐκ
1478 300 1584 335 μακροῦ
1617 299 1713 327 ὥδινον

84 347 219 382 πονηρίαν
246 348 292 375 καὶ
317 348 425 383 τρόπων
441 348 603 382 σκαιότητα,
616 347 654 379 ῶς
676 347 763 379 ἀδεῶς
779 348 836 379 τοῖς
869 348 1038 382 παρανόμοις
1075 345 1226 381 ὲπιτολμᾷν
1251 345 1299 373 καὶ
1322 346 1512 377 ἀνυποστόλως
1544 346 1579 372 τὰ
1603 346 1713 372 πάντων

81 395 271 429 ὲκθεσμότατα
284 395 360 431 δρᾷν.
377 393 438 422 εἶτα
454 396 510 425 καὶ,
529 397 629 430 σοφοὺς
655 395 820 431 γενομένους
861 394 908 421 τοῦ
922 396 1106 430 κακοποιῆσαι
1123 395 1312 430 περιστέλλειν
1327 395 1398 422 αὐτὰ
1419 397 1538 430 μορφαῖς
1553 405 1608 423 τισι
1624 396 1713 431 λόγων

82 442 131 468 καὶ
143 441 174 469 τὺ
200 442 320 478 εἰδεχθὲς
333 443 385 477 τῆς
398 443 498 474 κακίας
513 443 614 475 ἔξωθεν
627 442 792 477 ἑπιχρώζειν
805 442 928 471 πιθανῶν
940 442 1071 477 ῥημάτων
1081 445 1273 477 κομμωτικαῖς
1292 442 1457 470 ἐπιθέσεσιν·
1471 444 1517 470 ὅτε
1533 444 1579 470 καὶ
1595 444 1712 478 μάλιστα

80 489 124 516 δεῖ
161 488 293 514 πλειόνων
317 488 502 524 δικαστηρίων
527 489 570 523 ἐφ’
590 488 663 515 οὕτω
687 487 892 523 κακομηχάνοις
917 487 1073 522 ἀνθρώποις
1101 488 1169 523 πρὸς
1190 488 1239 523 τὴν
1264 487 1309 514 τοῦ
1335 488 1440 515 δικαίου
1461 490 1508 515 καὶ
1534 489 1647 524 ζήτησιν
1665 489 1713 516 καὶ

81 526 274 570 ἀνερεύνησιν.
302 536 357 562 Καὶ
382 535 470 568 ἄλλως
498 536 526 562 δὲ
556 535 614 568 πῶς
630 535 761 574 ποτεκαὶ
772 535 810 569 τῷ
836 534 935 570 δικαίῳ
953 534 1060 570 συνᾴδει
1077 534 1125 561 καὶ
1141 535 1179 570 τῷ
1201 533 1261 570 Θεῷ
1278 534 1352 562 ἔστιν
1370 535 1552 562 εὐαπόδεκτον
1587 535 1710 569 παντελῆ

79 582 140 613 τοῖς
167 582 358 617 δικαστηρίοις
393 583 609 619 ἐπιψηφισθῆναι
622 583 721 619 σχολὴν
732 583 775 610 διὰ
791 583 825 610 ’τὰ
863 583 910 609 καὶ
935 583 1016 610 πάλιν
1044 583 1300 618 τερατουργηθέντα
1320 583 1373 610 ὑπὸ
1389 583 1457 609 Θεοῦ
1478 584 1524 612 καὶ
1550 583 1605 609 τῶν
1628 583 1710 609 αὑτοῦ

82 628 261 661 θεραπόντων
279 628 419 662 παράδοξα
435 629 485 656 καὶ
500 629 577 661 αὖθις
606 628 911 665 τερατουργηθήσεσθαι
938 628 1173 664 προσδοκώμενα;
1191 627 1266 664 τΑρα
1293 629 1348 664 γὰρ
1367 630 1396 656 ἰν
1416 630 1477 660 ταῖς
1496 629 1628 660 ἀϐύσσοις
1653 628 1709 655 τῶν

80 675 179 701 ἑαυτοῦ
194 675 341 710 θαυμάτων
355 676 431 710 ἡμᾶς
447 676 612 712 περικλῦσαι
629 677 775 708 νεύσαντος
794 675 841 702 τοῦ
855 675 935 706 Θεοῦ,
956 676 980 702 εί
1000 675 1087 701 πᾶσαι
1104 675 1171 710 ὁμοῦ
1187 676 1214 701 αἱ
1238 675 1286 701 τοῦ
1308 675 1473 703 ἐνιαυσιαίου
1491 675 1591 705 κύκλου
1607 676 1711 711 ἡμέραι

80 721 179 747 ἄλλοτε
205 722 273 749 ἄλλα
298 723 447 759 διαλάχωσι
474 723 609 758 θαύματα,
629 725 711 759 ἡμεῖς
731 724 852 754 ἁπάσαις
879 723 975 754 αὐταῖς
999 722 1136 758 ἀπραξίαν
1154 721 1372 758 ἑπικηρύξομεν,
1395 723 1442 752 καὶ
1465 722 1555 758 πάντη
1586 723 1634 758 μὲν
1655 726 1712 751 τοῖς

79 767 268 802 δικαστηρίοις
283 769 332 801 τὰς
357 770 443 806 θύρας
458 770 677 804 ὲπιζυγώσομεν,
695 771 787 797 πᾶσαν
813 770 841 798 δὲ
863 769 1020 805 παρρησίαν
1036 770 1070 806 τῇ
1086 769 1180 806 ἀδικίᾳ
1200 767 1354 805 ἀνὸίξομεν,
1372 772 1409 802 ὡς
1428 772 1490 805 ταῖς
1506 771 1586 805 ἡμῶν
1603 772 1711 808 ἑορταῖς

79 815 185 852 ταύτην
203 817 304 852 μᾶλλον
314 817 486 853 ὲνεορτάζειν
507 817 553 844 καὶ
567 818 722 849 παιανίζειν
740 817 810 844 κατὰ
822 817 872 851 τῆς
887 816 1061 852 δικαιοσύνης
1074 817 1109 844 τὰ
1124 818 1271 852 νικητήρια
1285 825 1292 850 ;
1306 817 1408 844 Πολλοῦ
1429 826 1460 850 γε
1476 818 1524 844 καὶ
1536 818 1588 844 δεῖ.

115 875 210 903 Ταῦτα
233 877 261 903 δὲ
286 877 372 909 οὕτως
389 878 404 912 ὴ
421 876 544 912 βασιλεία
569 886 619 912 μου
645 876 862 913 προεμηθεύσατι

961 875 1007 903 His
1036 876 1160 904 omnibus
1190 884 1254 904 cura
1287 884 1347 904 mea
1379 876 1451 911 regia
1472 876 1635 911 -prospexil;
1661 884 1711 904 nec

77 921 122 948 διὰ
145 920 175 947 τὸ
191 921 238 948 καὶ
257 921 344 956 μύρῑα
358 922 392 948 τά
413 923 502 949 ἄτοπα
520 922 663 949 τίκτεσθαι
674 923 735 949 καθ’
750 923 869 959 ἑκάστην

78 968 111 993 lx
122 968 172 1001 τῆς
187 967 241 994 τῶν
258 968 443 1002 δικαστηρίων
459 969 567 1003 σχολῆς,
585 969 753 1003 πλεονεξίας,
777 970 868 1004 ἁρπα-

77 1014 139 1047 γὰς.
161 1015 356 1048 μνησικακίας,
381 1015 427 1042 καὶ
444 1016 519 1042 τᾶλλ’
532 1016 620 1042 ὁπόσα
635 1016 748 1048 ταύταις
765 1017 868 1051 ἑπόμε-

77 1069 119 1086 να¹
139 1060 174 1086 δι’
189 1061 207 1087 ἀ
221 1061 268 1087 καὶ
290 1062 340 1096 τὴν
355 1062 409 1088 τῶν
433 1062 528 1095 δώρων
551 1065 734 1097 προσαγωγὴν
750 1063 816 1094 Θεὸς
838 1063 875 1089 οὺ“

78 1106 233 1139 προσίεται,
250 1106 314 1142 μηδ’
330 1106 486 1133 αὐτῶντῶν
505 1108 587 1142 ἱερῶν
605 1109 757 1143 περιϐόλων
769 1108 869 1143 ψαύειν

78 1152 230 1186 συγχωρῶν
250 1153 287 1188 τῷ
300 1153 477 1187 προσάγοντι,
490 1155 514 1180 εἰ
535 1154 571 1188 μὴ
588 1155 654 1181 πολὺ
679 1155 812 1190 πρότερον
828 1155 867 1190 τῷ

76 1196 241 1230 διενεχθέντι
268 1199 451 1233 καταλλαγεὶς
490 1201 536 1226 καὶ
565 1200 603 1235 τῷ
633 1201 866 1235 προσκεκρουκότι

78 1243 271 1278 σπεισάμενος,
300 1242 360 1271 εῐτα
382 1247 562 1280 προσενέγκοι
591 1247 620 1273 τὸ
649 1247 865 1282 καρποφόρημα.

79 1287 146 1316 Πότε
168 1291 258 1315 τοίνυν
278 1290 371 1321 αὐτοῖς
397 1291 554 1326 λυθείη-τὰ
575 1293 624 1326 τῆς
645 1293 792 1328 διαφορᾶς,
819 1293 865 1320 καὶ

79 1333 180 1366 πηνίκα
198 1334 228 1361 τὸ
250 1335 302 1370 τῆς
325 1337 438 1372 εἰρήνης
461 1338 518 1371 φῶς
541 1338 590 1373 τὴν
614 1339 643 1365 ὲν
660 1341 720 1370 ταῖς
739 1340 864 1374 καρδίαις

76 1380 151 1412 σφῶν
173 1379 285 1414 βαθεῖαν
300 1382 385 1416 ἀχλὺν
404 1383 454 1417 τῆς
470 1383 570 1419 ἔχθρας
593 1386 787 1419 διασκεδάσειε,
809 1387 864 1414 τῶν

75 1424 258 1460 δικαστηρίων
275 1428 398 1463 μακροὺς
415 1429 576 1456 ἑλιττόντων
600 1430 718 1462 κύκλους
742 1431 785 1457 διὰ
815 1431 865 1467 τὴν

75 1470 128 1496 τῶν
145 1471 259 1506 ἑορτίων
274 1473 387 1508 ἡμερῶν
406 1475 556 1511 παρολκὴν,
573 1477 619 1503 καὶ
640 1477 693 1504 τῶν
709 1477 864 1505 ὑποθέσεων

75 1515 182 1545 ἀλύτων
198 1518 227 1549 ἐς
251 1519 372 1554 μακροὺς
398 1521 490 1555 ἡλίους
505 1523 798 1558 καταγηρασκουσῶν;
816 1524 862 1551 τοῦ

76 1562 157 1597 νόμου
175 1564 222 1590 xui.
238 1564 326 1591 ταῦτα
347 1566 440 1594 πᾶσαν
456 1566 546 1601 δίκην,
568 1555 648 1594 ὁποία
672 1569 742 1601 τέως
762 1569 798 1605 μὴ
815 1570 860 1604 ὲγ-
878 1555 899 1583 Β

75 1609 241 1646 κληματικὴ,
258 1611 334 1643 ἔντ’,ς
347 1613 469 1648 τριετίας
484 1613 692 1649 διαγορεύοντος
704 1615 861 1650 τέμνεσθαι.

80 1655 126 1682 Ἐκ
139 1656 167 1682 δὲ
181 1657 283 1692 ταύτης
306 1656 385 1688 αὖθις
404 1659 455 1694 τῆς
469 1659 549 1695 ῥίζης
567 1661 613 1687 δύο
629 1662 700 1694 τινὲς
723 1662 862 1698 ἀνίσχουσι

74 1702 250 1737 παραφυάδες
269 1705 363 1731 κακῶν
376 1713 382 1720 ”
396 1705 421 1732 οί
443 1706 498 1741 γὰρ
515 1706 656 1741 δυσμενῶς
673 1707 781 1742 ἔχοντες
794 1709 862 1744 πρός

71 1755 144 1781 τινα,
157 1749 172 1784 ἦ
186 1749 217 1777 τὸ
229 1750 284 1776 τῶν
297 1751 439 1786 ἀχράντων
452 1754 609 1788 μυστηρίων
621 1754 677 1789 πῦρ
692 1755 859 1790 φρίττουσιν,

71 1792 110 1826 ὡς
124 1793 231 1821 ἐκεῖθεν
243 1795 366 1831 ἀτεχνῶς
383 1799 631 1834 καταφλεγόμενοι,
653 1801 700 1827 καὶ¹
711 1801 761 1835 τὴν
777 1802 861 1836 μετά-

71 1839 152 1876 ληψιν
175 1842 205 1868 οὐ
228 1842 362 1878 θαρροῦσι
388 1844 429 1879 τῷ
454 1846 587 1873 συνειδότι
614 1846 784 1883 βαλλόμενοι,
813 1849 861 1875 καὶ

71 1886 142 1915 οὕτω
153 1889 202 1916 τοῦ
216 1890 353 1926 ἀγιασμοῦ
364 1891 448 1927 ἄμφω
459 1893 505 1919 καὶ
516 1892 608 1928 ψυχὴν
618 1894 664 1920 καὶ
681 1894 759 1930 σῶμα
771 1895 861 1932 στερί-

71 1943 177 1967 σκουσι,
187 1936 235 1963 καὶ
244 1936 406 1972 ζημιοῦνται
421 1938 466 1964 τὸν
481 1939 612 1975 ἀτίμητόν
624 1949 654 1966 τε
662 1941 709 1966 καὶ
721 1939 859 1976 ἄφθαρτον

72 1981 247 2017 μαργαρίτην
262 1983 306 2009 διὰ
323 1985 441 2019 πρᾶγμα
457 1985 626 2019 φαυλότατον
642 1994 672 2012 τε
694 1987 743 2013 καὶ
771 1987 858 2022 φθαρ-

69 2024 116 2052 τὸν
129 2027 177 2053 καὶ
187 2027 234 2053 τοῦ
248 2028 364 2063 μηδενὸς
380 2029 510 2062 πολλάκις
524 2031 771 2066 τιμώμενονσῆκαὶ
788 2033 860 2060 κατά

70 2071 133 2103 τοὺς
150 2071 307 2104 λυττῶντας
323 2074 442 2106 ἀναιδεῖς
454 2075 509 2102 τῶν
534 2075 625 2103 κυνῶν
651 2077 700 2111 τῆς
723 2078 859 2112 μυστικῆς

68 2119 210 2155 τραπέζης
236 2120 390 2156 ἀδιαφόρως
420 2122 611 2156 καθάλλονται,
640 2123 688 2150 καὶ
719 2123 790 2150 κατὰ
813 2123 858 2150 τὸν

71 2163 159 2198 μέγαν
172 2165 337 2192 Ἀπόστολον
354 2168 393 2198 είς
407 2167 495 2204 κρίμα
506 2168 614 2199 ἑαυτοῖς
639 2169 687 2194 καὶ
705 2168 751 2195 Ιτοῦ
772 2178 857 2204 ποτη-

921 923 979 950 sine
1002 929 1104 956 causa;
1131 930 1193 949 nam
1220 922 1360 950 innumera
1387 922 1503 950 absurda
1531 922 1650 956 quotidie
1678 923 1711 949 de

920 969 975 996 otio
1000 974 1159 1000 nascuntur,
1177 969 1301 1000 avaritia,
1325 971 1439 1003 rapinae,
1459 968 1586 996 vindictze
1605 968 1711 1002 aliaque

920 1015 961 1042 his
989 1014 1097 1042 similia.
1126 1014 1202 1042 Hanc
1234 1015 1269 1042 ob
1300 1022 1409 1043 causam
1435 1014 1516 1042 etiam
1543 1014 1612 1042 Deus
1640 1014 1710 1042 dona

919 1060 1007 1087 oblata
1038 1065 1156 1094 recusat,
1186 1065 1213 1088 et
1241 1060 1366 1088 olferenti
1390 1068 1424 1088 ne
1449 1060 1709 1096 attingere'quidem

919 1108 1018 1134 mmnia
1047 1114 1121 1134 sacra
1148 1107 1289 1141 permittit,
1314 1107 1410 1139 donec,
1433 1106 1621 1134 reconciliatus
1647 1113 1709 1134 cum

920 1152 1030 1179 inimico
1055 1156 1082 1179 et
1109 1159 1169 1179 cum
1197 1152 1320 1186 proximo
1345 1151 1416 1179 iores
1443 1152 1579 1186 pulsante,
1609 1151 1709 1178 donum

918 1206 995 1225 suum
1008 1197 1114 1224 oﬂ'erat.
1126 1197 1322 1233 Quandoigitur
1335 1197 1452 1225 dissidiis
1463 1198 1519 1225 suis
1529 1197 1607 1225 linem
1623 1198 1710 1232 impo-

918 1245 1001 1271 nunt?
1016 1245 1125 1279 quando
1138 1247 1181 1271 lux
1200 1244 1274 1278 pacis
1291 1244 1453 1278 profundam
1473 1244 1499 1271 in
1520 1244 1601 1271 corde
1616 1243 1710 1278 caligi-

917 1299 978 1318 nem
998 1290 1146 1318 inimicitia:
1163 1290 1282 1318 delebit?
1299 1291 1409 1324 quando
1431 1297 1538 1317 errores
1552 1297 1584 1316 ac
1598 1289 1707 1324 proble-

917 1342 987 1365 mata
1004 1337 1155 1364 insolttbilia
1173 1337 1316 1365 recedent?
1335 1338 1444 1371 quando
1463 1337 1536 1371 leges
1560 1337 1632 1364 clara
1649 1337 1709 1364 lucc

916 1383 1150 1416 resplendebunt?
1173 1382 1210 1410 Ex
1229 1383 1279 1410 hac
1294 1383 1384 1410 radice
1400 1382 1452 1409 duo
1465 1383 1561 1410 iterum
1573 1382 1705 1410 malorum

917 1429 1024 1464 stipites
1038 1433 1215 1457 enascuntur.
1231 1429 1281 1462 Qui
1298 1429 1370 1456 enim
1384 1429 1571 1456 malevolentia
1588 1429 1704 1463 aliquem

915 1479 1125 1511 prosequuntur,
1142 1481 1186 1503 aut
1199 1475 1399 1509 impollutorum
1414 1475 1603 1510 mysteriorum
1617 1475 1706 1510 ignem

915 1521 1119 1555 pertimescunt,
1153 1529 1186 1548 ne
1212 1520 1292 1555 plane
1316 1521 1522 1554 comburantur,
1552 1527 1705 1555 eorumque

915 1566 1060 1601 participes
1073 1573 1103 1593 se
1115 1566 1227 1593 reddere
1240 1573 1293 1594 non
1305 1567 1405 1593 audent
1417 1566 1451 1593 ob
1461 1566 1557 1593 malam
1566 1565 1707 1593 conscien-

915 1614 978 1641 tiam
993 1623 1001 1648 ;
1018 1615 1087 1642 unde
1102 1614 1130 1641 lit
1146 1617 1175 1641 ut
1188 1619 1215 1641 et
1227 1614 1315 1641 anima
1327 1619 1354 1642 et
1369 1622 1466 1649 corpus
1481 1614 1705 1642 sanctiﬁcationis

914 1665 1038 1695 expertes
1067 1664 1205 1693 maneant,
1243 1665 1323 1694 atque
1351 1661 1387 1688 ita
1413 1661 1556 1696 margarita
1585 1661 1702 1696 pretiosa

913 1706 1056 1740 priventur
1071 1707 1105 1733 ob
1123 1714 1178 1733 rem
1193 1706 1296 1734 futilem
1314 1706 1465 1742 nulliusque
1480 1706 1577 1741 pretii;
1593 1711 1639 1733 aut
1656 1714 1703 1734 ca-

913 1760 975 1779 num
985 1760 1059 1780 more
1076 1753 1252 1788 petulantium
1264 1745 1380 1781 tabuiam
1396 1753 1534 1791 myslieam
1547 1753 1703 1781 indecenter

913 1798 1052 1831 invadunt,
1063 1804 1100 1830 et,
1110 1799 1257 1828 secundum
1269 1807 1393 1835 magnum
1404 1799 1701 1835 Apostolunt,judicitun
1728 1827 1731 1830 ,

912 1844 962 1871 sibi
982 1845 1076 1872 bibunt
1092 1849 1119 1873 et
1139 1845 1314 1882 manducent.
1332 1845 1449 1873 Videsne
1464 1845 1490 1873 iu
1502 1849 1631 1880 quantam
1648 1845 1698 1872 mi—

912 1889 1010 1917 seriam
1041 1891 1164 1918 homines
1181 1891 1353 1920 condeltmali
1369 1891 1403 1917 oh
1422 1896 1527 1925 tempus
1542 1891 1610 1918 male
1625 1891 1700 1927 adhi-

911 1937 995 1963 bitum
1021 1937 1238 1971 protrmluntur?
1258 1937 1346 1964 viden'
1379 1937 1526 1971 periculum
1554 1937 1624 1971 quod
1655 1944 1700 1964 eo-

912 1991 970 2010 rutn
992 1984 1125 2018 capitibus
1141 1984 1279 2012 imminet?
1291 1984 1446 2012 Auctoritas
1464 1985 1546 2019 igitur
1556 1992 1613 2011 mea
1628 1985 1699 2019 regia

911 2031 994 2065 probe
1008 2031 1059 2058 scit
1077 2032 1159 2059 Deum
1189 2039 1236 2066 per
1258 2031 1389 2066 judicium
1404 2032 1509 2064 δεινὴ-ἰ,
1526 2036 1552 2060 et
1570 2032 1595 2060 in
1606 2031 1700 2059 Phari-

910 2079 983 2107 saica
1009 2080 1145 2115 hypocrisi
1171 2081 1383 2111 misericordiam
1403 2083 1549 2111 simulante
1564 2082 1695 2117 judicium

911 2127 979 2154 videt
992 2129 1158 2162 propositum
1171 2135 1178 2161 ;
1192 2129 1286 2156 eadem
1302 2130 1352 2157 zeli
1367 2130 1454 2165 ignem
1472 2129 1608 2158 intestinis
1623 2137 1699 2158 com-

911 2175 1041 2207 municat,
1055 2176 1106 2204 etsi
1131 2176 1279 2205 insolenter
1296 2179 1431 2206 lacessita.
1455 2179 1524 2207 Dum
1543 2179 1613 2206 enim
1632 2185 1699 2213 gen-

70 2208 129 2243 ρίου
142 2211 231 2237 σπῶσι
245 2212 292 2238 καὶ
320 2212 366 2238 τοῦ
392 2212 476 2248 ἄρτου
507 2213 654 2240 ἐσθίουσιν.
686 2215 768 2250 Ὀρᾷς
797 2215 857 2242 ὅποι

914 2226 951 2249 tes
969 2222 1101 2256 barbarae,
1115 2231 1173 2258 qum
1185 2223 1271 2260 legem
1288 2226 1415 2261 scriptam
1431 2233 1481 2252 non
1495 2226 1603 2259 habent,
1615 2226 1699 2264 solius

70 2256 158 2282 κακοῦ
175 2257 240 2289 τοὺς
255 2258 310 2284 τῶν
320 2258 474 2294 ἀνθρώπιον
505 2260 747 2295 διαδικαζομένους
773 2263 856 2288 ἐκκυ-

69 2301 121 2327 λίει
141 2302 173 2328 τὸ
189 2303 244 2330 τῶν
264 2304 414 2339 ἀπράκτων
428 2306 541 2341 ἡμερῶν
554 2305 676 2341 δαψιλὲς,
695 2308 741 2334 καὶ
764 2307 858 2343 ἡλίκος

69 2346 162 2379 αὐτοῖς
175 2348 190 2374 ό
208 2348 330 2389 κίνδυνος
342 2351 551 2386 ἐπικρέμαται;
574 2353 607 2379 'ﬂ
633 2353 699 2387 γοῦν
730 2354 855 2389 βασιλεία

71 2401 123 2427 μου
140 2394 188 2421 καὶ
200 2395 245 2421 τὸν
255 2387 321 2422 Θεδν
335 2396 421 2424 εἰδυῖα
442 2399 475 2433 τῇ
500 2399 590 2432 κρίσει
620 2387 852 2435 θεραπευόμενον,

912 2273 1014 2296 natura:
1034 2276 1090 2303 0pc
1116 2269 1187 2298 hunc
1211 2270 1345 2298 defectum
1382 2272 1531 2298 resarciunt
1556 2278 1587 2298 ac
1607 2271 1698 2298 litibus

912 2320 1014 2339 moram
1042 2321 1093 2340 non
1110 2314 1186 2345 dant,
1210 2322 1257 2341 nos
1280 2316 1446 2344 cautrarium
1471 2316 1610 2349 facientes,
1638 2315 1698 2342 illos

909 2357 953 2391 qui
973 2358 1050 2385 nobis
1064 2363 1188 2393 tauquam
1208 2361 1261 2395 typi
1288 2363 1410 2396 exemplo
1426 2369 1487 2389 esse
1517 2361 1654 2393 deberent,
1671 2361 1695 2387 iu

909 2403 1051 2430 utilitatem
1070 2410 1186 2431 nostram
1206 2414 1258 2433 non
1274 2407 1466 2434 convertimus.

69 2441 108 2473 ὡς
123 2442 172 2469 καὶ
182 2443 211 2469 ὲν
223 2443 292 2479 αὐτῇ
306 2446 338 2480 τῇ
351 2446 512 2482 καταδρομῇ
533 2448 582 2482 τῆς
603 2448 770 2483 Φαρισαῖκῆς
791 2449 961 2486 ὑποκρίσεως
973 2447 1018 2477 τοῦ
1034 2451 1108 2478 ἐλέου
1124 2452 1174 2487 τὴν
1197 2453 1287 2488 κρίσιν
1302 2454 1466 2488 εὑρίσκουσα
1487 2453 1693 2489 προτιθέμενον,

68 2491 114 2517 καὶ
127 2492 244 2526 προσέτι
258 2494 313 2524 τοῖς
337 2492 503 2537 σπλάγχνοις
517 2494 600 2530 ζήλου
619 2495 674 2530 πῦρ
699 2496 895 2532 ὑποσμύχουσα
921 2498 967 2524 καὶ
994 2498 1124 2534 ἄντικρυς
1153 2500 1369 2535 ὑϐριοπαθοῡσα,
1399 2502 1423 2527 εί
1448 2501 1482 2528 τὰ
1500 2501 1550 2537 μὲν
1569 2501 1696 2536 βάρϐαρα

68 2537 122 2584 τῶν
134 2537 232 2569 ἐθνῶν,
250 2539 315 2574 παρ’
328 2536 368 2570 οἷς
388 2540 425 2575 μὴ
441 2540 578 2576 ἔγγραφος
592 2542 681 2568 κεῖται
696 2542 787 2577 νόμος,
802 2543 880 2577 φύσει
898 2544 967 2579 μόνῃ
982 2545 1011 2571 τὸ
1025 2545 1129 2572 ἐκεῖθεν
1143 2547 1249 2578 ἑαυτοῖς
1269 2548 1460 2582 ἁποπληροῦσι
1477 2549 1620 2584 ὑστέρημα
1645 2549 1693 2575 καὶ

67 2582 118 2632 τὰς
144 2584 223 2616 δίκας
240 2585 268 2616 ἐς
286 2586 421 2622 μήκιστον
437 2587 468 2614 οὐ
493 2589 608 2625 φέρουσι
628 2590 851 2625 παρατείνεοθαι,
867 2592 946 2627 ἡμεῖς
971 2592 998 2619 δὲ
1020 2593 1099 2620 τοῦτο
1122 2596 1152 2620 τὸ
1177 2595 1260 2630 μέρος
1277 2596 1402 2622 πλεῖστον
1421 2595 1510 2626 αὐτῶν
1543 2582 1693 2632 ἀποδέομεν

68 2631 141 2682 ςδέον
154 2633 262 2682 μᾶλλον
277 2634 392 2682 ἐκείνοις
409 2635 458 2670 μὲν
473 2636 546 2671 ἡμᾶς
563 2637 604 2668 εἰς
620 2638 723 2672 ἀγαθὸν
745 2640 907 2673 προκεῖσθαι
928 2639 1094 2676 ἀρχέτυπον,
1116 2642 1213 2674 αὐτοὺς
1228 2643 1255 2670 δὲ
1273 2643 1327 2671 τῶν
1342 2644 1482 2680 ἡμετέρων
1508 2631 1692 2682 χαρακτήρων

65 2678 278 2713 ἀπομάττεσθαι
297 2681 345 2708 τοῦ
362 2683 446 2709 καλοῦ
463 2684 498 2709 τὰ
512 2684 683 2720 ἰνδάλματα).

99 2737 196 2786 ΪΓαῦτα
212 2740 300 2786 τοίνυν
328 2741 377 2767 οὐκ
402 2743 430 2769 ὲν
450 2745 577 2778 φορητοῖς
589 2744 718 2780 τιθεμένη
741 2746 757 2782 ἡ
775 2745 852 2780 βασις

941 2747 1004 2781 Quae
1021 2749 1111 2777 omnia
1129 2749 1200 2784 regia
1216 2754 1307 2778 nostra
1321 2750 1467 2778 auctoritas
1477 2759 1548 2786 a'gre
1560 2752 1648 2781 ferens
1663 2756 1691 2779 et

63 2782 124 2809 λεία
141 2791 207 2818 μου,
228 2783 340 2810 πλεῖστά
364 2795 393 2811 τε
417 2791 481 2822 περὶ
495 2789 525 2814 τὸ
539 2789 656 2824 πρᾶγμα
671 2793 851 2826 γνωσιμαχεῖ,

914 2792 1022 2828 dioquin
1039 2793 1117 2821 aliter
1140 2793 1173 2822 de
1198 2794 1240 2822 his
1259 2795 1338 2822 rebus
1362 2795 1491 2828 sentiens,
1517 2796 1690 2823 sanctissimo

64 2828 112 2854 xui.
139 2828 179 2863 τῷ
204 2829 350 2865 ἁγιωτάτῳ
378 2839 430 2866 μου
458 2831 574 2868 δεσπότῃ
600 2835 646 2861 καὶ
671 2836 852 2871 οἰκουμενικῷ

914 2838 1012 2866 lomino
1025 2846 1058 2866 ac
1082 2839 1243 2874 patriarcha:
1257 2841 1424 2868 meumenieo
1442 2846 1466 2868 cl
1481 2850 1559 2869 sacro
1574 2845 1603 2869 et
1618 2842 1688 2870 divi-

64 2876 225 2912 πατριάρχῃ
243 2876 290 2902 καὶ
313 2878 344 2912 τῇ
365 2878 426 2913 ἱερᾷ.
451 2879 497 2905 καὶ
519 2879 580 2915 θεία
595 2881 695 2917 συνόδῳ
717 2882 850 2910 κοινοῦται

914 2884 975 2912 nitus
1002 2884 1125 2914 instituto
1148 2886 1263 2914 concilio
1291 2886 1363 2914 hisce
1380 2886 1411 2915 de
1435 2887 1516 2916 rebus
1540 2888 1687 2917 solemnem
