1953 3085
248 203 304 236 7ὺῦ

866 201 1066 231 MANUELIS
1085 200 1258 231 COMNENI

1820 199 1874 230 756

247 255 469 284 deliberationem
486 255 670 284 demandavit.
692 255 779 284 Porro
807 248 868 283 eum
894 257 947 283 vidi
974 256 1028 284 illo:

1087 257 1118 284 τὰ
1132 258 1180 292 τῆς
1200 256 1299 292 βουλῆς
1319 255 1365 282 καὶ
1388 255 1435 281 τοῦ
1458 263 1629 290 σκεμματος.
1647 255 1702 280 Καὶ
1716 254 1748 289 δὴ
1765 255 1812 281 καὶ
1826 254 1877 289 τὴν

247 309 352 330 mecum
367 303 437 330 idem
452 302 564 334 sentire,
576 306 603 329 ct
617 307 766 337 comperto,
789 302 861 338 quod
883 302 979 330 diebus
999 302 1037 330 fe-

246 348 324 376 riatis
343 349 431 377 sancti
457 349 547 376 minus
574 349 741 377 honorantur
757 356 837 383 quam
858 349 898 376 fas
921 352 973 381 cst,
993 349 1037 383 jn-

246 395 328 422 stitia:
347 402 439 423 amore
463 396 528 422 moti
553 395 688 422 sancimus
704 401 733 422 ut
756 394 842 422 sacris
859 394 1036 422 concionibus

246 441 332 467 honor
346 442 475 476 pristinus
491 441 635 472 tribuatur,
658 445 687 467 ut
712 441 818 476 injuriae
844 441 1037 475 quoquomodo

246 486 326 513 iilata:
349 487 501 521 expientur,
525 494 568 518 ne,
586 492 614 514 ut
631 487 695 514 dicit
718 487 873 521 Apostolus,
895 494 969 514 mors
992 493 1035 513 se-

245 536 345 565 quatur
360 539 393 560 ex
410 540 538 567 perverso
554 532 602 560 Dei
622 532 648 560 in
671 533 765 560 diebus
780 532 855 560 festis
872 532 944 560 cultu
958 552 966 565 ,
989 536 1035 558 aut

246 578 357 612 ignaviae
372 579 448 606 venia
464 586 508 606 res
530 579 650 606 honesta:
667 578 877 606 dehonesteutur
896 583 942 606 aut
966 578 1035 613 in}u~

246 623 320 650 stitia
340 624 366 650 in
381 625 473 652 favore
486 629 613 659 ponatur.

1090 303 1179 330 αὐτῶν
1195 304 1338 337 τιμιότητα
1357 300 1462 336 συνῳδὰ
1488 300 1641 336 φρονοῦσαν
1671 301 1739 336 αὐτῇ
1760 300 1877 335 εὑροῦσα

1088 349 1104 383 ὴ
1121 346 1242 382 βασιλεία
1259 355 1320 381 μου,
1335 347 1447 373 συνεῖσα
1465 345 1493 372 δὲ
1513 346 1560 371 καὶ
1583 345 1647 376 τοὺς
1665 345 1694 371 ἐν
1709 347 1770 376 ταῖς
1785 346 1877 372 avecti—

1090 401 1151 427 μοις
1167 392 1286 427 ἡμέραις
1299 392 1472 426 τιμωμένους
1495 391 1591 424 ἁγίους
1614 391 1728 426 ἀτιμίαν
1745 390 1846 426 μᾶλλον
1859 391 1876 425 ἢ

1087 439 1171 473 τιμὴν
1204 438 1345 472 οἰομένους
1369 437 1398 470 ἐξ
1421 434 1456 472 ἦς
1485 437 1645 472 οἰχήσεσθαι
1670 436 1764 463 τέλεον
1783 445 1875 471 παρα-

1087 483 1237 510 κινδυνεὺει
1253 483 1282 509 τὸ
1299 482 1414 515 δίκαιον,
1440 482 1528 509 ταῦτα
1547 481 1682 513 θεσπίζει,
1698 483 1757 512 ταῖς
1778 491 1805 507 τε
1819 481 1876 508 τῶν

1089 530 1195 557 σεπτῶν
1217 529 1398 564 πανηγύρεων
1423 529 1544 560 τελεταῖς
1566 529 1596 554 τὸ
1617 529 1691 559 είκὺς
1715 528 1765 561 τῆς
1784 527 1875 554 αὐτῶν

1086 575 1169 609 τιμῆς
1185 575 1370 609 ἀπονέμουσα,
1388 575 1435 600 καὶ
1463 576 1497 608 τῇ
1520 575 1574 600 τῶν
1593 574 1781 609 ἀδικουμένων
1803 574 1876 600 ἔκδι-

1087 623 1168 658 κήσει
1185 622 1216 649 τὸ
1233 623 1338 657 πρέπον
1352 621 1560 656 ἀπομερίζουσα
1571 629 1579 637 ν
1602 621 1647 648 ἶνα
1667 620 1715 656 μὴ,
1731 621 1745 646 ὃ
1762 628 1846 655 φησιν
1860 620 1876 646 δ

245 670 418 702 ⁷Δτιτόιττολος,
435 671 468 698 ὲκ
484 670 532 698 τοῦ
546 670 649 706 ἀγαθοῦ
669 671 865 707 κατεργάζοιτο
882 671 1008 704 Θάνατος,
1024 672 1057 698 ἐκ
1079 671 1130 705 τῆς
1153 672 1183 698 ὲν
1206 672 1266 702 ταῖς
1290 671 1397 706 ἑορταῖς
1412 669 1513 705 δηλαδὴ
1528 668 1576 696 τοῦ
1589 668 1657 695 Θεοῦ
1690 668 1840 702 θεραπείας
1856 668 1873 701 ὴ

244 717 299 745 τῶν
318 718 506 754 ἀδικουμένων
530 719 632 746 πλείων
655 719 784 754 συντριῦὴ
810 720 858 746 καὶ
881 719 1016 752 ἀπώλεια,
1036 719 1098 754 μηδ’
1115 720 1132 754 ἡ
1164 718 1340 754 σεμνωνυμία
1364 718 1414 752 τῆς
1431 717 1532 752 ἀργίας
1555 717 1604 743 καὶ
1623 717 1672 752 τῆς
1689 717 1827 752 ἀπραξίας
1844 716 1876 742 τὸ

243 765 367 802 εὔφημον
396 767 508 801 ἐνεργόν
523 775 554 793 τε
570 766 629 801 ἅμα
641 768 743 794 ποιοῖτο
755 767 805 803 τὴν
816 767 924 794 ἀδικίαν
940 768 989 794 καὶ
1009 767 1179 804 ἔμπρακτον.

280 822 435 856 Sancimus,
450 824 533 858 igitur
549 828 578 851 ut
594 824 631 851 illi
650 824 709 852 dies
727 824 815 852 feriati
836 825 903 856 sint,
924 833 992 860 quos
1006 826 1032 852 in

242 867 369 902 praesenti
388 868 585 896 constitutione
606 869 765 896 nominatim
785 870 1006 897 enumerabimus
1024 879 1031 897 :

1121 828 1156 852 α’.
1175 824 1349 859 Θεσπίζομεν
1361 824 1407 851 οὖν
1432 823 1542 855 ὲκείνας
1571 821 1641 850 εἴναι
1670 823 1724 850 τῶν
1762 824 1875 859 ἡμερῶν

1085 872 1254 905 ἀπράκτους,
1283 871 1317 903 ἃς
1359 872 1387 897 ὲν
1411 872 1444 906 τῇ
1474 870 1601 906 παρούσῃ
1643 871 1764 902 διατάξει
1784 871 1875 905 ῥητῶς

242 918 270 939 et
284 919 314 940 ut
333 913 379 940 alii
396 913 505 961 quidem
523 921 615 941 eorum
642 913 724 941 ferias
746 914 773 940 in
794 914 952 942 universqu
981 915 1028 942 lta-

1087 915 1508 951 άπαριθμησόμεοα.1(αίτινας
1525 915 1577 950 μὲν
1603 915 1695 940 αὐτῶν
1720 915 1751 941 τὸ
1783 915 1874 949 πάντη

243 959 335 992 beant,
352 963 382 986 ut
402 951 574 993 nequaquam
591 962 648 986 toto
663 959 782 993 ipsorum
803 959 918 987 durante
942 961 1031 994 spatio

240 1004 369 1032 constitui
384 1004 518 1039 judicium
540 1005 636 1039 possit,
659 1005 711 1032 nisi
732 1004 856 1033 fortassis
880 1006 1033 1040 imperator

241 1058 289 1085 per
308 1050 519 1085 dispensationis
534 1051 654 1084 modum,
673 1051 715 1078 Vel
732 1052 767 1078 ob
781 1052 969 1080 necessitatem
989 1052 1030 1087 (ut

242 1098 325 1125 multa
353 1097 646 1132 saapeuumeroﬁubita
668 1098 790 1132 quaedam
805 1105 896 1126 rerum
911 1099 1030 1126 varietas

241 1143 483 1171 iicentius=novare
497 1143 579 1179 solet)
600 1144 626 1170 in
647 1144 680 1171 iis
694 1151 800 1179 quoque
813 1144 944 1178 judicium
962 1151 1029 1172 cou-

241 1188 357 1216 stituere
375 1188 509 1221 voluerit;
525 1188 572 1215 alii
588 1195 655 1216 vero
670 1196 703 1215 es
719 1192 794 1222 parte
809 1195 824 1215 a
851 1188 962 1222 jndiciis
984 1197 1032 1215 va-

241 1238 314 1266 cent,
331 1237 361 1260 ut
374 1240 407 1261 ea
424 1233 551 1261 videlicet
572 1237 752 1260 exerceantur
770 1240 787 1259 a
809 1231 943 1260 matutino
959 1237 1029 1259 tem-

240 1286 306 1312 pore
323 1286 409 1314 usque
423 1279 458 1307 ad
477 1284 583 1313 tempus
606 1279 677 1306 sacri
699 1277 798 1311 cultus,
822 1285 877 1312 quo
894 1277 1031 1312 iudicibus

241 1332 296 1353 tam
314 1327 472 1361 precationi,
495 1334 577 1362 quam
599 1326 777 1354 celebrationi
801 1326 886 1353 divini
904 1325 1030 1353 Numinis

240 1371 351 1399 intentis
364 1379 424 1400 esse
435 1372 527 1403 liceat.
545 1379 577 1399 ac
591 1376 703 1406 peracto
717 1378 796 1399 sacro
808 1370 922 1406 justitiw
933 1378 1026 1398 curam

241 1423 348 1450 gerant,
363 1422 390 1445 et
407 1416 522 1452 injurias
535 1417 672 1452 perpessis
692 1416 770 1452 juxta
792 1416 914 1451 vigorem
939 1416 1027 1451 legum

241 1466 413 1490 succurrant.
433 1463 490 1491 Sed
502 1467 592 1490 tamen
612 1462 630 1490 ii
654 1463 752 1498 quibus
775 1463 802 1490 in
826 1462 898 1489 hunc
920 1462 1029 1489 modum

242 1511 303 1542 pest
321 1507 422 1536 cultum
438 1514 546 1535 sacrum
560 1507 605 1542 jus
628 1507 720 1535 dicere
741 1507 902 1542 permissum
929 1511 981 1538 est,
1002 1506 1029 1533 in

241 1553 421 1582 tonlicientlis
443 1554 478 1581 ab
504 1561 535 1582 se
562 1553 747 1582 uotationibus
774 1561 807 1581 ac
839 1552 1030 1581 instrumentis

242 1600 406 1628 mentionem
421 1600 550 1635 temporis
562 1599 674 1633 facient,
691 1607 745 1635 quo
763 1599 888 1628 confecta
909 1598 976 1626 sint.
990 1598 1029 1626 Ac

241 1645 328 1678 primo
338 1644 448 1679 quidem
463 1643 496 1672 de
513 1644 626 1673 omnino
639 1644 744 1672 feriatis
761 1645 894 1680 agendum
913 1644 975 1671 erit.

276 1713 368 1747 Itaque
382 1711 441 1740 dies
455 1711 559 1740 Natalis
576 1711 710 1740 inviolatae
723 1711 843 1740 Dominae
859 1712 961 1747 Deique
974 1712 1028 1740 Ge-

241 1757 358 1790 uitricis,
385 1757 430 1794 qui
458 1758 614 1786 celebratur
635 1765 661 1784 a.
686 1758 713 1785 d.
746 1765 772 1785 vr
804 1757 844 1784 Id.
873 1757 1028 1792 Septembr.

241 1804 353 1832 feriatus
363 1809 415 1832 est.
430 1804 616 1832 Consimiliter
632 1809 660 1832 et
671 1803 705 1831 ﬂ
720 1804 787 1835 dies.
805 1803 919 1831 viviﬂcaa
934 1804 1029 1831 Crucis

241 1850 404 1878 Bxaltationi
431 1850 550 1878 dicatus.
571 1850 638 1877 Item
660 1849 706 1882 26,
729 1853 841 1884 propter
863 1849 977 1883 apostoli
1003 1853 1029 1877 et

242 1896 415 1930 evangelista:
426 1895 685 1932 Joannis-'I‘heologi
701 1896 905 1930 migrationem.

275 2040 404 2068 Octobris
415 2040 472 2068 dies
482 2040 510 2075 6,
522 2041 593 2075 quod
604 2041 632 2068 in
644 2048 676 2069 eo
690 2042 776 2069 sancti
790 2042 906 2076 apostoli
918 2042 1029 2070 Thomas

243 2088 372 2115 memoria
391 2087 554 2116 celebretur.
573 2087 638 2115 Item
652 2089 680 2122 9,
703 2092 814 2124 propter
834 2088 967 2116 Iacobum
984 2089 1029 2116 Al-

242 2134 310 2167 phei
325 2133 356 2161 Ρ.
377 2133 573 2169 apostolorum,
590 2140 618 2162 et
633 2143 661 2168 ι,
683 2140 793 2171 propter
804 2135 905 2163 Lucam
922 2140 1029 2172 aposto-

241 2181 296 2207 lum
311 2185 338 2208 et
354 2181 559 2215 evangelistam.

276 2237 435 2265 Novembris
448 2238 506 2265 dies
524 2239 567 2271 15,
586 2238 657 2273 quod
675 2239 704 2266 in
715 2245 747 2266 eo
762 2238 891 2265 memoria
906 2238 1028 2273 Chryso-

241 2283 321 2310 stomi
346 2283 512 2317 celebretur;
534 2289 561 2311 et
584 2284 639 2316 Η,
664 2285 735 2319 quod
757 2284 882 2319 Philippo
903 2285 1025 2319 apostolo
1039 2280 1066 2309 D

241 2329 327 2357 festus
347 2330 402 2363 sit;
418 2335 445 2358 et
460 2331 493 2358 I6
509 2331 535 2357 in
551 2331 724 2366 evangelista:
737 2337 764 2359 et
777 2332 890 2366 apostoli
908 2331 1026 2359 Matlhzei

242 2377 393 2408 honorem;
408 2380 435 2402 et
451 2375 498 2408 2t,
513 2377 586 2411 quod
603 2383 658 2403 tum
674 2376 721 2404 Dei
739 2375 885 2404 Genitricis
902 2377 1029 2405 introitus

241 2421 267 2448 in
284 2421 411 2456 templum
433 2421 605 2455 celebretur;
621 2427 649 2450 et
665 2422 700 2449 30
714 2426 868 2457 propterea,
883 2423 955 2456 quod
970 2423 1028 2449 An-

241 2467 311 2494 dreae
324 2465 445 2500 apostolo
459 2466 495 2494 sit
509 2465 604 2494 festus.

277 2565 433 2594 Decembris
451 2565 511 2594 dies
529 2566 546 2593 9
563 2565 590 2593 in
607 2574 661 2601 quo
682 2566 786 2594 scilicet
799 2566 948 2602 Couccptio
963 2574 1028 2594 san-

240 2610 370 2646 ctissima:
394 2610 488 2638 Matris
506 2610 552 2639 Dei
576 2612 660 2639 nostri
682 2613 849 2645 celebratur;
874 2617 901 2640 et
915 2612 951 2639 ΞΟ
970 2612 1028 2639 dies

239 2664 326 2691 usque
340 2656 374 2683 ad
389 2656 406 2684 6
417 2656 550 2689 Januarii,
569 2658 639 2692 quod
652 2658 677 2684 in
692 2659 731 2686 eis
748 2658 806 2686 dies
822 2658 935 2690 Natalis,
949 2659 1028 2685 item-

239 2710 293 2736 que
315 2702 446 2737 Baptismi
465 2703 571 2731 Domini
594 2704 694 2740 Deique
719 2712 750 2732 ac
774 2705 926 2732 Servatoris
945 2704 1027 2732 nostri

240 2747 306 2777 Iesu
319 2749 431 2783 Christi,
444 2750 512 2778 festa
527 2751 685 2779 celebritate
699 2751 833 2779 colantur.

274 2860 396 2887 Januarii
417 2861 474 2888 dies
496 2862 539 2892 I8.
563 2867 671 2897 propter
685 2863 789 2890 divinos
811 2864 906 2892 Patres
922 2871 954 2891 ac
979 2865 1026 2891 do-

241 2910 353 2938 ctores,
395 2906 573 2935 Athanasium
606 2914 633 2937 et
666 2909 806 2944 Cyrillum.
839 2911 873 2938 ‘25
902 2908 1025 2943 eiusdem

1083 962 1226 997 ἄπρακτον
1241 962 1323 997 ἔχειν,
1337 962 1376 993 ὡς
1398 962 1533 997 μηδαμῶς
1566 962 1600 987 δι’
1627 962 1689 988 ὅλου
1714 961 1760 988 τοῦ
1783 961 1876 988 αὐτῶν

1083 1007 1268 1043 διαστήματος
1282 1007 1459 1034 συνίστασθαι
1476 1007 1664 1041 δικαστήριον,
1681 1008 1706 1034 εἰ
1733 1007 1771 1042 μὴ
1794 1007 1874 1042 βασι-

1082 1054 1141 1081 λεία
1158 1054 1224 1085 ἴσως
1239 1053 1398 1088 οἰκονομίας
1411 1053 1507 1088 τρόπῳ
1517 1053 1535 1089 ἢ
1546 1053 1656 1090 ἀνάγκῃ
1683 1054 1773 1088 (ὁποῖα
1804 1053 1873 1080 πολὺ

1082 1101 1113 1127 τὸ
1130 1099 1280 1135 περιπετὲς
1291 1099 1347 1126 τῶν
1364 1099 1538 1134 πραγμάτων
1569 1099 1750 1134 νεανιεύεται)
1763 1099 1873 1135 θελήσει

1082 1146 1197 1172 καθίσαι
1217 1145 1264 1172 καὶ
1293 1147 1322 1171 ὲν
1336 1145 1433 1176 αὑταῖς
1453 1145 1630 1181 δικαστήριον
1645 1152 1653 1160 θ
1670 1144 1750 1176 τινὰς
1765 1145 1794 1171 δὲ
1817 1145 1874 1171 ἀπὸ

1083 1191 1185 1226 μέρους
1210 1190 1289 1224 ἄγειν
1318 1191 1372 1216 τῶν
1399 1190 1585 1226 δικαστηρίοιν
1613 1191 1722 1225 σχολὴν,
1748 1191 1787 1222 ὡς
1816 1188 1874 1217 οἷον

1081 1236 1166 1263 ἕωθεν
1185 1236 1266 1271 μέχρι
1280 1236 1328 1263 καὶ
1342 1237 1382 1268 εἱς
1394 1236 1477 1263 αὐτὸν
1491 1237 1537 1263 τὸν
1551 1237 1600 1272 τῆς
1614 1237 1788 1272 λειτουργίας
1805 1246 1871 1265 και-

1083 1283 1140 1317 ρὸν,
1154 1282 1198 1308 ἵνα
1215 1283 1270 1313 τοῖς
1291 1282 1433 1313 δικασταῖς
1453 1283 1528 1318 ἐξείη
1546 1283 1726 1318 προσανέχειν
1743 1284 1809 1319 εὐχῇ
1825 1287 1874 1311 καὶ

1082 1331 1115 1364 τῇ
1129 1329 1196 1363 περὶ
1209 1329 1240 1355 τὸ
1253 1330 1326 1355 θεῖον
1337 1328 1490 1365 δοξολογίᾳ,
1505 1330 1553 1356 καὶ
1572 1330 1643 1364 μετὰ
1658 1330 1708 1365 τὴν
1737 1330 1874 1365 lepore}:-

1084 1376 1162 1401 στίαν
1180 1375 1373 1413 ἐπιμελεῖσθαι
1397 1375 1445 1403 καὶ
1471 1375 1521 1410 τῆς
1547 1375 1723 1411 δικαιοσύνης
1741 1377 1789 1403 καὶ
1815 1378 1873 1408 τοῖς

1080 1423 1161 1450 ἄδικα
1178 1421 1349 1449 πεπονθόσιν
1365 1422 1519 1458 ἐπαρήγειν
1530 1423 1602 1450 κατὰ
1623 1423 1673 1458 τὴν
1698 1423 1751 1450 τῶν
1780 1424 1875 1458 νόμων

1084 1467 1173 1503 ἰσχύν.
1189 1468 1221 1495 Οἱ
1241 1468 1334 1503 μέντοι
1354 1467 1427 1494 οὕτω
1443 1469 1512 1504 μετὰ
1529 1468 1578 1503 τὴν
1604 1468 1679 1495 Θείαν
1695 1469 1871 1504 λειτουργίαν

1083 1514 1318 1550 ἐπιτετραμμένοι
1336 1514 1457 1547 δικάζειν
1471 1515 1501 1541 ὲν
1529 1516 1588 1547 τοῖς
1616 1515 1769 1550 γινομένοις
1804 1517 1874 1551 παρ’

1080 1561 1172 1588 αὐτῶν
1187 1561 1365 1596 σημειώμασι
1380 1561 1567 1597 μεμνήσονται
1594 1560 1644 1588 τοῦ
1673 1560 1783 1596 καιροῦ,
1809 1562 1874 1588 καθ’

1043 1612 1065 1643 ρ
1081 1608 1111 1634 δν
1124 1608 1159 1634 τά
1171 1607 1353 1643 σημειώματα
1365 1609 1544 1643 πράττονται.
1570 1608 1626 1635 Καὶ
1635 1608 1668 1643 δὴ
1687 1608 1795 1644 πρῶτον
1805 1609 1874 1643 περὶ

1081 1653 1136 1680 τῶν
1147 1653 1258 1685 τελείως
1283 1653 1436 1689 ἀπράκτων
1449 1652 1622 1689 διαληπτέον.

1122 1710 1154 1737 'H
1170 1709 1259 1737 τοίνυν
1274 1710 1346 1737 κατὰ
1356 1710 1406 1746 τὴν
1419 1710 1516 1745 ὀγδόην
1534 1711 1641 1746 ἡμέραν
1669 1710 1716 1737 τοῦ
1745 1711 1872 1746 Σεπτεμ-

1081 1748 1264 1792 ϐρίουίμηνδς
1279 1756 1418 1789 γενέθλιος
1431 1757 1524 1792 ἡμέρα
1536 1757 1587 1791 τῆς
1611 1757 1805 1791 παναχράντυυ
1821 1758 1871 1783 Δε-

1082 1802 1196 1838 σποίνης
1216 1804 1263 1829 καὶ
1278 1803 1451 1838 Θεομήτορος
1464 1803 1608 1836 ἄπρακτος
1624 1802 1712 1829 ἔσται.
1728 1803 1873 1835 Ὡσαύτως

1081 1848 1129 1875 καὶ
1144 1849 1161 1884 ἡ
1182 1849 1223 1881 ιδ’,
1244 1850 1276 1884 τῇ
1313 1848 1434 1884 Ὑψώσει
1457 1849 1630 1884 τετιμημένη
1657 1850 1704 1876 τοῦ
1733 1849 1870 1881 ζωοποιοῦ

1082 1894 1203 1930 σταυροῦ
1217 1902 1225 1911 ⁸
1253 1895 1301 1922 καὶ
1316 1896 1333 1930 ὴ
1350 1895 1406 1928 κζ’,
1420 1895 1465 1922 διὰ
1479 1896 1529 1930 τὴν
1556 1895 1604 1921 τοῦ
1632 1895 1785 1922 ἀποστόλου
1820 1896 1870 1922 καὶ

1081 1941 1278 1977 εὐαγγελιστοῦ
1322 1942 1449 1969 Ἰωάννου
1477 1941 1526 1968 τοῦ
1560 1941 1692 1977 Θεολόγου
1723 1942 1871 1977 μετάστα-

1080 1997 1134 2016 σιν.

1122 2045 1154 2073 Ἠ
1168 2049 1194 2078 ς’
1207 2045 1254 2072 τοῦ
1273 2046 1451 2081 “Οκτω6ρίου,
1461 2046 1506 2073 διὰ
1522 2046 1552 2072 τὺ
1564 2046 1614 2081 τὴν
1628 2046 1740 2080 μνήμην
1754 2045 1783 2070 ὲν
1799 2044 1871 2079 αὐτῇ

1083 2091 1222 2119 τελεῖσθαι
1239 2092 1286 2118 τοῦ
1304 2091 1384 2125 ἁγίου
1396 2092 1547 2118 ἀποστόλου
1562 2091 1657 2127 Θωμᾶ.
1670 2091 1702 2118 'ﬂ
1718 2091 1750 2123 ϐ’,
1766 2090 1810 2116 διὰ
1823 2089 1871 2116 τὸν

1079 2137 1127 2164 τοῦ
1153 2137 1283 2172 Ἁλφαίου
1305 2137 1435 2165 Ἰάκωεον
1450 2137 1496 2163 τὸν
1510 2136 1670 2164 ἀπόστολον
1681 2137 1728 2162 καὶ
1743 2137 1759 2170 ἡ
1782 2135 1809 2168 ι’,
1824 2135 1871 2162 διὰ

1079 2184 1125 2210 τὸν
1141 2184 1295 2210 ἀπόστολον
1312 2184 1359 2210 καὶ
1370 2183 1571 2218 εὖαγγελιστὴν
1587 2183 1708 2211 Λουκᾶν.

1119 2241 1153 2268 Ἡ
1171 2240 1205 2274 ιγ’
1221 2241 1268 2267 τοῦ
1281 2241 1437 2276 Νοεμὸρίου
1448 2240 1544 2276 μηνὸς,
1558 2240 1599 2267 ὅτι
1616 2241 1646 2266 ὲν
1655 2240 1725 2275 αὐτῇ
1739 2241 1754 2274 ἡ
1773 2239 1870 2274 μνήμη

1078 2289 1125 2315 τοῦ
1138 2289 1334 2324 Χρυσοστόμου
1343 2288 1472 2316 τελεῖται.
1494 2287 1526 2314 ἸΙ
1541 2286 1582 2319 ιδ’,
1592 2287 1633 2313 ὅτι
1648 2287 1678 2313 ἐν
1693 2286 1762 2321 αὑτῇ
1776 2286 1791 2311 ὁ
1805 2284 1870 2311 ἁπό-

1082 2333 1175 2365 στολος
1191 2333 1327 2366 Φίλιππος
1346 2333 1521 2369 ἑορτάζεται.
1543 2333 1576 2359 Ἠ
1595 2331 1645 2364 ις’,
1665 2333 1708 2359 ὃτι
1723 2333 1737 2358 ὁ
1752 2331 1871 2364 εὐαγγε-

1079 2380 1174 2415 λιστὴς
1187 2380 1236 2406 καὶ
1250 2380 1400 2411 ἀπόστολος
1411 2379 1551 2410 Ματθαῖος
1566 2379 1692 2414 τιμᾶται.
1713 2377 1745 2404 Ἥ
1762 2380 1815 2409 κα’,
1828 2377 1870 2403 ὅτι

1079 2424 1115 2451 τὰ
1131 2425 1173 2457 εἰς
1190 2425 1235 2452 τὸν
1247 2425 1312 2451 ναὸν
1326 2425 1430 2452 ιίσόδια
1455 2426 1505 2460 τῆς
1528 2424 1703 2458 Θεομήτορος
1730 2423 1759 2449 ἐν
1780 2421 1873 2456 ταύτῃ

1079 2469 1297 2505 πανηγυρίζεται
1309 2477 1316 2484 ·
1328 2470 1376 2496 καὶ
1388 2470 1405 2503 ἡ
1421 2467 1454 2502 λ’,
1473 2469 1514 2495 ὅτι
1536 2469 1550 2495 ὁ
1569 2467 1721 2498 ἀπόστολος
1739 2466 1870 2501 Ἀνδρέας

1079 2516 1109 2543 ἐν
1125 2516 1195 2551 αὐτῇ
1212 2515 1384 2551 ἐορτάζεται.

1121 2573 1153 2600 Ἦ
1165 2571 1187 2600 θ’
1204 2573 1251 2599 τοῦ
1266 2572 1446 2609 Δεκεμὸρίου,
1460 2574 1500 2604 ὡς
1516 2572 1566 2606 τῆς
1581 2571 1743 2606 Συλλήψεως
1755 2571 1783 2597 ὲν
1798 2570 1868 2604 αὐτῇ

1078 2620 1245 2654 τελουμένης
1259 2620 1309 2653 τῆς
1325 2620 1479 2654 ὑπεραγίας
1493 2619 1606 2654 Μητρὸς
1623 2619 1671 2645 τοῦ
1690 2616 1757 2644 Θεοῦ
1775 2617 1867 2651 ἡμῶν.

1081 2664 1117 2694 Ἠ
1133 2670 1157 2693 κ’
1169 2667 1252 2701 μέχρι
1268 2667 1314 2693 καὶ
1326 2666 1412 2700 αὐτῆς
1431 2666 1481 2700 τῆς
1507 2668 1535 2697 ς’
1556 2665 1603 2692 τοῦ
1628 2663 1806 2697 Ἰανουαρίου,
1827 2661 1868 2692 ὡς

1077 2715 1107 2741 ὲν
1119 2714 1212 2745 αὑταῖς
1230 2712 1438 2748 ἑορταξομὲνων
1448 2711 1504 2738 τῶν
1518 2710 1668 2738 Γενεθλίων
1680 2710 1726 2736 καὶ
1752 2707 1800 2733 τοῦ
1816 2706 1867 2741 βα-

1079 2759 1232 2794 πτίσματος
1248 2758 1294 2785 τοῦ
1308 2758 1410 2793 Κυρίου
1427 2758 1474 2786 καὶ
1489 2757 1557 2783 Θεοῦ
1579 2757 1626 2783 καὶ
1641 2754 1768 2788 Σωτῆρος
1784 2752 1866 2787 ἡμῶν

1085 2804 1172 2838 Ἰησοῦ
1192 2803 1322 2838 Χριστοῦ.

1120 2863 1152 2889 'II
1170 2861 1204 2896 ιη’
1219 2861 1266 2888 τοῦ
1290 2859 1467 2895 Ἰανουαρίου,
1481 2858 1524 2884 διὰ
1539 2858 1601 2888 τοὺς
1620 2856 1707 2887 θείους
1736 2856 1867 2889 Πατέρας

1079 2908 1125 2934 καὶ
1142 2907 1330 2938 διδασκάλους,
1364 2905 1524 2932 Ἀθανάτων
1540 2903 1586 2931 καὶ
1610 2901 1755 2938 Κύριλλον.
1779 2900 1812 2927 Ἢ
1826 2901 1869 2927 κε’
