1955 3080
106 194 158 225 757

651 198 836 230 NOVELLrE
863 201 1204 233 CONSTtTU'l‘lONES.

1676 205 1729 235 '15s

103 250 152 276 τοῦ
164 249 248 276 αὑτοῦ
264 251 358 285 μηνὸς,
369 249 413 277 διὰ
426 250 475 286 τὴν
492 251 602 288 μνήμην
623 253 671 280 τοῦ
690 255 808 289 μεγάλου
837 256 889 282 Πα-

953 258 1050 289 nensis.
1068 263 1177 293 propter
1195 259 1352 287 memoriam
1378 262 1467 297 magni
1484 261 1584 295 Patris.
1606 261 1730 296 Gregorii

103 295 168 329 τρδς
178 295 330 330 Γρηγορίου
346 296 393 322 τοῦ
407 296 549 331 Θεολόγου.

147 350 179 376 Ἡ
195 350 218 384 β’
238 351 286 377 τοῦ
308 351 505 387 Φεϐρουαρίου,
530 354 574 381 διά
611 354 660 390 τὴν
688 355 736 382 τοῦ
762 356 888 390 Σωτῆρος

106 396 270 430 ὑπαπαντήν
282 404 288 411 '
303 397 351 423 καὶ
366 398 382 432 ὴ
399 397 434 432 ’ίι
447 398 490 425 διὰ
504 399 553 435 τὴν
567 400 617 435 τῆς
632 402 744 437 μνήμης
767 402 812 428 τοῦ
823 402 875 429 Θεο

103 441 183 476 δόχου
198 442 312 476 Συμεὼν
338 443 462 479 τελετήν.

145 498 178 525 Ἦ
195 498 234 525 κε’
243 499 290 526 τοῦ
317 501 454 537 Μαρτίου,
467 502 511 529 διὰ
524 503 569 530 τὸν
592 504 640 538 τῆς
657 505 828 541 Θεομήτορος
844 507 888 532 εὑ-

103 544 282 579 αγγελισμόν.
299 546 332 572 Δί
360 548 510 582 πασχαλίαι
523 549 579 575 τῶν
605 550 717 585 ἡμερῶν
742 551 789 576 ἀπ’
804 551 887 585 αὐτῆς

103 590 153 625 τῆς
168 590 215 616 τοῦ
233 591 358 626 Λαζάρου
374 593 509 628 ὲγέρσεως
527 595 607 630 μέχρι
626 595 671 622 καὶ
683 597 722 628 είς
737 597 824 632 αὐτὴν
838 597 888 632 τὴν

106 637 175 671 μετὰ
190 638 221 664 τὺ
233 637 310 672 ἅγιον
324 639 418 675 Πάσχα
431 640 535 676 ὀγδόην.

145 694 177 720 'H
189 694 230 721 κε’
244 695 291 722 τοῦ
313 696 464 732 Ἀπριλίου,
481 698 525 725 διὰ
556 699 602 725 τὸν
624 699 772 727 ἀπόστολον
781 702 828 727 καὶ
842 701 887 727 εὑ-

104 740 267 775 αγγελιστὴν
282 741 410 777 Μάρκον·
422 744 469 770 καὶ
483 745 500 779 ὴ
513 744 545 777 λ’,
555 744 599 772 διὰ
609 745 654 772 τὸν
669 745 817 772 ἀπόστολον
835 746 889 774 ἰἀ-

104 786 203 820 κωϐον,
227 787 273 813 τὸν
291 787 338 814 τοῦ
351 788 476 820 θεολόγου
492 790 538 817 καὶ
553 791 745 825 εὐαγγελιστοῦ
766 791 888 826 ἀδελφόν.

145 844 178 871 Ἦ
190 843 215 880 η’
229 845 276 872 τοῦ
291 846 392 878 Μαΐου,
404 847 447 874 διὰ
459 847 508 883 τὴν
537 849 647 883 μνήμην
670 848 717 876 τοῦ
749 849 889 884 εὐαγγελι-

104 891 169 917 στοῦ
191 891 316 918 Ἰωάννου
335 892 383 919 τοῦ
402 893 545 928 Θεολόγου.
569 895 601 921 ’11
630 893 657 927 ι’,
686 895 731 922 διὰ
763 896 813 932 τὴν
842 896 889 922 τοῦ

942 303 1081 338 Tbeologi.

977 360 1117 388 Februarii
1137 361 1195 389 dies
1206 362 1234 393 ‘2.
1249 367 1390 396 propterea
1408 364 1479 397 quod
1503 364 1608 390 obviam
1626 364 1728 392 Serva-

942 405 992 432 tori
1006 406 1042 433 sit
1057 407 1140 439 itum;
1155 412 1181 433 et
1193 407 1220 438 5,
1239 411 1348 442 propter
1359 408 1569 436 celebrationem
1590 410 1728 437 memoria:

943 450 1096 485 Symeonis,
1112 452 1155 486 qui
1173 452 1310 480 Christum
1328 453 1444 487 excepit.

977 506 1065 534 Martii
1085 507 1143 535 dies
1162 507 1209 541 25,
1234 513 1343 543 propter
1365 509 1475 536 allatum
1493 510 1613 544 Dcipara:
1638 511 1727 537 la‘tum

943 553 1019 579 illum
1034 553 1167 581 nuntium.
1190 554 1254 581 Item
1277 554 1334 582 dies
1355 553 1508 587 Pasclrales,
1524 557 1557 583 ab
1579 555 1634 590 ipsa
1653 563 1729 582 resu-

941 598 1086 626 scitatioue
1109 599 1217 632 Lazari,
1248 607 1336 635 usque
1359 601 1392 627 ad
1420 601 1489 628 diem
1517 606 1578 637 post
1604 606 1728 628 sanctum

942 642 1043 670 Pascha
1059 648 1196 672 octavum.

978 698 1078 732 Aprilis
1100 699 1156 726 dies
1179 699 1225 733 25,
1242 703 1354 734 propter
1373 700 1525 734 apostolum
1549 704 1574 728 et
1593 700 1730 734 evangeli-

942 748 1011 770 stam
1027 743 1161 777 Marcum;
1178 749 1205 771 et
1224 743 1270 776 50,
1285 749 1394 780 propter
1410 745 1563 780 apostolum
1582 745 1727 778 Iacobum.

943 788 1014 816 illius
1028 788 1144 824 theologi
1158 794 1185 817 et
1198 790 1370 825 evangelista}
1383 791 1510 819 fratrem.
1563 795 1567 798 ”

978 845 1040 873 Maii
1070 846 1126 874 dies
1155 847 1196 880 8,
1225 851 1337 882 propter
1369 849 1525 876 memoriam
1554 848 1727 881 evangelista;

943 889 1054 919 Joannis
1077 893 1212 928 theologi;
1228 898 1256 921 et
1281 893 1324 926 l0,
1349 899 1460 928 propter
1483 894 1602 922 Sim0nis
1627 894 1727 922 Zelotaa

104 937 256 964 ἀποστόλου
268 938 390 973 Σίμωνος
404 939 451 966 τοῦ
466 939 602 975 Ζηλωτοῦ.
635 941 668 968 ἸΙ
699 941 753 974 κα’,
778 942 822 969 διὰ
841 943 889 978 τὴν

953 938 1055 972 ιροειοίῑ
1073 939 1246 973 memoriam;
1265 944 1292 967 et
1303 940 1349 974 21,
1364 945 1475 976 propter
1489 942 1647 972 memoriam
1662 949 1727 968 san-

106 982 218 1017 μνήμην
231 983 286 1010 τῶν
301 984 389 1017 ἁγίων
404 985 452 1012 καὶ
463 985 653 1012 ίσαποστόλων
680 987 809 1022 μεγάλων
840 987 891 1022 βα-

105 1027 211 1058 σιλέων,
226 1029 432 1056 Κωνσταντίνου
448 1031 496 1057 καὶ
514 1030 635 1067 Ἑλένης.
671 1032 704 1059 Ἦ
747 1031 809 1065 κς¹,
837 1033 883 1060 διὰ

103 1073 154 1108 τὴν
167 1073 212 1100 τοῦ
229 1074 378 1102 ἀποστόλου
402 1076 530 1111 Ἁλφαίου
543 1076 590 1104 τοῦ
609 1076 702 1105 Ἰούδα.

147 1130 181 1156 Ἦ
198 1134 234 1158 ια’
247 1131 293 1158 τοῦ
320 1131 439 1166 Ἰουνίου,
455 1132 499 1160 διὰ
512 1133 559 1160 τὸν
577 1133 728 1160 ἀπόστολον
759 1134 891 1170 Βαρθολοι

108 1177 198 1210 μαῖον.
220 1176 253 1203 Ἦ
271 1176 314 1210 ιϐ’,
343 1177 443 1205 διὰτδν
457 1178 608 1206 ἀπόστολον
643 1179 745 1206 Ἰούδαν
773 1180 819 1207 τὸν
844 1181 891 1207 καὶ

106 1220 245 1253 Θαδδατον,
264 1221 311 1248 καὶ
321 1221 466 1256 Λεϐϐαῖον,
480 1223 528 1249 καὶ
547 1222 684 1252 Ἰάκωϐον.
714 1224 746 1251 Ἦ
771 1225 822 1256 κδ’,
847 1224 892 1251 διὰ

106 1265 136 1291 τὺ
149 1265 196 1292 τοῦ
214 1266 373 1302 Προδρόμου
387 1267 539 1295 Γενέθλιον.
562 1267 595 1294 Ἦ
621 1267 672 1300 XO’.
698 1268 743 1296 διὰ
768 1268 818 1303 τὴν
843 1268 892 1296 ἐπὶ

106 1312 164 1343 τοῖς
181 1313 340 1348 κορυφαίοις
354 1312 409 1339 τῶν
428 1314 585 1341 ἀποστόλων
596 1314 700 1349 Πέτρου
717 1315 764 1342 καὶ
785 1314 890 1342 Παύλου

105 1358 260 1393 πανήγυριν
271 1366 279 1374 ·
295 1358 366 1393 καὶὴ
380 1358 414 1391 λ’,
427 1358 472 1386 διὰ
483 1359 532 1395 τὴν
545 1360 656 1392 ὲπὶτοῖς
669 1360 784 1388 δώδεκα.

147 1414 179 1440 'H
192 1414 230 1440 κε’
243 1414 290 1441 τοῦ
322 1414 444 1446 Ἰουλίου,
462 1416 507 1442 διὰ
521 1415 570 1451 τὴν
599 1416 649 1451 τῆς
676 1416 758 1451 ἁγίας
789 1416 891 1452 ’Δννης

105 1460 155 1494 τῆς
169 1461 272 1496 μητρὸς
286 1461 335 1496 τῆς
350 1461 524 1497 Θεομήτορος
533 1463 675 1498 κοίμησιν.

147 1516 179 1543 'H
194 1520 222 1550 ς’
240 1517 289 1545 τοῦ
300 1518 470 1553 Αὐγούστου,
485 1519 530 1546 διὰ
542 1519 591 1556 τὴν
607 1519 654 1547 τοῦ
670 1520 796 1555 Σωτῆρος
810 1519 891 1556 ἡμῶν

115 1562 204 1597 Ἰησοῦ
219 1563 340 1599 Χριστοῦ
356 1564 581 1600 μεταμόρφωσιν.
603 1565 635 1591 'H
650 1565 683 1598 0',
699 1565 742 1592 διὰ
755 1565 804 1600 τὴν
822 1565 890 1600 μνή-

940 987 1045 1010 ctorurn
1060 987 1087 1011 et
1101 984 1230 1018 apostolis
1250 985 1366 1020 parium.
1389 993 1545 1020 magnorum
1563 986 1726 1021 principum.

941 1028 1110 1056 Constantini
1132 1035 1160 1057 et
1181 1029 1304 1058 Helenae-
1319 1035 1349 1059 et
1364 1030 1410 1064 26,
1432 1036 1543 1066 propter
1567 1033 1726 1060 memoriam

940 1073 1021 1102 Iuda!
1031 1075 1134 1110 Alphaei
1148 1076 1274 1111 apOstoli.

976 1131 1048 1160 Iunii
1058 1133 1118 1160 dies
1132 1133 1174 1166 ll,
1189 1139 1299 1168 propter
1317 1133 1540 1161 Bartbolomzeum
1556 1134 1725 1171 apostolum;

941 1183 968 1206 et
980 1178 1027 1212 23,
1039 1183 1147 1213 propter
1160 1178 1255 1206 Judam
1268 1178 1429 1213 apostolum,
1444 1184 1625 1214 cognomento
1639 1179 1727 1207 Thud-

941 1225 1038 1257 dmum,
1055 1229 1082 1252 et
1096 1223 1231 1257 Lebaaum.
1249 1229 1275 1251 et
1297 1223 1444 1257 Jacobum;
1468 1225 1531 1252 item
1548 1224 1594 1258 24,
1617 1230 1729 1260 propter

940 1269 1060 1297 Natalem
1075 1270 1261 1304 pmcursoris,
1284 1274 1312 1297 et
1332 1269 1378 1300 29,
1403 1273 1516 1304 propter
1539 1270 1724 1305 apostolorum

941 1313 1103 1348 principum,
1137 1313 1208 1340 Petri
1235 1319 1263 1341 et
1288 1313 1363 1354 gauli
1391 1313 1602 1348 solemnitatem,
1626 1320 1655 1351 et
1681 1315 1727 1346 30.

941 1363 1051 1394 propter
1065 1359 1223 1386 memoriam
1236 1359 1420 1394 apostolorum
1440 1359 1486 1387 12.

975 1414 1038 1443 Julii
1056 1415 1113 1442 dies
1139 1415 1185 1449 25,
1205 1420 1317 1451 propter
1338 1415 1570 1444 Obdorntitionem
1584 1416 1613 1446 S.
1630 1417 1727 1451 Anum.

941 1460 1036 1489 Matris
1049 1460 1129 1497 Deipa
1135 1469 1179 1489 rae.

976 1518 1089 1553 Augusti
1111 1519 1168 1546 dies
1188 1518 1215 1551 ϐ,
1240 1523 1350 1554 propter
1374 1519 1527 1548 Servatoris
1550 1521 1636 1549 nostri
1661 1521 1724 1550 Jesu

941 1562 1042 1590 Christi
1062 1562 1343 1597 transformationem;
1360 1569 1387 1591 et
1399 1563 1425 1596 9,
1441 1569 1551 1599 propter
1566 1566 1724 1593 memoriam

107 1617 162 1644 μην
173 1609 220 1636 τοῦ
236 1610 314 1644 ἁγίου
333 1599 484 1637 ἀποστόλου
497 1610 632 1638 Ματθίου.
653 1611 685 1637 'H
709 1610 750 1644 ιε’,
773 1599 828 1637 star
840 1599 889 1646 τὴν

953 1608 1029 1635 nancti
1052 1607 1166 1642 apostoli
1184 1606 1318 1641 Mattltiai;
1336 1612 1364 1636 et
1385 1607 1430 1641 15,
1456 1613 1566 1643 propter
1588 1608 1728 1643 gloriosis-

105 1655 287 1691 ὑπερένδοξον
310 1656 362 1691 τῆς
392 1656 476 1691 ἁγίας
491 1656 625 1684 Θεοτόκου
643 1657 818 1692 μετάστασιν.
836 1656 890 1683 Καὶ

106 1702 123 1736 ἠ
139 1701 173 1734 κ’,
189 1701 234 1729 διὰ
250 1701 300 1738 τὴν
312 1703 422 1738 μνήμην
435 1702 482 1729 τοῦ
498 1703 576 1737 ἁγίου
591 1703 740 1730 ἀποστόλου
749 1701 889 1729 Θαδδαίου.

107 1750 160 1776 Καὶ
179 1751 196 1785 ἡ
211 1750 249 1777 κδ’
264 1750 308 1777 διὰ
320 1750 370 1785 τὴν
385 1750 432 1777 τοῦ
449 1749 599 1777 ἀποστόλου
609 1748 823 1784 Βαρθολομαίου.
835 1748 891 1775 Καὶ

106 1796 123 1831 ἡ
133 1795 184 1829 κθ¹,
197 1796 243 1823 διὰ
259 1796 308 1831 τὴν
320 1795 367 1823 τοῦ
379 1795 470 1832 τιμίου
481 1795 639 1831 Προδρόμου
651 1794 802 1830 ἀποτομήν.

142 1853 263 1885 Ταύταις
288 1853 325 1885 ὡς
339 1852 431 1890 τέλεον
443 1852 597 1888 ἀπράκτοις
615 1852 891 1888 συνεξετασθήσονται

106 1898 153 1925 καὶ
164 1898 192 1924 at
212 1898 362 1933 μεσότητες
377 1898 428 1933 τῆς
451 1898 747 1933 τεσσαρακονθημόρου
765 1897 892 1932 νηστείας

107 1945 152 1971 ni.
162 1944 209 1978 τῆς
226 1943 425 1979 Πεντηκοστῆς,
445 1944 574 1979 καὶὴτοῦ
589 1944 716 1980 Σωτῆρος
733 1943 890 1978 ’Δνάληψις,

106 1991 154 2018 καὶ
171 1991 256 2017 πᾶσαι
270 1991 325 2017 τῶν
343 1991 372 2017 ὲν
383 1989 421 2026 τῷ
442 1990 559 2026 ἐνιαυτῷ
570 1991 682 2026 ἡμερῶν
697 1989 868 2024 κυριώνυμοι
881 1997 891 2007 ·

106 2036 145 2068 ὡς
162 2037 191 2063 ιν
207 2037 302 2068 αὑταῖς
315 2035 532 2064 ἀποκεκλεῖσθαι
549 2037 640 2063 πᾶσαν
663 2035 782 2071 πάροδον
808 2035 848 2066 είς
861 2034 892 2060 τδ

106 2083 291 2118 δικαστήριον,
307 2082 354 2109 καὶ
372 2082 456 2118 μηδέν
468 2091 494 2109 τι
512 2082 614 2118 μηδένα
630 2081 685 2108 τῶν
699 2081 822 2113 δικάζειν
841 2080 892 2107 λα-

112 2129 216 2163 χόντων
234 2128 390 2155 δικαστικὸν
405 2127 632 2163 διαπράττεσθαι.

145 2186 178 2221 β’.
196 2187 230 2213 Αἰ
243 2195 274 2220 γε
292 2186 345 2222 μὴν
355 2186 386 2213 τὺ
397 2186 572 2221 δικαστήριον
588 2185 642 2212 ἀπὺ
665 2185 766 2221 μέρους
794 2186 891 2221 σχολά-

107 2232 214 2263 ζουσαι,
234 2232 281 2258 καὶ
295 2231 333 2266 μὴ
351 2230 572 2266 καθ’ὁλόκληρον
585 2230 632 2266 (ὡς
644 2230 888 2267 προδιειλήφαμεν)

108 2276 349 2312 ἀπρακτήσουσαι,
362 2273 418 2303 εἷεν
431 2276 464 2303 ἂν
481 2272 572 2303 αὗται.

146 2333 180 2360 Ίι
196 2336 223 2365 ς’
236 2332 282 2359 τοῦ
299 2332 487 2369 Σεπτεμϐρίου
502 2332 599 2368 μηνὸς,
613 2332 654 2359 ὅτι
667 2333 697 2359 ὲν
713 2332 781 2368 αὐτῇ
807 2332 844 2359 τδ.
863 2333 891 2360 ἐν

107 2378 208 2413 χώναις
220 2378 268 2405 τοῦ
282 2379 504 2415 ἀρχιστρατήγου
518 2379 631 2415 Μιχαὴλ
654 2380 753 2415 θαῦμα.
776 2387 891 2415 τετερα-

107 2425 267 2461 τούργηται.

149 2494 182 2521 Ἡ
201 2497 244 2528 κγ’
259 2493 306 2521 τοῦ
325 2493 551 2529 Ὀκτωϐρίου,ὄτι
562 2493 612 2530 τὴν
627 2494 736 2529 μνήμην
749 2494 798 2521 τοῦ
817 2494 892 2522 ἁδελ-

107 2538 206 2573 φοθέου
219 2538 348 2565 Ἰακώϐου
363 2538 506 2573 τελοῦμεν.
524 2538 557 2565 Ἦ
580 2541 657 2572 κσςι,
673 2539 723 2572 ὅτιξ
733 2538 780 2566 τὸν
805 2538 893 2573 μέγαν

110 2584 238 2620 μάρτυρα
252 2584 298 2610 καὶ
308 2583 481 2620 μυροᾶλύτην
493 2584 649 2620 Δημήτριον
659 2583 837 2620 ἑορτάζομεν.

146 2651 180 2678 Ἦ
191 2654 215 2677 a.’
231 2650 276 2678 τοῦ
292 2650 459 2687 Νοιμϐρίου,
477 2651 520 2678 διὰ
539 2651 569 2678 τὸ
583 2651 648 2683 τοὺς
661 2651 890 2687 θαυματουργοὺς

107 2699 280 2735 ἀναργὺρους
295 2700 409 2734 Κοσμᾶν
424 2700 470 2726 καὶ
482 2699 621 2734 Δαμιανδν
645 2698 835 2736 ἑορτάξεσθαι.
857 2699 891 2727 Ἦ

107 2744 144 2778 ηἷ,
156 2745 201 2772 διὰ
213 2745 244 2771 τὸ
254 2745 304 2779 τὴν
318 2745 428 2778 σύναξιν
439 2746 493 2772 τῶν
506 2746 660 2781 ἀσωμάτων
674 2745 822 2772 τελεῖσθαι.
837 2746 893 2772 Καὶ

109 2792 126 2826 ἠ
139 2795 193 2826 κη’,
209 2791 254 2818 διὰ
275 2791 306 2818 τὸ
320 2792 366 2819 τὸν
388 2791 575 2827 όσιομάρτυρα
598 2791 735 2826 Στέφανον
760 2792 806 2819 τὸν
831 2793 892 2819 νέον

109 2836 356 2873 πανηγυρίζεσθαι.

151 2894 182 2920 'H
213 2894 236 2921 δ’
259 2894 307 2921 τοῦ
333 2893 514 2929 Δεκεμϐρίου,
538 2894 583 2921 διὰ
605 2893 655 2930 τὴν
682 2894 890 2930 καλλιμάρτυρα

940 1653 1035 1681 simam
1051 1658 1150 1681 sanctze
1165 1653 1283 1687 Deiparae
1299 1654 1504 1688 migrationem;
1520 1659 1548 1681 et
1557 1654 1604 1686 20,
1617 1659 1726 1688 propter

941 1700 1097 1727 memoriam
1114 1699 1199 1727 sancti
1213 1700 1326 1735 apostoli
1343 1699 1486 1734 Thaddaei;
1507 1705 1534 1727 et
1553 1699 1600 1731 Ἡ,
1615 1704 1724 1734 propter

940 1744 1129 1772 Bartholomaai
1157 1745 1270 1780 apostoli
1295 1744 1474 1778 memoriam;
1499 1749 1527 1772 et.
1546 1744 1591 1777 29,
1614 1748 1723 1780 propter

940 1790 1087 1818 venerandi
1103 1789 1283 1818 Praecursoris
1297 1790 1513 1818 decollationem.

977 1856 1051 1884 Inter
1066 1855 1116 1884 bos
1129 1857 1240 1884 omnino
1258 1856 1369 1884 feriatos
1385 1857 1441 1884 dies
1456 1856 1685 1891 compntabnatur
1699 1860 1725 1882 ct

941 1901 1101 1929 medietates
1120 1901 1215 1937 jejunii
1235 1900 1413 1936 quadraginta
1439 1900 1553 1933 dierum,
1577 1905 1604 1927 et
1628 1900 1726 1928 Pente-

940 1951 1040 1979 costes.
1056 1951 1084 1974 et
1104 1946 1257 1974 Servatoris
1271 1945 1433 1980 assumptioI
1455 1949 1483 1972 et
1499 1952 1594 1972 omnes
1610 1945 1636 1972 in
1653 1952 1732 1985 anno

941 1993 998 2020 dies
1012 2000 1026 2020 a
1043 1993 1156 2020 Domino
1171 1992 1315 2027 nuncapati
1328 1999 1335 2018 :
1350 1992 1385 2019 ita
1398 1997 1428 2019 ut
1439 1991 1514 2018 hisce
1528 1990 1623 2018 diebus
1636 1991 1726 2018 omnis

941 2037 975 2065 ad
993 2037 1110 2065 tribunal
1125 2037 1213 2064 aditus
1228 2036 1375 2071 praeclusus
1390 2036 1436 2068 sit,
1455 2042 1504 2062 nec
1527 2034 1598 2062 ullus
1617 2042 1722 2068 eorum,

941 2083 986 2119 qui
998 2083 1043 2118 jus
1059 2083 1161 2115 dicunt,
1177 2082 1323 2117 quidquam
1342 2081 1375 2109 ad
1388 2081 1458 2116 juris
1477 2081 1623 2108 dictionem
1641 2080 1727 2116 perti-

943 2136 1018 2162 nens,
1037 2132 1156 2164 peragat.

976 2183 1108 2212 Caeterum
1132 2191 1147 2211 a
1161 2191 1259 2218 quibus
1276 2190 1309 2210 ex
1326 2187 1402 2219 parte
1417 2184 1585 2210 vacationem
1609 2180 1727 2209 tribunal

943 2230 1036 2262 habet,
1058 2229 1158 2264 quique
1183 2236 1235 2256 nou
1259 2229 1286 2256 in
1311 2228 1426 2255 solidum
1448 2228 1551 2263 (veluti
1570 2227 1624 2262 jam
1646 2231 1727 2254 antea

906 2275 928 2304 D
944 2274 1072 2310 diximus)
1087 2274 1177 2302 feriati
1195 2273 1307 2307 sunt,hi
1319 2281 1384 2301 sane
1401 2273 1514 2301 [uerint.

979 2332 1042 2360 Dies
1061 2332 1078 2359 6
1093 2331 1192 2359 mensis
1211 2330 1390 2366 Septembris,
1410 2330 1481 2366 quod
1503 2335 1566 2357 tunc
1589 2327 1726 2356 Micbaeiis

941 2379 1040 2406 summi
1063 2377 1202 2413 copiarum
1223 2377 1300 2405 ducis
1325 2377 1424 2404 factum
1444 2375 1545 2404 Gitonis
1567 2373 1727 2405 miraculum

941 2424 1094 2461 prodigiose
1106 2427 1342 2452 commemoretur.

977 2492 1102 2521 Octobris
1121 2492 1167 2524 23,
1194 2492 1265 2526 quod
1286 2491 1391 2524 Jacobi,
1408 2490 1507 2518 Christi
1532 2488 1644 2521 fratris,
1669 2495 1727 2516 me-

942 2539 1056 2568 moriam
1080 2538 1250 2570 recolamus;
1269 2542 1297 2565 et
1318 2537 1365 2568 26.
1392 2537 1462 2570 quod
1481 2536 1503 2562 is
1519 2541 1617 2570 magno
1632 2538 1658 2562 et
1673 2541 1725 2561 un-

942 2584 1049 2621 guentis
1060 2583 1219 2612 scaturienti
1232 2582 1367 2610 Demetrio
1379 2581 1465 2609 festus
1478 2586 1583 2616 agatur.

977 2652 1139 2681 Novembris
1162 2653 1189 2684 1,
1208 2651 1243 2680 ob
1266 2650 1402 2678 edentium
1427 2649 1560 2685 prodigia,
1588 2653 1615 2676 et
1643 2646 1726 2682 gratis

942 2700 1006 2728 olim
1034 2698 1194 2727 medicinam
1219 2696 1512 2728 l'acientium,Cusma:
1543 2702 1574 2722 ac
1603 2693 1725 2720 Damiani

943 2746 1057 2778 festum;
1079 2749 1105 2772 et
1121 2745 1147 2776 8,
1169 2743 1240 2778 quod
1262 2742 1383 2777 corporis
1403 2742 1554 2776 cxpertium
1577 2744 1727 2768 conventus

943 2793 1111 2824 celebretur;
1125 2794 1153 2818 ct
1165 2789 1209 2822 28,
1226 2793 1334 2824 propter
1351 2787 1438 2815 sancti
1454 2786 1579 2822 martyris
1596 2785 1725 2820 Stcpbani

939 2838 1054 2874 iunioris
1063 2836 1268 2864 solemnitatem.

979 2892 1132 2922 Decembris
1144 2891 1172 2926 6,
1188 2896 1297 2927 propter
1312 2890 1446 2926 egregiam
1462 2893 1607 2924 martyrem
1624 2886 1725 2914 Barba»
