1955 3080
155 132 207 162 ’1ϋ3

765 133 963 164 MANUELIS
981 133 1153 164 COMNENI

1724 127 1777 159 7εᾶ

154 190 304 224 Irans’gere
323 189 466 220 debebant.
493 190 565 217 nulla
592 190 680 218 habita
699 191 804 218 ratione
823 191 936 218 aliarum

993 190 1039 217 καὶ
1056 190 1212 223 θεοστυγὲς,
1227 189 1259 216 ἐκ
1271 197 1301 216 τε
1316 188 1369 215 τῶν
1384 187 1466 215 θείων
1480 186 1572 222 νόμων
1594 186 1641 213 καὶ
1656 187 1710 212 τῶν
1727 187 1777 213 ἁν-

155 243 294 270 [cenarum
317 243 376 270 qua:
400 235 467 269 ipsis
491 236 585 263 dandae
609 241 688 264 erant
703 236 747 272 (de
762 237 859 270 quibus
884 237 940 264 No-

155 282 231 309 vella:
253 282 305 308 huc
318 287 472 315 spectantes
492 282 579 309 fusius
595 283 733 316 tractant).
749 282 786 308 De
800 283 833 310 iis
849 287 939 310 autem

155 328 199 359 qui
216 327 249 354 ad
267 327 390 361 Magnam
410 328 552 354 ecclesiam
575 328 734 363 confugiunt
752 328 819 355 nihil
848 329 940 355 deter-

155 373 284 404 minavit,-
303 373 376 408 leges
400 374 470 400 enim
491 374 613 407 politicas
634 374 730 401 stricte
754 374 796 401 his
809 374 841 401 de
859 375 940 402 rebus

156 419 308 450 observari,
325 424 407 454 alque
427 419 578 447 homicidas
600 421 690 454 puniri
714 420 807 454 jussit.
824 420 880 448 Hoc
893 428 941 448 no-

154 471 216 490 vum
233 465 350 491 edictum
369 470 518 499 praetextus
539 466 589 492 l'uit
613 466 751 493 sceleratis
769 472 850 501 atque
874 467 940 494 abo-

154 510 289 537 minandis
320 511 474 538 hominibus
508 511 650 538 homicidia
679 511 738 538 sine
763 512 867 546 pudore
893 521 941 548 pa-

154 555 252 587 trandi,
275 562 306 581 ac
325 555 385 582 dein
412 556 510 589 piaculi
531 563 595 589 ergo
613 557 638 582 in
662 556 803 583 ecclesiam
820 558 938 591 aliquam

154 600 336 635 confugiendi,
359 602 438 633 unde,
457 601 572 628 absoluti
591 601 714 634 crimine,
729 603 838 630 domum
851 611 941 630 rever-

155 646 290 674 t=-bantur.
302 645 368 673 llinc
382 646 481 672 factum
491 651 532 673 est
544 651 573 673 ut
584 646 704 682 plerique
711 648 824 682 plurima
837 649 939 676 scelera

154 691 323 718 ι-οιιιιιήιιοτο
333 699 385 717 non
399 691 602 724 erubescerent,
614 693 809 728 indulgentiam
822 702 937 728 sperau-

156 741 205 768 tes,
222 743 302 770 quam
326 737 395 764 male
422 738 687 766 commiserationem
706 740 817 768 dixeris.
835 740 940 768 Miseri-

153 784 242 808 cordia
257 783 327 809 enim
344 783 377 810 ad
394 791 441 812 eos
454 785 499 818 qui
517 785 717 813 calamitatibus
730 791 872 819 vexantur,
886 794 938 814 non

154 835 218 854 vero
237 829 270 855 ad
295 829 437 862 scelestos,
461 831 519 863 sed,
535 836 565 859 ut
581 832 682 859 dictum
699 837 750 866 est,
768 833 800 859 ad
822 832 938 860 iul'ortu-

155 880 232 901 natos
244 880 366 909 spectare
380 876 459 904 solet.
475 876 540 904 Inde
559 878 640 905 etiam
655 879 755 905 factum
772 883 814 905 est
826 882 854 905 ut
870 879 941 906 exsi-

153 923 217 950 lium
228 928 385 957 perpetuum
397 923 518 950 inel'licax
526 928 552 950 et
559 923 654 950 inutile
663 924 790 951 evaserit.
798 923 858 951 Jam
867 925 940 952 enim

153 969 284 1001 ejusmodi
300 969 387 995 exsilii
406 968 478 995 nulla
496 969 564 996 ratio
582 969 707 1002 habetur,
730 969 863 1004 siquidem
894 971 942 997 ho-

153 1014 258 1041 micidre
273 1021 369 1040 omnes
393 1014 454 1040 sine
473 1013 634 1041 verecundia
660 1013 719 1040 loca
738 1013 795 1048 ipsa
821 1014 942 1041 circum-

153 1063 231 1092 eunt,
255 1059 282 1086 in
309 1059 407 1093 quibus
434 1063 625 1094 peccaverant.
655 1059 805 1087 Praeteritis
827 1067 943 1094 namque

155 1105 333 1140 temporibus,
355 1105 464 1140 quando
481 1105 530 1132 viri
554 1105 581 1132 in
604 1105 757 1140 provincias
780 1106 939 1141 delegaban-

154 1156 198 1178 tur
221 1151 292 1178 civili
319 1155 464 1186 potestate,
496 1157 543 1178 aut
567 1151 648 1179 etiam
674 1152 782 1179 militari
811 1152 942 1184 investiti,

155 1197 300 1225 homicidio
313 1197 409 1225 alicubi
431 1201 535 1231 patrato
548 1205 644 1225 omnes
656 1197 779 1224 certatim
793 1198 941 1225 occisorem

154 1244 383 1278 comprehendere
392 1244 538 1271 studebant
552 1249 580 1270 ut
591 1243 676 1278 judici
691 1245 853 1271 traderetur.
866 1243 943 1270 Nunc

155 1296 219 1316 vero
232 1288 278 1323 qui
297 1289 451 1322 provincias
461 1289 624 1323 gubernant,
635 1293 663 1315 ut
675 1296 724 1323 ego
733 1289 840 1323 quidem
851 1290 942 1322 audio,

155 1333 284 1368 quidquid
307 1334 448 1368 pulchrum
477 1338 518 1361 est
547 1333 626 1368 plane
653 1334 829 1369 negligentes,
855 1335 944 1362 homi-

154 1386 273 1414 numque
297 1379 391 1406 salutis
422 1379 549 1411 studiosi,
578 1387 703 1406 nummos
733 1387 765 1407 ac
790 1380 893 1407 lucrum
916 1381 942 1407 in

157 1426 245 1460 primo
263 1426 321 1453 loco
347 1431 462 1460 ponunt,
479 1426 524 1453 ubi
541 1427 568 1453 in
593 1426 702 1461 regione
725 1434 805 1462 quam
822 1427 944 1455 incolunt

156 1471 332 1499 homicidium
346 1476 388 1499 est
403 1472 590 1505 commissum,
607 1480 703 1506 parum
725 1477 825 1500 curant
838 1477 867 1499 ut
882 1480 942 1500 ma-

992 236 1136 271 θρωπίνων
1148 236 1306 271 ἀρκούντως
1320 235 1480 270 δεδήλωται.
1494 233 1563 268 Περὶ
1571 233 1600 259 δὲ
1613 233 1669 260 τῶν
1683 232 1775 260 τοιούο

990 290 1030 317 τῳ
1046 282 1268 316 περιπιπτόντων
1284 281 1440 315 ἐγκλήματι
1457 279 1504 306 καὶ
1518 280 1552 315 τῇ
1567 279 1709 315 ἁγιωτάτῃ
1726 279 1777 306 καὶ

991 329 1106 363 Μεγάλῃ
1131 327 1178 355 τοῦ
1206 327 1274 354 Θεοῦ
1309 325 1459 361 Ἐκκλησία
1485 325 1716 361 προσφευγόντων
1741 326 1777 351 τὰ

991 374 1106 406 δόξαντά
1124 375 1148 400 οἱ
1166 373 1356 408 νομοθετήσας
1376 374 1390 399 ὁ
1414 373 1669 407 πορφυρογέννητος
1692 372 1776 406 κυρὸς

991 421 1197 451 Κωνσταντῖνος
1217 419 1363 454 διωρίσατο
1397 418 1529 453 ἀειφυγίᾳ
1549 418 1598 453 μὲν
1615 418 1679 449 τοὺς
1694 418 1776 444 ἐκου-

992 467 1068 498 σίους
1093 466 1182 501 φονεῖς
1201 465 1325 496 ἅπαντας
1350 465 1547 501 ἀπαραιτήτως
1571 463 1777 490 καθυποόἁλλε-

992 513 1065 544 σθαι,
1084 511 1132 537 καὶ
1148 512 1185 546 μὴ
1203 511 1408 550 συγχωρεῖσθαι
1424 511 1595 545 περινοστεῖν
1612 509 1709 540 αὐτοὺς
1726 508 1776 534 καὶ

991 556 1137 592 φαίνεσθαι
1153 558 1182 582 ὲν
1195 558 1227 592 τῇ
1245 558 1294 591 γῇ,
1307 557 1324 591 ἢ
1341 556 1373 583 τδ
1386 555 1433 583 τοῦ
1445 555 1559 590 πλησίον
1573 552 1641 590 αἷμα
1654 553 1776 589 χανοῦσα

991 604 1086 634 κακῶς
1095 603 1242 636 ὑπεδέξατο
1252 611 1258 619 ·
1272 603 1335 634 τούς
1345 611 1378 636 γε
1389 603 1443 638 μὴν
1454 603 1486 628 ἐκ
1496 601 1610 636 μελέτης
1619 601 1665 627 καὶ
1681 599 1778 635 βεϐουι-

990 649 1130 683 λευμένως
1144 649 1192 675 κα)⁸
1210 648 1279 683 μετὰ
1293 648 1414 683 σκέψεως
1423 648 1468 674 τὸν
1484 647 1627 681 ἀδελφικὸν
1640 654 1778 681 κατεργα-

992 696 1126 729 σαμένους
1137 694 1252 721 θάνατον
1274 694 1322 721 σὺν
1333 696 1365 729 τῇ
1381 693 1511 728 ἀειφυγίᾳ
1522 693 1567 719 καὶ
1582 690 1778 726 ἀποκείρεσθαι

991 741 1099 771 πάντως
1112 740 1263 771 διετάξατο,
1273 740 1319 766 καὶ
1332 739 1389 770 τοῖς
1402 739 1529 773 μοναχοῖς
1545 736 1779 770 ἑγκαταλεγέντας

991 788 1056 822 παρ’
1062 787 1127 822 ὃλην
1135 786 1225 812 αὐτῶν
1233 785 1283 821 τὴν
1290 785 1362 820 ζωὴν
1372 785 1411 820 τῷ
1420 783 1593 819 μοναστηρίῳ
1602 781 1779 817 προσμένειν,

993 834 1061 869 μετὰ
1073 834 1102 860 τὸ
1111 834 1158 859 καὶ
1167 833 1249 864 ἄλλας
1258 831 1353 870 ποινὰς
1362 831 1526 865 ὑφίστασθαι
1540 829 1616 865 (περὶ
1629 826 1666 855 ὧν
1675 827 1778 854 πλατύν

993 888 1071 914 τερον
1079 878 1114 905 τὰ
1131 879 1195 911 περὶ
1207 877 1310 904 τούτων
1322 876 1490 903 ἀπολυθέντα
1511 874 1593 909 νεαρὰ
1604 873 1780 907 θεσπίσματα

992 924 1161 961 διορίζεται),
1182 924 1265 958 μηδὲν
1279 922 1345 956 περὶ
1370 921 1424 948 τῶν
1443 921 1480 956 μὴ
1496 919 1722 956 προσφευγόντων
1744 919 1779 953 τῇ

993 971 1133 1005 ἁγιωτάτῃ
1147 969 1261 1004 Μεγάλῃ
1284 967 1432 1002 Ἐκκλησία
1446 965 1645 1000 διορισάμενος,
1660 964 1698 996 ὡς
1715 964 1780 995 τοὺς

993 1016 1148 1046 πολιτικοὺς
1160 1015 1259 1050 νόμους
1275 1013 1488 1048 ἀπαρακινήτως
1508 1012 1555 1038 ἐπὶ
1568 1011 1672 1037 τούτων
1686 1011 1780 1044 τηρεῖ.

993 1063 1055 1089 σθαι
1069 1061 1234 1097 βουλόμενος
1246 1061 1294 1087 καὶ
1302 1060 1350 1094 τὴν
1359 1058 1494 1094 τιμωρίαν
1506 1059 1562 1088 τοῖς
1571 1057 1697 1091 φονεῦσιν
1708 1056 1780 1082 ἑπά-

993 1108 1102 1143 γεσθαι,
1119 1107 1212 1139 καθὼς
1226 1108 1242 1143 ἡ
1254 1107 1358 1133 τούτων
1378 1104 1526 1140 νομοθεσία
1546 1102 1779 1139 παρακελεύεται.

993 1155 1135 1189 Πρόφασις
1151 1152 1200 1179 οὖν
1222 1153 1238 1186 ή
1255 1153 1367 1186 τοιαύτη
1388 1150 1473 1185 νεαρὰ
1493 1148 1639 1184 νομοθεσία
1652 1149 1709 1179 τοῖς
1727 1156 1781 1174 πα-

993 1199 1205 1234 λαμναιοτάτοις
1220 1198 1275 1224 τῶν
1291 1197 1442 1232 ἀνθρώπων
1458 1195 1506 1222 καὶ
1517 1195 1665 1229 ἐπαράτοις
1678 1193 1779 1227 γέγονε

993 1246 1040 1272 τοῦ
1058 1245 1126 1280 μετὰ
1141 1244 1241 1278 πολλῆς
1262 1243 1357 1274 ἀδείας
1374 1242 1420 1268 ἐπὶ
1441 1241 1491 1272 τὰς
1508 1241 1666 1276 μιαιφονίας
1680 1240 1781 1275 ἐκτρέ-

994 1300 1063 1328 χειν,
1083 1292 1131 1318 καὶ
1146 1291 1194 1324 τῆς
1209 1289 1345 1325 τυχούσης
1360 1287 1530 1322 λαὸομένους
1552 1286 1715 1321 προφάσεως
1730 1293 1780 1320 τη-

991 1337 1117 1365 λικοῦτον
1148 1336 1233 1371 μύσος
1260 1333 1428 1369 ἐργάζεσθαι
1450 1333 1499 1360 καὶ
1529 1331 1714 1367 προσφεύγειν
1742 1332 1778 1367 τῇ

999 1383 1159 1419 Ἐκκλησία,
1175 1382 1223 1409 καὶ
1237 1382 1355 1417 γράμμα
1380 1379 1552 1414 συμπαθείας
1577 1377 1781 1413 πορισαμένους

993 1430 1174 1465 ἀναστρέφειν
1189 1428 1292 1455 οἴκαδε.
1311 1425 1469 1453 Κάντεῦθεν
1483 1425 1508 1451 οι
1530 1424 1639 1453 πλείους
1654 1424 1702 1450 καὶ
1717 1424 1783 1450 δευ-

992 1477 1083 1513 τέροις
1108 1476 1157 1502 καὶ
1183 1475 1286 1510 τρίτοις
1310 1473 1358 1500 καὶ
1375 1472 1497 1499 πλείοσιν
1510 1471 1696 1505 ἐπιτολμῆσαι
1727 1471 1781 1496 οὐκ

154 1517 299 1546 lefactores
319 1517 493 1553 investigent,
524 1517 590 1550 imo,
620 1518 691 1552 quod
717 1518 804 1553 pejus,
828 1519 850 1545 si
873 1525 941 1552 quos

996 1522 1123 1557 ὤκνησαν
1140 1519 1184 1547 διὰ
1205 1520 1236 1546 τὸ
1258 1519 1358 1555 χαῦνον
1375 1519 1422 1545 καὶ
1441 1517 1732 1552 καταπεφρονημένον,
1745 1530 1781 1536 —-

154 1563 432 1598 comprehenderunt,
458 1564 626 1591 abscondunt
643 1564 752 1591 etclam
774 1564 800 1591 in
818 1564 942 1599 Magnam

154 1609 299 1636 ecclesiam
316 1608 505 1636 introducunt.
528 1609 597 1642 Quid
627 1609 727 1636 deinde
749 1610 783 1636 de
804 1609 900 1637 iisdem
915 1609 944 1637 iu

158 1654 361 1682 sanctissimam
388 1653 436 1681 Dei
463 1653 604 1682 ecclesiam
633 1654 735 1690 illapsis
760 1654 817 1688 ﬁat,
831 1655 943 1690 ignoro;

155 1700 201 1727 sed
217 1699 281 1726 nihil
293 1699 355 1726 boni
374 1699 541 1732 subodoror;
555 1699 633 1726 video
642 1700 714 1726 enim
725 1699 752 1726 in
763 1699 878 1735 imperio
892 1700 946 1727 Ro-

156 1753 236 1772 mano
264 1752 390 1780 maguum
425 1745 632 1773 homicidiorutn
657 1753 799 1773 numerum
831 1746 943 1780 patrari.

156 1789 269 1823 Quando
285 1791 366 1826 igitur
384 1797 433 1825 pro
445 1789 578 1825 dignitate
593 1797 651 1817 mea
670 1790 744 1825 regia
755 1795 850 1826 reputo
863 1798 943 1825 quam

157 1845 220 1864 raro
244 1837 374 1872 ejusmodi
403 1837 518 1863 crimina
535 1837 604 1870 apud
630 1842 725 1871 gentes
745 1837 791 1871 qui
813 1844 866 1864 non
886 1837 945 1873 lege

156 1875 258 1914 divina,
274 1891 326 1910 non
345 1886 416 1909 metu
434 1889 519 1916 pinnae
535 1885 708 1913 coercentur,
724 1882 943 1915 committantur,

156 1934 217 1961 quae
241 1931 379 1954 nostrates
396 1926 517 1962 quotidie
534 1930 654 1961 patrant,
670 1934 767 1961 magno
788 1933 904 1954 maerore
918 1932 946 1955 et

163 1972 331 1999 desolatione
344 1971 455 2005 ullicior,
473 1971 597 1998 homines
611 1972 707 1998 videns
734 1971 807 1999 nullo
836 1972 945 2000 virtutis

157 2018 247 2045 studio
270 2023 297 2046 et
326 2019 439 2045 honoris
465 2018 595 2045 instinctu
620 2017 725 2044 ductos.
749 2017 797 2045 His
819 2019 946 2047 omnibus

158 2071 248 2094 mente
269 2065 424 2101 ponderatis
438 2070 465 2092 et
477 2065 593 2094 Novella;
610 2068 700 2101 regiae,
719 2073 778 2099 qua:
795 2066 944 2094 canonicos

159 2113 287 2146 quasdam
304 2113 493 2147 dispositiones
514 2118 629 2148 spectat,
647 2113 753 2143 ratione
777 2112 880 2145 habita,
898 2113 946 2140 ho-

158 2157 327 2185 uiicidiorum
348 2158 523 2186 incitamenta
541 2164 568 2186 et
583 2166 690 2191 causas,
711 2162 841 2198 quantum
858 2158 883 2184 in
902 2165 945 2185 me

157 2208 209 2234 est,
229 2204 347 2234 abolere.
364 2210 391 2231 et
410 2204 526 2232 Novella)
543 2209 698 2232 memoratas
714 2205 830 2239 vigorem
845 2204 944 2231 addere

157 2250 185 2276 in
203 2251 294 2278 animo
308 2251 400 2278 statui.

994 1569 1026 1596 οὺ
1042 1568 1097 1603 γὰρ
1121 1567 1156 1594 ἂν
1173 1567 1280 1601 εἴποιμι
1302 1564 1446 1600 συμπαθὲς
1461 1577 1498 1584 -—-
1512 1563 1562 1598 τῆς
1582 1562 1718 1598 προτέρας
1733 1571 1781 1588 κο-

994 1615 1099 1645 λάσεως
1113 1622 1120 1630 σ
1137 1612 1295 1646 συμπάθεια
1307 1610 1363 1646 γὰρ
1379 1611 1425 1636 ἐπὶ
1436 1610 1493 1641 τοῖς
1511 1609 1660 1636 πεπονθόσι
1675 1608 1780 1640 κακῶς,

994 1662 1045 1689 οὐκ
1057 1660 1104 1687 ἐπὶ
1120 1660 1177 1691 τοῖς
1193 1658 1320 1693 δράσασι,
1339 1656 1505 1691 καὶγίνεται
1517 1655 1630 1686 δικαίως
1644 1655 1690 1681 καὶ
1705 1653 1783 1688 λέγε-

994 1714 1057 1735 ται·
1072 1706 1119 1733 ἐπὶ
1133 1705 1162 1732 δὲ
1174 1705 1230 1736 τοῖς
1249 1702 1345 1734 κακῶς
1359 1701 1528 1737 πράττουσιν
1542 1700 1592 1726 οὐκ
1614 1699 1782 1734 ἀδιακρίτως

995 1753 1048 1789 χρὴ
1077 1752 1181 1787 ταύτην
1207 1749 1344 1785 γίνεσθαι.
1358 1747 1467 1779 Ταύτης
1494 1746 1523 1773 δὲ
1543 1746 1592 1781 τῆς
1615 1744 1782 1781 νομοθεσίας

995 1800 1108 1827 κάκεῖνο
1122 1797 1154 1833 δὴ
1172 1796 1272 1830 quvi-£61;
1291 1795 1322 1821 τὸ
1351 1794 1446 1829 μέρος,
1464 1791 1537 1826 λέγω
1560 1791 1592 1825 δὴ
1616 1790 1666 1825 τὴν
1682 1790 1783 1824 ἀειφυ-

994 1845 1068 1880 γίαν,
1084 1844 1124 1875 είς
1139 1841 1260 1875 παντελῆ
1271 1839 1423 1875 ἀχρηστίαν
1436 1837 1544 1864 ὲλάσαι.
1559 1836 1647 1870 Λόγος
1662 1835 1715 1869 γὰρ
1732 1835 1783 1861 νῦν

995 1890 1141 1925 ἀειφυγίας
1161 1888 1259 1919 οὐδεὶς,
1284 1886 1352 1913 ἀλλὰ
1374 1884 1477 1915 πάντες
1498 1883 1523 1909 oi
1545 1881 1675 1917 φονευταὶ
1693 1880 1783 1911 ἀδεῶς

995 1938 1043 1965 καὶ
1057 1936 1139 1964 πάλιν
1154 1936 1243 1962 ἐκεῖσε
1259 1931 1472 1968 περινοστοῦσιν
1486 1930 1551 1957 ἔνθα
1571 1929 1601 1956 τὸ
1620 1929 1706 1963 μύσος
1719 1927 1781 1962 εἱρ-

995 1983 1125 2018 γάσαντο.
1141 1981 1242 2014 Πρώην
1258 1979 1307 2014 μὲν
1337 1978 1392 2012 γὰρ
1419 1977 1443 2003 οι
1459 1977 1488 2002 ὲν
1499 1976 1554 2006 τοῖς
1570 1974 1685 2009 θέμασιν
1711 1973 1782 1999 ἀπο-

996 2028 1183 2063 στελλόμενοι,
1198 2025 1254 2052 εἴτε
1270 2023 1414 2059 πολιτικὴν
1428 2021 1643 2058 περιεζωσμένοι
1659 2019 1748 2054 ἀρχὴν
1763 2018 1781 2053 ἢ

995 2075 1043 2103 καὶ
1061 2072 1261 2110 στρατιωτικὴν
1277 2069 1448 2105 ἐνδεδυμένοι
1476 2067 1565 2099 ἀξίαν,
1581 2066 1662 2100 φόνου
1678 2065 1783 2100 τολμη-

995 2123 1097 2155 οέντος,
1114 2121 1248 2147 ἔσπευδεν
1261 2118 1376 2148 ἕκαστος
1390 2115 1438 2142 καὶ
1451 2114 1497 2141 τοῦ
1512 2113 1605 2149 ἐτέρου
1617 2112 1782 2147 προέτρεχε,

995 2169 1041 2196 τὸν
1058 2167 1143 2203 φονέα
1170 2165 1313 2193 συλλαϐεῖν
1337 2160 1561 2198 προθυμούμενοι
1587 2158 1634 2186 καὶ
1660 2158 1711 2192 τὴν
1736 2157 1783 2203 ἐπ’

997 2202 1073 2248 αὐτῷ
1092 2211 1264 2245 ὲπεξέλευσιν
1286 2209 1358 2236 κατὰ
1385 2206 1502 2241 νομικὴν
1525 2203 1687 2231 ἀκολουθίαν
1702 2202 1785 2236 ποιή-

997 2260 1106 2289 σασθαι,
1129 2258 1178 2285 καὶ
1198 2256 1243 2283 διὰ
1256 2256 1304 2290 τῆς
1327 2254 1375 2281 ἐπὶ
1389 2253 1476 2285 τούτῳ
1492 2249 1631 2280 κολάσεως
1652 2248 1784 2275 ἀναστεῖ-

157 2305 202 2331 λαι
226 2306 288 2337 τοὺς
318 2305 517 2340 ὁμοιόφρονας·
546 2304 595 2332 νῦν
617 2306 646 2332 δὲ
669 2305 694 2331 οἱ
713 2305 769 2337 τοῖς
791 2304 906 2340 θέμασιν
933 2305 1074 2340 ἄρχοντες,
1090 2303 1128 2334 ὡς
1147 2301 1277 2337 μανθάνει
1302 2300 1318 2335 ἠ
1344 2297 1467 2334 βασιλεία
1487 2304 1549 2331 μου,
1562 2294 1608 2321 τοῦ
1627 2293 1710 2320 καλοῦ
1730 2291 1784 2340 μεν

157 2352 268 2383 τελείως
293 2339 459 2387 ὴλογηκότες
487 2352 534 2379 καὶ
562 2351 631 2386 πρὸς
656 2352 706 2386 τὴν
734 2352 789 2378 τῶν
816 2339 968 2386 ἀνθρώπων
1000 2350 1138 2385 σωτηρίαν
1166 2347 1362 2378 συντείνοντος,
1388 2345 1418 2372 ἓν
1443 2343 1472 2370 δι
1502 2342 1550 2369 καὶ
1571 2341 1652 2375 μόνον
1674 2339 1784 2373 συμπέ-

160 2407 252 2434 ρασμα
278 2400 327 2433 τῆς
353 2399 417 2433 ὅλης
445 2398 535 2425 αὐτῶν
559 2398 701 2433 ἐνεργείας
726 2396 884 2432 ποιούμενοι
907 2396 953 2422 τὸν
970 2394 1164 2432 χρηματισμὸν
1183 2395 1230 2422 καὶ
1251 2394 1301 2429 τὴν
1326 2392 1414 2424 κακὴν
1435 2387 1658 2425 αἰσχροκέρδειαν
1677 2387 1725 2413 καὶ
1750 2387 1782 2413 τὸ

158 2446 248 2482 κέρμα
273 2445 495 2481 περιχάσκοντες.
514 2445 544 2471 οὐ
575 2445 657 2481 μόνον
688 2445 738 2472 οὐκ
757 2443 982 2480 ἀναψηλαφῶσιν,
997 2444 1041 2470 ὅτε
1063 2443 1143 2478 φόνος
1158 2451 1200 2473 τις
1225 2442 1255 2469 ἐν
1276 2439 1294 2477 ᾖ
1313 2441 1436 2468 διέπουσι
1463 2440 1541 2476 χώρᾳ
1568 2440 1692 2473 γένηται,
1715 2443 1780 2466 τους

158 2493 188 2519 τ’)
213 2492 333 2519 τοιοῦτον
353 2491 438 2518 δεινὸν
454 2492 717 2527 πλημμελήσαντας,
741 2491 809 2525 ἀλλ’,
826 2490 840 2517 ὃ
855 2490 950 2517 τούτου
969 2489 1116 2526 χείριστον,
1131 2488 1203 2521 τινὲς
1229 2488 1284 2515 τῶν
1306 2485 1437 2514 τοιούτων
1461 2486 1509 2513 καὶ
1533 2486 1597 2517 τοὺς
1613 2484 1665 2520 ήδη
1686 2490 1783 2517 φωρα-

160 2537 257 2570 θέντας
272 2538 318 2565 ὑπ’
340 2539 430 2565 αὐτῶν
455 2540 502 2566 καὶ
523 2539 710 2575 κρατηθέντας
730 2538 958 2574 περικρύπτουσι,
985 2538 1034 2564 καὶ
1060 2536 1197 2571 λαθραίως
1225 2536 1266 2568 είς
1297 2535 1347 2570 τὴν
1371 2534 1502 2569 Μεγάλην
1525 2532 1690 2567 Ἐκκλησίαν
1716 2539 1782 2565 προ-

160 2585 308 2619 πέμπουσι.
336 2586 404 2618 Περὶ
432 2585 460 2611 δὲ
479 2585 534 2612 τῶν
552 2585 704 2620 γινομένων
729 2585 772 2611 ἐπ’
790 2585 881 2616 αὐτοῖς
898 2584 968 2620 μετὰ
987 2584 1018 2610 τὸ
1039 2583 1224 2619 προσδραμεῖν
1239 2583 1272 2617 τῇ
1288 2581 1430 2616 ἁγιωτάτῃ
1444 2580 1491 2607 τοῦ
1511 2579 1580 2606 Θεοῦ
1595 2577 1745 2612 Ἐκκλησία
1764 2577 1781 2609 ἡ

162 2630 212 2664 μὲν
241 2630 366 2666 βασιλεία
395 2641 446 2667 μου
476 2631 599 2667 άκριδῶς
627 2632 677 2658 οὐκ
694 2629 782 2658 οἶδεν
796 2631 891 2657 ἀκούει
907 2631 936 2657 δὲ
954 2631 1030 2665 ὅμως
1044 2630 1094 2657 οὐκ
1110 2628 1210 2663 ἀγαθὰ,
1232 2628 1279 2655 καὶ
1304 2627 1398 2659 ἁπλῶς
1418 2626 1499 2653 τοῦτο
1520 2625 1549 2658 ἐξ
1572 2625 1699 2652 ἁπάντων
1714 2623 1783 2648 ἀπο-

159 2676 287 2709 τελεῖται,
305 2677 335 2703 τδ
353 2678 382 2704 ἐν
400 2677 480 2704 παντὶ
492 2679 567 2712 τόπῳ
581 2677 620 2711 τῷ
640 2677 692 2703 ὑπὸ
705 2676 920 2712 τὴνῬωμαῖκὴν
931 2676 1109 2710 ἐπικράτειαν
1125 2675 1223 2709 φόνους
1238 2674 1324 2705 ἀδεῶς
1337 2672 1500 2707 καθημέραν
1514 2670 1676 2704 τολμᾶσθαι.
1698 2669 1783 2695 Ὀταν

160 2720 207 2748 οὖν
220 2723 237 2757 ὴ
253 2722 375 2756 βασιλεία
392 2732 441 2758 μου
461 2724 655 2758 ἀναλογίσηται
671 2723 739 2758 ὅπερ
755 2723 943 2758 παρ’ἔθνεσιν,
957 2721 975 2749 ἃ
992 2723 1061 2757 μήτε
1076 2721 1157 2756 νόμος
1173 2721 1244 2752 θεῖος
1260 2719 1373 2755 ἀπεῖρξε
1391 2719 1460 2754 μήτε
1478 2717 1628 2753 μελλούσης
1658 2715 1704 2742 καὶ
1720 2722 1784 2749 φρι-

162 2769 231 2803 κτῆς
243 2768 379 2801 κολάσεως
391 2771 488 2805 ἀπειλὴ
505 2770 551 2796 τοῦ
563 2769 656 2800 κακῶς
667 2770 705 2800 εἰς
720 2769 852 2803 ἀλλήλους
867 2770 953 2794 ποιεῖν
969 2768 1177 2803 ἅνεχαίτισε,τὰ
1195 2766 1309 2794 τοιαῦτα
1320 2766 1374 2792 τῶν
1394 2763 1599 2801 ἁμαρτημάτων
1614 2762 1715 2789 σπάνια
1735 2759 1784 2787 καὶ

163 2814 207 2841 διὰ
221 2815 316 2849 χρόνου
332 2815 494 2850 τολμῶνται,
512 2816 540 2841 ἐν
556 2816 583 2841 δὲ
604 2816 637 2850 τῇ
658 2815 720 2842 καθ’
742 2815 816 2849 ἡμᾶς
842 2814 918 2849 χώρᾳ
940 2814 1033 2848 σχεδὸν
1048 2814 1109 2841 καθ’
1128 2813 1249 2848 ἑκάστην
1273 2810 1508 2846 πλημμελοῦνται,
1527 2809 1613 2843 πόσης
1629 2807 1706 2837 ἀνίας
1734 2807 1784 2840 ὲμ-

167 2859 315 2892 πίπλαται;
336 2860 449 2893 Ἥλίκης
478 2861 506 2888 δὲ
535 2860 653 2895 ἀθυμίας
682 2862 728 2887 καὶ
755 2864 834 2888 τοῦτο
857 2861 942 2888 αἴτιον
963 2861 1031 2895 μετὰ
1057 2860 1111 2887 τῶν
1137 2859 1226 2887 ἄλλων
1249 2860 1281 2894 τῇ
1309 2857 1433 2893 βασιλείᾳ
1455 2865 1505 2892 μου
1524 2855 1642 2891 γίνεται,
1658 2853 1712 2881 τῶν
1734 2852 1784 2881 νῦν
