1955 3080
158 159 212 190 735

711 160 896 190 NOVELL/E
912 159 1258 194 CONSTI'IUTIONES.

1734 160 1786 191 766

155 214 308 250 ἀνθρώπων
336 214 505 251 κατανοοὺσῃ
530 214 560 242 τὸ
575 215 648 261 ἐπερὶ
670 215 720 250 τὴν
744 216 958 252 δικαιοπραγίαν
985 216 1129 252 ὀλίγωρον,
1153 219 1200 245 καὶ
1228 218 1259 244 τὺ
1283 218 1385 254 μηδένα
1412 218 1495 254 ζῆλον
1522 217 1593 253 ἔχειν
1614 217 1713 248 αὐτοὺς
1738 216 1786 242 τοῦ

156 263 240 290 καλοῦ
257 263 364 297 καὶτῆς
381 263 499 298 ἀρετῆς;
516 263 609 290 Ταῦτα
635 263 723 290 πάντα
748 264 942 299 κατανοήσασα.
961 265 978 298 ἡ
993 264 1117 299 βασιλεία
1145 274 1208 300 μου,
1232 266 1472 302 προσλογισαμένη
1493 266 1522 293 δὲ
1547 265 1595 292 καὶ
1618 264 1648 291 τὸ
1664 264 1711 290 τοῦ
1740 265 1789 299 ρη-

156 311 247 342 θέντος
272 308 369 345 νεαροῦ
394 309 535 345 βασιλικοῦ
560 311 746 346 διατάγματος
772 310 823 337 ὲπί
843 319 897 337 τισι
927 312 1084 343 κανονικαῖς
1113 311 1268 344 διατάξεσιν
1298 313 1420 339 ἐναντιον
1451 314 1499 339 καὶ
1526 311 1613 343 ἄλλως
1643 310 1783 345 ἀδόκιμον,

155 358 296 392 ἐφρόντισε
310 357 380 383 κατὰ
391 357 422 383 τι
437 356 578 392 ἐγχωροῦν
590 356 638 383 καὶ
647 356 680 383 τδ
692 356 740 383 τοῦ
755 356 838 390 φόνου
851 355 938 391 μύσος
954 355 1125 389 ἀναστεῖλαι,
1145 357 1191 383 καὶ
1205 358 1239 384 τὰ
1252 357 1303 392 τῆς
1318 357 1419 392 νεαρᾶς
1431 356 1642 392 διορθώσασθαι.

189 427 224 454 α’.
238 427 460 462 Παρακελεύεται
474 424 521 453 οῦν
539 427 625 454 ἅπασι
641 428 699 458 τοῖς
714 427 744 453 ἑν
761 427 862 462 θέμασι
875 426 943 453 διαι-

1031 427 1057 453 1.
1069 427 1198 454 Omnibus
1212 427 1341 461 majestas
1354 433 1411 453 mea
1423 425 1624 460 provinciarum
1639 424 1787 459 judicibus,

154 475 261 508 τηταῖς,
273 474 320 500 καὶ
334 474 393 505 ταῖς
411 474 439 499 ὲν
453 474 545 505 αὐτοῖς
562 472 656 505 οὔσαις
677 474 888 508 στρατιωτικαῖς
899 473 945 499 δυ-

154 519 253 553 νάμεσι
280 519 328 545 καὶ
351 520 407 550 τοῖς
434 518 538 545 τούτων
566 519 741 554 στρατηγοῖς,
771 518 890 553 ἔνθαπερ
911 517 945 544 ἂν

154 564 278 595 ἑκούσιος
305 564 384 598 φόνος
411 564 525 599 γένηται
552 565 600 591 καὶ
626 564 749 600 τολμηθῇ
779 563 901 590 τοιοῦτόν
918 571 944 589 τι

154 612 230 645 παρὰ
255 618 339 642 τινος,
358 609 458 636 αὐτίκα
481 610 587 641 πάντας
613 609 796 646 διεγείρεσθαι
822 609 863 640 είς
893 608 944 644 τὴν

155 657 202 683 τοῦ
222 655 325 690 φονέως
338 656 513 690 κατάσχεσιν,
528 655 577 682 καὶ
589 655 700 690 δέσμιον
714 655 797 682 αὐτὸν
812 655 945 682 ἀποστέλ-

154 703 212 729 ὶειν
226 701 294 736 πρὸς
311 701 361 736 τὴν
381 701 518 736 βασίλειον
533 701 689 737 περιωπήν,
714 701 730 737 ἢ
754 702 857 736 ταύτης
875 701 945 727 ἀποο

152 748 294 784 δημούσης
311 747 379 782 πρὸς
393 747 439 773 τὸν
454 746 574 782 ἔπαρχον
589 746 639 781 τῆς
656 746 841 781 θεοφυλάκτου
859 755 944 782 μεγα-

152 793 299 825 λοπόλεως,
322 792 392 819 ὥστε
413 793 453 824 εἰς
470 793 605 828 δημοσίαν
625 792 750 828 φυλακήν
770 793 942 827 εἰσάγεσθαι,

155 839 202 866 καὶ
229 839 279 870 τὰς
293 838 455 873 σωματικὰς
471 839 519 865 καὶ
541 839 675 870 οὑσιακὰς
700 839 772 866 κατά
793 847 824 865 τε
844 840 944 872 νόμους

153 886 201 912 καὶ
215 885 265 919 τὴν
284 884 340 910 τῶν
359 884 465 919 νεαρῶν
482 884 678 919 θεσπισμάτων
693 884 809 920 δύναμιν
824 885 871 911 καὶ
883 885 944 911 ἐτέ-

154 941 206 966 ρας
223 931 376 965 ἀποστῆναι
392 930 520 962 κολάσεις
541 939 548 947 ·
564 930 797 958 εἰδότων¹τούτων
816 931 945 958 ἀπάντων

153 978 190 1008 ὠς
207 977 234 1003 εἴ
249 986 291 1008 τις
309 976 449 1012 φωραθείη
468 975 618 1011 δυνάμενος
633 978 783 1012 κατασχεῖν
798 977 844 1003 τὸν
858 977 942 1011 φονέα

153 1023 201 1050 καὶ
217 1024 254 1057 μὴ
272 1022 351 1049 τοῦτο
366 1023 494 1058 ποιήσας,
505 1022 577 1048 οὕτω
598 1022 706 1057 μέλλειν
727 1023 941 1058 κατακριθῆναι,

152 1069 202 1101 ὡς,
215 1068 285 1095 κατὰ
298 1067 431 1103 βασιλέως
446 1068 706 1103 βουλευσάμενος.Εῑ
717 1068 739 1094 δ’
753 1069 818 1099 ῐσως
830 1068 945 1104 διαλάθῃ

152 1123 194 1145 τις
216 1115 262 1141 καὶ
281 1114 428 1150 προσφύγῃ
450 1116 483 1150 τῇ
501 1114 643 1149 ἁγιωτάτῃ
665 1113 713 1140 τοῦ
739 1114 806 1140 Θεοῦ
830 1114 944 1150 Μεγάλῃ

161 1160 323 1195 Ἐκκλησίᾳ,
339 1160 409 1195 μετὰ
421 1160 452 1186 τὸ
469 1159 604 1194 προϐῆναι
617 1160 650 1186 τὰ
664 1160 884 1195 ἐκκλησιαστικὰ
899 1160 944 1186 ἐπ’

153 1206 230 1241 αὑτῷ
258 1207 403 1241 ἐπιτίμια,
431 1206 503 1233 κατὰ
527 1206 577 1241 τὴν
608 1205 724 1241 νομικὴν
750 1207 943 1242 παρατήρησιν

155 1251 339 1287 ὲνδημοῦντος
358 1251 407 1286 μεν
427 1251 474 1277 τοῦ
504 1251 670 1286 κρατοῦντος
697 1253 731 1287 τῇ
758 1252 943 1289 βασιλευούσῃ

152 1297 208 1330 τῶν
228 1297 345 1328 πόλεων,
359 1295 426 1331 παρ’
438 1296 522 1323 αὑτοῦ
535 1297 755 1332 ἀποσταλήσεται
770 1299 812 1330 εἰς
825 1297 857 1324 τὸ
872 1298 944 1333 θέμα

153 1343 246 1369 ὁποῖον
270 1342 302 1369 ἂν
321 1343 464 1379 ἐπικρίνῃ,
480 1342 551 1369 ὥστε
568 1342 615 1369 τὸν
630 1343 726 1378 χρόνον
741 1344 791 1378 τῆς
811 1343 876 1379 ὅλης
890 1344 942 1371 αὑ-

153 1389 200 1416 τοῦ
216 1388 289 1423 ζωῆς
301 1389 390 1415 ἐκεῖσε
404 1388 585 1422 διαϐιϐάζειν,
607 1389 654 1416 καὶ
671 1389 709 1425 μὴ
725 1389 832 1416 ἐκεῖθεν
847 1390 944 1417 ἀποδι-

152 1435 295 1470 δράσκειν,
319 1434 390 1462 ὥστε
419 1436 618 1471 ὲπανατρέχειν
646 1435 712 1463 ἔνθα
732 1436 763 1462 τὺ
787 1436 834 1463 τοῦ
860 1437 943 1470 φόνου

154 1480 240 1516 μύσος
256 1481 422 1516 εἰργάσατο·
447 1481 652 1516 ἀποδημοῦντος
671 1481 695 1507 δ’
717 1481 782 1513 ἴσως
800 1482 847 1508 τοῦ
866 1481 945 1517 βασι-

152 1527 234 1560 λέως,
256 1526 333 1563 παρά
348 1527 396 1554 τοῦ
421 1527 542 1563 ἐπάρχου
559 1527 607 1563 (ὡς
623 1527 743 1563 εἴρηται)
757 1527 797 1559 εἷς
811 1536 874 1555 τινα
891 1527 946 1554 τῶν

154 1573 325 1608 πορρωτέρω
341 1572 440 1608 χωρῶν
459 1572 667 1608 ἐξορισθήσιται
680 1573 728 1599 καὶ
744 1573 792 1600 τὸν
807 1573 857 1608 τῆς
871 1573 946 1610 ζωῆς

153 1618 239 1646 αὑτοῦ
256 1618 355 1654 χρόνον
370 1618 459 1645 ἐκεῖσε
473 1617 607 1645 διανύσαι.

190 1685 222 1721 β’.
239 1686 289 1712 Ἂν
311 1685 340 1712 δέ.
366 1693 398 1719 γε
420 1683 457 1720 μὴ
476 1683 557 1719 μόνον
584 1683 728 1717 ἑκουσίως,
754 1684 822 1712 ἀλλὰ
840 1686 888 1711 καὶ
914 1687 946 1712 ὲκ

156 1731 272 1766 μελέτης
285 1730 332 1757 τὸν
352 1730 433 1765 φόνον
449 1729 606 1764 ὲργάσοιτο,
628 1729 678 1756 οὐκ
699 1730 943 1766 ἀναγκασθήσεται

155 1778 226 1804 κατὰ
241 1777 291 1812 τὴν
313 1777 518 1812 προρρηθεῖσαν
535 1775 679 1811 βασιλικὴν
694 1776 818 1809 διάταξιν
833 1777 944 1803 ἀποκα-
958 1772 979 1801 C

155 1823 244 1858 ρῆναι.
258 1822 290 1849 Εἰ
304 1822 359 1856 γὰρ
375 1822 421 1849 τὸν
435 1822 567 1853 ἑκουσίως
585 1823 618 1856 τῇ
634 1821 788 1855 ἀποκάρσει
803 1821 942 1857 προστρέ-

154 1878 236 1905 χοντα
249 1869 298 1895 οὐκ
307 1867 473 1895 ἀπεντεῦθεν
484 1869 501 1904 ή
517 1867 647 1903 κανονικὴ
660 1867 790 1904 ἀκρίϐεια
802 1868 842 1900 είς
856 1868 956 1904 αὐτὴν·

155 1913 351 1949 παραδέχεται,
366 1911 435 1939 ἀλλά
451 1912 546 1946 καιρὸν
565 1912 641 1948 αὐτῷ
657 1913 702 1938 τὺν
725 1912 864 1947 ἀρκοῦντα
882 1913 944 1939 ἑπι-

157 1958 328 1992 μετρήσασα,
354 1957 400 1984 καὶ
423 1957 457 1984 δι’
481 1957 567 1984 αὑτοῦ
587 1958 617 1984 τὺ
635 1958 685 1993 τῆς
707 1957 821 1992 γνώμης
836 1958 944 1985 ἐκείνου

156 2005 267 2040 βέϐαιον
276 2003 334 2030 εἴτε
350 2004 398 2030 καὶ
413 2005 518 2038 ἀπαγὲς
533 2004 716 2038 βασανίσασα,
730 2003 810 2040 εἶπερ
831 2005 944 2040 εὑρήσει

154 2052 201 2076 τὸν
217 2049 362 2084 ἄνθρωπον
377 2051 410 2085 τῇ
427 2049 457 2082 ἐξ
466 2049 555 2084 ἀρχῆς
576 2048 705 2084 προθέσει
720 2049 878 2083 στοιχοῦντα
899 2050 945 2076 καὶ

154 2096 194 2131 τῷ
224 2095 364 2131 μοναχικῷ
388 2095 569 2130 πολιτεύματι
593 2095 641 2122 καὶ
669 2096 701 2129 τῇ
731 2095 867 2130 νεκρώσει
895 2095 943 2122 τοῦ

156 2142 283 2177 σώματος
308 2141 414 2173 ἀόκνως
440 2141 536 2168 ἑαυτὸν
566 2141 824 2177 παρασκευάζοντα,
850 2141 945 2168 ἔκτοτε

156 2189 204 2215 καὶ
215 2188 267 2223 τήν
280 2187 326 2214 τοῦ
341 2187 445 2222 ἀγαθοῦ
464 2187 547 2223 ἔργου
563 2187 639 2222 αὐτῷ
654 2188 858 2223 προτεπιφέρει
872 2197 944 2224 συμ-

156 2234 298 2270 πλήρωσιν
313 2234 352 2266 sic
364 2234 415 2270 τὴν
431 2234 581 2270 μοναχικὴν
594 2233 734 2261 πολιτείαν
748 2243 778 2260 τε
790 2234 946 2270 παραδεξα-

158 2281 225 2316 μένη
243 2281 291 2308 καὶ
315 2281 485 2308 κατάστασιν
496 2289 503 2296 ·
521 2279 580 2312 πῶς
604 2280 656 2306 οὐκ
672 2279 704 2306 ἂν
721 2279 764 2315 εἴη
783 2280 881 2314 ἀλογον
896 2281 946 2307 καὶ

155 2328 213 2359 τοῖς
234 2328 433 2362 πνευματικοῖς
458 2327 552 2362 νόμοις
594 2327 697 2362 ἀπᾷδον
733 2326 945 2361 ἀναγκαστικῶς

156 2373 355 2408 ἀποκείρεσθαί
373 2381 445 2407 τινα,
471 2373 518 2399 καὶ
540 2372 627 2399 ταῦτα
645 2372 729 2405 φονέα
744 2371 773 2398 ὃν
801 2373 882 2408 μέχρι
900 2381 946 2399 το-

157 2418 252 2445 σούτου
261 2417 348 2449 aest;
357 2418 548 2452 ἐγκατέλιπεν,
560 2417 631 2444 ὥστε
642 2418 690 2444 καὶ
705 2417 844 2452 ἁδελφικῷ
856 2425 945 2452 χραν-

156 2464 236 2498 θῆναι
251 2463 299 2495 τὰς
317 2464 412 2499 χεῖρας
424 2464 539 2498 ﬂuam;
561 2463 626 2494 Δέος
643 2463 698 2498 γὰρ
730 2463 832 2498 μήπως
859 2463 944 2490 ἀκου-

140 2540 145 2549 Ι
158 2510 208 2544 atq:
223 2510 384 2545 προαιρέσει
399 2510 445 2536 τὶν
460 2508 606 2543 ἀγγελικδν
622 2508 679 2544 βίον
697 2508 824 2535 ὑπελθὼν
841 2508 888 2535 καὶ
900 2509 946 2543 βίᾳ

156 2555 251 2582 τοῦτον
265 2556 483 2591 καταδεξάμενος
497 2555 536 2588 είς
559 2555 719 2590 ὶμπαιγμδν
747 2556 786 2590 τῷ
813 2554 946 2591 φρικώδει

158 2602 294 2636 χρήσηται
312 2602 435 2637 σχήματι
449 2610 455 2617 ·
481 2601 622 2635 πεφύκασι
648 2601 703 2636 γὰρ
721 2601 745 2628 οῑ
766 2601 821 2628 τῶν
840 2601 946 2636 ἀνθρώ-

159 2655 218 2673 πων
233 2647 395 2683 κουφότεροι
420 2648 460 2679 εἰς
475 2647 608 2675 ἀπόνοιαν
627 2647 794 2682 ἐμπεσόντες
816 2647 864 2673 καὶ
884 2649 946 2679 ταῖς

160 2693 310 2728 χειρίσταις
323 2695 370 2720 καὶ
380 2693 625 2729 παραϐολωτέραις
636 2693 787 2730 ὲπιτολμᾷν
800 2694 943 2730 πράξεσινι

996 476 1023 499 et
1039 473 1200 500 militaribus
1215 473 1313 508 copiis,
1336 480 1396 507 qua:
1417 473 1443 499 in
1465 472 1506 499 eis
1527 475 1602 503 sunt,
1627 471 1790 506 illarumqtte

996 519 1110 546 ducibus
1136 519 1258 553 praecipit
1282 519 1357 553 (26),
1399 523 1427 545 ut
1454 518 1611 551 ubicunque
1634 516 1789 544 voluntaria

996 564 1083 592 caedes
1099 565 1169 592 facta
1191 565 1285 597 fuerit,
1309 565 1401 600 aliquo
1419 564 1470 592 tale
1489 564 1617 599 quiddam
1637 570 1704 589 auso
1721 570 1790 589 con-

995 611 1086 638 festim
1100 619 1195 639 omnes
1221 612 1253 639 ad
1278 612 1507 647 prmhendendum
1532 609 1697 637 homicidam
1713 609 1791 636 exci-

996 661 1100 689 tentur,
1125 664 1242 692 eumque
1266 658 1387 685 vinctum
1417 657 1599 691 imperatoriae
1622 655 1791 689 circumspe-

995 703 1080 730 ctioni
1097 703 1218 735 mittant,
1240 707 1286 730 aut
1309 703 1331 731 si
1353 711 1384 730 ea
1398 710 1509 738 peregre
1536 701 1619 734 absit,
1638 701 1671 727 ad
1688 709 1792 735 magna:

995 749 1180 784 divinitusque
1198 749 1340 777 custodita:
1360 749 1436 776 urbis
1460 748 1629 783 praefectum,
1654 751 1683 774 ut
1703 747 1791 781 publi-

995 802 1055 822 cam
1080 795 1106 822 in
1133 796 1284 823 custodiam
1312 795 1473 827 deducatur,
1500 799 1527 820 et
1552 797 1606 820 tam
1633 791 1792 827 corporales

995 849 1076 876 quam
1103 841 1247 873 bonorum,
1272 840 1394 875 aliasque
1416 844 1546 874 praeterea
1575 846 1683 873 pinnas,
1712 838 1790 872 juxta

997 887 1070 921 leges
1093 892 1119 913 et
1146 887 1312 922 novellarum
1346 887 1516 914 sanctionum
1544 885 1663 920 vigorem
1698 878 1791 911 ierat:

995 932 1144 960 scientibus
1160 932 1203 960 his
1220 931 1367 963 universis,
1385 932 1517 963 futurum,
1533 935 1561 957 ut
1577 931 1599 958 si
1621 933 1789 964 compertum

995 978 1088 1009 fuerit,
1107 977 1226 1012 aliquem
1243 978 1362 1010 potuisse
1390 976 1554 1004 homicidam
1574 974 1791 1010 apprehendere,

996 1032 1046 1051 nec
1070 1024 1095 1051 id
1121 1024 1237 1058 iecisse;
1255 1032 1309 1051 non
1329 1030 1408 1050 secus
1433 1024 1456 1049 is
1479 1022 1688 1053 condemnetur,
1708 1025 1791 1055 atque

997 1071 1019 1098 si
1037 1071 1187 1106 majestatis
1203 1071 1307 1098 crimen
1322 1070 1487 1097 admisisset.
1502 1069 1578 1102 Quod
1597 1067 1619 1095 si
1642 1067 1703 1102 quis
1717 1066 1790 1092 forte

997 1116 1065 1144 clam
1083 1116 1251 1148 evaseril,ct
1265 1115 1297 1151 ad
1314 1115 1511 1142 sanctissimam
1529 1113 1574 1140 Dei
1594 1112 1724 1146 majorem
1741 1109 1793 1136 Ec-

995 1161 1106 1189 clesiatn
1134 1161 1297 1195 contugerit,
1323 1164 1465 1194 postquam
1487 1156 1683 1185 ecclesiasticae
1706 1161 1793 1189 paena:

997 1207 1129 1233 adversus
1148 1213 1208 1232 eum
1228 1205 1421 1239 proeesserint,
1438 1202 1587 1230 secundum
1611 1201 1682 1236 juris
1697 1200 1792 1227 obser-

998 1252 1149 1284 Vationem,
1164 1251 1186 1278 si
1203 1251 1313 1285 quidem
1329 1250 1458 1284 princeps
1473 1251 1507 1276 ad
1524 1249 1619 1275 urbem
1639 1245 1793 1281 imperatri-

997 1305 1056 1325 cem
1083 1297 1129 1329 sit,
1153 1296 1187 1323 ab
1209 1304 1241 1324 eo
1268 1297 1294 1322 in
1321 1296 1394 1322 illam
1420 1294 1587 1330 provinciam
1610 1292 1792 1327 ablegabitur,

998 1351 1080 1378 quam
1096 1343 1225 1378 princeps
1241 1343 1404 1374 decreverit,
1418 1345 1449 1368 ut.
1463 1348 1544 1368 omne
1559 1340 1642 1368 totius
1658 1339 1720 1366 vita:
1736 1345 1792 1366 suae

1000 1394 1106 1424 tempus
1121 1389 1183 1416 istic
1198 1389 1299 1424 exigat,
1316 1395 1366 1416 nec
1378 1387 1453 1414 illinc
1475 1387 1608 1421 aufugiat,
1623 1394 1686 1413 eum
1704 1385 1736 1412 ad
1754 1385 1793 1411 lo-

997 1444 1057 1463 cum
1073 1443 1231 1467 recurrens,
1245 1442 1299 1470 quo
1313 1435 1338 1462 in
1352 1435 1411 1462 loco
1421 1433 1559 1470 piaculum
1574 1433 1658 1461 caedis
1669 1432 1791 1459 admisit.

997 1482 1046 1509 Sin
1064 1483 1133 1509 forte
1149 1489 1262 1517 peregre
1277 1481 1405 1515 princeps
1418 1480 1497 1512 absit,
1518 1488 1532 1506 a
1548 1478 1677 1514 praefecto
1698 1478 1792 1514 (veluti

997 1529 1098 1556 dictum
1114 1529 1166 1562 est)
1183 1527 1208 1554 in
1224 1527 1399 1554 remotiorem
1419 1526 1568 1560 quamdam
1591 1525 1731 1560 regionem
1746 1524 1794 1552 de-

996 1574 1159 1610 portabitur,
1173 1578 1200 1600 et
1216 1573 1253 1601 ibi
1270 1573 1331 1600 vita:
1344 1580 1401 1600 sure
1415 1571 1533 1607 spatium
1548 1574 1669 1606 peraget.

1032 1689 1058 1716 2.
1073 1688 1150 1721 Quod
1166 1688 1188 1715 si
1206 1696 1259 1715 non
1287 1686 1439 1714 voluntarie
1455 1690 1572 1718 tantum,
1590 1692 1691 1713 verum
1710 1683 1791 1711 etiam

997 1734 1122 1762 consulto
1142 1734 1242 1770 caedem
1263 1733 1482 1769 perpetraverit:
1501 1740 1553 1760 non
1577 1731 1714 1767 cogendus
1728 1731 1792 1763 erit,

997 1786 1026 1808 ιιι
1050 1780 1196 1807 secundum
1225 1778 1371 1807 iudicatam
1394 1779 1469 1814 prius
1499 1779 1557 1814 (27)
1586 1777 1791 1813 imperatoriam

998 1826 1222 1854 constitutionem
1243 1826 1397 1854 tondeatur.
1416 1825 1483 1853 Nam
1505 1825 1529 1852 si
1549 1829 1647 1860 sponte
1662 1831 1710 1851 sua
1726 1831 1790 1851 cur-

999 1877 1104 1900 rentem
1119 1871 1153 1898 ad
1170 1876 1320 1904 tonsuram,
1347 1880 1400 1899 non
1421 1872 1481 1898 ideo
1504 1871 1597 1899 statim
1613 1870 1647 1898 ad
1662 1877 1723 1897 eam
1742 1877 1791 1897 ca-

998 1918 1097 1946 nonica
1131 1918 1268 1945 subtilitas
1300 1917 1442 1951 admittit,
1474 1917 1521 1945 sed
1553 1916 1598 1943 tibi
1633 1921 1737 1950 tempus
1767 1914 1792 1942 ei

998 1963 1135 1991 suﬂiciens
1149 1963 1296 1995 concessit,
1308 1970 1394 1998 eoque
1410 1963 1526 1990 durante
1541 1966 1659 1989 mentem
1676 1961 1792 1988 hominis

997 2009 1165 2044 exploravit,
1196 2007 1273 2035 firma
1298 2009 1345 2040 sit,
1372 2015 1407 2034 an
1432 2008 1608 2039 inconstans;
1635 2005 1657 2033 si
1682 2005 1791 2040 quidem

999 2053 1165 2088 compererit
1183 2061 1244 2080 eum
1269 2053 1358 2087 primo
1384 2053 1524 2087 proposito
1550 2051 1733 2082 insistentem,
1759 2058 1792 2091 ac

1000 2099 1151 2126 monastica
1163 2099 1372 2126 conversatione
1392 2102 1420 2125 et
1443 2098 1652 2125 mortiﬁcatione
1667 2096 1792 2131 corporis

998 2144 1114 2180 impigre
1141 2152 1171 2171 se
1199 2149 1420 2179 praeparautcm,
1446 2149 1503 2171 tum
1531 2145 1639 2171 demum
1667 2141 1791 2178 prazclari

998 2191 1090 2226 operis
1111 2190 1136 2218 ei
1157 2191 1383 2226 complementum
1401 2195 1427 2217 et
1443 2189 1640 2224 perfectionem
1665 2188 1743 2216 oll‘ert
1757 2187 1791 2214 ad

997 2237 1083 2265 vitam
1111 2237 1351 2271 conditionemque
1376 2236 1557 2262 monasticam
1577 2235 1720 2262 admisso:
1739 2242 1793 2269 quo

997 2287 1079 2317 pacto
1100 2289 1153 2309 non
1175 2282 1292 2309 alienum
1311 2290 1327 2309 a
1352 2281 1457 2308 ratione
1479 2281 1572 2312 fuerit,
1596 2284 1622 2308 et
1647 2287 1662 2307 a
1688 2280 1792 2315 legibus

999 2328 1184 2364 spiritualibus
1214 2329 1382 2360 abhorrens,
1407 2328 1524 2362 aliquem
1549 2334 1598 2362 per
1622 2326 1791 2354 coactionem

1000 2374 1118 2405 tonderi,
1135 2380 1162 2401 et
1185 2374 1295 2408 quidem
1319 2373 1496 2405 homicidam,
1521 2380 1602 2407 quem
1620 2379 1707 2406 usque
1723 2371 1790 2398 adeo

999 2421 1149 2448 deseruerit
1166 2420 1246 2452 Deus,
1260 2425 1290 2447 ut
1308 2421 1389 2447 etiam
1405 2420 1527 2447 fraterno
1540 2418 1673 2453 sanguine
1694 2425 1791 2444 manus

962 2457 984 2485 θ
998 2467 1133 2502 polluerit.
1148 2466 1321 2494 Metuendum
1336 2466 1421 2499 enim,
1442 2473 1477 2493 ne
1491 2465 1576 2493 vitam
1598 2465 1669 2491 hanc
1689 2462 1776 2498 angeli

995 2521 1056 2541 cam
1082 2515 1242 2542 adversante
1267 2514 1358 2540 animo
1379 2513 1530 2548 ingressus,
1549 2518 1635 2545 eaque
1660 2518 1708 2546 per
1735 2510 1788 2536 vim

994 2564 1133 2594 suscepta,
1147 2560 1295 2587 reverendo
1308 2559 1400 2587 habitu
1413 2559 1446 2586 ad
1463 2558 1608 2586 ludibrium
1625 2561 1726 2585 utatur.
1742 2556 1789 2583 Sic

994 2604 1067 2632 enim
1085 2604 1234 2639 comparati
1247 2609 1311 2631 sunt
1325 2605 1448 2632 homines
1462 2603 1588 2636 leviores,
1603 2609 1632 2630 ut
1645 2603 1690 2630 ubi
1706 2600 1787 2629 semel

994 2645 1154 2688 dementati'
1170 2649 1283 2683 fuerint,
1308 2649 1427 2685 pessima
1452 2655 1480 2677 et
1504 2649 1621 2676 maxime
1643 2647 1787 2676 temeraria

999 2693 1120 2722 facinora
1138 2695 1317 2731 peraudacter
1328 2695 1528 2732 aggrediantur.
1538 2694 1717 2728 Quamobrem
1728 2699 1773 2721 ton
1784 2707 1788 2710 -

271 2828 514 2870 (ll‘orrigithextain
545 2829 675 2870 novellam
692 2829 873 2870 _Constantiiii
898 2829 924 2857 in
945 2830 1080 2866 porphyra
1095 2830 1161 2859 nati.

197 2863 253 2898 (‘27)
273 2863 442 2892 Constantini
457 2865 569 2898 scilicet,
587 2865 613 2892 in
624 2865 758 2901 porphyra
774 2865 840 2892 nati.
