1955 3080
192 139 244 172 771

807 137 1006 170 MANUELIS
1022 139 1191 171 COMNENI

1764 143 1820 175 772

191 201 218 223 et
245 195 377 232 dignitate
400 195 566 232 conspicuis,
592 196 740 232 itidemque
764 204 825 225 cum
853 196 969 231 personis

1028 197 1138 231 χωρῶν,
1156 193 1193 223 ὧν
1208 197 1293 233 ρῆγες
1305 198 1352 225 καὶ
1369 199 1522 234 πρίγκιπες
1543 199 1669 235 ἄρχουσι,
1697 207 1818 236 μεταγο-

189 246 344 268 exterarum
373 241 535 276 regionum,
560 241 657 276 quibus
685 249 761 277 rcges
790 247 816 268 et
842 241 976 276 principes

189 291 320 320 praesunt,
335 287 362 313 in
374 286 445 314 hanc
459 286 579 322 reginam
596 287 703 315 urbium
720 287 898 321 venientibus,
917 295 977 322 qua:

189 330 250 356 sine
261 329 404 363 potestatis
420 336 520 358 nostra:
529 330 605 365 jussu
621 332 731 359 omnino
747 332 839 366 perlici
862 340 915 359 non
932 339 975 360 so-

189 376 244 402 lent
259 385 265 402 :
281 376 466 410 aequissimum
491 383 571 410 erat,
597 379 768 413 maiestatem
795 386 901 413 quoque
928 387 977 406 no-

188 427 272 448 stram
286 422 430 450 certi0rem
445 423 521 451 reddi
534 425 565 452 de
581 425 623 458 iis,
639 432 698 460 qum
709 425 742 452 de
758 425 807 452 hac
821 425 974 453 necessaria

188 467 337 499 quaestione
354 469 459 495 sancita
476 477 523 504 per
538 470 670 505 synodum
687 475 790 503 essent,
810 479 842 498 ne
858 471 974 499 fortasse

188 520 236 546 per
248 513 408 540 oblivionem
423 515 532 542 illicitus
545 515 641 550 aliquis
654 517 805 551 liujnsmodi
820 521 975 546 contractus

187 559 328 594 sacrisque
344 561 494 589 canonibus
510 566 537 588 et
553 562 640 597 legum
661 563 758 590 edictis
773 564 844 591 haud
862 572 974 598 respon-

187 602 264 636 dens,
281 605 387 631 accidat
402 606 482 640 idque
495 606 546 633 hac
561 607 619 642 ipsa
635 607 662 634 in
683 608 760 641 urbe,
776 616 834 642 quae
852 614 880 636 et
895 615 975 637 caete-

188 649 225 676 ris
241 650 366 676 omnibus
381 651 416 678 ob
434 652 538 686 imperii
561 653 668 681 mitram
686 661 718 682 ac
736 655 859 682 diadema
881 657 974 691 praesi-

187 694 243 725 det,
273 699 299 721 et
329 695 432 730 legibus
461 695 485 722 in
516 697 671 726 univcrsutn
699 700 813 734 regitur,
841 702 974 736 quasique

187 746 329 767 commune
345 741 478 774 quoddam
499 744 653 778 exemplum
674 750 754 773 recta:
777 745 865 782 legum
881 747 973 775 obser-

186 786 302 812 vationis
320 787 453 814 universis
468 794 510 816 est
525 791 672 824 proposita.

1031 241 1119 275 μένων
1149 244 1304 277 προσώπων
1332 244 1379 270 ἐπὶ
1408 245 1457 280 τὴν
1483 245 1607 280 βασιλίδα
1627 246 1682 273 τῶν
1699 247 1818 280 πόλεων,

1032 286 1104 322 ἅπερ
1117 287 1167 314 οὐκ
1184 288 1250 315 ἄνευ
1265 289 1316 324 τῆς
1330 290 1522 326 τοῦἡμετέρου
1531 292 1651 327 κράτους
1666 292 1821 326 κελεύσιως

1032 332 1220 361 συντελεῖσθαι
1235 335 1344 367 πάντως
1362 336 1528 370 πεφύκασιν,
1537 338 1565 364 ὲν
1576 338 1679 373 εἰδήσει
1690 339 1819 373 γενέσθαι

1029 379 1078 405 καὶ
1093 380 1143 415 τὴν
1158 381 1237 415 ἡμῶν
1271 381 1410 416 βασιλείαν
1436 384 1492 410 τῶν
1513 385 1658 416 συνοδικῶς
1675 385 1818 420 κυρωθέν-

1028 433 1083 451 των
1097 425 1163 460 περὶ
1182 425 1229 452 τοῦ
1258 427 1383 454 τοιούτου
1413 427 1565 462 ἀναγκαίου
1597 429 1756 464 ζητήματος
1782 427 1820 466 ἦν

1028 468 1211 503 δικαιότατον,
1237 471 1282 499 ῐνα
1306 472 1343 508 μὴ
1369 473 1440 499 κατὰ
1467 473 1554 508 λήθην
1568 474 1634 506 ἴσως
1655 474 1775 510 ἄθεσμόν
1791 485 1819 502 τι

1027 515 1149 543 τοιοῦτον
1186 517 1308 554 συμϐαίη
1336 519 1533 554 συνάλλαγμα,
1566 520 1615 547 καὶ
1643 522 1701 553 τοῖς
1726 522 1814 557 ἱεροῖς

1029 561 1126 588 κανόσι
1142 562 1190 588 καὶ
1208 564 1264 594 τοῖς
1279 566 1402 598 νομικοῖς
1414 564 1595 592 ἀνακόλουθον
1618 567 1818 602 διατάγμασιν,

1027 606 1056 632 ὲν
1076 606 1154 634 πόλει
1166 609 1213 635 καὶ
1228 608 1314 635 ταῦτα
1328 610 1425 646 ταύτῃ,
1445 612 1541 638 πασῶν
1558 612 1607 647 μὲν
1617 614 1818 649 προκαθημένῃ

1027 653 1066 688 τῷ
1080 653 1129 688 τῆς
1142 654 1228 690 αὐτῆς
1244 655 1462 692 αὐτοκρατορίας
1473 658 1612 692 στέμματί
1621 668 1649 686 τε
1664 661 1710 686 καὶ
1722 661 1818 696 διαδή-

1028 706 1106 732 ματι,
1117 699 1210 734 νόμοις
1223 700 1251 726 δὲ
1264 701 1332 727 κατὰ
1345 702 1399 728 πᾶν
1411 702 1592 740 διεξαγομένῃ
1607 704 1654 731 καὶ
1670 706 1710 737 είς
1725 706 1819 734 κοινὸν

1026 745 1196 782 προκειμένῃ
1213 746 1262 781 τῆς
1280 746 1412 782 εὐνομίας
1426 749 1510 776 πᾶσιν
1523 749 1687 785 ὑπόδειγμα.

221 864 366 892 Enimvero
381 870 472 894 nostra
488 875 595 903 quoque
613 869 740 904 majestas
752 872 908 905 synodicutn
921 872 969 900 hoc

1065 866 1204 901 Τοιγάρτοι
1232 868 1312 905 καὶὴ
1335 869 1459 905 βασιλεία
1483 872 1562 907 ἡμῶν
1587 873 1636 909 τὴν
1669 877 1816 910 authth

187 909 219 936 de
238 917 267 936 re
279 911 391 944 qutcsita
407 919 578 947 responsum,
599 915 640 942 vel
661 917 750 943 verius
772 917 906 952 loquendo
923 918 971 946 de-

187 955 418 989 terminationem,
433 958 513 986 veluti
535 961 619 988 sacris
640 963 791 991 canOnibus
812 971 878 991 sane
890 972 971 1000 quam

186 1003 388 1038 convenienter,
404 1010 431 1033 et
449 1007 605 1040 apostolicis
624 1011 773 1044 expositam
790 1010 904 1046 legibus,
923 1020 971 1042 suo

186 1048 294 1076 decreto
308 1053 477 1087 comprobat,
496 1058 522 1081 et
535 1054 562 1082 in
581 1061 719 1090 posterum
743 1058 846 1092 vigere,
871 1064 972 1086 ratam-

185 1102 237 1130 que
253 1104 362 1125 manere
373 1099 439 1126 citra
454 1101 628 1129 mutationem
643 1102 760 1138 aliquam
772 1105 798 1131 in
815 1110 971 1139 perpetuum

184 1141 296 1174 statuit;
313 1144 435 1172 eamdem
452 1146 478 1172 in
493 1148 651 1181 quaestionis
670 1150 816 1184 proposita:
836 1151 972 1180 solutione

184 1187 345 1214 sententiam
360 1197 421 1216 cum
436 1192 611 1220 sanctissimo
624 1193 733 1222 domino
748 1202 808 1223 meo
822 1200 848 1223 et
864 1198 973 1224 univer-

184 1232 233 1258 sali
262 1235 414 1268 patriarcba
443 1244 560 1272 cumque
589 1247 668 1267 sacra
697 1245 726 1268 et
751 1241 841 1269 divina
868 1244 971 1278 synodo

184 1278 360 1312 amplectens.
381 1281 485 1317 Quippe
499 1284 522 1311 si
540 1287 713 1314 matrimonia
730 1289 851 1322 qumdam
865 1289 900 1317 ob
914 1289 972 1317 alli-

185 1324 296 1351 nitatem
312 1326 415 1360 legibus
431 1330 619 1364 prohibentur,
642 1333 733 1360 decori
752 1334 857 1362 scilicet
875 1343 970 1370 causa,

183 1373 209 1395 et
231 1378 265 1396 nc
277 1372 383 1399 nomina
400 1374 600 1403 confundantur
618 1386 625 1404 :
643 1378 725 1406 multo
742 1379 830 1414 magis
843 1379 886 1407 liic
902 1380 971 1409 istuc

183 1413 266 1442 libere
286 1416 450 1451 faciendum,
469 1419 515 1447 ubi
539 1420 647 1450 foeditas
671 1423 727 1458 ipsa
747 1413 808 1452 cum
832 1427 970 1454 nominum

182 1461 392 1490 conturbatione
410 1466 561 1499 concurrit,
577 1471 659 1503 atqtte
680 1470 762 1497 etiam
784 1473 891 1506 cognati
906 1480 971 1500 san-

182 1505 271 1538 guinis
283 1506 478 1536 absurdissima
495 1511 647 1540 conimistio
662 1519 689 1541 et
705 1505 840 1544 confusio.
855 1517 908 1545 Cur
924 1518 969 1551 iis,

181 1551 306 1586 obsecro,
319 1553 364 1588 qui
389 1557 556 1591 czcteroquin
570 1567 585 1586 e
599 1561 752 1596 propinquo
775 1569 807 1590 ac
830 1565 969 1599 sanguinis

181 1598 287 1625 ratione
300 1599 388 1634 juncti
404 1602 455 1629 sibi
471 1609 545 1637 sunt,
561 1605 614 1633 alia
634 1607 668 1634 sit
689 1615 756 1642 opus
779 1598 968 1639 commistione

180 1646 208 1668 et
222 1644 410 1679 copulatione?
425 1647 559 1676 Nimirum
585 1650 639 1679 illis
658 1654 830 1682 concilianda
845 1660 888 1683 est
909 1657 969 1684 col-

181 1687 284 1722 ligatio,
296 1691 505 1728 nuptiarumque
519 1695 683 1732 conjunctio,
695 1700 793 1734 quibus
805 1702 968 1737 origiuarius

180 1735 322 1767 sanguinis
335 1741 410 1764 ortus
423 1739 608 1774 multipliciter
625 1743 727 1772 scissus
741 1752 772 1773 ac
789 1735 902 1780 divisus,
912 1748 967 1781 iam

180 1779 285 1814 longius
301 1790 363 1810 esse
377 1789 497 1812 remotus
512 1787 678 1822 agnoscitur,
694 1791 727 1817 ad
739 1796 864 1820 octavum
881 1793 968 1822 dedu-

179 1831 238 1853 ctus
259 1828 383 1861 gradum,
404 1830 517 1866 ideoque
539 1833 695 1863 distantiam
722 1845 798 1865 suam
816 1841 902 1874 magis
920 1842 967 1868 ad-

179 1877 291 1919 augens.
306 1872 352 1902 Sic
373 1882 438 1910 ergo
463 1877 506 1911 pia
529 1879 658 1914 majestas
680 1887 773 1909 nostra
795 1872 917 1920 synodali
933 1887 966 1914 de

178 1914 250 1942 dicta
264 1919 412 1950 quaestione
425 1920 535 1950 decreto
551 1925 714 1958 asseutiens,
725 1914 884 1961 praesentem
896 1930 966 1960 hanc

177 1961 346 1990 sanctionem
360 1965 542 2000 :cquissimam
557 1971 749 2006 promulgavit.
764 1981 823 2008 qua:
835 1980 863 2002 et
879 1976 905 2003 in
922 1985 965 2004 sa-

178 2013 225 2032 cro
261 2008 363 2036 scrinio
388 2011 499 2044 majoris
528 2014 600 2042 illius
625 2016 753 2045 Ecclesiae
781 2019 826 2047 Dei
857 2023 964 2051 recondi

178 2051 358 2087 collocarique
382 2055 473 2090 debet,
498 2063 526 2085 et
547 2061 675 2089 omnibus
703 2064 822 2093 archivis
850 2067 964 2101 publicis

177 2098 356 2134 innotescere.
369 2111 402 2131 ac
416 2104 499 2133 robur
514 2106 669 2138 inviolabile
683 2111 717 2138 ad
733 2119 841 2140 omnem
859 2119 963 2145 tempo-

178 2142 214 2170 ris
230 2144 390 2175 inﬁnitatem
405 2150 533 2178 retinere.

214 2270 273 2298 Dat.
291 2279 383 2299 mense
403 2274 500 2309 Aprili.
526 2276 672 2306 indictione
686 2280 729 2315 Η,
751 2282 840 2309 rubris
861 2283 958 2313 litteris

176 2316 244 2341 sacri
269 2316 439 2350 imperatoris
455 2322 550 2348 nostri.
573 2322 639 2350 ltem
663 2325 757 2353 aderat
773 2328 899 2356 usitatum
921 2330 959 2358 si-

175 2361 267 2394 gillum
281 2370 398 2391 cereum.
416 2365 447 2392 Et
463 2366 537 2400 illud,
552 2376 599 2402 per
611 2369 774 2405 logotlietam
790 2373 888 2406 dromi,
909 2375 958 2402 Mi-

175 2407 295 2436 cbaelem
313 2409 591 2445 Hagiotlieodoritum.
607 2416 680 2446 ,ltem
703 2419 779 2452 illud,
801 2419 957 2455 Depositum

174 2453 201 2480 in
215 2455 321 2484 duobus
335 2458 441 2493 magnis
460 2459 515 2488 illis
531 2463 655 2497 secretis,
672 2471 765 2492 mense
780 2453 859 2494 Maio.

1024 912 1127 948 ταύτην
1156 914 1203 940 ὲπὶ
1217 914 1255 950 τῷ
1271 915 1419 950 ζητηθέντι
1448 918 1609 954 ἀπόκρισιν,
1639 920 1689 947 εἶτ’
1707 921 1811 957 ἀληθὲς

1025 959 1112 986 εἰπεῖν
1137 960 1308 995 ὁροθέτησιν,
1322 961 1360 994 ὡς
1375 962 1518 996 ἑπομένως
1531 965 1588 997 τοῖς
1618 965 1701 998 θείοις
1716 968 1816 994 κανόσι

1025 1005 1073 1030 καὶ
1095 1006 1151 1036 τοῖς
1168 1006 1361 1039 ἁποστολικοῖς
1385 1008 1541 1036 ὲκτεθεῖσαν
1551 1010 1654 1045 νόμοις,
1671 1013 1814 1048 ὲπὲκρινε,

1025 1050 1073 1076 καὶ
1084 1052 1195 1084 κρατεῖν
1213 1053 1253 1084 είς
1272 1054 1303 1079 τὸ
1329 1053 1393 1088 ἑξῆς
1420 1055 1470 1082 καὶ
1496 1056 1717 1092 ἁμετατρέπτως
1737 1058 1814 1094 ἔχειν

1025 1097 1106 1128 εἰςτὸ
1121 1097 1246 1132 διηνεκὲς
1268 1099 1429 1135 διορίζεται,
1459 1102 1509 1137 τῆς
1540 1102 1627 1137 αὐτῆς
1642 1104 1815 1130 κοινωνοῦσα

1025 1141 1140 1177 γνώμης
1166 1144 1214 1170 ἐπὶ
1229 1146 1262 1181 τῇ
1286 1145 1363 1172 λύσει
1375 1147 1422 1173 τοῦ
1444 1148 1628 1183 προκειμένου
1653 1149 1815 1185 ζητήματος

1024 1189 1063 1222 τῷ
1087 1198 1118 1215 τε
1149 1189 1294 1226 ἁγιωτάτῳ
1333 1200 1384 1226 μου
1408 1192 1525 1229 δεσπότῃ
1550 1195 1598 1220 καὶ
1624 1195 1811 1230 οίκουμενικῷ

1024 1235 1184 1271 πατριάρχῃ
1201 1237 1246 1263 καὶ
1258 1238 1290 1271 τῇ
1305 1238 1366 1274 ἱερᾷ
1383 1239 1431 1265 καὶ
1446 1239 1504 1274 θείᾳ
1520 1241 1631 1276 συνόδῳ.
1648 1241 1680 1268 Εἰ
1697 1242 1752 1278 γὰρ
1763 1243 1812 1270 ἐπὶ

1024 1280 1077 1307 τῶν
1098 1280 1128 1313 ἐξ
1150 1282 1311 1317 ἀγχιστείας
1339 1285 1570 1321 συναλλαγμάτων
1599 1288 1683 1320 ἐστὶν,
1706 1288 1725 1315 ἃ.
1748 1291 1807 1320 τοῖς

1025 1327 1118 1361 νόμοις
1130 1328 1281 1356 κωλύονται
1294 1330 1344 1366 τῆς
1357 1330 1525 1367 εὐπρεπείας
1546 1334 1626 1369 χάριν
1640 1335 1687 1362 καὶ
1701 1335 1750 1362 τοῦ
1769 1336 1810 1372 μὴ

1025 1373 1190 1408 συγχέεσθαι
1213 1376 1247 1403 τὰ
1269 1376 1402 1412 ὀνόματα,
1429 1379 1520 1414 πολλῷ
1547 1380 1648 1414 μᾶλλον
1676 1382 1752 1409 τοῦτ’
1776 1383 1812 1410 ἂν

1024 1418 1142 1446 ἐνταῦθα
1161 1422 1396 1457 παρῤησιάσαιτο,
1415 1423 1480 1451 ἔνθα
1495 1427 1543 1453 καὶ
1553 1427 1583 1453 τδ
1596 1427 1722 1461 ἀπρεπὲς
1738 1429 1812 1463 μετὰ

1023 1464 1074 1500 τῆς
1096 1465 1150 1492 τῶν
1176 1466 1319 1501 ὀνομάτων
1342 1469 1514 1504 συγχύσεως,
1541 1472 1610 1499 ἀλλὰ
1624 1472 1656 1508 δὴ
1671 1474 1747 1510 καὶὴ
1760 1474 1812 1501 τοῦ

1024 1511 1174 1544 συγγενοῦς
1191 1512 1309 1547 αἵματος
1325 1514 1486 1552 ἀλογωτάτη
1503 1517 1656 1552 σύγκρασις
1670 1519 1717 1546 καὶ
1741 1521 1812 1547 ἀνά-

1020 1564 1109 1590 χυσις.
1125 1557 1184 1584 Ἵνα
1199 1558 1225 1585 τί
1252 1560 1299 1586 καὶ
1329 1560 1420 1596 δεήσει
1445 1564 1502 1594 τοῖς
1521 1563 1666 1599 ἐγγυτέρω
1682 1565 1729 1591 καὶ
1740 1565 1807 1592 καθ’

1020 1597 1091 1636 αἷμα
1115 1603 1320 1638 συνηνωμέναις
1345 1604 1490 1640 ἐπιμιξίας
1503 1607 1602 1641 ἐτέρας
1619 1597 1666 1633 καὶ
1688 1607 1811 1634 συνενώ-

1019 1654 1089 1678 σεως
1104 1655 1111 1680 ;
1131 1646 1266 1681 Ἐκείνοις
1280 1650 1334 1684 γὰρ
1348 1649 1459 1682 πάντως
1476 1651 1575 1687 χρῆναι
1589 1651 1636 1678 τὸν
1655 1652 1810 1687 σύνδεσμον

987 1697 989 1699 ’
1018 1692 1065 1718 καὶ
1074 1692 1121 1726 τὴν
1133 1693 1187 1720 τῶν
1198 1695 1294 1730 γάμων
1320 1696 1468 1730 συνάφειαν
1492 1698 1747 1733 πραγματεύεσθαι,
1762 1696 1807 1731 οἷς

1018 1736 1065 1763 καὶ
1079 1739 1095 1773 ἡ
1124 1740 1229 1773 πηγαία
1241 1740 1288 1767 τοῦ
1304 1741 1419 1776 αἵματος
1430 1743 1540 1778 πρόοδος
1556 1743 1698 1779 πολλαχῶς
1727 1753 1810 1780 μερι-

1018 1783 1342 1821 σθεῖσακαὶδιαιρεοείσα
1361 1789 1523 1824 πορῤωτέρα
1531 1789 1688 1825 διεστηκυῖα
1702 1792 1807 1826 γνωρί-

1017 1827 1107 1862 ζεται,
1118 1830 1157 1861 εις
1166 1830 1261 1863 όγδοον
1270 1831 1374 1867 βαθμὸν
1383 1836 1548 1870 περιστᾶσα,
1559 1836 1686 1863 κάκεῖθεν
1703 1837 1807 1870 μᾶλλον

1017 1872 1095 1906 αὖθις
1110 1875 1160 1910 τὴν
1170 1877 1254 1912 αὐτῆς
1266 1878 1417 1906 ἀπόστασιν
1430 1881 1668 1916 προσεπαύξουσα.
1680 1883 1758 1910 οὕτω
1772 1884 1806 1919 δὴ

1017 1921 1192 1957 προσθεμένη
1208 1924 1239 1958 τῇ
1252 1925 1379 1960 συνοδικῇ
1410 1926 1476 1960 περὶ
1500 1927 1548 1954 τοῦ
1567 1928 1699 1963 ῥηθέντος
1717 1929 1807 1965 ζητή-

1017 1975 1102 2002 ματος
1117 1969 1279 2005 ὲπικρίσειή
1299 1970 1414 2005 εὺσεὸὴς
1429 1972 1510 2006 ἡμῶν
1523 1972 1659 2007 βασιλεία,
1671 1974 1701 2001 τὸ
1713 1976 1805 2008 παρὸν

1015 2013 1202 2048 ὲννομώτατον
1229 2015 1380 2043 ἀπολέλυκε
1408 2017 1561 2053 θέσπισμα,
1591 2019 1698 2053 ὀφεῖλον
1712 2020 1754 2055 τῷ
1771 2029 1803 2047 τε

1016 2059 1082 2095 ἱερῷ
1110 2061 1337 2097 χαρτοφυλακείῳ
1364 2063 1416 2098 τῆς
1436 2063 1485 2090 τοῦ
1501 2064 1569 2090 Θεοῦ
1593 2066 1725 2101 Μεγάλης
1740 2067 1805 2093 Ἐκ-

1015 2105 1131 2141 κλησίας
1141 2107 1351 2143 ὲναποτεθῆναι,
1382 2109 1430 2136 καὶ
1456 2111 1524 2137 πᾶσι
1539 2112 1594 2143 τοῖς
1622 2111 1803 2147 δημοσιακοίς

1014 2151 1136 2186 ἀρχείοις
1161 2152 1377 2189 ἐπιγνωσθῆναι,
1393 2156 1441 2191 καὶ
1457 2156 1531 2191 ἔχειν
1550 2158 1590 2189 εἰς
1604 2158 1634 2184 τὸ
1643 2158 1801 2194 ἀπέραντον

975 2214 998 2242 D
1013 2197 1044 2224 τὸ
1063 2197 1172 2232 ίσχυρόν
1188 2207 1217 2225 τε
1231 2199 1278 2225 καὶ
1287 2199 1478 2228 ἀναλλοίωτον.

1046 2272 1094 2298 Τό⁸
1115 2273 1189 2307 Μηνὶ
1223 2273 1353 2310 ’Δπριλίῳ
1376 2276 1567 2312 ὲπινεμήσεως
1598 2279 1642 2310 ιδ’,
1673 2280 1707 2306 δι’
1730 2281 1799 2316 ἐρυ-

1012 2315 1084 2350 θρῶν
1108 2317 1283 2352 γραμμάτων
1316 2319 1362 2346 τοῦ
1384 2320 1515 2355 βασιλέως
1541 2322 1622 2357 ἡμῶν
1637 2324 1685 2350 τοῦ
1706 2315 1798 2359 ἁγίου.

1012 2361 1068 2388 Καὶ
1083 2362 1100 2397 ἡ
1115 2362 1161 2388 διὰ
1186 2363 1272 2398 κηροῦ
1299 2365 1419 2401 συνήθης
1448 2367 1578 2401 σφραγίς.
1597 2368 1632 2395 Τό
1650 2377 1658 2384 ·
1674 2371 1724 2396 Διὰ
1748 2371 1798 2398 τοῦ
1816 2403 1818 2405 η

1010 2405 1154 2441 λογοθέτου
1180 2409 1227 2435 τοῦ
1251 2410 1353 2445 δρόμου
1367 2411 1413 2437 τοῦ
1425 2412 1649 2449 ἀγιοθεοδωρίτου
1663 2416 1778 2451 Μιχαὴλ
1788 2427 1796 2433 ·

1009 2452 1056 2478 καὶ
1069 2453 1100 2479 τό
1118 2460 1126 2468 ο
1152 2454 1294 2490 Κατετέθη
1319 2455 1348 2482 ἐν
1372 2457 1428 2488 τοῖς
1437 2456 1498 2483 δυσὶ
1514 2458 1643 2493 μεγάλοις
1655 2461 1796 2495 σεκρέτο.ς

1008 2498 1079 2525 κατὰ
1096 2499 1168 2534 μῆνα
1185 2500 1283 2530 Μάῖον.
