1955 3080
126 147 182 179 ’173

677 142 860 174 NOVELLE
873 139 1215 172 CONSTITUTIONES.

1698 141 1754 173 ’174

905 232 983 262 XVI.

439 333 556 355 zotcruu
571 332 604 353 ne
619 331 830 355 couraovensu,
846 329 983 355 conexus
993 330 1080 349 mrsu
1092 329 1175 350 λιμοι(
1189 329 1303 351 cnmsro
1318 331 1360 351 sur
1373 323 1440 359 (‘29).

155 408 288 445 Μανουὴλ
304 409 333 435 ὲν
350 407 463 443 Χριστῷ
482 407 521 443 τῷ
548 406 608 441 8εῷ
634 405 730 437 πιστὸς
756 405 884 441 βασιλεὺς
900 406 914 431 ὁ
928 405 951 434 Α

122 456 385 492 Πορφυρογὲννητος
404 474 411 485 ,
443 453 589 488 Ῥωμαίων
622 452 804 487 αὐτοκράτωρ
836 452 914 478 εὐσε-

122 503 277 533 (Secta-rec,
307 499 498 530 ἀεισέϐαστος,
528 497 706 532 αΰγουστος,
748 497 913 532 Ἰσαυρικὸς,

123 547 281 578 Κιλικικὸς,
300 543 504 581 (Ἀρμενικὺς],
525 543 716 577 ἔΔαλματικὸς,
747 542 913 577 υύγγρικδς,

123 592 285 623 Βοσεντικὸς
296 613 304 624 ,
337 590 510 626 Χροϐατικδς
526 609 534 620 ,
575 588 696 621 Δαζικὸς
713 607 721 621 ,
751 588 888 623 Ἰϐηρικὸς
905 607 913 621 ,

122 638 324 674 Βουλγαρικὸς,
345 636 487 672 Σερϐικὺς,
501 635 648 670 Ζηκχικὸς,
672 634 830 670 Ἀζαρικὸς,
847 634 914 660 Γοτ-

123 686 213 717 οικδς,
243 683 459 718 θεοκυϐέρνητος
488 680 722 716 κληρονόμοςτοῦ
756 680 914 716 στέμματος

121 732 170 758 τοῦ
205 730 325 766 μεγάλου
355 729 563 756 Κωνσταντίνου
585 728 632 754 καὶ
658 727 732 762 ψυχῇ
764 727 916 762 νεμόμενος

123 777 214 803 πάντα
229 776 264 802 τὰ
279 775 376 801 τούτου
404 774 498 800 δίκαια
515 773 553 804 ὥς
568 781 650 799 τινων
661 772 915 807 ἀποστατησάντων

121 823 170 849 τοῦ
193 822 313 857 κράτους
342 820 433 856 ἡμῶν,
472 820 529 851 τοῖς
559 818 606 845 τοῦ
637 811 817 854 φιλοχρίστου
834 819 915 853 ἡμῶν

123 867 226 899 παντὸς
256 867 335 898 λαοῦ,
350 866 400 901 τῆς
415 874 445 892 τε
469 865 654 900 θεοφυλόικτου
675 865 755 899 ἡμῶν
777 864 916 899 βασιλίδος

122 915 239 946 πόλεως,
257 913 297 940 ἔτι
311 913 340 939 δὲ
353 913 401 939 καὶ
425 912 494 938 πᾶσι
505 912 562 943 τοῖς
577 911 631 937 τῶν
643 910 696 937 ὑπὸ
710 910 760 944 τὴν
772 910 823 944 τῆς
848 910 916 944 ἡμε-

121 962 206 996 τέρας
227 959 368 994 βασιλείας
389 957 516 991 ἐξουσίαν
543 957 654 992 χωρῶν,
677 954 872 991 ἠπειρωτικῶν
883 963 914 981 τε

124 1008 174 1034 καὶ
189 1005 356 1036 θαλασσίων,
369 1004 539 1039 οίκήτορσιν.

160 1054 193 1080 Εἰ
213 1051 363 1088 μακαρίζει
382 1050 487 1085 Πέτρον
503 1049 622 1084 Χριστὸς
632 1048 679 1075 τὸν
697 1049 727 1075 ὲν
753 1048 915 1080 ἀποστόλοις

122 1083 354 1134 κορυφαιότατον,
374 1083 600 1130 ἐπεὶ-προφθάνει
614 1093 720 1125 πάντας
737 1093 776 1128 τῷ
787 1093 914 1128 διαπύρῳ
933 1083 954 1111 Β

125 1144 176 1177 τῆς
193 1143 375 1177 ἀγαπήσεως,
390 1141 439 1167 καὶ
452 1140 548 1167 τοῦτον
565 1138 636 1167 εἶναι
652 1139 698 1166 τὸν
723 1139 843 1174 Χριστὸν
858 1138 917 1165 δια-

123 1190 244 1217 τείνεται
261 1188 307 1214 τὸν
330 1187 377 1215 τοῦ
406 1186 475 1214 Θεοῦ
502 1185 605 1218 ζῶντος
620 1185 697 1218 Υίδν,
710 1185 759 1213 ἆτε
774 1180 854 1220 παρῖ
867 1184 915 1211 τοῦ

125 1235 234 1270 Πατρδς
250 1233 458 1268 ἀποκαλυφθεὶς
479 1231 510 1258 τὸ
528 1231 590 1258 κατ’
619 1232 726 1258 ἐκεῖνον
753 1231 915 1266 μυστήριον,

124 1282 152 1308 τί
166 1281 262 1318 δήποτ’
277 1280 311 1307 ἂν
325 1280 419 1315 ἕτερον
441 1278 485 1314 εἴη
501 1275 736 1314 μακαριστότερον
744 1279 791 1304 καὶ
802 1277 841 1312 τῷ
861 1277 917 1303 Κυ-

125 1328 176 1363 ρίῳ
193 1326 407 1362 εὑαρεστότερον
424 1324 472 1352 τοῦ
488 1324 538 1360 τῆς
554 1323 700 1356 εὐσεϐείας
726 1321 918 1359 ὀρθοδοξαστι-

124 1374 183 1405 κῶς
197 1373 247 1408 τὴν
277 1371 466 1405 ἀποστολικὴν
485 1369 656 1406 Ἐκκλησίαν
686 1369 851 1405 ἀντέχεσθαι
868 1377 917 1396 και

126 1422 165 1457 μὴ
196 1421 272 1456 παρὰ
299 1420 356 1447 τῶν
387 1419 434 1446 τοῦ
459 1417 523 1454 ᾅδου
552 1417 646 1444 πυλῶν
674 1415 915 1452 κατισχύσασθαις

124 1469 238 1499 ἅστινας
260 1465 293 1502 δὴ
304 1466 354 1498 τὰς
373 1465 462 1497 πύλας
494 1463 597 1495 ταύτας
613 1462 784 1497 ὑποληπτέον
801 1462 864 1493 τοὺς
880 1461 918 1497 μὴ

124 1513 203 1549 παρὰ
213 1513 262 1549 τὴν
283 1512 386 1547 ταύτης
404 1511 494 1546 πύλην
505 1510 639 1541 εἰσιόντας
655 1509 690 1535 δι’
702 1508 786 1535 αὑτοῦ
797 1506 916 1542 Χριστοῦ

124 1560 177 1595 τῆς
190 1558 380 1593 ἀσφραγίστου
396 1557 493 1592 θύρας,
505 1556 567 1582 ἐπεὶ
584 1555 632 1582 καὶ
651 1563 718 1581 πασι
731 1555 788 1586 τοῖς
801 1553 918 1589 ἐρχομέ-

125 1615 183 1638 νοις
198 1605 290 1636 ἄνετος
317 1604 473 1639 πρόκειται.
503 1602 566 1629 Ἐπὶ
590 1602 694 1637 ταύτην
707 1600 756 1636 τὴν
770 1600 839 1634 πρὸς
851 1598 918 1626 Θεδν

125 1651 364 1688 εἰλικρινεστάτην
379 1650 525 1677 εὐσέϐειαν
549 1649 586 1680 ὡς
605 1648 652 1674 ἐπὶ
679 1647 784 1682 πέτραν
796 1647 920 1683 ἀρῤαγε-

126 1699 231 1734 στάτην
247 1699 264 1734 ἡ
279 1697 372 1724 θεόθεν
398 1696 479 1732 ἡμῶν
503 1695 630 1730 βασιλεία
649 1697 696 1721 τὸν
723 1693 824 1728 ἑαυτῆς
838 1694 919 1728 θεμέ-

125 1745 184 1773 λιον
200 1743 424 1780 προσεδράζουσα
436 1743 484 1769 καὶ
498 1742 587 1778 ταύτῃ
602 1739 917 1777 προσεποικοδομεϊσθαι
932 1756 954 1786 C

128 1792 158 1818 τὸ
170 1792 291 1825 ὑπήκοον
306 1790 380 1817 ῖιπαν
397 1787 600 1820 σπουδάζουσα.
617 1786 717 1822 μυρίαν
730 1786 772 1812 ὅτι
787 1785 837 1820 τὴν
853 1785 918 1820 περὶ¹

128 1838 226 1865 τούτου
249 1835 378 1871 φροντίδα
407 1834 540 1870 διηνεκῶς
571 1833 769 1860 ἐπιδείκνυται.
799 1831 921 1864 Οἴδαμεν

129 1884 185 1919 γὰρ
216 1881 340 1918 ἀκριϐῶς
363 1881 412 1912 ὡς,
437 1880 462 1906 εἰ
474 1880 522 1906 καὶ
552 1878 707 1914 βασιλεύειν
727 1878 782 1904 τῶν
805 1877 852 1903 ἐπὶ
870 1876 920 1911 τῆς

129 1930 182 1965 γῆς
193 1929 260 1961 Θεὸς
287 1927 412 1954 ἑκάστων
439 1925 639 1960 ὲπηυδόκησεν,
664 1924 722 1951 ἀλλ’
739 1922 786 1950 οὖν
810 1920 917 1948 ὲκεῐθεν

132 1973 335 2012 βασιλευόμεθα
356 1981 363 1988 ·
389 1973 436 1999 καὶ
463 1971 558 2006 ὥσπερ
587 1969 664 2004 παρὰ
687 1969 741 1996 τῶν
770 1968 823 1995 ὑπὸ
842 1968 922 2002 χεῖρα

131 2021 283 2057 λαμϐάνειν
311 2019 404 2046 πίστιν
439 2016 656 2052 ἁνεπιμώμητον
684 2015 740 2042 τῶν
757 2014 923 2047 ἐξάνάγκης

133 2067 205 2095 εἶναι
234 2065 378 2102 τιθέμεθα,
402 2063 475 2091 οὕτω
500 2063 547 2090 καὶ
578 2063 773 2098 προεισφέρειν
803 2060 864 2096 Θεῷ
883 2059 922 2095 τῷ

135 2113 293 2150 βασιλεύειν
328 2112 403 2147 ἡμᾶς
432 2109 611 2145 προορίσαντι
649 2106 699 2142 τὴν
732 2106 922 2141 ἀπαράκλιτον

133 2162 227 2188 ⁸πίστιν
255 2158 331 2195 παρὰ
353 2157 401 2184 τοῦ
431 2156 536 2184 δικαίου
562 2152 830 2190 προσαπαιτούμεθα
845 2173 853 2185 ,
877 2153 924 2179 καὶ

133 2208 190 2234 δεῖν
221 2204 293 2232 εἶναι
319 2203 475 2238 Σολομῶντι
504 2201 648 2228 πείθεσθαι
676 2199 844 2234 λογιζόμεθα
868 2198 924 2225 τῶν

134 2252 309 2288 πραγμάτων
323 2248 457 2286 ίὲκέιστῳ]
470 2248 516 2274 τδν
531 2247 690 2282 πρόσφορον
715 2243 813 2278 καιρὸν
827 2244 924 2279 ἀφορι-

134 2300 220 2332 ζοντι.
243 2297 384 2324 Ἐντεῦθεν
408 2296 456 2323 καὶ
478 2294 545 2321 ποτὶ
563 2293 613 2328 μὲν
626 2291 673 2319 τοῦ
697 2290 838 2326 εἰρηνικοῦ
854 2290 924 2325 Χρι-

135 2345 199 2373 στοῦ
212 2344 281 2379 πλὴν
299 2343 356 2370 ἀλλ’
380 2341 581 2376 ἐπικαιρότατα
593 2339 730 2373 λέγοντος,
751 2345 760 2362 ι
773 2336 830 2362 Ούκ
842 2333 925 2370 ἦλθον

135 2392 183 2418 ἐπὶ
199 2391 249 2426 τὴν
258 2390 310 2426 γῆν
337 2389 451 2424 εἰρήνην
463 2387 566 2422 βαλεῖν,
583 2385 652 2412 ἀλλὰ
667 2384 819 2419 μάχαιραν,
835 2391 845 2408 t
865 2380 925 2408 οὐδὲ

135 2439 153 2474 ἡ
181 2437 335 2471 γαληνότης
364 2434 444 2470 ἡμῶν
473 2431 627 2468 εἱρηνεύειν
660 2429 787 2464 ἀνείχετο
815 2427 869 2454 οὐδ’
896 2428 926 2453 ὲν

137 2483 271 2519 ἀταρὰχῳ
301 2481 403 2517 μένειν,
430 2479 512 2506 ὁπότε
538 2475 704 2512 παρεμϐολὴ
716 2473 927 2519 διαφωνούντων

139 2518 275 2563 τοῖςπερὶ
294 2526 363 2554 Θεοῦ
393 2525 505 2559 θεσμοῖς
531 2521 724 2557 ἀναφαίνεται,
740 2519 809 2547 ἀλλὰ
821 2519 867 2546 καὶ
880 2518 929 2554 τὴν

143 2576 283 2611 μάχαιραν
304 2573 394 2608 αῐρειν
413 2571 461 2598 τοῦ
476 2569 643 2604 πνεύματος,
660 2567 710 2602 τὴν
724 2564 884 2600 διαιροῦσαν
896 2564 926 2591 τὸ

143 2609 238 2657 νεῖ-ρον.
253 2620 307 2647 ἀπὺ
321 2618 368 2646 τοῦ
395 2617 560 2653 κρείττονος,
576 2613 611 2640 τὰ
636 2613 697 2639 θεῖα
718 2609 930 2647 προϐεϐλημένη

143 2668 278 2702 κυήματα,
290 2665 338 2692 καὶ
349 2664 386 2691 διν
412 2661 502 2690 αὐτῶν
529 2658 712 2695 διχοτομοῦσα
730 2658 783 2684 πᾶν
797 2657 860 2683 ὅσον
881 2657 931 2692 τῆς

184 2768 192 2783 ί
209 2766 303 2794 Matth.
322 2774 348 2798 κ,
371 2765 415 2792 54.

183 2849 238 2884 (‘19)
256 2848 333 2875 Anno
351 2846 430 2874 “66.

944 2442 965 2468 υ

1001 404 1105 432 Manuel
1121 406 1148 432 in
1178 405 1288 433 Christo
1308 406 1362 433 Deo
1377 405 1464 433 ﬁdelis
1479 413 1524 433 rex
1540 406 1757 442 Porphyrogeni-

967 455 1020 483 tus,
1050 451 1232 479 Ronnanorum
1250 453 1409 486 imperator,
1427 452 1574 487 piissimus,
1591 461 1696 487 semper
1708 453 1758 481 Sc—

965 500 1070 529 bastus.
1093 498 1242 533 Augustus,
1259 498 1405 530 Isauricus.
1416 499 1553 531 Cilicicus,
1567 500 1755 533 Armeniacus,

965 544 1144 577 Dalmaticns,
1178 544 1341 579 Ungaricus,
1372 545 1544 576 Bostltnicus,
1568 545 1757 579 Cltrovatit-us,

967 589 1092 622 Lazicus.
1105 590 1234 624 lhericus,
1254 591 1421 626 Bulgaricus,
1438 591 1575 624 Servicus,
1599 592 1757 627 Zerchicns,

966 635 1142 666 Chazaricus.
1160 636 1302 669 Golhicus,
1318 645 1332 663 a
1350 637 1405 664 Deo
1418 637 1548 670 directus,
1566 638 1654 665 lucres
1677 646 1757 666 coro-

967 689 1008 708 na:
1025 683 1114 717 magni
1129 682 1308 715 Constantini,
1326 683 1417 710 animo
1430 689 1540 718 gestans
1565 689 1662 712 cuncta
1680 685 1759 717 hujus

963 726 1024 760 jura
1053 735 1207 762 quanquam
1233 729 1353 755 nonnulli
1379 737 1394 755 a
1410 735 1503 757 nostro
1525 730 1638 764 imperio
1652 730 1760 757 defece-

966 778 1050 807 rnut;
1082 776 1210 801 universo
1233 781 1328 802 nostro
1353 776 1533 810 philochristo
1562 777 1659 811 populo
1676 777 1759 812 regite

967 824 1064 846 nostra:
1101 828 1115 846 ιι
1133 820 1187 847 Deo
1208 821 1349 848 custodita:
1370 822 1454 855 urbis,
1480 823 1624 857 cuntisque
1646 823 1759 857 imperio

966 871 1062 893 nstro
1088 866 1219 900 subjectis
1249 868 1421 895 terrestrium
1450 869 1702 904 maritimarumque
1717 877 1759 897 re-

967 911 1076 945 gionum
1090 911 1196 939 incolis.
1215 940 1218 943 ,

1004 1049 1032 1076 Si
1051 1049 1158 1076 beatum
1171 1049 1417 1084 prmdicatl’elrnm
1438 1051 1562 1078 Christus
1576 1053 1758 1086 apostolorum

968 1103 1104 1123 summum
1137 1096 1252 1130 apicem,
1285 1102 1426 1131 propterea
1442 1098 1511 1130 quod
1538 1103 1563 1124 (ιι
1581 1106 1673 1125 omnes
1689 1106 1757 1133 prae-

967 1142 1051 1169 cessit
1079 1141 1186 1169 fervore
1216 1142 1327 1173 amoris,
1352 1146 1379 1168 et
1395 1142 1483 1176 ipsum
1505 1147 1619 1170 testatus
1634 1143 1683 1170 fuit
1698 1152 1759 1172 esse

967 1186 1120 1219 Christum,
1136 1185 1182 1214 Dei
1200 1187 1315 1213 viventis
1331 1186 1446 1216 Filium:
1468 1192 1559 1221 utpote
1570 1196 1584 1214 a
1611 1188 1664 1215 Deo
1680 1189 1759 1217 Patre

969 1232 1131 1268 mysterium
1146 1232 1181 1259 de
1197 1232 1243 1259 illo
1265 1232 1396 1261 edoctus:
1419 1232 1546 1266 quidnam
1564 1233 1637 1261 aliud
1653 1234 1760 1262 beatius

967 1279 1020 1306 erit
1043 1278 1212 1313 Dominoque
1223 1278 1338 1314 gratius,
1352 1286 1432 1313 quam
1447 1279 1626 1307 orthodoxam
1648 1281 1759 1316 religio-

968 1332 1028 1352 nem
1041 1325 1074 1351 ab
1088 1324 1235 1358 apostolica
1261 1324 1382 1352 Ecclesia
1403 1325 1526 1358 retineri,
1545 1331 1626 1360 atque
1641 1327 1675 1354 ab
1691 1327 1756 1355 infe-

967 1377 1059 1397 rorum
1073 1370 1158 1404 portis
1188 1377 1240 1397 non
1252 1369 1323 1397 vinci
1342 1378 1349 1396 :
1364 1377 1431 1404 quas
1443 1370 1553 1404 quidem
1574 1377 1666 1405 portas
1679 1379 1760 1407 repu-

969 1420 1025 1442 tare
1052 1415 1116 1442 licet
1132 1415 1192 1442 illos
1210 1415 1345 1448 homines,
1384 1415 1429 1450 qui
1458 1423 1511 1443 non
1533 1416 1760 1451 ingrediunturin

968 1460 1027 1496 ejus
1051 1461 1142 1487 aulam
1167 1464 1223 1495 'per
1238 1460 1387 1493 Christum,
1406 1461 1450 1495 qui
1466 1465 1508 1488 est
1526 1461 1606 1497 ianua
1621 1470 1760 1497 nunquam

968 1506 1071 1538 clausa,
1109 1506 1164 1533 imo
1195 1506 1301 1533 cunctis
1332 1506 1493 1533 adeuntibus
1520 1513 1626 1541 semper
1653 1512 1760 1542 patens.

969 1552 1056 1588 Super
1074 1560 1106 1579 ac
1119 1553 1248 1579 adversus
1268 1552 1350 1579 Deum
1364 1552 1506 1587 purissima
1521 1553 1663 1587 religione,
1677 1554 1758 1582 veluti

968 1598 1098 1625 immobili
1122 1602 1208 1632 petra,
1233 1598 1383 1625 dominatio
1411 1603 1502 1625 nostra
1525 1599 1653 1628 divinitus
1680 1601 1758 1628 nobis

969 1651 1098 1672 concessa
1127 1644 1333 1671 fundamentum
1360 1652 1439 1672 suum
1457 1650 1588 1678 statuens,
1607 1647 1763 1681 ibidemque

969 1689 1136 1717 constituere
1166 1689 1289 1716 subditos
1323 1694 1432 1717 nostros
1464 1691 1604 1718 universos
1634 1691 1761 1726 studens,

970 1735 1115 1769 plurimam
1139 1733 1218 1768 hujus
1249 1734 1286 1762 rei
1317 1743 1409 1762 curam
1439 1742 1567 1770 perpetuo
1580 1744 1636 1770 prte
1654 1744 1683 1765 se
1699 1737 1763 1765 fert.

973 1781 1058 1808 Probe
1074 1781 1145 1808 enim
1159 1781 1293 1814 novimus,
1308 1782 1380 1817 quod
1404 1782 1511 1810 etiamsi
1526 1786 1658 1810 terrarum
1675 1783 1761 1818 impe-

972 1827 1040 1854 rium
1054 1827 1124 1854 Deus
1142 1826 1220 1854 nobis
1230 1828 1337 1860 annuit,
1353 1832 1472 1855 attamen
1490 1827 1546 1861 ipse
1561 1828 1645 1856 nostri
1663 1836 1760 1865 regna-

973 1877 1014 1899 tor
1038 1877 1079 1900 est
1095 1881 1102 1899 :
1118 1877 1145 1899 et
1174 1873 1401 1907 quemadmodqu
1428 1874 1612 1901 necessarium
1634 1879 1763 1909 putamus

972 1917 1051 1945 fidem
1079 1918 1212 1945 sinceram
1244 1926 1259 1945 a
1286 1919 1402 1946 subditis
1432 1919 1706 1953 nostrisinzpetrare;
1723 1920 1763 1947 sic

972 1963 1100 1991 exhibere
1115 1964 1179 1997 Deo,
1196 1963 1240 1998 qui
1255 1964 1333 1990 nobis
1347 1971 1458 1998 regnum
1470 1963 1583 1999 largitus
1601 1968 1656 1996 est,
1667 1964 1763 1991 incon-

973 2017 1080 2037 cussam
1108 2009 1187 2036 fidem
1209 2009 1270 2044 jure
1283 2009 1406 2043 cogimur
1422 2008 1661 2041 :credendumqne
1686 2007 1766 2035 Salo-

975 2056 1046 2083 moni
1074 2060 1213 2090 putamus,
1228 2055 1272 2088 qui
1289 2054 1436 2089 unicuique
1451 2055 1490 2081 rei
1506 2059 1611 2089 tempus
1640 2055 1766 2082 idoneum

975 2102 1106 2135 assignat.
1138 2100 1206 2128 llinc
1222 2101 1303 2128 etiam
1330 2100 1459 2134 pacificus
1481 2099 1607 2127 Christus
1621 2100 1768 2134 aliquando

974 2147 1202 2182 opportunissime
1220 2147 1308 2174 dixit:
1327 2145 1388 2173 Non
1414 2147 1470 2173 ινιιηὶ
1498 2154 1586 2180 pacem
1608 2146 1713 2172 mittere
1739 2146 1768 2172 in

976 2197 1083 2224 terram,
1117 2193 1162 2218 sed
1178 2192 1295 2226 gladium
1317 2191 1338 2217 ί.
1363 2190 1455 2225 Neque
1471 2195 1562 2217 nostra
1587 2190 1768 2224 tranquillitas

977 2245 1069 2272 pacem
1100 2243 1189 2271 potest
1209 2237 1326 2264 retinere
1340 2241 1366 2264 ct
1377 2238 1529 2269 quiescere,
1541 2243 1603 2262 cum
1615 2235 1765 2262 exercitum
1802 2249 1806 2252 -

977 2284 1176 2311 adversantium
1201 2283 1247 2310 Dei
1267 2283 1373 2316 legibus
1403 2283 1559 2314 cernimus;
1583 2281 1629 2308 sed
1657 2282 1769 2314 spiritus

978 2330 1095 2366 gladium
1124 2329 1296 2364 corripimus,
1315 2328 1360 2363 qui
1377 2328 1471 2355 vitium
1483 2335 1498 2354 a
1514 2327 1675 2354 rectitudine
1691 2334 1770 2360 sapa-

978 2383 1038 2405 rat:
1056 2378 1198 2411 divinaque
1220 2376 1302 2404 verba
1328 2383 1382 2410 prie
1408 2375 1485 2402 nobis
1509 2375 1638 2410 gerimus,
1669 2373 1770 2408 quibus

979 2431 1059 2451 omne
1089 2424 1123 2451 ab
1139 2423 1258 2450 Ecclesia
1276 2422 1396 2457 spurium
1410 2422 1506 2456 dogma
1520 2420 1698 2447 secernimus.
1713 2419 1768 2445 Ali-

981 2470 1090 2504 quando
1106 2474 1194 2496 aulcm
1223 2476 1283 2495 cum
1303 2468 1396 2495 eodem
1412 2466 1522 2494 Christo
1540 2466 1639 2493 idoneo
1650 2464 1769 2492 vicissun

983 2520 1103 2549 tempore
1125 2521 1217 2548 pacem
1248 2521 1324 2540 suam
1354 2513 1447 2544 donat,
1485 2517 1633 2546 pacemque
1676 2515 1771 2536 omnes

983 2568 1146 2589 conservare
1167 2559 1254 2594 jubet,
1280 2563 1308 2586 et
1329 2559 1456 2593 paciﬁcos
1485 2557 1550 2584 dicit
1579 2563 1638 2583 esse
1666 2555 1771 2585 beatos,

984 2607 1166 2636 convertimus
1195 2606 1222 2634 in
1252 2606 1373 2640 vaginam
1389 2604 1507 2639 gladium
1539 2600 1708 2632 rationalem,
1724 2600 1770 2633 qui

983 2653 1039 2688 jam
1082 2651 1322 2681 contradicentium
1361 2649 1444 2678 corda
1469 2645 1717 2677 transverberavit,
1743 2649 1772 2672 et
