1955 3080
118 91 175 123 ΤΠ

661 90 847 122 ΝΟνΕΙᾸΑῈ
866 89 1204 122 CONSTITUTIONES.

1698 96 1752 128 ’Πὸ

117 157 170 175 πον
188 147 260 185 [καὶ]
275 149 292 185 ἡ
312 149 420 177 δουλεία
436 148 510 184 καὶὴ
526 148 622 184 ἄγνοια
646 149 733 186 ταύτῃ
753 149 907 186 προσάπτε-

962 151 1112 179 secundum
1147 158 1269 185 personae
1310 153 1441 180 unitatem
1490 154 1755 190 lnseparabilemqie

114 204 175 228 ται,
192 195 275 230 ἡνίκα
294 195 385 230 ψιλαῖς
408 195 456 223 τοῦ
485 195 530 223 νοῦ
544 196 707 230 φαντασίαις
724 196 754 223 τὸ
769 196 909 232 ὁρώμενον

116 241 151 268 ἐκ
170 241 219 268 τοῦ
243 242 390 277 νοουμένου
407 241 541 277 διέλωμεν
563 242 636 269 κατὰ
658 242 703 269 τὸν
731 242 909 277 Δαμασκόθεν

117 287 203 322 σοφόν
220 295 229 303 ”
255 288 327 315 κατὰ
353 288 407 324 γὰρ
429 289 480 324 τήν
494 289 545 323 τῆς
564 288 740 320 ὑποστάσεως
756 288 910 323 ταυτότητα

962 197 1194 232 coniunctionem.
1228 205 1319 232 neque
1342 198 1502 226 servitutem
1525 207 1677 227 memorare
1691 200 1756 228 licet

963 251 1051 277 neque
1078 243 1226 271 inscitiam.
1261 243 1349 279 Atque
1369 245 1404 272 ita
1435 245 1462 273 hi
1489 246 1559 275 inter
1586 252 1616 274 se
1639 246 1755 274 disside-

963 289 1038 316 bant.

116 333 167 360 καὶ
193 333 243 369 τήν
272 333 457 361 ἀδιάσπαστον
478 333 576 361 ἕνωσιν
604 333 665 361 οὔτε
679 334 759 370 δούλη
781 333 842 361 οὔτε
857 333 994 368 ἀγνοοῦσα
1005 333 1186 370 λεχθήσεται·
1206 334 1253 361 καὶ
1272 334 1343 362 οὕτω
1374 336 1420 362 καὶ
1453 336 1521 372 πρὸς
1559 337 1659 370 αὐτοὺς
1700 337 1754 367 δια.

117 380 274 416 φωνοῦντες
291 377 365 408 οὗτοι
377 380 542 407 ἐδείκνυντο.

153 431 191 462 γ’.
206 428 238 454 Οἱ
250 427 279 455 δὲ
289 428 424 463 ἑτέρωθεν
438 428 532 461 αὐτοῖς
560 429 822 463 ἀντικαθιστάμενοι
848 428 912 464 ᾔδε-

116 482 168 511 σαν
193 474 244 509 μὲν
268 474 315 501 καί
338 483 415 506 τινας
436 475 491 501 τῶν
517 476 752 511 πνευματοφόρων
781 475 832 510 τῆς
860 474 908 501 τοῦ

115 520 186 547 Θεοῦ
210 520 373 556 Ἐκκλησίας
387 521 516 557 Πατέρων
537 522 584 548 καὶ
598 522 770 550 διδασκάλων
790 522 840 556 τὴν
860 521 907 548 τοῦ

117 566 222 601 Κυρίου
236 567 339 600 ταύτην
358 567 451 602 φωνήν
471 566 695 602 ἑρμηνεύσαντας
716 567 762 594 καὶ
783 566 854 594 κατὰ
878 566 910 593 τὸ

116 611 208 639 αἴτιον
223 612 274 647 τῆς
295 612 492 647 ἀκαταλήπτου
521 612 634 649 πρώτης
658 613 826 649 γεννήσεωςο
854 613 912 640 ἀλλ’

115 656 166 685 οὖν
184 658 265 685 ὁπότε
279 657 351 685 κατὰ
365 658 419 685 τῶν
433 658 651 694 ὲρεσχελούντων
664 659 725 687 κατ’
737 660 832 687 οὐσίαν
849 660 910 686 δια-

115 704 214 739 φέρειν
229 704 276 730 τοῦ
302 704 367 731 Υίοῦ
384 705 429 731 τὸν
449 705 559 740 Πατέρα
578 705 626 737 τὰς
651 706 828 742 ἀντιρρήσεις
859 715 908 732 πε-

115 751 232 786 ποίηντο
246 752 279 786 τῇ
294 751 341 778 τοῦ
358 751 483 787 μείζονος
506 749 583 787 φωνῇ
603 752 675 779 κατὰ
698 752 788 780 πάντα
800 752 910 788 χρωμέ-

115 805 172 824 νων
192 798 239 824 καὶ
259 797 395 825 ὑπόϐασιν
422 798 451 825 ὲν
472 798 640 834 ἀμφοτέροις
662 798 734 826 κατὰ
752 798 802 834 τήν
829 799 909 834 φύσιν

115 843 285 878 εἰσαγόντων
305 844 352 870 καὶ
374 844 536 879 ἑτερότητα,
564 844 595 871 οὐ
617 843 673 879 μὴν
698 843 727 870 δὲ
745 844 817 871 κατὰ
831 844 911 871 τοῦτο

117 890 167 916 καὶ
183 889 263 925 μόνον
277 889 497 925 ἑκλαμὸἀνεσθαι
514 890 565 925 τήν
577 890 708 925 τοιαύτην
723 890 815 926 φωνὴν
827 899 910 926 προσ-

115 930 281 971 επᾶγοντας.
307 936 402 964 Ἦνίκα
413 937 468 972 γὰρ
489 937 522 963 οὐ
542 936 612 972 πρὸς
632 936 770 969 τοιούτους
791 936 861 973 ἦσαν
882 938 910 964 αἱ

116 981 272 1014 ἀντιθέσεις
292 983 340 1009 καὶ
366 982 400 1010 τὰ
421 983 615 1018 παλαίσματα,
641 982 707 1018 περὶ
727 982 755 1009 δὲ
776 983 825 1018 τῆς
839 983 909 1015 μετὰ

119 1027 226 1062 σαρκὸς
242 1028 399 1063 οἰκονομίας
411 1029 461 1055 καὶ
475 1028 530 1055 τῶν
546 1027 671 1063 φυσικῶν
694 1028 835 1064 ἰδιοτήτων
860 1028 910 1056 καὶ

117 1073 257 1110 διαφορῶν
287 1074 479 1111 ἐδογμάτιζον,
503 1075 608 1111 ἑκάστῃ
641 1074 697 1101 τῶν
721 1074 830 1109 φύσεων
859 1075 908 1106 τὰς

118 1122 294 1158 προσφόρους
309 1122 404 1157 ῥήσεις
415 1121 570 1157 ἀπένεμον,
592 1121 641 1153 τὰς
667 1121 716 1156 μὲν
737 1121 908 1157 ὑψηλοτάτας

118 1167 167 1194 καί
180 1167 388 1203 ὑπερκειμένας
411 1169 444 1204 τῇ
460 1167 507 1194 τοῦ
524 1167 645 1203 Χριστοῦ
666 1167 776 1202 θεότητι
800 1167 838 1199 ὠς
859 1167 907 1193 καὶ

117 1213 189 1240 Θεοῦ
201 1214 306 1240 τελείου
322 1214 400 1246 ὄντος
414 1213 679 1249 προσαφορίζοντες,
691 1213 740 1245 τὰς
764 1213 792 1239 δὲ
813 1221 909 1239 ταπει-

117 1259 233 1294 νοτέρας
251 1261 299 1286 καὶ
316 1259 522 1295 ὑποϐεϐηκυίας
535 1260 569 1295 τῇ
584 1261 613 1286 ὲν
628 1259 667 1294 τῷ
694 1258 769 1294 αὑτῴ
795 1259 908 1294 Χριστῷ

117 1305 310 1342 ἁνθρωπότητι
321 1305 359 1338 ὡς
372 1306 421 1332 καὶ
432 1305 568 1342 ἀνθρώπῳ
582 1304 706 1340 γεγονότι
716 1305 812 1340 τελείῳ
823 1313 908 1340 προσ-

118 1352 324 1386 εφαρμόζοντες
346 1360 354 1368 ο
375 1349 416 1384 οἷς
445 1352 494 1379 καὶ
518 1351 549 1378 τὸ
585 1351 721 1388 ἡμέτερον
753 1351 908 1386 ὼμοφρόνει

119 1397 233 1432 κράτος,
246 1398 307 1429 ταῖς
330 1397 385 1424 τῶν
408 1398 495 1432 ἁγίων
507 1398 557 1433 τῆς
579 1397 743 1434 Ἐκκλησίας
755 1398 908 1434 φωστήρων

118 1443 307 1475 διδασκαλίαις
320 1445 464 1480 ἑπόμενον.

999 424 1174 454 3.Contrarii
1199 429 1288 452 autem
1305 425 1358 458 his,
1387 431 1520 454 noverant
1532 427 1668 462 quideme
1685 437 1755 456 non-

962 472 1045 500 nullis
1063 471 1199 507 inspiratis
1229 471 1358 500 Ecclesia:
1387 472 1432 500 Dei
1460 472 1584 500 Patribus
1607 474 1706 502 dictum
1726 476 1753 504 id

961 518 1068 546 Domini
1080 518 1243 553 explicatum
1266 517 1349 546 fuisse
1365 523 1497 554 quatenus
1511 519 1590 546 Pater
1604 525 1698 548 auctor
1713 526 1755 549 cst

961 565 1239 600 incomprehensibilis
1257 565 1352 600 prima:
1382 565 1529 594 nativitatis
1540 572 1552 594 ι’
1567 572 1753 596 verumtamen

962 611 999 639 ita
1016 611 1123 639 aiebant
1139 620 1198 638 cum
1210 612 1426 645 respondendum
1441 616 1512 640 esset
1532 612 1564 640 iis
1597 614 1642 648 qui
1667 622 1755 649 nuga-

963 659 1062 685 bantur
1107 657 1217 685 differre
1239 666 1253 684 a
1271 658 1338 686 Filio
1350 658 1458 686 Patrem
1481 659 1705 694 substantialiter,
1723 668 1755 688 ac

963 703 1095 731 vocabulo
1107 704 1195 739 major
1218 711 1424 739 quaquaversus
1445 704 1636 740 abutebantur,
1654 710 1681 732 et
1703 706 1755 733 mi-

962 757 1055 778 norem
1067 751 1093 778 in
1105 755 1232 786 ‘utroque
1252 755 1324 777 statu
1352 751 1464 785 gradum
1494 756 1598 780 naturae
1620 752 1757 788 confinge-

967 796 1031 824 bant
1059 803 1092 824 ac
1114 796 1309 824 diversitatem.
1325 796 1381 825 Nec
1417 796 1499 832 hujus
1525 798 1670 826 locutionis
1693 806 1756 827 son-

961 850 1022 871 sum
1059 842 1246 871 tantummodo
1286 842 1319 870 ad
1352 842 1450 871 dictam
1494 844 1625 872 rationem
1662 846 1754 874 trahe-

961 889 1037 918 bant.
1055 890 1084 918 Si
1101 890 1208 925 quando
1223 889 1295 918 enim
1308 894 1400 918 contra
1424 890 1557 925 ejusmodi
1575 891 1754 926 :adversarios

962 944 1015 964 non
1044 937 1255 965 dissercrcntac
1271 937 1466 972 depugnarent,
1491 938 1538 965 sed
1562 938 1596 965 de
1617 938 1752 966 incarnati

961 982 1042 1010 Verbi
1054 987 1136 1016 statu,
1154 987 1181 1010 et
1195 983 1368 1012 naturalibus
1399 984 1610 1018 proprietatibus
1626 984 1754 1012 differen-

962 1030 1060 1065 tiisqoe
1075 1030 1227 1058 doctrinam
1243 1031 1394 1059 traderent:
1422 1036 1486 1059 tunc
1511 1039 1574 1060 suas
1591 1033 1689 1067 cuique
1705 1041 1754 1060 na-

961 1081 1029 1104 tura:
1054 1076 1203 1105 locutiones
1219 1077 1423 1111 attribuebant;
1456 1077 1634 1107 sublimiores
1644 1079 1753 1114 quidem

961 1126 988 1149 et
1019 1121 1180 1149 eminentes
1218 1122 1252 1149 ad
1267 1121 1368 1150 Christi
1393 1123 1572 1158 divinitatem,
1606 1125 1754 1160 utpoteDei

960 1168 1086 1202 perfecti,
1113 1168 1328 1201 convertebant;
1353 1168 1613 1199 humilioresautcm
1639 1175 1667 1198 et
1689 1172 1755 1199 sub-

960 1213 1057 1241 missas
1096 1213 1198 1241 Christi
1229 1214 1402 1247 humanitati.
1431 1220 1524 1251 utpote
1549 1216 1667 1244 hominis
1689 1217 1754 1245 item

959 1259 1084 1294 perfecti,
1114 1260 1365 1288 accommodabant.
1397 1260 1487 1296 Atque
1508 1262 1541 1288 ad
1568 1262 1665 1290 horum
1695 1269 1755 1290 sen-

961 1306 1072 1334 tentiam
1105 1310 1196 1334 nostra
1219 1314 1328 1341 quoque
1356 1306 1483 1340 maiestas
1507 1308 1664 1342 accedebat,
1688 1317 1755 1337 san-

959 1357 1066 1380 ctorum
1100 1351 1228 1381 Ecclesiae
1268 1352 1443 1380 luminarium
1483 1353 1633 1382 doctrinam
1658 1361 1755 1383 consed.

959 1403 1047 1427 etans.

153 1489 184 1519 δ’.
204 1490 282 1518 Οὕτω
298 1492 329 1527 δὴ
350 1491 420 1527 μετὰ
431 1479 562 1520 τοιούτων
583 1493 754 1520 ἁντιθεσεσιν
769 1494 907 1528 ἀμφιγνω-

995 1491 1022 1518 ι.
1039 1489 1088 1518 llic
1104 1494 1163 1518 erat
1177 1497 1243 1525 ergo
1260 1490 1506 1518 contradicentium
1532 1490 1648 1519 invicem
1671 1491 1753 1520 dissi-

120 1537 270 1571 μονοῦντες
283 1538 410 1574 ἀλλήλοις
428 1538 476 1566 καὶ
502 1538 692 1573 ἀντιλέγοντες
719 1539 906 1574 ἀνεφαίνοντο.

125 1580 196 1608 Ἀλλ’
210 1583 229 1616 ή
246 1583 322 1618 παρὰ
338 1583 388 1619 τῆς
405 1583 511 1611 ἄνωθεν
525 1583 616 1616 δεξιᾶς
632 1584 680 1611 καὶ
703 1584 835 1619 δεδομένη
861 1586 908 1610 καὶ

117 1625 295 1667 διεξαγομένη
322 1627 448 1663 βασιλεία
472 1629 551 1664 ἡμῶν
580 1629 632 1664 οὐχ
662 1629 805 1664 ὑπερεῖδεν
835 1628 908 1655 οὕτω

117 1673 164 1700 τὸν
178 1673 297 1701 νέοντοῦ
313 1674 390 1701 ’Θεοῦ
413 1676 460 1702 καὶ
483 1675 640 1711 περιούσιον
662 1675 772 1711 Ἰσραὴλ
792 1667 831 1711 τῷ
857 1676 908 1711 τῆς

117 1720 312 1756 Αἰγυπτιακῆς
343 1721 444 1753 κακίας
468 1721 580 1757 ἄρχοντι
605 1721 821 1756 πολεμούμενον,
846 1721 907 1748 οὐδὲ

118 1766 168 1801 τήν
183 1767 212 1799 ἐξ
228 1767 313 1793 ἐθνῶν
328 1767 508 1803 μετῃρμένην
532 1767 762 1803 εὐκληματοῦσαν
783 1767 906 1802 ἄμπελον

117 1814 180 1844 ταῖς
195 1813 251 1840 τῶν
272 1813 430 1849 ἁπᾳδόντων
456 1814 545 1849 λόγων
573 1814 795 1850 παρεισφθοραῖς
819 1814 906 1848 χαλα-

119 1858 256 1894 ζουμένην
270 1857 327 1886 οἷον
341 1860 390 1887 καὶ
409 1860 642 1896 συντριϐήσεσθαι
668 1859 835 1895 μέλλουσαν,
868 1859 906 1891 ὼς

117 1907 165 1932 καὶ
194 1906 234 1941 τῷ
258 1906 405 1942 φυτουργῷ
431 1906 602 1943 θρηνηθῆναι
627 1907 671 1934 διὰ
686 1908 717 1935 τὸ
730 1907 849 1939 nam;
876 1915 905 1933 τε

117 1952 166 1979 καὶ
183 1952 318 1986 ἄκαρπον.
333 1952 392 1980 Κᾶν
405 1954 453 1979 κα)⁵
467 1953 581 1988 μυρίαις
597 1953 674 1985 ὅσαις
689 1955 748 1985 ταῖς
759 1952 906 1983 ἀνθολκαϊς

117 1996 171 2024 τῶν
195 1997 339 2032 κοσμικῶν
365 1997 521 2033 φροντίδων
548 1998 753 2034 διεμεμέριστο,
780 1999 828 2025 καὶ
847 1999 910 2029 τοῖς

117 2044 149 2069 ὲκ
160 2042 208 2069 τοῦ
224 2044 348 2079 καλάμου
365 2043 485 2078 θηρίοις,
497 2043 567 2070 ἀλλὰ
581 2043 613 2078 δὴ
626 2044 674 2070 καὶ
688 2045 744 2074 τοῖς
763 2043 906 2077 πελαγίοις

116 2089 229 2123 κήτεσιν
241 2090 404 2124 ἁντιμαχεῖν
427 2089 600 2125 ἠναγκάζετο
626 2091 658 2116 ἐκ
679 2089 821 2124 Θαλάσσης
847 2089 906 2124 ἅμα

115 2136 162 2162 καὶ
177 2136 228 2171 γῆς
242 2137 462 2171 προσεγχανοῦσι
480 2136 551 2163 κατὰ
567 2136 679 2170 ταύτὸν,
706 2136 748 2171 ἐφ’
765 2133 787 2170 ᾧ
804 2136 833 2163 τὸ
856 2136 905 2171 τῆς

120 2181 264 2216 Ῥωμαίων
279 2183 366 2217 ἀρχῆς
389 2182 639 2217 περικαλλέστατον
664 2183 744 2218 σῶμα
756 2183 907 2218 διασπαρά-

116 2227 225 2260 ξασθαι·
242 2228 318 2264 ὅμως
335 2228 371 2255 τὰ
384 2229 435 2264 μὲν
461 2229 491 2256 ὲν
516 2229 638 2265 δευτέρῳ
665 2229 781 2262 τίθεται,
805 2229 856 2264 τῆς
876 2230 905 2256 δὲ

114 2273 170 2300 τῶν
194 2275 346 2302 διεστώτων
364 2275 416 2310 τῆς
448 2276 613 2311 Ἐκκλησίας
639 2276 731 2311 μερῶν
752 2276 803 2303 οὐκ
826 2275 904 2310 ὀλίγη

114 2320 222 2354 γίνεται
236 2321 568 2358 φροντὶςλπροσενώσεως,
589 2323 636 2349 καὶ
661 2323 708 2349 τοῦ
722 2323 771 2358 τὴν
793 2322 901 2357 698650-

113 2366 159 2400 ξον
179 2368 245 2403 περὶ
271 2368 318 2395 τοῦ
350 2369 517 2404 ζητουμένου
546 2369 652 2396 ἔννοιαν
678 2368 903 2404 ἀνακαλυφθῆναι

961 1537 1138 1572 dentiumque
1163 1541 1260 1564 status.
1295 1536 1347 1564 Sed
1373 1545 1386 1563 a
1413 1536 1468 1564 Deo
1493 1537 1556 1564 data
1596 1537 1754 1573 directaque

961 1583 1090 1618 majestas
1102 1588 1195 1610 nostra
1207 1590 1305 1610 novum
1320 1582 1364 1610 Dei
1378 1581 1526 1618 pretiosum
1539 1583 1666 1612 Israelem
1681 1584 1753 1612 haud

960 1629 1077 1663 neglexit
1092 1629 1126 1656 ab
1140 1628 1307 1665 [Egyptiacte
1332 1629 1441 1656 malitia?
1473 1629 1595 1664 principe
1621 1630 1661 1658 sic
1678 1631 1754 1659 dive-

960 1679 1072 1706 xatuin;
1106 1681 1193 1709 neque
1216 1674 1298 1702 vitem
1320 1681 1353 1702 ex
1384 1674 1500 1702 ethnicis
1529 1675 1686 1702 translatam
1725 1681 1754 1703 et

955 1724 1013 1759 jam
1038 1719 1222 1753 frondentem,
1239 1720 1273 1747 ab
1289 1720 1468 1748 absurdarum
1491 1721 1681 1756 doctrinarum
1696 1730 1755 1750 cor-

960 1766 1086 1802 ruptelis,
1119 1766 1202 1794 veluti
1226 1767 1367 1802 grandine,
1398 1767 1537 1795 verberari
1568 1767 1755 1803 perfringique

958 1812 1033 1846 sivit,
1049 1813 1084 1840 ita
1101 1817 1130 1840 ιιι
1140 1813 1252 1843 vinitori
1267 1812 1427 1842 deformitas
1450 1814 1508 1848 cjus
1525 1819 1606 1849 atque
1623 1815 1754 1843 sterilitas

958 1858 1080 1887 deﬂenda
1101 1859 1181 1886 foret.
1214 1859 1247 1886 Et
1263 1866 1420 1894 quanquam
1448 1867 1497 1888 nos
1514 1860 1663 1890 innumeris
1679 1869 1755 1888 mun-

958 1905 1093 1933 danarum
1120 1912 1246 1932 curarum
1280 1904 1408 1932 ﬂuctibus
1438 1905 1557 1941 ferisque
1586 1905 1754 1940 palustribus

958 1951 1119 1987 premimur,
1151 1951 1271 1986 itemque
1306 1951 1420 1978 marinis
1459 1952 1589 1980 manstris
1624 1952 1754 1980 resistere

957 1998 1092 2033 cogimur,
1119 2004 1180 2031 qua:
1199 1998 1267 2025 muri
1293 1997 1375 2025 simul
1393 2002 1518 2032 terraque
1541 1997 1754 2034 inltiantutpul-

960 2044 1126 2071 cherrimum
1154 2043 1267 2070 Romani
1284 2042 1390 2078 imperii
1405 2049 1504 2077 corpus
1528 2042 1692 2077 dilacerent;
1709 2047 1752 2070 at-

958 2094 1060 2123 tamen,
1084 2089 1127 2116 bis
1141 2088 1312 2124 posthabitis,
1340 2089 1373 2116 ad
1396 2088 1586 2116 dissidentium
1618 2087 1748 2116 Ecclesia:

959 2134 1144 2163 membrorum
1165 2133 1346 2162 revocandam
1371 2134 1544 2161 concurdiam
1555 2134 1603 2161 toti
1619 2134 1753 2161 incumbi-

922 2172 945 2200 θ
961 2188 1021 2208 mus
1035 2190 1041 2208 :
1056 2186 1083 2208 et
1098 2181 1130 2208 de
1138 2180 1291 2207 orthodoxe
1300 2179 1469 2207 controversi
1479 2179 1543 2207 dicti
1565 2179 1753 2215 patefaciendo

959 2236 1040 2255 sensu
1068 2227 1215 2254 maximam
1241 2226 1361 2261 gerimus
1394 2225 1616 2254 sollicitudinem.
1649 2226 1753 2261 Quippe

959 2276 1054 2302 barum
1067 2282 1157 2302 rerum
1171 2272 1344 2301 concordiam
1368 2273 1446 2300 valde
1480 2272 1641 2300 conﬁdimus
1651 2273 1752 2308 princi-

957 2321 1031 2356 pium
1050 2320 1108 2348 fore
1126 2320 1208 2348 etiam
1235 2319 1338 2355 paciﬁci
1363 2319 1558 2347 dominationis
1582 2324 1681 2347 nostra:
1694 2323 1752 2347 sta-

958 2373 1011 2396 tus.

116 2413 250 2448 μεγίστην
261 2415 302 2441 ἔτι
318 2415 439 2451 δείκνυσι
470 2414 519 2448 τήν
544 2415 718 2450 προμήθειαν
739 2422 746 2429 ·
765 2411 834 2441 εῐναι
848 2415 902 2449 γὰρ
921 2414 971 2450 τὴν
984 2414 1032 2442 ἐπὶ
1046 2413 1152 2444 τούτοις
1167 2413 1280 2448 εἰρήνην
1293 2410 1421 2446 ἀπαρχὴν
1452 2411 1500 2437 καὶ
1530 2411 1581 2446 τῆς
1605 2410 1650 2438 τοῦ
1680 2411 1749 2446 ἡμε-

83 2480 89 2484 .
112 2459 195 2494 τέρου
212 2459 330 2494 κράτους
356 2460 498 2496 εῑρηναίας
515 2460 568 2496 [ὲν]
595 2461 682 2502 ἆοπασι
706 2461 902 2493 καταστάσεως
923 2461 982 2496 μετ’
998 2460 1160 2488 εὐελπίστου
1178 2459 1293 2495 γνώμης
1309 2458 1487 2485 πεπίστευκε.

148 2508 180 2531 ε’.
197 2505 345 2540 Τοιγάρτοι
360 2506 465 2533 καὶτὸν
481 2507 635 2541 ἁγιώτατον
647 2507 694 2534 καὶ
710 2507 902 2542 οίκουμενικὸν

113 2551 299 2587 πατριάρχην,
319 2552 388 2586 μετὰ
403 2552 457 2579 τῶν
469 2553 577 2593 ἐτέρων.
586 2553 749 2588 ἁγιωτάτων
764 2561 904 2590 πατριαρ-

111 2597 180 2634 χῶν,
198 2596 246 2623 τοῦ
261 2605 292 2623 τε
306 2597 357 2633 τῆς
383 2598 559 2632 Θεουπὸλεως
583 2600 707 2636 μεγάλης
733 2599 906 2635 ’Δντιοχείας

113 2645 162 2672 καὶ
177 2643 225 2670 τοῦ
240 2643 290 2678 τῆς
306 2644 388 2678 ἁγίας
413 2645 484 2672 Σιὼν
511 2647 562 2680 τῆς
584 2647 689 2679 πόλεως
713 2646 904 2682 Ἰερουσαλὴμ,

115 2689 359 2724 συγκαλεσαμένη,
375 2689 423 2716 καὶ
438 2690 487 2726 τὴν
507 2692 679 2728 ὲνδημοῦσαν
697 2692 852 2728 τηνικαῦτα
870 2693 903 2728 τῇ

114 2735 232 2772 βασιλίδι
243 2735 299 2762 τῶν
319 2735 513 2768 πόλεωνβείαν
530 2739 577 2766 καὶ
592 2739 670 2774 ἱερὰν
685 2739 741 2766 τῶν
766 2738 814 2766 τοῦ
836 2739 904 2774 Χρι-

113 2781 178 2808 στοῦ
193 2780 346 2816 ἀρχιερέων
368 2781 489 2816 σύνοδον,
507 2785 711 2820 συναθροίσασα
722 2793 752 2812 τε
770 2785 823 2816 τάς
835 2785 904 2821 χρή-

113 2836 170 2859 σεις
180 2826 237 2854 τῶν
251 2826 301 2861 τὴν
317 2827 447 2864 τοιαύτην
463 2829 678 2865 ἐξηγησαμένων
693 2831 793 2868 φωνὴν
803 2831 902 2867 ,θεοφόο

278 2873 415 2905 ΡΔτιιοι..
439 2870 487 2906 Gn
514 2876 681 2909 CXXXIII.

992 2508 1019 2535 5.
1031 2507 1192 2535 Convocatis
1202 2507 1286 2543 igitur
1298 2507 1473 2535 sanctissimo
1485 2510 1565 2541 atque
1579 2505 1748 2533 mcumenica

957 2554 1123 2590 patriarcha,
1139 2553 1254 2588 aliisque
1271 2553 1451 2582 sanctissimis
1465 2551 1638 2588 patriarehis,
1650 2558 1747 2586 nempe

959 2601 1034 2628 urbis
1046 2600 1092 2628 Dei
1119 2607 1222 2636 magnae
1235 2600 1396 2632 Antiochiae,
1411 2604 1437 2627 et
1448 2603 1548 2627 sanctae
1563 2597 1652 2625 Sionis
1672 2598 1748 2625 urbis

958 2646 1125 2680 Jerusalem;
1153 2654 1204 2674 nec
1230 2654 1283 2674 non
1295 2644 1328 2674 ex
1344 2645 1523 2674 incolentibus
1537 2651 1585 2679 per
1605 2644 1630 2671 id
1642 2649 1747 2678 tempus

957 2692 1060 2727 regiam
1077 2683 1248 2727 metropolim
1261 2691 1404 2727 episcopis,
1418 2683 1507 2718 divina
1525 2694 1553 2717 ct
1571 2696 1648 2717 saera
1668 2688 1748 2718 Chii-

957 2739 991 2767 sti
1019 2739 1209 2773 episcoporum
1234 2739 1337 2774 synodo
1368 2741 1552 2773 congregata;
1572 2735 1748 2763 auctoritates

956 2784 1119 2812 deiferorum
1141 2784 1261 2817 Patrum,
1290 2785 1335 2819 qui
1355 2784 1457 2812 dictum
1488 2782 1552 2810 illud
1576 2783 1744 2817 interpretati

957 2830 1074 2863 fuerant,
1090 2829 1116 2857 in
1132 2830 1250 2858 medium
1265 2828 1378 2865 proferri
1392 2829 1554 2860 curavimus.
1568 2827 1744 2863 diiigentique

1506 2874 1543 2904 25
