1955 3080
237 118 291 150 779

837 114 1037 148 MANUELIS
1057 115 1228 147 COMNEN‘I

1820 122 1877 154 780

236 172 368 202 scrutinio
382 170 522 208 perpendi.
550 171 638 207 Atque
657 169 699 198 hte
714 170 821 206 quidem
838 171 951 198 rationis
968 171 1016 205 igni

1083 180 1137 207 ρων
1153 171 1294 208 Πατέρων,
1311 173 1351 205 εἷς
1378 183 1461 210 μεσον
1479 174 1647 210 προτεθῆναι
1672 174 1875 212 ᾤκονομήσατο

235 221 393 256 exploratae,
421 219 507 246 instar
529 219 588 246 auri
603 218 688 246 obrizi
707 218 882 254 deprehensae
894 222 968 249 sunt,
987 218 1029 244 ni-

236 267 327 302 hilque
347 266 510 294 subteratnm
533 264 674 298 habentes,
713 271 791 292 secus
833 271 865 291 ac
895 262 1030 291 nonnullis

235 317 316 340 antea
330 312 480 338 videbatur.
493 310 743 338 Contradicentium
761 314 848 337 autem
870 314 1029 344 argumenta

235 358 447 392 dissidentiaque
473 357 544 385 dicta
571 357 685 383 refutatu
709 361 789 390 sunt;
821 355 958 390 unieoque
970 363 1029 382 om-

236 404 311 430 nium
337 402 419 437 capiti
443 402 551 430 Christo
574 409 673 437 corpus
684 401 809 428 Ecclesiae
821 400 1028 434 schisntalijam

235 449 381 477 obnoxium
394 453 454 482 apte
467 455 619 475 connexum
634 452 676 474 est
697 451 724 474 et
736 447 986 479 accommodatum;
1000 450 1028 473 et

233 494 278 530 qui
312 502 344 521 ex
366 493 462 521 eodem
493 492 704 528 regenerationis
736 491 923 526 'adoptionisve
953 491 1028 519 fonte

232 540 399 574 prodierant,
417 539 534 566 fraterna
552 538 696 566 concordia
713 537 901 573 scnleutiaque
916 538 1026 565 coalue-

233 591 306 613 runt.
333 585 400 612 lline
419 585 558 613 deﬁnitum
570 584 632 618 fuit,
657 584 887 619 quemadmodum
903 584 954 611 hoc
974 584 1026 610 Dn-

232 634 297 660 ntini
312 633 423 664 dictum,
438 633 588 660 secundum
606 636 726 658 veterum
746 639 885 658 sacrarunt
909 632 1026 667 synodo-

231 689 291 707 rnrn
330 679 533 714 religiosissima
573 678 683 713 placita,
726 677 929 710 intelligendum
977 677 1022 704 sit.

233 728 375 755 Decretum
402 725 501 761 quippe
513 724 573 758 fuit,
602 725 744 751 utdictum
771 724 821 750 hoc
834 728 859 750 et
872 723 1023 751 secundum

231 774 352 801 diversas
368 771 437 799 alias
451 771 648 806 intelligeretur
671 777 702 797 ac
714 770 909 805 prmdicaretur
922 776 937 796 a
954 776 1024 795 san-

229 821 281 848 ctis
319 818 443 845 Patrihus
477 817 563 845 editas
591 817 849 851 interpretationes:
880 806 913 842 et.
941 815 1023 842 simul

229 864 375 892 secundum
389 864 469 890 etiam
485 863 629 889 humanam
642 860 755 893 Christi,
766 865 896 894 creatam,
906 859 1024 886 circum-

229 912 358 945 scriptam
406 909 617 945 passibilemque
659 912 794 939 naturam,
830 906 923 942 inqua
949 906 1019 934 idetn

227 957 354 985 Christus
387 962 482 990 passus
504 958 556 986 est,
582 958 608 980 et
636 953 783 980 secundum
805 952 923 986 reliquas
940 953 1019 987 hujus

226 1007 330 1029 natum!
349 1001 546 1035 pi-Oprietutcs;
575 1000 611 1026 ita
639 1003 667 1026 ut
691 999 754 1026 hinc
782 1002 810 1025 et
831 1005 897 1025 vera
914 997 1019 1025 Domini

228 1048 394 1079 humanitas,
406 1046 432 1073 id
450 1050 490 1073 est
505 1045 667 1078 incarnatio,
683 1043 756 1073 salva
768 1044 814 1077 sit,
823 1048 850 1071 et
862 1048 1019 1070 naturarum

226 1094 253 1121 in
286 1093 362 1120 unica
377 1098 494 1127 persona
525 1089 665 1118 distinctio
682 1097 743 1116 cum
760 1088 937 1123 impermistis
952 1095 1017 1122 pro-

227 1140 388 1175 prietatibus
414 1139 575 1166 retineatur.
591 1137 621 1164 ιιι
639 1137 690 1164 isto
704 1140 794 1163 autem
814 1135 1020 1169 religiosissime

227 1194 300 1215 tonio
313 1191 403 1215 nostra
420 1192 528 1221 quoque
549 1184 675 1219 maiestas
689 1191 770 1210 manu
792 1182 901 1218 propria
917 1188 1019 1217 purpu-

225 1236 279 1264 reis
293 1235 391 1264 litteris
406 1234 516 1269 scripsit
528 1234 563 1260 ad
574 1232 685 1259 verbum
700 1231 739 1258 sic
763 1239 770 1258 :

1083 219 1130 246 καὶ
1144 219 1204 253 μετ’
1215 219 1348 254 ἀκριϐοῦς
1365 220 1564 256 βασανισθῆναι
1580 222 1798 254 κατεξετάσεως.
1816 224 1876 250 Καὶ

1081 264 1148 298 γοῦν
1163 266 1191 291 at
1215 265 1265 300 μὲν
1287 265 1495 301 δοκιμασθεῖσαι
1515 267 1555 303 τῷ
1570 267 1618 294 τοῦ
1639 267 1721 302 λόγου
1748 260 1818 303 πυρὶ
1835 268 1876 300 ὡς

1080 311 1196 347 δὸρυζον
1229 312 1342 347 χρυσίον
1380 313 1544 348 εὑρέθησαν,
1583 314 1668 348 μηδὲν
1715 314 1876 350 ὑπόχαλκον

1079 357 1261 392 ἐφελκόμεναι
1285 357 1322 394 [ὃ]
1345 359 1479 395 πρότερον
1504 368 1577 386 τισιν
1597 359 1739 394 ἐνομίζετο
1763 368 1771 375 ·
1800 361 1828 387 αι
1845 361 1876 388 δὲ

1079 402 1134 429 τῶν
1150 403 1231 438 μέχρι
1244 405 1304 431 τότε
1329 405 1526 438 ἀντιλεγόντων
1551 405 1694 437 ἐνστάσεις
1719 407 1766 432 καὶ
1783 406 1876 441 ἀσύμη

1079 457 1164 483 φωνοι
1186 450 1276 483 φωναὶ
1301 450 1466 483 διαλύονται,
1490 451 1525 486 τῇ
1551 450 1580 477 δὲ
1611 452 1662 486 μιᾷ
1685 451 1792 488 κεφαλῇ
1816 453 1874 478 τῶν

1078 493 1188 520 πάντων
1205 494 1316 530 Χριστῷ
1338 495 1370 522 τὸ
1389 496 1592 531 διασπασθῆναι
1606 497 1763 524 κινδυνεῦον
1789 498 1872 533 σῶμα

1076 539 1126 574 τῆς
1148 539 1308 575 Ἐκκλησίας
1327 541 1571 577 συναρμολογεῖται
1584 542 1632 568 καὶ
1651 543 1867 578 συμσιὸάζεται,

1077 586 1124 612 καὶ
1147 586 1172 612 oi.
1192 587 1225 612 ἐκ
1245 587 1295 622 τῆς
1316 587 1402 623 αὐτῆς
1430 588 1626 623 κολυμϐήθρας
1656 589 1870 624 υίοθετηθέντες

1076 632 1189 668 ἀδελφοὶ
1213 634 1420 670 ὁμοφωνοῦντες
1443 636 1492 662 καὶ
1515 636 1711 671 ὁμογνώμονες
1733 638 1870 671 γίνονται.

1081 678 1226 707 Ἐντεῦθεν
1242 680 1291 707 καὶ
1304 682 1500 716 ὁρογραφεῖται
1516 682 1550 709 τὰ
1574 684 1640 718 περὶ
1660 684 1710 718 τῆς
1737 683 1870 717 τοιαύτης

1074 723 1121 750 τοῦ
1137 725 1240 760 Κυρίου
1258 727 1362 762 φωνῆς,
1374 727 1448 758 ὅπως
1464 728 1621 760 ἀκολούθως
1637 728 1717 764 [τοῖς]
1733 729 1871 756 ἀνέκαθεν

1075 770 1132 797 τῶν
1152 771 1234 806 ἱερῶν
1263 772 1382 799 συνόδων
1404 773 1581 806 εὐσεϐάστοις
1604 775 1738 810 δόγμασιν
1763 775 1870 810 ὀφείλει

1075 817 1351 852 παραλαμϐάνεσθαι.
1371 819 1537 854 Κεκύρωται
1558 820 1613 857 γάρ
1630 821 1702 848 κατά
1712 820 1762 853 τὰς
1774 821 1871 856 διαφό-

1041 857 1062 885 Β
1079 872 1142 899 ρους
1155 863 1204 899 μὲν
1221 864 1327 900 ἑτέρας,
1343 865 1420 901 παρὰ
1431 866 1487 892 τῶν
1506 866 1591 900 ἁγίων
1606 867 1738 902 Πατέρων
1767 868 1797 894 at
1822 869 1869 895 καὶ

1074 909 1198 940 δοθείσας
1213 910 1368 945 ἐξηγήσεις,
1385 911 1503 938 νοεῖσθαι
1519 912 1623 947 ταύτην
1649 913 1698 939 καὶ
1712 913 1847 948 λέγεσθαι
1859 924 1866 931 ·

1073 955 1103 980 οὺ
1124 955 1176 990 μὴν
1191 955 1219 982 δὲ
1247 955 1316 982 ἀλλά
1331 957 1377 982 καὶ
1394 957 1454 983 κατ’
1474 958 1559 992 αὐτὴν
1582 959 1611 984 ὲν
1630 958 1671 993 τῷ
1693 959 1809 995 Χριστῷ
1822 961 1867 986 ἀν-

1074 1000 1214 1037 θρωπίνην
1226 1003 1339 1037 κτιστὴν
1351 1003 1404 1029 νχαὶ
1429 1006 1623 1040 περιγραπτὴν
1637 1005 1729 1039 φύσιν,
1747 1006 1811 1033 καθ’
1834 1006 1867 1041 ἢν

1073 1045 1087 1071 ὁ
1101 1045 1183 1078 αὐτὸς
1203 1046 1320 1081 Χριστὸς
1337 1047 1455 1083 πάσχειν
1482 1049 1544 1074 τότε
1564 1051 1719 1083 πεφυκυῖαν
1744 1052 1796 1077 καὶ
1818 1052 1865 1077 πέ-

1073 1091 1167 1123 πονθε,
1182 1092 1230 1118 καὶ
1253 1093 1302 1123 τάς
1315 1092 1412 1124 λοιπὰς
1426 1094 1475 1128 τῆς
1490 1095 1620 1130 τοιαύτης
1634 1096 1743 1129 φύσεως
1763 1097 1865 1133 ἰδιότη-

1072 1145 1123 1168 τας
1141 1146 1147 1153 -
1163 1137 1201 1169 ὡς
1213 1137 1342 1165 ἐντεῦθεν
1359 1140 1406 1165 καὶ
1421 1139 1470 1174 τὴν
1489 1140 1577 1176 ἀληθῆ
1600 1141 1648 1168 τοῦ
1666 1142 1769 1178 Κυρίου
1786 1144 1867 1170 ἐναν-

1073 1181 1216 1218 ορώπησιν
1230 1182 1318 1209 εἵτουν
1348 1184 1486 1219 σάρκωσιν
1517 1185 1662 1219 σώζεσθαι,
1685 1187 1734 1212 καὶ
1758 1186 1790 1213 τὸ
1811 1187 1867 1214 τῶν

1073 1229 1182 1264 φύσεων
1196 1229 1317 1265 ἄφυρτςν
1332 1230 1361 1256 ἐν
1373 1232 1406 1266 τῇ
1419 1231 1467 1258 τοῦ
1493 1231 1614 1266 Χριστοῦ
1638 1233 1689 1268 μιᾷ
1710 1233 1866 1260 omnem

225 1281 416 1318 συντηρείσθαι
431 1278 601 1314 ἀσυγχύτους
620 1277 669 1309 τὰς
693 1277 839 1312 ἰδιότητας.
862 1275 906 1302 Ἐν
920 1274 949 1301 δὲ
969 1274 1008 1310 τῷ
1026 1275 1140 1309 τοιούτῳ
1157 1274 1354 1311 εὐσεϐογράφῳ
1387 1276 1464 1312 τόμῳ
1488 1277 1536 1304 καὶ
1574 1278 1591 1312 ὴ
1618 1277 1745 1313 βασιλεία
1784 1279 1867 1314 ἡμῶν

224 1329 428 1365 οῖκεωγράφοις
453 1326 578 1362 ὲρυθροῖς
617 1324 815 1359 ύπεσημήνατο
833 1323 1005 1359 γράμμασιν,
1027 1321 1098 1348 οὕτω
1111 1321 1180 1356 πρὸς
1197 1321 1262 1353 ἔπος
1277 1321 1501 1358 διαλαμϐάνουσα
1517 1332 1525 1341 ·

260 1377 302 1406 ϐ.ι
324 1377 429 1410 Sequor
439 1372 587 1402 sententias
601 1371 833 1399 sanctissimorum
848 1369 1015 1405 patriarcha-

225 1433 283 1453 rum
302 1429 441 1457 sacra-que
456 1425 483 1448 et
502 1419 600 1447 divinae
614 1418 720 1453 synodi,
746 1417 844 1451 aioque
862 1417 947 1452 ipsam
964 1417 1016 1443 Do-

226 1470 291 1497 mini
318 1475 440 1499 carnem,
459 1466 484 1492 vi
505 1463 702 1498 conjunctionis
721 1462 867 1489 exaltatam
881 1468 1016 1495 supraque

1106 1366 1143 1400 ς’.
1160 1377 1170 1394 ι
1188 1369 1294 1404 Στοιχῶ
1311 1371 1371 1402 ταῖς
1387 1370 1511 1405 γνώμαις
1537 1370 1592 1398 τῶν
1605 1371 1702 1405 ’ἁγίων
1727 1381 1802 1407 πατρ
1814 1377 1866 1408 αρ’

1069 1411 1124 1447 χῶν
1137 1413 1182 1439 καὶ
1195 1414 1245 1448 τῆς
1274 1413 1349 1446 Θείας
1374 1415 1420 1441 καὶ
1450 1415 1526 1450 ἱερᾶς
1551 1416 1676 1447 συνόδου.
1703 1418 1753 1444 καὶ
1793 1418 1866 1452 λέγω

1067 1458 1110 1484 ὃτι
1126 1458 1195 1493 σὰρξ
1213 1459 1260 1486 τοῦ
1286 1460 1389 1495 Κυρίου
1415 1459 1446 1493 ἐξ
1463 1461 1546 1496 αὐτῆς
1569 1462 1691 1494 ἑνώσεως
1708 1463 1863 1498 ὕπερυψω-

225 1523 332 1544 omnem
358 1514 487 1541 honorem
520 1510 678 1537 collocatam
707 1508 755 1541 (ita
782 1512 811 1536 ut
838 1507 890 1534 hoc
914 1506 1016 1534 eximio

1069 1503 1147 1530 θεῖσα
1162 1505 1209 1531 καὶ
1224 1505 1355 1532 ἀνωτάτω
1376 1507 1467 1542 πάσης
1490 1508 1574 1543 τιμῆς
1601 1509 1806 1544 ὑπερκειμένη,
1827 1510 1867 1542 ὡς

224 1569 294 1588 nexu
322 1559 445 1587 deiiirata
479 1557 524 1591 sit)
559 1554 774 1587 immutabiliter,
808 1553 1015 1585 iavariabiliter,

1069 1548 1097 1581 ἐξ
1111 1550 1199 1584 ἄκρας
1211 1549 1335 1582 ὲνώσεως
1349 1550 1487 1587 [ὀμόϐεοςῖ
1502 1552 1866 1588 γενομένη,“ἀναλλοιώτω;,

225 1607 376 1638 inconfuse,
386 1602 641 1635 inconvertibiliter,
657 1601 832 1636 hypostaticm
845 1599 1016 1635 conjunctio-

224 1654 267 1682 nis
282 1652 366 1690 gratia
376 1672 383 1685 ,
400 1648 610 1685 inseparabilem
641 1647 887 1681 indivisibilemque
902 1653 1017 1673 manen-

225 1707 290 1732 tem,
320 1699 400 1727 simul
413 1705 473 1726 cum
499 1695 752 1729 assumenleipsam
771 1693 824 1721 Deo
840 1691 939 1725 Verbo,
958 1692 1015 1727 pari

225 1747 328 1774 honore
345 1744 397 1772 coli
411 1748 437 1771 et
451 1742 572 1774 adorari,
599 1741 677 1767 unica
695 1739 866 1770 adoratione,
886 1738 1015 1773 regioque

223 1797 252 1820 et
279 1791 370 1819 divino
398 1790 424 1817 in
449 1788 517 1816 solio
542 1789 575 1815 ad
605 1784 693 1813 Patris
719 1785 859 1812 dexteram
879 1784 1013 1816 residere;

223 1842 317 1874 utpote
336 1827 395 1871 quae
426 1834 558 1871 gloriosas
585 1830 734 1859 divinitatis
757 1829 833 1856 dotes
851 1829 946 1863 adepta
961 1832 1014 1860 est,

223 1882 306 1910 salvis
322 1887 475 1908 naturarum
494 1876 726 1913 proprietatibusu
737 1876 824 1909 Atque
835 1875 871 1901 ita
886 1874 1015 1901 Dominus

222 1928 301 1955 Jesus
328 1925 464 1957 Christus,
475 1925 556 1952 etiam
570 1927 631 1958 post
642 1921 865 1953 incarnationem,
894 1921 926 1947 de
944 1920 1015 1946 indi-

219 1970 323 1999 ‘visibili
352 1970 484 1997 Trinitate
498 1976 578 2001 unus,
607 1975 667 1994 cum
684 1974 732 1994 sua
750 1970 840 1994 autent
855 1964 1013 1993 iudivisibili

223 2025 277 2044 una
301 2023 416 2051 persona
432 2014 539 2049 duplex,
568 2018 595 2041 et
610 2021 641 2040 ex
661 2011 808 2040 iueonfusis
825 2011 928 2039 naturis
939 2010 1019 2038 com;

221 2061 337 2096 positus,
356 2059 503 2087 Ecclesiam
515 2057 651 2086 discordia
664 2057 746 2085 dividi
760 2061 787 2084 et
797 2056 1012 2084 contradictione

223 2107 306 2142 mergi
324 2105 533 2142 periclitantem,
547 2104 579 2132 ad
596 2104 725 2131 anitatem
739 2102 815 2130 duxit
826 2110 873 2130 seu
887 2104 1011 2137 reduxit;

200 2188 204 2192 θ
221 2159 248 2182 et
276 2159 403 2189 tanquam
421 2151 466 2179 Dei
491 2151 685 2185 hominumque
696 2150 840 2184 mediator,
856 2154 968 2178 cunctos
983 2150 1009 2177 in

220 2208 250 2227 se
265 2199 322 2234 ipso
335 2197 529 2226 reconciliavit.

251 2333 282 2360 ’7.
306 2331 438 2366 Quaniam
464 2338 529 2358 vero
553 2330 661 2357 malitia:
680 2335 756 2365 pater
787 2330 814 2356 in
834 2329 1011 2357 clandestinis

215 2377 325 2404 insidiis
347 2376 479 2407 residens,
491 2381 571 2410 atque
587 2383 601 2402 a
613 2377 742 2410 tentando
759 2375 897 2402 hominum
910 2381 1010 2409 genere

218 2431 357 2458 nunquam
379 2422 526 2454 desistens,
547 2426 676 2449 consueta
693 2421 859 2456 impudentia
871 2428 918 2448 sua
939 2428 1009 2448 nunc

219 2471 300 2497 etiam
319 2470 448 2504 impetum
465 2467 536 2500 fecit,
554 2473 581 2495 et
591 2468 667 2502 juxta
682 2468 740 2495 vias
756 2468 882 2494 scandala
899 2467 1006 2502 posuit;

217 2517 306 2544 denuo
327 2517 349 2543 is
371 2515 417 2550 qui
448 2514 574 2542 Ecclesia:
586 2519 686 2541 terram
713 2513 803 2541 stabili
830 2513 1007 2541 fundamento

217 2562 403 2593 constituerat,
419 2561 451 2587 ad
469 2561 538 2588 hanc
552 2568 567 2587 e
583 2560 655 2587 caelo
674 2560 792 2594 respexit
808 2569 815 2587 :
829 2563 862 2587 et
877 2561 1006 2595 synodica

216 2608 329 2643 qumstio
354 2608 386 2635 de
415 2608 577 2642 supradictis
596 2607 766 2641 dogmatibus
783 2607 932 2634 instaurata
946 2612 1004 2634 est:

218 2651 371 2686 novumque
399 2653 529 2688 scriptum
553 2653 588 2680 ab
607 2653 645 2680 iis
661 2653 706 2688 qui
723 2653 841 2686 suspecti
851 2657 940 2686 erant,
951 2654 1007 2681 edi-

217 2701 273 2724 tum
303 2698 366 2732 fuit;
384 2705 524 2733 propterea
553 2699 623 2734 quod
637 2697 798 2732 iuberentur
822 2699 856 2726 de
873 2706 920 2726 sua
939 2706 1006 2726 con-

219 2744 331 2770 scientia
354 2744 502 2772 Ecelesiam
536 2746 679 2773 certiorem
708 2745 876 2773 [δέοι-σεςυί
904 2746 1006 2779 scripto

218 2788 314 2822 singuli
350 2797 430 2816 manu
453 2792 559 2825 propria
587 2792 817 2827 subscripserunt,
839 2793 1005 2820 anathemati

217 2833 390 2866 subiicit-ulc;
417 2842 465 2861 eos
476 2837 520 2869 qui
551 2837 686 2864 cor-traria
705 2838 840 2865 sentirent
859 2839 1005 2873 propositis

217 2878 268 2907 iam
293 2887 306 2904 a
323 2879 463 2921 niajcsialc
487 2887 577 2909 uestra
604 2885 756 2917 sententiis,
777 2893 825 2913 nec
840 2893 893 2913 non
907 2876 1003 2914 a'san-

130 3024 247 3050 Δ

1068 1596 1277 1632 ἀμεταϐλήτως,
1299 1599 1462 1634 ἀσυγχύτως
1486 1600 1534 1626 καὶ
1552 1600 1707 1636 ἀτρέπτως,
1738 1601 1784 1628 διὰ
1813 1602 1866 1636 τὴν

1067 1641 1129 1672 καθ’
1142 1642 1291 1670 ὑπόστασιν
1304 1643 1415 1676 ἕνωσιν,
1427 1645 1475 1671 καὶ
1486 1645 1638 1681 ἁχώριστος
1661 1647 1709 1674 καὶ
1724 1647 1866 1675 ἀδιάσπα-

1067 1695 1130 1719 στος
1154 1689 1275 1724 μὲνουσα
1291 1691 1331 1725 τῷ
1355 1692 1571 1729 προσλαϐομένῳ
1592 1693 1679 1730 αὐτὴν
1692 1694 1759 1730 θείῳ
1775 1695 1862 1731 λόγῳ,

1067 1733 1196 1766 ισοκλεῶς
1209 1735 1284 1771 αὐτῷ
1301 1738 1415 1772 τιμᾶται
1429 1738 1476 1764 καὶ
1491 1741 1687 1774 προσκυνεῖται
1701 1741 1752 1776 μιᾷ
1772 1749 1865 1776 προσ-

1065 1780 1189 1815 κυνήσει,
1208 1781 1256 1808 καὶ
1275 1783 1331 1814 τοῖς
1356 1783 1508 1818 βασιλικοῖς
1523 1785 1570 1812 καὶ
1586 1786 1669 1818 θείοις
1691 1787 1861 1823 ἐγκαθίδρυ-

1064 1834 1110 1854 ται
1128 1827 1228 1860 θώκοις
1241 1828 1273 1856 ὲκ
1286 1829 1382 1863 δεξιῶν
1398 1831 1445 1857 τοῦ
1466 1831 1624 1868 Πατρδςμὼς
1643 1833 1677 1860 τὰ
1693 1834 1743 1868 τῆς
1759 1834 1862 1869 θεότη-

1063 1880 1110 1904 τος
1143 1873 1291 1908 αὐχήματα
1323 1875 1588 1911 καταπλουτήσασα,
1617 1876 1780 1912 σωζομένων
1803 1878 1862 1905 τῶν

1065 1918 1206 1954 ίδιοτήτων
1216 1920 1271 1947 τῶν
1285 1920 1404 1956 φύσεων.
1422 1931 1431 1948 ι
1451 1923 1508 1949 Καὶ
1522 1922 1662 1959 [οὖτωςῙό
1675 1923 1725 1959 τῆς
1736 1923 1862 1960 ἀδιαιρέ-

1063 1975 1109 1993 του
1123 1967 1238 2002 Τριάδος
1253 1969 1301 1996 καὶ
1314 1969 1384 2004 μετά
1396 1969 1447 2005 τὴν
1459 1971 1599 2006 σάρκωσιν
1614 1968 1655 2002 εἷς
1669 1971 1773 2006 Κύριος
1804 1973 1860 2007 Ἰη-

1063 2012 1127 2044 σοῦς
1141 2013 1268 2048 Χριστὸς,
1285 2014 1314 2041 ἐν
1328 2016 1361 2050 τῇ
1377 2015 1525 2051 ἀδιαιρέτῳ
1538 2016 1621 2043 αὑτοῦ
1637 2018 1687 2052 μιᾷ
1703 2017 1859 2045 ὑποστάσει

1061 2058 1173 2091 διπλοῦς
1189 2068 1218 2086 τε
1234 2060 1281 2086 καὶ
1295 2060 1426 2094 σύνθετος
1440 2062 1471 2088 ἑν
1486 2062 1651 2097 ἀσυγχύτοις
1667 2064 1728 2095 ταῖς
1743 2063 1855 2098 φύσεσι,

1061 2104 1111 2140 τὴν
1130 2105 1161 2137 ἐξ
1175 2106 1360 2142 ἀσυμφωνίας
1383 2108 1556 2144 διαιρεθῆναι
1577 2109 1625 2136 καὶ
1645 2109 1684 2145 τῷ
1704 2110 1756 2145 τῆς
1777 2110 1857 2136 ἀντι-

1061 2149 1156 2186 λογίας
1173 2153 1249 2179 ’ύδατι
1264 2154 1501 2189 καταὸυθισθῆναι
1513 2155 1723 2183 κινδυνεύουσαν
1737 2156 1858 2192 Ἐκκλη-

1063 2196 1124 2223 σίαν
1142 2197 1182 2228 είς
1207 2197 1236 2224 ἓν
1252 2199 1393 2234 συνήγαγε
1416 2200 1464 2226 καὶ
1487 2201 1610 2236 ἀνήγαγε
1626 2209 1634 2217 ·
1653 2201 1700 2228 καὶ
1722 2201 1762 2233 ὡς
1784 2202 1856 2228 Θεοῦ

1026 2237 1049 2264 Ι)
1063 2242 1110 2267 καὶ
1122 2241 1274 2277 ἀνθρώπων
1291 2244 1406 2279 μεσίτης
1420 2246 1470 2272 καὶ
1485 2245 1534 2272 νῦν
1550 2247 1580 2272 ὲν
1597 2247 1687 2283 ἐαυτῷ
1703 2247 1767 2278 τοὺς
1783 2248 1856 2274 πάν-

1061 2295 1110 2319 τας
1125 2289 1306 2324 κατήλλαξεν.

1096 2332 1127 2366 ξ’.
1150 2334 1226 2361 Ἐπεὶ
1249 2336 1278 2362 δὲ
1305 2337 1319 2362 ὀ
1339 2337 1388 2372 τῆς
1406 2337 1506 2370 κακίας
1533 2338 1625 2374 πατὴρ
1645 2339 1676 2365 ὲν
1698 2339 1855 2374 ἀποκρύφῳ

1059 2379 1110 2414 τῆς
1127 2380 1239 2415 ἐνέδρας
1257 2382 1423 2417 καθήμενος,
1437 2384 1541 2410 καὶτοῦ
1558 2385 1612 2411 τῶν
1623 2385 1785 2420 ἀνθρώπων
1813 2385 1855 2418 τῷ

1059 2425 1133 2459 γένει
1148 2425 1336 2454 ἐπιϐουλεύειν
1350 2428 1401 2454 οὐκ
1415 2429 1597 2464 ἀπεχόμενος,
1615 2431 1684 2463 μετὰ
1698 2430 1748 2464 τῆς
1764 2430 1853 2464 συνή-

1059 2470 1123 2501 θους
1138 2471 1186 2497 καὶ
1210 2471 1290 2503 αὖθις
1310 2473 1451 2506 ἀναιδείας
1481 2475 1636 2509 προσέϐαλε
1657 2474 1705 2501 καὶ
1730 2474 1852 2509 ἐχόμενα

1057 2517 1161 2552 τρίϐων
1181 2518 1259 2545 ἔθετο
1278 2519 1434 2554 udi/Sola,
1452 2521 1533 2548 πάλιν
1547 2521 1561 2548 ό
1578 2521 1714 2556 θεμελιῶν
1732 2522 1786 2558 τὴν
1798 2523 1851 2557 τῆς

1064 2563 1227 2599 Ἐκκλησίας
1239 2566 1291 2600 γῆν
1305 2566 1351 2592 ἐπὶ
1366 2566 1416 2601 τὴν
1432 2567 1586 2602 ἀσφάλειαν
1600 2568 1686 2603 αὐτῆς
1713 2568 1744 2600 ἐξ
1764 2568 1850 2602 ούρα-

1057 2609 1102 2635 νοῦ
1130 2611 1198 2645 πρὺς
1222 2611 1327 2646 ταύτην
1350 2613 1488 2648 ἐπέϐλεψε
1509 2621 1516 2630 ’
1535 2613 1583 2640 καὶ
1610 2613 1738 2648 συνοδικὴ
1765 2613 1849 2640 πάλιν

1056 2658 1102 2684 ἐπὶ
1120 2659 1348 2695 τοίςίλεγσμένοις
1361 2661 1467 2695 γίνεται
1484 2661 1676 2694 κατεξὲτασις,
1688 2663 1736 2688 καὶ
1753 2662 1847 2696 γράμο

1058 2712 1133 2738 ματα
1154 2705 1237 2732 πάλιν
1259 2706 1400 2733 ἐκτίθεται
1424 2707 1503 2742 παρὰ
1527 2707 1582 2735 τῶν
1594 2709 1623 2734 ἑν
1645 2708 1752 2743 ὑποψίᾳ
1770 2707 1847 2744 ἷμὲν]

1058 2752 1218 2786 γεγονότων,
1228 2753 1443 2789 πληροφορῆσαι
1457 2755 1486 2782 δὲ
1502 2755 1551 2790 τὴν
1573 2755 1740 2789 Ἐκκλησίαν
1760 2756 1847 2782 ἀπαι-

1055 2798 1194 2832 τηοέντων
1208 2800 1271 2834 περὶ
1285 2800 1335 2834 τῆς
1355 2801 1460 2828 ἑαυτῶν
1476 2802 1658 2837 συνειδήσεως
1676 2809 1684 2817 ⁸
1705 2802 1735 2828 ἐν
1756 2799 1780 2836 ᾧ
1797 2803 1848 2829 καὶ

1056 2843 1170 2876 ἕκαστος
1197 2844 1321 2882 [τούτων]
1339 2848 1526 2882 οἰκειοχείρως
1550 2848 1723 2883 ὑπέγραψεν,
1746 2849 1849 2876 ἀναθέ-

1058 2899 1124 2924 ματι
1136 2891 1352 2920 καθυποῢάὶύων
1369 2895 1431 2926 τοὺς
1449 2895 1560 2922 ἐναντία
1574 2896 1765 2930 φρονήσαντας
1782 2897 1843 2926 ταῖς
