1955 3080
268 130 321 162 Ἰἳ3

851 130 1050 163 MANUELIS
1068 129 1241 162 COMNENI
1826 142 1869 174 784

1038 190 1133 221 XVII.

620 267 705 288 suum
716 267 803 288 sum
819 267 985 288 CONFIRIANS
999 266 1205 287 CONVENTIONEI
1224 266 1275 286 cuu
1285 265 1461 286 ceuuensmus
1475 257 1545 294 (50).

262 336 271 347 .
301 315 524 351 Quandoquidem
556 316 807 344 venerabilissimus
826 315 1057 351 Archiepiscopus
1072 320 1094 347 Α
1109 314 1204 341 debent
1219 315 1280 342 illas
1295 315 1445 350 deff'endere
1460 321 1484 342 et
1502 316 1635 344 custodire
1655 318 1690 344 ad
1701 318 1814 349 honorem
1829 327 1869 352 (1ο-

271 361 389 391 civittitis
400 363 486 391 Janue
500 366 527 390 et
542 363 735 398 sapientissimi
749 362 882 390 Consules
897 367 924 390 et
940 362 1054 390 univer-

267 418 326 438 sum
344 410 506 438 .Commune
543 410 663 444 ejusdem
702 409 820 437 civitatis
850 410 990 437 mittentes
1020 409 1053 435 ad

266 457 411 492 Imperium
429 463 517 482 meum
535 456 685 489 sapientem
707 455 838 481 nuncium
860 461 954 481 eorum
978 453 1054 481 Ami—

263 511 326 531 cum
340 503 374 530 de
396 501 482 529 Murta
499 501 633 528 dederunt
654 502 678 527 ei
698 504 860 536 potestatem
884 504 1004 528 tractare
1026 504 1054 527 et

263 552 429 575 conventare
441 555 501 574 cum
517 547 633 581 Imperio
652 553 712 573 meo
728 546 762 573 de
778 547 877 582 quibus
894 547 1027 574 voluerint
1042 555 1050 574 :

264 594 311 622 ille
324 598 414 621 autem
429 593 461 620 ad
478 593 626 627 Imperium
645 600 732 619 meum
747 593 908 628 perveniens
921 598 949 621 et
962 593 995 620 de
1009 593 1052 620 his

264 641 385 676 negociis
404 639 570 668 suiiicienter
589 643 710 666 tractans
740 639 810 667 banc
837 640 1051 668 convencionem

265 687 309 713 hic
323 691 462 713 ostensam
478 686 551 716 fecit,
565 690 591 711 et
603 690 775 712 sacramento
788 693 848 712 eam
865 686 1049 718 conﬁrmavit,

264 740 316 768 que
327 737 353 759 et
367 733 436 759 sicut
455 732 587 758 habentur
601 732 634 758 de
649 731 732 758 verbo
749 732 774 758 in
793 733 902 759 verbum
917 740 925 759 ξ

299 779 332 806 In
345 779 448 806 nomine
462 778 553 805 Patris
563 782 587 805 et
599 777 664 805 Filii
679 783 703 805 et
718 778 834 813 Spiritus
849 778 943 806 Sancti
957 786 1044 805 amen.

258 826 315 860 Ego
342 825 452 852 Anticus
476 825 508 851 de
538 824 640 857 Μανία,
667 825 731 851 civis
751 824 851 857 Janue,
882 824 985 859 legatus
1016 824 1049 851 ab

261 872 464 907 Archiepiscopo
481 871 594 898 civitatis
609 870 697 897 Janue
714 875 737 897 et
759 879 776 897 a
796 870 953 906 Consulibus
969 875 994 897 et
1015 870 1049 898 ab

261 919 333 944 omni
352 917 491 945 Communi
504 917 620 944 civitatis
635 916 734 949 Jauue,
749 917 880 952 accipiens
893 921 1048 950 potestatem

260 968 284 989 et
300 963 451 996 injunctum
471 964 504 989 ab
522 963 560 989 eis
576 968 615 995 ut,
631 963 757 997 quicquid
772 963 899 997 juraoero
914 968 938 989 et
954 971 1048 989 conve-

260 1008 336 1035 niero
351 1008 407 1035 vice
427 1008 515 1035 Janue
530 1017 589 1034 cum
603 1009 771 1036 sanctissimo
789 1016 814 1036 et
830 1009 1048 1036 ercet/entissimo

260 1053 424 1087 Imperatore
436 1053 550 1080 Itomeon
558 1053 752 1089 Por/irogenito
763 1054 875 1081 Domino
889 1054 1050 1082 IIemannele

261 1099 382 1132 Gemino,
395 1099 500 1134 firmum
514 1105 537 1127 et
557 1106 646 1127 ratum
660 1102 710 1128 erit
723 1102 771 1128 hoc
787 1102 819 1128 ab
834 1102 870 1128 eis
884 1109 893 1128 :
910 1102 978 1128 hanc
989 1110 1049 1136 pre-

261 1151 358 1172 sentem
388 1147 588 1174 conventionem
617 1147 685 1178 facio
714 1152 738 1174 et
762 1147 827 1182 jura
853 1155 885 1174 eo;
914 1148 1050 1175 voluntate

260 1192 453 1226 Archiepiscopi
467 1197 490 1219 et
511 1192 654 1219 Consulum
675 1197 699 1219 et
714 1194 798 1220 tocius
813 1192 967 1220 Communis
983 1193 1048 1220 civi-

258 1237 321 1264 tatis
340 1236 428 1265 lanae
443 1238 477 1265 ad
491 1239 689 1266 sanctissimum
705 1239 846 1266 Dominum
857 1238 1048 1274 Imperatorem

261 1283 483 1319 l’orfirogenitum
514 1285 656 1312 Dominum
686 1285 874 1312 IIentunuelem
910 1285 1047 1313 Cominom

259 1334 284 1356 et
301 1330 335 1356 ad
354 1337 442 1356 omnes
464 1330 570 1357 heredes
588 1334 613 1357 et
641 1338 805 1358 successores
822 1330 931 1366 Imperii
951 1331 1009 1365 ejus
1024 1336 1047 1358 et

258 1374 416 1402 Romaniam
434 1376 500 1402 sicut
516 1376 720 1411 signiﬁcabitur.

296 1421 383 1454 Quum
399 1421 455 1456 (51)
471 1422 503 1448 ab
519 1423 597 1449 hodie
611 1426 635 1448 et
660 1423 689 1449 in
704 1426 782 1449 antea
804 1430 885 1457 usque
902 1423 930 1450 in
951 1423 1048 1458 sempi-

261 1472 363 1494 ternum
385 1469 466 1495 donec
490 1469 602 1496 mundus
617 1470 717 1496 steterit
736 1477 787 1496 non
803 1475 880 1497 erunt
899 1468 1047 1497 Januenses

260 1519 350 1541 contra
365 1513 510 1547 Imperium
526 1515 583 1548 ejus
597 1514 635 1541 vel
650 1521 742 1542 contra
755 1516 811 1549 ejus
825 1516 931 1543 heredes
947 1521 972 1543 et
985 1524 1046 1543 suc-

259 1568 371 1587 cessores
396 1560 435 1587 rel
456 1566 547 1587 contra
572 1561 731 1588 Romaniam
748 1562 788 1588 vel
810 1567 904 1589 contra
928 1563 1045 1598 aliquam

259 1611 356 1632 terram
379 1606 461 1641 ipsius
484 1605 604 1640 Imperiil
623 1615 702 1642 quam
729 1615 798 1634 nunc
821 1607 897 1635 habet
914 1609 952 1635 vel
966 1616 1045 1642 quam

257 1653 286 1678 in
302 1657 379 1678 antea
395 1651 506 1679 Domino
529 1652 673 1686 adjuvante
699 1653 870 1687 acquisierit,
894 1661 975 1688 neque
999 1661 1045 1687 per

257 1698 398 1725 consilium
425 1706 505 1732 neque
530 1706 575 1732 per
599 1699 737 1732 pecuniam
763 1707 844 1734 neque
872 1707 919 1733 per
943 1699 1041 1726 statum

256 1741 324 1767 idem
341 1740 397 1776 (52)
415 1749 461 1775 per
478 1741 596 1768 navalem
620 1743 764 1769 exercitum
783 1751 865 1778 neque
884 1743 938 1770 ullo
954 1744 1043 1779 aliquo

257 1787 335 1813 modo
349 1807 356 1820 ,
383 1795 465 1822 neque
490 1787 638 1815 Januenses
662 1789 710 1814 hoc
730 1788 826 1823 facient
848 1797 928 1824 neque
953 1789 1043 1824 aliqua

256 1833 448 1867 conjungentur
466 1833 544 1868 justa
560 1834 597 1860 vel
613 1833 713 1867 iniusta
730 1835 866 1861 occasione
889 1835 969 1861 alicui
993 1835 1042 1861 ho-

255 1879 320 1905 rnini
345 1884 469 1906 coronato
493 1879 532 1906 vel
555 1887 606 1905 non
629 1884 754 1906 coronato
772 1900 780 1912 ,
806 1880 850 1914 qui
882 1881 916 1907 sit
937 1880 977 1907 vel
998 1882 1044 1916 qui

254 1925 315 1957 erit,
332 1925 476 1952 christiano
493 1925 532 1952 vel
554 1933 669 1960 pagano,
695 1925 751 1952 viro
772 1926 812 1953 vel
833 1927 952 1954 mulieris
973 1927 1041 1963 (55),

254 1971 300 2004 qui
320 1970 388 1996 mori
406 1970 445 1996 vel
460 1971 542 1996 vivere
567 1971 647 2004 possit
666 1978 676 1996 :
695 1971 764 1997 sicut
779 1972 811 1998 de
826 1971 942 2006 capitulo
964 1980 1042 1999 coro-

243 2015 313 2042 'nati
330 2019 472 2042 tractatum
489 2019 527 2042 est
543 2016 571 2042 in
593 2017 667 2042 curia
686 2016 795 2043 Domini
812 2016 997 2052 Imperatoris,
1016 2024 1041 2046 et

252 2059 414 2086 intellectum
431 2065 454 2086 et
470 2061 670 2094 interpretatum
684 2067 722 2089 est
746 2063 811 2090 mihi
829 2068 853 2090 et
876 2072 893 2091 a
912 2073 952 2092 me
975 2073 1039 2092 con-

247 2107 393 2141 ‘ﬁrmatum
410 2106 444 2133 ad
461 2107 585 2133 honorem
611 2112 635 2134 et
647 2109 796 2143 proﬁcuum
810 2109 867 2144 ejus
887 2109 997 2145 Imperii
1014 2116 1040 2139 et

245 2151 420 2185 'Romaniae,
439 2153 506 2179 sicut
526 2159 553 2180 et
577 2161 623 2188 ego
639 2154 717 2181 debeo
740 2154 787 2182 hoc
802 2155 971 2191 interpretari
989 2157 1039 2185 Ja-

255 2199 394 2224 nuensibus
412 2203 439 2224 ut
453 2203 476 2226 et
497 2199 525 2226 in
539 2205 618 2226 antea
633 2199 672 2226 sic
690 2200 762 2226 istud
774 2201 921 2236 capitulum
938 2195 1045 2230 intelli-l

237 2249 333 2278 -yatur
348 2249 372 2270 et
386 2244 546 2271 observetur.

290 2289 323 2316 Et
337 2298 469 2326 nunquam
485 2291 582 2325 facient
593 2291 902 2328 Januensesvdampnum
923 2289 1044 2330 alicujus.

253 2341 319 2361 terre
334 2335 505 2371 Imperatoris
521 2341 544 2363 et
561 2345 669 2371 persone
683 2338 740 2372 ejus
755 2338 794 2364 vel
807 2338 931 2370 heredum
943 2345 967 2365 et
980 2347 1038 2366 suc-
1052 2345 1079 2375 D

237 2387 383 2406 ~cessorum
398 2381 466 2415 ejus.
489 2381 577 2415 Neque
594 2381 690 2415 facient
706 2382 910 2409 diminucionem
934 2384 1038 2418 imperii

242 2425 294 2451 naui
312 2425 350 2452 vel
369 2425 462 2452 honori
478 2426 534 2461 (⁸54)
546 2428 604 2461 ejus
621 2435 702 2462 neque
714 2427 845 2462 inquirent
858 2429 926 2455 hanc
945 2437 991 2463 per
1010 2438 1038 2457 se

251 2471 289 2497 vel
305 2472 394 2505 aliter,
406 2472 450 2499 sed
468 2473 580 2499 maxime
595 2473 618 2499 si
635 2473 738 2508 aliquid
751 2474 804 2501 tale
819 2474 996 2502 intellexerint
1009 2475 1037 2502 in

250 2522 322 2544 terra
340 2517 437 2551 Janue,
460 2518 567 2545 debeant
588 2520 637 2545 hoc
657 2519 819 2547 disturbare.
839 2519 872 2546 Et
894 2520 917 2546 si
931 2520 963 2547 ab
985 2520 1037 2547 ali-

239 2561 346 2595 quibus
360 2562 440 2596 fuerit
458 2562 575 2589 assultus
596 2561 682 2596 factus
696 2562 735 2589 vel
749 2563 971 2592 obsessiolcontra
985 2565 1038 2591 ali-

248 2613 330 2640 quant
351 2612 448 2634 terram
472 2606 658 2642 Imperatoris,
677 2606 825 2635 Januenses
846 2610 890 2644 qui
919 2610 946 2637 in
958 2612 1036 2637 terris

245 2650 305 2678 illis
328 2651 428 2686 fuerint
451 2653 560 2685 inventi,
582 2652 650 2679 bona
673 2652 726 2686 ﬁde
743 2653 799 2680 sine
817 2654 879 2681 dolo
898 2659 922 2682 et
943 2655 1038 2689 fraudo

288 2764 343 2798 (50)
362 2764 441 2791 Anno
458 2763 538 2791 H70.
556 2779 590 2784 —
612 2763 701 2792 Edidit
726 2771 758 2792 ex
778 2765 888 2793 archivo
898 2765 1034 2793 Genuensi

255 2798 538 2836 Sauilirdctla‘colouia
551 2799 594 2836 dei
610 2800 714 2828 Geuov.
731 2800 757 2828 in
774 2801 868 2829 Galata
885 2800 906 2828 ll
923 2809 950 2836 p.
972 2802 1033 2829 188.

289 2834 346 2868 (si)
366 2833 475 2861 Malim:
495 2834 582 2866 Quod.

289 2869 347 2905 (32)
364 2868 422 2896 luto
438 2869 582 2903 legendum
598 2877 604 2896 :
621 2869 648 2896 id
661 2874 711 2897 est.

1107 361 1172 388 mini
1189 360 1360 395 Imperatoris
1375 366 1400 388 et
1419 362 1551 404 heredum.
1565 362 1659 396 ipsius.
1674 362 1711 404 Si_
1721 373 1777 392 vero
1789 367 1871 404 aliqui;

1105 404 1220 439 alicujus
1234 405 1338 432 inimici
1349 412 1381 432 es:
1396 410 1471 439 parte
1488 405 1580 441 aliqua
1591 406 1733 440 aliquando
1745 415 1870 443 parum");

1105 450 1250 478 Christiani
1273 452 1312 479 vel
1342 452 1472 480 Saraceni
1486 453 1539 480 sive
1562 454 1658 487 pagani
1679 462 1763 482 versus
1783 458 1871 493 aliqua;

1103 502 1192 532 partes
1208 497 1381 533 Imperatoris
1403 507 1485 534 usque
1506 500 1542 526 ad
1566 508 1700 526 numerum
1722 507 1817 530 centum
1832 514 1872 540 gn.

1104 543 1206 570 learum
1239 544 1278 572 vel
1312 545 1391 580 plus,
1427 545 1544 572 universi
1579 545 1724 573 Januenses
1752 549 1792 582 qui
1821 555 1870 577 tunc

1103 590 1200 618 inventi
1232 591 1330 626 fuerint
1361 592 1389 618 in
1412 591 1489 618 terris
1519 591 1656 625 Romanie,
1683 593 1768 620 debent
1788 595 1871 623 intrate

1102 638 1129 664 in
1143 637 1240 672 galeris
1261 638 1361 665 domini
1382 638 1554 671 Imperatoris
1576 647 1636 666 cum
1659 641 1784 667 consuetis
1799 643 1871 670 soldis

1102 685 1176 710 curie
1185 684 1287 710 domini
1299 684 1470 717 Imperatoris
1480 693 1546 720 quos
1557 686 1690 712 consuevit
1705 687 1766 713 dare
1776 687 1871 722 Latinis,

1101 734 1126 756 et
1141 730 1179 756 ire
1196 735 1290 757 contra
1305 730 1486 763 supradictum
1500 731 1597 758 sto/um
1611 739 1671 758 cum
1695 732 1786 766 galeris
1819 734 1872 761 Gre-

1101 784 1194 802 corum
1212 796 1220 808 ,
1237 780 1263 803 et
1274 785 1334 807 ,non
1350 781 1512 803 revertentur
1527 797 1535 810 ,
1551 778 1634 804 donec
1661 778 1727 804 illud
1747 781 1870 807 serviciem

1101 822 1262 856 compleatur
1286 828 1310 850 et
1334 823 1475 851 Grecorum
1493 823 1583 858 galere
1612 829 1774 851 revertantur
1794 827 1829 853 vel
1851 828 1872 853 in

1101 867 1360 903 Constantinopolim
1373 869 1411 896 vel
1424 870 1450 896 in
1466 869 1549 896 aliam
1566 875 1665 897 terram
1681 871 1777 898 domini
1802 872 1873 905 Impe-

1099 916 1210 942 ratoris.
1232 914 1410 942 Veruntamen
1421 915 1527 950 quando
1550 917 1661 950 predicti
1686 917 1826 945 Januenses
1836 919 1873 946 de-

1101 962 1159 987 bent
1177 962 1284 992 moveri.
1300 961 1431 988 habebunt
1445 961 1578 988 licentiam
1592 962 1757 997 relinquendi
1765 965 1789 990 in
1803 970 1874 992 custo—

1064 993 1086 1021 Β
1101 1007 1148 1034 dia
1173 1008 1279 1034 navium
1306 1013 1330 1034 et
1359 1016 1448 1034 rerum
1470 1016 1580 1035 suarum
1606 1009 1726 1036 homines
1748 1008 1797 1035 XX
1820 1018 1873 1045 quos

1099 1053 1241 1080 maluerint
1254 1052 1292 1080 vel
1306 1053 1439 1088 elegerint.
1457 1053 1489 1081 In
1502 1046 1616 1089 propriis
1631 1063 1690 1082 vero
1705 1056 1798 1091 galeris
1812 1057 1872 1083 ibunt

1098 1099 1247 1126 Januenses
1262 1105 1323 1135 quot
1337 1107 1443 1126 armare
1466 1101 1594 1134 poterint.
1611 1100 1646 1128 Si
1663 1110 1720 1129 vero
1741 1101 1872 1129 lanueuses

1098 1146 1125 1172 in
1155 1145 1247 1180 aliqua
1273 1150 1344 1172 terra
1369 1146 1469 1172 dontini
1497 1145 1678 1180 Imperatoris
1698 1155 1777 1182 neque
1805 1156 1872 1174 uisant

1099 1192 1216 1226 galerum
1233 1200 1337 1218 armare
1351 1192 1475 1226 poterint.
1492 1201 1578 1220 omnes
1597 1193 1628 1220 in
1643 1201 1699 1220 eam
1713 1194 1840 1220 intrabant
1852 1199 1871 1220 et

1100 1237 1276 1272 aomplebitur
1299 1246 1424 1265 numerus
1454 1238 1542 1274 galero
1567 1247 1601 1266 es;
1625 1239 1681 1266 alia
1710 1244 1781 1275 gente
1804 1239 1871 1274 suffi-

1098 1285 1208 1311 cienter.
1535 1288 1541 1291 -

1135 1329 1353 1364 Quandoeunque
1378 1339 1439 1358 vero
1460 1331 1582 1358 dominus
1609 1331 1760 1365 Imperator
1775 1331 1870 1358 voluerit

1097 1375 1214 1403 Januam
1226 1377 1329 1404 mittere
1346 1379 1485 1412 pecuniam
1497 1379 1535 1405 vel
1556 1386 1598 1406 res
1611 1378 1660 1419 _vel
1680 1379 1792 1405 homines
1812 1379 1870 1412 ejus,

1097 1422 1201 1457 galeras
1225 1423 1279 1450 sive
1302 1431 1391 1456 naves,
1407 1430 1500 1451 contra
1522 1433 1712 1460 quemcumque
1736 1425 1830 1452 miserit
1845 1431 1871 1451 ea

1097 1469 1280 1497 Christianum
1295 1471 1349 1498 sive
1360 1479 1493 1506 paganum
1511 1477 1670 1498 coronatura
1686 1471 1724 1498 vel
1743 1480 1792 1498 non
1808 1479 1871 1498 corc-

1097 1519 1200 1546 natum,
1224 1520 1252 1542 ut
1275 1523 1309 1542 ex
1330 1516 1418 1542 debito
1440 1516 1549 1543 debeant
1574 1515 1724 1544 Januenses
1745 1516 1871 1550 honoriﬁce

1096 1568 1155 1587 eam
1175 1561 1231 1596 (55)
1259 1561 1384 1596 recipere,
1412 1567 1437 1589 et
1464 1555 1619 1596 deffendere
1640 1564 1668 1590 in
1695 1567 1764 1589 terra
1782 1570 1826 1589 sua
1850 1566 1870 1588 et

1097 1607 1230 1634 custodire
1252 1608 1396 1635 secundum
1428 1610 1593 1636 voluntatem
1627 1610 1761 1637 hominum
1784 1609 1870 1635 domini

1059 1667 1081 1697 α
1101 1650 1286 1686 Imperatoris,
1299 1654 1346 1689 qui
1358 1662 1418 1681 cum
1433 1655 1471 1681 eis
1486 1660 1574 1688 erunt,
1591 1663 1696 1682 omnem
1710 1655 1837 1689 pecuniam
1850 1658 1870 1680 et

1100 1705 1142 1725 res
1167 1699 1272 1732 missas,
1297 1700 1432 1731 homines,
1456 1700 1560 1734 galeros
1583 1705 1610 1727 et
1631 1709 1719 1734 naves,
1736 1707 1827 1735 quanta
1850 1705 1869 1726 et

1097 1743 1189 1778 qualia
1204 1749 1280 1771 erunt
1294 1765 1303 1778 ,
1326 1745 1357 1771 ab
1371 1746 1443 1772 omni
1463 1746 1567 1773 homine
1580 1752 1708 1774 coronato
1724 1751 1747 1773 et
1769 1754 1815 1773 non
1832 1754 1871 1772 co-

1097 1795 1191 1816 ronato
1212 1798 1222 1817 :
1248 1790 1369 1818 debentes
1397 1795 1421 1817 et
1450 1791 1492 1818 hic
1518 1791 1665 1826 intelligere
1688 1792 1824 1826 capitulum
1844 1791 1870 1817 de

1097 1841 1222 1862 coronato
1239 1836 1306 1863 sicut
1327 1836 1448 1870 superius
1464 1837 1671 1871 interpretatum
1687 1841 1736 1871 est,
1754 1837 1786 1864 ad
1803 1837 1871 1863 servi-

1096 1882 1166 1908 cium
1179 1886 1203 1908 et
1216 1881 1341 1908 honorem
1355 1882 1459 1909 domini
1473 1881 1651 1917 Imperatoris
1666 1887 1691 1910 et
1704 1883 1831 1910 Romanie.

1131 1923 1166 1951 Et
1188 1933 1240 1952 non
1264 1925 1406 1959 impedient
1428 1934 1553 1961 umquam
1576 1925 1728 1953 .Ianuenses
1749 1926 1870 1952 dominum

1095 1968 1288 2003 Imperatorem
1301 1975 1325 1997 et
1339 1970 1445 1998 heredes
1459 1970 1499 1998 vel
1511 1979 1677 1999 successores
1696 1972 1751 2006 ejus
1767 1971 1799 1998 ad
1815 1979 1858 1997 ean

1094 2015 1234 2051 quirendas
1254 2020 1338 2043 terras
1351 2016 1469 2051 aliquas.
1494 2021 1582 2050 preter
1592 2017 1640 2051 jus
1657 2018 1725 2052 quod
1744 2017 1832 2044 [tabent
1847 2017 1870 2042 in

1096 2066 1167 2089 terra
1185 2061 1264 2089 Surie
1277 2062 1330 2090 sive
1343 2070 1376 2089 ea:
1390 2062 1458 2090 bello
1475 2063 1529 2090 sive
1545 2071 1578 2090 es:
1591 2064 1722 2099 emptione
1735 2072 1777 2090 seu
1792 2063 1870 2097 aliquo

1094 2107 1150 2134 alio
1171 2108 1259 2134 modo.
1281 2107 1310 2135 Si
1323 2116 1383 2135 vero
1399 2112 1424 2134 et
1451 2108 1479 2135 in
1495 2108 1536 2135 his
1553 2116 1586 2135 es:
1621 2114 1697 2143 parte
1715 2109 1809 2136 domini
1826 2106 1871 2134 Itu-

1094 2154 1224 2188 peratoris
1240 2154 1405 2181 custodietur
1429 2153 1614 2182 Janttensibus
1645 2155 1754 2189 justitia
1770 2161 1868 2183 eorum»

1094 2206 1175 2233 neque
1190 2199 1217 2224 in
1228 2199 1268 2225 his
1282 2198 1376 2225 debent
1387 2199 1516 2234 impedire
1536 2200 1677 2227 dominum
1693 2199 1868 2234 Imperatorem

1093 2243 1181 2277 facere
1192 2243 1218 2270 in
1225 2243 1264 2269 his
1281 2243 1422 2278 quincquid
1437 2244 1561 2271 voluerit.

1129 2288 1168 2315 De
1196 2288 1384 2322 oﬁensionibus
1416 2297 1475 2316 vero
1500 2298 1566 2324 quas
1592 2290 1707 2325 fortasse
1735 2289 1868 2317 Januenses

1092 2333 1202 2369 fecerint
1221 2335 1248 2361 in
1266 2335 1343 2362 terris
1357 2336 1457 2362 domini
1468 2335 1746 2371 Imperatoris‘Greris
1760 2336 1797 2363 vel
1815 2335 1867 2361 aliis

1091 2380 1210 2414 gentibus
1226 2388 1274 2416 que
1294 2389 1345 2407 non
1363 2381 1415 2407 sint
1427 2380 1592 2413 Januenses.
1618 2383 1711 2409 debent
1723 2380 1832 2416 judicari
1845 2379 1868 2405 in

1091 2426 1167 2452 curia
1190 2426 1290 2453 domini
1314 2425 1498 2461 Imperatoris,
1524 2427 1593 2454 sicut
1623 2427 1739 2454 Venetici
1760 2431 1783 2453 et
1796 2431 1869 2452 celere

1092 2471 1187 2499 Latine
1201 2477 1300 2506 gentes.
1321 2472 1352 2499 Si
1368 2481 1429 2499 vero
1445 2473 1585 2507 contigerit
1607 2473 1755 2500 Januenses
1774 2472 1867 2506 aliquos

1091 2517 1231 2551 depredari
1243 2518 1388 2553 aliquando
1403 2518 1443 2545 vel
1454 2518 1534 2545 aliter
1546 2518 1635 2545 ledere
1647 2517 1765 2553 aliquam
1780 2521 1866 2543 terram

1092 2563 1190 2590 domini
1205 2562 1382 2597 Imperatoris
1400 2565 1439 2591 vel
1453 2563 1573 2591 homines
1595 2565 1665 2600 ejus.
1684 2564 1787 2591 dabitur
1801 2567 1868 2594 super

1091 2610 1140 2636 hoc
1162 2610 1289 2637 noticiam
1305 2610 1360 2646 (56)
1379 2611 1467 2638 Janus
1484 2611 1585 2638 civitati
1598 2612 1631 2638 ab
1646 2610 1806 2644 Imperatore
1819 2607 1866 2634 sive

1087 2664 1139 2691 per
1151 2655 1256 2683 litteras
1271 2657 1324 2683 sive
1342 2665 1388 2691 per
1402 2657 1537 2692 nuncium,
1552 2661 1575 2684 et
1587 2657 1692 2684 dabunt
1706 2661 1806 2692 operam
1817 2654 1866 2679 litt!

1127 2765 1183 2799 (55)
1203 2765 1327 2801 cherim
1344 2775 1351 2794 :
1368 2767 1485 2796 mulieri.

1127 2801 1184 2835 (54)
1205 2800 1275 2835 Lege
1292 2810 1298 2828 :
1313 2803 1431 2829 honoris.

1126 2836 1184 2869 (55)
1205 2836 1293 2863 Malim
1309 2845 1316 2864 :
1331 2844 1372 2864 ea.

1129 2871 1184 2907 (56)
1204 2870 1276 2907 Lege
1289 2879 1296 2897 :
1314 2872 1423 2899 noticia.
