1955 3080
76 153 136 183 ’7δῆ

620 148 803 180 ΝΟνΕΙᾸιῶ
820 144 1161 177 CONSTITUTIONES.

1659 151 1713 182 796

79 204 146 232 dolo
160 209 185 231 et
202 204 296 238 fraude
311 205 427 233 invenire
443 214 486 234 eos
498 211 521 234 et
537 206 626 241 facere
641 215 674 235 es:
685 207 722 234 eis
735 207 874 242 justiciam
890 205 912 233 Δ
929 204 1003 231 rebus
1019 212 1108 231 eorum
1126 203 1194 231 sicut
1211 203 1372 230 consuetudo
1386 207 1423 231 est
1439 204 1498 239 ﬁeri
1511 204 1538 232 in
1558 205 1620 232 aliis
1638 205 1716 232 Lati-

81 255 108 278 σι
127 251 276 278 vindictam
296 252 331 278 ad
353 253 477 279 honorem
502 254 602 280 domini
622 254 794 288 Imperatoris
818 261 876 287 spe-

81 301 211 325 ctantem.
244 297 274 325 Si
305 298 372 332 forte
397 299 443 325 isti
472 299 655 334 malefactores
689 300 787 327 inrenti
823 307 874 326 non

83 342 198 377 fuerint,
212 344 334 370 similiter
346 344 393 378 ﬁat
411 345 525 372 vindicta
540 346 566 372 in
583 345 659 374 bonis
676 354 778 373 eorum.

126 386 204 414 Hanc
235 389 430 416 conventionem
452 395 475 416 et
499 399 548 424 que
577 391 604 418 in
629 400 660 418 ea
688 392 788 425 scripta
813 397 876 419 sunt

83 433 204 466 capitula
229 434 319 460 omnia
343 434 436 461 debent
461 436 618 464 habi'atores
649 438 734 464 tocius
762 438 876 465 civitatis

81 477 174 505 Janus
189 487 205 505 a
226 479 327 514 majore
344 488 425 514 usque
437 482 471 507 ad
481 482 607 509 minorem
621 483 760 511 observare
772 485 877 512 domina

84 523 248 558 Imperatori
268 522 385 553 Romeon
416 527 614 563 Porfirogem'to
641 529 748 557 domino
777 531 879 558 Ilema-

87 571 161 597 nneli
174 571 304 599 Comnino
320 577 344 599 et
362 574 482 601 omnibus
492 575 630 603 heredibus
643 582 666 603 et
679 578 875 606 successoribus

81 615 142 648 eius
158 620 183 642 et
208 616 345 649 Romanie,
366 619 448 646 donec
468 622 582 649 mundus
601 624 712 651 steterit.
734 623 768 651 Et
787 633 875 652 omnes

82 661 169 693 futuri
183 661 311 690 Consules
326 663 414 690 Janue
430 666 510 693 aliter
525 668 584 702 fieri
601 677 653 696 non
676 670 768 697 debent
785 679 876 698 consu-

80 707 131 739 les,
155 708 207 735 nisi
225 710 298 744 prius
313 710 466 745 juraverint
487 722 546 740 cum
564 716 675 742 consilio
699 721 723 743 et
746 725 874 745 consensu

81 754 277 788 archiepiscopi
291 762 314 782 et
328 758 456 785 nobilium
468 765 493 786 et
517 763 663 789 communis
680 763 764 791 tocius
787 764 875 792 Junue

81 807 283 829 sacramentum
299 803 398 837 factum
417 805 444 833 in
472 807 521 833 hac
546 810 722 841 conventione,
744 817 874 844 quatenus

81 845 234 873 observetur
249 849 303 875 ista
323 851 459 877 conventio
481 857 541 878 rata
558 858 582 880 et
598 855 764 883 inconcussa.
783 857 873 892 Neque

929 249 970 275 nis
989 249 1033 284 qui
1056 249 1119 276 dant
1144 249 1340 276 conmercium.
1361 249 1395 276 Et
1420 250 1444 277 si
1459 250 1550 286 aliqua
1574 250 1650 278 navis
1665 250 1716 278 ,Ια-

928 295 1077 328 nuensium,
1095 303 1111 321 a
1136 303 1298 338 quacumque
1320 300 1394 330 parte
1409 296 1516 327 venerit.
1544 296 1717 331 naufragium

926 349 1005 376 passa
1023 341 1102 376 fuerit
1116 341 1143 368 in
1154 341 1312 368 Romaniam
1327 346 1351 368 et
1364 342 1500 377 contigerit
1516 344 1555 377 de
1571 344 1648 370 rebus
1659 337 1717 378 ε]υᾶ

928 389 1030 424 auferri
1051 389 1090 416 eis
1105 389 1137 416 ab
1153 388 1243 423 aliquo
1256 409 1264 421 ,
1285 388 1334 423 ﬁat
1357 393 1506 424 preceptnm
1528 390 1638 424 Imperii
1660 391 1718 426 ejus

927 435 1080 462 vindicandi
1093 439 1118 462 et
1132 435 1307 467 recuperandi
1318 443 1357 461 res
1369 435 1494 463 amissas.
1506 435 1599 462 Adhuc
1607 441 1631 462 et
1645 436 1716 463 istud

927 484 1079 514 preceptum
1096 487 1135 507 est
1152 488 1232 514 quum
1250 481 1274 507 si
1299 481 1439 516 contigerit
1459 480 1608 508 Jauuenses
1633 482 1718 515 aﬂ'en-

927 528 988 555 dere
1012 528 1126 562 aliquem
1144 529 1222 556 modo
1239 529 1338 564 aliquo,
1363 538 1415 556 non
1435 529 1526 557 debent
1545 529 1664 564 judicari
1682 531 1714 557 ab

926 574 1018 610 aliqua
1042 575 1099 602 alia
1122 579 1197 610 gente
1220 575 1273 602 nisi
1289 585 1306 602 a
1327 578 1402 603 curia
1424 577 1524 603 domini
1543 576 1715 610 Imperatoris

926 621 1083 652 presidente,
1102 621 1244 655 jndicante
1264 622 1382 650 videlicet
1398 622 1488 657 aliquo
1506 623 1538 649 de
1555 623 1717 657 consangui-

927 667 981 694 neis
1005 666 1096 694 Grecis
1122 667 1298 702 Imperatoris
1321 668 1360 696 vel
1387 669 1418 696 de
1441 669 1591 696 hominibus
1623 669 1717 702 ipsius.

927 713 1018 748 Neque
1035 713 1165 740 tenebitur
1184 715 1211 741 in
1234 715 1356 748 captione
1377 715 1478 748 faciens
1504 715 1633 750 injuriam
1657 719 1717 742 ante

922 760 1088 794 judicium’si
1104 760 1205 787 dederit
1217 760 1406 796 {fidejussorem
1423 769 1433 786 :
1449 762 1472 788 si
1495 770 1553 789 vero
1575 761 1717 795 ﬁdejnsso-

927 814 981 832 rem
1003 814 1054 833 non
1071 807 1183 839 dederit,
1209 807 1338 834 tenebitur
1350 808 1455 843 quidem
1475 809 1502 834 in
1519 809 1656 841 custodia,
1672 816 1719 835 ett:-

927 858 1028 880 traetur
1046 859 1135 880 tamen
1160 860 1183 882 et
1196 854 1366 889 judicabitur
1381 856 1463 882 doner
1475 855 1606 890 judicium
1629 856 1717 882 mani-

82 898 199 924 unquam
212 892 360 922 Junuenses
379 897 512 924 dimittent
535 899 604 926 hanc
620 903 817 930 conventionem
833 904 872 931 vel

927 899 1019 933 festum
1047 904 1073 926 et
1106 900 1168 933 finis
1190 900 1289 935 judicii
1322 901 1402 935 fuerit
1432 901 1459 928 in
1477 889 1560 935 ipso.
1592 900 1716 928 Preterea

81 936 182 967 facient
198 944 291 967 contra
314 949 381 973 eam,
406 951 487 979 neque
496 954 542 979 pro
567 947 744 976 ecclesiastica
768 958 872 978 excom-

81 984 264 1012 municatioae
293 995 375 1022 neque
401 997 448 1023 pro
470 998 592 1025 precepto
617 994 732 1029 alicujus
759 996 872 1025 hominis

81 1031 208 1058 coronati
231 1033 269 1059 vel
293 1042 344 1061 non
361 1038 494 1069 coronati,
512 1040 734 1072 quemadmodum
750 1043 872 1070 dominus

83 1074 235 1109 Imperator
250 1083 272 1104 et
285 1079 390 1107 heredes
406 1082 463 1115 eius
477 1088 500 1109 et
522 1092 683 1112 successores
705 1086 814 1121 Imperii
831 1089 873 1116 sui

82 1121 177 1148 debent
198 1123 334 1152 observare
353 1135 465 1161 semper,
488 1138 539 1164 que
563 1132 596 1157 ab
621 1130 737 1165 Imperio
756 1142 804 1160 suo
826 1141 872 1167 per

81 1174 188 1200 presens
214 1170 370 1199 crisobolum
390 1173 495 1211 [Iogou]
530 1177 662 1210 promissa
686 1184 746 1205 sunt
771 1180 872 1208 civitati

81 1212 236 1248 Janue.qste
248 1217 286 1243 sic
301 1217 443 1246 habentur.

120 1268 130 1284 ι
151 1259 265 1295 Propter
279 1263 340 1299 (57)
359 1266 426 1293 enim
440 1267 556 1300 gratiam
571 1274 596 1296 et
610 1270 704 1297 bonam
713 1271 872 1300 voluntatem

81 1313 163 1340 quam
189 1307 266 1335 habet
290 1310 412 1339 dominus
435 1315 621 1343 sanctissimus
646 1316 796 1352 Imperator
820 1319 873 1347 Ro-

83 1358 161 1378 meon
176 1354 211 1380 ad
223 1354 386 1385 habitatores
403 1359 517 1387 civitatis
533 1360 631 1395 Janue,
650 1368 675 1390 et
697 1370 804 1399 propter
817 1375 872 1393 ser-

82 1398 180 1447 oicium
207 1406 232 1428 et
253 1402 334 1436 ﬁdem
364 1414 442 1440 quam
471 1409 646 1444 manifestam
676 1398 806 1447 complere
837 1416 872 1442 ad

84 1441 228 1478 Imperium
255 1448 313 1483 ejus
340 1455 364 1477 et
393 1451 550 1481 Romaniam
581 1455 609 1482 in
634 1441 822 1492 sempiternum
847 1465 872 1488 et

81 1498 202 1525 semper,
234 1495 363 1527 promittit
389 1496 536 1532 Imperium
563 1500 628 1528 dare
658 1503 761 1530 civitati
783 1503 872 1533 Janus

924 946 1035 980 expletis
1054 947 1170 982 quinque
1191 948 1269 974 annis
1292 947 1412 973 mittetur
1434 947 1599 974 carries-urina
1616 946 1717 973 domini

924 992 1097 1026 Imperatoris
1122 994 1157 1020 ad
1180 994 1324 1020 vindictam
1345 994 1497 1028 faciendam
1521 993 1716 1024 Janueusibus,

926 1040 950 1067 si
975 1040 1025 1073 ipsi
1041 1048 1087 1074 per
1107 1040 1307 1068 damnacionem
1331 1040 1438 1067 domino
1460 1039 1620 1067 Imperatori
1639 1039 1709 1074 fece—

923 1086 987 1113 rint.
1008 1095 1018 1112 ι

958 1132 1018 1161 Ista
1034 1136 1123 1163 omnia
1139 1136 1165 1163 in
1178 1136 1292 1169 presenti
1305 1139 1380 1162 σαι-ια
1398 1133 1546 1169 signiﬁcata
1566 1131 1703 1158 conventio

921 1193 969 1219 ego
983 1183 1181 1220 prenomiuatus
1194 1183 1306 1209 nuncius
1319 1182 1432 1208 civitatis
1444 1181 1533 1207 .lanue
1555 1179 1664 1205 Amicus
1678 1177 1710 1204 de

924 1231 1014 1260 Marto
1028 1236 1052 1258 et
1065 1233 1127 1267 juro
1144 1231 1198 1258 sine
1218 1229 1313 1264 fraude
1335 1232 1358 1255 et
1381 1227 1451 1254 malo
1467 1226 1584 1261 ingenio,
1596 1233 1629 1252 erc
1654 1232 1715 1268 prc-

923 1285 995 1312 cepto
1011 1283 1034 1306 et
1052 1278 1187 1305 voluntate
1199 1273 1400 1309 archiepiscopi,
1430 1271 1570 1299 consulum
1584 1275 1607 1297 et
1629 1269 1714 1296 tocius

923 1325 1036 1353 civitatis
1059 1323 1206 1352 communis
1232 1321 1349 1349 civitatis
1376 1319 1464 1346 Janue
1487 1317 1635 1344 communis
1657 1315 1714 1348 I59)

924 1372 1078 1407 conﬁrmari
1097 1375 1122 1398 et
1145 1368 1278 1398 observari
1305 1367 1336 1393 ab
1357 1366 1395 1392 eis
1406 1370 1430 1392 et
1439 1364 1531 1400 jurari
1552 1367 1576 1390 et
1595 1361 1674 1396 ﬁrma
1690 1365 1715 1387 et

922 1419 1031 1447 stabilia
1048 1417 1180 1445 custodire
1193 1417 1220 1442 in
1234 1415 1423 1448 sempiternum
1435 1416 1459 1438 et
1472 1418 1584 1444 semper.

961 1462 1187 1498 Quandoquidem
1205 1465 1359 1495 presentem
1376 1456 1547 1492 sinpltoniam
1560 1459 1587 1482 et
1599 1460 1717 1481 conven-

927 1511 1028 1538 tionem
1043 1507 1253 1545 prenominatus
1273 1504 1389 1532 nuncius
1407 1502 1472 1530 fecit
1495 1505 1522 1529 et
1543 1503 1725 1527 sacramento

82 1536 213 1592 embolum
236 1545 259 1592 et
277 1540 377 1569 scala'm
395 1548 419 1570 et
435 1544 573 1572 ecclesiam
591 1547 662 1575 ultra
683 1549 909 1592 Constantino-.6
926 1536 1267 1586 ﬁnitio-conﬁrmavitmcce
1281 1555 1309 1578 et
1324 1548 1471 1585 Imperium
1485 1554 1573 1574 meum
1593 1553 1639 1580 per
1654 1552 1716 1592 P'e'

81 1582 165 1616 polim
196 1584 224 1611 in
245 1586 302 1613 loco
330 1588 375 1622 qui
401 1589 499 1625 dicitur
521 1591 592 1619 Orcu
615 1593 642 1621 in
671 1593 728 1622 loco
754 1597 820 1624 bono
845 1603 869 1624 et

82 1629 220 1661 placabili.
239 1632 273 1659 Et
296 1634 361 1662 dare
383 1636 484 1664 civitati
507 1637 596 1666 Janus
614 1644 637 1667 et
654 1643 786 1669 communi
806 1651 871 1676 pro-

83 1680 141 1710 pter
158 1678 317 1714 solempuias
331 1682 444 1717 singulis
462 1685 540 1711 annis
555 1693 678 1720 perperos
698 1687 720 1714 D
741 1693 765 1715 et
788 1689 872 1721 pallia

83 1721 145 1756 duo,
166 1729 190 1750 et
202 1727 408 1770 archiepiscopo
425 1729 513 1758 Janue
523 1740 644 1766 perpcros
664 1733 709 1760 LX
723 1739 747 1762 et
759 1736 872 1770 pallium

84 1775 176 1795 unum.
196 1769 229 1797 Et
244 1772 378 1800 dabuntur
402 1776 479 1803 modo
494 1777 573 1804 simul
590 1779 690 1807 civitati
704 1786 728 1807 et
740 1769 872 1810 communi

82 1814 170 1842 .Ianue
191 1817 342 1853 solemptias
360 1821 416 1856 (58)
437 1831 565 1850 annorum
584 1824 636 1851 ΧΧ
646 1825 682 1852 γι
705 1832 813 1861 propter
825 1837 872 1856 e1:-

85 1869 180 1895 peusas
192 1872 241 1898 que
254 1866 292 1892 cis
309 1866 455 1894 imminent.
477 1868 510 1895 Et
525 1875 552 1896 ut
566 1870 674 1898 debeant
688 1875 872 1903 commercium

84 1908 149 1934 dare
170 1909 231 1936 sic:
247 1911 365 1939 videlicet
390 1914 416 1940 in
433 1913 691 1950 Constantinopolim
712 1919 744 1946 de
769 1925 872 1947 centum

85 1957 212 1986 quatuor,
237 1955 264 1982 in
289 1956 351 1984 aliis
369 1966 429 1985 vero
453 1961 530 1987 terris
549 1960 676 1990 Romanie
700 1964 769 1990 sicut
795 1968 873 1994 ceteri

84 1997 174 2026 Latini
190 2001 253 2028 dant
269 2005 465 2032 commercium.
478 2005 667 2034 Custotlientur
681 2017 738 2036 tero
753 2010 873 2039 Januen-

83 2053 124 2072 ses
142 2050 167 2072 et
189 2055 230 2074 res
254 2057 344 2076 eorum
369 2050 469 2086 integre
489 2052 515 2079 in
534 2054 654 2081 omnibus
673 2057 750 2084 terris
772 2057 874 2086 domini

84 2090 268 2138 Imperatoris.
288 2094 318 2122 Si
333 2104 392 2123 vero
406 2097 470 2124 lesio
483 2098 573 2134 aliqua
592 2101 627 2126 eis
644 2101 676 2127 ab
691 2102 780 2138 aliquo
798 2104 873 2132 illata
891 2097 897 2105 ’

83 2137 121 2164 vel
129 2136 200 2171 facta
211 2139 300 2174 fuerit,
316 2142 444 2170 invenient
452 2144 588 2177 justitiam
601 2149 633 2173 ab
646 2136 757 2181 Imperio
766 2149 822 2184 ejus
831 2159 874 2177 se-

83 2184 198 2211 cundum
209 2187 280 2220 quod
294 2187 388 2215 decens
404 2194 451 2216 est.
470 2189 522 2217 Sed
530 2196 554 2216 et
563 2191 652 2218 statim
663 2194 733 2227 quod
743 2195 874 2223 reclama-

923 1610 986 1631 sens
997 1600 1161 1629 crisobolum
1200 1596 1309 1634 [logon]
1323 1595 1391 1631 ejus,
1409 1601 1502 1628 quum,
1517 1592 1540 1619 si
1551 1589 1716 1618 universitas

926 1647 1106 1677 Januensium
1119 1666 1127 1678 ,
1150 1644 1277 1672 videlicet
1296 1641 1519 1676 archiepiscopus
1539 1637 1668 1666 consules
1688 1641 1715 1663 ct.

924 1693 1069 1722 multitudo
1095 1692 1181 1719 tocius
1207 1689 1378 1720 communis,
1406 1687 1476 1714 hanc
1499 1683 1713 1712 convencionem

924 1741 1086 1775 recipientes
1105 1738 1254 1767 secundum
1270 1734 1494 1763 consuetudinem
1511 1739 1570 1759 eam
1587 1730 1708 1765 comple-

927 1786 994 1814 bunt
1017 1791 1045 1813 et
1064 1792 1112 1820 per
1135 1783 1267 1817 scriptum
1293 1780 1410 1809 fecerint
1435 1777 1628 1814 etjuraveriut
1643 1775 1716 1810 quod

923 1831 1070 1859 secundum
1086 1829 1255 1864 prescriptas
1273 1826 1333 1860 ejus
1349 1824 1538 1854 distinctiones
1556 1828 1582 1850 et
1597 1821 1715 1857 capitula

925 1876 1112 1905 observabunt
1126 1881 1185 1902 eam
1201 1874 1387 1907 incorruptam
1404 1875 1435 1898 et
1446 1869 1612 1898 immobilem
1628 1874 1716 1902 usque

927 1924 956 1952 in
985 1922 1182 1956 sempiternum
1209 1923 1237 1947 et
1262 1925 1369 1953 semper
1393 1917 1426 1945 ad
1449 1916 1579 1944 bon0rom
1606 1915 1715 1949 Imperii

926 1969 1012 1997 nostri
1036 1973 1064 1996 et
1091 1966 1236 1999 Romanie,
1262 1965 1339 1992 ﬁrma
1368 1963 1589 1991 observabuntur
1614 1961 1647 1988 ab
1667 1960 1718 1988 Im-

925 2017 1001 2051 perio
1016 2020 1112 2042 nostro
1131 2021 1183 2048 quo
1201 2014 1234 2039 ali
1250 2019 1283 2040 eo
1298 2011 1434 2047 promissa
1448 2014 1511 2037 sunt
1521 2008 1715 2038 Januensibus.

925 2069 978 2097 que
993 2060 1120 2096 superius
1131 2063 1197 2086 sunt
1207 2057 1379 2092 signiﬁcata,
1388 2056 1476 2083 donec
1489 2053 1616 2082 videlicet
1630 2052 1716 2079 ﬁrmi-

926 2113 967 2135 ter
993 2112 1022 2133 ct
1044 2104 1273 2133 indissolubiliter
1302 2102 1524 2130 observabuntur.
1544 2107 1596 2135 que
1621 2099 1655 2127 ab
1676 2099 1717 2125 eis

926 2156 1087 2181 conventata
1103 2156 1166 2179 sunt
1180 2149 1297 2185 Imperio
1313 2156 1373 2176 meo
1386 2153 1417 2176 et
1427 2147 1569 2175 Romanie.
1586 2146 1717 2174 Preseuto

927 2196 1255 2234 grisoboliologolmpcrii
1273 2195 1327 2223 mei
1341 2195 1455 2222 ﬁrmiter
1464 2199 1492 2221 et
1504 2193 1640 2220 stabiliter
1652 2200 1710 2226 pcr-

85 2230 182 2257 tionem
204 2232 315 2266 fecerint
337 2239 431 2262 contra
454 2237 566 2270 aliquem
594 2237 705 2266 Grecam
728 2240 767 2267 vel
788 2241 870 2269 aliam
886 2244 908 2271 ι)
925 2230 1054 2273 Quum
1067 2230 1194 2275 δεῇευωζ
1223 2241 1296 2269 facto
1321 2247 1416 2268 mense
1438 2239 1560 2266 octubris
1583 2238 1717 2273 prcsnulis

83 2280 185 2310 gentem
223 2286 313 2306 coram
349 2279 535 2315 Imperatore,
572 2283 703 2311 invenient
731 2286 870 2319 justiciam

84 2324 111 2349 in
124 2324 201 2351 curia
214 2324 323 2359 Imperii
338 2328 391 2354 sui.
406 2328 541 2355 Habebunt
556 2338 613 2356 vero
626 2335 779 2363 potestatem
792 2341 870 2362 naves

84 2367 259 2397 .lunuensium
284 2373 417 2406 negoeiari
437 2374 463 2400 in
486 2375 605 2402 omnibus
623 2378 701 2403 terris
718 2378 871 2414 ubicumque

87 2416 228 2449 voluerint,
247 2422 336 2451 preter
350 2419 378 2445 in
392 2419 504 2446 Rusiam
523 2426 545 2447 et
562 2421 589 2448 in
604 2421 716 2456 Maticu,
730 2424 781 2451 nisi
803 2425 872 2459 forte

85 2461 118 2487 ab
131 2462 188 2495 ejus
208 2461 323 2497 Imperio
340 2465 489 2500 specialiter
503 2467 550 2494 hoc
564 2467 643 2501 fuerit
659 2469 694 2496 eis
707 2478 871 2498 concessum.

87 2505 117 2533 Si
138 2513 225 2534 autent
248 2509 395 2538 Januenses
419 2520 458 2539 res
473 2521 535 2539 suas
567 2513 595 2540 in
616 2514 872 2550 Constantinopolim

85 2553 294 2588 introduxerint.
310 2565 405 2586 easque
428 2559 538 2586 vendere
555 2568 606 2587 non
629 2563 757 2593 poterint.
775 2563 819 2594 ﬁet
840 2563 872 2591 de

124 2671 182 2712 (δῖ)
204 2671 331 2712 Sequitur
344 2676 421 2712 tepor
431 2668 595 2712 clrrysolmlli
606 2675 759 2712 anterioris,
774 2675 870 2712 videli-

88 2708 205 2770 εἰῗῦιθμε
221 2710 292 2742 quod
307 2716 333 2736 a.
351 2708 420 2736 1155
442 2708 533 2737 datum
553 2714 605 2738 est.
626 2710 669 2737 Cf.
692 2719 774 2746 supra
798 2711 869 2739 Nov.

124 2777 180 2815 (71$)
198 2777 279 2815 If‘prte
292 2780 462 2815 solempniae,

126 2812 182 2850 (59)
201 2811 251 2841 Hic
264 2811 446 2850 corruptelam
454 2811 549 2844 inesse
565 2819 649 2850 patet.

127 2848 184 2882 (10)
200 2849 277 2883 Apud
293 2850 364 2878 Sauli
387 2851 404 2878 1.
419 2851 436 2878 I.
460 2856 524 2878 est:
546 2848 580 2877 Μ.
596 2870 603 2878 .
623 2871 629 2878 .
646 2871 652 2878 .
671 2871 678 2878 .
695 2870 703 2878 .
726 2852 869 2879 LXXVIII.

91 2883 223 2912 Silvestre
234 2884 266 2912 de
279 2884 347 2922 Socy
357 2886 384 2915 in
400 2886 481 2915 Mem.
501 2887 532 2916 de
543 2886 651 2915 l‘lnstit.
662 2887 703 2915 Cl.
716 2887 816 2915 d'llist.
837 2887 869 2915 III

926 2290 1028 2318 terciae.
1044 2288 1201 2316 indictiouis
1223 2294 1295 2314 anno
1315 2286 1376 2323 [Vl]
1400 2284 1625 2323 M[DC]LXXVIII
1645 2285 1715 2319 (Ml).

925 2339 952 2366 in
973 2345 1028 2372 quo
1045 2341 1072 2364 et
1094 2341 1217 2363 nostrum
1235 2334 1478 2362 clementissimum
1492 2337 1519 2360 et
1543 2341 1557 2360 a
1580 2334 1713 2360 deocon-

926 2390 1035 2411 cessum
1053 2381 1171 2417 signavit
1184 2381 1328 2416 imperium
1342 2381 1383 2407 ναι
1402 2384 1534 2414 potestas.

964 2427 1136 2462 Snbscriptio
1150 2427 1259 2462 proprie
1276 2435 1371 2454 manus
1387 2425 1568 2459 Imperatoris
1582 2433 1589 2451 :
1609 2423 1716 2451 Manuel

928 2476 954 2503 in
972 2475 1083 2502 Christo
1108 2475 1160 2502 deo
1187 2473 1304 2501 ﬁdeliter
1329 2473 1480 2507 Imperator
1501 2470 1716 2505 Rorﬁrogenitus

926 2526 952 2549 et
967 2522 1114 2548 aitocralor
1128 2521 1247 2548 RomeOn
1261 2527 1278 2547 ο
1292 2518 1431 2546 Geminos.

926 2687 952 2712 p.
976 2678 1027 2705 105
1047 2678 1144 2712 legisse
1157 2678 1263 2705 videtur
1280 2675 1635 2712 VIIIIDCXCVIII._eumque
1661 2683 1718 2712 nu-

926 2710 1029 2741 inerunt
1044 2710 1151 2740 ini6688
1162 2713 1317 2741 mutandum
1331 2719 1389 2739 esse
1401 2716 1484 2746 putat.
1500 2710 1552 2737 Sed
1563 2711 1654 2746 datum
1663 2711 1712 2737 fuit

926 2750 978 2776 hoc
1001 2749 1202 2784 chrysobullum
1221 2745 1413 2784 indictione},
1439 2754 1498 2784 quas
1516 2746 1622 2784 quidem
1644 2745 1714 2784 inci—

871 2779 880 2786 “
925 2785 964 2811 dit.
988 2779 1061 2810 inter
1075 2791 1101 2809 a.
1125 2783 1193 2810 1155
1208 2783 1256 2817 (cf.
1277 2787 1333 2810 not.
1359 2779 1454 2817 57)f‘t‘
1471 2779 1713 2817 legutionemrqri-

926 2819 1008 2845 maldi
1025 2826 1050 2846 a.
1071 2819 1139 2845 1174
1163 2815 1317 2847 susceptam
1341 2817 1388 2849 (cf.
1412 2816 1485 2844 Sauli
1512 2816 1529 2842 1.
1548 2823 1573 2842 c.
1590 2823 1617 2848 p.
1637 2815 1711 2849 188),

927 2859 955 2882 ιιι
967 2862 1054 2884 minus
1070 2862 1096 2881 ει.
1112 2861 1138 2882 o.
1157 2862 1180 2882 c.
1196 2853 1266 2882 6688
1283 2853 1397 2881 indicari
1414 2851 1547 2881 debuerit.
1569 2850 1604 2878 Z.
1620 2858 1636 2879 Α
1651 2851 1682 2878 L.
