1955 3080
213 150 262 183 791
787 150 943 181 ANDRON
950 151 1000 180 [CI
1020 150 1173 182 COMNEN
1178 152 1190 182 Ι
1790 150 1855 181 792

213 206 354 236 inutilibus
369 205 549 240 mundon
568 205 690 237 redditis,
710 208 738 232 et
754 205 866 239 perinde
882 213 914 233 ac
928 206 951 233 si
971 214 985 233 n

1082 215 1120 239 ιν,
1135 207 1166 233 τὸ
1181 207 1322 243 ἄπρακτον
1339 208 1386 235 καὶ
1403 207 1549 242 ἀνίσχυρον
1571 205 1788 241 ἀποφερομένων
1801 206 1854 233 διὰ

213 257 304 281 essent
316 252 424 288 quidem
444 251 567 284 mnino,
582 251 723 287 reputatis.

1085 252 1107 286 λς
1120 251 1260 287 παρούσης
1275 252 1388 286 λύσεως,
1411 252 1458 279 καὶ
1479 252 1572 287 ὥσπερ
1585 252 1610 279 εί
1631 251 1699 288 μηδὲ
1714 251 1784 283 ὅλως
1800 259 1857 285 γε·

1057 297 1152 332 γόνασι
1160 298 1354 334 λογιζομένων.

250 345 278 372 2.
299 344 424 373 Cessabit
436 349 526 377 autem
547 349 573 372 et
589 352 648 380 quae
661 346 714 373 huc
731 353 817 381 usque
831 345 928 373 vestris
944 353 1004 373 mo-

1093 343 1131 378 β’.
1142 343 1271 380 Ἀργήσει
1284 345 1367 371 δὲκαὶ
1379 345 1396 380 ὴ
1410 344 1490 380 μέχρι
1501 343 1547 370 τοῦ
1558 342 1857 378 νῦνέπεισκωμάαασα

215 390 395 419 nasteriomm
423 390 604 418 immobilibus
620 391 645 418 in
662 390 777 418 Thracia
799 395 825 418 et
850 389 986 418 Macedoni

1083 391 1115 422 ii;
1134 390 1186 417 ὑπὸ
1197 389 1246 422 τάς
1264 389 1326 417 καθ’
1336 390 1408 426 ὑμᾶς
1426 391 1509 424 μονὰς
1528 390 1679 425 ἀκινήτοις,
1691 389 1748 421 τοῖς
1775 388 1855 415 κατὰ

214 435 297 468 sitis,
330 432 471 463 insultavit
516 436 658 471 praotot'ici
694 440 722 464 et
758 436 908 471 catepanici
940 443 986 464 usu

1096 437 1167 473 θέμα
1181 437 1293 473 Θρᾴκης
1305 438 1352 464 καὶ
1371 436 1541 468 Μακεδονίας
1558 435 1749 469 διακειμένοις,
1766 435 1859 462 ἀπαίσ

216 481 332 514 exactio,
344 487 502 516 stuppaeque
517 485 544 508 et
554 481 676 516 axungiae
689 481 838 515 redemptio
848 486 875 509 et
886 482 988 509 exactio

1086 491 1133 518 ισις
1153 483 1203 518 τῆς
1224 491 1254 510 τε
1273 483 1463 518 πρακτορικῆς
1480 482 1529 508 καὶ
1554 481 1742 515 κατεπανικῆς
1759 481 1858 516 γύρας

217 532 344 562 tanquam
363 535 411 562 per
426 527 496 555 bane
511 532 671 562 prasenlem
696 527 887 555 resolutionem
905 528 989 555 excisa

1084 529 1107 555 t‘t
1122 528 1229 564 χρείας,
1241 531 1288 556 καὶ
1304 531 1320 563 ἡ
1347 528 1460 555 στυπίου
1490 527 1538 554 καὶ
1557 527 1703 561 ἀξουγγίου
1715 526 1856 562 ὲξώνησις

215 577 243 599 et
260 573 389 601 radicitus
405 573 572 608 exstirpata.
584 577 612 600 et
628 580 662 601 eo
680 573 806 606 redactae.
829 578 858 601 ut
875 581 925 601 nec
939 574 987 601 sinl

1092 573 1250 608 ἀπαίτησις,
1264 573 1302 604 ὡς
1316 572 1360 600 διὰ
1374 573 1422 607 τῆς
1433 571 1579 608 παρούσης
1596 571 1700 602 λύσεως
1714 570 1857 597 ὲκκοπτό-

216 625 267 645 nec
290 618 464 646 nominentur
484 627 491 645 :
512 618 682 653 praetoribus,
711 621 737 645 et
767 619 950 652 exactoribus,
978 627 988 647 ε

1085 629 1138 647 εναι
1155 620 1202 647 καὶ
1214 619 1443 655 ῥιζοτομούμεναι
1457 618 1502 645 καὶ
1517 620 1557 650 είς
1567 617 1597 644 τδ
1611 617 1788 652 ἀνύπαρκτον
1805 616 1857 642 καὶ

215 664 366 698 catepanis,
388 669 415 692 et
433 664 546 699 llsuqal
573 669 676 700 stnpr
699 670 727 692 et
750 665 874 700 axungiae
898 666 987 693 redem

1085 666 1242 701 θονόμαστον
1258 664 1528 699 ἀποκαθιστάμεναισ
1554 663 1609 690 τῶν
1629 661 1788 698 πραιτόρων
1804 660 1857 688 καὶ

216 709 335 743 ptionem
352 708 393 736 vel
408 710 576 737 exactionem
599 716 746 743 exercent;
772 711 860 746 iisque
883 711 928 747 qui
951 711 988 739 illi

1086 712 1221 747 οακτόρων
1246 711 1294 737 καὶ
1311 710 1481 742 κατεπάνων,
1508 709 1556 736 καὶ
1575 708 1630 734 τῶν
1651 707 1700 742 τὴν
1719 707 1858 741 ὲξὼνησιν

217 754 382 788 ministrant,
406 755 445 782 sic
469 755 601 790 ejusmodi
626 755 774 784 immobilia
796 760 989 792 przelercurrer

1098 758 1247 792 ἀπαίτησιν
1265 756 1312 783 τοῦ
1335 756 1450 783 στυπίου
1478 755 1526 782 καὶ
1542 753 1589 781 τοῦ
1616 753 1765 787 ἀξουγγίου
1780 751 1858 778 κατὰ

217 800 388 834 debentibus,
404 801 516 837 perinde
528 809 559 829 ac
571 801 593 829 si
609 809 643 829 ne
656 802 682 829 in
698 803 754 830 suis
768 802 877 837 quidem
893 803 989 830 omnin

1086 803 1171 838 ιιροὺς
1182 801 1362 837 ποιουμένων,
1379 801 1426 827 καὶ
1439 800 1493 826 τῶν
1507 798 1747 834 ὲξυπηρετούντων
1759 797 1858 827 αὐτοῖς

216 846 372 882 regionibus
388 848 439 875 sita
457 852 550 876 essent
566 857 574 875 :
596 852 688 882 utpote
701 855 761 882 qua
773 856 826 876 non
843 848 898 876 sint
910 856 925 875 a
940 848 987 876 llsc

1145 833 1329 884 παρατρέχειν
1344 833 1379 873 τὰ
1398 846 1512 874 τοιαῦτα
1534 833 1653 880 ἀκίνητα
1663 833 1873 880 ,ὀφειλόντωνλ

216 891 329 918 omnino
346 891 507 926 requirenda
525 891 550 918 in
567 891 703 924 omnibus,
719 899 779 926 quae
797 891 848 919 hoc
862 892 943 920 modo
959 893 988 919 de

1108 874 1138 921 Et
1228 874 1296 925 ὅλως
1309 894 1338 920 ὲν
1352 893 1408 924 τοῖς
1418 892 1465 919 ὑπ’
1474 892 1572 923 αὐτοὺς
1582 874 1681 926 θέμασι
1695 874 1784 916 ταῦτα
1799 874 1858 916 διιέλ
1874 886 1877 891 ’

217 941 292 963 creta
319 937 471 972 suntipsi,
499 937 534 965 ab
556 937 636 964 initio
665 937 788 965 hodierni
816 938 869 965 diei
901 939 989 972 repeti:

1085 949 1159 972 ειντο,
1167 940 1215 967 ἀτε
1224 940 1272 967 καὶ
1277 939 1366 967 αὐτῶν
1373 937 1589 972 ἀκαταζητήτων
1597 936 1748 972 μελλόντων
1757 936 1857 970 διατη-

218 981 319 1016 diurni,
334 987 362 1010 et
373 983 499 1018 deinceps
514 983 539 1010 in
560 990 641 1010 omne
660 991 692 1011 ac
707 988 866 1019 perpetuum
890 988 990 1018 tempus

1085 987 1166 1014 ιῖσθαι
1178 986 1231 1013 ἀπὸ
1243 985 1289 1012 τοῦ
1299 985 1430 1021 δημοσίου
1439 984 1486 1011 ἐπὶ
1495 984 1561 1011 πᾶσι
1567 984 1623 1015 τοῖς
1636 981 1857 1016 τοιουτοτρόπως

219 1033 344 1063 suscepta
366 1029 425 1056 sine
452 1029 682 1060 contradictione;
711 1037 760 1057 nec
788 1030 939 1058 habeantur
960 1037 991 1065 pr

1085 1031 1271 1066 τιγνωσθεῖσιν
1286 1030 1361 1066 αὺτῷ
1384 1030 1436 1058 ἀπ’·
1447 1029 1536 1066 ἀρχῆς
1557 1029 1607 1064 τῆς
1630 1029 1752 1064 σήμερον
1770 1027 1857 1053 ἀπαι-

219 1074 365 1109 descriptis
388 1075 415 1102 in
442 1075 557 1110 publicis
581 1076 660 1103 actis.
679 1075 755 1103 Licet
777 1079 867 1104 autent
889 1077 991 1112 nonde

1086 1078 1199 1114 ιυμένης
1211 1077 1355 1114 ὲγχρονίας
1375 1077 1423 1104 καὶ
1439 1077 1479 1108 είς
1502 1076 1567 1105 τοὺς
1587 1074 1651 1110 ἑξῆς
1666 1070 1792 1105 ἅπαντας
1807 1072 1858 1100 καὶ

219 1119 319 1154 scripta
344 1120 400 1147 sint
415 1120 441 1148 in
458 1120 535 1154 actis,
552 1121 599 1148 sed
615 1120 667 1148 alio
690 1128 743 1156 quo
763 1121 842 1150 modo
866 1122 991 1157 agnita,(

1086 1125 1199 1160 ,ηνεκεῖς
1214 1123 1329 1159 χρόνους
1343 1122 1499 1158 δεχομένοις
1516 1121 1732 1156 ἀναντιρρήτως,
1750 1119 1799 1146 καὶ
1816 1118 1858 1150 ὡς

218 1164 258 1192 sic
274 1169 392 1201 recepta.
1064 1170 1132 1206 μηδὲ
1143 1171 1172 1196 ὲν
1186 1169 1218 1205 δη
1223 1169 1364 1205 μοσιακοϊς
1377 1168 1540 1204 πρακτικοῖς
1552 1165 1764 1202 καταγραφῆναι
1777 1165 1857 1199 λογι-

758 1225 760 1229 ‘
1063 1215 1187 1251 ζομένοις
1199 1223 1206 1231 ·
1222 1215 1275 1243 κᾶν
1294 1215 1332 1251 μὴ
1360 1215 1574 1250 κατεγράφησαν
1595 1212 1624 1240 δὲ
1637 1213 1666 1239 ὲν
1680 1211 1856 1248 πρακτικοῖς,

1064 1262 1151 1293 ἄλλως
1169 1261 1198 1287 δέ
1219 1269 1277 1292 πως
1291 1260 1515 1294 ὲπεγνώσθησαν,
1530 1258 1688 1294 δεχομένοις
1705 1256 1753 1284 καὶ
1767 1255 1856 1282 οὕτω.

255 1305 283 1332 5.
304 1305 332 1332 Si
354 1306 415 1340 quis
439 1310 529 1333 autem
546 1311 688 1342 praeterea,
712 1314 772 1342 quae
788 1309 934 1337 constituta
951 1314 1015 1336 sunt

1100 1307 1193 1342 γ⁹.Τοῦ
1208 1306 1465 1342 κατατολμήσαντος
1480 1305 1574 1340 ἕτερόν
1584 1313 1610 1331 τι
1625 1303 1700 1339 παρὰ
1712 1303 1746 1330 τὰ
1759 1302 1855 1338 διωρι-

222 1350 265 1378 his
279 1351 369 1378 aureis
383 1350 474 1383 bullis,
492 1356 518 1378 et
532 1352 658 1386 praesenti
671 1352 805 1380 solutione
822 1353 873 1380 mei
895 1353 990 1389 imperi

1087 1354 1155 1388 μένα
1172 1355 1228 1385 τοῖς
1239 1352 1374 1384 τοιαύτοις
1391 1349 1602 1387 χρυσοσούλλοις
1619 1349 1666 1377 καὶ
1677 1350 1712 1385 τῇ
1727 1348 1857 1384 παρούσῃ

221 1396 305 1424 fuerit
326 1404 408 1425 ausus
432 1397 534 1432 aliquid
560 1398 672 1431 exsequi
689 1398 715 1425 in
738 1398 879 1432 quibusvis
906 1407 993 1434 posse:

1085 1401 1144 1428 ύσει
1158 1401 1205 1436 τῆς
1226 1399 1364 1435 βασιλείας
1381 1407 1433 1434 μου
1444 1397 1491 1424 ἐπὶ
1501 1398 1560 1428 ταῖς
1569 1396 1622 1423 ὑπὸ
1637 1395 1686 1427 τὰς
1702 1395 1764 1422 καθ’
1782 1395 1857 1430 ὑμᾶς

222 1444 344 1472 sionibus
380 1444 565 1472 immobilibus
582 1449 730 1472 vestrorum
765 1446 990 1473 monasterorium

1084 1447 1154 1478 μονὰς
1175 1446 1316 1477 παντοίαις
1345 1444 1485 1480 ἀκινήτοις
1508 1444 1623 1479 κτήσεσι
1641 1441 1856 1478 διαπράξασθαι,

223 1494 402 1524 praeterquam
432 1489 505 1523 quod
529 1488 599 1517 laesae
627 1489 779 1524 majestatis
796 1490 932 1517 tenebitur
950 1498 995 1521 reu

1087 1493 1118 1519 ὒν
1131 1491 1171 1527 τῷ
1191 1491 1238 1518 καὶ
1263 1490 1427 1518 καθοσιώσει
1447 1489 1611 1517 ὑποπίπτειν
1628 1488 1730 1524 (καθὼς
1743 1488 1786 1515 διὰ
1801 1487 1858 1514 τῶν

223 1534 306 1566 (sicut
320 1534 362 1560 his
373 1533 463 1561 aureis
471 1534 550 1561 bullis
561 1533 699 1561 deﬁnitum
718 1533 782 1568 est),
808 1534 842 1561 ab
857 1535 995 1563 eminenti:

1086 1537 1199 1564 οιούτων
1230 1535 1437 1571 χρυσοὸούλλων
1466 1534 1609 1570 διωρίσθη)
1632 1533 1680 1561 καὶ
1704 1533 1780 1569 παρὰ
1808 1533 1858 1560 τοῦ

226 1580 296 1608 simo
310 1586 417 1616 quoque
433 1579 562 1615 temporis
573 1579 642 1606 illius
656 1579 770 1614 mystico
782 1579 887 1607 illatum
900 1581 998 1616 cuipiat

1087 1582 1142 1610 ατὰ
1153 1582 1202 1617 τὴν
1215 1582 1323 1617 ἡμέραν
1338 1580 1645 1616 μεγαλεπιφανεστάτου
1659 1579 1790 1615 μυστικοῦ
1807 1587 1859 1606 χα-

226 1634 379 1656 vestrarum
396 1627 598 1663 possessionum
613 1627 741 1654 damnum
757 1627 860 1655 sarcire
875 1627 998 1663 compelle

1087 1627 1309 1664 αναγκαζομένου
1324 1628 1363 1660 εἰς
1377 1627 1407 1654 τὺ
1432 1627 1482 1662 τὴν
1513 1625 1706 1662 ἐπενεχθεῖσαν
1724 1634 1778 1651 τινι
1803 1624 1859 1652 τῶν

225 1680 280 1702 tur.
292 1674 463 1702 Monasteriis
476 1681 583 1709 quoque
594 1670 721 1702 om'nibus
734 1675 853 1703 vicissim
868 1682 940 1703 cura:
953 1675 997 1703 erii

1090 1671 1118 1709 cp2
1131 1675 1204 1710 ὑμᾶς
1220 1675 1344 1710 κτήσεων
1356 1673 1459 1710 βλάϐην
1474 1673 1694 1709 ἀποθεραπεύειν
1709 1672 1789 1707 αὐτῇ.
1803 1672 1859 1699 Με-

226 1725 282 1748 tam
306 1720 339 1748 iis
351 1727 412 1755 quae
436 1725 499 1748 sunt
521 1721 591 1748 intra
618 1721 724 1755 urbem,
751 1729 832 1756 quam
856 1729 915 1757 quae
927 1726 998 1750 extra

1087 1722 1146 1756 ἠσει
1168 1721 1261 1757 μέντοι
1282 1721 1329 1748 καὶ
1349 1721 1389 1756 τῷ
1405 1720 1483 1756 μέρει
1499 1719 1555 1746 τῶν
1578 1720 1667 1755 μονῶν
1683 1718 1790 1751 πασῶν,
1804 1713 1859 1745 τῶν

228 1767 279 1793 sub
291 1761 414 1793 terminis
426 1759 463 1793 iis
474 1766 566 1793 aureis
581 1765 661 1793 bullis
676 1759 880 1801 comprehensis
901 1759 1000 1802 impe'ra

1087 1775 1099 1793 ε
1131 1767 1207 1799 ἐντὸς
1238 1768 1288 1802 τῆς
1320 1766 1529 1802 μεγαλοπόλεως
1555 1765 1603 1792 καὶ
1618 1763 1706 1796 ὲκτδς,
1729 1763 1782 1790 ὑπὸ
1795 1764 1859 1795 τοὺς

230 1811 297 1839 toris
310 1811 386 1839 bonae
397 1812 537 1839 memoria:
552 1812 643 1847 inclyti
655 1812 756 1839 domini
771 1815 798 1840 et
811 1813 896 1847 patris
911 1813 1002 1848 imperi

1099 1813 1357 1849 ιπεριειλημμένους
1375 1812 1467 1848 μέντοι
1480 1813 1560 1848 ὅρους
1574 1812 1632 1843 τοῖς
1647 1810 1778 1842 τοιούτοις
1792 1819 1871 1846 χρυ-ι

230 1858 295 1891 mci,
324 1865 356 1885 ea
385 1865 524 1892 peragere,
545 1865 604 1892 qua:
622 1858 648 1885 in
670 1862 757 1886 vestra
782 1859 955 1894 suggestione
971 1860 1002 1887 de

1089 1859 1227 1892 οεούλλοις
1251 1859 1447 1895 διακειμένων,
1477 1857 1525 1885 τοῦ
1542 1859 1572 1886 ὲν
1598 1859 1654 1890 τοῖς
1674 1856 1859 1894 μνημοσύνοις

232 1903 334 1931 clarata
347 1908 427 1931 sunt:
445 1903 496 1931 nisi
512 1903 595 1931 velint
612 1903 658 1931 tali
673 1904 848 1932 excusatione
863 1904 973 1939 privari,
986 1912 1004 1932 ei

1093 1905 1115 1932 ιῦ
1139 1907 1167 1932 ὲν
1193 1904 1349 1940 βασιλεῦσιν
1373 1905 1496 1940 ἀοιδίμου
1525 1904 1654 1931 αὺοέντου
1678 1904 1725 1930 καὶ
1754 1899 1865 1938 πατρὸξ

230 1949 302 1983 quod
316 1949 399 1976 semel
413 1956 444 1976 ea
459 1949 636 1984 neglexerint.

1087 1951 1120 1986 ἧς
1138 1951 1277 1986 βασιλείας
1305 1959 1357 1986 μου
1384 1951 1504 1978 ἐκτελεῖν
1515 1951 1567 1978 ὃσα
1593 1952 1622 1977 ὲν
1650 1951 1685 1985 τῇ
1704 1949 1859 1984 ὑπομνήσει

231 1997 310 2032 ὑμῶν
332 1997 488 2033 δεδήλωται,
521 1999 546 2025 εἰ
575 1999 613 2034 μὴ
636 1998 779 2033 βούλονται
807 1998 858 2034 τῆς
886 2001 1013 2035 τοιαύτης
1034 2000 1208 2033 ὲξκουσσείας
1224 2000 1362 2028 διαπεσεῖν
1373 2000 1409 2028 ἐκ
1426 1998 1474 2027 τοῦ
1508 1999 1583 2032 ἅπαξ
1609 1998 1712 2031 τού-των
1738 2006 1861 2033 καταμε-

229 2045 324 2080 λῆσαι.

235 2125 1855 2158 W

827 2222 914 2245 ANNO
942 2218 1059 2245 DOMINI'
1084 2221 1262 2245 MCLXIXIII.

373 2313 1072 2451 ANDBONICUs
1121 2266 1730 2403 COMNENUs.
1863 2406 1866 2410 λ

913 2496 1190 2542 ΝΟΤΙΤΙΑ.

1028 2587 1063 2594 --ι

278 2652 449 2680 Andronicus
466 2652 622 2680 Comllenus
653 2653 826 2688 imperatoris
841 2654 928 2682 Alexii
945 2654 1076 2682 Conmeni
1091 2654 1171 2689 primi
1188 2654 1245 2682 sive
1261 2651 1382 2680 Senioris
1399 2658 1481 2687 nepos
1496 2649 1545 2678 iuit
1557 2649 1651 2683 ,,tilius
1664 2654 1755 2677 autem
1769 2647 1860 2677 lsaacii

241 2696 373 2735 Conmeni
394 2696 634 2724 Sebastocratoris.
659 2696 763 2725 Claruit
790 2706 859 2725 anno
874 2698 956 2731 “80,
979 2698 1020 2726 vel
1052 2699 1170 2726 circiter.
1195 2697 1232 2724 De
1253 2696 1332 2730 cujus
1347 2695 1445 2723 eximia
1470 2689 1640 2726 eruditione,
1657 2693 1786 2728 singulari
1806 2693 1860 2720 elo-

247 2741 358 2774 quenlia
393 2746 475 2774 atque
502 2741 636 2775 exquisita
665 2749 751 2769 sacra:
790 2741 936 2777 Scriptura:
963 2743 1079 2775 notitia,
1116 2741 1298 2769 tesnmouium
1333 2738 1457 2774 perbibet
1485 2738 1613 2766 eximium
1644 2737 1754 2764 Nicetas
1793 2737 1862 2778 Clio-

243 2785 351 2816 niutes,
371 2785 520 2820 cujusmodi
546 2786 610 2813 illud
636 2791 686 2818 est,
715 2787 785 2821 quod
810 2794 871 2822 pag.
893 2787 943 2814 140
975 2786 1102 2814 editionis
1128 2784 1339 2814 Graeco-Latinae
1361 2782 1542 2815 Parisiensis,
1565 2782 1608 2810 bis
1637 2786 1725 2810 exstat
1760 2781 1861 2808 verbis:

249 2829 304 2855 Καὶ
327 2830 413 2870 causa.
441 2829 527 2864 λέγων
551 2831 598 2857 καὶ
628 2830 742 2865 γράφων
774 2831 942 2866 ⁹Δνδρόνικος
974 2831 1033 2866 μεθ’
1067 2830 1126 2862 οἵας
1149 2830 1200 2856 οὐκ
1225 2829 1297 2856 εἴποι
1321 2836 1364 2860 τις
1393 2827 1426 2854 ἂν
1441 2826 1629 2861 πειθανάγκης
1645 2826 1692 2852 καὶ
1703 2825 1860 2860 λαμπρότη-

228 2877 290 2904 ’τος
312 2870 356 2908 (ἦν
373 2869 427 2909 γὰρ
445 2874 468 2900 εἰ
489 2873 536 2920 at?!
550 2882 591 2906 τις
609 2873 699 2908 ἄλλος,
723 2875 895 2910 γραμμάτων
916 2876 1045 2912 ἔμπειρος
1061 2896 1069 2912 ,
1087 2875 1133 2902 καὶ
1154 2875 1207 2903 ἀνᾶ
1230 2874 1327 2909 στόμα,
1342 2872 1432 2908 φέρων
1460 2870 1504 2898 ἀεὶ
1542 2870 1589 2898 τοῦ
1612 2869 1861 2905 πνευματορήτορος
