1955 3080
128 176 184 208 793
674 168 867 212 DIALGGUS
887 181 1037 213 CONTRA
1057 180 1224 212 JUDIEOS-
1702 177 1754 210 794

129 234 238 262 Παύλου
250 233 286 261 τὰ
300 234 453 271 ἐπιστόλια)
471 233 529 271 εἶχε
548 235 654 269 πάντας
678 239 712 273 τῇ
731 238 814 265 αὑτοῦ
829 238 901 273 γνώμ

968 237 1189 273 ροστιθιμένους.
1204 236 1262 264 Hoc
1286 240 1345 268 est.
1363 235 1426 264 Haec
1452 235 1624 263 Andronicus
1651 235 1740 263 incre-

129 278 205 305 dibili
220 279 394 313 persuadendi
410 279 496 307 studio
511 285 534 307 et
549 281 661 315 artiﬁcio
678 282 805 309 orationis
818 282 925 317 loquens
949 291 981 310 ac
1000 283 1123 310 scribens
1151 283 1219 317 (erat
1235 282 1306 309 enim
1321 281 1481 314 litterarum,
1498 286 1526 308 ut
1535 277 1647 316 'quilibet
1664 281 1747 313 alius,

128 322 241 356 peritus,
253 327 277 350 et
295 321 399 357 Spiritu
412 329 502 350 sancto
515 324 604 359 afﬂati
621 326 733 354 oratoris
747 325 829 353 Pauli
844 325 977 361 Epistolas
992 334 1092 361 semper
1107 326 1134 352 in
1148 333 1192 352 ore
1208 324 1342 359 habebat),
1358 333 1446 352 omnes
1461 325 1488 352 in
1500 333 1578 352 suam
1592 325 1750 352 sententiam

129 366 272 401 pertraxit.
290 365 436 401 ﬂuensque
454 367 562 396 Nicetas
575 368 732 398 Choniates.
753 369 867 405 Scripsit
880 375 970 398 autem
985 369 1126 405 Dialogum
1156 373 1247 396 contra
1269 367 1397 400 Iudaeos,
1412 368 1458 402 qui
1477 375 1528 396 ms.
1553 371 1642 395 exstat
1663 368 1689 394 in
1708 367 1752 394 Bi-

135 409 271 436 bliotheca
288 409 411 437 Caesarea
430 410 643 445 Vindobonensi,
655 413 756 441 Codice
769 421 822 441 ms.
841 414 998 449 theologico
1013 414 1108 442 Graeco
1121 413 1175 440 255
1185 433 1194 446 ,
1214 417 1243 439 ut
1260 413 1340 440 habet
1355 411 1451 439 Petrus
1464 411 1625 438 Lambecius
1641 411 1710 439 libro
1731 418 1748 445 v_

129 452 394 481 Commentariorum
412 454 493 489 hujus
507 454 688 489 Bibliotheca,
705 463 766 491 pag.
783 457 845 489 l69,
863 457 906 484 his
921 458 1011 485 verbis
1027 467 1035 485 :
1056 466 1066 484 ι
1085 456 1176 484 Codex
1204 456 1259 484 255
1274 457 1475 490 manuscriptus
1495 455 1661 490 theologieus
1676 455 1750 483 Grat-

129 503 179 524 cus
192 501 234 524 est
246 497 411 525 chartaeeus
425 498 572 533 antiquus,
587 503 615 527 et
631 499 740 534 optimae
755 505 824 528 notis
843 501 870 527 in
888 500 964 533 folio,
983 505 1112 529 constans
1129 499 1201 528 foliis
1221 500 1283 533 l58,
1297 500 1342 534 qui
1360 499 1425 527 olim
1451 499 1485 526 ad
1502 498 1642 533 .Joannom
1672 499 1750 526 Sam-

128 540 227 567 bucum
243 541 382 576 pertinuit.
397 540 444 569 illo
460 542 614 570 continetur
629 542 799 576 Imperatoris
824 545 967 573 Andronici
993 545 1121 573 Comneni
1135 565 1143 578 ,
1159 545 1206 580 qui
1232 544 1299 580 imp.
1323 544 1446 572 Alexium
1463 544 1629 572 Comnenum
1653 543 1676 571 Il
1691 543 1750 571 sive

126 581 281 616 Juniorem,
300 591 370 611 anno
397 584 477 617 1185,
488 586 591 614 nefarie
605 586 718 620 occidit,
733 591 762 614 et
777 595 849 616 anno
862 588 931 616 H85
947 596 962 616 a
980 589 1109 617 seditiosa
1129 588 1208 624 plebe
1224 588 1526 624 Constantinopolitana
1543 587 1663 615 vicissim
1675 587 1750 614 occi-

128 633 175 655 sus
190 631 250 662 est,
271 627 397 663 Dialogus
411 629 638 671 contra-ludam,
670 631 749 665 cujus
765 631 861 660 titulus
874 637 898 660 et
915 633 1080 668 principium
1098 641 1106 660 :

532 699 684 738 sementis);
699 701 782 738 edisse
795 701 851 738 τῶν
863 702 951 736 λόγων
970 703 1061 738 χάρις,

481 734 538 773 ’[ῂν
558 734 710 773 Ὶᾷὸρςιῖιὶὴν
724 734 906 773 ξξελέγχουσά
925 734 1042 773 πλᾶνήν,

484 769 540 807 [ὰς
557 769 680 807 εῷσέββῖς
688 769 815 807 ξδενίκνυσί
822 769 883 803 Ζἑοῖς
901 769 1014 805 arta-toi}.
1024 769 1147 807 cpi6oug.

479 804 608 843 τῌγραψᾳ
621 806 649 832 δὲ
665 806 749 843 ᾳᾷτὴν
778 807 948 841 Ἀνδρόνικος
960 804 1101 843 sueto-800,

483 838 802 877 :Adéitcpdrrztc_&vai¢ro;,
817 838 942 869 Αὖσόνων
955 843 1052 877 γένους

482 874 705 912 Κομνηνοφυοῦς,
720 876 754 912 ὲκ
771 874 1024 912 σεϐαστοκράτὸρος

479 909 526 941 El;
535 909 587 945 γῆν
599 910 756 947 προαχθεὶς,
778 912 827 938 καὶ
841 909 928 946 γλυκῦ
943 909 1044 948 pltea;
1056 913 1134 949 φάος.

481 968 579 1006 Docilis
594 974 761 1004 venustaque
775 970 856 999 libelli
872 972 970 1006 gratia,

482 1004 601 1038 Verpum
627 1006 746 1032 retundit
762 1006 858 1033 efﬁcax
875 1004 1020 1036 insaniam.

480 1038 596 1074 Piasque
611 1040 663 1067 rite
676 1041 792 1069 credulis
810 1047 941 1069 monstrat
957 1043 1028 1071 vias.

481 1074 549 1109 litiie
564 1075 735 1102 Andronicus
752 1081 846 1103 auctor
863 1081 918 1109 est,
935 1085 1013 1104 sacer
1027 1079 1110 1107 studii

481 1108 575 1144 frater
594 1111 712 1144 potentis
726 1110 867 1138 Ausonum
885 1111 939 1139 late
958 1113 1008 1140 soli

479 1143 694 1180 Proiniperator,
712 1153 792 1180 quem
810 1151 871 1173 satu
887 1147 1072 1178 Comnenides

478 1179 579 1207 Eduxit
593 1179 652 1207 Orbi
662 1200 670 1213 .
685 1179 796 1209 et’solis
816 1181 1012 1216 almo,lutnini.

133 1249 299 1285 Ἐπειδήπερ
312 1248 406 1276 πολλοὶ
421 1250 472 1286 τὴν
485 1249 539 1278 τῶν
561 1250 730 1286 παρανόμων
751 1251 887 1279 Ἰουδαίων
911 1253 1096 1291 ἐπεχείρησαν
1118 1255 1294 1291 παραστῆσαι
1310 1253 1483 1288 δυσσέϐειαν,
1499 1253 1547 1281 καὶ
1562 1252 1638 1284 ὅπως
1656 1251 1706 1288 μὶν
1729 1252 1745 1279 ό

130 1295 322 1330 φιλάνθρωπος
338 1295 478 1330 Δεσπόσης
493 1295 540 1322 καὶ
556 1295 695 1331 κηδεμὼν,
707 1297 738 1323 οὐ
754 1297 798 1323 διὰ
817 1297 940 1332 σημείων
955 1297 1046 1332 μόνον,
1062 1298 1078 1333 ἢ
1096 1299 1259 1334 Προφητῶν,
1275 1298 1345 1324 ἀλλὰ
1364 1298 1390 1324 ὁὶ
1412 1297 1578 1333 ἀμφοτέρων
1590 1296 1650 1331 ἅμα.
1665 1296 1749 1322 πολυο

106 1359 113 1365 ,
130 1338 236 1380 μρῶξ,
253 1339 301 1366 καὶ
313 1338 493 1374 πολυτμπῶς
507 1339 556 1376 τὴν
571 1335 711 1380 ἀῳτηρίαν
723 1340 829 1367 τούτων
844 1349 878 1376 πρ

973 1342 1109 1377 τευόμενος
1123 1363 1130 1375 ,
1147 1347 1200 1370 etc.
1219 1342 1271 1370 Ubi
1298 1342 1446 1369 notandum
1470 1346 1511 1368 est
1533 1340 1654 1368 codicem
1675 1340 1745 1367 hunc

132 1376 266 1410 tractaius
281 1384 378 1416 istius,
395 1383 544 1411 secundum
563 1376 675 1412 Joannis
690 1383 815 1413 Sambuci
831 1385 983 1419 opinionem
998 1406 1005 1418 ,
1023 1376 1082 1413 esse
1101 1386 1288 1421 idiographum
1303 1406 1312 1419 ,
1347 1385 1406 1413 sive
1424 1385 1531 1420 propria
1548 1384 1631 1419 ipsius
1645 1383 1750 1410 Andro-

131 1426 185 1454 nici
203 1435 283 1454 manu
299 1432 438 1454 exaratum
488 1427 532 1462 qui
545 1428 600 1463 jam
615 1435 629 1454 a
645 1429 725 1456 Petro
750 1427 889 1456 Stevartio
907 1429 1067 1462 Leodiensi,
1085 1430 1134 1458 sed
1156 1429 1252 1457 Latine
1278 1434 1383 1457 tantum
1409 1430 1557 1463 interprete
1582 1426 1687 1454 Joanne
1701 1425 1749 1454 Li.

136 1470 228 1498 vineio
240 1491 248 1504 ,
265 1471 355 1499 editus
369 1471 450 1498 estin
466 1475 539 1499 tomo
553 1472 680 1507 singulari
696 1471 863 1500 Lectionibus
884 1473 1006 1508 Antiquis
1029 1473 1138 1501 Henrici
1165 1472 1267 1502 Canisii
1284 1472 1376 1500 addito
1389 1492 1397 1505 ,
1415 1471 1573 1506 lngolstadii
1592 1471 1664 1505 typis
1678 1470 1750 1497 Ede-

130 1514 215 1542 rianis
230 1522 302 1542 anno
319 1514 398 1548 1616,
416 1515 486 1542 iit-4.
503 1514 552 1542 Cui
568 1515 693 1543 Livineio
718 1516 866 1544 cardinalis
881 1516 1012 1550 Sirietus,
1030 1517 1072 1544 vir
1085 1517 1258 1544 doctissimus
1270 1537 1278 1550 ,
1305 1523 1356 1544 ms.
1381 1523 1460 1544 suum
1486 1515 1607 1542 codicem
1623 1513 1748 1541 Graecum

132 1556 366 1589 commodaverat.
383 1561 453 1590 Hinc
465 1568 554 1590 autem
569 1562 711 1591 manifeste
727 1563 820 1597 liquet,
836 1569 965 1599 quantum
982 1564 1091 1591 fallatur
1108 1572 1189 1599 supra
1207 1569 1370 1592 memoratus
1382 1563 1501 1590 Joannes
1517 1560 1666 1595 Livinejus,
1695 1561 1745 1596 qui

131 1605 160 1633 in
178 1605 342 1634 Praefatione
358 1614 415 1634 suat
441 1607 573 1636 versionis
599 1606 703 1635 Latinas
728 1607 832 1643 Dialogi
863 1609 1008 1636 Andronici
1031 1613 1124 1636 contra
1139 1608 1258 1641 Iudaeos,
1289 1608 1362 1635 illum
1392 1615 1464 1634 anno
1482 1606 1582 1633 Christi
1599 1605 1666 1633 1527
1681 1612 1744 1632 esse

128 1649 308 1684 compositum
330 1651 439 1678 asserit.
456 1660 466 1677 ι
483 1651 570 1684 'Quem
587 1654 697 1679 secutus
718 1650 822 1679 fueram
841 1652 867 1679 in
881 1651 1065 1687 Supplementa
1091 1659 1152 1679 meo
1170 1651 1328 1678 Bellarmini
1339 1670 1347 1684 ,
1367 1651 1400 1677 ad
1418 1657 1517 1684 annum
1534 1649 1618 1681 1520,
1635 1656 1662 1682 p.
1686 1647 1748 1676 595.

128 1691 182 1720 Sed
196 1693 415 1729 hunwialogum
430 1694 583 1722 Andronico
596 1694 734 1723 Comneno
754 1696 908 1731 imperatori
924 1695 945 1722 ll
975 1702 1021 1723 seu
1037 1694 1142 1722 Juuiori
1159 1692 1326 1727 adscribens‘,
1347 1694 1393 1729 qui
1423 1700 1495 1720 anno
1521 1692 1590 1720 I527
1606 1692 1748 1726 imperium

112 1743 272 1765 'assecutus
286 1743 339 1766 est.
355 1731 466 1766 Minime
480 1745 586 1774 quoque
600 1739 749 1767 audiendus
764 1744 817 1773 est,
839 1739 986 1768 cardinalis
1003 1739 1136 1772 Sirletus,
1157 1739 1202 1773 qui
1217 1743 1245 1766 ut
1255 1738 1373 1766 Joannes
1388 1736 1528 1772 Livineius
1539 1735 1639 1763 ibidem
1654 1735 1748 1766 refert.

126 1788 268 1816 perperam
285 1782 401 1810 credidit
416 1788 555 1810 auctorem
571 1782 644 1811 illum
663 1783 779 1818 Dialogi,
795 1791 847 1811 non
860 1791 921 1812 esse
935 1784 1022 1820 ipsum
1033 1783 1214 1810 Andronicum
1229 1782 1401 1815 Cpmnettttm,
1417 1782 1464 1809 sed
1481 1789 1512 1808 eo
1525 1785 1628 1808 tantum
1638 1779 1750 1814 jubente

128 1833 197 1860 opus
211 1825 283 1853 istud
297 1826 331 1853 ab
346 1826 492 1861 Euthymio
509 1826 645 1862 Zigabeno
657 1827 742 1855 fuisse
756 1828 950 1862 compositum.
976 1826 1054 1860 Quod
1067 1827 1140 1854 enim
1157 1826 1214 1861 ipse
1237 1825 1412 1853 Andronicus
1427 1824 1570 1858 Dialogum
1586 1824 1666 1851 istum
1684 1830 1749 1857 pro-

82 1866 93 1875 ⁶
127 1870 188 1904 prio
205 1874 293 1897 marte
309 1871 514 1908 composuerit,
533 1870 688 1898 luculenter
703 1876 815 1906 apparet
838 1879 871 1899 ex
891 1870 1059 1898 carminibus
1085 1877 1166 1904 supra
1191 1869 1322 1897 exhibitis
1335 1889 1342 1902 ,
1368 1869 1413 1902 qui
1431 1868 1456 1895 ei
1480 1867 1550 1894 tituli
1567 1867 1626 1894 loco
1645 1865 1748 1901 pra-ﬁxi

87 1929 99 1936 ο
129 1917 213 1941 sunt:
233 1914 304 1942 sicut
318 1918 346 1941 et
363 1921 396 1941 ex
412 1913 516 1941 Nicetis:
532 1914 672 1942 Choniata:
689 1915 845 1943 testimonio
860 1915 954 1948 allato,
970 1915 1003 1942 de
1019 1913 1166 1941 Andronici
1178 1913 1298 1948 ejusdem
1315 1912 1416 1940 eximia
1433 1910 1600 1945 eruditione,
1616 1910 1748 1945 singulari

126 1958 298 1993 eloquentia,
315 1963 343 1986 et
361 1959 496 1994 exquisita
513 1967 598 1987 sacrae
613 1959 762 1994 Scriptum
777 1959 886 1987 notitia.
911 1959 1007 1986 Exstat
1021 1964 1129 1992 quoque
1143 1956 1238 1985 Graece
1264 1964 1316 1984 ms.
1334 1956 1360 1983 in
1376 1956 1545 1984 Bibliotheca
1575 1953 1748 1982 Serenissimi

127 2001 247 2029 Bavariaa
264 2002 355 2036 Ducis,
373 2003 465 2030 codice
481 2003 544 2036 128,
563 2008 592 2030 ut
605 2007 680 2038 patet
695 2010 727 2031 ex
745 2003 803 2037 ejus
818 2003 951 2038 catalogo,
966 2001 1003 2029 ad
1020 2001 1121 2029 calcent
1139 2000 1204 2028 tomi
1228 1999 1251 2027 ll
1267 1994 1419 2034 Apparatus
1435 2000 1505 2026 sacri
1519 1999 1629 2027 Antonii
1650 1997 1749 2025 Posse-

126 2046 194 2073 vini.
213 2046 396 2074 Andronicum
410 2041 580 2074 Gamaterum
597 2051 736 2074 auctorem
750 2047 850 2075 habere
865 2047 1008 2074 videntur:
1024 2045 1152 2079 Dialogus
1173 2045 1302 2072 adversus
1316 2043 1428 2070 Latinos
1453 2043 1485 2071 de
1499 2043 1665 2075 processione
1684 2042 1748 2075 Spi-

54 2094 80 2124 '_
127 2091 196 2118 ritus
211 2093 307 2126 sancti,
327 2095 354 2119 et
370 2091 522 2125 Disputatio
538 2091 703 2126 imperatoris
718 2099 776 2118 tum
791 2091 896 2118 doctore
918 2091 1103 2118 Armeniorum
1119 2089 1211 2121 Petro,
1228 2089 1266 2116 De
1285 2089 1391 2116 duabus
1414 2090 1442 2116 in
1470 2088 1575 2116 Christo
1591 2088 1706 2119 naturis,
1722 2091 1747 2113 et

125 2135 184 2162 aliis
197 2123 337 2168 capitibus.
357 2134 410 2162 Sed
419 2123 476 2162 non
491 2123 651 2168 Opnsculum
665 2139 757 2162 contra
771 2134 900 2162 Joannem
921 2134 1033 2162 Veccum
1056 2133 1233 2169 patriarcltam
1246 2132 1567 2167 Constantinopolitamtm
1579 2151 1586 2164 ,
1604 2139 1665 2166 qua:
1681 2137 1747 2158 mss.

129 2182 304 2205 asservantur
321 2178 347 2205 in
374 2179 467 2205 eadem
495 2178 626 2206 Bavarica
648 2178 815 2206 Bibliotheca
830 2198 838 2211 ,
860 2179 954 2207 codice
971 2179 1022 2206 120
1035 2198 1043 2211 ,
1070 2182 1138 2205 teste
1162 2177 1256 2205 eodem
1277 2176 1446 2209 Possevino,
1466 2177 1493 2204 in
1510 2176 1640 2211 Catalogo
1667 2176 1746 2203 istius

126 2222 313 2260 Bibliotheca,
330 2229 390 2256 pag.
410 2221 453 2249 62.
469 2222 589 2257 Denique
603 2222 752 2250 notandum
768 2227 811 2250 est
827 2223 853 2250 in
869 2230 951 2259 supra
966 2227 1117 2250 memorata
1139 2221 1245 2257 Dialogi
1262 2222 1380 2249 editione
1395 2221 1492 2249 Latina
1511 2222 1628 2249 Livineii
1644 2225 1670 2248 et
1685 2220 1746 2260 Ste-

125 2257 381 2300 vartii,‘Dialogum
397 2265 470 2292 illum
488 2274 547 2294 esse
563 2265 681 2294 divisum
714 2266 740 2294 in
757 2266 791 2295 64
803 2257 911 2301 capita;
932 2267 1033 2295 nullum
1049 2271 1140 2294 autem
1166 2266 1193 2292 in
1214 2266 1307 2294 codice
1327 2266 1378 2293 hoc
1401 2266 1586 2300 manuscripto
1610 2257 1746 2296 Caesareo.

125 2310 203 2337 istius
220 2302 360 2338 divisitidis
372 2315 480 2339 exstare
494 2311 647 2346 vestigium.
660 2311 723 2339 Haec
741 2311 775 2339 de
790 2318 823 2339 eo
839 2311 1000 2338 Lambecius
1031 2311 1102 2338 libro
1116 2318 1132 2337 v
1144 2309 1406 2338 Commentariorum
1430 2309 1602 2336 Bibliotheca:
1617 2308 1748 2336 Caesones

127 2352 359 2387 Vindobonensis,
377 2361 403 2388 p.
419 2353 468 2382 t69
486 2358 512 2382 et
528 2354 595 2387 170,
609 2355 675 2382 etin
690 2353 819 2389 Catalogo
837 2354 999 2390 scriptorum
1027 2354 1108 2389 hujus
1136 2354 1200 2381 tomi
1212 2374 1220 2388 ,
1247 2360 1307 2389 pag.
1324 2353 1376 2380 505
1388 2358 1416 2380 et
1429 2352 1490 2380 565.
1506 2352 1637 2380 Henricus
1650 2350 1749 2379 Whar-

125 2401 170 2424 ton
186 2397 215 2424 in
234 2397 430 2432 Supplementa
457 2398 587 2425 Historia:
608 2398 745 2426 litterariae
775 2397 910 2426 Guillelmi
932 2398 1014 2430 Cavi,
1033 2398 1078 2425 ubi
1097 2405 1156 2433 pag.
1172 2397 1208 2424 21
1220 2418 1227 2430 ,
1254 2398 1324 2424 hunc
1343 2396 1529 2424 Andronicum
1555 2395 1747 2424 Constantium

89 2436 94 2440 ’
124 2440 272 2474 politanum
288 2439 372 2468 refert
385 2441 418 2468 ad
431 2449 529 2468 annum
544 2441 613 2468 1527
630 2448 690 2468 cum
708 2440 841 2469 Livineio.
858 2440 954 2470 Omnia
970 2437 1059 2469 autem
1075 2442 1132 2470 hiec
1149 2441 1282 2476 Opuscula
1296 2441 1408 2468 ascribit
1426 2440 1581 2468 Andronico
1603 2440 1747 2468 Camatero

124 2483 429 2520 Constantinopolitanae
442 2485 516 2513 urbis
529 2484 657 2519 prafeclo
675 2484 834 2512 Guillelmus
855 2484 944 2513 Cavus
960 2485 986 2512 in
1005 2485 1125 2513 Historia
1141 2486 1177 2512 rei
1199 2485 1347 2518 litterariis,
1365 2489 1440 2519 parte
1459 2493 1478 2517 ι,
1498 2485 1531 2511 ad
1547 2492 1646 2512 annum
1663 2482 1743 2515 H56,

74 2558 79 2562 ,
126 2535 186 2564 pag.
204 2528 276 2562 676;
292 2533 320 2556 et
334 2533 410 2563 parte
427 2537 446 2556 n
465 2528 593 2556 Historiae
607 2529 748 2556 litterario:
772 2527 806 2555 ad
833 2535 932 2555 animm
947 2528 1034 2563 1185,
1054 2537 1116 2564 pag.
1133 2529 1199 2561 597,
1223 2527 1276 2555 598
1289 2547 1297 2561 ,
1312 2535 1373 2563 quae
1386 2529 1430 2556 vix
1455 2528 1595 2556 conciliari
1633 2530 1748 2563 possunt

126 2578 187 2600 eum
205 2572 239 2601 iis
253 2580 313 2609 quae
328 2573 425 2602 scribit
442 2573 501 2608 ejus
517 2574 693 2602 continuator
707 2572 842 2600 Warthon
856 2571 891 2599 ad
905 2579 1006 2600 annum
1023 2573 1103 2607 l5‘t7,
1119 2580 1182 2609 pag.
1201 2572 1248 2600 21.
