1955 3080
171 135 223 167 799

776 136 993 168 ANDRONICI
1014 135 1186 166 COMNENI

1723 123 1814 165 .800

172 183 282 225 gionem
304 196 518 228 propugnarent,
532 200 587 220 non
608 191 645 220 illi
667 192 774 228 quidem
794 201 859 220 vera
881 193 963 220 divini
979 193 1004 223 Α
1051 192 1113 221 .lno.
1128 192 1185 220 Hoc
1200 191 1248 220 tibi
1264 191 1344 219 etiam
1358 195 1441 226 atque
1452 191 1533 219 etiam
1548 189 1753 222 conﬁrmamus,
1770 191 1812 217 ita

174 239 291 273 Spiritus
311 238 369 265 luCe
391 242 418 265 et
440 238 586 271 instinctu;
607 239 654 266 sed
675 238 721 273 qui
742 239 857 273 pingue,
875 243 905 266 ut
924 237 964 265 sic

173 285 338 316 dixerim,ot
354 283 542 311 obumbratum
563 292 700 311 sacrarutn
722 284 884 312 Litterarum
905 288 965 311 stu-

173 331 247 357 dium
272 330 420 364 agitarent,
437 337 486 356 uec
503 329 652 364 suspicere,
667 330 746 364 proni
764 329 846 364 inque
864 333 963 356 terram

177 375 270 408 deﬁxi,
283 380 405 409 possent.
423 375 487 407 Eos,
504 376 627 410 inquam,
644 383 704 403 cum
722 375 905 407 offendissem,
918 375 964 410 qui

173 421 297 448 audirent
318 421 423 455 quidem
456 429 516 456 quae
536 426 652 456 oportet,
686 421 731 449 sed
752 421 890 448 eﬁ'utirent
905 428 965 456 qua:

174 474 227 493 non
250 471 373 501 oportet,
388 474 440 494 non
459 467 493 493 ita
511 467 625 494 docente
641 474 688 494 eos
704 467 764 500 lege
782 467 899 501 (apage),
918 466 966 494 sed

175 512 221 543 qui
246 512 332 546 legem
354 519 451 547 capere
473 513 630 546 nequirent;
653 512 768 547 (scilicet
787 512 863 547 quasi
885 512 967 539 lumi-

176 564 239 583 num
263 557 388 591 princeps
411 556 479 591 sol,)
504 563 564 583 cum
588 556 634 583 hic
658 557 839 591 progreditur,
855 561 882 584 et
906 556 966 584 aliis

176 602 314 636 praelucet.
331 606 385 629 tum
407 601 611 629 «mentientibus
634 609 710 637 aeque
730 602 820 630 radios
840 610 894 630 non
916 602 966 629 im-

177 647 275 678 mittit;
295 647 387 674 itidem
405 655 471 674 sane
487 652 513 674 et
530 646 595 682 legis
612 646 754 675 diﬁictﬂtas
772 647 814 680 iis,
829 648 873 682 qui
892 648 966 682 inge-

178 697 225 720 nto
242 699 304 720 sunt
319 699 448 728 purgato,
465 693 576 721 evidens
593 702 624 721 ac
640 695 784 729 perspicua
802 699 860 728 est;
880 694 966 729 torpi-

178 739 219 766 dis
235 739 325 766 nubila
344 745 423 774 atque
443 740 562 767 turbida.
575 739 642 766 Nam
662 740 740 773 legis,
754 741 793 768 uti
813 740 900 768 Moses
917 748 966 775 ap-

179 785 272 819 pellat,
288 785 410 812 velamen
421 785 442 817 ',
459 793 512 813 non
535 785 561 813 in
583 786 743 821 scriptione,
759 787 806 814 sed
826 786 966 814 hominum

180 836 282 863 mente,
301 832 435 867 hodieque
452 837 553 859 manet.
572 833 636 860 Eam
654 841 714 860 cum
732 833 895 868 imperitiam
917 833 966 860 ad-

180 877 337 910 vertissem,
350 882 381 904 ut
395 879 519 913 egregius
535 878 645 913 quidam
663 886 757 911 senex,
772 879 874 906 oblitus
890 886 970 906 sene-

134 922 144 933 ⁶
180 923 273 956 etatis,
290 923 324 951 ad
340 923 437 951 laetam
454 931 514 951 cum
525 924 743 952 adolescentibus
755 924 971 961 ineundampro-

180 970 251 1003 silit;
276 970 312 997 ita
332 970 468 1005 equidem,
483 970 635 998 timiditatis
651 977 758 1005 quoque
775 971 903 998 amolitus
920 979 971 999 no-

182 1020 248 1047 tam,
267 1015 327 1043 dedi
351 1023 461 1051 operam
496 1020 524 1043 ut
547 1021 724 1051 utrorumque
747 1016 972 1052 interrogationes

184 1068 216 1088 ac
235 1062 432 1103 responsiones
458 1062 640 1090 monumentis
666 1062 824 1089 mandarem
850 1071 857 1089 :
883 1067 973 1098 potest

182 1109 253 1136 enim
270 1108 376 1136 animus
393 1115 516 1143 magnus,
534 1108 579 1135 Dei
599 1108 717 1135 studiunt
738 1108 971 1143 proﬁtens,'etiam

184 1162 244 1188 qua:
262 1161 342 1188 supra
361 1155 432 1182 vires
448 1160 512 1182 sunt
530 1158 645 1182 tentare.
658 1154 753 1189 itaque
775 1155 845 1182 nuda
869 1155 894 1182 in
917 1155 973 1190 pri-

185 1200 237 1226 mis
253 1199 497 1234 interrogationum
512 1206 544 1228 ae
558 1201 766 1235 responsionum
782 1200 861 1228 verba
877 1208 974 1236 propo~

184 1250 295 1272 nanlur.

222 1290 416 1319 CHRISTIANUS.
434 1291 502 1324 Quid
527 1295 585 1324 est,
603 1291 673 1326 quod
698 1299 761 1324 vos,
778 1292 823 1327 qui
848 1292 974 1321 Mosaicae

185 1336 254 1371 legio
275 1337 360 1364 zelum
384 1337 500 1370 habetis,
518 1338 564 1365 sed
583 1345 635 1365 non
653 1338 802 1366 secundum
820 1339 972 1374 scientiam,

186 1383 219 1409 ad
235 1390 278 1410 me
292 1383 373 1410 hodie
387 1383 570 1411 convenistis?

221 1427 320 1457 luam.
339 1428 394 1457 Nos
415 1430 569 1462 enimvero,
590 1429 739 1462 intellecto,
757 1430 973 1458 Christianarum

187 1479 213 1500 te
235 1475 360 1501 aemulum
386 1483 496 1506 rerum.
514 1475 632 1503 Mosaica
657 1480 846 1510 contemnere,
864 1484 972 1510 coram;
1004 1472 1007 1474 ’
1273 1472 1311 1495 νε
1328 1472 1380 1495 "eo
1394 1475 1447 1493 “"0
1460 1472 1483 1493 εί
1500 1472 1579 1494 ινίνιο-
1769 1502 1775 1507 _

991 1527 1012 1556 α
1066 1521 1179 1548 Cuntsr.
1197 1518 1253 1545 llac
1266 1517 1401 1549 doctrina,
1416 1523 1432 1543 ο
1445 1514 1527 1542 Judaei
1544 1513 1593 1549 (6),
1609 1517 1692 1539 totum
1711 1510 1817 1539 theolo-

186 1528 246 1555 quae
263 1521 429 1555 dicerentur,
444 1522 563 1549 audituri
579 1522 711 1549 venimus.

223 1566 335 1594 Camer.
353 1566 399 1593 Dei
418 1567 526 1602 quidem
544 1572 688 1602 prazeepta,
704 1568 816 1602 ejusque
834 1575 882 1603 pro
900 1567 977 1595 nohis

188 1612 348 1640 mortalibus
369 1613 515 1640 salutarem
538 1613 754 1640 incarnationem
779 1614 847 1641 tueri
868 1618 895 1641 et
914 1621 978 1649 pro-

188 1659 276 1686 fessus
302 1666 378 1690 sum,
397 1663 422 1687 et
447 1659 591 1694 proﬁteor,
608 1663 635 1686 et
660 1659 692 1686 ad
716 1664 867 1687 extremum
892 1667 978 1694 usque

190 1705 314 1740 spiritum
331 1705 487 1740 proﬁtebor.
500 1706 634 1732 Caeterum
648 1705 791 1733 Mosaicam
810 1705 906 1740 legem,
919 1713 979 1738 quae

189 1755 231 1776 est
257 1750 331 1776 velut
359 1750 454 1777 umbra
485 1754 513 1777 et
539 1750 625 1784 ﬁgura
652 1755 751 1777 nostra:
778 1751 872 1778 salutis
899 1755 979 1783 atque

191 1793 403 1829 instaurationis,
418 1795 485 1823 adeo
501 1802 552 1823 non
568 1801 721 1829 contemno,
736 1800 764 1823 ut
778 1796 860 1823 etiam
892 1796 978 1824 colam

189 1844 214 1866 et
230 1840 388 1874 amplectar.

224 1885 286 1914 Jun.
302 1887 336 1913 At
349 1887 371 1913 si
388 1886 532 1914 Mosaicam
550 1887 638 1922 legem
655 1887 837 1922 amplecteris,
850 1895 936 1923 neque
948 1896 979 1915 ea

192 1932 243 1958 tibi
260 1933 393 1959 sententia
409 1932 487 1959 labiis
504 1933 583 1960 modo
599 1940 725 1966 expressa
740 1937 772 1960 ac'
785 1933 900 1960 formata
914 1934 980 1962 falso

156 1990 158 1992 ι
192 1976 309 2007 excidit,
327 1977 503 2010 quamobrem
527 1984 593 2009 nos,
612 1977 663 2010 qui
682 1983 740 2004 eam
765 1984 979 2012 propugnamus,

191 2022 337 2049 violatores
356 2022 423 2057 legis
438 2022 554 2049 ducitis?

226 2068 337 2095 Curusr.
354 2068 381 2095 Si
398 2068 505 2102 quidem
523 2068 607 2101 frugis
625 2068 712 2103 gratia
730 2068 895 2102 qureStiones
914 2076 975 2096 mo-

191 2113 271 2145 velis,
287 2121 318 2140 ac
335 2113 468 2147 satagitis,
483 2113 528 2148 qui
546 2113 694 2147 iniquiores
711 2118 802 2147 partes
815 2113 981 2148 aequioribus

190 2159 366 2191 submittatis,
382 2160 518 2194 expediet,
533 2160 641 2194 opinor,
657 2159 786 2194 principis
813 2167 904 2186 rerum
934 2166 980 2186 sa-

193 2205 302 2240 pientize
319 2205 345 2232 in
364 2213 507 2233 commune
526 2206 645 2233 rationes
661 2205 809 2240 inquirere,
823 2213 980 2240 spem‘cer-
995 2198 1017 2226 Ῐ)

192 2250 323 2278 tissimam
348 2251 374 2277 in
397 2250 509 2284 iustitia:
533 2255 613 2285 atque
637 2251 722 2285 ipsius
745 2251 866 2284 veritatis
889 2250 980 2278 stabili

193 2296 292 2322 trutina
311 2296 484 2324 collocantes.
504 2296 551 2324 Sin
571 2296 753 2323 couteudendi
774 2303 856 2323 causa
883 2296 978 2324 dicen-

196 2342 276 2376 dique
296 2343 478 2370 ostentatione
496 2343 661 2377 colloquium
684 2342 795 2377 urgetis,
811 2342 850 2369 sic
872 2342 979 2375 habete,

194 2385 312 2413 Ecclesia
332 2390 455 2414 nostrate
476 2387 565 2420 censi,
585 2387 655 2414 haud
677 2395 706 2414 se
730 2387 925 2414 consuetudine
946 2395 977 2414 ca

193 2432 365 2459 venditant“.
383 2432 520 2467 Siquidem
540 2436 640 2459 nostrze
657 2431 835 2467 prochSiouis
852 2433 889 2459 ait
903 2433 980 2467 quis-

193 2478 264 2511 piam
283 2478 321 2513 (5)
342 2486 350 2507 :
369 2478 414 2513 qui
432 2479 460 2505 in
475 2478 658 2513 disputatione
678 2478 799 2506 stabilire
816 2480 978 2506 sententiam

193 2531 270 2551 suam
287 2529 403 2560 pugnat,
421 2524 569 2561 quamlibet
583 2533 647 2553 vera
663 2525 746 2557 dicat,
772 2525 871 2553 diaboli
889 2525 983 2553 morbo

193 2569 310 2598 laborat.
838 2597 841 2600 ,

228 2639 273 2675 ‘fll
286 2641 346 2668 Cor.
361 2649 402 2673 ιιι,
416 2641 463 2674 ίτὸζς
480 2641 563 2668 Exod.
577 2648 669 2672 xxxiv,
680 2641 725 2668 55.
762 2640 772 2656 ⁸
785 2640 795 2668 l
809 2640 872 2668 Cor.
884 2649 922 2675 ιιι,
936 2642 980 2670 16.

196 2673 217 2688 ’⁸
234 2674 435 2710 Psal.xvu,12.

232 2752 269 2788 (Pi)
284 2753 411 2781 Nazianz.
426 2759 498 2781 orat.
511 2754 530 2780 ﬁ
547 2754 584 2780 De
598 2754 714 2788 theolog.

234 2787 270 2821 (6)
288 2788 408 2815 Pessima
426 2792 513 2815 tamen
533 2790 589 2816 haec
608 2789 765 2816 tuethodus.
782 2795 841 2821 qum
858 2796 872 2814 a
889 2788 981 2815 Trini—

198 2823 252 2846 tate
263 2822 380 2860 _incipit_;
397 2823 494 2860 quippe
512 2830 571 2848 cum
586 2822 705 2850 Trinitas
720 2823 855 2850 diﬁicilius
871 2824 981 2860 probari

200 2856 283 2888 possit
299 2875 306 2887 ,
322 2861 347 2883 et
361 2857 387 2883 in
405 2856 501 2885 Mcssia
515 2862 637 2884 versatur
650 2861 721 2885 totus
736 2859 981 2887 controversiarum

1016 2643 1114 2670 'Joan.
1127 2650 1181 2675 xlv,
1194 2642 1220 2669 6.

1017 247 1067 267 nos
1090 240 1160 266 Deus
1182 238 1266 266 Israel
1289 238 1423 273 gloriosus
1444 241 1533 271 amet;
1558 244 1607 264 nos
1631 243 1810 270 nequaquam

1016 284 1082 312 rixa:
1106 292 1138 312 ac
1161 283 1341 312 eontendendi
1365 283 1454 311 studio
1475 283 1530 310 huc
1553 282 1672 314 venisse,
1690 281 1736 309 sed
1761 281 1812 316 qui

1016 330 1158 358 veritatem
1182 330 1327 361 illustrem.
1346 329 1460 364 ejusque
1480 328 1739 356 demonstrationem
1763 327 1812 354 in-

1017 381 1073 404 star
1089 377 1140 404 vite
1153 377 1233 411 regite
1249 377 1340 403 tritam
1357 382 1527 410 cuperemus,
1541 382 1589 410 per
1603 381 1685 409 quam
1700 373 1813 401 deducti

1015 423 1048 449 ad
1064 422 1150 450 lucem
1162 422 1280 450 etelestis
1294 422 1356 449 vitae
1371 420 1491 448 hatredes
1505 420 1643 448 ﬁeremus.

1050 468 1162 495 Cuntsr.
1176 468 1252 495 Meus
1267 475 1344 495 amor
1356 467 1435 495 Iesus
1447 467 1473 493 in
1490 466 1634 501 Evangelio
1649 466 1687 493 ait
1700 474 1706 492 :
1725 474 1734 491 ι
1753 464 1814 499 Ego

1016 522 1075 543 sum
1096 514 1151 545 lux,
1165 518 1195 541 ct‘
1208 514 1320 547 veritas,
1334 517 1362 540 et
1378 513 1437 539 vita
1450 513 1472 540 ".
1492 521 1501 538 ι
1526 511 1589 539 Haec
1606 511 1626 539 si
1645 512 1751 538 animus
1768 515 1814 537 est.

1016 568 1079 588 vere
1091 561 1158 588 bona
1173 559 1294 593 adipisci,
1309 559 1459 587 accumbite
1470 563 1497 586 et
1510 565 1602 585 aurem
1620 558 1748 592 praebete.

1054 607 1190 639 Duorum,
1207 605 1309 638 Judaei,
1330 613 1345 632 a
1372 605 1451 633 nobis
1476 604 1638 632 Christianis
1663 603 1812 630 criminum

1021 651 1163 687 postulati,
1179 657 1269 678 utrum
1281 651 1382 687 jubetis
1396 651 1473 678 vobis
1487 651 1519 677 ad
1531 649 1664 685 judicium
1679 648 1815 683 proponi?

1019 697 1132 733 Legisne
1150 696 1321 724 violatioucm
1343 704 1404 724 cum
1427 703 1493 724 nece
1513 696 1707 731 prophetarum
1729 699 1814 728 atque

1019 743 1216 770 insectatione?
1228 750 1262 770 an
1278 742 1349 770 lucis
1368 742 1521 777 repudium,
1535 749 1567 768 ac
1583 748 1635 767 non
1652 740 1739 767 solum
1756 747 1812 766 non

1022 791 1159 821 receptura
1172 793 1234 812 eum
1248 785 1294 819 qui
1309 783 1518 819 praedicabatur,
1532 783 1578 811 Sed
1593 782 1692 815 injuste
1703 789 1717 808 a
1730 782 1811 809 vobis

1021 829 1216 863 interemptum
1227 827 1354 863 quoque?
1365 827 1416 854 etsi
1427 826 1545 860 majores
1553 826 1635 853 vestri
1646 833 1678 852 eo
1688 829 1813 851 mactau-

983 862 1004 890 Β
1023 869 1058 896 (10
1071 869 1206 903 negabant
1217 862 1268 894 sibi
1284 875 1294 892 ‹
1310 867 1390 894 licere
1404 866 1556 894 interﬁcere
1569 872 1745 900 quemquam.
1763 873 1772 889 ι

1057 909 1117 937 Jun.
1133 910 1266 942 Quoniam
1281 909 1395 935 alterum
1410 914 1451 936 est
1463 913 1543 942 caput
1556 907 1636 941 Legis
1647 911 1673 933 et
1686 906 1814 940 Prophe—

1024 954 1247 984 tarum,propera
1256 949 1396 976 veritatem
1408 950 1477 975 hanc
1485 948 1520 975 ob
1528 946 1624 974 oculos
1632 946 1813 973 constituere.

1022 989 1091 1016 Nam
1106 990 1128 1016 si
1142 989 1194 1016 hoc
1205 989 1420 1021 demoustrabis,
1431 989 1458 1016 in
1468 993 1583 1022 utroque
1596 994 1656 1014 reos
1668 993 1719 1012 nos
1729 985 1815 1012 dede-

1024 1037 1102 1062 mus;
1124 1035 1229 1057 tantum
1245 1030 1302 1057 haec
1315 1029 1440 1064 probatio
1456 1037 1509 1056 non
1527 1032 1634 1063 petatur
1651 1034 1685 1054 cx
1699 1026 1816 1058 vestris,

1026 1069 1073 1096 sed
1090 1077 1123 1096 ex
1138 1071 1240 1097 nostris
1258 1070 1407 1105 prophetis.

1061 1112 1173 1139 Cuntsr.
1186 1112 1263 1145 Quod
1280 1112 1302 1139 si
1317 1119 1349 1139 ex
1366 1111 1530 1146 propheticis
1544 1109 1766 1145 prmdictiOuibus
1784 1108 1816 1135 ﬁ-

1010 1153 1086 1181 'dem
1104 1152 1214 1186 iaciant,
1226 1153 1322 1187 ecquid
1336 1159 1382 1179 vos
1395 1158 1502 1179 errasse
1516 1150 1688 1177 fatebimini?

1061 1193 1121 1220 Jun.
1135 1186 1349 1220 Maxime.l’rius
1359 1198 1447 1219 talnen
1458 1193 1614 1225 scrupulum
1625 1198 1706 1217 uumn
1717 1186 1749 1216 ex
1759 1189 1816 1216 ani-

1027 1234 1079 1260 mis
1090 1233 1190 1260 nostris
1199 1233 1347 1268 (rogamus)
1356 1233 1446 1259 exime
1458 1241 1464 1259 :
1477 1231 1527 1264 Qui
1541 1239 1555 1257 a
1566 1231 1641 1257 vobis
1652 1229 1816 1257 Christianis

1030 1279 1084 1301 tres
1096 1273 1132 1300 dii
1145 1273 1312 1299 ltonorentur
1322 1278 1348 1299 et
1360 1276 1507 1298 noscantur
1515 1271 1526 1298 τ
1535 1278 1595 1298 cum
1608 1270 1633 1296 id
1645 1269 1687 1295 lex
1697 1268 1815 1296 Mosaica

1029 1321 1081 1340 non
1094 1313 1242 1347 permittat;
1255 1311 1318 1345 quin
1330 1316 1356 1338 et
1372 1311 1473 1345 liquido
1484 1311 1601 1338 clamet:
1615 1318 1623 1334 ι
1633 1308 1687 1342 Ego
1697 1315 1756 1334 sum
1768 1309 1817 1342 qui

1028 1352 1122 1380 sum".
1139 1361 1147 1378 ι
1163 1352 1202 1378 Ae
1214 1359 1320 1378 rursum
1333 1359 1340 1377 :
1356 1360 1365 1376 ι
1380 1350 1438 1377 Non
1450 1350 1574 1377 adorabis
1586 1349 1667 1376 Deutn
1680 1347 1817 1381 alienum;

1031 1400 1081 1429 ego
1096 1393 1167 1420 enim
1184 1399 1242 1419 sum
1258 1391 1388 1418 Dominus
1403 1391 1473 1417 Deus
1490 1395 1563 1422 tuus,
1582 1390 1682 1418 zelotes
1695 1389 1726 1417 ⁸2
1744 1399 1754 1415 ι

1348 1431 1461 1459 CAPUT
1481 1431 1500 1458 l.

1273 1468 1311 1495 De
1328 1468 1380 1495 Deo
1394 1475 1447 1493 uno
1460 1472 1483 1493 et
1500 1467 1579 1494 trino.

1029 1567 1079 1603 giae
1106 1572 1234 1593 arcanum
1261 1563 1421 1591 absolvitur.
1447 1560 1500 1588 Sed
1526 1559 1664 1587 enimvero
1688 1556 1819 1584 Ecclesiae

1029 1617 1128 1640 nostra:
1154 1613 1290 1642 doctores,
1309 1614 1365 1636 tum
1391 1607 1491 1641 lingua,
1510 1611 1564 1632 tum
1588 1609 1678 1631 mente
1704 1604 1818 1630 horrere

1029 1663 1079 1683 nos
1094 1656 1202 1687 docent,
1219 1655 1241 1681 si
1259 1643 1370 1688 quando
1381 1651 1415 1678 de
1433 1650 1487 1679 Deo
1503 1649 1604 1684 aliquid
1620 1648 1695 1675 eﬁ‘ari
1712 1648 1816 1674 audea—

1030 1709 1102 1729 mus.
1120 1701 1186 1728 Nam
1209 1700 1259 1728 etsi
1281 1703 1453 1731 cunctorum,
1472 1703 1531 1731 quae
1553 1695 1602 1722 sub
1624 1696 1691 1722 coelo
1710 1700 1816 1726 creata,

1030 1747 1252 1783 augustissimum
1269 1746 1351 1773 homo
1368 1748 1425 1777 est;
1447 1748 1474 1770 at
1492 1743 1606 1771 nimium
1626 1749 1706 1776 quam
1728 1742 1821 1774 impar‘

1030 1798 1071 1822 est
1084 1794 1181 1821 divinat
1195 1793 1246 1820 luci
1260 1790 1484 1826 contemplandas.
1500 1788 1608 1816 Scilicet
1620 1793 1726 1813 terrena
1740 1794 1817 1817 caro,

1030 1841 1056 1868 in
1082 1841 1245 1874 humumque
1268 1838 1388 1869 devexa,
1405 1843 1466 1870 qua:
1493 1842 1541 1870 pro
1566 1833 1688 1860 materia:
1711 1831 1818 1863 studio,

1031 1886 1123 1914 mundi
1142 1893 1171 1913 se
1187 1883 1304 1919 negotiis
1322 1883 1432 1914 miscet,
1447 1886 1473 1908 et
1489 1880 1598 1908 assidue
1617 1879 1650 1905 iis
1664 1885 1724 1912 quae
1740 1878 1821 1904 dcor-

1031 1940 1090 1961 sum
1110 1935 1184 1964 sunt,
1198 1931 1351 1957 consuescit
1368 1935 1400 1955 ac
1419 1927 1580 1956 delectatur.
1595 1931 1665 1959 aegre
1687 1925 1713 1950 in
1734 1923 1820 1949 subli-

1031 1980 1115 2006 mium
1133 1985 1225 2005 curant
1243 1974 1374 2003 incumbit
1392 1983 1398 2001 :
1417 1977 1497 2007 atque
1515 1977 1543 1999 ut
1560 1972 1629 1998 inter
1648 1971 1774 1997 Hebraeos
1791 1974 1820 1996 ct

1031 2025 1175 2060 Egyptios
1195 2023 1280 2050 nubes
1302 2027 1430 2055 tanquam
1453 2026 1546 2046 murus
1568 2017 1766 2048 intercedebat,
1783 2016 1820 2042 ita

1032 2071 1160 2098 nimirum
1183 2075 1314 2102 corporea
1336 2067 1394 2094 haec
1415 2065 1502 2100 caligo
1524 2064 1595 2091 inter
1613 2063 1696 2089 Deum
1718 2069 1750 2088 ac
1770 2068 1820 2088 nos

1033 2117 1119 2143 media
1129 2109 1272 2142 interstat.
1288 2112 1353 2139 Eam
1368 2112 1403 2139 ob
1419 2118 1486 2142 rem,
1502 2110 1608 2144 opinor,
1624 2108 1705 2135 etiam
1724 2107 1819 2139 David,

1033 2169 1102 2190 unus
1117 2169 1132 2188 e
1147 2159 1294 2194 majoribus
1309 2157 1421 2190 Christi,
1437 2155 1541 2183 homini
1560 2153 1700 2189 prmeinuit
1715 2162 1721 2180 ε
1741 2161 1749 2177 ι
1770 2152 1822 2179 Po-

1033 2207 1086 2233 suit
1109 2205 1235 2232 teuebras
1257 2202 1395 2229 latibulum
1419 2207 1496 2227 suum
1507 2199 1540 2226 η.
1559 2209 1568 2225 ι
1596 2199 1737 2232 Stuporem
1759 2196 1822 2223 hinc

1034 2256 1155 2279 nostrum
1173 2249 1325 2282 declarans,
1342 2248 1376 2275 ob
1393 2254 1472 2281 quem
1494 2245 1572 2280 pauci
1589 2244 1645 2275 vix,
1661 2243 1702 2269 vel
1725 2250 1820 2276 parum
1834 2235 1837 2245 ’

1034 2297 1173 2333 superiora
1196 2295 1358 2329 suspiciunt.
1377 2293 1410 2320 Et
1428 2292 1539 2328 quinam
1564 2290 1619 2318 illi?
1641 2289 1746 2323 Quibus
1768 2296 1821 2315 non

1033 2350 1146 2377 corpora
1159 2340 1341 2368 maceratione
1354 2344 1456 2366 tantum
1472 2337 1626 2372 jejunioque
1639 2339 1762 2370 purgata,
1775 2333 1823 2360 sed

1034 2390 1099 2424 ipsa:
1112 2388 1178 2414 adeo
1192 2392 1296 2414 mentes
1307 2385 1347 2413 sic
1359 2389 1520 2418 comparatae
1532 2387 1604 2414 sunt,
1615 2386 1644 2408 ut
1655 2388 1716 2407 cum
1730 2379 1822 2406 divina

1035 2442 1141 2469 semper
1150 2433 1288 2461 voluntate
1297 2432 1446 2467 conjunctae
1457 2431 1518 2458 sint.
1530 2429 1568 2456 lta
1579 2428 1650 2456 enim
1663 2433 1772 2457 censeo,
1782 2425 1824 2452 di-

1035 2482 1097 2509 vina
1107 2488 1153 2508 eos
1162 2480 1221 2507 luce
1230 2480 1298 2506 aﬂici
1309 2478 1441 2510 vicissim,
1449 2477 1493 2511 qui
1503 2476 1530 2503 id
1539 2475 1611 2511 quod
1623 2476 1648 2501 in
1659 2474 1724 2508 ipsis
1734 2477 1774 2499 est
1784 2471 1823 2498 di-

1036 2527 1128 2553 vinum
1142 2526 1285 2561 (rationem
1295 2525 1355 2552 dico
1368 2529 1450 2558 atque
1461 2521 1590 2556 mentem)
1601 2520 1646 2547 Dei
1659 2519 1748 2547 studio
1760 2525 1822 2551 per-

1038 2571 1258 2607 misceul,efﬁgie
1268 2572 1302 2598 ad
1315 2570 1501 2606 primigcnium
1515 2567 1652 2602 exemplar
1664 2574 1692 2594 se
1704 2566 1820 2592 levante.

1258 2642 1269 2657 '
1294 2642 1376 2668 Exod.
1414 2648 1454 2674 ιιι,
1482 2640 1524 2666 Η.
1561 2639 1572 2655 ⁸
1592 2636 1676 2664 Exod.
1723 2642 1766 2666 xx,
1793 2633 1820 2661 5.

1031 2754 1125 2786 cardo,
1150 2755 1221 2780 ltunc
1243 2753 1358 2784 venisse,
1376 2751 1476 2778 ludatis
1496 2755 1559 2777 ante.
1572 2747 1671 2786 omnia
1696 2747 1814 2786 probam

1033 2789 1108 2817 dum.
1119 2782 1187 2816 inde
1202 2789 1234 2814 ad
1252 2782 1524 2815 ctetcra’tlhristianze
1541 2783 1680 2819 religionis
1693 2782 1820 2816 dogmata

1035 2823 1139 2852 facilius
1157 2823 1355 2859 progredimur.
1370 2821 1449 2848 Busa.
