1955 3080
171 100 224 131 8·ζξ3

785 96 999 127 ANDRONICI
1017 97 1187 128 COMNENI
1235 103 1237 106 '

1753 94 1810 126 8M

175 163 321 192 perennem
334 160 362 184 et
379 154 524 182 inﬁnitum.
544 153 640 182 'Credo
665 153 794 188 Spiritum
822 156 957 185 sanetum,
976 156 997 184 Α
1012 162 1072 189 qum
1096 162 1176 189 supra
1196 153 1279 182 caelos
1293 157 1365 186 sunt,
1380 153 1507 188 quamvis
1523 157 1618 182 natura
1639 153 1719 181 nobis
1735 160 1811 188 ιιι-ιω

175 212 229 231 non
251 203 373 238 genitum
404 202 450 228 sed
476 200 665 235 procedentem
691 207 724 228 ex
742 199 830 233 Patre,
846 199 963 226 consub-

175 249 340 280 stantialem,
359 252 533 278 coaeternum,
547 250 573 273 et
595 247 757 274 immensum
771 254 778 278 ;
794 252 855 272 cum
880 244 962 272 Patre

182 301 209 323 et
223 294 292 322 Filio
308 302 361 322 una
376 294 540 321 adorandum
557 297 584 320 et
597 293 814 320 collaudandum.

213 342 250 367 Ac
267 341 300 367 de
325 339 450 374 principii
478 343 588 373 experte
612 339 676 370 Deo,
698 342 726 364 et
747 337 826 364 Patre
842 336 892 372 (9),
911 343 964 364 non

179 387 265 415 solum
281 395 339 419 vos,
361 391 440 420 atque
457 393 536 413 omne
553 385 693 413 hominum
711 391 797 419 genus
812 385 836 410 in
857 389 966 410 senten-

180 435 244 461 tiam
256 433 315 466 ibit,
328 434 374 460 sed
391 433 447 466 ipsa
464 433 543 458 etiam
559 436 704 462 natura,ac
719 435 821 458 natura:
837 430 965 464 magistra

179 479 307 512 lequuo
320 479 390 505 enim
406 479 486 505 modo
503 482 550 504 aut
563 477 712 504 exstitisset
726 476 783 503 hinc
799 483 889 503 rerum
908 475 964 503 uni-

179 525 304 556 versitas,
323 528 371 550 aut
399 527 546 552 constaret,
569 521 620 548 nisi
643 521 733 548 omnia
754 520 824 547 Deus
845 525 873 547 et
901 527 965 555 pro-

180 571 317 602 duxisset,
341 575 368 597 et
390 569 533 596 tueretur?
556 567 649 602 Neque
673 568 746 595 enirn
768 567 814 602 qui
835 567 966 594 citharam

179 615 360 648 pulcherrime
378 614 546 645 instructam,
563 618 591 639 et
607 612 780 647 undiquaque
797 612 967 647 aptissimam

179 660 266 686 cernit
281 664 326 685 aut
342 658 522 686 eilharmdum
536 657 623 689 autlit,
638 657 710 684 aliud
725 657 889 691 cogitatione
901 663 965 683 ver-

179 705 261 737 sabit,
276 712 358 738 quam
376 703 487 730 citharae
503 707 653 735 auctorem,
675 710 705 729 ac
719 702 899 729 citharoedum
912 709 920 733 ;
935 701 968 728 ad

179 757 312 784 euntque,
337 748 386 776 etsi
411 749 528 775 nondutn
553 747 640 776 oculis
667 750 861 782 conspectum,
880 750 969 774 mente

179 795 308 822 avolabit.

493 849 606 877 CAPUT
626 849 658 876 ll.

315 905 468 932 Animantia
487 910 630 940 agnoscunt
643 907 722 932 etiam
736 905 830 932 Deum.

217 973 269 1000 Sed
281 973 344 1007 quid
357 978 447 1001 autem
461 973 603 1005 mortales,
615 978 641 1000 et
655 972 811 1000 universum
830 972 970 999 liocomne

181 1018 330 1046 recenseo?
349 1018 456 1052 quando
471 1018 534 1052 ipsae
551 1018 632 1044 etiam
653 1023 796 1046 terrestres
809 1017 872 1046 ferae
892 1018 972 1052 opili-

182 1071 239 1091 cetn
263 1068 423 1099 agnoscunt,
443 1068 470 1091 et
490 1063 550 1098 ejus
568 1068 698 1098 perpetuo
714 1063 836 1098 indigent
854 1063 971 1090 admini-

183 1110 254 1143 culo,
271 1111 308 1136 ita
325 1110 396 1137 enirn
414 1114 440 1137 et
468 1109 501 1137 de
525 1110 576 1137 hoc
598 1109 693 1137 scribit
717 1109 824 1136 David:
851 1118 861 1134 ‹
882 1108 970 1136 Catuli

183 1157 289 1185 leontnn
302 1157 449 1191 rugientes,
461 1160 489 1182 ut
502 1156 609 1190 rapiant
620 1161 647 1183 et
657 1159 779 1190 quaerant
793 1164 807 1182 a
819 1156 872 1182 Deo
883 1162 971 1182 eseam

184 1203 234 1231 sibi
243 1203 277 1229 ’°.
291 1212 301 1228 ι
319 1202 352 1228 Et
372 1202 442 1229 idem
463 1202 525 1229 alibi
542 1211 549 1229 :
570 1211 578 1228 t
597 1202 647 1235 Qui
672 1202 717 1229 dat
737 1202 867 1237 jumentis
884 1208 972 1229 escam

186 1249 324 1282 ipsorum;
342 1239 368 1274 et
382 1248 463 1282 pullis
486 1255 629 1274 corvorum
647 1246 834 1274 invocantibus
852 1247 970 1274 cumam

185 1293 255 1325 Quid
279 1290 358 1327 igitur
384 1293 417 1320 de
441 1292 495 1319 Deo
518 1296 544 1319 et
568 1291 648 1319 Patre
675 1292 734 1319 haec
757 1290 912 1319 sufﬁciunt?
931 1292 972 1318 An

186 1339 294 1373 ingenio
311 1339 376 1366 estis
390 1339 471 1366 etiam
485 1338 580 1366 bardis
593 1338 686 1366 bestiis
704 1338 852 1366 bardiore?

489 1404 603 1432 CAPUT
623 1403 667 1430 Ill.

443 1460 510 1487 Deus
527 1459 609 1487 Pater
624 1459 722 1495 genuit.

221 1517 281 1546 Jun.
308 1516 379 1544 Nihil
394 1516 439 1543 hic
453 1516 624 1552 ambigimus,
649 1516 696 1544 sed
711 1515 869 1551 genueritne
893 1514 973 1549 Deus,
988 1512 1009 1540 (Ζ

189 1565 352 1591 dubitamus.

226 1610 340 1637 Cuatsr.
367 1608 489 1641 Utinam,
518 1608 614 1641 Judtei,
641 1609 722 1643 hujus
747 1608 830 1636 vestri
855 1609 974 1644 serupnli

189 1662 280 1686 causa,
298 1653 376 1680 hodie
400 1653 425 1679 in
443 1653 513 1680 rivis
530 1658 601 1680 esset
617 1652 731 1688 Moyses.
751 1652 799 1680 Vix
820 1653 903 1686 enim,
915 1654 974 1688 opis

188 1707 249 1732 nor,
267 1699 308 1727 vel
325 1699 370 1727 ille
385 1698 462 1726 vobis
476 1699 611 1726 silentium
629 1700 790 1734 imponeret.

223 1746 285 1773 Jun.
303 1746 354 1773 Ubi
371 1753 435 1773 VL'I'O
451 1746 509 1781 ejus
525 1752 629 1774 constat
644 1747 737 1775 Mosen
750 1747 925 1775 meminisse?

226 1791 333 1820 Catusr.
349 1791 544 1819 Circumciditc
560 1792 650 1825 modo,
667 1793 788 1827 inquatn,
806 1800 863 1826 cor,
877 1792 903 1820 id
925 1796 976 1826 est,

190 1838 364 1864 immodicum
382 1838 432 1864 ltoc
448 1837 622 1872 supercilium
643 1846 675 1866 ex
700 1839 798 1865 animis
814 1839 912 1867 vestris
928 1839 977 1866 de-

192 1883 299 1917 ponite;
318 1890 367 1910 nec
382 1882 472 1910 Mosen
485 1882 572 1910 solum
591 1883 744 1916 invenietis,
759 1884 805 1911 sed
822 1884 888 1912 alios
897 1885 976 1912 etiam

192 1928 291 1955 inultos
305 1928 461 1963 prophetas,
471 1936 524 1955 non
538 1933 642 1955 tantum
655 1929 821 1962 meminisse,
833 1930 880 1958 sed
891 1930 977 1965 palam

192 1974 259 2000 adeo
283 1973 409 2000 clamaue.
437 1972 516 2006 Nam,
543 1973 569 1999 in
594 1972 640 2000 Dei
663 1973 782 2008 opiﬁcio,
803 1975 841 2002 ait
869 1975 977 2003 Moses:

196 2027 206 2044 ι
225 2017 368 2045 Faciamus
396 2018 530 2045 neminem
547 2018 579 2045 ad
601 2018 743 2053 imaginem
768 2024 794 2047 et
826 2020 980 2049 similitudi-

194 2072 254 2091 nem
277 2065 460 2092 IlOSlrnnln.)
488 2065 520 2092 Et
541 2071 602 2100 post
626 2073 711 2101 pauca
736 2074 744 2094 ;
772 2076 781 2092 t
801 2066 871 2095 Ecce
895 2068 979 2096 Adam

194 2109 272 2144 quasi
287 2118 355 2137 unus
373 2118 405 2138 ex
420 2111 496 2138 nobis
510 2110 598 2138 factus
612 2113 711 2139 est".i
727 2112 760 2140 Et
783 2113 809 2140 in
830 2113 979 2148 linguarutn

193 2156 318 2187 dissidio.
337 2156 375 2183 ait
390 2157 460 2184 Deus
477 2165 484 2183 :
502 2166 510 2183 ι
528 2156 635 2191 Venite,
653 2160 856 2191 descendemus,
870 2163 896 2187 et
915 2167 981 2186 eon-

196 2201 339 2229 fundamus
352 2202 387 2229 ibi
402 2202 520 2237 linguam
536 2211 629 2230 eorum
640 2204 689 2230 ³³.»
706 2203 883 2237 Quaerendum
900 2205 982 2239 igitur

195 2251 248 2279 est,
266 2255 380 2281 quocum
401 2256 414 2274 a
430 2255 458 2275 se
472 2254 564 2276 creato
581 2249 724 2276 consilium
742 2249 909 2276 conferebat.

231 2291 291 2319 Jun.
306 2292 372 2319 Cum
389 2294 490 2328 angelis
517 2294 670 2329 opinatnur.

230 2338 340 2365 Cums-r.
357 2338 457 2366 Amens
470 2346 499 2365 ea
516 2344 543 2365 et
559 2340 636 2374 plane
656 2339 771 2367 absurda
785 2345 826 2367 est
854 2341 985 2375 opinatio.

197 2383 263 2415 Quis
277 2383 349 2409 enim
375 2382 470 2418 figulus
484 2391 544 2411 cum
570 2384 645 2411 fictili
668 2392 731 2412 vase
746 2393 896 2413 sermonem
919 2394 982 2413 cott-

199 2427 271 2454 fert?
286 2429 352 2461 Quis
376 2429 459 2461 faber,
477 2438 511 2457 ne
531 2431 639 2465 longum
657 2430 765 2462 faciam,
788 2438 847 2458 cutn
867 2431 938 2459 ferro
952 2433 986 2460 de

197 2482 231 2502 eo
256 2476 428 2509 procudendo
453 2481 480 2503 et
499 2477 654 2511 apparando
670 2477 849 2511 colloquitur?
874 2482 899 2504 et
923 2484 986 2506 sunt

201 2527 289 2548 tamen
313 2523 400 2556 magis
416 2522 571 2556 conjuncta,
590 2527 616 2550 et
641 2528 745 2550 natura:
771 2528 869 2550 nostra:
883 2523 983 2556 omnia,

199 2574 261 2600 quae
273 2575 321 2594 nos
339 2566 622 2602 fabricauuur,‘ulpote
637 2575 670 2594 ex
685 2568 776 2594 eodem
791 2567 859 2600 luto,
874 2568 984 2595 iisdem-

201 2620 255 2646 que
266 2613 407 2653 elemcntis
422 2615 580 2641 constituta.
596 2613 723 2641 lecstia
737 2618 825 2641 autem
841 2619 946 2646 cuncta,
957 2619 985 2642 et

237 2700 260 2718 ²⁹
274 2700 343 2728 Psal.
362 2709 420 2731 CIII,
432 2702 478 2730 21.

517 2703 539 2718 ³ο
566 2702 636 2730 Psal.
654 2710 744 2733 exui,
767 2702 794 2729 7.

203 2734 303 2762 “Deut.
319 2744 394 2762 xxxii
419 2737 463 2764 57.

502 2737 524 2753 ³⁸
544 2737 629 2764 Exod.
647 2745 738 2769 xxxtv,
758 2737 798 2764 14.

241 2812 278 2847 (9)
293 2813 330 2840 Ex
345 2813 474 2842 Nazianz.
490 2820 560 2844 orat.
580 2817 673 2850 altera,
692 2817 726 2845 de
741 2817 867 2851 theolog.‘
891 2812 910 2817 ’

1012 205 1098 233 stent,
1109 201 1273 236 propiusque
1287 208 1302 228 a
1317 201 1370 228 Deo
1380 201 1485 232 absint;
1502 200 1609 235 lengius
1619 205 1709 227 tamen
1719 200 1814 227 adhuc

1017 247 1098 274 etiam
1113 247 1170 281 ipsa
1187 247 1288 274 distant
1302 253 1317 272 ιι
1334 246 1400 279 Deo,
1417 245 1528 281 ejusque
1550 246 1668 280 perfecta
1681 252 1814 280 compre-

1011 292 1158 324 .heusione,
1174 299 1256 326 quam
1275 299 1373 326 corpus
1397 292 1449 320 hoc
1470 297 1592 318 nostrum
1613 291 1812 326 compositum,

1012 338 1132 371 .humile,
1147 343 1227 372 atque
1246 339 1320 366 humi
1335 338 1469 373 dcjectum
1483 345 1498 365 a
1515 337 1672 366 coelestibus
1686 337 1740 365 illis
1762 344 1814 364 sn-

1019 389 1138 419 peretur.
1165 385 1255 417 Quare
1283 384 1393 411 dubium
1417 391 1471 412 non
1493 387 1546 415 est,
1561 384 1626 418 quin
1647 391 1709 411 cum
1732 383 1813 411 socio

1012 430 1130 464 opificii,
1147 429 1318 464 Filionempe
1339 437 1398 462 suo,
1414 429 1534 466 hune(ut
1550 430 1586 457 ita
1602 429 1701 464 dicam)
1716 429 1815 456 archi-

1021 476 1183 504 tectonicum
1212 476 1246 503 de
1257 476 1394 503 creatione
1409 482 1562 504 sermonem
1572 474 1724 503 contulerit
1737 473 1814 501 Deus

1020 521 1110 550 Pater.

1056 579 1117 607 Jun.
1132 579 1214 606 Deum
1224 579 1329 613 quidem
1341 586 1435 606 verum
1461 582 1646 606 creaturarum
1663 585 1732 613 quas
1744 584 1815 604 con-

1021 625 1089 652 didit
1119 632 1170 659 ope
1188 632 1220 651 ac
1237 625 1348 652 consilio
1363 632 1415 651 non
1430 624 1559 659 indigere,
1573 624 1667 652 damus
1681 629 1709 650 et
1724 623 1815 650 eonﬁ-

1023 675 1121 702 tcmur,
1142 676 1188 696 seu
1224 669 1435 703 intelligentem,
1455 675 1501 695 seu
1532 668 1658 695 sensilem
1681 672 1812 695 naturam

1023 716 1107 743 dicas.
1122 715 1177 743 Deo
1199 723 1259 743 esse
1280 714 1388 748 Filium,
1407 715 1644 749 generationemve
1659 714 1696 741 illi
1711 721 1815 741 com-e-

1024 762 1092 793 nirc,
1124 761 1211 789 Moses
1234 762 1267 788 ad
1298 768 1347 788 nos
1373 761 1443 788 haud
1470 760 1611 795 prodidit;
1636 760 1705 787 sed:
1726 769 1734 785 ε
1756 759 1816 794 Ego

1024 815 1082 834 sum
1094 806 1225 833 Dominus
1243 806 1312 834 Deus
1327 811 1389 832 tuus
1401 805 1450 832 “.i
1471 806 1504 832 Et
1518 814 1525 832 :
1541 814 1550 830 t
1569 804 1663 831 Videte
1677 803 1748 838 quod
1763 810 1816 837 ego

1019 852 1068 879 sim
1082 852 1168 884 solus,
1182 856 1208 878 et
1224 859 1276 878 non
1297 851 1332 878 sit
1345 851 1412 878 alius
1427 851 1510 884 Dens,
1527 855 1623 885 pra-ter
1641 857 1684 877 me
1695 849 1729 875 ³⁵.
1742 858 1752 874 ι
1768 848 1814 881 Et,

1021 907 1030 923 t
1048 897 1106 924 Noli
1120 898 1233 924 adorare
1249 897 1332 924 Deum
1348 897 1465 924 alienum
1475 896 1508 924 ”.
1522 906 1532 922 ι

1053 953 1164 981 Cumsr.
1183 953 1252 980 “Dixi
1283 953 1369 986 vobis,
1402 952 1580 986 .lndmi,a:gre
1596 952 1638 979 vel
1653 951 1744 979 Mosen
1765 958 1814 978 ro-

1019 999 1070 1031 bis,
1081 998 1103 1026 si
1122 999 1199 1025 vivus
1212 1001 1298 1031 esset,
1311 998 1448 1025 silentium
1465 996 1738 1032 impositurum.Nam
1747 1003 1813 1024 cum

1018 1043 1197 1072 exsecrabilis
1213 1045 1259 1077 sit,
1278 1044 1322 1078 qtti
1339 1044 1432 1076 alium,
1449 1051 1528 1078 quain
1551 1043 1632 1071 Mosis
1647 1043 1730 1070 Deum
1745 1050 1818 1076 pra!-

1022 1089 1092 1116 dicat
1105 1097 1112 1122 ;
1127 1093 1185 1115 tum
1212 1088 1318 1115 demtnn
1332 1088 1369 1120 id,
1385 1088 1456 1123 quod
1479 1087 1708 1120 sermocinantini,
1723 1087 1816 1114 locum

1023 1134 1155 1165 haberet,
1169 1133 1191 1160 si
1206 1133 1345 1160 dissimilis
1362 1138 1467 1160 nalurze
1488 1132 1583 1160 Filium
1602 1133 1815 1168 promulgarem.

1022 1178 1098 1207 Nunc
1114 1187 1174 1207 eum
1192 1179 1310 1214 ejusdem
1326 1185 1427 1206 naturae
1441 1187 1502 1206 cum
1518 1179 1572 1206 Dco
1587 1185 1613 1207 et
1626 1179 1704 1207 Patre
1715 1179 1816 1206 Filium

1024 1225 1122 1257 dicam,
1149 1232 1209 1259 quae
1233 1224 1387 1253 dissensio?
1413 1224 1501 1258 Ipsum
1527 1226 1598 1252 enim
1623 1224 1705 1252 Mosis
1728 1225 1816 1251 Deum

1019 1271 1198 1303 conﬁtemur,
1213 1270 1321 1298 Patrem
1335 1270 1417 1304 geniti
1431 1270 1510 1304 Filii;
1525 1276 1552 1298 et
1570 1279 1677 1298 rursum
1691 1271 1816 1305 ejusdem

1025 1316 1232 1344 naturasFilium
1252 1323 1311 1344 eum
1327 1315 1408 1343 Patre
1422 1317 1551 1351 genitore.
1570 1316 1648 1348 Nam,
1663 1317 1818 1345 etsi~Moses

1025 1361 1091 1388 dicit
1109 1369 1115 1386 :
1134 1369 1142 1386 t
1158 1360 1286 1388 Dominus
1300 1359 1370 1388 Deus
1386 1365 1488 1393 noster,
1505 1361 1574 1389 Deus
1598 1369 1666 1389 unus
1688 1366 1731 1389 est
1747 1363 1783 1395 ",
1803 1372 1813 1388 ι

1026 1405 1265 1440 uonhypostases,
1282 1406 1329 1433 sed
1345 1410 1469 1433 naturam
1486 1407 1518 1433 iis
1531 1407 1621 1434 verbis
1638 1407 1816 1441 signiﬁcavit;

1019 1459 1108 1478 ‘unam
1125 1452 1224 1481 etenim
1237 1451 1334 1480 ‘Patris
1350 1456 1376 1478 et
1396 1451 1454 1479 Filii
1472 1458 1597 1480 naturam
1620 1454 1816 1481 consentimus.

1061 1497 1123 1526 Jun.
1140 1497 1212 1524 Belle
1229 1497 1315 1525 Patris
1335 1498 1368 1525 de
1393 1497 1494 1525 fabrica
1518 1497 1679 1526 consultatio
1693 1506 1819 1533 compro-

1029 1544 1075 1571 bat
1097 1545 1175 1571 nobis
1197 1542 1256 1570 Filii
1280 1550 1340 1570 cum
1362 1550 1395 1570 eo
1416 1548 1519 1570 natura:
1533 1544 1747 1572 consensionem.
1764 1544 1819 1572 Sed

1028 1588 1134 1624 expedi,
1151 1595 1273 1618 oramus,
1291 1587 1468 1622 quamobrem
1484 1595 1499 1615 a
1515 1588 1590 1616 Mose
1603 1588 1769 1616 luculentius
1784 1589 1818 1617 de

1028 1642 1062 1662 eo
1077 1642 1128 1661 non
1141 1635 1306 1668 accepimus.

1068 1686 1184 1717 Cnutsr.
1212 1688 1297 1717 Nemo
1323 1689 1497 1717 scientiarum
1526 1690 1662 1726 perfectus
1689 1691 1820 1726 magister

1031 1743 1130 1770 pueros
1145 1735 1243 1762 docere
1261 1742 1423 1770 aggressus,
1438 1743 1543 1763 summa
1565 1743 1678 1770 quaeque
1697 1737 1820 1770 discipli-

1032 1790 1128 1810 narum
1147 1783 1240 1817 primis
1264 1782 1425 1810 rudimentis
1454 1788 1534 1818 atque
1557 1784 1653 1812 studiis
1675 1785 1818 1819 proponit;

1031 1827 1078 1855 sed
1095 1827 1168 1855 facto
1186 1828 1219 1855 ab
1234 1827 1431 1856 elementorum
1446 1828 1568 1856 doctrina
1583 1829 1672 1860 initio,
1687 1829 1820 1864 paulatim

1031 1881 1078 1901 eos
1103 1874 1136 1900 ad
1160 1873 1351 1908 perfectionem
1374 1874 1510 1902 subducit.
1527 1874 1614 1910 Atque
1632 1875 1657 1902 id
1672 1883 1724 1903 tton
1746 1883 1819 1910 prae—

1034 1919 1155 1953 ceptoris
1171 1919 1249 1950 vitio,
1271 1920 1318 1946 sed
1336 1919 1528 1954 discipulorum
1557 1921 1691 1956 imperitia
1713 1921 1753 1955 ﬁt,
1772 1922 1821 1956 qui
1850 1931 1855 1934 ·

1033 1972 1094 1991 eum
1112 1965 1179 1992 adeo
1192 1965 1247 1992 sint
1267 1966 1357 1997 rudes,
1380 1966 1413 1993 ad
1436 1967 1538 2002 majora
1559 1967 1687 2002 capienda
1704 1968 1820 2003 gradum

1034 2009 1123 2038 facere
1139 2018 1192 2038 non
1210 2016 1334 2045 possunt.

1337 2080 1450 2108 CAPUT
1471 2082 1514 2118 tv.

1214 2145 1316 2181 Moyses
1333 2147 1452 2181 agnoscit
1475 2146 1641 2175 Trinitatem.

1070 2211 1110 2239 Ad
1131 2212 1255 2240 eumdem
1280 2214 1388 2240 modum
1410 2221 1458 2248 par
1479 2221 1531 2246 est,
1549 2219 1576 2241 et
1592 2214 1822 2248 sapientissimum

1035 2255 1126 2282 Mosen
1141 2257 1268 2285 habuisse
1285 2262 1454 2292 perspectam
1478 2258 1529 2285 SS.
1554 2258 1715 2286 Trinitatem
1738 2264 1824 2293 atque

1039 2300 1190 2336 Unitatem;
1206 2303 1253 2330 sed
1268 2303 1353 2336 vobis,
1369 2311 1435 2338 qttos
1451 2308 1505 2331 ttnn
1518 2304 1552 2331 ob
1568 2305 1676 2332 deorum
1693 2304 1823 2340 frequen-

1039 2347 1114 2380 tiam,
1137 2351 1191 2374 tum
1216 2353 1325 2383 propter
1352 2349 1511 2385 idolothyta,
1531 2355 1558 2377 ct
1582 2358 1688 2383 carnes,
1707 2351 1825 2379 habebat

1040 2400 1150 2426 prorsus
1165 2393 1289 2427 rebelles,
1304 2394 1450 2429 perfectam
1468 2395 1623 2430 religionem
1641 2404 1691 2423 non
1706 2399 1822 2431 aperuit;

1038 2444 1124 2471 neque
1142 2444 1206 2464 vero
1223 2445 1334 2471 prorsus
1351 2439 1470 2471 reticuit,
1486 2440 1533 2467 sed
1549 2445 1605 2467 tum
1620 2440 1824 2474 quotnodocun-

1039 2488 1092 2515 qtte
1106 2480 1139 2508 ad
1162 2481 1208 2508 Dei
1233 2482 1358 2509 notitiam
1385 2483 1490 2518 erigere
1512 2489 1554 2511 est
1572 2490 1693 2512 conatus.
1708 2484 1825 2519 Majores

1039 2526 1138 2561 quippe
1161 2532 1265 2554 vestros
1291 2527 1316 2554 in
1339 2528 1439 2562 pietate
1461 2528 1576 2557 infantes
1600 2531 1694 2558 videns
1717 2520 1824 2559 divinus

1041 2571 1139 2603 Moses,
1153 2571 1226 2599 velut
1245 2573 1336 2600 nutrix
1359 2575 1472 2608 optima,
1488 2575 1521 2602 iis
1534 2579 1662 2610 tanquam
1675 2576 1716 2603 lac
1731 2577 1823 2611 quod-

1043 2617 1105 2642 dam
1136 2615 1182 2643 Dei
1205 2618 1307 2646 notitiae
1325 2619 1492 2655 propinavit;
1517 2621 1630 2657 solidam
1657 2629 1763 2650 omnem
1781 2623 1826 2650 do-

832 2703 852 2720 ³¹
873 2703 940 2731 Gen.
956 2712 974 2737 ι,

837 2738 859 2754 ³⁷
873 2738 950 2766 Deut.
964 2748 974 2767 \

1030 2722 1037 2730 .
1075 2705 1178 2734 ³¹,(]ί”ῐΙ.
1198 2714 1240 2740 ιιι,
1254 2706 1300 2735 22.
1337 2709 1360 2724 "
1372 2708 1440 2736 Gen.
1456 2716 1493 2742 XI,
1507 2708 1533 2736 7.
1570 2709 1593 2725 ³⁵
1609 2709 1691 2737 Exod.
1703 2718 1747 2743 xx,
1760 2711 1788 2738 2.
