  <div class='ocr_page' id='page_1' title='image "/cluster/home/n/w/nwhite01/storage/ocr_20150623/133/njp.32101007797895/426.png"; bbox 0 0 1955 3080; ppageno 0'>
   <div class='ocr_carea' id='block_1_1' title="bbox 101 120 1205 156">
    <p class='ocr_par' dir='ltr' id='par_1_1' title="bbox 101 120 1205 156">
     <span class='ocr_line' id='line_1_1' title="bbox 101 120 1205 156; baseline 0.006 -8"><span class='ocrx_word' id='word_1_1' title='bbox 101 122 112 145; x_wconf 66' lang='grc' dir='ltr'><strong>ε’</strong></span> <span class='ocrx_word' id='word_1_2' title='bbox 119 120 155 150; x_wconf 85' lang='grc'><strong>05</strong></span> <span class='ocrx_word' id='word_1_3' title='bbox 337 137 341 141; x_wconf 90' lang='lat'><strong><em>-</em></strong></span> <span class='ocrx_word' id='word_1_4' title='bbox 656 122 847 154; x_wconf 84' lang='lat' dir='ltr'><strong>DlALOGUS</strong></span> <span class='ocrx_word' id='word_1_5' title='bbox 867 123 1017 154; x_wconf 82' lang='lat' dir='ltr'><strong>CONTRA</strong></span> <span class='ocrx_word' id='word_1_6' title='bbox 1040 124 1205 156; x_wconf 64' lang='lat' dir='ltr'><strong>JUDAEOS.</strong></span> 
     </span>
    </p>
   </div>
   <div class='ocr_carea' id='block_1_2' title="bbox 102 175 940 212">
    <p class='ocr_par' dir='ltr' id='par_1_2' title="bbox 102 175 940 212">
     <span class='ocr_line' id='line_1_2' title="bbox 102 175 940 212; baseline 0.005 -11"><span class='ocrx_word' id='word_1_7' title='bbox 102 175 221 202; x_wconf 57' lang='lat' dir='ltr'><strong>«trinam</strong></span> <span class='ocrx_word' id='word_1_8' title='bbox 235 179 300 210; x_wconf 84' lang='lat' dir='ltr'><strong>post</strong></span> <span class='ocrx_word' id='word_1_9' title='bbox 323 181 356 203; x_wconf 84' lang='lat' dir='ltr'><strong>se</strong></span> <span class='ocrx_word' id='word_1_10' title='bbox 378 176 487 204; x_wconf 85' lang='lat' dir='ltr'><strong>vatibus</strong></span> <span class='ocrx_word' id='word_1_11' title='bbox 513 177 633 212; x_wconf 77' lang='lat' dir='ltr'><strong>reliquit.</strong></span> <span class='ocrx_word' id='word_1_12' title='bbox 648 177 736 212; x_wconf 82' lang='lat' dir='ltr'><strong>Atque</strong></span> <span class='ocrx_word' id='word_1_13' title='bbox 749 178 776 205; x_wconf 86' lang='lat' dir='ltr'><strong>id</strong></span> <span class='ocrx_word' id='word_1_14' title='bbox 798 185 850 206; x_wconf 93' lang='lat' dir='ltr'><strong>non</strong></span> <span class='ocrx_word' id='word_1_15' title='bbox 874 178 900 205; x_wconf 93' lang='lat' dir='ltr'><strong>in</strong></span> <span class='ocrx_word' id='word_1_16' title='bbox 914 177 940 209; x_wconf 75' lang='grc' dir='ltr'><strong>Α</strong></span> 
     </span>
    </p>
   </div>
   <div class='ocr_carea' id='block_1_3' title="bbox 104 221 903 259">
    <p class='ocr_par' dir='ltr' id='par_1_3' title="bbox 104 221 903 259">
     <span class='ocr_line' id='line_1_3' title="bbox 104 221 903 259; baseline 0.004 -10"><span class='ocrx_word' id='word_1_17' title='bbox 104 221 310 249; x_wconf 83' lang='lat' dir='ltr'><strong>consultatione</strong></span> <span class='ocrx_word' id='word_1_18' title='bbox 323 226 441 257; x_wconf 85' lang='lat' dir='ltr'><strong>tantum,</strong></span> <span class='ocrx_word' id='word_1_19' title='bbox 454 223 501 250; x_wconf 89' lang='lat' dir='ltr'><strong>sed</strong></span> <span class='ocrx_word' id='word_1_20' title='bbox 516 224 597 251; x_wconf 91' lang='lat' dir='ltr'><strong>etiam</strong></span> <span class='ocrx_word' id='word_1_21' title='bbox 610 225 636 251; x_wconf 91' lang='lat' dir='ltr'><strong>in</strong></span> <span class='ocrx_word' id='word_1_22' title='bbox 652 223 781 259; x_wconf 83' lang='lat' dir='ltr'><strong>imagine,</strong></span> <span class='ocrx_word' id='word_1_23' title='bbox 790 224 903 258; x_wconf 87' lang='lat' dir='ltr'><strong>aliisque</strong></span> 
     </span>
    </p>
   </div>
   <div class='ocr_carea' id='block_1_4' title="bbox 105 266 902 304">
    <p class='ocr_par' dir='ltr' id='par_1_4' title="bbox 105 266 902 304">
     <span class='ocr_line' id='line_1_4' title="bbox 105 266 902 304; baseline 0.005 -11"><span class='ocrx_word' id='word_1_24' title='bbox 105 267 181 294; x_wconf 84' lang='lat' dir='ltr'><strong>fecit.</strong></span> <span class='ocrx_word' id='word_1_25' title='bbox 208 266 276 294; x_wconf 76' lang='lat' dir='ltr'><strong>Nam</strong></span> <span class='ocrx_word' id='word_1_26' title='bbox 303 267 388 295; x_wconf 90' lang='lat' dir='ltr'><strong>Deum</strong></span> <span class='ocrx_word' id='word_1_27' title='bbox 418 269 451 295; x_wconf 82' lang='lat' dir='ltr'><strong>ad</strong></span> <span class='ocrx_word' id='word_1_28' title='bbox 481 269 625 304; x_wconf 87' lang='lat' dir='ltr'><strong>imaginem</strong></span> <span class='ocrx_word' id='word_1_29' title='bbox 653 277 730 297; x_wconf 87' lang='lat' dir='ltr'><strong>suam</strong></span> <span class='ocrx_word' id='word_1_30' title='bbox 765 270 902 297; x_wconf 81' lang='lat' dir='ltr'><strong>hominem</strong></span> 
     </span>
    </p>
   </div>
   <div class='ocr_carea' id='block_1_5' title="bbox 107 313 905 351">
    <p class='ocr_par' dir='ltr' id='par_1_5' title="bbox 107 313 905 351">
     <span class='ocr_line' id='line_1_5' title="bbox 107 313 905 351; baseline 0.005 -12"><span class='ocrx_word' id='word_1_31' title='bbox 107 313 221 340; x_wconf 77' lang='lat' dir='ltr'><strong>tinxisse</strong></span> <span class='ocrx_word' id='word_1_32' title='bbox 239 313 370 340; x_wconf 84' lang='lat' dir='ltr'><strong>indicavit</strong></span> <span class='ocrx_word' id='word_1_33' title='bbox 381 314 413 347; x_wconf 56' lang='lat' dir='ltr'><strong>&#39;i;</strong></span> <span class='ocrx_word' id='word_1_34' title='bbox 431 318 459 341; x_wconf 88' lang='lat' dir='ltr'><strong>at</strong></span> <span class='ocrx_word' id='word_1_35' title='bbox 474 322 536 350; x_wconf 74' lang='lat' dir='ltr'><strong>qua:</strong></span> <span class='ocrx_word' id='word_1_36' title='bbox 552 321 584 342; x_wconf 83' lang='lat' dir='ltr'><strong>ea</strong></span> <span class='ocrx_word' id='word_1_37' title='bbox 597 315 667 343; x_wconf 80' lang='lat' dir='ltr'><strong>foret</strong></span> <span class='ocrx_word' id='word_1_38' title='bbox 683 316 783 351; x_wconf 84' lang='lat' dir='ltr'><strong>imago,</strong></span> <span class='ocrx_word' id='word_1_39' title='bbox 797 316 905 343; x_wconf 56' lang='lat' dir='ltr'><strong>audito.</strong></span> 
     </span>
    </p>
   </div>
   <div class='ocr_carea' id='block_1_6' title="bbox 107 361 905 398">
    <p class='ocr_par' dir='ltr' id='par_1_6' title="bbox 107 361 905 398">
     <span class='ocr_line' id='line_1_6' title="bbox 107 361 905 398; baseline 0.004 -11"><span class='ocrx_word' id='word_1_40' title='bbox 107 361 183 387; x_wconf 88' lang='lat' dir='ltr'><strong>ribus</strong></span> <span class='ocrx_word' id='word_1_41' title='bbox 206 361 382 395; x_wconf 55' lang='lat' dir='ltr'><strong>quaerendum</strong></span> <span class='ocrx_word' id='word_1_42' title='bbox 407 361 528 396; x_wconf 78' lang='lat' dir='ltr'><strong>reliquit.</strong></span> <span class='ocrx_word' id='word_1_43' title='bbox 545 361 623 395; x_wconf 80' lang='lat' dir='ltr'><strong>Quod</strong></span> <span class='ocrx_word' id='word_1_44' title='bbox 647 363 721 390; x_wconf 89' lang='lat' dir='ltr'><strong>enim</strong></span> <span class='ocrx_word' id='word_1_45' title='bbox 739 363 796 398; x_wconf 88' lang='lat' dir='ltr'><strong>(i0)</strong></span> <span class='ocrx_word' id='word_1_46' title='bbox 815 363 905 390; x_wconf 85' lang='lat' dir='ltr'><strong>studio</strong></span> 
     </span>
    </p>
   </div>
   <div class='ocr_carea' id='block_1_7' title="bbox 107 406 904 443">
    <p class='ocr_par' dir='ltr' id='par_1_7' title="bbox 107 406 904 443">
     <span class='ocr_line' id='line_1_7' title="bbox 107 406 904 443; baseline 0.006 -12"><span class='ocrx_word' id='word_1_47' title='bbox 107 406 269 440; x_wconf 80' lang='lat' dir='ltr'><strong>paraveris,</strong></span> <span class='ocrx_word' id='word_1_48' title='bbox 296 406 322 433; x_wconf 87' lang='lat' dir='ltr'><strong>id</strong></span> <span class='ocrx_word' id='word_1_49' title='bbox 351 407 439 434; x_wconf 86' lang='lat' dir='ltr'><strong>tenaci</strong></span> <span class='ocrx_word' id='word_1_50' title='bbox 462 415 493 435; x_wconf 91' lang='lat' dir='ltr'><strong>ac</strong></span> <span class='ocrx_word' id='word_1_51' title='bbox 519 413 649 443; x_wconf 85' lang='lat' dir='ltr'><strong>perpetuo</strong></span> <span class='ocrx_word' id='word_1_52' title='bbox 679 409 846 436; x_wconf 83' lang='lat' dir='ltr'><strong>monimento</strong></span> <span class='ocrx_word' id='word_1_53' title='bbox 878 409 904 436; x_wconf 91' lang='lat' dir='ltr'><strong>in</strong></span> 
     </span>
    </p>
   </div>
   <div class='ocr_carea' id='block_1_8' title="bbox 105 450 906 489">
    <p class='ocr_par' dir='ltr' id='par_1_8' title="bbox 105 450 906 489">
     <span class='ocr_line' id='line_1_8' title="bbox 105 450 906 489; baseline 0.007 -13"><span class='ocrx_word' id='word_1_54' title='bbox 105 450 199 477; x_wconf 85' lang='lat' dir='ltr'><strong>animo</strong></span> <span class='ocrx_word' id='word_1_55' title='bbox 216 451 395 486; x_wconf 82' lang='lat' dir='ltr'><strong>circumfers;</strong></span> <span class='ocrx_word' id='word_1_56' title='bbox 412 453 485 487; x_wconf 88' lang='lat' dir='ltr'><strong>quod</strong></span> <span class='ocrx_word' id='word_1_57' title='bbox 501 453 608 487; x_wconf 76' lang='lat' dir='ltr'><strong>leviter,</strong></span> <span class='ocrx_word' id='word_1_58' title='bbox 621 454 646 481; x_wconf 88' lang='lat' dir='ltr'><strong>id</strong></span> <span class='ocrx_word' id='word_1_59' title='bbox 662 454 751 487; x_wconf 94' lang='lat' dir='ltr'><strong>facile,</strong></span> <span class='ocrx_word' id='word_1_60' title='bbox 766 459 794 481; x_wconf 91' lang='lat' dir='ltr'><strong>ut</strong></span> <span class='ocrx_word' id='word_1_61' title='bbox 807 455 906 489; x_wconf 71' lang='lat' dir='ltr'><strong>quaesi-</strong></span> 
     </span>
    </p>
   </div>
   <div class='ocr_carea' id='block_1_9' title="bbox 108 497 905 534">
    <p class='ocr_par' dir='ltr' id='par_1_9' title="bbox 108 497 905 534">
     <span class='ocr_line' id='line_1_9' title="bbox 108 497 905 534; baseline 0.008 -12"><span class='ocrx_word' id='word_1_62' title='bbox 108 501 165 523; x_wconf 89' lang='lat' dir='ltr'><strong>tnm</strong></span> <span class='ocrx_word' id='word_1_63' title='bbox 179 502 253 528; x_wconf 87' lang='lat' dir='ltr'><strong>erat,</strong></span> <span class='ocrx_word' id='word_1_64' title='bbox 271 497 368 525; x_wconf 85' lang='lat' dir='ltr'><strong>eﬂiuit.</strong></span> <span class='ocrx_word' id='word_1_65' title='bbox 384 498 477 533; x_wconf 84' lang='lat' dir='ltr'><strong>Itaque</strong></span> <span class='ocrx_word' id='word_1_66' title='bbox 501 499 590 527; x_wconf 84' lang='lat' dir='ltr'><strong>Moses</strong></span> <span class='ocrx_word' id='word_1_67' title='bbox 605 501 781 534; x_wconf 80' lang='lat' dir='ltr'><strong>qmestionom</strong></span> <span class='ocrx_word' id='word_1_68' title='bbox 795 501 828 528; x_wconf 83' lang='lat' dir='ltr'><strong>ad</strong></span> <span class='ocrx_word' id='word_1_69' title='bbox 843 508 905 532; x_wconf 84' lang='lat' dir='ltr'><strong>vos,</strong></span> 
     </span>
    </p>
   </div>
   <div class='ocr_carea' id='block_1_10' title="bbox 107 541 906 581">
    <p class='ocr_par' dir='ltr' id='par_1_10' title="bbox 107 541 906 581">
     <span class='ocr_line' id='line_1_10' title="bbox 107 541 906 581; baseline 0.008 -13"><span class='ocrx_word' id='word_1_70' title='bbox 107 541 318 570; x_wconf 73' lang='lat' dir='ltr'><strong>dissolutionem</strong></span> <span class='ocrx_word' id='word_1_71' title='bbox 345 544 378 570; x_wconf 88' lang='lat' dir='ltr'><strong>ad</strong></span> <span class='ocrx_word' id='word_1_72' title='bbox 401 549 477 572; x_wconf 85' lang='lat' dir='ltr'><strong>vates</strong></span> <span class='ocrx_word' id='word_1_73' title='bbox 500 546 596 580; x_wconf 87' lang='lat' dir='ltr'><strong>rejocit</strong></span> <span class='ocrx_word' id='word_1_74' title='bbox 607 546 640 573; x_wconf 78' lang='grc'><strong>³⁸,</strong></span> <span class='ocrx_word' id='word_1_75' title='bbox 655 545 722 572; x_wconf 81' lang='lat' dir='ltr'><strong>Nam</strong></span> <span class='ocrx_word' id='word_1_76' title='bbox 748 547 771 574; x_wconf 90' lang='lat' dir='ltr'><strong>si</strong></span> <span class='ocrx_word' id='word_1_77' title='bbox 799 546 906 581; x_wconf 81' lang='lat' dir='ltr'><strong>cognito</strong></span> 
     </span>
    </p>
   </div>
   <div class='ocr_carea' id='block_1_11' title="bbox 107 587 906 626">
    <p class='ocr_par' dir='ltr' id='par_1_11' title="bbox 107 587 906 626">
     <span class='ocr_line' id='line_1_11' title="bbox 107 587 906 626; baseline 0.008 -13"><span class='ocrx_word' id='word_1_78' title='bbox 107 587 192 614; x_wconf 88' lang='lat' dir='ltr'><strong>etiam</strong></span> <span class='ocrx_word' id='word_1_79' title='bbox 208 587 274 620; x_wconf 84' lang='lat' dir='ltr'><strong>Deo,</strong></span> <span class='ocrx_word' id='word_1_80' title='bbox 289 588 323 615; x_wconf 86' lang='lat' dir='ltr'><strong>ab</strong></span> <span class='ocrx_word' id='word_1_81' title='bbox 344 596 434 624; x_wconf 86' lang='lat' dir='ltr'><strong>eoque</strong></span> <span class='ocrx_word' id='word_1_82' title='bbox 450 589 700 626; x_wconf 31' lang='lat' dir='ltr'><strong>inﬁnitisracceptis</strong></span> <span class='ocrx_word' id='word_1_83' title='bbox 717 592 864 624; x_wconf 88' lang='lat' dir='ltr'><strong>beneﬁciis,</strong></span> <span class='ocrx_word' id='word_1_84' title='bbox 879 596 906 619; x_wconf 87' lang='lat' dir='ltr'><strong>et</strong></span> 
     </span>
    </p>
   </div>
   <div class='ocr_carea' id='block_1_12' title="bbox 109 633 904 673">
    <p class='ocr_par' dir='ltr' id='par_1_12' title="bbox 109 633 904 673">
     <span class='ocr_line' id='line_1_12' title="bbox 109 633 904 673; baseline 0.008 -13"><span class='ocrx_word' id='word_1_85' title='bbox 109 633 184 661; x_wconf 74' lang='lat' dir='ltr'><strong>Mose</strong></span> <span class='ocrx_word' id='word_1_86' title='bbox 198 635 233 660; x_wconf 87' lang='lat' dir='ltr'><strong>ad</strong></span> <span class='ocrx_word' id='word_1_87' title='bbox 248 634 333 662; x_wconf 90' lang='lat' dir='ltr'><strong>Deum</strong></span> <span class='ocrx_word' id='word_1_88' title='bbox 350 636 546 671; x_wconf 80' lang='lat' dir='ltr'><strong>aliquantisper</strong></span> <span class='ocrx_word' id='word_1_89' title='bbox 558 644 572 664; x_wconf 86' lang='lat' dir='ltr'><strong>a</strong></span> <span class='ocrx_word' id='word_1_90' title='bbox 586 637 663 665; x_wconf 86' lang='lat' dir='ltr'><strong>vobis</strong></span> <span class='ocrx_word' id='word_1_91' title='bbox 672 638 804 673; x_wconf 82' lang='lat' dir='ltr'><strong>digresso,</strong></span> <span class='ocrx_word' id='word_1_92' title='bbox 818 643 847 665; x_wconf 97' lang='lat' dir='ltr'><strong>ut</strong></span> <span class='ocrx_word' id='word_1_93' title='bbox 859 639 904 666; x_wconf 85' lang='lat' dir='ltr'><strong>Dei</strong></span> 
     </span>
    </p>
   </div>
   <div class='ocr_carea' id='block_1_13' title="bbox 109 679 904 718">
    <p class='ocr_par' dir='ltr' id='par_1_13' title="bbox 109 679 904 718">
     <span class='ocr_line' id='line_1_13' title="bbox 109 679 904 718; baseline 0.006 -13"><span class='ocrx_word' id='word_1_94' title='bbox 109 679 282 706; x_wconf 85' lang='lat' dir='ltr'><strong>voluntatem</strong></span> <span class='ocrx_word' id='word_1_95' title='bbox 299 680 325 706; x_wconf 91' lang='lat' dir='ltr'><strong>in</strong></span> <span class='ocrx_word' id='word_1_96' title='bbox 343 680 474 708; x_wconf 89' lang='lat' dir='ltr'><strong>divinitus</strong></span> <span class='ocrx_word' id='word_1_97' title='bbox 489 682 608 709; x_wconf 81' lang='lat' dir='ltr'><strong>exaratis</strong></span> <span class='ocrx_word' id='word_1_98' title='bbox 627 683 737 718; x_wconf 85' lang='lat' dir='ltr'><strong>scriptis</strong></span> <span class='ocrx_word' id='word_1_99' title='bbox 753 683 904 717; x_wconf 78' lang='lat' dir='ltr'><strong>exhiberet,</strong></span> 
     </span>
    </p>
   </div>
   <div class='ocr_carea' id='block_1_14' title="bbox 108 725 904 762">
    <p class='ocr_par' dir='ltr' id='par_1_14' title="bbox 108 725 904 762">
     <span class='ocr_line' id='line_1_14' title="bbox 108 725 904 762; baseline 0.008 -11"><span class='ocrx_word' id='word_1_100' title='bbox 108 725 187 752; x_wconf 80' lang='lat' dir='ltr'><strong>alteri</strong></span> <span class='ocrx_word' id='word_1_101' title='bbox 229 725 280 753; x_wconf 91' lang='lat' dir='ltr'><strong>deo</strong></span> <span class='ocrx_word' id='word_1_102' title='bbox 304 727 419 760; x_wconf 80' lang='lat' dir='ltr'><strong>gratiam</strong></span> <span class='ocrx_word' id='word_1_103' title='bbox 445 728 588 762; x_wconf 82' lang='lat' dir='ltr'><strong>retulistis,</strong></span> <span class='ocrx_word' id='word_1_104' title='bbox 616 733 643 756; x_wconf 88' lang='lat' dir='ltr'><strong>et</strong></span> <span class='ocrx_word' id='word_1_105' title='bbox 670 730 830 757; x_wconf 89' lang='lat' dir='ltr'><strong>immortalis</strong></span> <span class='ocrx_word' id='word_1_106' title='bbox 861 731 904 757; x_wconf 86' lang='lat' dir='ltr'><strong>Dei</strong></span> 
     </span>
    </p>
   </div>
   <div class='ocr_carea' id='block_1_15' title="bbox 110 771 907 805">
    <p class='ocr_par' dir='ltr' id='par_1_15' title="bbox 110 771 907 805">
     <span class='ocr_line' id='line_1_15' title="bbox 110 771 907 805; baseline 0.009 -9"><span class='ocrx_word' id='word_1_107' title='bbox 110 780 120 795; x_wconf 77' lang='grc' dir='ltr'><strong>ι</strong></span> <span class='ocrx_word' id='word_1_108' title='bbox 137 771 254 805; x_wconf 77' lang='lat' dir='ltr'><strong>gloriam</strong></span> <span class='ocrx_word' id='word_1_109' title='bbox 280 772 406 800; x_wconf 88' lang='lat' dir='ltr'><strong>mutastis</strong></span> <span class='ocrx_word' id='word_1_110' title='bbox 434 773 461 800; x_wconf 91' lang='lat' dir='ltr'><strong>in</strong></span> <span class='ocrx_word' id='word_1_111' title='bbox 489 774 694 802; x_wconf 86' lang='lat' dir='ltr'><strong>similitudinem</strong></span> <span class='ocrx_word' id='word_1_112' title='bbox 719 775 795 802; x_wconf 87' lang='lat' dir='ltr'><strong>vituli</strong></span> <span class='ocrx_word' id='word_1_113' title='bbox 816 783 907 803; x_wconf 87' lang='lat' dir='ltr'><strong>eome-</strong></span> 
     </span>
    </p>
   </div>
   <div class='ocr_carea' id='block_1_16' title="bbox 109 816 906 856">
    <p class='ocr_par' dir='ltr' id='par_1_16' title="bbox 109 816 906 856">
     <span class='ocr_line' id='line_1_16' title="bbox 109 816 906 856; baseline 0.008 -13"><span class='ocrx_word' id='word_1_114' title='bbox 109 818 200 844; x_wconf 87' lang='lat' dir='ltr'><strong>dentis</strong></span> <span class='ocrx_word' id='word_1_115' title='bbox 232 816 370 851; x_wconf 73' lang='lat' dir='ltr'><strong>fenum“;</strong></span> <span class='ocrx_word' id='word_1_116' title='bbox 387 828 395 844; x_wconf 76' lang='grc' dir='ltr'><strong>ι</strong></span> <span class='ocrx_word' id='word_1_117' title='bbox 415 820 441 846; x_wconf 93' lang='lat' dir='ltr'><strong>in</strong></span> <span class='ocrx_word' id='word_1_118' title='bbox 466 825 594 854; x_wconf 85' lang='lat' dir='ltr'><strong>quantum</strong></span> <span class='ocrx_word' id='word_1_119' title='bbox 612 821 724 848; x_wconf 90' lang='lat' dir='ltr'><strong>deorum</strong></span> <span class='ocrx_word' id='word_1_120' title='bbox 742 821 906 856; x_wconf 83' lang='lat' dir='ltr'><strong>multiplica-</strong></span> 
     </span>
    </p>
   </div>
   <div class='ocr_carea' id='block_1_17' title="bbox 110 865 904 900">
    <p class='ocr_par' dir='ltr' id='par_1_17' title="bbox 110 865 904 900">
     <span class='ocr_line' id='line_1_17' title="bbox 110 865 904 900; baseline 0.005 -11"><span class='ocrx_word' id='word_1_121' title='bbox 110 868 200 890; x_wconf 90' lang='lat' dir='ltr'><strong>torum</strong></span> <span class='ocrx_word' id='word_1_122' title='bbox 227 865 409 899; x_wconf 64' lang='lat' dir='ltr'><strong>praecipitium</strong></span> <span class='ocrx_word' id='word_1_123' title='bbox 435 866 553 899; x_wconf 87' lang='lat' dir='ltr'><strong>majores</strong></span> <span class='ocrx_word' id='word_1_124' title='bbox 571 867 652 894; x_wconf 87' lang='lat' dir='ltr'><strong>vestri</strong></span> <span class='ocrx_word' id='word_1_125' title='bbox 677 875 731 895; x_wconf 92' lang='lat' dir='ltr'><strong>non</strong></span> <span class='ocrx_word' id='word_1_126' title='bbox 749 868 904 900; x_wconf 88' lang='lat' dir='ltr'><strong>irruissent,</strong></span> 
     </span>
    </p>
   </div>
   <div class='ocr_carea' id='block_1_18' title="bbox 110 909 854 946">
    <p class='ocr_par' dir='ltr' id='par_1_18' title="bbox 110 909 854 946">
     <span class='ocr_line' id='line_1_18' title="bbox 110 909 854 946; baseline 0.007 -11"><span class='ocrx_word' id='word_1_127' title='bbox 110 909 133 936; x_wconf 90' lang='lat' dir='ltr'><strong>si</strong></span> <span class='ocrx_word' id='word_1_128' title='bbox 147 918 161 935; x_wconf 86' lang='lat' dir='ltr'><strong>a</strong></span> <span class='ocrx_word' id='word_1_129' title='bbox 179 909 256 936; x_wconf 83' lang='lat' dir='ltr'><strong>Mose</strong></span> <span class='ocrx_word' id='word_1_130' title='bbox 272 910 357 938; x_wconf 84' lang='lat' dir='ltr'><strong>Deum</strong></span> <span class='ocrx_word' id='word_1_131' title='bbox 374 911 452 938; x_wconf 89' lang='lat' dir='ltr'><strong>trium</strong></span> <span class='ocrx_word' id='word_1_132' title='bbox 470 912 649 946; x_wconf 83' lang='lat' dir='ltr'><strong>hypostaseon</strong></span> <span class='ocrx_word' id='word_1_133' title='bbox 678 913 854 941; x_wconf 74' lang='lat' dir='ltr'><strong>didicissent?</strong></span> 
     </span>
    </p>
   </div>
   <div class='ocr_carea' id='block_1_19' title="bbox 145 953 905 991">
    <p class='ocr_par' dir='ltr' id='par_1_19' title="bbox 145 953 905 991">
     <span class='ocr_line' id='line_1_19' title="bbox 145 953 905 991; baseline 0.007 -10"><span class='ocrx_word' id='word_1_134' title='bbox 145 953 206 982; x_wconf 84' lang='lat' dir='ltr'><strong>Jun.</strong></span> <span class='ocrx_word' id='word_1_135' title='bbox 227 954 287 982; x_wconf 85' lang='lat' dir='ltr'><strong>Non</strong></span> <span class='ocrx_word' id='word_1_136' title='bbox 301 957 356 989; x_wconf 89' lang='lat' dir='ltr'><strong>jam</strong></span> <span class='ocrx_word' id='word_1_137' title='bbox 373 956 407 983; x_wconf 87' lang='lat' dir='ltr'><strong>ad</strong></span> <span class='ocrx_word' id='word_1_138' title='bbox 421 956 555 991; x_wconf 82' lang='lat' dir='ltr'><strong>majorum</strong></span> <span class='ocrx_word' id='word_1_139' title='bbox 569 963 723 984; x_wconf 82' lang='lat' dir='ltr'><strong>nostrorum</strong></span> <span class='ocrx_word' id='word_1_140' title='bbox 736 958 852 986; x_wconf 81' lang='lat' dir='ltr'><strong>oﬂensas</strong></span> <span class='ocrx_word' id='word_1_141' title='bbox 862 959 905 985; x_wconf 88' lang='lat' dir='ltr'><strong>in-</strong></span> 
     </span>
    </p>
   </div>
   <div class='ocr_carea' id='block_1_20' title="bbox 111 1000 906 1038">
    <p class='ocr_par' dir='ltr' id='par_1_20' title="bbox 111 1000 906 1038">
     <span class='ocr_line' id='line_1_20' title="bbox 111 1000 906 1038; baseline 0.005 -12"><span class='ocrx_word' id='word_1_142' title='bbox 111 1000 276 1034; x_wconf 81' lang='lat' dir='ltr'><strong>telligendas</strong></span> <span class='ocrx_word' id='word_1_143' title='bbox 294 1001 434 1028; x_wconf 87' lang='lat' dir='ltr'><strong>adsumus.</strong></span> <span class='ocrx_word' id='word_1_144' title='bbox 456 1001 509 1029; x_wconf 87' lang='lat' dir='ltr'><strong>Sed</strong></span> <span class='ocrx_word' id='word_1_145' title='bbox 524 1003 620 1038; x_wconf 86' lang='lat' dir='ltr'><strong>ecquid</strong></span> <span class='ocrx_word' id='word_1_146' title='bbox 633 1023 640 1035; x_wconf 86' lang='lat'><strong>,</strong></span> <span class='ocrx_word' id='word_1_147' title='bbox 655 1007 684 1030; x_wconf 88' lang='lat' dir='ltr'><strong>ut</strong></span> <span class='ocrx_word' id='word_1_148' title='bbox 698 1003 819 1036; x_wconf 82' lang='lat' dir='ltr'><strong>dicebas,</strong></span> <span class='ocrx_word' id='word_1_149' title='bbox 836 1003 906 1030; x_wconf 84' lang='lat' dir='ltr'><strong>Deus</strong></span> 
     </span>
    </p>
   </div>
   <div class='ocr_carea' id='block_1_21' title="bbox 112 1047 906 1083">
    <p class='ocr_par' dir='ltr' id='par_1_21' title="bbox 112 1047 906 1083">
     <span class='ocr_line' id='line_1_21' title="bbox 112 1047 906 1083; baseline 0.004 -10"><span class='ocrx_word' id='word_1_150' title='bbox 112 1047 138 1073; x_wconf 92' lang='lat' dir='ltr'><strong>in</strong></span> <span class='ocrx_word' id='word_1_151' title='bbox 155 1047 244 1074; x_wconf 85' lang='lat' dir='ltr'><strong>tribus</strong></span> <span class='ocrx_word' id='word_1_152' title='bbox 256 1047 382 1082; x_wconf 85' lang='lat' dir='ltr'><strong>personis</strong></span> <span class='ocrx_word' id='word_1_153' title='bbox 393 1048 651 1082; x_wconf 80' lang='lat' dir='ltr'><strong>comprehenditur?</strong></span> <span class='ocrx_word' id='word_1_154' title='bbox 665 1048 757 1083; x_wconf 83' lang='lat' dir='ltr'><strong>Itaque</strong></span> <span class='ocrx_word' id='word_1_155' title='bbox 773 1049 817 1076; x_wconf 91' lang='lat' dir='ltr'><strong>hic</strong></span> <span class='ocrx_word' id='word_1_156' title='bbox 829 1049 906 1076; x_wconf 87' lang='lat' dir='ltr'><strong>nobis</strong></span> 
     </span>
    </p>
   </div>
   <div class='ocr_carea' id='block_1_22' title="bbox 113 1091 905 1129">
    <p class='ocr_par' dir='ltr' id='par_1_22' title="bbox 113 1091 905 1129">
     <span class='ocr_line' id='line_1_22' title="bbox 113 1091 905 1129; baseline 0.005 -12"><span class='ocrx_word' id='word_1_157' title='bbox 113 1091 258 1119; x_wconf 77' lang='lat' dir='ltr'><strong>veritatem</strong></span> <span class='ocrx_word' id='word_1_158' title='bbox 287 1098 484 1126; x_wconf 83' lang='lat' dir='ltr'><strong>connnonstra,</strong></span> <span class='ocrx_word' id='word_1_159' title='bbox 501 1099 529 1121; x_wconf 92' lang='lat' dir='ltr'><strong>et</strong></span> <span class='ocrx_word' id='word_1_160' title='bbox 554 1094 642 1128; x_wconf 82' lang='lat' dir='ltr'><strong>qualis</strong></span> <span class='ocrx_word' id='word_1_161' title='bbox 670 1095 799 1129; x_wconf 76' lang='lat' dir='ltr'><strong>propheta</strong></span> <span class='ocrx_word' id='word_1_162' title='bbox 821 1094 905 1122; x_wconf 89' lang='lat' dir='ltr'><strong>Deum</strong></span> 
     </span>
    </p>
   </div>
   <div class='ocr_carea' id='block_1_23' title="bbox 113 1139 397 1174">
    <p class='ocr_par' dir='ltr' id='par_1_23' title="bbox 113 1139 397 1174">
     <span class='ocr_line' id='line_1_23' title="bbox 113 1139 397 1174; baseline 0.007 -9"><span class='ocrx_word' id='word_1_163' title='bbox 113 1139 234 1174; x_wconf 80' lang='lat' dir='ltr'><strong>genitum</strong></span> <span class='ocrx_word' id='word_1_164' title='bbox 247 1139 397 1174; x_wconf 81' lang='lat' dir='ltr'><strong>signiﬁcet.</strong></span> 
     </span>
    </p>
   </div>
   <div class='ocr_carea' id='block_1_24' title="bbox 147 1185 905 1221">
    <p class='ocr_par' dir='ltr' id='par_1_24' title="bbox 147 1185 905 1221">
     <span class='ocr_line' id='line_1_24' title="bbox 147 1185 905 1221; baseline 0.004 -9"><span class='ocrx_word' id='word_1_165' title='bbox 147 1186 263 1214; x_wconf 72' lang='lat' dir='ltr'><strong>Cnntsr.</strong></span> <span class='ocrx_word' id='word_1_166' title='bbox 276 1185 485 1213; x_wconf 86' lang='lat' dir='ltr'><strong>Constabilitum</strong></span> <span class='ocrx_word' id='word_1_167' title='bbox 498 1187 576 1214; x_wconf 85' lang='lat' dir='ltr'><strong>vobis</strong></span> <span class='ocrx_word' id='word_1_168' title='bbox 586 1191 638 1220; x_wconf 86' lang='lat' dir='ltr'><strong>est,</strong></span> <span class='ocrx_word' id='word_1_169' title='bbox 653 1186 748 1221; x_wconf 63' lang='lat' dir='ltr'><strong>Judaei,</strong></span> <span class='ocrx_word' id='word_1_170' title='bbox 771 1187 905 1216; x_wconf 80' lang='lat' dir='ltr'><strong>nominem</strong></span> 
     </span>
    </p>
   </div>
   <div class='ocr_carea' id='block_1_25' title="bbox 113 1231 907 1268">
    <p class='ocr_par' dir='ltr' id='par_1_25' title="bbox 113 1231 907 1268">
     <span class='ocr_line' id='line_1_25' title="bbox 113 1231 907 1268; baseline 0.005 -11"><span class='ocrx_word' id='word_1_171' title='bbox 113 1237 234 1265; x_wconf 84' lang='lat' dir='ltr'><strong>unquam</strong></span> <span class='ocrx_word' id='word_1_172' title='bbox 265 1237 421 1259; x_wconf 82' lang='lat' dir='ltr'><strong>sanctorum</strong></span> <span class='ocrx_word' id='word_1_173' title='bbox 451 1237 563 1266; x_wconf 86' lang='lat' dir='ltr'><strong>vatum,</strong></span> <span class='ocrx_word' id='word_1_174' title='bbox 593 1231 639 1260; x_wconf 88' lang='lat' dir='ltr'><strong>Dei</strong></span> <span class='ocrx_word' id='word_1_175' title='bbox 672 1234 830 1268; x_wconf 84' lang='lat' dir='ltr'><strong>hypostasin</strong></span> <span class='ocrx_word' id='word_1_176' title='bbox 861 1237 907 1261; x_wconf 86' lang='lat' dir='ltr'><strong>aut</strong></span> 
     </span>
    </p>
   </div>
   <div class='ocr_carea' id='block_1_26' title="bbox 115 1278 907 1315">
    <p class='ocr_par' dir='ltr' id='par_1_26' title="bbox 115 1278 907 1315">
     <span class='ocr_line' id='line_1_26' title="bbox 115 1278 907 1315; baseline 0.005 -12"><span class='ocrx_word' id='word_1_177' title='bbox 115 1286 121 1303; x_wconf 83' lang='grc' dir='ltr'><strong>ι</strong></span> <span class='ocrx_word' id='word_1_178' title='bbox 131 1279 262 1305; x_wconf 84' lang='lat' dir='ltr'><strong>ssentiatn</strong></span> <span class='ocrx_word' id='word_1_179' title='bbox 275 1278 468 1312; x_wconf 73' lang='lat' dir='ltr'><strong>imaginatione</strong></span> <span class='ocrx_word' id='word_1_180' title='bbox 481 1279 727 1314; x_wconf 80' lang='lat' dir='ltr'><strong>comprehendisse.</strong></span> <span class='ocrx_word' id='word_1_181' title='bbox 740 1280 821 1315; x_wconf 78' lang='lat' dir='ltr'><strong>igitur</strong></span> <span class='ocrx_word' id='word_1_182' title='bbox 832 1285 907 1308; x_wconf 83' lang='lat' dir='ltr'><strong>certo</strong></span> 
     </span>
    </p>
   </div>
   <div class='ocr_carea' id='block_1_27' title="bbox 115 1322 907 1357">
    <p class='ocr_par' dir='ltr' id='par_1_27' title="bbox 115 1322 907 1357">
     <span class='ocr_line' id='line_1_27' title="bbox 115 1322 907 1357; baseline 0.005 -9"><span class='ocrx_word' id='word_1_183' title='bbox 115 1322 155 1349; x_wconf 87' lang='lat' dir='ltr'><strong>sic</strong></span> <span class='ocrx_word' id='word_1_184' title='bbox 179 1323 290 1354; x_wconf 86' lang='lat' dir='ltr'><strong>habete,</strong></span> <span class='ocrx_word' id='word_1_185' title='bbox 307 1330 359 1350; x_wconf 91' lang='lat' dir='ltr'><strong>non</strong></span> <span class='ocrx_word' id='word_1_186' title='bbox 381 1323 467 1350; x_wconf 86' lang='lat' dir='ltr'><strong>solum</strong></span> <span class='ocrx_word' id='word_1_187' title='bbox 492 1325 545 1351; x_wconf 90' lang='lat' dir='ltr'><strong>vim</strong></span> <span class='ocrx_word' id='word_1_188' title='bbox 574 1331 606 1352; x_wconf 92' lang='lat' dir='ltr'><strong>ac</strong></span> <span class='ocrx_word' id='word_1_189' title='bbox 629 1329 762 1357; x_wconf 85' lang='lat' dir='ltr'><strong>naturam,</strong></span> <span class='ocrx_word' id='word_1_190' title='bbox 783 1325 830 1352; x_wconf 87' lang='lat' dir='ltr'><strong>sed</strong></span> <span class='ocrx_word' id='word_1_191' title='bbox 858 1332 907 1352; x_wconf 89' lang='lat' dir='ltr'><strong>nec</strong></span> 
     </span>
    </p>
   </div>
   <div class='ocr_carea' id='block_1_28' title="bbox 118 1368 905 1406">
    <p class='ocr_par' dir='ltr' id='par_1_28' title="bbox 118 1368 905 1406">
     <span class='ocr_line' id='line_1_28' title="bbox 118 1368 905 1406; baseline 0.005 -12"><span class='ocrx_word' id='word_1_192' title='bbox 118 1375 217 1395; x_wconf 83' lang='lat' dir='ltr'><strong>nomen</strong></span> <span class='ocrx_word' id='word_1_193' title='bbox 227 1368 349 1404; x_wconf 80' lang='lat' dir='ltr'><strong>proferre</strong></span> <span class='ocrx_word' id='word_1_194' title='bbox 359 1369 463 1405; x_wconf 87' lang='lat' dir='ltr'><strong>(tantos</strong></span> <span class='ocrx_word' id='word_1_195' title='bbox 478 1370 565 1406; x_wconf 82' lang='lat' dir='ltr'><strong>vates)</strong></span> <span class='ocrx_word' id='word_1_196' title='bbox 582 1378 673 1406; x_wconf 84' lang='lat' dir='ltr'><strong>posse,</strong></span> <span class='ocrx_word' id='word_1_197' title='bbox 687 1371 732 1398; x_wconf 89' lang='lat' dir='ltr'><strong>Dei</strong></span> <span class='ocrx_word' id='word_1_198' title='bbox 748 1371 905 1404; x_wconf 82' lang='lat' dir='ltr'><strong>essentiam,</strong></span> 
     </span>
    </p>
   </div>
   <div class='ocr_carea' id='block_1_29' title="bbox 118 1414 906 1450">
    <p class='ocr_par' dir='ltr' id='par_1_29' title="bbox 118 1414 906 1450">
     <span class='ocr_line' id='line_1_29' title="bbox 118 1414 906 1450; baseline 0.004 -10"><span class='ocrx_word' id='word_1_199' title='bbox 118 1421 171 1441; x_wconf 83' lang='lat' dir='ltr'><strong>non</strong></span> <span class='ocrx_word' id='word_1_200' title='bbox 194 1414 329 1442; x_wconf 82' lang='lat' dir='ltr'><strong>actionem</strong></span> <span class='ocrx_word' id='word_1_201' title='bbox 346 1420 450 1443; x_wconf 85' lang='lat' dir='ltr'><strong>tantum</strong></span> <span class='ocrx_word' id='word_1_202' title='bbox 464 1416 621 1450; x_wconf 65' lang='lat' dir='ltr'><strong>significans</strong></span> <span class='ocrx_word' id='word_1_203' title='bbox 639 1425 646 1443; x_wconf 90' lang='lat'>:</span> <span class='ocrx_word' id='word_1_204' title='bbox 664 1416 704 1443; x_wconf 92' lang='lat' dir='ltr'><strong>uti</strong></span> <span class='ocrx_word' id='word_1_205' title='bbox 719 1418 801 1445; x_wconf 84' lang='lat' dir='ltr'><strong>etiam</strong></span> <span class='ocrx_word' id='word_1_206' title='bbox 829 1417 906 1450; x_wconf 88' lang='lat' dir='ltr'><strong>illud,</strong></span> 
     </span>
    </p>
   </div>
   <div class='ocr_carea' id='block_1_30' title="bbox 121 1460 904 1497">
    <p class='ocr_par' dir='ltr' id='par_1_30' title="bbox 121 1460 904 1497">
     <span class='ocr_line' id='line_1_30' title="bbox 121 1460 904 1497; baseline 0.001 -10"><span class='ocrx_word' id='word_1_207' title='bbox 121 1470 129 1486; x_wconf 80' lang='grc' dir='ltr'><strong>ι</strong></span> <span class='ocrx_word' id='word_1_208' title='bbox 145 1460 241 1488; x_wconf 76' lang='lat' dir='ltr'><strong>Manus</strong></span> <span class='ocrx_word' id='word_1_209' title='bbox 262 1465 313 1488; x_wconf 74' lang='lat' dir='ltr'><strong>tua:</strong></span> <span class='ocrx_word' id='word_1_210' title='bbox 330 1461 452 1490; x_wconf 84' lang='lat' dir='ltr'><strong>fecerunt</strong></span> <span class='ocrx_word' id='word_1_211' title='bbox 467 1470 509 1489; x_wconf 91' lang='lat' dir='ltr'><strong>me</strong></span> <span class='ocrx_word' id='word_1_212' title='bbox 535 1467 564 1490; x_wconf 85' lang='lat' dir='ltr'><strong>et</strong></span> <span class='ocrx_word' id='word_1_213' title='bbox 575 1462 774 1497; x_wconf 73' lang='lat' dir='ltr'><strong>plaSmavcrnnt</strong></span> <span class='ocrx_word' id='word_1_214' title='bbox 788 1470 830 1489; x_wconf 87' lang='lat' dir='ltr'><strong>tne</strong></span> <span class='ocrx_word' id='word_1_215' title='bbox 843 1463 876 1495; x_wconf 79' lang='lat'><strong>”;</strong></span> <span class='ocrx_word' id='word_1_216' title='bbox 895 1471 904 1488; x_wconf 73' lang='grc' dir='ltr'><strong>ι</strong></span> 
     </span>
    </p>
   </div>
   <div class='ocr_carea' id='block_1_31' title="bbox 121 1507 908 1542">
    <p class='ocr_par' dir='ltr' id='par_1_31' title="bbox 121 1507 908 1542">
     <span class='ocr_line' id='line_1_31' title="bbox 121 1507 908 1542; baseline 0.004 -10"><span class='ocrx_word' id='word_1_217' title='bbox 121 1507 203 1533; x_wconf 85' lang='lat' dir='ltr'><strong>David</strong></span> <span class='ocrx_word' id='word_1_218' title='bbox 219 1508 370 1542; x_wconf 86' lang='lat' dir='ltr'><strong>usurpavit,</strong></span> <span class='ocrx_word' id='word_1_219' title='bbox 400 1516 454 1535; x_wconf 94' lang='lat' dir='ltr'><strong>non</strong></span> <span class='ocrx_word' id='word_1_220' title='bbox 483 1509 559 1542; x_wconf 89' lang='lat' dir='ltr'><strong>quasi</strong></span> <span class='ocrx_word' id='word_1_221' title='bbox 587 1517 684 1536; x_wconf 88' lang='lat' dir='ltr'><strong>manus</strong></span> <span class='ocrx_word' id='word_1_222' title='bbox 702 1508 813 1536; x_wconf 84' lang='lat' dir='ltr'><strong>haberet</strong></span> <span class='ocrx_word' id='word_1_223' title='bbox 837 1508 908 1535; x_wconf 88' lang='lat' dir='ltr'><strong>Deus</strong></span> 
     </span>
    </p>
   </div>
   <div class='ocr_carea' id='block_1_32' title="bbox 120 1554 908 1590">
    <p class='ocr_par' dir='ltr' id='par_1_32' title="bbox 120 1554 908 1590">
     <span class='ocr_line' id='line_1_32' title="bbox 120 1554 908 1590; baseline -0.001 -9"><span class='ocrx_word' id='word_1_224' title='bbox 120 1554 172 1589; x_wconf 87' lang='lat' dir='ltr'><strong>(est</strong></span> <span class='ocrx_word' id='word_1_225' title='bbox 187 1554 260 1581; x_wconf 87' lang='lat' dir='ltr'><strong>enim</strong></span> <span class='ocrx_word' id='word_1_226' title='bbox 287 1554 393 1582; x_wconf 88' lang='lat' dir='ltr'><strong>Numen</strong></span> <span class='ocrx_word' id='word_1_227' title='bbox 416 1555 605 1590; x_wconf 88' lang='lat' dir='ltr'><strong>incorporeum</strong></span> <span class='ocrx_word' id='word_1_228' title='bbox 623 1559 650 1582; x_wconf 89' lang='lat' dir='ltr'><strong>et</strong></span> <span class='ocrx_word' id='word_1_229' title='bbox 666 1555 725 1583; x_wconf 90' lang='lat' dir='ltr'><strong>sine</strong></span> <span class='ocrx_word' id='word_1_230' title='bbox 736 1554 843 1588; x_wconf 77' lang='lat' dir='ltr'><strong>ﬁgura),</strong></span> <span class='ocrx_word' id='word_1_231' title='bbox 862 1556 908 1582; x_wconf 83' lang='lat' dir='ltr'><strong>sed</strong></span> 
     </span>
    </p>
   </div>
   <div class='ocr_carea' id='block_1_33' title="bbox 121 1600 909 1635">
    <p class='ocr_par' dir='ltr' id='par_1_33' title="bbox 121 1600 909 1635">
     <span class='ocr_line' id='line_1_33' title="bbox 121 1600 909 1635; baseline 0.001 -8"><span class='ocrx_word' id='word_1_232' title='bbox 121 1600 166 1628; x_wconf 87' lang='lat' dir='ltr'><strong>Dei</strong></span> <span class='ocrx_word' id='word_1_233' title='bbox 184 1600 323 1635; x_wconf 88' lang='lat' dir='ltr'><strong>opiﬁcium</strong></span> <span class='ocrx_word' id='word_1_234' title='bbox 354 1605 461 1628; x_wconf 87' lang='lat' dir='ltr'><strong>notans.</strong></span> <span class='ocrx_word' id='word_1_235' title='bbox 481 1601 512 1628; x_wconf 85' lang='lat' dir='ltr'><strong>Et</strong></span> <span class='ocrx_word' id='word_1_236' title='bbox 536 1608 655 1628; x_wconf 86' lang='lat' dir='ltr'><strong>rursus:</strong></span> <span class='ocrx_word' id='word_1_237' title='bbox 677 1611 686 1626; x_wconf 80' lang='grc' dir='ltr'><strong>ι</strong></span> <span class='ocrx_word' id='word_1_238' title='bbox 701 1601 778 1628; x_wconf 88' lang='lat' dir='ltr'><strong>Oculi</strong></span> <span class='ocrx_word' id='word_1_239' title='bbox 802 1600 909 1628; x_wconf 88' lang='lat' dir='ltr'><strong>Domini</strong></span> 
     </span>
    </p>
   </div>
   <div class='ocr_carea' id='block_1_34' title="bbox 120 1646 911 1682">
    <p class='ocr_par' dir='ltr' id='par_1_34' title="bbox 120 1646 911 1682">
     <span class='ocr_line' id='line_1_34' title="bbox 120 1646 911 1682; baseline 0.001 -9"><span class='ocrx_word' id='word_1_240' title='bbox 120 1654 201 1681; x_wconf 85' lang='lat' dir='ltr'><strong>super</strong></span> <span class='ocrx_word' id='word_1_241' title='bbox 211 1647 312 1681; x_wconf 79' lang='lat' dir='ltr'><strong>justus,</strong></span> <span class='ocrx_word' id='word_1_242' title='bbox 330 1651 357 1674; x_wconf 88' lang='lat' dir='ltr'><strong>et</strong></span> <span class='ocrx_word' id='word_1_243' title='bbox 371 1654 451 1674; x_wconf 85' lang='lat' dir='ltr'><strong>aures</strong></span> <span class='ocrx_word' id='word_1_244' title='bbox 462 1646 519 1681; x_wconf 87' lang='lat' dir='ltr'><strong>ejus</strong></span> <span class='ocrx_word' id='word_1_245' title='bbox 532 1647 558 1674; x_wconf 91' lang='lat' dir='ltr'><strong>in</strong></span> <span class='ocrx_word' id='word_1_246' title='bbox 575 1654 669 1682; x_wconf 88' lang='lat' dir='ltr'><strong>preces</strong></span> <span class='ocrx_word' id='word_1_247' title='bbox 687 1655 780 1675; x_wconf 84' lang='lat' dir='ltr'><strong>eorum</strong></span> <span class='ocrx_word' id='word_1_248' title='bbox 797 1656 804 1681; x_wconf 83' lang='lat'><strong>;</strong></span> <span class='ocrx_word' id='word_1_249' title='bbox 821 1647 911 1675; x_wconf 88' lang='lat' dir='ltr'><strong>vultus</strong></span> 
     </span>
    </p>
   </div>
   <div class='ocr_carea' id='block_1_35' title="bbox 121 1691 911 1727">
    <p class='ocr_par' dir='ltr' id='par_1_35' title="bbox 121 1691 911 1727">
     <span class='ocr_line' id='line_1_35' title="bbox 121 1691 911 1727; baseline 0.001 -9"><span class='ocrx_word' id='word_1_250' title='bbox 121 1697 211 1719; x_wconf 87' lang='lat' dir='ltr'><strong>autem</strong></span> <span class='ocrx_word' id='word_1_251' title='bbox 224 1691 331 1719; x_wconf 89' lang='lat' dir='ltr'><strong>Domini</strong></span> <span class='ocrx_word' id='word_1_252' title='bbox 349 1699 429 1726; x_wconf 78' lang='lat' dir='ltr'><strong>super</strong></span> <span class='ocrx_word' id='word_1_253' title='bbox 445 1692 577 1720; x_wconf 74' lang='lat' dir='ltr'><strong>iacientes</strong></span> <span class='ocrx_word' id='word_1_254' title='bbox 597 1693 667 1720; x_wconf 88' lang='lat' dir='ltr'><strong>mala</strong></span> <span class='ocrx_word' id='word_1_255' title='bbox 678 1693 712 1727; x_wconf 54' lang='lat'><strong>5&#39;;</strong></span> <span class='ocrx_word' id='word_1_256' title='bbox 729 1702 738 1719; x_wconf 75' lang='grc' dir='ltr'><strong>ι</strong></span> <span class='ocrx_word' id='word_1_257' title='bbox 759 1693 813 1720; x_wconf 87' lang='lat' dir='ltr'><strong>illis</strong></span> <span class='ocrx_word' id='word_1_258' title='bbox 829 1693 911 1720; x_wconf 87' lang='lat' dir='ltr'><strong>bene-</strong></span> 
     </span>
    </p>
   </div>
   <div class='ocr_carea' id='block_1_36' title="bbox 122 1737 912 1774">
    <p class='ocr_par' dir='ltr' id='par_1_36' title="bbox 122 1737 912 1774">
     <span class='ocr_line' id='line_1_36' title="bbox 122 1737 912 1774; baseline -0.003 -6"><span class='ocrx_word' id='word_1_259' title='bbox 122 1738 270 1774; x_wconf 85' lang='lat' dir='ltr'><strong>ﬁcentiam,</strong></span> <span class='ocrx_word' id='word_1_260' title='bbox 285 1738 328 1767; x_wconf 87' lang='lat' dir='ltr'><strong>bis</strong></span> <span class='ocrx_word' id='word_1_261' title='bbox 341 1737 474 1767; x_wconf 85' lang='lat' dir='ltr'><strong>vindicem</strong></span> <span class='ocrx_word' id='word_1_262' title='bbox 491 1737 538 1767; x_wconf 87' lang='lat' dir='ltr'><strong>Dei</strong></span> <span class='ocrx_word' id='word_1_263' title='bbox 553 1743 714 1774; x_wconf 86' lang='lat' dir='ltr'><strong>potestatem</strong></span> <span class='ocrx_word' id='word_1_264' title='bbox 731 1739 857 1766; x_wconf 88' lang='lat' dir='ltr'><strong>innuens.</strong></span> <span class='ocrx_word' id='word_1_265' title='bbox 873 1738 912 1766; x_wconf 90' lang='lat' dir='ltr'><strong>ita</strong></span> 
     </span>
    </p>
   </div>
   <div class='ocr_carea' id='block_1_37' title="bbox 122 1783 910 1819">
    <p class='ocr_par' dir='ltr' id='par_1_37' title="bbox 122 1783 910 1819">
     <span class='ocr_line' id='line_1_37' title="bbox 122 1783 910 1819; baseline -0.003 -7"><span class='ocrx_word' id='word_1_266' title='bbox 122 1793 187 1813; x_wconf 89' lang='lat' dir='ltr'><strong>sane</strong></span> <span class='ocrx_word' id='word_1_267' title='bbox 203 1790 230 1812; x_wconf 86' lang='lat' dir='ltr'><strong>et</strong></span> <span class='ocrx_word' id='word_1_268' title='bbox 246 1785 273 1812; x_wconf 92' lang='lat' dir='ltr'><strong>in</strong></span> <span class='ocrx_word' id='word_1_269' title='bbox 291 1784 446 1812; x_wconf 82' lang='lat' dir='ltr'><strong>nominibus</strong></span> <span class='ocrx_word' id='word_1_270' title='bbox 471 1783 541 1819; x_wconf 88' lang='lat' dir='ltr'><strong>(Dei)</strong></span> <span class='ocrx_word' id='word_1_271' title='bbox 567 1791 619 1811; x_wconf 90' lang='lat' dir='ltr'><strong>non</strong></span> <span class='ocrx_word' id='word_1_272' title='bbox 643 1784 760 1812; x_wconf 83' lang='lat' dir='ltr'><strong>divinam</strong></span> <span class='ocrx_word' id='word_1_273' title='bbox 776 1788 910 1816; x_wconf 89' lang='lat' dir='ltr'><strong>naturam,</strong></span> 
     </span>
    </p>
   </div>
   <div class='ocr_carea' id='block_1_38' title="bbox 122 1830 913 1865">
    <p class='ocr_par' dir='ltr' id='par_1_38' title="bbox 122 1830 913 1865">
     <span class='ocr_line' id='line_1_38' title="bbox 122 1830 913 1865; baseline -0.004 -6"><span class='ocrx_word' id='word_1_274' title='bbox 122 1832 168 1859; x_wconf 87' lang='lat' dir='ltr'><strong>sed</strong></span> <span class='ocrx_word' id='word_1_275' title='bbox 180 1831 357 1864; x_wconf 80' lang='lat' dir='ltr'><strong>iunctionem,</strong></span> <span class='ocrx_word' id='word_1_276' title='bbox 369 1831 556 1865; x_wconf 88' lang='lat' dir='ltr'><strong>occultamque</strong></span> <span class='ocrx_word' id='word_1_277' title='bbox 566 1830 694 1865; x_wconf 88' lang='lat' dir='ltr'><strong>operandi</strong></span> <span class='ocrx_word' id='word_1_278' title='bbox 711 1830 858 1857; x_wconf 83' lang='lat' dir='ltr'><strong>eiiicaciam</strong></span> <span class='ocrx_word' id='word_1_279' title='bbox 878 1838 913 1857; x_wconf 87' lang='lat' dir='ltr'><strong>ex</strong></span> 
     </span>
    </p>
   </div>
   <div class='ocr_carea' id='block_1_39' title="bbox 123 1873 912 1910">
    <p class='ocr_par' dir='ltr' id='par_1_39' title="bbox 123 1873 912 1910">
     <span class='ocr_line' id='line_1_39' title="bbox 123 1873 912 1910; baseline -0.003 -8"><span class='ocrx_word' id='word_1_280' title='bbox 123 1877 188 1910; x_wconf 88' lang='lat' dir='ltr'><strong>ipsis</strong></span> <span class='ocrx_word' id='word_1_281' title='bbox 215 1875 371 1903; x_wconf 88' lang='lat' dir='ltr'><strong>nominibus</strong></span> <span class='ocrx_word' id='word_1_282' title='bbox 394 1875 548 1910; x_wconf 85' lang='lat' dir='ltr'><strong>exprimere</strong></span> <span class='ocrx_word' id='word_1_283' title='bbox 571 1876 659 1902; x_wconf 83' lang='lat' dir='ltr'><strong>sancti</strong></span> <span class='ocrx_word' id='word_1_284' title='bbox 680 1879 823 1902; x_wconf 87' lang='lat' dir='ltr'><strong>conantur.</strong></span> <span class='ocrx_word' id='word_1_285' title='bbox 839 1873 912 1905; x_wconf 71' lang='lat' dir='ltr'><strong>Nam</strong></span> 
     </span>
    </p>
   </div>
   <div class='ocr_carea' id='block_1_40' title="bbox 124 1919 914 1954">
    <p class='ocr_par' dir='ltr' id='par_1_40' title="bbox 124 1919 914 1954">
     <span class='ocr_line' id='line_1_40' title="bbox 124 1919 914 1954; baseline -0.001 -7"><span class='ocrx_word' id='word_1_286' title='bbox 124 1921 168 1948; x_wconf 83' lang='lat' dir='ltr'><strong>illa</strong></span> <span class='ocrx_word' id='word_1_287' title='bbox 185 1921 313 1948; x_wconf 81' lang='lat' dir='ltr'><strong>Dominus</strong></span> <span class='ocrx_word' id='word_1_288' title='bbox 327 1921 444 1954; x_wconf 72' lang='lat' dir='ltr'><strong>Adonei,</strong></span> <span class='ocrx_word' id='word_1_289' title='bbox 458 1925 485 1947; x_wconf 90' lang='lat' dir='ltr'><strong>et</strong></span> <span class='ocrx_word' id='word_1_290' title='bbox 496 1919 624 1952; x_wconf 80' lang='lat' dir='ltr'><strong>Sabaoth,</strong></span> <span class='ocrx_word' id='word_1_291' title='bbox 640 1921 843 1954; x_wconf 72' lang='lat' dir='ltr'><strong>omnipotent&#39;ct</strong></span> <span class='ocrx_word' id='word_1_292' title='bbox 854 1919 914 1947; x_wconf 82' lang='lat' dir='ltr'><strong>Sal-</strong></span> 
     </span>
    </p>
   </div>
   <div class='ocr_carea' id='block_1_41' title="bbox 125 1966 755 2002">
    <p class='ocr_par' dir='ltr' id='par_1_41' title="bbox 125 1966 755 2002">
     <span class='ocr_line' id='line_1_41' title="bbox 125 1966 755 2002; baseline 0.003 -9"><span class='ocrx_word' id='word_1_293' title='bbox 125 1973 210 2000; x_wconf 77' lang='lat' dir='ltr'><strong>rntor,</strong></span> <span class='ocrx_word' id='word_1_294' title='bbox 226 1968 375 2000; x_wconf 83' lang='lat' dir='ltr'><strong>actionem,</strong></span> <span class='ocrx_word' id='word_1_295' title='bbox 389 1974 442 1994; x_wconf 91' lang='lat' dir='ltr'><strong>non</strong></span> <span class='ocrx_word' id='word_1_296' title='bbox 456 1966 651 2002; x_wconf 86' lang='lat' dir='ltr'><strong>naturamsigni</strong></span> <span class='ocrx_word' id='word_1_297' title='bbox 663 1966 755 1995; x_wconf 84' lang='lat' dir='ltr'><strong>ﬁcant.</strong></span> 
     </span>
    </p>
   </div>
   <div class='ocr_carea' id='block_1_42' title="bbox 436 2011 603 2041">
    <p class='ocr_par' dir='ltr' id='par_1_42' title="bbox 436 2011 603 2041">
     <span class='ocr_line' id='line_1_42' title="bbox 436 2011 603 2041; baseline 0.012 -2"><span class='ocrx_word' id='word_1_298' title='bbox 436 2012 551 2040; x_wconf 80' lang='lat' dir='ltr'><strong>CAPUT</strong></span> <span class='ocrx_word' id='word_1_299' title='bbox 569 2011 603 2041; x_wconf 85' lang='lat' dir='ltr'><strong>V.</strong></span> 
     </span>
    </p>
   </div>
   <div class='ocr_carea' id='block_1_43' title="bbox 405 2058 641 2094">
    <p class='ocr_par' dir='ltr' id='par_1_43' title="bbox 405 2058 641 2094">
     <span class='ocr_line' id='line_1_43' title="bbox 405 2058 641 2094; baseline -0.004 -8"><span class='ocrx_word' id='word_1_300' title='bbox 405 2058 452 2086; x_wconf 83' lang='lat' dir='ltr'><strong>Dei</strong></span> <span class='ocrx_word' id='word_1_301' title='bbox 470 2059 641 2094; x_wconf 78' lang='lat' dir='ltr'><strong>signiﬁcatio.</strong></span> 
     </span>
    </p>
   </div>
   <div class='ocr_carea' id='block_1_44' title="bbox 158 2104 913 2140">
    <p class='ocr_par' dir='ltr' id='par_1_44' title="bbox 158 2104 913 2140">
     <span class='ocr_line' id='line_1_44' title="bbox 158 2104 913 2140; baseline -0.001 -8"><span class='ocrx_word' id='word_1_302' title='bbox 158 2104 218 2132; x_wconf 79' lang='lat' dir='ltr'><strong>Jam</strong></span> <span class='ocrx_word' id='word_1_303' title='bbox 239 2111 302 2132; x_wconf 85' lang='lat' dir='ltr'><strong>vero</strong></span> <span class='ocrx_word' id='word_1_304' title='bbox 317 2105 380 2140; x_wconf 89' lang='lat' dir='ltr'><strong>quid</strong></span> <span class='ocrx_word' id='word_1_305' title='bbox 405 2110 561 2132; x_wconf 86' lang='lat' dir='ltr'><strong>sanctorum</strong></span> <span class='ocrx_word' id='word_1_306' title='bbox 578 2111 659 2132; x_wconf 87' lang='lat' dir='ltr'><strong>voces</strong></span> <span class='ocrx_word' id='word_1_307' title='bbox 679 2108 836 2138; x_wconf 87' lang='lat' dir='ltr'><strong>consector,</strong></span> <span class='ocrx_word' id='word_1_308' title='bbox 853 2111 913 2131; x_wconf 88' lang='lat' dir='ltr'><strong>cum</strong></span> 
     </span>
    </p>
   </div>
   <div class='ocr_carea' id='block_1_45' title="bbox 124 2149 914 2187">
    <p class='ocr_par' dir='ltr' id='par_1_45' title="bbox 124 2149 914 2187">
     <span class='ocr_line' id='line_1_45' title="bbox 124 2149 914 2187; baseline -0.003 -7"><span class='ocrx_word' id='word_1_309' title='bbox 124 2153 182 2187; x_wconf 90' lang='lat' dir='ltr'><strong>ipsc</strong></span> <span class='ocrx_word' id='word_1_310' title='bbox 197 2151 279 2178; x_wconf 87' lang='lat' dir='ltr'><strong>etiam</strong></span> <span class='ocrx_word' id='word_1_311' title='bbox 298 2151 369 2178; x_wconf 88' lang='lat' dir='ltr'><strong>Deus</strong></span> <span class='ocrx_word' id='word_1_312' title='bbox 392 2151 486 2177; x_wconf 91' lang='lat' dir='ltr'><strong>eadem</strong></span> <span class='ocrx_word' id='word_1_313' title='bbox 504 2150 596 2177; x_wconf 89' lang='lat' dir='ltr'><strong>dicens</strong></span> <span class='ocrx_word' id='word_1_314' title='bbox 614 2149 789 2177; x_wconf 82' lang='lat' dir='ltr'><strong>inveniatur?</strong></span> <span class='ocrx_word' id='word_1_315' title='bbox 805 2149 914 2178; x_wconf 86' lang='lat' dir='ltr'><strong>Parenti</strong></span> 
     </span>
    </p>
   </div>
   <div class='ocr_carea' id='block_1_46' title="bbox 1690 120 1742 154">
    <p class='ocr_par' dir='ltr' id='par_1_46' title="bbox 1690 120 1742 154">
     <span class='ocr_line' id='line_1_46' title="bbox 1690 120 1742 154; baseline 0.058 -3"><span class='ocrx_word' id='word_1_316' title='bbox 1690 120 1742 154; x_wconf 41' lang='lat'><strong>8‘6</strong></span> 
     </span>
    </p>
   </div>
   <div class='ocr_carea' id='block_1_47' title="bbox 989 177 1742 213">
    <p class='ocr_par' dir='ltr' id='par_1_47' title="bbox 989 177 1742 213">
     <span class='ocr_line' id='line_1_47' title="bbox 989 177 1742 213; baseline 0 -9"><span class='ocrx_word' id='word_1_317' title='bbox 989 177 1107 205; x_wconf 81' lang='lat' dir='ltr'><strong>Rursum</strong></span> <span class='ocrx_word' id='word_1_318' title='bbox 1124 177 1222 211; x_wconf 83' lang='lat' dir='ltr'><strong>Moses,</strong></span> <span class='ocrx_word' id='word_1_319' title='bbox 1237 178 1283 213; x_wconf 81' lang='lat' dir='ltr'><strong>qui</strong></span> <span class='ocrx_word' id='word_1_320' title='bbox 1298 179 1332 206; x_wconf 81' lang='lat' dir='ltr'><strong>ad</strong></span> <span class='ocrx_word' id='word_1_321' title='bbox 1345 178 1485 213; x_wconf 70' lang='lat' dir='ltr'><strong>negotium</strong></span> <span class='ocrx_word' id='word_1_322' title='bbox 1499 178 1637 212; x_wconf 79' lang='lat' dir='ltr'><strong>quoddam</strong></span> <span class='ocrx_word' id='word_1_323' title='bbox 1650 179 1742 212; x_wconf 82' lang='lat' dir='ltr'><strong>populi</strong></span> 
     </span>
    </p>
   </div>
   <div class='ocr_carea' id='block_1_48' title="bbox 954 224 1745 260">
    <p class='ocr_par' dir='ltr' id='par_1_48' title="bbox 954 224 1745 260">
     <span class='ocr_line' id='line_1_48' title="bbox 954 224 1745 260; baseline -0.001 -10"><span class='ocrx_word' id='word_1_324' title='bbox 954 227 1014 251; x_wconf 80' lang='lat' dir='ltr'><strong>erat</strong></span> <span class='ocrx_word' id='word_1_325' title='bbox 1029 224 1145 258; x_wconf 77' lang='lat' dir='ltr'><strong>legatus,</strong></span> <span class='ocrx_word' id='word_1_326' title='bbox 1157 231 1223 252; x_wconf 83' lang='lat' dir='ltr'><strong>cum</strong></span> <span class='ocrx_word' id='word_1_327' title='bbox 1241 230 1376 260; x_wconf 59' lang='lat' dir='ltr'><strong>quareret</strong></span> <span class='ocrx_word' id='word_1_328' title='bbox 1388 245 1396 258; x_wconf 90' lang='lat'><strong>,</strong></span> <span class='ocrx_word' id='word_1_329' title='bbox 1414 226 1435 252; x_wconf 91' lang='lat' dir='ltr'><strong>si</strong></span> <span class='ocrx_word' id='word_1_330' title='bbox 1449 232 1489 253; x_wconf 77' lang='lat' dir='ltr'><strong>ex</strong></span> <span class='ocrx_word' id='word_1_331' title='bbox 1501 232 1533 252; x_wconf 81' lang='lat' dir='ltr'><strong>se</strong></span> <span class='ocrx_word' id='word_1_332' title='bbox 1548 229 1668 259; x_wconf 76' lang='lat' dir='ltr'><strong>peterent</strong></span> <span class='ocrx_word' id='word_1_333' title='bbox 1684 224 1745 258; x_wconf 77' lang='lat' dir='ltr'><strong>quis</strong></span> 
     </span>
    </p>
   </div>
   <div class='ocr_carea' id='block_1_49' title="bbox 955 269 1742 305">
    <p class='ocr_par' dir='ltr' id='par_1_49' title="bbox 955 269 1742 305">
     <span class='ocr_line' id='line_1_49' title="bbox 955 269 1742 305; baseline 0.001 -9"><span class='ocrx_word' id='word_1_334' title='bbox 955 276 985 297; x_wconf 90' lang='lat' dir='ltr'><strong>se</strong></span> <span class='ocrx_word' id='word_1_335' title='bbox 1009 269 1140 302; x_wconf 86' lang='lat' dir='ltr'><strong>misisset.</strong></span> <span class='ocrx_word' id='word_1_336' title='bbox 1169 270 1234 305; x_wconf 89' lang='lat' dir='ltr'><strong>quid</strong></span> <span class='ocrx_word' id='word_1_337' title='bbox 1256 273 1450 305; x_wconf 79' lang='lat' dir='ltr'><strong>responderet,</strong></span> <span class='ocrx_word' id='word_1_338' title='bbox 1469 272 1521 298; x_wconf 88' lang='lat' dir='ltr'><strong>hoc</strong></span> <span class='ocrx_word' id='word_1_339' title='bbox 1536 279 1550 298; x_wconf 89' lang='lat' dir='ltr'><strong>a</strong></span> <span class='ocrx_word' id='word_1_340' title='bbox 1568 271 1623 298; x_wconf 85' lang='lat' dir='ltr'><strong>Deo</strong></span> <span class='ocrx_word' id='word_1_341' title='bbox 1645 271 1742 298; x_wconf 66' lang='lat' dir='ltr'><strong>audit:</strong></span> 
     </span>
    </p>
   </div>
   <div class='ocr_carea' id='block_1_50' title="bbox 957 314 1744 351">
    <p class='ocr_par' dir='ltr' id='par_1_50' title="bbox 957 314 1744 351">
     <span class='ocr_line' id='line_1_50' title="bbox 957 314 1744 351; baseline 0.003 -10"><span class='ocrx_word' id='word_1_342' title='bbox 957 325 967 341; x_wconf 85' lang='grc'><strong><em>‹</em></strong></span> <span class='ocrx_word' id='word_1_343' title='bbox 982 314 1033 348; x_wconf 86' lang='lat' dir='ltr'><strong>Qui</strong></span> <span class='ocrx_word' id='word_1_344' title='bbox 1050 321 1090 342; x_wconf 90' lang='lat' dir='ltr'><strong>est</strong></span> <span class='ocrx_word' id='word_1_345' title='bbox 1101 316 1139 342; x_wconf 81' lang='lat' dir='ltr'><strong>uli</strong></span> <span class='ocrx_word' id='word_1_346' title='bbox 1160 325 1169 342; x_wconf 71' lang='grc' dir='ltr'><strong>ι</strong></span> <span class='ocrx_word' id='word_1_347' title='bbox 1188 316 1253 349; x_wconf 74' lang='lat' dir='ltr'><strong>Qnte</strong></span> <span class='ocrx_word' id='word_1_348' title='bbox 1270 325 1319 344; x_wconf 83' lang='lat' dir='ltr'><strong>vox</strong></span> <span class='ocrx_word' id='word_1_349' title='bbox 1350 324 1404 344; x_wconf 92' lang='lat' dir='ltr'><strong>non</strong></span> <span class='ocrx_word' id='word_1_350' title='bbox 1420 322 1544 344; x_wconf 82' lang='lat' dir='ltr'><strong>naturam</strong></span> <span class='ocrx_word' id='word_1_351' title='bbox 1558 321 1744 351; x_wconf 68' lang='lat' dir='ltr'><strong>repraesentat,</strong></span> 
     </span>
    </p>
   </div>
   <div class='ocr_carea' id='block_1_51' title="bbox 955 361 1744 397">
    <p class='ocr_par' dir='ltr' id='par_1_51' title="bbox 955 361 1744 397">
     <span class='ocr_line' id='line_1_51' title="bbox 955 361 1744 397; baseline 0.003 -9"><span class='ocrx_word' id='word_1_352' title='bbox 955 361 1001 388; x_wconf 82' lang='lat' dir='ltr'><strong>sed</strong></span> <span class='ocrx_word' id='word_1_353' title='bbox 1027 366 1127 389; x_wconf 86' lang='lat' dir='ltr'><strong>statum</strong></span> <span class='ocrx_word' id='word_1_354' title='bbox 1145 370 1177 389; x_wconf 84' lang='lat' dir='ltr'><strong>ac</strong></span> <span class='ocrx_word' id='word_1_355' title='bbox 1200 364 1430 397; x_wconf 86' lang='lat' dir='ltr'><strong>permansionem.</strong></span> <span class='ocrx_word' id='word_1_356' title='bbox 1449 364 1539 397; x_wconf 85' lang='lat' dir='ltr'><strong>Quare</strong></span> <span class='ocrx_word' id='word_1_357' title='bbox 1555 365 1637 391; x_wconf 87' lang='lat' dir='ltr'><strong>etiam</strong></span> <span class='ocrx_word' id='word_1_358' title='bbox 1657 369 1744 396; x_wconf 83' lang='lat' dir='ltr'><strong>vates,</strong></span> 
     </span>
    </p>
   </div>
   <div class='ocr_carea' id='block_1_52' title="bbox 955 407 1744 443">
    <p class='ocr_par' dir='ltr' id='par_1_52' title="bbox 955 407 1744 443">
     <span class='ocr_line' id='line_1_52' title="bbox 955 407 1744 443; baseline 0.001 -9"><span class='ocrx_word' id='word_1_359' title='bbox 955 412 1009 434; x_wconf 86' lang='lat' dir='ltr'><strong>non</strong></span> <span class='ocrx_word' id='word_1_360' title='bbox 1037 415 1117 442; x_wconf 84' lang='lat' dir='ltr'><strong>puras</strong></span> <span class='ocrx_word' id='word_1_361' title='bbox 1140 412 1217 441; x_wconf 83' lang='lat' dir='ltr'><strong>putas</strong></span> <span class='ocrx_word' id='word_1_362' title='bbox 1243 408 1295 436; x_wconf 87' lang='lat' dir='ltr'><strong>SS.</strong></span> <span class='ocrx_word' id='word_1_363' title='bbox 1320 407 1461 436; x_wconf 84' lang='lat' dir='ltr'><strong>Trinitatis</strong></span> <span class='ocrx_word' id='word_1_364' title='bbox 1487 409 1678 443; x_wconf 80' lang='lat' dir='ltr'><strong>apparitiones,</strong></span> <span class='ocrx_word' id='word_1_365' title='bbox 1695 411 1744 436; x_wconf 83' lang='lat' dir='ltr'><strong>sed</strong></span> 
     </span>
    </p>
   </div>
   <div class='ocr_carea' id='block_1_53' title="bbox 954 453 1748 489">
    <p class='ocr_par' dir='ltr' id='par_1_53' title="bbox 954 453 1748 489">
     <span class='ocr_line' id='line_1_53' title="bbox 954 453 1748 489; baseline 0.004 -11"><span class='ocrx_word' id='word_1_366' title='bbox 954 460 1006 487; x_wconf 86' lang='lat' dir='ltr'><strong>pro</strong></span> <span class='ocrx_word' id='word_1_367' title='bbox 1022 459 1070 479; x_wconf 83' lang='lat' dir='ltr'><strong>suo</strong></span> <span class='ocrx_word' id='word_1_368' title='bbox 1086 453 1203 488; x_wconf 82' lang='lat' dir='ltr'><strong>quisque</strong></span> <span class='ocrx_word' id='word_1_369' title='bbox 1229 458 1308 489; x_wconf 86' lang='lat' dir='ltr'><strong>captu</strong></span> <span class='ocrx_word' id='word_1_370' title='bbox 1325 455 1559 488; x_wconf 83' lang='lat' dir='ltr'><strong>conscripserunt.</strong></span> <span class='ocrx_word' id='word_1_371' title='bbox 1575 453 1692 481; x_wconf 77' lang='lat' dir='ltr'><strong>Necesse</strong></span> <span class='ocrx_word' id='word_1_372' title='bbox 1705 458 1748 481; x_wconf 85' lang='lat' dir='ltr'><strong>est</strong></span> 
     </span>
    </p>
   </div>
   <div class='ocr_carea' id='block_1_54' title="bbox 957 498 1745 533">
    <p class='ocr_par' dir='ltr' id='par_1_54' title="bbox 957 498 1745 533">
     <span class='ocr_line' id='line_1_54' title="bbox 957 498 1745 533; baseline 0.004 -9"><span class='ocrx_word' id='word_1_373' title='bbox 957 498 1039 532; x_wconf 82' lang='lat' dir='ltr'><strong>igitur</strong></span> <span class='ocrx_word' id='word_1_374' title='bbox 1055 498 1112 533; x_wconf 80' lang='lat' dir='ltr'><strong>(ii)</strong></span> <span class='ocrx_word' id='word_1_375' title='bbox 1131 498 1178 525; x_wconf 81' lang='lat' dir='ltr'><strong>Dei</strong></span> <span class='ocrx_word' id='word_1_376' title='bbox 1195 499 1296 526; x_wconf 77' lang='lat' dir='ltr'><strong>notitiae</strong></span> <span class='ocrx_word' id='word_1_377' title='bbox 1309 500 1445 527; x_wconf 83' lang='lat' dir='ltr'><strong>studiosos</strong></span> <span class='ocrx_word' id='word_1_378' title='bbox 1465 500 1491 526; x_wconf 94' lang='lat' dir='ltr'><strong>in</strong></span> <span class='ocrx_word' id='word_1_379' title='bbox 1513 507 1617 527; x_wconf 85' lang='lat' dir='ltr'><strong>sacram</strong></span> <span class='ocrx_word' id='word_1_380' title='bbox 1639 508 1745 527; x_wconf 88' lang='lat' dir='ltr'><strong>otnnem</strong></span> 
     </span>
    </p>
   </div>
   <div class='ocr_carea' id='block_1_55' title="bbox 957 542 1748 580">
    <p class='ocr_par' dir='ltr' id='par_1_55' title="bbox 957 542 1748 580">
     <span class='ocr_line' id='line_1_55' title="bbox 957 542 1748 580; baseline 0.004 -10"><span class='ocrx_word' id='word_1_381' title='bbox 957 542 1137 578; x_wconf 77' lang='lat' dir='ltr'><strong>Scripturam,</strong></span> <span class='ocrx_word' id='word_1_382' title='bbox 1154 543 1226 571; x_wconf 88' lang='lat' dir='ltr'><strong>velut</strong></span> <span class='ocrx_word' id='word_1_383' title='bbox 1253 546 1392 580; x_wconf 80' lang='lat' dir='ltr'><strong>speculum</strong></span> <span class='ocrx_word' id='word_1_384' title='bbox 1411 546 1559 580; x_wconf 88' lang='lat' dir='ltr'><strong>inspicere,</strong></span> <span class='ocrx_word' id='word_1_385' title='bbox 1579 551 1607 573; x_wconf 90' lang='lat' dir='ltr'><strong>et</strong></span> <span class='ocrx_word' id='word_1_386' title='bbox 1620 546 1699 573; x_wconf 86' lang='lat' dir='ltr'><strong>aliam</strong></span> <span class='ocrx_word' id='word_1_387' title='bbox 1715 554 1748 573; x_wconf 76' lang='lat' dir='ltr'><strong>ex</strong></span> 
     </span>
    </p>
   </div>
   <div class='ocr_carea' id='block_1_56' title="bbox 957 589 1746 626">
    <p class='ocr_par' dir='ltr' id='par_1_56' title="bbox 957 589 1746 626">
     <span class='ocr_line' id='line_1_56' title="bbox 957 589 1746 626; baseline 0.003 -10"><span class='ocrx_word' id='word_1_388' title='bbox 957 589 1010 616; x_wconf 85' lang='lat' dir='ltr'><strong>alio</strong></span> <span class='ocrx_word' id='word_1_389' title='bbox 1031 591 1169 617; x_wconf 89' lang='lat' dir='ltr'><strong>notionem</strong></span> <span class='ocrx_word' id='word_1_390' title='bbox 1187 591 1220 617; x_wconf 92' lang='lat' dir='ltr'><strong>ad</strong></span> <span class='ocrx_word' id='word_1_391' title='bbox 1233 599 1314 617; x_wconf 90' lang='lat' dir='ltr'><strong>unum</strong></span> <span class='ocrx_word' id='word_1_392' title='bbox 1342 591 1450 625; x_wconf 87' lang='lat' dir='ltr'><strong>aliquod</strong></span> <span class='ocrx_word' id='word_1_393' title='bbox 1478 593 1600 619; x_wconf 86' lang='lat' dir='ltr'><strong>veritatis</strong></span> <span class='ocrx_word' id='word_1_394' title='bbox 1620 596 1746 626; x_wconf 91' lang='lat' dir='ltr'><strong>tanquam</strong></span> 
     </span>
    </p>
   </div>
   <div class='ocr_carea' id='block_1_57' title="bbox 958 634 1751 672">
    <p class='ocr_par' dir='ltr' id='par_1_57' title="bbox 958 634 1751 672">
     <span class='ocr_line' id='line_1_57' title="bbox 958 634 1751 672; baseline 0.004 -11"><span class='ocrx_word' id='word_1_395' title='bbox 958 634 1133 661; x_wconf 90' lang='lat' dir='ltr'><strong>simulacrum</strong></span> <span class='ocrx_word' id='word_1_396' title='bbox 1162 642 1318 670; x_wconf 78' lang='lat' dir='ltr'><strong>corrogare.</strong></span> <span class='ocrx_word' id='word_1_397' title='bbox 1336 635 1365 663; x_wconf 91' lang='lat' dir='ltr'><strong>id</strong></span> <span class='ocrx_word' id='word_1_398' title='bbox 1387 637 1459 664; x_wconf 89' lang='lat' dir='ltr'><strong>enim</strong></span> <span class='ocrx_word' id='word_1_399' title='bbox 1488 645 1536 663; x_wconf 87' lang='lat' dir='ltr'><strong>nos</strong></span> <span class='ocrx_word' id='word_1_400' title='bbox 1565 637 1636 664; x_wconf 89' lang='lat' dir='ltr'><strong>Deus</strong></span> <span class='ocrx_word' id='word_1_401' title='bbox 1662 643 1751 672; x_wconf 82' lang='lat' dir='ltr'><strong>ctpcr</strong></span> 
     </span>
    </p>
   </div>
   <div class='ocr_carea' id='block_1_58' title="bbox 957 680 1752 716">
    <p class='ocr_par' dir='ltr' id='par_1_58' title="bbox 957 680 1752 716">
     <span class='ocr_line' id='line_1_58' title="bbox 957 680 1752 716; baseline 0.006 -11"><span class='ocrx_word' id='word_1_402' title='bbox 957 680 1048 707; x_wconf 81' lang='lat' dir='ltr'><strong>Mosen</strong></span> <span class='ocrx_word' id='word_1_403' title='bbox 1065 681 1166 714; x_wconf 86' lang='lat' dir='ltr'><strong>docuit,</strong></span> <span class='ocrx_word' id='word_1_404' title='bbox 1183 682 1205 708; x_wconf 90' lang='lat' dir='ltr'><strong>ei</strong></span> <span class='ocrx_word' id='word_1_405' title='bbox 1224 682 1311 716; x_wconf 87' lang='lat' dir='ltr'><strong>primo</strong></span> <span class='ocrx_word' id='word_1_406' title='bbox 1326 689 1440 709; x_wconf 88' lang='lat' dir='ltr'><strong>ascensu</strong></span> <span class='ocrx_word' id='word_1_407' title='bbox 1458 682 1561 709; x_wconf 84' lang='lat' dir='ltr'><strong>tabulas</strong></span> <span class='ocrx_word' id='word_1_408' title='bbox 1579 690 1593 709; x_wconf 88' lang='lat' dir='ltr'><strong>a</strong></span> <span class='ocrx_word' id='word_1_409' title='bbox 1612 691 1640 710; x_wconf 86' lang='lat' dir='ltr'><strong>sc</strong></span> <span class='ocrx_word' id='word_1_410' title='bbox 1657 691 1752 710; x_wconf 83' lang='lat' dir='ltr'><strong>exara-</strong></span> 
     </span>
    </p>
   </div>
   <div class='ocr_carea' id='block_1_59' title="bbox 958 727 1751 763">
    <p class='ocr_par' dir='ltr' id='par_1_59' title="bbox 958 727 1751 763">
     <span class='ocr_line' id='line_1_59' title="bbox 958 727 1751 763; baseline 0.003 -10"><span class='ocrx_word' id='word_1_411' title='bbox 958 730 1001 754; x_wconf 84' lang='lat' dir='ltr'><strong>tas</strong></span> <span class='ocrx_word' id='word_1_412' title='bbox 1019 727 1127 754; x_wconf 85' lang='lat' dir='ltr'><strong>tradens</strong></span> <span class='ocrx_word' id='word_1_413' title='bbox 1142 727 1174 759; x_wconf 74' lang='grc'><strong>⁸⁸,</strong></span> <span class='ocrx_word' id='word_1_414' title='bbox 1193 728 1277 755; x_wconf 86' lang='lat' dir='ltr'><strong>altero</strong></span> <span class='ocrx_word' id='word_1_415' title='bbox 1293 735 1347 754; x_wconf 90' lang='lat' dir='ltr'><strong>non</strong></span> <span class='ocrx_word' id='word_1_416' title='bbox 1370 730 1444 754; x_wconf 86' lang='lat' dir='ltr'><strong>item.</strong></span> <span class='ocrx_word' id='word_1_417' title='bbox 1464 728 1516 755; x_wconf 88' lang='lat' dir='ltr'><strong>Sed</strong></span> <span class='ocrx_word' id='word_1_418' title='bbox 1533 729 1598 762; x_wconf 90' lang='lat' dir='ltr'><strong>quid</strong></span> <span class='ocrx_word' id='word_1_419' title='bbox 1613 729 1636 756; x_wconf 87' lang='lat' dir='ltr'><strong>ei</strong></span> <span class='ocrx_word' id='word_1_420' title='bbox 1658 729 1751 763; x_wconf 82' lang='lat' dir='ltr'><strong>jubet?</strong></span> 
     </span>
    </p>
   </div>
   <div class='ocr_carea' id='block_1_60' title="bbox 962 772 1749 809">
    <p class='ocr_par' dir='ltr' id='par_1_60' title="bbox 962 772 1749 809">
     <span class='ocr_line' id='line_1_60' title="bbox 962 772 1749 809; baseline 0 -10"><span class='ocrx_word' id='word_1_421' title='bbox 962 781 971 798; x_wconf 71' lang='grc' dir='ltr'>α</span> <span class='ocrx_word' id='word_1_422' title='bbox 986 772 1104 800; x_wconf 67' lang='lat' dir='ltr'><strong>Praecide</strong></span> <span class='ocrx_word' id='word_1_423' title='bbox 1117 773 1165 800; x_wconf 87' lang='lat' dir='ltr'><strong>tibi</strong></span> <span class='ocrx_word' id='word_1_424' title='bbox 1180 774 1247 800; x_wconf 89' lang='lat' dir='ltr'><strong>duas</strong></span> <span class='ocrx_word' id='word_1_425' title='bbox 1264 773 1368 801; x_wconf 83' lang='lat' dir='ltr'><strong>tabulas</strong></span> <span class='ocrx_word' id='word_1_426' title='bbox 1380 774 1501 809; x_wconf 84' lang='lat' dir='ltr'><strong>lapideas</strong></span> <span class='ocrx_word' id='word_1_427' title='bbox 1518 775 1604 801; x_wconf 83' lang='lat' dir='ltr'><strong>instar</strong></span> <span class='ocrx_word' id='word_1_428' title='bbox 1615 775 1749 808; x_wconf 89' lang='lat' dir='ltr'><strong>priorum,</strong></span> 
     </span>
    </p>
   </div>
   <div class='ocr_carea' id='block_1_61' title="bbox 959 819 1751 854">
    <p class='ocr_par' dir='ltr' id='par_1_61' title="bbox 959 819 1751 854">
     <span class='ocr_line' id='line_1_61' title="bbox 959 819 1751 854; baseline 0.003 -8"><span class='ocrx_word' id='word_1_429' title='bbox 959 824 986 846; x_wconf 87' lang='lat' dir='ltr'><strong>et</strong></span> <span class='ocrx_word' id='word_1_430' title='bbox 1004 819 1121 846; x_wconf 83' lang='lat' dir='ltr'><strong>scribam</strong></span> <span class='ocrx_word' id='word_1_431' title='bbox 1139 826 1222 853; x_wconf 89' lang='lat' dir='ltr'><strong>super</strong></span> <span class='ocrx_word' id='word_1_432' title='bbox 1235 826 1281 847; x_wconf 85' lang='lat' dir='ltr'><strong>ens</strong></span> <span class='ocrx_word' id='word_1_433' title='bbox 1297 821 1389 852; x_wconf 83' lang='lat' dir='ltr'><strong>verba,</strong></span> <span class='ocrx_word' id='word_1_434' title='bbox 1410 828 1470 854; x_wconf 74' lang='lat' dir='ltr'><strong>qua:</strong></span> <span class='ocrx_word' id='word_1_435' title='bbox 1489 820 1640 847; x_wconf 87' lang='lat' dir='ltr'><strong>habuerunt</strong></span> <span class='ocrx_word' id='word_1_436' title='bbox 1655 821 1751 848; x_wconf 65' lang='lat' dir='ltr'><strong>tabula:</strong></span> 
     </span>
    </p>
   </div>
   <div class='ocr_carea' id='block_1_62' title="bbox 960 864 1752 903">
    <p class='ocr_par' dir='ltr' id='par_1_62' title="bbox 960 864 1752 903">
     <span class='ocr_line' id='line_1_62' title="bbox 960 864 1752 903; baseline 0.005 -13"><span class='ocrx_word' id='word_1_437' title='bbox 960 872 1026 898; x_wconf 86' lang='lat' dir='ltr'><strong>quas</strong></span> <span class='ocrx_word' id='word_1_438' title='bbox 1054 864 1158 899; x_wconf 81' lang='lat' dir='ltr'><strong>fregisti</strong></span> <span class='ocrx_word' id='word_1_439' title='bbox 1173 864 1206 891; x_wconf 79' lang='lat'><strong>“.</strong></span> <span class='ocrx_word' id='word_1_440' title='bbox 1225 874 1234 891; x_wconf 72' lang='grc' dir='ltr'><strong>ι</strong></span> <span class='ocrx_word' id='word_1_441' title='bbox 1258 865 1353 892; x_wconf 83' lang='lat' dir='ltr'><strong>itidem</strong></span> <span class='ocrx_word' id='word_1_442' title='bbox 1377 871 1404 892; x_wconf 88' lang='lat' dir='ltr'><strong>et</strong></span> <span class='ocrx_word' id='word_1_443' title='bbox 1431 866 1568 893; x_wconf 79' lang='lat' dir='ltr'><strong>lsraelitas</strong></span> <span class='ocrx_word' id='word_1_444' title='bbox 1584 874 1614 893; x_wconf 82' lang='lat' dir='ltr'><strong>ex</strong></span> <span class='ocrx_word' id='word_1_445' title='bbox 1634 867 1752 903; x_wconf 67' lang='lat' dir='ltr'><strong>Egypto</strong></span> 
     </span>
    </p>
   </div>
   <div class='ocr_carea' id='block_1_63' title="bbox 959 910 1752 947">
    <p class='ocr_par' dir='ltr' id='par_1_63' title="bbox 959 910 1752 947">
     <span class='ocr_line' id='line_1_63' title="bbox 959 910 1752 947; baseline 0.004 -10"><span class='ocrx_word' id='word_1_446' title='bbox 959 910 1087 942; x_wconf 82' lang='lat' dir='ltr'><strong>educens,</strong></span> <span class='ocrx_word' id='word_1_447' title='bbox 1105 910 1175 937; x_wconf 87' lang='lat' dir='ltr'><strong>Dens</strong></span> <span class='ocrx_word' id='word_1_448' title='bbox 1188 911 1303 945; x_wconf 86' lang='lat' dir='ltr'><strong>ipsemet</strong></span> <span class='ocrx_word' id='word_1_449' title='bbox 1315 918 1364 938; x_wconf 78' lang='lat' dir='ltr'><strong>eos</strong></span> <span class='ocrx_word' id='word_1_450' title='bbox 1379 912 1564 946; x_wconf 83' lang='lat' dir='ltr'><strong>multipliciter</strong></span> <span class='ocrx_word' id='word_1_451' title='bbox 1576 914 1675 940; x_wconf 84' lang='lat' dir='ltr'><strong>crassis</strong></span> <span class='ocrx_word' id='word_1_452' title='bbox 1688 920 1752 947; x_wconf 88' lang='lat' dir='ltr'><strong>pro—</strong></span> 
     </span>
    </p>
   </div>
   <div class='ocr_carea' id='block_1_64' title="bbox 960 956 1750 992">
    <p class='ocr_par' dir='ltr' id='par_1_64' title="bbox 960 956 1750 992">
     <span class='ocr_line' id='line_1_64' title="bbox 960 956 1750 992; baseline 0.003 -9"><span class='ocrx_word' id='word_1_453' title='bbox 960 956 1039 991; x_wconf 84' lang='lat' dir='ltr'><strong>digiis</strong></span> <span class='ocrx_word' id='word_1_454' title='bbox 1068 956 1206 984; x_wconf 87' lang='lat' dir='ltr'><strong>ductabat.</strong></span> <span class='ocrx_word' id='word_1_455' title='bbox 1221 957 1290 989; x_wconf 86' lang='lat' dir='ltr'><strong>Quid</strong></span> <span class='ocrx_word' id='word_1_456' title='bbox 1315 958 1388 984; x_wconf 92' lang='lat' dir='ltr'><strong>enim</strong></span> <span class='ocrx_word' id='word_1_457' title='bbox 1413 958 1543 990; x_wconf 86' lang='lat' dir='ltr'><strong>crassius,</strong></span> <span class='ocrx_word' id='word_1_458' title='bbox 1571 965 1651 992; x_wconf 87' lang='lat' dir='ltr'><strong>quam</strong></span> <span class='ocrx_word' id='word_1_459' title='bbox 1670 963 1750 986; x_wconf 88' lang='lat' dir='ltr'><strong>noctu</strong></span> 
     </span>
    </p>
   </div>
   <div class='ocr_carea' id='block_1_65' title="bbox 960 1001 1753 1036">
    <p class='ocr_par' dir='ltr' id='par_1_65' title="bbox 960 1001 1753 1036">
     <span class='ocr_line' id='line_1_65' title="bbox 960 1001 1753 1036; baseline 0.004 -8"><span class='ocrx_word' id='word_1_460' title='bbox 960 1001 1025 1036; x_wconf 87' lang='lat' dir='ltr'><strong>igni,</strong></span> <span class='ocrx_word' id='word_1_461' title='bbox 1049 1001 1165 1028; x_wconf 86' lang='lat' dir='ltr'><strong>interdiu</strong></span> <span class='ocrx_word' id='word_1_462' title='bbox 1185 1002 1257 1028; x_wconf 87' lang='lat' dir='ltr'><strong>nube</strong></span> <span class='ocrx_word' id='word_1_463' title='bbox 1269 1002 1341 1028; x_wconf 80' lang='lat' dir='ltr'><strong>viain</strong></span> <span class='ocrx_word' id='word_1_464' title='bbox 1368 1003 1488 1036; x_wconf 60' lang='lat' dir='ltr'><strong>praeire?</strong></span> <span class='ocrx_word' id='word_1_465' title='bbox 1505 1003 1573 1036; x_wconf 83' lang='lat' dir='ltr'><strong>Quid</strong></span> <span class='ocrx_word' id='word_1_466' title='bbox 1598 1004 1661 1030; x_wconf 86' lang='lat' dir='ltr'><strong>item</strong></span> <span class='ocrx_word' id='word_1_467' title='bbox 1678 1011 1753 1032; x_wconf 77' lang='lat' dir='ltr'><strong>cras—</strong></span> 
     </span>
    </p>
   </div>
   <div class='ocr_carea' id='block_1_66' title="bbox 959 1047 1751 1083">
    <p class='ocr_par' dir='ltr' id='par_1_66' title="bbox 959 1047 1751 1083">
     <span class='ocr_line' id='line_1_66' title="bbox 959 1047 1751 1083; baseline 0.004 -9"><span class='ocrx_word' id='word_1_468' title='bbox 959 1047 1028 1079; x_wconf 87' lang='lat' dir='ltr'><strong>sius,</strong></span> <span class='ocrx_word' id='word_1_469' title='bbox 1046 1055 1126 1082; x_wconf 90' lang='lat' dir='ltr'><strong>quam</strong></span> <span class='ocrx_word' id='word_1_470' title='bbox 1156 1054 1230 1074; x_wconf 88' lang='lat' dir='ltr'><strong>mare</strong></span> <span class='ocrx_word' id='word_1_471' title='bbox 1256 1048 1394 1080; x_wconf 85' lang='lat' dir='ltr'><strong>dirimere,</strong></span> <span class='ocrx_word' id='word_1_472' title='bbox 1407 1053 1434 1074; x_wconf 87' lang='lat' dir='ltr'><strong>et</strong></span> <span class='ocrx_word' id='word_1_473' title='bbox 1448 1056 1543 1083; x_wconf 75' lang='lat' dir='ltr'><strong>rupem</strong></span> <span class='ocrx_word' id='word_1_474' title='bbox 1560 1048 1633 1077; x_wconf 81' lang='lat' dir='ltr'><strong>velut</strong></span> <span class='ocrx_word' id='word_1_475' title='bbox 1647 1049 1751 1077; x_wconf 86' lang='lat' dir='ltr'><strong>fontem</strong></span> 
     </span>
    </p>
   </div>
   <div class='ocr_carea' id='block_1_67' title="bbox 959 1095 1751 1129">
    <p class='ocr_par' dir='ltr' id='par_1_67' title="bbox 959 1095 1751 1129">
     <span class='ocr_line' id='line_1_67' title="bbox 959 1095 1751 1129; baseline 0.003 -7"><span class='ocrx_word' id='word_1_476' title='bbox 959 1095 1074 1122; x_wconf 84' lang='lat' dir='ltr'><strong>ubertim</strong></span> <span class='ocrx_word' id='word_1_477' title='bbox 1100 1102 1169 1129; x_wconf 82' lang='lat' dir='ltr'><strong>aqua</strong></span> <span class='ocrx_word' id='word_1_478' title='bbox 1200 1096 1395 1122; x_wconf 77' lang='lat' dir='ltr'><strong>sraturientcm</strong></span> <span class='ocrx_word' id='word_1_479' title='bbox 1426 1096 1666 1124; x_wconf 82' lang='lat' dir='ltr'><strong>monstrare&#39;iSed</strong></span> <span class='ocrx_word' id='word_1_480' title='bbox 1691 1105 1751 1124; x_wconf 80' lang='lat' dir='ltr'><strong>cum</strong></span> 
     </span>
    </p>
   </div>
   <div class='ocr_carea' id='block_1_68' title="bbox 960 1140 1751 1174">
    <p class='ocr_par' dir='ltr' id='par_1_68' title="bbox 960 1140 1751 1174">
     <span class='ocr_line' id='line_1_68' title="bbox 960 1140 1751 1174; baseline 0.004 -7"><span class='ocrx_word' id='word_1_481' title='bbox 960 1141 1048 1168; x_wconf 89' lang='lat' dir='ltr'><strong>adhuc</strong></span> <span class='ocrx_word' id='word_1_482' title='bbox 1063 1141 1220 1168; x_wconf 67' lang='lat' dir='ltr'><strong>caecutirem</strong></span> <span class='ocrx_word' id='word_1_483' title='bbox 1236 1140 1352 1174; x_wconf 87' lang='lat' dir='ltr'><strong>majores</strong></span> <span class='ocrx_word' id='word_1_484' title='bbox 1370 1141 1465 1174; x_wconf 89' lang='lat' dir='ltr'><strong>vestri,</strong></span> <span class='ocrx_word' id='word_1_485' title='bbox 1482 1146 1509 1168; x_wconf 80' lang='lat' dir='ltr'><strong>et</strong></span> <span class='ocrx_word' id='word_1_486' title='bbox 1523 1142 1635 1169; x_wconf 88' lang='lat' dir='ltr'><strong>auribus</strong></span> <span class='ocrx_word' id='word_1_487' title='bbox 1654 1143 1751 1170; x_wconf 86' lang='lat' dir='ltr'><strong>obsur-</strong></span> 
     </span>
    </p>
   </div>
   <div class='ocr_carea' id='block_1_69' title="bbox 960 1187 1750 1224">
    <p class='ocr_par' dir='ltr' id='par_1_69' title="bbox 960 1187 1750 1224">
     <span class='ocr_line' id='line_1_69' title="bbox 960 1187 1750 1224; baseline 0.003 -10"><span class='ocrx_word' id='word_1_488' title='bbox 960 1187 1111 1219; x_wconf 85' lang='lat' dir='ltr'><strong>descerent,</strong></span> <span class='ocrx_word' id='word_1_489' title='bbox 1128 1193 1182 1213; x_wconf 86' lang='lat' dir='ltr'><strong>tum</strong></span> <span class='ocrx_word' id='word_1_490' title='bbox 1197 1194 1263 1214; x_wconf 89' lang='lat' dir='ltr'><strong>vero</strong></span> <span class='ocrx_word' id='word_1_491' title='bbox 1279 1187 1427 1214; x_wconf 86' lang='lat' dir='ltr'><strong>involucris</strong></span> <span class='ocrx_word' id='word_1_492' title='bbox 1443 1194 1489 1222; x_wconf 89' lang='lat' dir='ltr'><strong>per</strong></span> <span class='ocrx_word' id='word_1_493' title='bbox 1503 1193 1578 1216; x_wconf 82' lang='lat' dir='ltr'><strong>vates</strong></span> <span class='ocrx_word' id='word_1_494' title='bbox 1594 1188 1690 1224; x_wconf 83' lang='lat' dir='ltr'><strong>placita</strong></span> <span class='ocrx_word' id='word_1_495' title='bbox 1703 1197 1750 1216; x_wconf 86' lang='lat' dir='ltr'><strong>sua</strong></span> 
     </span>
    </p>
   </div>
   <div class='ocr_carea' id='block_1_70' title="bbox 959 1233 1751 1269">
    <p class='ocr_par' dir='ltr' id='par_1_70' title="bbox 959 1233 1751 1269">
     <span class='ocr_line' id='line_1_70' title="bbox 959 1233 1751 1269; baseline 0.005 -10"><span class='ocrx_word' id='word_1_496' title='bbox 959 1233 1122 1260; x_wconf 87' lang='lat' dir='ltr'><strong>denuntiare</strong></span> <span class='ocrx_word' id='word_1_497' title='bbox 1142 1233 1230 1266; x_wconf 85' lang='lat' dir='ltr'><strong>Deus;</strong></span> <span class='ocrx_word' id='word_1_498' title='bbox 1247 1237 1275 1260; x_wconf 87' lang='lat' dir='ltr'><strong>nt</strong></span> <span class='ocrx_word' id='word_1_499' title='bbox 1291 1233 1471 1268; x_wconf 79' lang='lat' dir='ltr'><strong>intelligentes</strong></span> <span class='ocrx_word' id='word_1_500' title='bbox 1487 1241 1539 1268; x_wconf 85' lang='lat' dir='ltr'><strong>qua</strong></span> <span class='ocrx_word' id='word_1_501' title='bbox 1558 1242 1605 1262; x_wconf 88' lang='lat' dir='ltr'><strong>vos</strong></span> <span class='ocrx_word' id='word_1_502' title='bbox 1620 1235 1751 1269; x_wconf 80' lang='lat' dir='ltr'><strong>dignitate</strong></span> 
     </span>
    </p>
   </div>
   <div class='ocr_carea' id='block_1_71' title="bbox 960 1277 1752 1315">
    <p class='ocr_par' dir='ltr' id='par_1_71' title="bbox 960 1277 1752 1315">
     <span class='ocr_line' id='line_1_71' title="bbox 960 1277 1752 1315; baseline 0.005 -11"><span class='ocrx_word' id='word_1_503' title='bbox 960 1277 1128 1312; x_wconf 85' lang='lat' dir='ltr'><strong>dejeceritis,</strong></span> <span class='ocrx_word' id='word_1_504' title='bbox 1157 1278 1325 1306; x_wconf 83' lang='lat' dir='ltr'><strong>laboriosiori</strong></span> <span class='ocrx_word' id='word_1_505' title='bbox 1364 1280 1479 1313; x_wconf 82' lang='lat' dir='ltr'><strong>quadam</strong></span> <span class='ocrx_word' id='word_1_506' title='bbox 1505 1280 1566 1312; x_wconf 87' lang='lat' dir='ltr'><strong>via,</strong></span> <span class='ocrx_word' id='word_1_507' title='bbox 1591 1288 1752 1315; x_wconf 85' lang='lat' dir='ltr'><strong>recuperare</strong></span> 
     </span>
    </p>
   </div>
   <div class='ocr_carea' id='block_1_72' title="bbox 961 1324 1750 1360">
    <p class='ocr_par' dir='ltr' id='par_1_72' title="bbox 961 1324 1750 1360">
     <span class='ocr_line' id='line_1_72' title="bbox 961 1324 1750 1360; baseline 0.004 -10"><span class='ocrx_word' id='word_1_508' title='bbox 961 1324 1100 1358; x_wconf 88' lang='lat' dir='ltr'><strong>antiquam</strong></span> <span class='ocrx_word' id='word_1_509' title='bbox 1117 1324 1288 1352; x_wconf 83' lang='lat' dir='ltr'><strong>nobilitatem</strong></span> <span class='ocrx_word' id='word_1_510' title='bbox 1305 1326 1465 1353; x_wconf 78' lang='lat' dir='ltr'><strong>studeretis.</strong></span> <span class='ocrx_word' id='word_1_511' title='bbox 1486 1326 1574 1360; x_wconf 82' lang='lat' dir='ltr'><strong>Atque</strong></span> <span class='ocrx_word' id='word_1_512' title='bbox 1591 1327 1660 1353; x_wconf 88' lang='lat' dir='ltr'><strong>idem</strong></span> <span class='ocrx_word' id='word_1_513' title='bbox 1679 1331 1707 1353; x_wconf 92' lang='lat' dir='ltr'><strong>et</strong></span> <span class='ocrx_word' id='word_1_514' title='bbox 1724 1327 1750 1353; x_wconf 93' lang='lat' dir='ltr'><strong>in</strong></span> 
     </span>
    </p>
   </div>
   <div class='ocr_carea' id='block_1_73' title="bbox 960 1370 1754 1405">
    <p class='ocr_par' dir='ltr' id='par_1_73' title="bbox 960 1370 1754 1405">
     <span class='ocr_line' id='line_1_73' title="bbox 960 1370 1754 1405; baseline 0.003 -9"><span class='ocrx_word' id='word_1_515' title='bbox 960 1370 1122 1405; x_wconf 85' lang='lat' dir='ltr'><strong>primigenio</strong></span> <span class='ocrx_word' id='word_1_516' title='bbox 1159 1375 1273 1405; x_wconf 82' lang='lat' dir='ltr'><strong>parente</strong></span> <span class='ocrx_word' id='word_1_517' title='bbox 1301 1371 1572 1398; x_wconf 79' lang='lat' dir='ltr'><strong>animadvertendum</strong></span> <span class='ocrx_word' id='word_1_518' title='bbox 1603 1371 1685 1398; x_wconf 82' lang='lat' dir='ltr'><strong>venit.</strong></span> <span class='ocrx_word' id='word_1_519' title='bbox 1706 1372 1754 1398; x_wconf 86' lang='lat' dir='ltr'><strong>ille</strong></span> 
     </span>
    </p>
   </div>
   <div class='ocr_carea' id='block_1_74' title="bbox 953 1416 1751 1451">
    <p class='ocr_par' dir='ltr' id='par_1_74' title="bbox 953 1416 1751 1451">
     <span class='ocr_line' id='line_1_74' title="bbox 953 1416 1751 1451; baseline 0.004 -9"><span class='ocrx_word' id='word_1_520' title='bbox 953 1423 1079 1451; x_wconf 75' lang='lat' dir='ltr'><strong>‘namqne</strong></span> <span class='ocrx_word' id='word_1_521' title='bbox 1100 1416 1382 1451; x_wconf 32' lang='lat' dir='ltr'><strong>priusqnam‘jussum</strong></span> <span class='ocrx_word' id='word_1_522' title='bbox 1405 1417 1544 1449; x_wconf 83' lang='lat' dir='ltr'><strong>violasset,</strong></span> <span class='ocrx_word' id='word_1_523' title='bbox 1563 1418 1751 1445; x_wconf 79' lang='lat' dir='ltr'><strong>non-omnium</strong></span> 
     </span>
    </p>
   </div>
   <div class='ocr_carea' id='block_1_75' title="bbox 951 1462 1751 1495">
    <p class='ocr_par' dir='ltr' id='par_1_75' title="bbox 951 1462 1751 1495">
     <span class='ocr_line' id='line_1_75' title="bbox 951 1462 1751 1495; baseline 0.003 -7"><span class='ocrx_word' id='word_1_524' title='bbox 951 1463 1041 1489; x_wconf 57' lang='lat' dir='ltr'><strong>‘modo</strong></span> <span class='ocrx_word' id='word_1_525' title='bbox 1052 1462 1393 1489; x_wconf 78' lang='lat' dir='ltr'><strong>terrestrium&#39;nalurarum</strong></span> <span class='ocrx_word' id='word_1_526' title='bbox 1407 1462 1486 1489; x_wconf 86' lang='lat' dir='ltr'><strong>aDeo</strong></span> <span class='ocrx_word' id='word_1_527' title='bbox 1498 1463 1576 1490; x_wconf 89' lang='lat' dir='ltr'><strong>datus</strong></span> <span class='ocrx_word' id='word_1_528' title='bbox 1589 1468 1630 1490; x_wconf 83' lang='lat' dir='ltr'><strong>est</strong></span> <span class='ocrx_word' id='word_1_529' title='bbox 1642 1465 1751 1495; x_wconf 75' lang='lat' dir='ltr'><strong>rex,sed</strong></span> 
     </span>
    </p>
   </div>
   <div class='ocr_carea' id='block_1_76' title="bbox 959 1507 1752 1539">
    <p class='ocr_par' dir='ltr' id='par_1_76' title="bbox 959 1507 1752 1539">
     <span class='ocr_line' id='line_1_76' title="bbox 959 1507 1752 1539; baseline 0.001 -5"><span class='ocrx_word' id='word_1_530' title='bbox 959 1507 1043 1534; x_wconf 83' lang='lat' dir='ltr'><strong>etiam</strong></span> <span class='ocrx_word' id='word_1_531' title='bbox 1059 1513 1144 1539; x_wconf 79' lang='lat' dir='ltr'><strong>vates,</strong></span> <span class='ocrx_word' id='word_1_532' title='bbox 1162 1508 1265 1534; x_wconf 87' lang='lat' dir='ltr'><strong>cunctis</strong></span> <span class='ocrx_word' id='word_1_533' title='bbox 1286 1511 1312 1535; x_wconf 89' lang='lat' dir='ltr'><strong>et</strong></span> <span class='ocrx_word' id='word_1_534' title='bbox 1326 1507 1485 1534; x_wconf 84' lang='lat' dir='ltr'><strong>volneribus</strong></span> <span class='ocrx_word' id='word_1_535' title='bbox 1500 1513 1526 1535; x_wconf 90' lang='lat' dir='ltr'><strong>et</strong></span> <span class='ocrx_word' id='word_1_536' title='bbox 1538 1508 1634 1535; x_wconf 83' lang='lat' dir='ltr'><strong>bestiis</strong></span> <span class='ocrx_word' id='word_1_537' title='bbox 1644 1509 1752 1536; x_wconf 89' lang='lat' dir='ltr'><strong>nomina</strong></span> 
     </span>
    </p>
   </div>
   <div class='ocr_carea' id='block_1_77' title="bbox 963 1553 1753 1590">
    <p class='ocr_par' dir='ltr' id='par_1_77' title="bbox 963 1553 1753 1590">
     <span class='ocr_line' id='line_1_77' title="bbox 963 1553 1753 1590; baseline 0.003 -10"><span class='ocrx_word' id='word_1_538' title='bbox 963 1555 1115 1587; x_wconf 85' lang='lat' dir='ltr'><strong>imponens.</strong></span> <span class='ocrx_word' id='word_1_539' title='bbox 1128 1554 1163 1580; x_wconf 81' lang='lat' dir='ltr'><strong>At</strong></span> <span class='ocrx_word' id='word_1_540' title='bbox 1175 1558 1238 1588; x_wconf 88' lang='lat' dir='ltr'><strong>post</strong></span> <span class='ocrx_word' id='word_1_541' title='bbox 1250 1554 1365 1588; x_wconf 87' lang='lat' dir='ltr'><strong>lapsum,</strong></span> <span class='ocrx_word' id='word_1_542' title='bbox 1382 1553 1482 1588; x_wconf 86' lang='lat' dir='ltr'><strong>posteri</strong></span> <span class='ocrx_word' id='word_1_543' title='bbox 1499 1561 1553 1581; x_wconf 82' lang='lat' dir='ltr'><strong>non</strong></span> <span class='ocrx_word' id='word_1_544' title='bbox 1571 1555 1655 1582; x_wconf 83' lang='lat' dir='ltr'><strong>solum</strong></span> <span class='ocrx_word' id='word_1_545' title='bbox 1670 1563 1753 1590; x_wconf 82' lang='lat' dir='ltr'><strong>regno</strong></span> 
     </span>
    </p>
   </div>
   <div class='ocr_carea' id='block_1_78' title="bbox 961 1599 1752 1633">
    <p class='ocr_par' dir='ltr' id='par_1_78' title="bbox 961 1599 1752 1633">
     <span class='ocr_line' id='line_1_78' title="bbox 961 1599 1752 1633; baseline 0 -6"><span class='ocrx_word' id='word_1_546' title='bbox 961 1600 1132 1631; x_wconf 85' lang='lat' dir='ltr'><strong>exciderunt,</strong></span> <span class='ocrx_word' id='word_1_547' title='bbox 1153 1599 1199 1626; x_wconf 88' lang='lat' dir='ltr'><strong>sed</strong></span> <span class='ocrx_word' id='word_1_548' title='bbox 1222 1600 1310 1626; x_wconf 78' lang='lat' dir='ltr'><strong>etiam</strong></span> <span class='ocrx_word' id='word_1_549' title='bbox 1320 1599 1398 1633; x_wconf 79' lang='lat' dir='ltr'><strong>vulgo</strong></span> <span class='ocrx_word' id='word_1_550' title='bbox 1412 1607 1456 1627; x_wconf 92' lang='lat' dir='ltr'><strong>res</strong></span> <span class='ocrx_word' id='word_1_551' title='bbox 1472 1604 1578 1628; x_wconf 86' lang='lat' dir='ltr'><strong>creatas</strong></span> <span class='ocrx_word' id='word_1_552' title='bbox 1594 1601 1658 1628; x_wconf 81' lang='lat' dir='ltr'><strong>deos</strong></span> <span class='ocrx_word' id='word_1_553' title='bbox 1679 1601 1752 1627; x_wconf 84' lang='lat' dir='ltr'><strong>arbi-</strong></span> 
     </span>
    </p>
   </div>
   <div class='ocr_carea' id='block_1_79' title="bbox 954 1644 1754 1678">
    <p class='ocr_par' dir='ltr' id='par_1_79' title="bbox 954 1644 1754 1678">
     <span class='ocr_line' id='line_1_79' title="bbox 954 1644 1754 1678; baseline 0 -5"><span class='ocrx_word' id='word_1_554' title='bbox 954 1646 1025 1673; x_wconf 74' lang='lat' dir='ltr'><strong>trati</strong></span> <span class='ocrx_word' id='word_1_555' title='bbox 1040 1650 1113 1678; x_wconf 86' lang='lat' dir='ltr'><strong>sunt,</strong></span> <span class='ocrx_word' id='word_1_556' title='bbox 1126 1649 1156 1672; x_wconf 91' lang='lat' dir='ltr'><strong>ut</strong></span> <span class='ocrx_word' id='word_1_557' title='bbox 1178 1645 1215 1672; x_wconf 87' lang='lat' dir='ltr'><strong>ait</strong></span> <span class='ocrx_word' id='word_1_558' title='bbox 1234 1644 1360 1673; x_wconf 75' lang='lat' dir='ltr'><strong>Salomon</strong></span> <span class='ocrx_word' id='word_1_559' title='bbox 1379 1654 1386 1672; x_wconf 89' lang='lat'><strong>:</strong></span> <span class='ocrx_word' id='word_1_560' title='bbox 1406 1655 1416 1671; x_wconf 84' lang='grc'><strong><em>‹</em></strong></span> <span class='ocrx_word' id='word_1_561' title='bbox 1433 1646 1498 1673; x_wconf 75' lang='lat' dir='ltr'><strong>Vani</strong></span> <span class='ocrx_word' id='word_1_562' title='bbox 1514 1651 1601 1674; x_wconf 81' lang='lat' dir='ltr'><strong>autem</strong></span> <span class='ocrx_word' id='word_1_563' title='bbox 1615 1652 1678 1673; x_wconf 88' lang='lat' dir='ltr'><strong>sunt</strong></span> <span class='ocrx_word' id='word_1_564' title='bbox 1695 1654 1754 1674; x_wconf 82' lang='lat' dir='ltr'><strong>om-</strong></span> 
     </span>
    </p>
   </div>
   <div class='ocr_carea' id='block_1_80' title="bbox 963 1691 1755 1726">
    <p class='ocr_par' dir='ltr' id='par_1_80' title="bbox 963 1691 1755 1726">
     <span class='ocr_line' id='line_1_80' title="bbox 963 1691 1755 1726; baseline 0.001 -7"><span class='ocrx_word' id='word_1_565' title='bbox 963 1700 1011 1719; x_wconf 81' lang='lat' dir='ltr'><strong>nes</strong></span> <span class='ocrx_word' id='word_1_566' title='bbox 1027 1691 1161 1722; x_wconf 83' lang='lat' dir='ltr'><strong>homines,</strong></span> <span class='ocrx_word' id='word_1_567' title='bbox 1179 1691 1205 1718; x_wconf 92' lang='lat' dir='ltr'><strong>in</strong></span> <span class='ocrx_word' id='word_1_568' title='bbox 1228 1691 1327 1726; x_wconf 87' lang='lat' dir='ltr'><strong>quibus</strong></span> <span class='ocrx_word' id='word_1_569' title='bbox 1341 1699 1393 1718; x_wconf 90' lang='lat' dir='ltr'><strong>non</strong></span> <span class='ocrx_word' id='word_1_570' title='bbox 1411 1692 1502 1719; x_wconf 89' lang='lat' dir='ltr'><strong>subest</strong></span> <span class='ocrx_word' id='word_1_571' title='bbox 1519 1693 1630 1720; x_wconf 86' lang='lat' dir='ltr'><strong>scientia</strong></span> <span class='ocrx_word' id='word_1_572' title='bbox 1647 1692 1712 1725; x_wconf 87' lang='lat' dir='ltr'><strong>Dei;</strong></span> <span class='ocrx_word' id='word_1_573' title='bbox 1727 1697 1755 1720; x_wconf 86' lang='lat' dir='ltr'><strong>et</strong></span> 
     </span>
    </p>
   </div>
   <div class='ocr_carea' id='block_1_81' title="bbox 963 1736 1754 1773">
    <p class='ocr_par' dir='ltr' id='par_1_81' title="bbox 963 1736 1754 1773">
     <span class='ocr_line' id='line_1_81' title="bbox 963 1736 1754 1773; baseline 0 -8"><span class='ocrx_word' id='word_1_574' title='bbox 963 1738 996 1765; x_wconf 87' lang='lat' dir='ltr'><strong>de</strong></span> <span class='ocrx_word' id='word_1_575' title='bbox 1013 1738 1054 1764; x_wconf 87' lang='lat' dir='ltr'><strong>his</strong></span> <span class='ocrx_word' id='word_1_576' title='bbox 1069 1737 1264 1771; x_wconf 68' lang='lat' dir='ltr'><strong>quat-videntur</strong></span> <span class='ocrx_word' id='word_1_577' title='bbox 1279 1736 1360 1768; x_wconf 84' lang='lat' dir='ltr'><strong>bona,</strong></span> <span class='ocrx_word' id='word_1_578' title='bbox 1376 1743 1428 1764; x_wconf 87' lang='lat' dir='ltr'><strong>non</strong></span> <span class='ocrx_word' id='word_1_579' title='bbox 1447 1742 1591 1772; x_wconf 85' lang='lat' dir='ltr'><strong>potuerunt</strong></span> <span class='ocrx_word' id='word_1_580' title='bbox 1603 1737 1754 1773; x_wconf 76' lang='lat' dir='ltr'><strong>intelligere</strong></span> 
     </span>
    </p>
   </div>
   <div class='ocr_carea' id='block_1_82' title="bbox 964 1782 1756 1817">
    <p class='ocr_par' dir='ltr' id='par_1_82' title="bbox 964 1782 1756 1817">
     <span class='ocr_line' id='line_1_82' title="bbox 964 1782 1756 1817; baseline -0.001 -7"><span class='ocrx_word' id='word_1_581' title='bbox 964 1791 1037 1815; x_wconf 90' lang='lat' dir='ltr'><strong>cum,</strong></span> <span class='ocrx_word' id='word_1_582' title='bbox 1054 1783 1098 1817; x_wconf 93' lang='lat' dir='ltr'><strong>qni</strong></span> <span class='ocrx_word' id='word_1_583' title='bbox 1120 1786 1181 1816; x_wconf 83' lang='lat' dir='ltr'><strong>est;</strong></span> <span class='ocrx_word' id='word_1_584' title='bbox 1206 1789 1295 1816; x_wconf 87' lang='lat' dir='ltr'><strong>neque</strong></span> <span class='ocrx_word' id='word_1_585' title='bbox 1320 1782 1448 1816; x_wconf 89' lang='lat' dir='ltr'><strong>operibus</strong></span> <span class='ocrx_word' id='word_1_586' title='bbox 1474 1783 1654 1816; x_wconf 83' lang='lat' dir='ltr'><strong>attendentes,</strong></span> <span class='ocrx_word' id='word_1_587' title='bbox 1671 1790 1756 1817; x_wconf 84' lang='lat' dir='ltr'><strong>agno-</strong></span> 
     </span>
    </p>
   </div>
   <div class='ocr_carea' id='block_1_83' title="bbox 963 1827 1755 1863">
    <p class='ocr_par' dir='ltr' id='par_1_83' title="bbox 963 1827 1755 1863">
     <span class='ocr_line' id='line_1_83' title="bbox 963 1827 1755 1863; baseline -0.004 -6"><span class='ocrx_word' id='word_1_588' title='bbox 963 1833 1062 1857; x_wconf 87' lang='lat' dir='ltr'><strong>verunt</strong></span> <span class='ocrx_word' id='word_1_589' title='bbox 1079 1829 1141 1863; x_wconf 89' lang='lat' dir='ltr'><strong>quis</strong></span> <span class='ocrx_word' id='word_1_590' title='bbox 1154 1832 1226 1856; x_wconf 84' lang='lat' dir='ltr'><strong>esset</strong></span> <span class='ocrx_word' id='word_1_591' title='bbox 1241 1827 1337 1855; x_wconf 81' lang='lat' dir='ltr'><strong>artifex</strong></span> <span class='ocrx_word' id='word_1_592' title='bbox 1354 1836 1360 1855; x_wconf 91' lang='lat'><strong>:</strong></span> <span class='ocrx_word' id='word_1_593' title='bbox 1380 1828 1426 1855; x_wconf 84' lang='lat' dir='ltr'><strong>sed</strong></span> <span class='ocrx_word' id='word_1_594' title='bbox 1455 1833 1501 1855; x_wconf 88' lang='lat' dir='ltr'><strong>aut</strong></span> <span class='ocrx_word' id='word_1_595' title='bbox 1526 1828 1624 1863; x_wconf 85' lang='lat' dir='ltr'><strong>ignem,</strong></span> <span class='ocrx_word' id='word_1_596' title='bbox 1642 1833 1687 1856; x_wconf 86' lang='lat' dir='ltr'><strong>aut</strong></span> <span class='ocrx_word' id='word_1_597' title='bbox 1701 1829 1755 1863; x_wconf 87' lang='lat' dir='ltr'><strong>spi-</strong></span> 
     </span>
    </p>
   </div>
   <div class='ocr_carea' id='block_1_84' title="bbox 954 1874 1755 1909">
    <p class='ocr_par' dir='ltr' id='par_1_84' title="bbox 954 1874 1755 1909">
     <span class='ocr_line' id='line_1_84' title="bbox 954 1874 1755 1909; baseline -0.001 -7"><span class='ocrx_word' id='word_1_598' title='bbox 954 1875 1057 1908; x_wconf 79' lang='lat' dir='ltr'><strong>ritum,</strong></span> <span class='ocrx_word' id='word_1_599' title='bbox 1072 1879 1118 1902; x_wconf 86' lang='lat' dir='ltr'><strong>aut</strong></span> <span class='ocrx_word' id='word_1_600' title='bbox 1131 1875 1244 1902; x_wconf 88' lang='lat' dir='ltr'><strong>citatum</strong></span> <span class='ocrx_word' id='word_1_601' title='bbox 1259 1881 1362 1906; x_wconf 87' lang='lat' dir='ltr'><strong>aerem,</strong></span> <span class='ocrx_word' id='word_1_602' title='bbox 1380 1878 1426 1900; x_wconf 89' lang='lat' dir='ltr'><strong>aut</strong></span> <span class='ocrx_word' id='word_1_603' title='bbox 1440 1881 1534 1909; x_wconf 82' lang='lat' dir='ltr'><strong>gyrum</strong></span> <span class='ocrx_word' id='word_1_604' title='bbox 1547 1874 1697 1906; x_wconf 76' lang='lat' dir='ltr'><strong>stellarum,</strong></span> <span class='ocrx_word' id='word_1_605' title='bbox 1707 1879 1755 1901; x_wconf 90' lang='lat' dir='ltr'><strong>aut</strong></span> 
     </span>
    </p>
   </div>
   <div class='ocr_carea' id='block_1_85' title="bbox 965 1919 1754 1955">
    <p class='ocr_par' dir='ltr' id='par_1_85' title="bbox 965 1919 1754 1955">
     <span class='ocr_line' id='line_1_85' title="bbox 965 1919 1754 1955; baseline -0.001 -8"><span class='ocrx_word' id='word_1_606' title='bbox 965 1920 1075 1948; x_wconf 89' lang='lat' dir='ltr'><strong>nimiam</strong></span> <span class='ocrx_word' id='word_1_607' title='bbox 1089 1927 1200 1955; x_wconf 86' lang='lat' dir='ltr'><strong>aquam,</strong></span> <span class='ocrx_word' id='word_1_608' title='bbox 1214 1925 1260 1946; x_wconf 85' lang='lat' dir='ltr'><strong>aut</strong></span> <span class='ocrx_word' id='word_1_609' title='bbox 1275 1919 1359 1946; x_wconf 78' lang='lat' dir='ltr'><strong>solent</strong></span> <span class='ocrx_word' id='word_1_610' title='bbox 1374 1924 1400 1946; x_wconf 89' lang='lat' dir='ltr'><strong>et</strong></span> <span class='ocrx_word' id='word_1_611' title='bbox 1414 1919 1504 1946; x_wconf 87' lang='lat' dir='ltr'><strong>lunam</strong></span> <span class='ocrx_word' id='word_1_612' title='bbox 1524 1939 1531 1952; x_wconf 89' lang='lat'><strong>,</strong></span> <span class='ocrx_word' id='word_1_613' title='bbox 1546 1923 1666 1946; x_wconf 88' lang='lat' dir='ltr'><strong>rectores</strong></span> <span class='ocrx_word' id='word_1_614' title='bbox 1680 1920 1754 1947; x_wconf 87' lang='lat' dir='ltr'><strong>orbis</strong></span> 
     </span>
    </p>
   </div>
   <div class='ocr_carea' id='block_1_86' title="bbox 966 1965 1755 2001">
    <p class='ocr_par' dir='ltr' id='par_1_86' title="bbox 966 1965 1755 2001">
     <span class='ocr_line' id='line_1_86' title="bbox 966 1965 1755 2001; baseline -0.001 -8"><span class='ocrx_word' id='word_1_615' title='bbox 966 1971 1099 1994; x_wconf 87' lang='lat' dir='ltr'><strong>terrarum</strong></span> <span class='ocrx_word' id='word_1_616' title='bbox 1111 1967 1180 1994; x_wconf 88' lang='lat' dir='ltr'><strong>&#39;deos</strong></span> <span class='ocrx_word' id='word_1_617' title='bbox 1211 1970 1383 2000; x_wconf 83' lang='lat' dir='ltr'><strong>putaverunt.</strong></span> <span class='ocrx_word' id='word_1_618' title='bbox 1399 1966 1520 1999; x_wconf 89' lang='lat' dir='ltr'><strong>Quorum</strong></span> <span class='ocrx_word' id='word_1_619' title='bbox 1536 1965 1556 1993; x_wconf 92' lang='lat' dir='ltr'><strong>sl</strong></span> <span class='ocrx_word' id='word_1_620' title='bbox 1575 1966 1664 2001; x_wconf 83' lang='lat' dir='ltr'><strong>specie</strong></span> <span class='ocrx_word' id='word_1_621' title='bbox 1683 1966 1755 1993; x_wconf 78' lang='lat' dir='ltr'><strong>(It-le-</strong></span> 
     </span>
    </p>
   </div>
   <div class='ocr_carea' id='block_1_87' title="bbox 966 2010 1758 2047">
    <p class='ocr_par' dir='ltr' id='par_1_87' title="bbox 966 2010 1758 2047">
     <span class='ocr_line' id='line_1_87' title="bbox 966 2010 1758 2047; baseline -0.004 -7"><span class='ocrx_word' id='word_1_622' title='bbox 966 2012 1032 2041; x_wconf 85' lang='lat' dir='ltr'><strong>ctati</strong></span> <span class='ocrx_word' id='word_1_623' title='bbox 1050 2014 1114 2040; x_wconf 88' lang='lat' dir='ltr'><strong>deos</strong></span> <span class='ocrx_word' id='word_1_624' title='bbox 1128 2015 1304 2047; x_wconf 86' lang='lat' dir='ltr'><strong>putaverunt,</strong></span> <span class='ocrx_word' id='word_1_625' title='bbox 1321 2011 1419 2043; x_wconf 90' lang='lat' dir='ltr'><strong>sciant,</strong></span> <span class='ocrx_word' id='word_1_626' title='bbox 1431 2015 1532 2045; x_wconf 88' lang='lat' dir='ltr'><strong>quanto</strong></span> <span class='ocrx_word' id='word_1_627' title='bbox 1549 2010 1592 2037; x_wconf 90' lang='lat' dir='ltr'><strong>bis</strong></span> <span class='ocrx_word' id='word_1_628' title='bbox 1605 2010 1758 2038; x_wconf 89' lang='lat' dir='ltr'><strong>dominator</strong></span> 
     </span>
    </p>
   </div>
   <div class='ocr_carea' id='block_1_88' title="bbox 952 2056 1758 2093">
    <p class='ocr_par' dir='ltr' id='par_1_88' title="bbox 952 2056 1758 2093">
     <span class='ocr_line' id='line_1_88' title="bbox 952 2056 1758 2093; baseline -0.005 -7"><span class='ocrx_word' id='word_1_629' title='bbox 952 2065 1059 2087; x_wconf 67' lang='lat' dir='ltr'><strong>&#39;eorum</strong></span> <span class='ocrx_word' id='word_1_630' title='bbox 1074 2059 1223 2093; x_wconf 85' lang='lat' dir='ltr'><strong>speciosior</strong></span> <span class='ocrx_word' id='word_1_631' title='bbox 1249 2062 1300 2085; x_wconf 87' lang='lat' dir='ltr'><strong>est.</strong></span> <span class='ocrx_word' id='word_1_632' title='bbox 1315 2056 1420 2092; x_wconf 81' lang='lat' dir='ltr'><strong>Speciei</strong></span> <span class='ocrx_word' id='word_1_633' title='bbox 1442 2056 1514 2083; x_wconf 86' lang='lat' dir='ltr'><strong>enim</strong></span> <span class='ocrx_word' id='word_1_634' title='bbox 1540 2061 1683 2091; x_wconf 82' lang='lat' dir='ltr'><strong>generator</strong></span> <span class='ocrx_word' id='word_1_635' title='bbox 1698 2056 1758 2083; x_wconf 62' lang='lat' dir='ltr'><strong>hac</strong></span> 
     </span>
    </p>
   </div>
   <div class='ocr_carea' id='block_1_89' title="bbox 966 2102 1756 2136">
    <p class='ocr_par' dir='ltr' id='par_1_89' title="bbox 966 2102 1756 2136">
     <span class='ocr_line' id='line_1_89' title="bbox 966 2102 1756 2136; baseline -0.004 -4"><span class='ocrx_word' id='word_1_636' title='bbox 966 2104 1057 2132; x_wconf 89' lang='lat' dir='ltr'><strong>omnia</strong></span> <span class='ocrx_word' id='word_1_637' title='bbox 1085 2103 1235 2131; x_wconf 76' lang='lat' dir='ltr'><strong>consxitnit.</strong></span> <span class='ocrx_word' id='word_1_638' title='bbox 1252 2103 1305 2130; x_wconf 87' lang='lat' dir='ltr'><strong>Aut</strong></span> <span class='ocrx_word' id='word_1_639' title='bbox 1322 2103 1344 2130; x_wconf 89' lang='lat' dir='ltr'><strong>si</strong></span> <span class='ocrx_word' id='word_1_640' title='bbox 1366 2102 1494 2130; x_wconf 88' lang='lat' dir='ltr'><strong>virtutem</strong></span> <span class='ocrx_word' id='word_1_641' title='bbox 1516 2107 1544 2129; x_wconf 91' lang='lat' dir='ltr'><strong>et</strong></span> <span class='ocrx_word' id='word_1_642' title='bbox 1559 2109 1641 2136; x_wconf 89' lang='lat' dir='ltr'><strong>opera</strong></span> <span class='ocrx_word' id='word_1_643' title='bbox 1661 2110 1756 2129; x_wconf 88' lang='lat' dir='ltr'><strong>eorum</strong></span> 
     </span>
    </p>
   </div>
   <div class='ocr_carea' id='block_1_90' title="bbox 968 2147 1754 2184">
    <p class='ocr_par' dir='ltr' id='par_1_90' title="bbox 968 2147 1754 2184">
     <span class='ocr_line' id='line_1_90' title="bbox 968 2147 1754 2184; baseline -0.005 -7"><span class='ocrx_word' id='word_1_644' title='bbox 968 2150 1059 2178; x_wconf 89' lang='lat' dir='ltr'><strong>mirati</strong></span> <span class='ocrx_word' id='word_1_645' title='bbox 1083 2155 1163 2184; x_wconf 89' lang='lat' dir='ltr'><strong>sunt,</strong></span> <span class='ocrx_word' id='word_1_646' title='bbox 1180 2149 1331 2184; x_wconf 76' lang='lat' dir='ltr'><strong>intelligant</strong></span> <span class='ocrx_word' id='word_1_647' title='bbox 1354 2148 1387 2175; x_wconf 89' lang='lat' dir='ltr'><strong>ab</strong></span> <span class='ocrx_word' id='word_1_648' title='bbox 1404 2147 1468 2180; x_wconf 87' lang='lat' dir='ltr'><strong>illis,</strong></span> <span class='ocrx_word' id='word_1_649' title='bbox 1484 2148 1611 2182; x_wconf 89' lang='lat' dir='ltr'><strong>quoniam</strong></span> <span class='ocrx_word' id='word_1_650' title='bbox 1632 2148 1677 2183; x_wconf 92' lang='lat' dir='ltr'><strong>qui</strong></span> <span class='ocrx_word' id='word_1_651' title='bbox 1698 2149 1754 2174; x_wconf 79' lang='lat' dir='ltr'><strong>haec</strong></span> 
     </span>
    </p>
   </div>
   <div class='ocr_carea' id='block_1_91' title="bbox 124 2192 1754 2232">
    <p class='ocr_par' dir='ltr' id='par_1_91' title="bbox 124 2192 1754 2232">
     <span class='ocr_line' id='line_1_91' title="bbox 124 2192 1754 2232; baseline -0.003 -9"><span class='ocrx_word' id='word_1_652' title='bbox 124 2205 242 2232; x_wconf 84' lang='lat' dir='ltr'><strong>namque</strong></span> <span class='ocrx_word' id='word_1_653' title='bbox 258 2202 347 2224; x_wconf 86' lang='lat' dir='ltr'><strong>vestro</strong></span> <span class='ocrx_word' id='word_1_654' title='bbox 357 2196 510 2222; x_wconf 79' lang='lat' dir='ltr'><strong>Abrahamo</strong></span> <span class='ocrx_word' id='word_1_655' title='bbox 520 2195 546 2221; x_wconf 93' lang='lat' dir='ltr'><strong>in</strong></span> <span class='ocrx_word' id='word_1_656' title='bbox 556 2194 746 2229; x_wconf 86' lang='lat' dir='ltr'><strong>Mesopotamia</strong></span> <span class='ocrx_word' id='word_1_657' title='bbox 755 2195 1033 2231; x_wconf 75' lang='lat' dir='ltr'><strong>consPectus‘Dfecit</strong></span> <span class='ocrx_word' id='word_1_658' title='bbox 1060 2194 1155 2221; x_wconf 82' lang='lat' dir='ltr'><strong>fortior</strong></span> <span class='ocrx_word' id='word_1_659' title='bbox 1173 2198 1214 2221; x_wconf 89' lang='lat' dir='ltr'><strong>est</strong></span> <span class='ocrx_word' id='word_1_660' title='bbox 1235 2193 1288 2222; x_wconf 82' lang='lat' dir='ltr'><strong>illis</strong></span> <span class='ocrx_word' id='word_1_661' title='bbox 1302 2202 1308 2220; x_wconf 88' lang='lat'>:</span> <span class='ocrx_word' id='word_1_662' title='bbox 1323 2200 1337 2218; x_wconf 89' lang='lat' dir='ltr'><strong>a</strong></span> <span class='ocrx_word' id='word_1_663' title='bbox 1357 2192 1541 2225; x_wconf 70' lang='lat' dir='ltr'><strong>magnitudine</strong></span> <span class='ocrx_word' id='word_1_664' title='bbox 1553 2192 1640 2219; x_wconf 81' lang='lat' dir='ltr'><strong>enim-</strong></span> <span class='ocrx_word' id='word_1_665' title='bbox 1653 2192 1754 2226; x_wconf 83' lang='lat' dir='ltr'><strong>speciei</strong></span> 
     </span>
    </p>
   </div>
   <div class='ocr_carea' id='block_1_92' title="bbox 124 2241 913 2278">
    <p class='ocr_par' dir='ltr' id='par_1_92' title="bbox 124 2241 913 2278">
     <span class='ocr_line' id='line_1_92' title="bbox 124 2241 913 2278; baseline -0.003 -8"><span class='ocrx_word' id='word_1_666' title='bbox 124 2244 210 2278; x_wconf 87' lang='lat' dir='ltr'><strong>inquit</strong></span> <span class='ocrx_word' id='word_1_667' title='bbox 224 2252 231 2270; x_wconf 89' lang='lat'><strong>:</strong></span> <span class='ocrx_word' id='word_1_668' title='bbox 247 2242 261 2269; x_wconf 66' lang='grc' dir='ltr'>ί</span> <span class='ocrx_word' id='word_1_669' title='bbox 274 2243 328 2277; x_wconf 83' lang='lat' dir='ltr'><strong>Ego</strong></span> <span class='ocrx_word' id='word_1_670' title='bbox 346 2251 404 2270; x_wconf 84' lang='lat' dir='ltr'><strong>sam</strong></span> <span class='ocrx_word' id='word_1_671' title='bbox 430 2242 501 2270; x_wconf 87' lang='lat' dir='ltr'><strong>Deus</strong></span> <span class='ocrx_word' id='word_1_672' title='bbox 517 2246 577 2269; x_wconf 89' lang='lat' dir='ltr'><strong>tuus</strong></span> <span class='ocrx_word' id='word_1_673' title='bbox 590 2241 656 2275; x_wconf 70' lang='grc' dir='ltr'><strong>(ια’)</strong></span> <span class='ocrx_word' id='word_1_674' title='bbox 677 2251 684 2269; x_wconf 85' lang='lat'><strong>:</strong></span> <span class='ocrx_word' id='word_1_675' title='bbox 701 2242 807 2269; x_wconf 89' lang='lat' dir='ltr'><strong>ambula</strong></span> <span class='ocrx_word' id='word_1_676' title='bbox 822 2249 913 2269; x_wconf 86' lang='lat' dir='ltr'><strong>coram</strong></span> 
     </span>
    </p>
   </div>
   <div class='ocr_carea' id='block_1_93' title="bbox 125 2286 912 2323">
    <p class='ocr_par' dir='ltr' id='par_1_93' title="bbox 125 2286 912 2323">
     <span class='ocr_line' id='line_1_93' title="bbox 125 2286 912 2323; baseline -0.004 -7"><span class='ocrx_word' id='word_1_677' title='bbox 125 2298 178 2321; x_wconf 64' lang='lat' dir='ltr'><strong>me,</strong></span> <span class='ocrx_word' id='word_1_678' title='bbox 197 2295 224 2316; x_wconf 91' lang='lat' dir='ltr'><strong>et</strong></span> <span class='ocrx_word' id='word_1_679' title='bbox 238 2295 296 2316; x_wconf 88' lang='lat' dir='ltr'><strong>esto</strong></span> <span class='ocrx_word' id='word_1_680' title='bbox 313 2289 447 2323; x_wconf 89' lang='lat' dir='ltr'><strong>perfectus</strong></span> <span class='ocrx_word' id='word_1_681' title='bbox 463 2289 496 2314; x_wconf 78' lang='lat'><strong>&quot;.</strong></span> <span class='ocrx_word' id='word_1_682' title='bbox 513 2297 523 2313; x_wconf 85' lang='grc'><strong>›</strong></span> <span class='ocrx_word' id='word_1_683' title='bbox 540 2286 707 2315; x_wconf 85' lang='lat' dir='ltr'><strong>Vocabulum</strong></span> <span class='ocrx_word' id='word_1_684' title='bbox 725 2293 814 2314; x_wconf 88' lang='lat' dir='ltr'><strong>autetn</strong></span> <span class='ocrx_word' id='word_1_685' title='bbox 836 2287 912 2319; x_wconf 75' lang='grc' dir='ltr'><strong>Θεύς,</strong></span> 
     </span>
    </p>
   </div>
   <div class='ocr_carea' id='block_1_94' title="bbox 126 2330 916 2368">
    <p class='ocr_par' dir='ltr' id='par_1_94' title="bbox 126 2330 916 2368">
     <span class='ocr_line' id='line_1_94' title="bbox 126 2330 916 2368; baseline -0.004 -6"><span class='ocrx_word' id='word_1_686' title='bbox 126 2335 151 2362; x_wconf 92' lang='lat' dir='ltr'><strong>id</strong></span> <span class='ocrx_word' id='word_1_687' title='bbox 164 2339 207 2361; x_wconf 87' lang='lat' dir='ltr'><strong>est</strong></span> <span class='ocrx_word' id='word_1_688' title='bbox 228 2334 307 2366; x_wconf 88' lang='lat' dir='ltr'><strong>Dens,</strong></span> <span class='ocrx_word' id='word_1_689' title='bbox 323 2341 375 2361; x_wconf 93' lang='lat' dir='ltr'><strong>non</strong></span> <span class='ocrx_word' id='word_1_690' title='bbox 390 2338 525 2365; x_wconf 82' lang='lat' dir='ltr'><strong>naturam,</strong></span> <span class='ocrx_word' id='word_1_691' title='bbox 540 2333 587 2361; x_wconf 84' lang='lat' dir='ltr'><strong>sed</strong></span> <span class='ocrx_word' id='word_1_692' title='bbox 607 2333 666 2368; x_wconf 88' lang='lat' dir='ltr'><strong>ejus</strong></span> <span class='ocrx_word' id='word_1_693' title='bbox 685 2330 852 2360; x_wconf 79' lang='lat' dir='ltr'><strong>iunctionem</strong></span> <span class='ocrx_word' id='word_1_694' title='bbox 866 2335 916 2360; x_wconf 88' lang='lat' dir='ltr'><strong>de-</strong></span> 
     </span>
    </p>
   </div>
   <div class='ocr_carea' id='block_1_95' title="bbox 126 2379 912 2415">
    <p class='ocr_par' dir='ltr' id='par_1_95' title="bbox 126 2379 912 2415">
     <span class='ocr_line' id='line_1_95' title="bbox 126 2379 912 2415; baseline -0.003 -7"><span class='ocrx_word' id='word_1_695' title='bbox 126 2387 232 2411; x_wconf 78' lang='lat' dir='ltr'><strong>notare,</strong></span> <span class='ocrx_word' id='word_1_696' title='bbox 256 2381 343 2415; x_wconf 86' lang='lat' dir='ltr'><strong>palam</strong></span> <span class='ocrx_word' id='word_1_697' title='bbox 370 2384 411 2407; x_wconf 90' lang='lat' dir='ltr'><strong>est</strong></span> <span class='ocrx_word' id='word_1_698' title='bbox 438 2379 564 2407; x_wconf 89' lang='lat' dir='ltr'><strong>omnibus</strong></span> <span class='ocrx_word' id='word_1_699' title='bbox 581 2379 753 2406; x_wconf 79' lang='lat' dir='ltr'><strong>:‘deducitur</strong></span> <span class='ocrx_word' id='word_1_700' title='bbox 780 2380 877 2413; x_wconf 87' lang='lat' dir='ltr'><strong>quippe</strong></span> <span class='ocrx_word' id='word_1_701' title='bbox 897 2386 912 2406; x_wconf 90' lang='lat' dir='ltr'><strong>a</strong></span> 
     </span>
    </p>
   </div>
   <div class='ocr_carea' id='block_1_96' title="bbox 126 2424 914 2460">
    <p class='ocr_par' dir='ltr' id='par_1_96' title="bbox 126 2424 914 2460">
     <span class='ocr_line' id='line_1_96' title="bbox 126 2424 914 2460; baseline -0.004 -5"><span class='ocrx_word' id='word_1_702' title='bbox 126 2429 190 2460; x_wconf 80' lang='grc' dir='ltr'><strong>Οέω,</strong></span> <span class='ocrx_word' id='word_1_703' title='bbox 205 2428 257 2455; x_wconf 92' lang='lat' dir='ltr'><strong>hoc</strong></span> <span class='ocrx_word' id='word_1_704' title='bbox 281 2432 334 2459; x_wconf 84' lang='lat' dir='ltr'><strong>est,</strong></span> <span class='ocrx_word' id='word_1_705' title='bbox 348 2435 436 2458; x_wconf 85' lang='lat' dir='ltr'><strong>curro,</strong></span> <span class='ocrx_word' id='word_1_706' title='bbox 454 2430 501 2452; x_wconf 90' lang='lat' dir='ltr'><strong>aut</strong></span> <span class='ocrx_word' id='word_1_707' title='bbox 513 2433 527 2452; x_wconf 91' lang='lat' dir='ltr'><strong>a</strong></span> <span class='ocrx_word' id='word_1_708' title='bbox 546 2424 594 2459; x_wconf 79' lang='grc' dir='ltr'><strong>θῶ,</strong></span> <span class='ocrx_word' id='word_1_709' title='bbox 618 2425 688 2459; x_wconf 92' lang='lat' dir='ltr'><strong>quod</strong></span> <span class='ocrx_word' id='word_1_710' title='bbox 714 2429 764 2458; x_wconf 85' lang='lat' dir='ltr'><strong>est,</strong></span> <span class='ocrx_word' id='word_1_711' title='bbox 778 2424 873 2451; x_wconf 83' lang='lat' dir='ltr'><strong>molior</strong></span> <span class='ocrx_word' id='word_1_712' title='bbox 887 2430 914 2452; x_wconf 88' lang='lat' dir='ltr'><strong>et</strong></span> 
     </span>
    </p>
   </div>
   <div class='ocr_carea' id='block_1_97' title="bbox 127 2469 914 2500">
    <p class='ocr_par' dir='ltr' id='par_1_97' title="bbox 127 2469 914 2500">
     <span class='ocr_line' id='line_1_97' title="bbox 127 2469 914 2500; baseline -0.006 0"><span class='ocrx_word' id='word_1_713' title='bbox 127 2473 287 2500; x_wconf 76' lang='lat' dir='ltr'><strong>architector</strong></span> <span class='ocrx_word' id='word_1_714' title='bbox 304 2481 311 2500; x_wconf 90' lang='lat'>:</span> <span class='ocrx_word' id='word_1_715' title='bbox 327 2477 370 2499; x_wconf 89' lang='lat' dir='ltr'><strong>est</strong></span> <span class='ocrx_word' id='word_1_716' title='bbox 385 2471 457 2499; x_wconf 89' lang='lat' dir='ltr'><strong>enim</strong></span> <span class='ocrx_word' id='word_1_717' title='bbox 474 2470 594 2498; x_wconf 88' lang='lat' dir='ltr'><strong>onmium</strong></span> <span class='ocrx_word' id='word_1_718' title='bbox 611 2470 774 2497; x_wconf 86' lang='lat' dir='ltr'><strong>architectus</strong></span> <span class='ocrx_word' id='word_1_719' title='bbox 791 2475 818 2496; x_wconf 90' lang='lat' dir='ltr'><strong>et</strong></span> <span class='ocrx_word' id='word_1_720' title='bbox 833 2469 914 2497; x_wconf 85' lang='lat' dir='ltr'><strong>moli-</strong></span> 
     </span>
    </p>
   </div>
   <div class='ocr_carea' id='block_1_98' title="bbox 129 2515 913 2546">
    <p class='ocr_par' dir='ltr' id='par_1_98' title="bbox 129 2515 913 2546">
     <span class='ocr_line' id='line_1_98' title="bbox 129 2515 913 2546; baseline -0.004 0"><span class='ocrx_word' id='word_1_721' title='bbox 129 2519 342 2546; x_wconf 82' lang='lat' dir='ltr'><strong>ti0nisuniversi</strong></span> <span class='ocrx_word' id='word_1_722' title='bbox 367 2523 472 2545; x_wconf 86' lang='lat' dir='ltr'><strong>auctor.</strong></span> <span class='ocrx_word' id='word_1_723' title='bbox 495 2515 674 2543; x_wconf 81' lang='lat' dir='ltr'><strong>Arcltitectari</strong></span> <span class='ocrx_word' id='word_1_724' title='bbox 693 2519 781 2542; x_wconf 88' lang='lat' dir='ltr'><strong>autem</strong></span> <span class='ocrx_word' id='word_1_725' title='bbox 797 2515 913 2543; x_wconf 77' lang='lat' dir='ltr'><strong>functio-</strong></span> 
     </span>
    </p>
   </div>
   <div class='ocr_carea' id='block_1_99' title="bbox 130 2559 848 2597">
    <p class='ocr_par' dir='ltr' id='par_1_99' title="bbox 130 2559 848 2597">
     <span class='ocr_line' id='line_1_99' title="bbox 130 2559 848 2597; baseline -0.007 -6"><span class='ocrx_word' id='word_1_726' title='bbox 130 2573 201 2597; x_wconf 85' lang='lat' dir='ltr'><strong>ncm,</strong></span> <span class='ocrx_word' id='word_1_727' title='bbox 219 2572 272 2591; x_wconf 92' lang='lat' dir='ltr'><strong>non</strong></span> <span class='ocrx_word' id='word_1_728' title='bbox 290 2568 412 2590; x_wconf 87' lang='lat' dir='ltr'><strong>naturam</strong></span> <span class='ocrx_word' id='word_1_729' title='bbox 428 2562 578 2596; x_wconf 86' lang='lat' dir='ltr'><strong>designare,</strong></span> <span class='ocrx_word' id='word_1_730' title='bbox 594 2560 658 2587; x_wconf 87' lang='lat' dir='ltr'><strong>nulli</strong></span> <span class='ocrx_word' id='word_1_731' title='bbox 672 2559 781 2587; x_wconf 90' lang='lat' dir='ltr'><strong>dubium</strong></span> <span class='ocrx_word' id='word_1_732' title='bbox 798 2565 848 2587; x_wconf 90' lang='lat' dir='ltr'><strong>est.</strong></span> 
     </span>
    </p>
   </div>
   <div class='ocr_carea' id='block_1_100' title="bbox 891 2631 898 2643">
    <p class='ocr_par' dir='ltr' id='par_1_100' title="bbox 891 2631 898 2643">
     <span class='ocr_line' id='line_1_100' title="bbox 891 2631 898 2643; baseline 0 0"><span class='ocrx_word' id='word_1_733' title='bbox 891 2631 898 2643; x_wconf 93' lang='lat'><em>\</em></span> 
     </span>
    </p>
   </div>
   <div class='ocr_carea' id='block_1_101' title="bbox 163 2680 368 2713">
    <p class='ocr_par' dir='ltr' id='par_1_101' title="bbox 163 2680 368 2713">
     <span class='ocr_line' id='line_1_101' title="bbox 163 2680 368 2713; baseline 0 -6"><span class='ocrx_word' id='word_1_734' title='bbox 163 2681 187 2696; x_wconf 82' lang='grc'><strong>³“</strong></span> <span class='ocrx_word' id='word_1_735' title='bbox 199 2681 268 2708; x_wconf 80' lang='lat' dir='ltr'><strong>Gen.</strong></span> <span class='ocrx_word' id='word_1_736' title='bbox 291 2689 309 2713; x_wconf 89' lang='grc' dir='ltr'>ι,</span> <span class='ocrx_word' id='word_1_737' title='bbox 322 2680 368 2708; x_wconf 67' lang='grc' dir='ltr'><strong>Ἦ.</strong></span> 
     </span>
    </p>
   </div>
   <div class='ocr_carea' id='block_1_102' title="bbox 129 2716 365 2747">
    <p class='ocr_par' dir='ltr' id='par_1_102' title="bbox 129 2716 365 2747">
     <span class='ocr_line' id='line_1_102' title="bbox 129 2716 365 2747; baseline -0.004 -3"><span class='ocrx_word' id='word_1_738' title='bbox 129 2717 151 2734; x_wconf 75' lang='grc'>⁸³</span> <span class='ocrx_word' id='word_1_739' title='bbox 165 2716 232 2744; x_wconf 88' lang='lat' dir='ltr'><strong>Gen.</strong></span> <span class='ocrx_word' id='word_1_740' title='bbox 256 2724 321 2747; x_wconf 82' lang='lat' dir='ltr'><strong>xvn,</strong></span> <span class='ocrx_word' id='word_1_741' title='bbox 340 2717 365 2743; x_wconf 85' lang='lat' dir='ltr'><strong>i.</strong></span> 
     </span>
    </p>
   </div>
   <div class='ocr_carea' id='block_1_103' title="bbox 419 2677 696 2709">
    <p class='ocr_par' dir='ltr' id='par_1_103' title="bbox 419 2677 696 2709">
     <span class='ocr_line' id='line_1_103' title="bbox 419 2677 696 2709; baseline -0.004 -3"><span class='ocrx_word' id='word_1_742' title='bbox 419 2680 441 2696; x_wconf 85' lang='lat'>&quot;</span> <span class='ocrx_word' id='word_1_743' title='bbox 458 2679 544 2706; x_wconf 85' lang='lat' dir='ltr'><strong>Exod.</strong></span> <span class='ocrx_word' id='word_1_744' title='bbox 563 2685 651 2709; x_wconf 76' lang='lat' dir='ltr'><strong>xxxii,</strong></span> <span class='ocrx_word' id='word_1_745' title='bbox 670 2677 696 2705; x_wconf 84' lang='lat'><strong>6.</strong></span> 
     </span>
    </p>
   </div>
   <div class='ocr_carea' id='block_1_104' title="bbox 404 2713 655 2745">
    <p class='ocr_par' dir='ltr' id='par_1_104' title="bbox 404 2713 655 2745">
     <span class='ocr_line' id='line_1_104' title="bbox 404 2713 655 2745; baseline -0.012 -3"><span class='ocrx_word' id='word_1_746' title='bbox 404 2715 426 2731; x_wconf 71' lang='lat'>“</span> <span class='ocrx_word' id='word_1_747' title='bbox 440 2715 525 2742; x_wconf 86' lang='lat' dir='ltr'><strong>Exod.</strong></span> <span class='ocrx_word' id='word_1_748' title='bbox 548 2721 589 2745; x_wconf 87' lang='lat' dir='ltr'><strong>nt,</strong></span> <span class='ocrx_word' id='word_1_749' title='bbox 612 2713 655 2739; x_wconf 80' lang='lat' dir='ltr'><strong>M.</strong></span> 
     </span>
    </p>
   </div>
   <div class='ocr_carea' id='block_1_105' title="bbox 166 2822 914 2865">
    <p class='ocr_par' dir='ltr' id='par_1_105' title="bbox 166 2822 914 2865">
     <span class='ocr_line' id='line_1_105' title="bbox 166 2822 914 2865; baseline -0.009 -8"><span class='ocrx_word' id='word_1_750' title='bbox 166 2831 221 2865; x_wconf 81' lang='lat' dir='ltr'><strong>(id)</strong></span> <span class='ocrx_word' id='word_1_751' title='bbox 235 2828 361 2856; x_wconf 78' lang='lat' dir='ltr'><strong>Nazianz.</strong></span> <span class='ocrx_word' id='word_1_752' title='bbox 383 2827 418 2855; x_wconf 84' lang='lat' dir='ltr'><strong>De</strong></span> <span class='ocrx_word' id='word_1_753' title='bbox 435 2825 629 2856; x_wconf 77' lang='lat' dir='ltr'><strong>moderatione,</strong></span> <span class='ocrx_word' id='word_1_754' title='bbox 646 2828 673 2851; x_wconf 87' lang='lat' dir='ltr'><strong>et</strong></span> <span class='ocrx_word' id='word_1_755' title='bbox 696 2826 768 2851; x_wconf 86' lang='lat' dir='ltr'><strong>orat.</strong></span> <span class='ocrx_word' id='word_1_756' title='bbox 784 2822 866 2851; x_wconf 84' lang='lat' dir='ltr'><strong>altera</strong></span> <span class='ocrx_word' id='word_1_757' title='bbox 881 2823 914 2850; x_wconf 85' lang='lat' dir='ltr'><strong>de</strong></span> 
     </span>
    </p>
   </div>
   <div class='ocr_carea' id='block_1_106' title="bbox 132 2867 213 2893">
    <p class='ocr_par' dir='ltr' id='par_1_106' title="bbox 132 2867 213 2893">
     <span class='ocr_line' id='line_1_106' title="bbox 132 2867 213 2893; baseline 0.012 -1"><span class='ocrx_word' id='word_1_758' title='bbox 132 2867 213 2893; x_wconf 74' lang='lat' dir='ltr'><strong>lin-ui.</strong></span> 
     </span>
    </p>
   </div>
   <div class='ocr_carea' id='block_1_107' title="bbox 752 2675 994 2707">
    <p class='ocr_par' dir='ltr' id='par_1_107' title="bbox 752 2675 994 2707">
     <span class='ocr_line' id='line_1_107' title="bbox 752 2675 994 2707; baseline -0.004 -4"><span class='ocrx_word' id='word_1_759' title='bbox 752 2676 774 2693; x_wconf 68' lang='grc' dir='ltr'><strong>δ’</strong></span> <span class='ocrx_word' id='word_1_760' title='bbox 787 2676 858 2703; x_wconf 80' lang='lat' dir='ltr'><strong>Psal.</strong></span> <span class='ocrx_word' id='word_1_761' title='bbox 889 2682 931 2707; x_wconf 90' lang='lat' dir='ltr'><strong>cv,</strong></span> <span class='ocrx_word' id='word_1_762' title='bbox 948 2675 994 2703; x_wconf 71' lang='lat'><strong>29.</strong></span> 
     </span>
    </p>
   </div>
   <div class='ocr_carea' id='block_1_108' title="bbox 695 2711 976 2744">
    <p class='ocr_par' dir='ltr' id='par_1_108' title="bbox 695 2711 976 2744">
     <span class='ocr_line' id='line_1_108' title="bbox 695 2711 976 2744; baseline 0 -6"><span class='ocrx_word' id='word_1_763' title='bbox 695 2712 718 2728; x_wconf 69' lang='grc' dir='ltr'><strong>δ’</strong></span> <span class='ocrx_word' id='word_1_764' title='bbox 736 2711 820 2739; x_wconf 87' lang='lat' dir='ltr'><strong>Exod.</strong></span> <span class='ocrx_word' id='word_1_765' title='bbox 841 2719 916 2744; x_wconf 75' lang='lat' dir='ltr'><strong>xxxt,</strong></span> <span class='ocrx_word' id='word_1_766' title='bbox 933 2711 976 2738; x_wconf 85' lang='lat' dir='ltr'><strong>i8.</strong></span> 
     </span>
    </p>
   </div>
   <div class='ocr_carea' id='block_1_109' title="bbox 968 2236 1754 2273">
    <p class='ocr_par' dir='ltr' id='par_1_109' title="bbox 968 2236 1754 2273">
     <span class='ocr_line' id='line_1_109' title="bbox 968 2236 1754 2273; baseline -0.006 -5"><span class='ocrx_word' id='word_1_767' title='bbox 968 2245 995 2268; x_wconf 79' lang='lat' dir='ltr'><strong>et</strong></span> <span class='ocrx_word' id='word_1_768' title='bbox 1012 2244 1142 2268; x_wconf 69' lang='lat' dir='ltr'><strong>creatura:</strong></span> <span class='ocrx_word' id='word_1_769' title='bbox 1169 2238 1390 2273; x_wconf 75' lang='lat' dir='ltr'><strong>cognoscibiliter</strong></span> <span class='ocrx_word' id='word_1_770' title='bbox 1407 2237 1506 2271; x_wconf 87' lang='lat' dir='ltr'><strong>poterit</strong></span> <span class='ocrx_word' id='word_1_771' title='bbox 1530 2236 1644 2263; x_wconf 84' lang='lat' dir='ltr'><strong>Creator</strong></span> <span class='ocrx_word' id='word_1_772' title='bbox 1658 2237 1754 2263; x_wconf 90' lang='lat' dir='ltr'><strong>horum</strong></span> 
     </span>
    </p>
   </div>
   <div class='ocr_carea' id='block_1_110' title="bbox 967 2282 1755 2317">
    <p class='ocr_par' dir='ltr' id='par_1_110' title="bbox 967 2282 1755 2317">
     <span class='ocr_line' id='line_1_110' title="bbox 967 2282 1755 2317; baseline -0.005 -5"><span class='ocrx_word' id='word_1_773' title='bbox 967 2285 1053 2313; x_wconf 87' lang='lat' dir='ltr'><strong>videri</strong></span> <span class='ocrx_word' id='word_1_774' title='bbox 1065 2285 1116 2313; x_wconf 76' lang='grc'><strong>⁸⁷.)</strong></span> <span class='ocrx_word' id='word_1_775' title='bbox 1139 2284 1245 2317; x_wconf 78' lang='lat' dir='ltr'><strong>Videte,</strong></span> <span class='ocrx_word' id='word_1_776' title='bbox 1259 2290 1289 2310; x_wconf 86' lang='lat' dir='ltr'><strong>ut</strong></span> <span class='ocrx_word' id='word_1_777' title='bbox 1312 2286 1374 2317; x_wconf 90' lang='lat' dir='ltr'><strong>post</strong></span> <span class='ocrx_word' id='word_1_778' title='bbox 1392 2288 1539 2317; x_wconf 82' lang='lat' dir='ltr'><strong>.pccratum</strong></span> <span class='ocrx_word' id='word_1_779' title='bbox 1555 2282 1627 2309; x_wconf 89' lang='lat' dir='ltr'><strong>Deus</strong></span> <span class='ocrx_word' id='word_1_780' title='bbox 1643 2289 1695 2309; x_wconf 90' lang='lat' dir='ltr'><strong>non</strong></span> <span class='ocrx_word' id='word_1_781' title='bbox 1709 2289 1755 2309; x_wconf 90' lang='lat' dir='ltr'><strong>co-</strong></span> 
     </span>
    </p>
   </div>
   <div class='ocr_carea' id='block_1_111' title="bbox 968 2328 1755 2363">
    <p class='ocr_par' dir='ltr' id='par_1_111' title="bbox 968 2328 1755 2363">
     <span class='ocr_line' id='line_1_111' title="bbox 968 2328 1755 2363; baseline -0.006 -4"><span class='ocrx_word' id='word_1_782' title='bbox 968 2340 1025 2359; x_wconf 86' lang='lat' dir='ltr'><strong>ram</strong></span> <span class='ocrx_word' id='word_1_783' title='bbox 1042 2339 1103 2359; x_wconf 90' lang='lat' dir='ltr'><strong>cum</strong></span> <span class='ocrx_word' id='word_1_784' title='bbox 1119 2330 1286 2363; x_wconf 88' lang='lat' dir='ltr'><strong>hominibus,</strong></span> <span class='ocrx_word' id='word_1_785' title='bbox 1301 2333 1331 2356; x_wconf 93' lang='lat' dir='ltr'><strong>nt</strong></span> <span class='ocrx_word' id='word_1_786' title='bbox 1343 2336 1404 2356; x_wconf 93' lang='lat' dir='ltr'><strong>cum</strong></span> <span class='ocrx_word' id='word_1_787' title='bbox 1417 2330 1531 2362; x_wconf 83' lang='lat' dir='ltr'><strong>Adamn,</strong></span> <span class='ocrx_word' id='word_1_788' title='bbox 1549 2328 1699 2355; x_wconf 85' lang='lat' dir='ltr'><strong>collocutus</strong></span> <span class='ocrx_word' id='word_1_789' title='bbox 1708 2328 1755 2361; x_wconf 86' lang='lat' dir='ltr'><strong>sit,</strong></span> 
     </span>
    </p>
   </div>
   <div class='ocr_carea' id='block_1_112' title="bbox 967 2374 1755 2410">
    <p class='ocr_par' dir='ltr' id='par_1_112' title="bbox 967 2374 1755 2410">
     <span class='ocr_line' id='line_1_112' title="bbox 967 2374 1755 2410; baseline -0.006 -5"><span class='ocrx_word' id='word_1_790' title='bbox 967 2378 1014 2405; x_wconf 83' lang='lat' dir='ltr'><strong>sed</strong></span> <span class='ocrx_word' id='word_1_791' title='bbox 1033 2385 1080 2404; x_wconf 87' lang='lat' dir='ltr'><strong>eos</strong></span> <span class='ocrx_word' id='word_1_792' title='bbox 1094 2384 1126 2403; x_wconf 85' lang='lat' dir='ltr'><strong>ex</strong></span> <span class='ocrx_word' id='word_1_793' title='bbox 1152 2382 1264 2410; x_wconf 86' lang='lat' dir='ltr'><strong>operum</strong></span> <span class='ocrx_word' id='word_1_794' title='bbox 1284 2374 1543 2410; x_wconf 63' lang='lat' dir='ltr'><strong>pulchrittldine‘ad</strong></span> <span class='ocrx_word' id='word_1_795' title='bbox 1564 2374 1604 2409; x_wconf 88' lang='lat' dir='ltr'><strong>su_i</strong></span> <span class='ocrx_word' id='word_1_796' title='bbox 1629 2374 1755 2400; x_wconf 76' lang='lat' dir='ltr'><strong>notitiam</strong></span> 
     </span>
    </p>
   </div>
   <div class='ocr_carea' id='block_1_113' title="bbox 966 2418 1756 2459">
    <p class='ocr_par' dir='ltr' id='par_1_113' title="bbox 966 2418 1756 2459">
     <span class='ocr_line' id='line_1_113' title="bbox 966 2418 1756 2459; baseline -0.006 -8"><span class='ocrx_word' id='word_1_797' title='bbox 966 2424 1032 2459; x_wconf 84' lang='lat' dir='ltr'><strong>erigi</strong></span> <span class='ocrx_word' id='word_1_798' title='bbox 1047 2424 1210 2459; x_wconf 87' lang='lat' dir='ltr'><strong>permiserit.</strong></span> <span class='ocrx_word' id='word_1_799' title='bbox 1227 2422 1304 2455; x_wconf 86' lang='lat' dir='ltr'><strong>Quod</strong></span> <span class='ocrx_word' id='word_1_800' title='bbox 1322 2418 1345 2448; x_wconf 87' lang='lat' dir='ltr'><strong>si</strong></span> <span class='ocrx_word' id='word_1_801' title='bbox 1362 2428 1408 2447; x_wconf 91' lang='lat' dir='ltr'><strong>eos</strong></span> <span class='ocrx_word' id='word_1_802' title='bbox 1422 2420 1517 2447; x_wconf 86' lang='lat' dir='ltr'><strong>merito</strong></span> <span class='ocrx_word' id='word_1_803' title='bbox 1533 2428 1611 2446; x_wconf 69' lang='lat' dir='ltr'><strong>canas</strong></span> <span class='ocrx_word' id='word_1_804' title='bbox 1627 2419 1756 2447; x_wconf 87' lang='lat' dir='ltr'><strong>Salomon</strong></span> 
     </span>
    </p>
   </div>
   <div class='ocr_carea' id='block_1_114' title="bbox 967 2465 1755 2505">
    <p class='ocr_par' dir='ltr' id='par_1_114' title="bbox 967 2465 1755 2505">
     <span class='ocr_line' id='line_1_114' title="bbox 967 2465 1755 2505; baseline -0.006 -8"><span class='ocrx_word' id='word_1_805' title='bbox 967 2470 1123 2505; x_wconf 86' lang='lat' dir='ltr'><strong>appellavit,</strong></span> <span class='ocrx_word' id='word_1_806' title='bbox 1138 2473 1238 2504; x_wconf 84' lang='lat' dir='ltr'><strong>quanto</strong></span> <span class='ocrx_word' id='word_1_807' title='bbox 1251 2467 1336 2501; x_wconf 81' lang='lat' dir='ltr'><strong>magis</strong></span> <span class='ocrx_word' id='word_1_808' title='bbox 1353 2466 1475 2494; x_wconf 83' lang='lat' dir='ltr'><strong>vaniores</strong></span> <span class='ocrx_word' id='word_1_809' title='bbox 1492 2473 1539 2492; x_wconf 88' lang='lat' dir='ltr'><strong>vos</strong></span> <span class='ocrx_word' id='word_1_810' title='bbox 1556 2465 1718 2500; x_wconf 82' lang='lat' dir='ltr'><strong>appellaret,</strong></span> <span class='ocrx_word' id='word_1_811' title='bbox 1730 2465 1755 2492; x_wconf 83' lang='lat' dir='ltr'><strong>si</strong></span> 
     </span>
    </p>
   </div>
   <div class='ocr_carea' id='block_1_115' title="bbox 968 2511 1756 2549">
    <p class='ocr_par' dir='ltr' id='par_1_115' title="bbox 968 2511 1756 2549">
     <span class='ocr_line' id='line_1_115' title="bbox 968 2511 1756 2549; baseline -0.006 -7"><span class='ocrx_word' id='word_1_812' title='bbox 968 2515 1049 2542; x_wconf 90' lang='lat' dir='ltr'><strong>hodie</strong></span> <span class='ocrx_word' id='word_1_813' title='bbox 1075 2518 1239 2549; x_wconf 85' lang='lat' dir='ltr'><strong>superesset.</strong></span> <span class='ocrx_word' id='word_1_814' title='bbox 1266 2513 1332 2540; x_wconf 84' lang='lat' dir='ltr'><strong>Nam</strong></span> <span class='ocrx_word' id='word_1_815' title='bbox 1361 2512 1399 2539; x_wconf 70' lang='lat' dir='ltr'><strong>iiii</strong></span> <span class='ocrx_word' id='word_1_816' title='bbox 1427 2512 1541 2538; x_wconf 82' lang='lat' dir='ltr'><strong>fortasse</strong></span> <span class='ocrx_word' id='word_1_817' title='bbox 1567 2511 1675 2544; x_wconf 85' lang='lat' dir='ltr'><strong>habent,</strong></span> <span class='ocrx_word' id='word_1_818' title='bbox 1700 2518 1756 2546; x_wconf 88' lang='lat' dir='ltr'><strong>quo</strong></span> 
     </span>
    </p>
   </div>
   <div class='ocr_carea' id='block_1_116' title="bbox 969 2555 1756 2593">
    <p class='ocr_par' dir='ltr' id='par_1_116' title="bbox 969 2555 1756 2593">
     <span class='ocr_line' id='line_1_116' title="bbox 969 2555 1756 2593; baseline -0.006 -6"><span class='ocrx_word' id='word_1_819' title='bbox 969 2560 1047 2587; x_wconf 85' lang='lat' dir='ltr'><strong>venia</strong></span> <span class='ocrx_word' id='word_1_820' title='bbox 1065 2559 1136 2593; x_wconf 79' lang='lat' dir='ltr'><strong>digni</strong></span> <span class='ocrx_word' id='word_1_821' title='bbox 1153 2559 1217 2586; x_wconf 89' lang='lat' dir='ltr'><strong>sint.</strong></span> <span class='ocrx_word' id='word_1_822' title='bbox 1233 2558 1303 2591; x_wconf 87' lang='lat' dir='ltr'><strong>Quid</strong></span> <span class='ocrx_word' id='word_1_823' title='bbox 1320 2557 1375 2584; x_wconf 76' lang='lat' dir='ltr'><strong>ita!</strong></span> <span class='ocrx_word' id='word_1_824' title='bbox 1390 2556 1461 2591; x_wconf 90' lang='lat' dir='ltr'><strong>quod</strong></span> <span class='ocrx_word' id='word_1_825' title='bbox 1475 2555 1524 2582; x_wconf 89' lang='lat' dir='ltr'><strong>Dci</strong></span> <span class='ocrx_word' id='word_1_826' title='bbox 1535 2555 1657 2582; x_wconf 87' lang='lat' dir='ltr'><strong>notitiam</strong></span> <span class='ocrx_word' id='word_1_827' title='bbox 1671 2559 1756 2583; x_wconf 82' lang='lat' dir='ltr'><strong>vesti-</strong></span> 
     </span>
    </p>
   </div>
   <div class='ocr_carea' id='block_1_117' title="bbox 1045 2673 1331 2706">
    <p class='ocr_par' dir='ltr' id='par_1_117' title="bbox 1045 2673 1331 2706">
     <span class='ocr_line' id='line_1_117' title="bbox 1045 2673 1331 2706; baseline 0 -5"><span class='ocrx_word' id='word_1_828' title='bbox 1045 2673 1067 2690; x_wconf 80' lang='lat'>“</span> <span class='ocrx_word' id='word_1_829' title='bbox 1085 2673 1156 2701; x_wconf 88' lang='lat' dir='ltr'><strong>Psal.</strong></span> <span class='ocrx_word' id='word_1_830' title='bbox 1173 2679 1266 2706; x_wconf 84' lang='lat' dir='ltr'><strong>cxvm,</strong></span> <span class='ocrx_word' id='word_1_831' title='bbox 1286 2673 1331 2701; x_wconf 75' lang='lat'><strong>75.</strong></span> 
     </span>
    </p>
   </div>
   <div class='ocr_carea' id='block_1_118' title="bbox 1386 2671 1752 2705">
    <p class='ocr_par' dir='ltr' id='par_1_118' title="bbox 1386 2671 1752 2705">
     <span class='ocr_line' id='line_1_118' title="bbox 1386 2671 1752 2705; baseline -0.003 -6"><span class='ocrx_word' id='word_1_832' title='bbox 1386 2673 1409 2688; x_wconf 78' lang='lat'>&quot;</span> <span class='ocrx_word' id='word_1_833' title='bbox 1431 2671 1503 2700; x_wconf 81' lang='lat' dir='ltr'><strong>Psal.</strong></span> <span class='ocrx_word' id='word_1_834' title='bbox 1533 2679 1631 2705; x_wconf 78' lang='lat' dir='ltr'><strong>xxxtn,</strong></span> <span class='ocrx_word' id='word_1_835' title='bbox 1657 2672 1700 2704; x_wconf 82' lang='grc'><strong>16,</strong></span> <span class='ocrx_word' id='word_1_836' title='bbox 1719 2671 1752 2698; x_wconf 79' lang='grc' dir='ltr'>Π</span> 
     </span>
    </p>
   </div>
   <div class='ocr_carea' id='block_1_119' title="bbox 1017 2708 1293 2740">
    <p class='ocr_par' dir='ltr' id='par_1_119' title="bbox 1017 2708 1293 2740">
     <span class='ocr_line' id='line_1_119' title="bbox 1017 2708 1293 2740; baseline -0.004 -3"><span class='ocrx_word' id='word_1_837' title='bbox 1017 2709 1040 2726; x_wconf 61' lang='grc' dir='ltr'>ιε</span> <span class='ocrx_word' id='word_1_838' title='bbox 1055 2710 1142 2737; x_wconf 88' lang='lat' dir='ltr'><strong>Exod.</strong></span> <span class='ocrx_word' id='word_1_839' title='bbox 1155 2715 1250 2740; x_wconf 67' lang='lat' dir='ltr'><strong>xxxiv,</strong></span> <span class='ocrx_word' id='word_1_840' title='bbox 1266 2708 1293 2736; x_wconf 86' lang='lat' dir='ltr'><strong>i.</strong></span> 
     </span>
    </p>
   </div>
   <div class='ocr_carea' id='block_1_120' title="bbox 1330 2707 1634 2742">
    <p class='ocr_par' dir='ltr' id='par_1_120' title="bbox 1330 2707 1634 2742">
     <span class='ocr_line' id='line_1_120' title="bbox 1330 2707 1634 2742; baseline -0.003 -6"><span class='ocrx_word' id='word_1_841' title='bbox 1330 2708 1352 2724; x_wconf 72' lang='grc'><strong>⁵⁷</strong></span> <span class='ocrx_word' id='word_1_842' title='bbox 1368 2708 1433 2742; x_wconf 82' lang='lat' dir='ltr'><strong>Sap.</strong></span> <span class='ocrx_word' id='word_1_843' title='bbox 1449 2714 1509 2739; x_wconf 85' lang='lat' dir='ltr'><strong>xm,</strong></span> <span class='ocrx_word' id='word_1_844' title='bbox 1527 2707 1540 2734; x_wconf 78' lang='grc'>1</span> <span class='ocrx_word' id='word_1_845' title='bbox 1556 2715 1634 2742; x_wconf 88' lang='lat' dir='ltr'><strong>seqq.</strong></span> 
     </span>
    </p>
   </div>
   <div class='ocr_carea' id='block_1_121' title="bbox 1018 2817 1751 2855">
    <p class='ocr_par' dir='ltr' id='par_1_121' title="bbox 1018 2817 1751 2855">
     <span class='ocr_line' id='line_1_121' title="bbox 1018 2817 1751 2855; baseline -0.001 -8"><span class='ocrx_word' id='word_1_846' title='bbox 1018 2822 1071 2855; x_wconf 83' lang='lat' dir='ltr'><strong>i0‘)</strong></span> <span class='ocrx_word' id='word_1_847' title='bbox 1087 2819 1125 2847; x_wconf 86' lang='lat' dir='ltr'><strong>lla</strong></span> <span class='ocrx_word' id='word_1_848' title='bbox 1144 2819 1244 2847; x_wconf 78' lang='lat' dir='ltr'><strong>habent</strong></span> <span class='ocrx_word' id='word_1_849' title='bbox 1256 2819 1334 2851; x_wconf 69' lang='lat' dir='ltr'><strong>LXX,</strong></span> <span class='ocrx_word' id='word_1_850' title='bbox 1353 2817 1562 2855; x_wconf 38' lang='lat' dir='ltr'><strong>prn.WDamirtus</strong></span> <span class='ocrx_word' id='word_1_851' title='bbox 1576 2818 1751 2855; x_wconf 68' lang='lat' dir='ltr'><strong>omuipqhtm.</strong></span> 
     </span>
    </p>
   </div>
   <div class='ocr_carea' id='block_1_122' title="bbox 1004 2822 1514 2891">
    <p class='ocr_par' dir='ltr' id='par_1_122' title="bbox 1004 2822 1514 2891">
     <span class='ocr_line' id='line_1_122' title="bbox 1018 2822 1512 2855; baseline -0.006 -8"><span class='ocrx_word' id='word_1_852' title='bbox 1018 2822 1071 2855; x_wconf 75' lang='grc'><strong>10⁵)</strong></span> <span class='ocrx_word' id='word_1_853' title='bbox 1087 2822 1125 2847; x_wconf 84' lang='lat' dir='ltr'><strong>lla</strong></span> <span class='ocrx_word' id='word_1_854' title='bbox 1144 2822 1244 2847; x_wconf 78' lang='lat' dir='ltr'><strong>habent</strong></span> <span class='ocrx_word' id='word_1_855' title='bbox 1256 2822 1334 2851; x_wconf 72' lang='lat' dir='ltr'><strong>LXX,</strong></span> <span class='ocrx_word' id='word_1_856' title='bbox 1353 2827 1414 2854; x_wconf 86' lang='lat' dir='ltr'><strong>pro.</strong></span> <span class='ocrx_word' id='word_1_857' title='bbox 1437 2822 1512 2845; x_wconf 84' lang='lat' dir='ltr'><strong>Uami</strong></span> 
     </span>
     <span class='ocr_line' id='line_1_123' title="bbox 1004 2822 1514 2891; baseline -0.008 -8"><span class='ocrx_word' id='word_1_858' title='bbox 1004 2822 1028 2891; x_wconf 51' lang='grc' dir='ltr'>ξι</span> <span class='ocrx_word' id='word_1_859' title='bbox 1038 2856 1061 2891; x_wconf 88' lang='lat' dir='ltr'><strong>i)</strong></span> <span class='ocrx_word' id='word_1_860' title='bbox 1076 2856 1202 2883; x_wconf 80' lang='lat' dir='ltr'><strong>Nazianz.</strong></span> <span class='ocrx_word' id='word_1_861' title='bbox 1219 2856 1245 2882; x_wconf 92' lang='lat' dir='ltr'><strong>in</strong></span> <span class='ocrx_word' id='word_1_862' title='bbox 1258 2855 1379 2882; x_wconf 85' lang='lat' dir='ltr'><strong>Natalem</strong></span> <span class='ocrx_word' id='word_1_863' title='bbox 1393 2854 1456 2887; x_wconf 68' lang='lat'><strong>2&#39;27,</strong></span> <span class='ocrx_word' id='word_1_864' title='bbox 1470 2854 1514 2880; x_wconf 79' lang='lat'><strong>‘26.</strong></span> 
     </span>
    </p>
   </div>
  </div>
