1955 3080
223 116 274 148 80⁸1

832 112 1044 146 ANDBONICI
1070 112 1243 143 COMNENI

1798 111 1853 143 808

223 182 329 211 gantes,
341 175 373 202 ad
385 174 580 211 ignorationem
592 173 725 212 compulsi
739 178 812 201 sunt.
820 173 886 207 Vos,
902 173 929 200 in
939 175 1012 200 tanta
1026 171 1051 201 Α
1066 174 1155 202 etans,
1169 175 1252 204 atque
1276 169 1370 196 ordine
1394 175 1572 204 componens,
1590 167 1752 196 et'molienti
1777 165 1852 195 Patri

225 227 317 250 vatum
332 229 431 249 corona
458 225 487 248 et
497 216 661 255 scriptorum
676 220 858 252 multitudine,
870 219 943 246 adeo
956 224 1010 245 non

226 268 375 303 vestigatis,
392 272 422 294 ut
442 267 524 294 etiam
539 274 599 301 quae
612 267 712 301 scripta
727 272 789 294 sunt
807 265 973 293 adnlteretis.

258 313 319 342 Jun.
333 314 383 341 Per
395 312 485 340 Mosen
498 313 505 340 !
524 313 569 348 qui
581 321 655 341 mare
670 313 791 342 Rubrum
804 312 897 339 dextra
909 309 1010 343 divisit,

226 368 289 387 vera
315 359 405 386 omnia
432 365 537 386 narras.
559 358 741 391 Quamobrem
756 357 820 385 dum
843 357 887 384 hic
899 355 969 390 apud
986 361 1011 382 te

226 406 367 437 adsumus,
387 404 558 438 Scripturam
584 404 750 432 evolvamus.
776 403 826 436 Tu,
851 403 923 437 quod
949 405 1012 428 ante

225 451 392 484 dicebamus,
410 451 489 478 nobis
503 455 700 483 commonstra,
714 450 775 485 quis
798 453 953 476 nOstrornm
965 454 1013 473 va-

225 503 280 524 tnm
299 498 499 532 generationem
528 497 586 529 Dei,
603 496 757 531 genitumve
780 494 865 521 Deum
889 497 1010 527 usurpet.

225 543 252 570 ΙιΙ
268 543 339 570 enim
363 542 449 576 magis
470 537 705 569 animosnostros
727 541 755 568 ln
777 544 916 575 stuporem
930 543 1011 573 atque

223 588 421 616 dubitationem
439 588 520 623 rapit.

531 654 646 683 CAPUT
666 654 712 682 Vl.

225 714 266 741 Ea;
280 714 412 749 prophetis
435 713 582 740 ostenditur
598 712 733 740 Christum
750 720 765 739 a
780 711 861 739 Patre
880 711 1008 747 genitum.

257 770 370 798 Cunis'r.
386 769 482 796 Audite
496 776 579 804 porro
604 768 758 796 Salomonis
773 768 866 796 verba.
881 767 960 801 Quod
986 767 1009 794 si

222 817 285 852 quid
303 816 400 843 melius
424 815 510 849 Scitis,
526 816 620 843 docete
640 823 715 843 sane.
730 814 821 849 Neque
847 814 920 842 enim
935 819 1011 840 vere-

221 862 325 890 cundor
351 866 459 896 propter
470 861 552 889 Deum
576 861 711 887 hominem
727 859 818 888 Jesum
833 867 921 887 meum
952 859 1010 886 dis-

223 908 304 942 cipuli
332 915 474 942 personam
492 907 603 934 induere
618 915 625 934 :
642 916 652 932 ‹
671 905 800 934 Dominus
815 906 935 941 possedit
952 905 1008 940 (l2)

224 960 270 980 me
286 953 312 980 in
337 953 415 980 initio
434 952 541 979 viarum
559 959 682 986 suarum,
696 956 841 985 antequam
863 951 1010 986 quidquam

222 998 324 1026 faceret
340 1006 354 1025 a
372 998 519 1034 principio.
541 997 582 1024 Ab
593 1002 696 1025 aeterno
710 998 833 1024 ordinata
849 1004 920 1030 sum,
935 1001 962 1024 et
976 1004 1010 1024 ex

221 1045 352 1079 antiquis,
381 1049 528 1079 antequam
554 1047 627 1069 terra
659 1043 746 1070 ﬁeret.
775 1042 900 1070 Nondum
930 1045 1010 1070 erant

222 1092 323 1127 abyssi,
340 1096 366 1119 et
380 1098 430 1126 ego
450 1092 506 1126 jam
521 1095 652 1125 concepta
676 1097 751 1117 eram
766 1099 774 1117 :
790 1089 905 1116 necdum
920 1088 1011 1116 fontes

222 1145 353 1171 aquarum
381 1139 526 1170 eruperant
543 1144 550 1162 :
568 1135 684 1163 necdum
709 1139 814 1162 montes
839 1134 916 1169 gravi
941 1134 1011 1162 mole

221 1183 418 1214 constiterant;
435 1187 498 1208 ante
512 1187 607 1207 omnes
617 1180 700 1208 colles
713 1187 762 1215 ego
777 1180 1006 1215 parturiebar“.i

222 1226 271 1253 Hic
287 1235 296 1251 ι
312 1225 414 1253 Creavit
430 1234 438 1251 I
457 1225 537 1259 (quod
551 1225 659 1260 ponitur
674 1232 689 1251 a
702 1223 783 1259 LXX)
799 1232 853 1251 non
869 1224 1006 1257 moliendi,

220 1271 268 1298 sed
281 1270 406 1305 gignendi
423 1270 477 1297 vim
487 1269 806 1304 habere,intel|igendum
818 1274 870 1298 cst.
883 1269 1011 1297 Solemne

221 1322 262 1345 est
273 1317 345 1344 enim
353 1324 436 1345 sacrae
450 1317 694 1351 Scriptur2,vicina
706 1324 755 1350 pro
767 1317 861 1345 vicinis
869 1325 1010 1352 usurpare,

221 1368 322 1390 uicum
346 1363 378 1390 de
394 1362 467 1390 Mose
481 1363 545 1390 ait:
572 1372 582 1389 ε
609 1362 737 1390 Adultum
761 1370 873 1398 puerum
901 1363 1013 1391 tradidit

222 1410 285 1436 ttliie
328 1408 487 1441 Pharaonis,
509 1415 589 1443 quem
617 1407 662 1436 illa
687 1407 751 1436 fecit
770 1408 822 1436 sibi
836 1408 918 1436 tilium
949 1410 983 1437 ”.
999 1419 1009 1436 ι

221 1455 302 1489 Atqui
326 1461 380 1482 non
402 1454 477 1487 fecit,
497 1454 544 1481 sed
571 1454 737 1490 nuncupavit
754 1454 806 1482 sibi
832 1455 926 1482 tilium.
945 1455 1011 1483 Item

221 1501 330 1528 David:
352 1510 361 1526 ε
383 1499 458 1527 Facti
480 1508 571 1528 sumus
594 1501 622 1527 in
639 1501 812 1536 opprobrium
831 1501 928 1529 vicinis
954 1509 1004 1529 no-
1017 1507 1039 1538 α

223 1546 289 1574 siris
302 1546 354 1577 “,i
370 1552 429 1579 pro,
445 1544 565 1572 Fuimus.
578 1544 637 1572 Jam
652 1553 715 1573 vero
725 1550 787 1573 ante
797 1545 896 1573 coelum
912 1550 939 1574 et
949 1550 1007 1573 ter-

221 1597 290 1621 ram,
306 1589 393 1617 Moses
417 1589 517 1617 nullam
541 1590 621 1617 aliam
644 1597 700 1617 rem
722 1594 841 1618 creatam
856 1591 1005 1624 exstitisse,

220 1635 367 1663 revelavit:
384 1645 393 1661 ι
411 1635 554 1669 Principio,
567 1635 701 1670 inquiens,
712 1636 814 1663 creavit
826 1636 897 1664 Deus
908 1637 1006 1664 ccelum

221 1685 249 1707 et
267 1686 366 1708 terram
378 1682 429 1709 ".i
449 1680 526 1714 Quod
541 1681 563 1708 si
580 1681 643 1716 quid
658 1682 796 1716 antiquius
809 1683 967 1715 exstitisset,
975 1683 1002 1710 id

222 1726 305 1754 dubio
324 1727 416 1762 procul
445 1727 520 1762 prius
539 1731 704 1755 tractaturus
721 1727 829 1756 fuisset.
851 1727 908 1756 Etsi
933 1733 1006 1762 sunt,

221 1772 266 1807 qui
292 1771 470 1807 intelligentes
486 1772 654 1800 substantias
668 1773 744 1806 prius
768 1772 892 1801 conditas
911 1773 1007 1801 existi-

221 1823 305 1850 ment,
326 1818 406 1845 veluti
423 1818 508 1845 altera
527 1818 652 1853 quazdam
670 1818 782 1852 lumina,
801 1823 829 1846 et
850 1818 907 1847 Deo
921 1820 1008 1855 magis

220 1862 391 1897 coniunctas.
408 1862 443 1889 At
459 1867 541 1890 terret
556 1870 599 1890 me
614 1863 661 1890 Dei
678 1862 712 1890 ad
723 1861 773 1890 Job
785 1870 885 1897 sermo,
896 1864 1006 1892 dicens:

223 1916 233 1933 α
250 1907 317 1935 Cum
329 1911 402 1935 astra
415 1907 611 1941 conderentur,
622 1907 770 1935 laudabant
781 1914 825 1936 me
836 1915 931 1944 magna
941 1915 1008 1936 voco

220 1958 314 1980 omnes
329 1951 416 1986 angeli
431 1952 482 1978 mei
492 1952 542 1979 ".i
554 1954 633 1979 Astra
649 1953 720 1979 enim
737 1953 848 1980 omnino
858 1953 902 1981 die
912 1958 1008 1988 quarto

220 1998 364 2025 constituta
379 2002 453 2025 sum.
467 1998 549 2032 Igitur
564 1998 586 2025 si
603 1999 635 2025 de
649 2003 785 2027 astrorum
797 1999 936 2028 creatione
946 2007 1007 2028 eum

221 2041 310 2076 angeli
336 2042 535 2075 collaudabant,
555 2041 641 2069 multo
662 2043 749 2078 magis
769 2044 803 2071 de
827 2044 908 2076 cmlo,
923 2048 1006 2078 terra,

222 2094 291 2121 aqua
303 2091 330 2114 et
346 2087 414 2115 luce.
428 2087 480 2115 Sed
508 2087 577 2115 hanc
600 2088 722 2115 insanam
744 2089 889 2117 multorum
913 2090 1008 2118 existi-

222 2133 369 2160 nationem
387 2133 528 2168 perspicue
551 2133 678 2168 frangens
692 2134 829 2168 Salomon,
852 2135 931 2171 paulo
947 2141 1008 2171 post

1062 216 1210 243 molitionis
1224 214 1356 243 consors?

1096 269 1158 298 Jun.
1171 270 1225 298 Cur
1237 276 1326 298 autem
1338 269 1360 297 si
1377 271 1409 297 de
1421 269 1489 298 Filio
1506 277 1554 297 nos
1569 269 1698 297 docturus
1713 272 1784 302 erat,
1795 276 1851 296 non

1061 314 1140 347 dixit,
1152 315 1275 349 Aptator,
1286 314 1333 342 sed
1352 323 1362 340 ι
1377 314 1515 349 Aptatrix?
1529 323 1538 340 ι
1551 314 1587 342 ita
1600 322 1633 341 ex
1645 313 1714 341 LXX
1727 314 1855 342 versione

1062 361 1206 389 dicendum
1231 369 1280 396 pro
1294 361 1339 388 illo
1353 369 1361 388 :
1382 370 1391 387 ι
1403 361 1470 388 Cum
1487 368 1520 389 eo
1532 368 1606 388 eram
1620 365 1717 388 cuncta
1742 367 1854 396 compo-

1062 414 1138 434 nens.
1167 416 1178 433 )

1096 463 1208 491 Cuius-r.
1225 462 1285 490 Jam
1309 463 1377 491 dixi.
1410 462 1493 491 Vates
1519 463 1552 490 de
1570 463 1635 496 Deo,
1652 469 1704 489 non
1720 466 1854 496 quantum

1061 514 1113 541 est,
1129 509 1269 541 dixerunt,
1284 509 1330 536 sed
1353 513 1484 542 quantum
1504 508 1649 543 cogitando
1672 513 1854 542 asscqueren-

1061 560 1117 587 tur,
1135 556 1314 591 scripserunt.
1330 555 1389 589 Quo
1405 555 1477 583 enim
1493 555 1572 582 modo
1595 553 1852 588 comprehendatur,

1064 602 1137 637 quod
1164 601 1358 636 comprehendi
1385 608 1439 628 non
1465 600 1574 635 potest?
1593 599 1660 626 Nam
1676 607 1739 626 cum
1754 605 1854 625 arenas

1061 649 1154 682 maris,
1168 653 1196 676 et
1218 648 1304 676 stillas
1319 647 1425 682 pluviae,
1444 647 1636 680 stellarumque
1651 645 1852 672 multitudinem

1061 699 1178 730 nequeat
1189 695 1251 730 quis
1262 701 1415 725 numerare,
1426 693 1527 721 scilicet
1537 691 1620 720 Deum
1632 691 1755 726 principii
1769 695 1853 725 atque

1062 741 1123 768 nnis
1134 746 1272 774 expertem
1296 737 1527 775 comprehendet?
1545 738 1636 772 Itaque
1649 737 1718 764 alius
1737 736 1786 764 Dei
1804 744 1851 764 sa-

1061 785 1189 820 pientiam
1211 784 1309 811 Filium
1328 784 1454 818 vocavit;
1470 783 1538 810 alius
1553 787 1682 813 mentem.
1699 782 1768 809 alius
1784 782 1853 809 lucis

1024 839 1048 869 Β
1062 831 1253 865 simulacrum;
1280 830 1350 858 alius
1369 837 1525 865 expressam
1551 829 1695 864 quamdam
1714 828 1851 860 formam;

1061 878 1131 905 alius
1145 878 1234 910 vires;
1252 876 1322 905 alius
1334 876 1451 909 Filium;
1465 883 1560 903 omnes
1574 883 1656 902 unum
1673 880 1700 903 et
1712 875 1851 902 eumdem.

1061 924 1108 951 Sin
1119 929 1209 951 autem
1225 931 1303 951 secus
1317 923 1509 958 prophetarum
1520 929 1599 950 voces
1614 921 1745 956 accipitis,
1754 927 1853 948 vereor

1061 978 1095 998 ne
1108 969 1275 1005 splendidam
1290 969 1342 996 SS.
1357 969 1498 996 Trinitatis
1519 968 1606 995 locem
1631 967 1807 1002 refugientes,
1823 966 1852 993 in

1061 1016 1224 1051 profundum
1241 1014 1356 1050 plurium
1370 1015 1480 1042 deorum
1491 1022 1539 1042 vos
1556 1013 1740 1049 praecipitctis.

1096 1061 1180 1096 Igitur
1192 1061 1280 1087 denuo
1299 1060 1390 1087 audite
1406 1059 1578 1087 Salomonein
1594 1059 1681 1093 palam
1693 1057 1851 1085 vociferan-

1063 1110 1116 1134 tem
1132 1115 1140 1134 :
1157 1115 1166 1132 i
1189 1105 1322 1134 Omnibus
1336 1104 1479 1133 mobilibus
1498 1104 1621 1132 mobilior
1634 1108 1674 1131 est
1690 1103 1824 1139 sapientia
1841 1112 1850 1136 ;

1062 1151 1170 1186 attingit
1195 1156 1284 1178 autem
1311 1150 1410 1184 ubique
1438 1155 1547 1184 propter
1577 1157 1653 1177 suam
1677 1148 1849 1176 munditiam.

1063 1195 1155 1231 Vapor
1167 1200 1209 1224 est
1227 1195 1300 1224 enim
1314 1195 1423 1223 virtutis
1441 1195 1498 1229 Dei,
1520 1200 1548 1223 et
1573 1195 1708 1222 emaiiatio
1724 1195 1849 1230 quaedam

1063 1247 1104 1270 est
1118 1242 1248 1270 claritatis
1261 1242 1456 1276 omnipotentis
1467 1241 1512 1269 Dei
1530 1241 1636 1269 sincera
1649 1249 1657 1268 :
1668 1246 1695 1268 et
1710 1241 1769 1268 ideo
1782 1240 1850 1268 nihil

1062 1289 1231 1324 inquinatum
1246 1288 1274 1316 in
1288 1295 1349 1315 eam
1367 1287 1492 1315 incurrit.
1512 1286 1621 1314 Candor
1637 1291 1679 1314 est
1692 1286 1763 1313 enim
1780 1285 1850 1314 lucis

1063 1338 1181 1364 aeternae,
1205 1337 1233 1361 et
1254 1332 1393 1368 speculum
1406 1332 1465 1359 sine
1490 1331 1594 1358 macula
1613 1324 1660 1358 D-ei
1689 1330 1848 1364 maiestatis,

1061 1383 1089 1406 et
1102 1379 1189 1413 imago
1203 1378 1330 1406 bouitatis
1341 1377 1413 1405 illius
1421 1377 1457 1404 ".
1473 1385 1483 1402 ι
1501 1376 1554 1404 Sed
1565 1375 1685 1408 omissis,
1702 1383 1761 1410 qua:
1775 1375 1848 1410 apud

1063 1424 1217 1459 Sapientem
1234 1428 1307 1456 sunt,
1322 1422 1466 1458 imaginem
1493 1422 1577 1450 solam
1591 1429 1749 1457 persequar.
1765 1421 1848 1454 Sunt,

1063 1472 1174 1507 putatis,
1187 1472 1213 1498 in
1233 1471 1302 1499 coelo
1317 1471 1434 1506 pictores
1447 1478 1479 1498 ac
1495 1470 1619 1498 colores?

1062 1539 1076 1553 δ
1092 1517 1154 1546 Jun.
1176 1516 1297 1545 Minime.

1092 1576 1203 1604 Canis-r.
1215 1576 1248 1603 Et
1257 1580 1363 1610 quaeest
1374 1583 1455 1610 porro
1467 1574 1526 1603 haec
1538 1575 1585 1602 Dei
1595 1575 1724 1603 bonitatis
1737 1573 1849 1610 imago?

1059 1630 1111 1650 nec
1125 1622 1212 1650 solum
1223 1622 1311 1657 imago
1326 1622 1494 1657 simpliciter,
1509 1623 1557 1649 sed
1572 1629 1618 1657 per
1629 1622 1718 1649 omnia
1731 1621 1850 1649 similis?

1057 1668 1111 1695 Aut
1133 1675 1198 1702 ergo
1223 1667 1365 1703 imaginem
1395 1667 1548 1699 concedite,
1578 1672 1626 1694 aut
1643 1674 1749 1694 mecum
1765 1667 1849 1695 unius

1057 1719 1161 1741 natura:
1171 1718 1197 1741 et
1212 1714 1368 1742 substantiae
1380 1722 1440 1741 cum
1456 1713 1535 1741 Patre
1545 1713 1641 1740 Filium
1655 1713 1788 1740 latemini.

1092 1758 1154 1787 Jun.
1182 1759 1310 1787 Fatemur
1327 1768 1335 1793 ;
1365 1759 1422 1792 sed,
1443 1758 1550 1792 amabo,
1566 1759 1637 1787 idem
1656 1759 1733 1786 nobis
1744 1766 1777 1786 ex
1793 1758 1850 1786 alio

1059 1805 1192 1840 propheta
1205 1804 1337 1833 edissere.

1092 1862 1206 1890 Cunis-r.
1236 1861 1311 1888 lsaize
1323 1861 1403 1889 verba
1418 1864 1481 1888 sunt
1500 1868 1507 1887 :
1530 1869 1540 1886 ‹
1569 1859 1702 1888 Parvulus
1714 1864 1796 1887 natus
1805 1864 1850 1887 est

1060 1908 1148 1942 nobis,
1168 1912 1197 1935 et
1223 1907 1296 1934 ﬁlius
1322 1907 1400 1934 datus
1412 1911 1454 1934 est
1466 1906 1553 1938 nobis,
1564 1909 1592 1933 et
1615 1905 1700 1932 lactus
1717 1909 1760 1932 est
1771 1905 1849 1939 prin-

1059 1954 1167 1988 cipatus
1193 1959 1273 1987 super
1286 1951 1428 1979 humerum
1457 1951 1572 1986 ejus;et
1594 1950 1732 1978 vocabitur
1747 1957 1847 1978 nomen

1058 1999 1118 2034 ejus
1143 1998 1233 2033 magni
1245 1997 1352 2026 consilii
1368 1997 1496 2032 Angelus,
1515 1996 1694 2028 admirabilis,
1712 1996 1845 2023 consilia-

1058 2045 1116 2072 rius
1131 2044 1164 2072 “.
1192 2053 1203 2071 ι
1221 2043 1324 2071 Videtis
1341 2043 1428 2070 Patris
1441 2042 1643 2070 consiliarium?
1666 2040 1771 2069 Videtis
1786 2049 1848 2069 ma-

1058 2090 1102 2127 gni
1125 2089 1230 2118 consilii
1255 2088 1404 2124 Angelum?
1423 2088 1470 2116 Est
1497 2087 1664 2115 enimFilius
1674 2087 1802 2122 ᾱγγελος,
1818 2092 1848 2115 ut

1058 2137 1104 2172 qui
1130 2143 1145 2163 a
1163 2135 1242 2163 Patre
1264 2134 1356 2162 arcani
1386 2134 1420 2162 ab
1434 2134 1507 2161 omni
1519 2134 1671 2162 aeternitate
1682 2133 1782 2162 occulti
1798 2134 1848 2161 ab-

221 2178 297 2206 addit
312 2187 319 2205 :
339 2187 348 2204 i
364 2178 435 2206 Ante
447 2186 541 2207 omnes
557 2179 641 2208 colles
663 2181 749 2215 gignit
767 2181 852 2214 me",
869 2189 900 2209 ac
914 2182 1007 2217 paula-
1025 2179 1049 2207 D
1063 2182 1119 2210 dita
1138 2181 1173 2209 ad
1191 2181 1315 2209 homines
1341 2179 1481 2215 pertulerit
1509 2187 1542 2207 ac
1559 2172 1746 2214 promulgarit.
1774 2180 1848 2207 Con-

222 2223 269 2251 tim
298 2230 357 2258 qua;
381 2224 512 2252 scriberet
552 2224 690 2253 illustrsns
713 2226 843 2261 subjicit:
870 2236 879 2254 ε
899 2227 1013 2261 Quando

220 2269 319 2297 telliera
334 2269 457 2298 ﬁrmabat
471 2277 580 2306 sursum
595 2276 622 2298 et
636 2271 750 2299 librabat
765 2273 852 2301 fontes
867 2272 1023 2308 aquarum:

221 2314 328 2348 quando
343 2314 528 2342 circumdabat
541 2315 607 2341 mari
626 2316 769 2343 terminum
784 2323 873 2350 suum,
886 2322 913 2345 et
926 2317 1011 2352 legem

221 2357 338 2392 ponebat
366 2358 455 2392 aquis,
478 2365 511 2385 ne
529 2359 678 2386 transirent
707 2359 776 2387 lines
796 2367 879 2394 suos;
900 2362 1009 2395 quando

221 2403 389 2437 appendebat
406 2403 579 2431 fundamenta
597 2409 685 2436 teme,
702 2413 764 2433 eum
779 2413 811 2433 eo
824 2413 897 2433 eram
910 2411 1007 2434 cuncta

222 2455 384 2482 componens
392 2448 425 2474 ⁸⁸.
445 2458 455 2474 ι
475 2449 578 2483 Videte,
591 2455 620 2476 ut
631 2451 732 2478 sensim
743 2451 845 2478 socium
860 2452 933 2480 Patri
949 2454 1008 2487 opi-

222 2493 298 2520 ticem
313 2493 409 2521 Filium
431 2495 558 2522 declaret.
575 2495 645 2528 Quid
667 2497 739 2523 enim
753 2497 826 2524 aliud
839 2502 889 2530 est,
908 2507 918 2523 ε
938 2497 1005 2526 Cum

221 2546 254 2573 eo
268 2547 341 2566 eram
369 2545 466 2567 cuncta
483 2547 658 2576 componens,
691 2551 700 2568 ι
718 2550 798 2577 quam
820 2550 871 2570 una
888 2544 1006 2572 archite-

257 2627 280 2643 "
300 2627 386 2665 Prov;
394 2636 454 2659 viii.
468 2629 504 2656 22
532 2634 557 2657 et
572 2637 648 2665 seqq.

222 2661 238 2688 7
251 2669 307 2691 re.
319 2663 399 2690 LXX.

222 2704 242 2728 i,
255 2698 300 2726 26.
340 2699 362 2715 "
378 2699 445 2728 Gen.
459 2707 500 2732 iii,
513 2699 560 2727 22.

700 2630 723 2647 "
736 2631 818 2658 Exod.
835 2639 866 2665 ii,
883 2632 910 2665 9,
926 2632 971 2660 10.

623 2701 645 2716 ⁵⁸
657 2700 724 2728 Gen.
739 2709 776 2734 xi,
790 2702 817 2729 7.

446 2649 454 2659 .
468 2633 504 2656 22
532 2634 557 2657 et
572 2637 648 2665 seqq.
700 2633 723 2647 “
736 2633 818 2658 Exod.
835 2639 866 2665 ii,
883 2633 910 2665 9,
926 2633 971 2660 10.
1024 2633 1048 2649 ¹⁰
1063 2633 1133 2661 Psal.
1163 2641 1277 2667 Lxxviii,
1292 2633 1320 2660 4.
1376 2633 1397 2650 ⁵¹
1412 2633 1480 2660 Gen.
1495 2641 1515 2665 i,
1530 2633 1556 2659 Ι.
1621 2633 1644 2649 ⁵²
1661 2633 1711 2660 Job
1727 2638 1844 2664 xxxvtti,

443 2665 465 2680 "
480 2665 559 2705 Prov.
576 2665 685 2705 Vlllz‘ens
711 2674 766 2694 sec.
782 2666 863 2705 DXX.
893 2667 917 2685 "
930 2668 996 2696 ibid.
1008 2677 1105 2703 xxviii,
1119 2668 1165 2697 50.
1192 2669 1216 2685 "
1229 2668 1294 2705 Sap.
1310 2676 1358 2702 vti,
1372 2669 1408 2696 24
1421 2675 1497 2704 seqq.
1519 2668 1545 2684 "
1561 2668 1612 2696 lsa.
1624 2676 1661 2701 ix,
1677 2669 1702 2696 6.
1735 2667 1757 2683 "
1772 2666 1844 2695 Gen.

1061 2227 1180 2254 siliarius
1207 2230 1258 2258 est,
1287 2225 1333 2260 qui
1362 2232 1377 2252 a
1401 2225 1480 2253 Patre
1502 2225 1641 2252 audierit:
1661 2234 1671 2250 ι
1701 2223 1848 2253 Faciamus

1062 2272 1198 2300 hominem
1207 2272 1240 2299 ad
1251 2271 1396 2306 imaginem
1409 2274 1438 2309 et
1445 2271 1647 2298 similitudinem
1656 2275 1774 2298 nostram
1785 2271 1821 2298 ".
1834 2279 1844 2296 ι

1061 2317 1094 2345 Ει
1115 2325 1245 2345 rursum:
1264 2326 1273 2344 i
1295 2316 1364 2344 Ecce
1398 2312 1483 2363 Adam
1505 2316 1581 2351 quasi
1611 2324 1679 2343 unus
1705 2323 1738 2344 ex
1766 2317 1848 2344 nobis

1059 2361 1147 2390 factus
1160 2367 1211 2390 est.
1229 2362 1305 2390 Nunc
1321 2369 1386 2397 ergo
1401 2361 1435 2389 ne
1449 2361 1517 2389 forte
1533 2361 1622 2388 mittat
1636 2369 1743 2388 manum
1753 2369 1846 2394 suam,

1059 2413 1086 2434 et
1113 2411 1201 2435 sumat
1214 2408 1294 2434 etiam
1311 2407 1345 2434 de
1360 2407 1432 2441 ligno
1456 2406 1529 2438 vitae,
1543 2409 1570 2433 et
1585 2406 1718 2436 comedat,
1733 2409 1761 2432 et
1773 2401 1847 2432 vivat

1058 2455 1084 2481 in
1099 2459 1229 2482 aeternum
1241 2454 1276 2487 “,
1288 2463 1297 2480 ι
1308 2461 1369 2482 eum
1381 2454 1505 2490 paradiso
1517 2453 1666 2487 exigamus.
1675 2452 1708 2479 Et
1723 2451 1824 2479 iterum
1838 2459 1846 2477 :

1064 2508 1073 2526 i
1091 2499 1198 2533 Venite,
1212 2501 1418 2533 deseendamus,
1431 2505 1459 2528 et
1470 2499 1666 2528 confundi-mus
1676 2498 1711 2526 ibi
1724 2497 1845 2533 linguam

1057 2553 1151 2573 eorum
1163 2546 1196 2574 ".
1218 2555 1228 2572 ο

1376 2633 1397 2650 ⁵¹
1412 2633 1480 2660 Gen.
1495 2641 1515 2665 i,
1530 2633 1556 2659 Ι.
1621 2633 1644 2649 δ’
1661 2631 1711 2660 Job
1727 2638 1844 2664 xxxviii,

260 2803 316 2844 (Li)
346 2805 427 2839 LXX,
454 2806 558 2840 ἔκτισε,
579 2809 687 2841 creavit,
706 2815 755 2843 pro
766 2808 910 2844 ἐκτήσατο.
939 2807 1005 2837 Vide

1074 2809 1148 2838 llier.
1165 2809 1220 2842 hic,
1238 2813 1266 2837 et
1290 2808 1316 2836 in
1336 2815 1363 2837 c.
1389 2815 1434 2836 xvt
1457 2807 1523 2842 lsa.,
1542 2811 1608 2842 etc.,
1645 2814 1673 2836 et
1698 2811 1775 2835 notas
1809 2805 1847 2834 ad

227 2836 269 2863 LX
275 2837 308 2865 X.
