1955 3080
67 165 122 199 90’)

601 168 791 198 DLILOGUS
813 168 961 198 CONTRA
989 163 1152 199 IUDEOS.

1639 170 1692 201 bili

98 228 245 258 ila-terum,
279 226 362 253 Deum
391 234 451 254 esse
479 233 540 253 eum
576 226 765 253 Consiliarium
790 227 856 261 (15),
875 231 893 255 Α
910 227 979 253 sicut
1007 226 1141 254 stillicidia
1172 227 1300 254 stillantia
1324 213 1404 263 super
1431 233 1530 256 terram
1543 229 1565 245 "
1582 249 1588 256 .
1620 238 1629 254 ι
1651 230 1695 255 Ille

61 282 115 300 non
143 273 289 308 Angelunt,
325 274 381 305 ipse
409 273 518 299 dubium
541 273 756 299 dis>oltit:nnn
784 273 855 312 enim

66 320 136 346 dixit
153 329 158 346 :
173 318 231 345 Erit
258 320 280 346 ei
307 326 402 345 nomen
419 319 546 353 Angelus,
579 319 625 345 sed
651 327 660 344 ι
678 319 826 348 vocabitur.
844 328 853 344 ι

63 365 90 391 id
103 369 153 396 t‘rl,
180 365 224 398 qui
249 364 318 391 Deus
345 369 396 397 est,
416 364 448 397 is,
467 367 536 398 quod
553 364 608 397 jam
635 364 697 391 olitn
714 364 855 391 consilium

62 412 147 444 ςιιρὶι,
167 410 285 444 Angelus
316 411 467 437 vocabitur.
492 410 560 443 Quin
587 418 618 437 nc
644 410 704 444 quis
735 411 761 437 id
785 411 816 437 de
833 410 855 436 vi

68 457 184 489 quadam
200 456 370 489 incorporea
403 456 502 481 dit-tum
527 456 648 489 ﬁngeret,
666 456 748 482 Deum
772 456 856 481 nomi-

67 503 123 530 nat,
151 499 334 533 paulatimque
361 500 603 533 quodaobscurunt
630 504 689 525 erat
718 499 745 526 in
769 499 856 526 lucem

63 545 216 578 proterens,
247 543 304 571 ait:
324 553 334 570 ‹
367 544 466 576 Fortis,
495 545 603 578 Potens,
617 543 751 579 Princeps
770 544 854 584 pacis,

65 589 148 617 Pater
163 590 244 617 futuri
261 590 351 618 sreculi
367 590 399 617 °°.
422 599 431 616 ι

370 657 484 685 CAPUT
502 657 555 685 VII.

247 715 288 742 Ex
305 715 418 742 Psalmis
432 715 500 742 idem
522 716 677 742 ostenditur.

103 772 213 799 Davidis
228 780 334 806 quoque
363 773 420 798 haec
434 771 568 799 sententia
580 777 620 799 est
633 781 639 798 :
659 781 667 798 ι
688 773 758 800 Ante
772 772 854 800 solem

65 824 207 853 permanet
220 826 316 845 nomen
331 817 388 852 ejus
403 818 435 846 “.
456 827 465 844 ι

101 865 163 892 Jun.
180 865 302 899 Iniquum
329 865 407 892 nobis
436 864 541 892 videtur
554 872 613 892 eam
634 865 796 892 sententiam
813 872 856 892 re-

65 912 130 939 ferri
151 912 183 938 ad
201 912 350 939 Christum.
372 911 492 939 Dicimus
508 911 606 946 quippe
629 911 855 946 septuagesimum

64 958 183 992 primum
212 957 343 992 psalmum
371 956 405 984 de
428 965 476 984 suo
499 957 553 984 lilio
570 957 697 984 Davident
713 958 854 984 cecinisse.

65 1005 156 1038 Quare
186 1004 281 1031 omitte
309 1004 366 1039 [hoc
396 1003 551 1031 teStimonio
574 1004 650 1031 abuti
677 1007 704 1031 et
722 1004 755 1031 ad
775 1003 856 1031 aliutu

67 1050 154 1077 transi
170 1050 341 1084 prophetam.

102 1097 214 1123 CERiST.
243 1095 326 1122 Deutn
352 1095 548 1122 immortalem!
569 1095 664 1123 Verum
689 1096 766 1124 Vatis
778 1101 858 1131 atque

65 1142 148 1177 Regis
180 1143 273 1173 Deum,
301 1147 403 1175 testor;
425 1142 506 1174 absit,
528 1147 557 1169 ut
573 1150 616 1169 me
626 1142 659 1169 ad
673 1143 752 1170 aliam
769 1143 850 1177 dispu-

68 1188 196 1215 tationem
223 1187 372 1221 conferam,
396 1188 448 1214 nisi
480 1187 584 1221 psalmo
608 1188 681 1215 omni
707 1188 856 1223 pervoluto,

66 1233 211 1260 sententia:
234 1233 294 1268 ejus
315 1234 547 1261 conﬁrmationem
569 1234 748 1262 certissimam
765 1234 856 1261 dabo!

67 1279 154 1306 Nobis
164 1279 272 1314 quidem
284 1279 394 1306 dubitttu
420 1287 473 1307 non
496 1285 547 1312 est,
564 1281 629 1314 quin
650 1280 728 1306 haac:
745 1288 754 1305 (
771 1279 857 1311 Deus,

63 1325 198 1359 judicium
227 1330 302 1351 tuum
337 1324 403 1359 Regi
426 1324 469 1356 da,
495 1329 522 1352 et
547 1324 680 1358 justitiam
708 1327 780 1350 tuam
805 1324 859 1350 tilio

68 1371 151 1406 Iit-gis
167 1371 308 1406 :judicare
335 1370 460 1405 populum
491 1375 565 1398 tuum
586 1371 613 1398 in
628 1370 732 1404 justitia
751 1374 778 1397 et
793 1378 859 1404 pau-

70 1425 150 1452 peres
182 1422 241 1445 tuos
266 1417 292 1444 in
314 1417 427 1451 judicio.
455 1416 610 1451 Suscipiant
642 1422 747 1444 montes
766 1424 859 1452 pacem

68 1462 180 1497 populo,
210 1467 238 1490 et
268 1462 351 1489 colles
378 1461 523 1496 justitiam.
559 1461 694 1489 Judicabit
729 1469 860 1496 pauperes

68 1508 175 1543 populi,
202 1512 230 1535 et
261 1508 352 1535 salvos
367 1508 447 1535 Faciet.
462 1507 531 1535 ﬁlios
553 1514 711 1543 pauperum,
730 1512 757 1535 et
769 1507 858 1534 humi-

69 1542 378 1594 Iiabitcaltpnniatorem
394 1554 417 1569 ⁸³
434 1562 442 1587 ;
463 1563 472 1579 ι
498 1554 564 1587 haec,
583 1554 702 1588 inquam,
720 1553 812 1580 omnia
826 1553 859 1580 ad

69 1601 208 1628 Christum
240 1601 304 1634 quin
334 1605 466 1635 spectent,
496 1600 573 1627 nobis
600 1599 711 1627 dubium
734 1607 787 1627 non
799 1605 858 1632 est;

69 1655 130 1680 qua:
160 1654 207 1673 vos
240 1646 410 1681 delorquetis
437 1651 464 1673 et
494 1646 659 1680 pervertitis,
675 1646 724 1672 rati
736 1646 768 1673 de
782 1645 860 1672 Salo.

69 1701 150 1720 mone
169 1693 239 1726 dici;
270 1701 329 1725 nec,
343 1693 407 1720 dtnn
419 1693 561 1719 veritatem
577 1692 685 1724 laditis,
700 1700 748 1720 vos
764 1692 860 1720 Imdere

69 1733 240 1766 arbitramini
254 1747 262 1771 ;
278 1745 319 1766 est
339 1739 422 1771 enim,
442 1739 565 1773 quisquis
581 1738 697 1770 laeditur,
713 1738 744 1765 ad
763 1737 857 1765 deferto

67 1785 172 1811 sionem
204 1790 353 1819 promptus.
377 1785 466 1818 Atque
481 1792 529 1818 ego
551 1784 627 1811 vobis
643 1784 709 1811 nihil
727 1791 807 1818 super
819 1784 860 1811 Itis

70 1828 253 1861 respondebo,
283 1828 328 1855 Sed
355 1828 412 1862 ipse
440 1827 534 1862 psalmi
555 1833 650 1855 auctor
673 1828 767 1859 David,
782 1830 860 1862 cujus

70 1873 167 1898 semini
189 1873 338 1906 promissus
363 1873 497 1905 Christus,
531 1874 587 1908 lyra
622 1874 739 1909 Spiritus
756 1875 860 1906 sancti,

67 1918 146 1944 vobis
175 1925 205 1945 os
225 1918 373 1950 obturans,
399 1919 438 1945 sic
453 1926 535 1953 porro
561 1919 693 1954 psalmum
719 1924 862 1954 pertexens

67 1964 165 1990 scribit
183 1973 189 1990 :
209 1973 218 1989 ι
238 1964 269 1990 Et
297 1965 466 1998 permanebit
492 1972 552 1992 cutn
569 1965 632 1992 Sole
648 1965 681 1991 ⁸³.
698 1975 707 1991 ι
729 1966 797 1993 Num
811 1965 861 1993 Sa-

67 2013 161 2037 lomon
190 2011 270 2045 igitur
283 2010 376 2037 tandiu
404 2010 527 2044 duravit,
544 2011 660 2045 quandiu
672 2010 736 2038 Sol?
753 2016 781 2039 et
794 2019 862 2046 quo-

69 2056 173 2082 modo?
197 2056 243 2090 qui
278 2063 327 2083 nec
353 2061 456 2090 patrem
483 2057 561 2084 annis
575 2057 650 2091 regni
669 2058 817 2091 superavit.
828 2057 862 2084 Et

69 2101 182 2128 Davidis
206 2103 258 2127 alio
271 2102 377 2135 psalmo
406 2102 462 2129 haec
477 2107 538 2129 sunt
552 2103 633 2129 verba
652 2111 658 2129 :
676 2111 685 2127 ι
701 2102 763 2129 Dies
778 2110 862 2130 anno-

73 2154 133 2172 rum
154 2151 310 2173 nostrorum
327 2146 354 2173 in
382 2147 445 2180 ipsis
456 2147 623 2181 septuaginta
637 2148 715 2180 anni;
732 2149 754 2174 si
771 2153 861 2175 autem

66 2191 97 2218 in
129 2192 315 2226 potentatibns
338 2193 476 2226 Octoginta
502 2193 577 2225 anni,
593 2197 621 2220 et
643 2193 757 2228 amplius
767 2201 859 2220 eorum

66 2236 145 2263 labor
157 2242 183 2264 et
201 2237 321 2265 dolor“.
339 2247 348 2263 ι
365 2237 454 2270 Quare
471 2243 559 2272 potest
571 2239 652 2265 etiam
669 2239 760 2272 plures
778 2247 862 2266 annos

68 2282 134 2309 viri.
153 2282 266 2315 Videtis,
280 2289 306 2310 ut
324 2283 407 2310 David
425 2284 507 2310 ﬁliuni
528 2285 561 2311 ab
583 2284 633 2311 hoc
648 2289 741 2312 ttostro
757 2285 862 2319 psalmo

68 2327 231 2354 removeat?
263 2327 329 2354 Nam
347 2328 369 2354 si
398 2327 550 2374 Salomonis
582 2329 635 2355 vita
654 2328 687 2355 ad
727 2329 863 2363 octoginta

69 2380 158 2399 annos
184 2381 236 2399 non
265 2373 388 2407 pervenit
417 2374 486 2408 (Ili),
504 2373 550 2408 qui
570 2374 688 2407 tandem,
704 2379 731 2401 et
744 2374 861 2409 quandiu

68 2417 122 2449 sol,
135 2422 162 2444 et
176 2426 230 2452 pra:
243 2417 304 2445 luna
318 2418 451 2445 durabit?
467 2418 560 2454 Neque
568 2427 632 2447 vero
645 2420 670 2446 id
684 2420 772 2447 obiter
781 2420 861 2452 dixit,

69 2464 116 2491 sed
134 2465 237 2492 addidit
253 2473 280 2492 τι
294 2465 322 2492 In
338 2466 541 2501 generationem
558 2471 586 2493 et
609 2467 832 2501 generationem;
849 2476 858 2492 ι

67 2509 195 2538 Salomon
224 2516 313 2545 autem
325 2512 421 2539 mediis
448 2512 614 2546 temporibus
631 2513 665 2539 ab
676 2513 741 2539 orbe
755 2513 863 2540 condito

67 2559 148 2582 tratus
177 2560 240 2582 est:
263 2565 272 2582 ί
296 2555 448 2584 Descendet
475 2557 543 2583 sicut
571 2557 659 2591 pluvia
678 2557 704 2584 in
726 2557 820 2590 vellus,
835 2562 862 2584 et

110 2670 134 2686 ⁶⁰
157 2669 209 2696 lsa.
227 2678 265 2702 Ix,
277 2670 302 2697 G.
340 2671 361 2686 “
378 2670 447 2696 Psal.
464 2677 537 2701 Lxxt,
552 2671 594 2697 I7.

69 2713 133 2732 Lxxt
152 2706 179 2732 6.
197 2706 218 2720 ⁵⁸
234 2706 299 2733 ibid.
314 2705 339 2737 7,
356 2707 383 2732 8.
413 2705 434 2722 ⁸⁷
451 2705 516 2731 ibid.
531 2706 557 2733 8.

68 2740 92 2755 ⁷³
107 2741 179 2767 Ρειιι.
203 2748 276 2771 Lxxt,
295 2741 320 2767 5.
360 2741 385 2756 ⁷⁸
422 2739 486 2766 ibid.
503 2740 546 2766 I7.

636 2671 658 2686 ε’
690 2670 760 2697 Psal.
776 2678 850 2701 Lxxt,
875 2672 886 2698 I

595 2705 617 2720 ⁸³
632 2706 696 2732 ibid.
712 2707 738 2732 9.
776 2707 797 2722 ⁵³

585 2740 607 2756 ⁷⁸
623 2741 688 2767 ibid.
709 2741 751 2768 I8.

106 2851 163 2884 (i3)
175 2850 301 2878 Nazianz.
333 2852 358 2877 in
372 2851 491 2878 Natalem
504 2851 567 2878 clS.
590 2851 703 2879 Pascha.

105 2887 162 2922 tM)
179 2887 234 2914 ltno
258 2886 390 2920 Iosephus
403 2896 453 2912 non
468 2890 680 2920 octogr-ttarium,
705 2888 750 2915 sed
768 2895 852 2914 nona-

266 2935 400 2965 PATROL.
416 2935 466 2965 Gtt
495 2935 650 2966 CXXXIII.

873 898 892 925 B

829 2707 892 2734 ibid.

910 279 963 298 nott
994 273 1080 298 solum
1108 280 1140 298 ex
1167 272 1309 304 adulterio,
1326 275 1387 301 .sed
1415 274 1496 302 etiam
1524 282 1570 310 per
1595 274 1695 302 ca-dem

909 322 1052 352 sttsceptus
1081 322 1132 344 est.
1148 317 1223 350 Quod
1239 319 1309 345 Deus
1327 318 1457 353 ﬂagitium
1472 327 1520 354 per
1534 319 1637 347 Nathan
1654 327 1697 346 ar-

909 362 975 397 guil,
995 370 1026 389 ac
1052 363 1139 397 palam
1170 363 1243 390 fecit.
1265 362 1357 397 Nequi-
1389 363 1513 398 equidem
1529 365 1585 391 luet:
1603 364 1696 391 animo

910 408 1054 435 insultattdi
1072 407 1249 434 Dei—hominis
1273 408 1430 441 majoribus,
1450 409 1496 435 sed
1520 408 1696 442 reprimenda:

908 455 1085 481 contumacia:
1121 459 1217 481 vestra:
1260 461 1351 486 causa,
1379 461 1393 480 a
1425 461 1468 480 tne
1507 455 1693 488 proferuntur.

911 509 920 525 ι
948 500 1057 527 Orietur
1083 500 1108 527 itt
1138 501 1231 527 diebus
1260 500 1320 534 ejus
1342 499 1459 534 justitia,
1476 505 1502 527 et
1531 501 1695 528 abundantia

907 546 992 581 pacis,
1011 545 1096 573 dottcc
1109 546 1247 572 auferatur
1264 547 1325 572 luna
1343 545 1376 572 ⁸⁵.
1397 554 1406 571 ι
1424 545 1470 572 Ille
1482 554 1533 572 non
1550 546 1638 578 modo,
1666 553 1697 573 ut

908 592 1044 618 hominem
1072 599 1119 626 par
1146 596 1197 625 est,
1222 592 1340 625 dilapsus
1353 595 1410 624 est;
1435 591 1482 618 sed
1507 595 1539 618 co
1569 596 1698 625 regnante

907 637 993 664 car-les
1010 645 1060 665 non
1091 644 1193 671 paucae,
1211 641 1238 664 et
1250 637 1429 671 captivitates,
1447 626 1541 671 qualbs
1555 643 1695 671 nunquam

908 687 984 715 ante,
1019 688 1169 710 (:OtISeCltltB
1197 687 1270 710 sunt.
1293 691 1302 707 ‹
1329 681 1361 708 Ει
1388 682 1572 709 dOminabitur
1590 682 1693 709 amari

907 735 991 762 usque
1021 729 1053 755 ad
1081 736 1172 760 mare;
1189 733 1216 755 et
1243 736 1257 755 a
1273 728 1383 755 ﬂumine
1410 727 1546 763 Euphrate
1564 736 1648 762 usque
1663 729 1698 755 ad

908 774 1038 801 terminos
1063 774 1136 802 orbis
1166 778 1310 802 terrarum.
1335 773 1431 801 Coram
1472 774 1517 801 illo
1559 774 1699 809 procidem

908 818 1049 853 [Etltlopes
1065 820 1097 846 ⁸⁷.
1115 829 1122 845 ι
1150 819 1196 846 Ille
1209 820 1293 847 solius
1306 820 1409 854 paterni
1424 820 1499 854 regni
1515 825 1623 854 sceptra
1638 827 1697 846 mo-

908 865 1017 890 deratus
1039 867 1096 896 est;
1126 863 1150 890 id
1181 863 1251 898 quod
1285 865 1375 891 sciunt
1402 872 1507 897 omnes,
1527 864 1573 899 qui
1589 863 1696 891 Jttdaici

909 909 1012 944 ituperii
1048 910 1238 937 meminerunt.
1270 919 1279 935 ι
1314 910 1346 937 Et
1371 910 1472 938 inimici
1505 910 1564 945 ejus
1596 907 1697 938 terr’am

909 956 1008 990 Iingent
1021 956 1054 983 “.
1074 965 1082 982 ι
1102 957 1175 984 Illius
1201 958 1291 984 hostes
1303 957 1370 984 adeo
1393 957 1530 991 pulverem
1543 965 1596 984 non
1612 957 1698 985 Iinxe-

908 1007 981 1034 runt,
1000 1007 1028 1028 ut
1042 1003 1121 1029 etiam
1134 1002 1287 1035 Jeroboatn,
1298 1002 1356 1036 ejus
1371 1010 1477 1034 servus.
1491 1011 1602 1039 regnum
1617 1004 1650 1029 ab
1665 1011 1698 1030 eo

908 1051 1043 1080 avertens,
1056 1047 1119 1075 illud
1133 1048 1184 1075 sibi
1198 1048 1336 1082 usurparit
1350 1053 1377 1075 et
1403 1050 1552 1084 occuparit.
1581 1057 1591 1074 ‹
1611 1048 1697 1084 Reges

908 1092 1020 1120 Tltarsis
1036 1099 1062 1120 ct
1077 1093 1170 1120 insula:
1190 1101 1301 1120 munera
1316 1092 1448 1121 oll'erent:
1480 1101 1557 1128 reges
1576 1094 1696 1121 Arahqu

911 1143 937 1166 et
951 1138 1020 1165 Saba
1039 1139 1108 1165 dona
1125 1134 1261 1166 adducent
1279 1138 1311 1166 ⁸⁸.
1335 1147 1344 1164 ι
1364 1139 1416 1165 Aut
1433 1146 1521 1174 reges,
1551 1138 1574 1166 si
1598 1139 1697 1173 placet.

911 1182 956 1216 qui
971 1182 1034 1213 sint,
1050 1182 1130 1215 edite,
1140 1188 1168 1209 et
1179 1183 1248 1209 dona
1259 1182 1405 1217 prolertote
1427 1183 1592 1218 (quanquam
1617 1183 1697 1210 etiam

911 1229 956 1255 diu
983 1229 1151 1263 multumque
1179 1230 1294 1264 agendo,
1327 1235 1416 1257 actum
1431 1231 1547 1265 agetis);
1564 1234 1610 1257 aut
1626 1230 1698 1263 quod

910 1274 1033 1308 sequitur
1056 1283 1062 1301 :
1082 1274 1144 1302 (Et
1170 1276 1321 1302 adorabunt
1345 1283 1405 1303 eum
1438 1284 1533 1304 omnes
1555 1284 1632 1311 reges
1647 1282 1701 1304 lcr-

910 1328 947 1348 τω
963 1320 996 1351 ⁷⁸,
1011 1329 1021 1346 ι
1037 1325 1218 1348 commentum
1234 1328 1327 1348 amens
1341 1327 1433 1356 arguet
1447 1331 1454 1350 :
1467 1332 1476 1348 σ
1496 1322 1596 1353 Orum-5
1605 1331 1699 1361 gc‘nt’es

911 1365 1028 1393 servient
1046 1366 1071 1392 ei
1091 1365 1125 1392 “.
1146 1375 1155 1390 ι
1175 1365 1212 1392 Illi
1235 1366 1302 1396 adio
1323 1374 1375 1395 non
1396 1369 1557 1402 servierunt,
1582 1375 1610 1398 ιιι
1625 1376 1698 1405 post-

911 1418 991 1445 quam
1009 1411 1089 1438 vetita
1108 1411 1214 1448 Il-g'rbus
1231 1413 1255 1440 in
1271 1413 1354 1441 Deum
1373 1415 1492 1449 admisit,
1518 1415 1612 1452 ac_diis
1635 1416 1698 1443 farta

911 1459 1051 1493 ett—citavit,
1070 1461 1144 1487 Adad
1161 1460 1305 1495 Idumaeos,
1320 1467 1347 1489 et
1363 1462 1457 1490 Rakon
1481 1462 1602 1491 Damasci
1619 1460 1700 1498 regu-

911 1505 953 1532 lus
967 1506 1002 1532 ab
1021 1513 1053 1533 eo
1064 1506 1230 1534 defecerint:
1247 1511 1410 1542 tantumque
1420 1507 1495 1535 abest
1511 1511 1539 1535 ut
1553 1515 1614 1534 eum
1633 1516 1700 1543 gen-

913 1555 953 1578 tes
982 1551 1124 1584 coluerint,
1152 1555 1181 1578 ut
1213 1553 1246 1579 de
1263 1558 1376 1587 paterno
1391 1560 1440 1581 suo
1457 1561 1539 1588 regno
1555 1554 1643 1580 adhuc
1655 1561 1701 1580 su-

911 1601 1015 1631 perstes
1038 1604 1052 1623 a
1079 1597 1133 1624 Deo
1161 1598 1286 1630 audierit,
1307 1603 1412 1634 rttptutn
1438 1599 1627 1634 revulsutuquc
1641 1600 1701 1633 cjns‘

911 1650 1032 1676 regnum,
1064 1650 1153 1676 servo,
1178 1651 1231 1671 non
1262 1643 1316 1672 ﬁlio
1337 1644 1500 1671 donandum
1518 1645 1551 1671 ⁷⁸.
1583 1644 1621 1671 De
1647 1652 1700 1679 quo

912 1688 994 1724 igitur
1004 1689 1159 1722 psalmodus
1173 1691 1305 1724 psalmum
1316 1691 1422 1718 edidit?
1448 1698 1508 1726 qua),
1531 1690 1603 1718 enim
1626 1691 1699 1718 dixi-

912 1743 972 1762 mus
996 1735 1167 1763 Salomonetn
1182 1737 1260 1770 plane
1277 1736 1420 1771 repellunt.

946 1781 1008 1810 Jun.
1023 1781 1098 1815 Quod
1114 1782 1139 1808 in
1156 1781 1326 1809 Salomonem
1345 1782 1444 1817 scripta
1470 1789 1520 1809 non
1534 1782 1600 1814 sint,
1616 1782 1700 1816 probe

910 1827 965 1861 jatn
978 1831 1007 1854 et
1022 1827 1161 1861 explorate
1179 1833 1300 1855 tenemus
1316 1836 1323 1861 ι
1355 1828 1381 1855 in
1397 1835 1476 1862 quem
1497 1828 1589 1860 alium,
1610 1827 1701 1855 nesci-

913 1880 982 1899 IIIIIS.

947 1918 1060 1945 Cuntsa'.
1090 1917 1213 1953 Utrique,
1233 1919 1255 1946 si
1273 1920 1388 1953 videtur,
1406 1920 1533 1948 Davidcm
1557 1927 1700 1956 perconte-

912 1971 984 1992 mur.

948 2009 1011 2037 Jun.
1037 2010 1176 2042 Davidem,
1207 2015 1244 2037 tot
1276 2019 1361 2038 annos
1375 2011 1433 2045 jam
1462 2017 1595 2040 ntortuutn
1618 2001 1703 2041 hodie

914 2055 1095 2090 respondere?

949 2101 1061 2128 Catusr.
1082 2101 1264 2136 Respondebit
1279 2110 1356 2136 sane,
1384 2104 1450 2132 mihi
1473 2105 1584 2139 credite,
1603 2106 1625 2133 si
1641 2111 1701 2133 stu‘

913 2147 988 2175 diose
1003 2156 1168 2183 quaeramus.
1193 2150 1264 2177 Cedo
1289 2150 1382 2183 David,
1399 2152 1459 2186 quis
1474 2151 1518 2179 hic
1534 2158 1584 2184 est,
1600 2153 1634 2179 de
1647 2161 1701 2187 quo

913 2193 1003 2220 dixisti
1015 2203 1022 2220 :
1036 2203 1045 2219 ‹
1059 2193 1091 2220 Et
1099 2195 1267 2228 permanebit
1277 2203 1336 2223 cum
1347 2197 1403 2223 sole
1411 2201 1437 2223 et
1457 2203 1520 2225 ante
1539 2198 1629 2225 lunam
1642 2199 1676 2226 ".
1691 2209 1699 2224 ι

875 2234 901 2265 D
916 2237 946 2264 Et
962 2237 1026 2265 illud
1045 2247 1052 2265 :
1070 2247 1079 2263 ε
1100 2239 1169 2266 Ante
1198 2239 1281 2267 solent
1295 2247 1433 2274 permanet
1449 2248 1549 2268 nomen
1560 2241 1619 2276 ejus
1636 2242 1669 2275 ⁷⁸,
1689 2253 1699 2268 ι

913 2289 1066 2317 earteraque
1078 2291 1139 2318 qua:
1157 2291 1188 2311 eo
1205 2285 1308 2318 psalmo
1321 2285 1466 2313 cerinisti?
1482 2286 1548 2319 Quis
1571 2286 1702 2315 Dominus

912 2327 1095 2355 Israelitarum
1111 2329 1182 2356 Deus
1207 2329 1410 2363 praedicandus?
1427 2340 1435 2357 ι
1453 2331 1613 2358 Benedictus
1627 2332 1701 2359 enim

914 2373 1045 2401 Dominus
1067 2374 1137 2402 Deus
1153 2373 1236 2402 Israel
1260 2383 1266 2401 :
1288 2379 1314 2401 et
1335 2376 1505 2403 benedictum
1531 2383 1627 2403 nomen
1644 2383 1703 2403 ma-

912 2420 1018 2454 jestatis
1049 2421 1105 2454 ejus
1119 2421 1145 2447 in
1167 2425 1310 2454 aeternum,
1328 2426 1354 2448 et
1387 2422 1532 2457 replebitur
1562 2421 1702 2456 majestate

915 2465 974 2500 ejus
989 2462 1078 2492 omnis
1096 2471 1180 2497 terra,
1198 2466 1256 2499 ﬁat,
1272 2466 1319 2493 liat
1333 2467 1367 2494 ⁷⁸.
1395 2476 1405 2493 ι

950 2511 1019 2544 Quid
1051 2512 1150 2547 igitur?
1171 2511 1233 2539 Haec
1267 2512 1412 2546 suﬁiciunt,
1437 2521 1469 2541 an
1484 2518 1511 2541 et
1530 2513 1603 2548 plura
1619 2512 1701 2540 addc-

916 2558 1001 2585 mus?
1026 2558 1124 2586 Audite
1149 2558 1282 2586 dicentem
1311 2559 1407 2586 Isaiam
1422 2568 1430 2587 :
1445 2569 1455 2586 ι
1487 2560 1553 2593 Quis
1565 2564 1567 2566 '
1579 2567 1611 2586 ex
1626 2558 1702 2586 vobis

1030 2672 1052 2688 "
1079 2672 1144 2699 ibid.
1161 2672 1187 2699 5.

914 2680 988 2707 seqq.
1030 2680 1052 2713 ιτ
1069 2680 1144 2712 _tunt.
1161 2680 1175 2699 θ

919 2708 951 2735 II)
987 2708 1010 2723 ⁷⁸
1040 2708 1105 2734 ibid.
1131 2708 1175 2735 II.

919 2708 951 2735 10
987 2708 1010 2723 10

1232 2672 1254 2688 ⁸⁸
1270 2672 1339 2700 Psal.
1360 2680 1458 2700 um:
1475 2693 1483 2706 ,
1506 2672 1550 2700 I0.
1588 2670 1610 2687 ⁸³
1627 2670 1700 2698 Psal.

1210 2708 1230 2724 '”
1257 2708 1321 2735 ibid.
1359 2709 1381 2724 ’²
1407 2708 1428 2734 II
1446 2708 1467 2734 Β
1486 2716 1511 2743 g.
1526 2715 1556 2741 tt,
1579 2707 1606 2734 1.
1622 2714 1700 2742 seqq.

915 2853 1071 2892 πωπω-ἰθυδ-
1093 2857 1228 2879 mortuum
1255 2851 1426 2879 Salomonem
1459 2851 1576 2879 ostendit
1603 2850 1622 2879 Ι.
1653 2857 1700 2878 vttt

911 2889 1000 2922 Antiq.
1016 2895 1040 2914 C.
1057 2888 1083 2915 ὅ.

1464 2934 1502 2965 26
