1955 3080
250 129 299 163 εει

853 125 1068 156 ANDRONlCl
1089 125 1264 156 COMNENI

1840 130 1888 159 ιειὲ

252 187 353 214 timens
381 183 536 216 Dominam,
562 181 652 209 audiet
668 187 760 208 vocem
773 179 845 207 servi
861 180 901 206 sui
920 180 966 206 "'3
981 189 989 204 ι
1007 179 1039 206 Et
1055 187 1075 215 Α
1092 181 1218 215 prehendi
1237 187 1315 214 posse
1333 180 1462 214 prtesciit,
1495 182 1599 217 smgula
1618 183 1721 210 deterit
1737 192 1744 210 .-
1760 192 1823 218 qua:
1839 194 1887 211 non

253 232 393 267 Sapientia
412 241 418 258 :
441 240 449 256 ι
469 231 535 257 Cum
555 237 641 256 meum
658 227 753 254 Filium
765 234 818 254 non
832 227 975 257 audierint,
994 234 1044 260 ego

252 285 358 312 quoque
386 284 432 303 eos
447 283 500 302 non
517 275 669 306 cxamliam,
688 274 753 301 dicit
778 273 905 299 Dominus
919 273 1044 306 omnipo-

253 331 310 350 tens
327 324 361 350 ν’.
381 332 389 348 ι
405 322 438 349 Et
469 321 548 354 Oec,
563 329 593 348 cx
620 328 734 354 persona
751 320 796 347 Dei
815 328 821 346 :
842 329 850 345 ι
874 320 912 346 Ex
929 319 1045 354 Egypto

255 369 345 395 vocavi
364 369 445 395 lilium
465 376 552 394 meum
570 369 628 402 ηε.)
643 371 675 394 Iit
691 366 784 397 David,
799 375 808 391 ι
828 365 900 392 Dixit
915 365 1045 391 Dominus

252 415 367 442 Domino
383 415 485 441 meo”.
505 424 513 439 ι
534 415 570 441 Dc
587 415 637 440 hoc
652 414 733 448 igitur
748 412 812 447 quid
830 411 965 439 censetis?
979 410 1045 444 Quis

253 461 320 488 alius
340 460 468 487 Dorninus
483 460 596 487 Dotuino
612 459 695 486 dixit?
710 464 755 486 aut
770 459 813 485 (ui
832 458 907 484 alteri
923 457 1044 489 Domino,

251 516 332 543 quam
346 507 474 535 Dominus
499 508 567 535 Deus
582 507 670 538 Pater,
702 506 824 538 Domino,
854 505 880 532 id
897 510 948 536 est,
969 504 1044 539 ejus-

252 556 312 581 dem
340 559 444 580 natura:
468 553 524 580 Deo
535 559 562 579 et
580 552 669 579 Filio?
686 552 768 579 Nemo
794 551 865 579 enim
893 551 960 578 alius
993 551 1046 578 Deo

253 605 280 627 ct
293 600 364 627 Patri
380 601 474 626 dexter
488 600 541 627 assi
555 601 598 632 iet,
616 607 698 635 quam
713 599 832 634 ejusdem
850 604 952 625 natura:
978 597 1047 624 Deus

255 651 281 672 ct
294 645 388 673 Filius.
402 645 479 678 Quod
497 646 667 673 verissimum
679 652 748 677 esse,
765 644 880 679 accipite
892 652 923 671 cx
937 643 1046 676 Davide,

251 692 291 718 sic
324 691 405 726 paulo
425 697 484 725 post
508 692 645 718 scribente
663 700 670 718 :
686 700 695 716 ι
710 691 749 717 Ex
766 696 844 718 utero
864 695 925 718 ante
938 689 1047 717 Lucife-

253 745 313 763 rmn
327 738 406 771 genui
423 743 448 763 te
458 737 493 764 ³ο.
510 746 519 763 ι
535 736 590 764 Cur
601 738 671 764 enim
684 745 738 764 non
753 746 762 762 ι
782 745 814 763 cx
831 741 906 764 utero
921 746 930 762 ι
949 737 1045 768 solum,

254 787 299 809 aut
319 792 326 808 ι
342 789 404 810 aate
421 782 572 811 Luciferum
591 793 599 809 ι
619 783 708 810 dixit?
725 782 757 810 Ut
777 783 857 809 ttnius
875 787 977 808 natura:
987 788 1046 807 cum

253 831 333 859 Patre
355 831 451 859 Filium
479 832 644 860 ostenderet.
671 831 738 858 Nam
760 831 830 866 quod
849 839 858 856 σ
886 836 917 857 ex
938 833 1014 856 utero
1033 837 1042 854 ι

253 879 301 909 ait,
328 877 396 904 nihil
410 878 493 910 aliud,
524 885 604 911 quam
632 881 728 904 natura
757 876 912 909 viribusque
941 881 1045 909 paretn,

252 929 333 958 atque
353 928 496 958 cognatum
524 924 611 958 palam
633 923 731 950 innuit.
758 921 808 955 Qui
823 929 938 955 namque
959 920 1046 955 possit

252 959 324 995 aliud
352 977 384 994 cx
409 973 485 995 utero
510 968 594 1003 gigni;
617 975 697 1002 quant
719 967 837 1002 gignenti
862 971 1004 1002 cognatum
1020 970 1047 994 ct

251 1014 447 1041 consentiens?
475 1013 551 1046 Quod
582 1023 591 1039 ι
619 1018 683 1041 ante
704 1012 869 1046 Luciferum,
898 1022 906 1038 ι
937 1020 1046 1047 compe-

251 1067 374 1092 Icnucm,
407 1064 546 1094 expertem
560 1066 634 1094 teque
658 1059 793 1094 principii,
811 1064 837 1085 et
848 1059 895 1086 πενὶ
910 1063 1045 1085 auctorem

255 1105 354 1133 Filium
373 1105 507 1140 designat.

284 1151 346 1179 Jun.
363 1152 446 1179 Deum
461 1152 658 1180 immortalem!
677 1152 713 1179 ita
731 1159 782 1180 nos
801 1151 926 1184 obruisti,
948 1155 1047 1186 atquae

252 1198 357 1230 dixisti,
383 1198 462 1226 facile
506 1199 573 1226 satis
597 1199 662 1231 sint,
690 1206 739 1225 nec
769 1198 810 1225 vel
834 1198 974 1225 minimum
997 1198 1044 1231 sit,

253 1244 323 1277 quod
345 1248 438 1270 contra
476 1243 607 1272 dicamus.
635 1243 687 1270 Sed
717 1242 811 1278 religio
835 1247 878 1270 est
904 1242 1046 1275 nobis,vcl

252 1292 371 1324 cogitare
384 1290 468 1317 Deum
484 1290 614 1325 genitum.
629 1289 747 1325 Gigncre
758 1290 830 1317 enim
845 1289 1045 1324 perpessionem

252 1340 344 1367 notat;
369 1336 450 1363 Deum
482 1344 546 1363 vero
573 1343 667 1363 omnes
685 1344 739 1363 uno
769 1343 816 1364 ore
830 1340 907 1363 vates
937 1335 1046 1370 impati-

251 1383 333 1410 bilem
355 1387 383 1410 ct
398 1384 582 1417 incorruptum
602 1379 760 1416 praedicant.

287 1441 402 1468 Ctmtsr.
429 1440 488 1468 Jam
519 1447 565 1467 vos
581 1439 735 1475 Scripturas
749 1440 817 1475 jussi
848 1440 1046 1474 scrutari;nec

253 1487 324 1522 quod
344 1486 369 1513 in
387 1486 475 1513 littera
488 1489 530 1513 est
556 1493 676 1513 crassum
705 1490 786 1520 atque
804 1485 911 1520 pingue,
929 1486 1045 1518 intueri;

1097 233 1217 261 possunt,
1246 234 1276 252 ca
1302 226 1431 260 subjectis
1455 227 1504 254 sub
1531 236 1638 255 sensum
1668 230 1804 264 exemplis
1832 231 1889 265 qui-

1095 273 1208 300 busdam
1233 273 1363 300 ostendit.
1393 273 1480 308 Atque
1515 274 1578 302 huic
1611 281 1711 303 nostrte
1747 278 1890 304 sententia:

1097 319 1278 346 testimonium
1295 319 1359 346 dicit
1383 318 1509 347 Salomon
1527 329 1533 347 :
1553 330 1562 345 ε
1578 321 1655 354 Quod
1680 322 1701 350 si
1720 322 1852 348 virtutem
1867 329 1891 350 ct

1095 372 1176 399 Opera
1188 370 1376 392 creaturarum
1400 365 1488 393 mirati
1506 372 1577 399 sunt,
1593 374 1622 394 ut
1634 367 1700 394 deos
1722 369 1890 402 putaverint,

1098 410 1248 444 intelligant
1275 410 1310 437 ab
1326 411 1527 446 illis,quoniam
1555 413 1600 447 qui
1627 413 1683 439 lucc
1705 413 1781 446 fecit,
1797 413 1891 440 fortior

1096 462 1136 484 cst
1161 457 1212 483 illis
1248 457 1282 484 θ’,
1304 467 1313 483 ι
1338 456 1430 492 Itaque
1456 458 1477 485 si
1506 464 1532 485 ct
1562 467 1608 485 ros
1632 467 1663 486 cx
1680 460 1784 493 iiSquze
1802 465 1890 486 creata

1097 508 1171 536 sunt,
1188 508 1267 537 atque
1294 504 1334 530 Itis
1353 504 1404 530 sub
1417 512 1524 531 sensntu
1551 503 1679 538 suljcctis
1697 505 1778 532 rebus
1795 514 1892 532 ntanu-

1097 550 1181 580 ducti,
1206 549 1251 575 Dei
1281 550 1482 583 generationem
1513 551 1615 584 absque
1648 551 1830 585 perpessione
1845 551 1892 578 ad-

1099 595 1218 626 mittitis,
1246 595 1379 630 planeque
1406 596 1590 627 conlilemini;
1625 604 1705 630 quam
1739 597 1809 623 bella
1837 598 1892 624 lucc

1098 646 1188 667 vestra
1219 646 1260 667 est
1273 641 1427 668 confessio?
1454 641 1500 667 Sin
1515 642 1602 668 adlmc
1631 642 1895 677 antiquumobtiuc—

1100 687 1145 719 lis,
1180 686 1251 722 phy!
1283 687 1381 714 ftedatn
1417 693 1535 714 vestram
1565 690 1758 722 arrogantiam,
1791 696 1892 723 quaex

1099 732 1158 758 aliis
1174 733 1199 759 in
1214 733 1281 760 alias
1292 733 1454 767 quaestiones
1466 741 1497 759 ac
1513 734 1684 761 defensiones
1697 735 1892 761 revolventur!

1100 779 1177 806 Unde
1190 782 1301 814 putatis,
1318 781 1362 806 lux
1374 781 1504 816 gignitur,
1519 788 1578 814 qum
1605 789 1713 808 munem
1730 782 1771 810 cis
1789 783 1893 810 ccelum

1100 825 1193 852 orbem
1208 826 1346 860 pervadit?

1133 879 1195 908 Jun.
1207 880 1243 908 Ex
1262 881 1330 909 sole.

1132 928 1247 956 Cnms'r.
1284 929 1318 956 Et
1339 929 1466 964 aliquaue
1495 930 1565 957 inter
1587 931 1669 958 solem
1690 937 1773 967 atque
1803 932 1894 961 lucem

1096 975 1234 1008 perpessio
1261 975 1381 1009 interest,
1396 982 1456 1002 cum
1471 982 1485 1001 a
1501 977 1556 1003 sole
1570 975 1612 1003 lux
1623 978 1750 1005 emanat?

1131 1020 1192 1048 Jun.
1211 1020 1331 1049 Minime.

1132 1067 1244 1095 Curusr.
1264 1067 1333 1100 Quid
1348 1075 1411 1097 vero
1441 1070 1543 1113 radius,
1560 1071 1629 1098 unde
1647 1071 1770 1104 creditis,
1785 1070 1895 1098 oritur?

1132 1112 1193 1140 Juo.
1211 1112 1231 1139 E
1250 1114 1306 1141 sole
1321 1115 1412 1142 itidem
1426 1123 1473 1150 per
1489 1116 1587 1144 lucem.

1131 1158 1243 1187 ClllllS'l‘.
1262 1160 1338 1188 Radii
1358 1168 1438 1195 porro
1451 1163 1484 1189 ab
1499 1163 1555 1190 sole
1568 1162 1730 1192 cﬂluentiam
1742 1164 1814 1192 citra
1832 1172 1894 1198 pcr-

1097 1205 1247 1239 pchionem
1264 1205 1319 1233 ﬁeri
1331 1207 1516 1236 conﬁtemini?

1133 1250 1193 1278 Jun.
1212 1251 1282 1279 Sane
1301 1253 1335 1280 ita
1354 1261 1408 1281 rem
1424 1255 1522 1282 habere
1532 1256 1702 1284 conﬁtemur.

1135 1296 1248 1326 Cnuts'r.
1281 1299 1413 1331 Quoniam
1442 1301 1481 1328 sic
1509 1302 1608 1329 habere
1635 1303 1814 1337 conﬁtemini,
1845 1305 1895 1331 ad-

1097 1343 1175 1371 datur
1187 1350 1213 1371 et
1228 1345 1341 1372 alterum
1355 1347 1509 1381 exemplum
1533 1348 1594 1375 hoc.
1610 1348 1685 1376 Mens
1697 1351 1893 1384 cogitationem

1096 1390 1190 1424 gigtti',
1219 1398 1271 1424 qua
1294 1392 1384 1425 genita
1411 1400 1458 1426 per
1488 1394 1658 1421 articulatam
1690 1402 1786 1423 vocem
1811 1403 1893 1423 sensa

1096 1435 1183 1470 palam
1211 1436 1285 1463 facit.
1305 1436 1352 1463 Est
1366 1442 1456 1465 autern
1473 1439 1630 1473 impatibilis
1652 1445 1678 1466 et
1694 1447 1782 1473 mens,
1801 1446 1831 1468 et
1849 1449 1895 1468 co-

1097 1481 1200 1515 gitatio,
1225 1487 1252 1509 et
1262 1490 1311 1510 vox
1322 1490 1329 1515 ;
1342 1485 1515 1517 quantumvis
1539 1490 1614 1513 actus
1628 1494 1673 1514 aer
1685 1494 1734 1515 vox
1751 1488 1870 1514 edicitur
1886 1496 1893 1514 :

253 1533 300 1560 sed
316 1532 396 1559 dubia
412 1536 503 1559 vatum
520 1535 548 1559 et
572 1531 689 1559 obscura
717 1532 788 1558 dicta
820 1536 946 1566 umquam
964 1539 1044 1559 manu
1059 1535 1081 1564 ε
1098 1534 1149 1554 νοχ
1175 1527 1260 1554 animi
1277 1530 1344 1555 scita
1374 1529 1399 1556 iu
1420 1530 1506 1558 lucem
1521 1532 1633 1565 profert.
1653 1533 1740 1567 Atque
1760 1534 1787 1561 id
1803 1535 1896 1561 veris-

253 1585 363 1612 Capere,
392 1578 539 1611 omniaque
561 1577 594 1604 ad
606 1576 689 1604 Deum
715 1577 935 1611 referrc.ltaque
953 1577 1042 1612 legite,

255 1627 284 1650 ut
307 1623 463 1657 intelligatis
482 1631 488 1649 :
506 1623 577 1658 quod
605 1623 627 1650 si
657 1623 808 1658 intelligere
831 1630 883 1650 non
905 1623 995 1656 vultis,
1012 1631 1045 1650 ne

254 1669 335 1704 legite
349 1669 478 1704 quidem;
495 1676 539 1701 ue,
553 1676 612 1704 qua:
626 1668 714 1703 legitis
727 1668 1045 1704 absurdeintelligentes,

251 1715 430 1743 damnemini.
455 1715 491 1742 De
511 1714 561 1742 ltoc
591 1715 667 1742 enim
678 1715 809 1750 propheta
826 1715 972 1750 pradixit;
994 1723 1045 1742 ne-

251 1768 305 1796 que
329 1761 401 1788 enim
420 1761 446 1788 id
459 1768 509 1796 ego
538 1760 610 1794 dico,
642 1760 759 1795 aliquem
789 1768 906 1795 unquam
937 1765 1044 1788 sancto-

256 1815 318 1835 rum
346 1811 436 1835 vatum
469 1808 502 1834 ad
528 1807 625 1835 divina:
653 1813 754 1835 natum
775 1807 1045 1842 comprehensionem

251 1858 420 1887 penetrasse.
451 1853 486 1880 Et
510 1853 637 1888 quisnam
663 1853 745 1889 igitur
770 1853 816 1880 Dei
840 1858 967 1880 aeternam
999 1860 1047 1888 ge-

252 1900 421 1927 nerationem
443 1898 533 1934 aﬂ'ari,
556 1900 723 1934 dicendoque
745 1900 873 1934 consequi
907 1899 986 1931 ausit,
1001 1902 1047 1926 aut

251 1945 362 1981 possit?
374 1945 442 1972 Nam
461 1946 506 1972 ubi
527 1953 577 1973 nec
587 1949 703 1979 tempus,
717 1952 768 1972 nec
779 1952 866 1972 aavum
886 1945 1044 1978 intervenit,

253 1999 309 2019 non
324 1995 460 2026 spectator
476 1991 575 2023 adluit,
602 1999 655 2019 non
674 1996 773 2026 praesto
788 1997 828 2018 cst
839 1991 984 2026 interpres,
1000 1992 1045 2026 qui

251 2042 340 2072 potest
351 2037 452 2065 veritas
465 2037 491 2064 in
503 2041 642 2071 aspectum
663 2037 805 2073 lucemque
818 2037 933 2073 proferri
946 2038 957 2066 ‘1

540 2106 655 2135 CAPUT
679 2106 750 2134 VlIl.

253 2172 393 2201 Generalio
434 2172 524 2200 divina
556 2178 639 2200 menle
683 2173 866 2209 comprehendi
893 2173 994 2208 nequit,
1021 2177 1047 2200 et

544 2209 675 2244 quomodo
689 2209 748 2243 ﬁat.

289 2267 337 2294 Sin
367 2267 404 2294 illi
433 2266 587 2294 Salomonis
615 2267 745 2302 parebitis
777 2266 928 2294 monitozt
955 2266 1044 2293 Ama-

253 2313 393 2348 guitudiue
420 2313 522 2348 speciei
545 2319 571 2340 et
595 2318 727 2340 creaturae
759 2313 980 2347 cognoscibiliter
997 2321 1045 2348 po-

253 2360 317 2387 terit
344 2364 451 2386 creator
478 2360 575 2386 horum
603 2358 687 2386 videri
713 2359 757 2392 3‘;
787 2367 796 2384 ι
827 2358 906 2385 facile
929 2364 957 2385 et
975 2361 1044 2386 hanc

253 2412 388 2432 summam
418 2404 600 2431 dillieultatem
629 2412 662 2432 ex
676 2404 754 2431 rebus
771 2404 898 2436 conditis,
916 2409 941 2430 ct
959 2406 1044 2439 probe

255 2451 448 2486 asscquemini.
469 2450 534 2477 Nam
561 2450 583 2478 si
599 2450 625 2477 in
651 2451 701 2477 bac
722 2450 830 2477 condita
848 2454 874 2476 ct
893 2450 985 2476 seusili
1001 2458 1045 2476 na-

255 2500 315 2523 tura
329 2502 417 2523 ortum
434 2496 502 2523 citra
514 2496 711 2530 perpessionem
732 2495 838 2526 damus,
854 2495 936 2521 multo
960 2495 1045 2529 magis

254 2543 379 2569 conditor
393 2541 477 2569 Filius
488 2543 589 2576 absque
602 2541 683 2575 '_lluxu
702 2549 733 2568 ac
746 2541 920 2575 perpessione
935 2548 949 2568 a
966 2541 1045 2568 l‘atre

256 2588 363 2622 genitus
394 2591 454 2619 est;
481 2587 705 2622 quemadmodum
733 2594 748 2613 a
773 2591 863 2613 mente
881 2593 983 2619 sermo,
999 2590 1044 2612 aut

255 2640 270 2659 a
292 2634 350 2660 sole
365 2633 465 2660 lumen.
496 2632 639 2659 llomitmm
657 2638 762 2659 amator
782 2631 851 2659 Deus
866 2636 892 2658 et
906 2631 1045 2664 Dominus,

255 2684 314 2712 qua:
342 2680 457 2707 terrenis
481 2679 581 2706 nostris
608 2683 689 2713 atqtte
704 2677 818 2704 inlirruis
842 2677 957 2712 ingeniis
970 2684 1047 2705 com-

269 2789 312 2815 ."
324 2790 374 2817 lsa.
387 2799 412 2822 1.,
431 2790 474 2817 10.

258 2823 344 2858 ‘Sap.
362 2833 421 2857 sui,
498 2826 520 2841 θ’
547 2826 613 2853 ibid.
637 2826 665 2852 4.
717 2825 739 2842 ⁸⁸
758 2826 830 2853 l’sal.
847 2833 901 2858 ut,
919 2833 937 2853 ι.

512 2791 533 2806 ⁷⁷
552 2790 631 2817 Prov.
661 2798 680 2817 ι.
702 2790 745 2819 28.
760 2790 844 2817 Aliter
859 2790 973 2818 habetur
986 2791 1012 2818 in
1029 2791 1162 2826 Vulg.elc.

1096 1573 1194 1599 simum
1224 1581 1295 1607 esse,
1320 1575 1463 1610 explorate
1480 1577 1611 1611 judicium
1636 1579 1718 1606 facile
1747 1587 1781 1606 ex
1799 1585 1894 1614 muto;

1097 1620 1141 1648 hic
1172 1629 1290 1657 namque
1304 1626 1332 1650 et
1362 1629 1478 1652 mentem
1493 1629 1520 1652 et
1536 1626 1739 1660 cogitationem,
1751 1631 1778 1654 et
1796 1635 1894 1655 vocem

1099 1667 1198 1701 habet;
1227 1667 1276 1695 sed
1301 1676 1361 1696 cum
1374 1676 1421 1704 per
1431 1670 1603 1698 articulatam
1621 1679 1674 1698 non
1692 1672 1896 1708 possit(nequc

1098 1714 1170 1740 enim
1186 1714 1267 1741 habet
1283 1715 1407 1742 audiendi
1424 1723 1534 1744 sensum
1549 1718 1746 1753 impatibilem).
1758 1719 1896 1747 industrie

1100 1759 1254 1787 imitatione
1266 1761 1382 1795 quadam
1396 1767 1477 1797 atque
1494 1769 1570 1797 gestu
1587 1764 1652 1791 scita
1670 1765 1771 1799 prodit.

1131 1803 1192 1832 Jun.
1210 1805 1308 1833 Grates
1321 1806 1376 1834 Deo
1389 1807 1451 1841 Opt.
1469 1808 1539 1835 Max.
1559 1809 1628 1837 nihil
1638 1809 1693 1844 jam
1714 1811 1895 1846 ambigimns,

1098 1857 1189 1884 neque
1215 1851 1249 1878 de
1263 1851 1327 1884 Deo,
1356 1857 1382 1879 et
1397 1853 1487 1886 Patre,
1504 1862 1590 1889 neque
1608 1857 1640 1884 de
1651 1856 1770 1891 ejusdem
1788 1863 1896 1885 natura:

1105 1897 1184 1932 Filio,
1213 1898 1271 1926 haec
1287 1900 1359 1926 enim
1384 1900 1450 1928 belle
1465 1902 1597 1937 planeque
1621 1903 1824 1939 demonstrasti.
1843 1905 1896 1932 Ita-

1098 1950 1150 1978 que
1174 1949 1202 1971 et
1232 1944 1266 1972 de
1299 1944 1400 1980 Spiritu
1431 1952 1528 1974 sancto
1558 1948 1670 1981 dissere,
1688 1951 1780 1983 sodes,
1793 1951 1894 1985 etquis

1098 1991 1228 2033 propheta
1258 1998 1320 2018 eum
1342 1993 1503 2028 increatum,
1532 2002 1614 2031 atque
1638 1997 1759 2032 ejusdem
1788 2004 1895 2026 natura:

1098 2036 1211 2064 indicet.

1405 2085 1518 2114 CAPUT
1538 2086 1585 2114 IX.

1134 2129 1173 2156 De
1192 2130 1293 2163 Spiritu
1310 2135 1402 2159 sancto
1424 2132 1538 2166 ejusdem
1553 2141 1612 2160 cum
1632 2134 1711 2161 Patre
1738 2139 1856 2164 natum.

1134 2175 1245 2203 Cuuls'r.
1260 2175 1316 2202 Etsi
1333 2182 1397 2204 ante
1410 2185 1504 2205 onmes
1532 2178 1558 2205 id
1572 2183 1597 2205 et
1615 2180 1752 2214 perspexit
1770 2184 1798 2207 et
1815 2182 1895 2208 scivit

1095 2219 1200 2254 Moses;
1230 2221 1274 2248 hic
1302 2226 1390 2249 tamen
1419 2222 1452 2249 ad
1471 2224 1699 2251 continuationem
1719 2225 1816 2253 ultituo
1835 2225 1895 2253 loco

1097 2273 1239 2300 servetur;
1271 2272 1300 2294 ut
1327 2269 1555 2302 quemadmodum
1584 2275 1673 2296 vatum
1694 2271 1823 2305 princeps
1838 2278 1892 2303 est,

1097 2312 1133 2338 ita
1152 2313 1363 2346 disputationem
1379 2313 1495 2340 claudat.
1514 2314 1598 2346 Isaite,
1621 2315 1644 2341 in
1658 2322 1772 2349 persona
1788 2315 1894 2343 Cllflrli

1095 2358 1153 2384 hate
1165 2359 1321 2385 suntvcrba
1339 2368 1346 2385 :
1369 2367 1378 2384 ‹
1400 2358 1517 2394 Spiritus
1550 2360 1654 2387 Domini
1684 2368 1764 2395 super
1779 2369 1844 2389 me:
1860 2362 1894 2388 ad

1098 2404 1314 2431 annuntiandum
1345 2406 1495 2432 mansuetis
1525 2405 1599 2432 misit
1630 2413 1682 2438 me,
1713 2411 1741 2433 ut
1767 2408 1895 2434 ntedercr

1097 2451 1219 2478 contritis
1231 2453 1323 2485 corde,
1334 2456 1360 2479 et
1372 2452 1545 2487 praedicarem
1556 2453 1669 2487 captivis
1684 2453 1893 2488 indulgentiam,

1097 2499 1125 2522 et
1138 2495 1237 2522 clausis
1256 2498 1422 2530 apertionem
1441 2497 1476 2524 ⁸⁸.
1496 2505 1505 2522 ι
1526 2496 1557 2524 Ει
1576 2495 1626 2524 Job
1638 2497 1725 2524 dicit:
1745 2506 1754 2523 ι
1773 2498 1895 2533 Spiritus

1096 2540 1202 2568 Domini
1228 2541 1291 2568 fecit
1305 2550 1357 2575 me,
1383 2547 1410 2570 ct
1424 2542 1588 2578 spiracrtlum
1604 2544 1798 2577 omnipotentis
1827 2545 1896 2571 vivi-

1098 2585 1191 2613 ﬁcavit
1219 2594 1262 2612 me
1276 2587 1311 2613 ⁸³.
1332 2596 1341 2612 ›
1360 2586 1463 2622 Ecquid
1475 2594 1565 2615 autem
1589 2589 1663 2614 Vobis
1679 2589 1711 2615 de
1723 2589 1772 2615 ltoc
1788 2588 1892 2623 Spiritu

1099 2631 1224 2658 videtur?
1251 2631 1398 2665 Cujnsnam
1414 2634 1529 2667 Spiritus
1550 2634 1591 2660 vis
1608 2633 1732 2667 inopibus
1745 2633 1807 2660 beta
1822 2642 1892 2661 turn-

1101 2677 1160 2711 tiat,
1191 2682 1280 2704 mente
1294 2677 1386 2705 l'ractis
1402 2678 1535 2712 medetur,
1561 2686 1575 2705 a
1594 2679 1699 2705 diabolo
1720 2679 1892 2713 mancipatus

1210 2790 1312 2818 "Osee
1337 2797 1367 2823 ιι,
1384 2790 1408 2817 l.
1458 2790 1481 2806 τ’
1512 2789 1584 2818 Psal.
1598 2797 1654 2823 cur,
1675 2798 1695 2818 ι.
1742 2791 1766 2806 ⁸ο
1780 2790 1850 2820 ibid.
1863 2792 1893 2822 5.

988 2827 1010 2843 ⁸⁸
1020 2826 1070 2854 Job
1083 2834 1178 2858 xxutt,
1197 2829 1222 2853 lt.
