1955 3080
45 189 102 221 817

597 187 791 218 DIALOGUS
811 187 962 217 CONTRA
981 188 1148 219 JUD.EOS.

1631 170 1687 217 813'

50 248 157 282 pullus,
184 251 265 281 alque
288 245 435 273 suscitatus
450 265 456 277 ,
485 250 541 273 tum
565 246 705 279 discipulis
724 246 844 281 gentium
860 246 883 273 Α
898 250 971 278 sunt,
984 251 1064 280 atque
1077 254 1090 272 a
1103 245 1231 273 felicitate
1243 245 1335 273 alietti.
1347 245 1446 272 llorum
1459 245 1535 271 lsaae
1547 242 1682 275 duplicem

49 299 178 328 quoque-
191 293 370 320 eruditionent
394 293 552 324 mandavit,
580 293 694 320 dicens:
715 303 723 318 t
747 293 844 320 limites

51 341 152 366 docete
166 346 262 366 omnes
281 342 394 373 gentes,
420 338 588 372 haptizantes
614 347 661 366 eos
684 339 710 365 in
736 340 845 366 nomine

50 383 145 411 Patris
163 389 190 411 et
219 384 280 411 Filii
306 388 332 411 et
359 384 477 418 Spiritus
496 386 583 412 sancti
598 386 630 412 η.
652 394 659 411 1
684 385 711 412 Id
731 385 803 420 quod
818 391 845 413 et

52 430 214 458 Salomonis
233 430 366 465 sapientia
393 432 538 465 praedixit:
558 441 567 457 1
586 432 654 465 Quia
678 432 792 464 vocavi,
818 436 845 458 et.

51 476 211 503 renuistis:
238 477 402 511 despexistis
422 485 501 505 omne
523 478 664 505 consilium
686 486 794 511 meum,
818 483 845 505 et

52 523 261 557 iuerepationes
277 531 352 551 meas
368 524 544 558 neglexistis;
571 532 619 559 ego
635 533 743 560 quoque
760 526 785 552 in
803 526 845 551 in-

52 569 139 596 teritu
155 575 248 597 vestro
267 571 371 603 ridebo,
388 576 414 597 et
430 571 616 604 subsannabo,
636 578 696 598 cum
714 571 792 598 vobis
808 571 844 604 id,

53 616 129 649 quod
159 615 307 647 tintebatis,
326 616 465 643 advenerit
478 617 510 643 ".
528 626 536 641 I
562 617 655 651 itaque
678 617 752 643 varie
776 617 846 644 Deus

53 661 137 687 saluti
157 666 255 688 vestrae
280 662 458 694 l'iroeurauda:
477 663 598 693 studuit;
615 669 701 696 eoque
724 663 844 692 nomine,

52 707 128 739 quod
147 707 302 739 retuleritis,
318 712 412 741 gentes
425 715 473 735 vos
488 708 672 741 damnabttnt;
685 708 756 743 quod
770 708 844 741 ipstc,

52 751 212 778 .ludazornm
228 751 401 785 adjnnientis.
423 761 483 787 qum
504 753 574 780 Deus
593 754 656 781 olint
675 762 722 790 per
742 755 845 786 Mosen,

54 805 110 831 qua
132 798 159 825 in
178 798 289 828 Genesi,
307 807 357 832 qua
376 799 401 825 iu
417 799 518 831 Exodo,
539 804 568 826 ut
583 800 714 832 diximus,
730 801 846 828 obscure

55 844 209 878 proposuit,
230 851 261 870 ac
277 850 334 878 post
351 845 430 871 etiam
449 845 657 874 dilucidioribus
673 852 765 874 vatum
782 856 846 875 ora-

54 889 127 916 culis
157 891 289 923 acceptis,
316 890 429 924 justitize
456 891 546 919 lumen
572 893 740 920 admiserunt
756 902 763 920 :
779 901 843 926 vos,

53 942 172 968 quorum
191 943 273 962 causa
291 936 348 962 hmc
364 937 453 964 omnia
470 938 625 973 conscripta
642 943 714 970 sunt,
731 939 844 973 quihus-

54 988 110 1014 que.
127 986 202 1008 vates
219 989 298 1008 suum
315 983 474 1017 sanguinem
487 983 626 1016 luderunt,
645 992 703 1017 vos,
721 985 843 1020 inquam,

57 1027 162 1060 reiecto
185 1028 252 1060 sole,
271 1028 398 1056 tenebras
415 1036 463 1063 pro
485 1030 596 1063 perenni
621 1031 680 1058 luce
701 1031 843 1066 elegistis;

55 1074 157 1107 quibus
182 1078 271 1101 tamen
298 1074 485 1102 illuminandis
513 1076 571 1110 ipse
600 1084 707 1111 qttoque
737 1078 843 1105 demum

54 1119 215 1152 unigeuilus
234 1120 280 1147 Dei
302 1120 385 1148 Filius
407 1126 434 1148 et
455 1122 500 1149 lux
525 1127 633 1150 aeterna:
652 1123 739 1156 lucis,
766 1132 844 1152 suum

54 1171 166 1198 quoque
189 1167 349 1200 sanguinem
375 1166 454 1195 fudit.

92 1209 152 1237 Jt'o.
169 1210 197 1237 Si
215 1218 280 1238 vere
300 1212 376 1239 nobis
391 1214 531 1247 ostendes,
556 1215 658 1248 Mosen,
675 1220 728 1242 lllm
746 1217 771 1242 in
791 1216 844 1244 Ge-

55 1258 126 1288 nesi,
145 1261 199 1283 tum
216 1257 242 1284 in
259 1257 353 1285 Exodo
368 1259 402 1286 de
416 1259 458 1287 ltis
474 1259 606 1292 locutum,
625 1266 652 1289 et
672 1267 760 1289 tecum
783 1270 844 1289 sen-

55 1303 166 1332 tiemus.
186 1307 212 1330 et
230 1304 382 1332 credemus.

93 1347 206 1380 Cimisr.
219 1348 247 1374 Si
264 1350 418 1377 crassiores
435 1352 628 1385 prophetarum
642 1352 844 1386 praedictiones,

54 1399 151 1427 aperte
166 1393 212 1420 Dei
229 1394 327 1422 Filium
345 1397 537 1430 praedicantes,
556 1398 639 1425 vestri
658 1398 775 1433 majores
792 1407 843 1426 non

55 1440 220 1473 audierunt;
249 1441 373 1473 scilicet,
400 1442 518 1470 Mosaica
546 1444 624 1471 vobis
653 1446 764 1479 scripta,
785 1453 844 1480 qua:

55 1493 111 1512 non
140 1486 250 1520 palam,
279 1487 325 1514 sed
351 1487 467 1516 obscure
490 1489 582 1517 omnia
605 1491 742 1525 produnt.
769 1492 845 1519 vobis

53 1532 157 1559 laeieut
175 1533 266 1560 lidettt.

357 1601 471 1630 CAPUT
492 1602 550 1630 xu.
859 1585 880 1612 θ

92 1657 147 1685 Cur
165 1657 233 1685 Deus
252 1666 350 1686 arcana
367 1660 430 1693 ﬁdei
447 1660 564 1687 homines
583 1662 660 1688 initio
674 1663 808 1690 celaverit.

92 1715 152 1743 Jun.
175 1714 207 1742 Et
220 1723 268 1742 cur
281 1721 371 1743 autem
389 1725 441 1744 non
457 1717 564 1752 planius
582 1719 705 1752 aperuit?

93 1759 204 1787 Cuntsr.
227 1760 292 1787 Erat
310 1766 367 1788 tum
392 1762 633 1798 intempestivum,
659 1769 687 1791 ut
712 1765 846 1799 dicebam,

55 1806 83 1833 id
100 1806 226 1840 prodere.
246 1806 313 1833 Nam
329 1807 351 1834 si
369 1808 401 1835 de
416 1807 582 1837 Cherubiuis
607 1815 689 1845 atque
716 1811 846 1846 Seraphi-

55 1852 115 1882 uis.
139 1857 222 1886 atque
238 1852 312 1879 omni
337 1853 443 1881 caelesti
470 1855 599 1883 satellitio
623 1857 753 1891 propheta
779 1858 846 1885 nihil

57 1898 189 1931 prodidit,
207 1905 274 1932 quas
292 1905 334 1926 res
357 1901 426 1934 apud
445 1908 474 1927 se
496 1902 638 1936 explorate
658 1904 783 1938 cognitas
799 1905 847 1931 ha-

55 1944 145 1975 beret,
161 1944 210 1971 sed
234 1951 267 1971 ex
286 1946 511 1980 aspectabilihus,
537 1948 588 1975 sub
602 1955 766 1983 sensumque
783 1950 848 1977 sub-

51 1989 137 2024 jectis
155 1991 260 2025 erigere
277 1998 327 2018 nos
341 1992 459 2027 primum
478 1993 510 2019 ad
533 1993 578 2020 Dei
603 1994 726 2022 notitiam
743 1995 844 2029 voluit;

55 2040 162 2068 quattto
188 2037 274 2071 magis
301 2038 335 2064 de
366 2039 496 2072 perenni.
529 2043 556 2065 et
586 2040 715 2074 temporis
738 2047 847 2076 experte

55 2081 205 2115 Trinitate,
223 2088 269 2109 aut
286 2083 347 2110 Filii
366 2084 643 2120 iucarnatioue‘iquze
657 2092 685 2114 et
701 2091 740 2114 tot
757 2093 845 2115 vatum

56 2127 168 2154 indiciis
193 2129 345 2163 patefacta,
371 2135 395 2158 et
418 2138 500 2165 porro
521 2132 641 2159 exhibita
659 2140 691 2159 ac
714 2133 845 2168 perfecta,

56 2172 193 2200 hactenus
213 2181 228 2200 a
251 2174 328 2201 vobis
347 2180 470 2209 negatur.
500 2176 551 2202 Sed
571 2177 698 2203 nimirum
717 2185 846 2211 quascun-

54 2226 121 2252 que,
149 2223 180 2246 ut
206 2219 325 2252 aiebam,
344 2219 488 2248 obscurius
513 2221 591 2253 dixit,
617 2222 721 2249 duabus
747 2223 789 2250 his
814 2225 846 2251 de

55 2263 149 2290 causis
179 2264 265 2291 fecit:
287 2269 343 2292 tum
373 2270 403 2292 ut
435 2266 524 2292 divina
552 2274 582 2293 se
613 2268 708 2295 notitia
736 2268 844 2303 plenum

55 2310 236 2343 ostenderet;
266 2315 322 2338 tum
354 2316 384 2338 ut
412 2313 458 2346 qui
488 2319 548 2347 post
575 2321 604 2341 se
629 2314 725 2342 eodem
748 2317 845 2350 spiritu

57 2362 152 2382 essent
174 2356 276 2389 allecti,
297 2364 329 2384 ex
346 2358 497 2392 muigmatis
513 2362 552 2391 ad
570 2360 692 2386 divinum
719 2361 846 2395 splendo-

58 2409 115 2427 rem
132 2402 312 2437 erigerentur.
339 2403 432 2437 Itaque
458 2404 654 2432 infructuosum
682 2405 718 2433 sit
743 2413 774 2433 ea
799 2415 846 2436 vos

56 2447 169 2474 dueere.

93 2494 155 2522 Jun.
172 2494 229 2521 lino
243 2503 308 2522 vrro
325 2503 459 2530 rogamus,
476 2497 579 2523 dissere
602 2497 680 2524 nobis
704 2505 734 2525 ea
749 2518 756 2530 ,
784 2507 844 2534 quae

59 2546 123 2568 sunt
138 2549 172 2567 rx
188 2541 263 2568 Mose
280 2542 432 2576 desumpta.
454 2541 520 2569 Nam
544 2548 571 2569 et
591 2543 739 2578 principem
761 2552 775 2571 a
793 2546 846 2572 Deo

58 2594 148 2613 vatem
165 2586 258 2614 Mosen
274 2587 440 2621 accepimus,
458 2591 486 2614 et
502 2587 525 2614 is
542 2595 575 2615 ex
593 2587 710 2623 Aigypw
737 2590 848 2617 eductos

58 2634 84 2659 in
103 2633 149 2660 Dei
167 2633 291 2659 notitiam
309 2633 426 2661 induxit.

94 2679 208 2705 tumst.
227 2678 311 2715 Igitur
327 2686 341 2705 a
361 2680 447 2713 primo
471 2679 516 2706 Dei
542 2683 651 2706 amante
676 2680 793 2714 homine,
819 2682 844 2708 id

58 2731 110 2756 est,
130 2725 297 2756 Ahrahamo,
314 2725 464 2752 ordiamur.
483 2724 513 2751 Ei
534 2726 586 2752 duo
601 2731 677 2752 erant
694 2727 760 2758 nati,
775 2735 846 2754 unus

59 2779 92 2797 ex
111 2770 221 2804 ancilla,
235 2771 306 2797 alter
320 2779 352 2797 ex
367 2771 463 2798 libera.
480 2770 546 2797 Nam
561 2772 651 2798 czeteri
666 2772 725 2798 sine
739 2772 848 2800 nomine

95 2872 117 2888 “
140 2872 235 2899 Mittit.
253 2879 348 2903 uvnt,
367 2872 406 2899 Η).

62 2908 170 2937 “11,9.
210 2908 231 2923 ²¹
253 2909 317 2935 ibid.
340 2907 380 2935 l2.

447 2874 468 2889 ¹⁷
489 2873 566 2900 Prov.
584 2882 603 2905 1,
618 2873 664 2902 2t.
680 2873 725 2900 '23.

420 2909 442 2924 "
463 2910 527 2935 ibid.
549 2910 590 2936 [υ.
629 2911 651 2924 ’⁵
671 2909 738 2936 Gen.
759 2917 813 2940 XVI,
838 2910 862 2937 ιι,

774 2874 796 2889 ’⁸
815 2874 885 2902 Osee
910 2882 927 2905 l,
951 2873 977 2899 εὶ.

896 293 980 327 gessit
1007 293 1120 327 ﬁguram
1139 299 1146 318 ε
1164 298 1245 318 unant
1273 291 1370 318 ordine
1397 289 1544 321 nascendi;
1568 287 1683 315 elei-tum

896 346 928 366 ex
951 338 1077 374 gentibus
1089 338 1234 372 populum,
1261 337 1371 364 Christo
1391 337 1561 363 adltzesurum
1580 333 1682 361 refere-

897 385 960 417 bat;
977 385 1056 412 modo
1071 389 1162 411 autem
1176 384 1314 416 nascendi,
1331 388 1357 409 et
1371 381 1567 413 immolatione,
1578 379 1680 407 Christi

898 431 1004 458 Domini
1025 431 1195 458 nativitatem
1212 434 1239 457 et
1265 435 1377 456 mortem
1407 427 1558 462 figurabat:
1588 425 1684 453 lstnael

897 482 990 504 contra
1007 482 1100 513 typum
1117 477 1253 511 expressit
1279 475 1398 502 Iudaica:
1419 473 1507 508 gentis
1525 482 1531 500 :
1548 478 1629 506 atque
1656 471 1683 498 id

897 531 991 550 verum
1009 531 1080 554 esse,
1097 523 1160 550 andi
1176 523 1258 550 Deum
1275 521 1344 549 Osee
1362 521 1533 548 mandantem
1549 528 1557 546 ι
1575 527 1584 544 ι
1602 517 1684 544 Sume

897 569 945 595 tibi
963 576 1074 595 uxorem
1095 568 1320 598 fornicationunt.
1339 572 1366 594 et
1382 566 1424 593 fac
1445 566 1493 592 tibi
1515 564 1584 591 ﬁlios
1598 562 1683 590 forni-

897 613 1036 640 eationum
1055 623 1061 640 :
1083 613 1146 647 quia
1173 613 1311 640 fornicans
1328 611 1506 639 fornicabitur
1521 608 1684 636 universitas

895 658 1049 686 Judmornm
1064 667 1078 685 a
1093 659 1207 685 Domino
1221 659 1253 689 ⁸⁸,
1267 658 1445 693 quamobrem
1462 664 1514 683 tton
1530 663 1598 682 uxor
1612 661 1683 685 mea,

896 709 923 732 et
939 712 988 738 ego
1004 712 1056 731 non
1071 705 1113 731 vir
1127 704 1185 739 ejus
1200 704 1232 731 ’⁸.
1251 714 1258 730 1
1276 703 1378 737 Quibus
1393 702 1482 730 verbis
1499 700 1681 729 sacerdotium

897 757 1005 785 quoque
1032 750 1219 784 abrogandum
1243 749 1382 776 iuunebat.
1405 748 1470 775 Cum
1496 748 1568 774 eniut
1594 753 1683 772 u:ere-

898 798 991 824 tricata
1008 801 1081 824 esset
1099 795 1284 831 (Synagoga),
1300 795 1414 821 multata
1432 798 1473 820 est
1493 799 1577 827 regno
1593 796 1619 818 et
1637 798 1681 818 sa-

897 842 1018 870 cerdotio
1033 846 1094 876 post
1107 841 1210 869 Christi
1223 842 1380 872 adventum,
1398 839 1444 874 qui
1461 838 1587 873 princeps
1602 844 1682 864 verus

898 893 940 916 est
955 892 1036 923 atque
1050 892 1152 916 rector.

1187 933 1302 961 CAPUT
1321 933 1392 961 Xlll.

1049 991 1173 1019 Iudaica?
1191 991 1275 1025 gentis
1295 998 1311 1016 a
1335 991 1386 1016 Deo
1404 989 1525 1023 defectio.

933 1051 1015 1085 igitur
1031 1050 1052 1078 si
1070 1058 1122 1077 non
1134 1055 1176 1077 est
1187 1049 1219 1076 iis
1231 1047 1460 1078 saeerdotimn,ut
1472 1050 1544 1073 certe
1561 1052 1612 1071 non
1628 1049 1681 1076 est,

896 1099 1007 1125 evidens
1017 1101 1058 1124 est
1074 1104 1120 1123 eos
1136 1094 1391 1123 meretric:tri.'Nant
1407 1100 1520 1124 quorum
1537 1091 1683 1125 illegitiuue

897 1147 959 1170 sunt
976 1142 1086 1177 nuptia',
1102 1141 1119 1168 ii
1140 1141 1299 1168 adulterium
1311 1139 1493 1167 committunt.
1504 1137 1580 1170 Quod
1594 1137 1681 1170 sijam

896 1196 991 1216 omnes
1016 1187 1196 1218 fornicamur,
1222 1190 1302 1219 atque
1317 1192 1349 1212 ex
1374 1182 1508 1211 adulterio
1521 1186 1681 1214 nascuntur,

896 1242 989 1262 omnes
1006 1234 1092 1269 spurii
1109 1237 1181 1260 sunt.
1210 1241 1218 1258 ι
1240 1233 1276 1259 De
1294 1236 1385 1259 scorto
1410 1235 1499 1257 autent
1529 1234 1619 1260 natus,
1645 1229 1684 1254 ait

896 1281 977 1309 lllosis
993 1281 1047 1312 lex,
1065 1288 1119 1307 tton
1139 1279 1307 1314 ingredietur
1325 1277 1473 1305 Ecclesiam
1501 1276 1608 1304 Domini
1621 1276 1653 1302 '°.
1670 1285 1680 1301 ι

933 1326 1029 1361 Operae
1045 1326 1160 1361 pretium
1182 1328 1224 1352 est
1248 1329 1340 1351 autem
1365 1329 1497 1358 qumrere,
1522 1329 1571 1348 cur
1593 1329 1608 1348 a
1628 1321 1684 1348 Deo

898 1374 984 1401 lmdus
999 1371 1216 1400 circumcisionis
1231 1375 1339 1405 pactum
1356 1369 1391 1396 sit
1408 1369 1434 1396 in
1451 1369 1575 1400 lsntaele,
1591 1371 1618 1394 et
1631 1375 1688 1394 non»

897 1421 923 1448 in
937 1419 1034 1446 Isaac?
1051 1419 1105 1453 Ego
1125 1417 1228 1445 afﬁrmo
1243 1423 1353 1444 causam
1372 1416 1467 1448 fuisse,
1481 1415 1551 1450 quod
1566 1415 1684 1442 circum-

897 1466 964 1493 eisio
979 1470 1039 1492 erat
1053 1464 1174 1492 desitura
1190 1472 1197 1491 :
1215 1467 1297 1498 atque
1320 1462 1347 1490 id
1371 1470 1465 1489 verum
1490 1468 1561 1494 esse,
1585 1468 1617 1488 ex
1640 1461 1683 1488 his

898 1513 943 1540 Dei
969 1512 1002 1539 ad
1026 1511 1210 1539 Abrahamnm
1237 1510 1330 1537 verbis
1362 1512 1473 1542 apparet
1494 1515 1501 1534 :
1527 1516 1536 1533 1
1555 1507 1594 1534 Tit
1618 1514 1688 1542 ergo

897 1558 1034 1585 custodies
1051 1561 1160 1591 paetum
1183 1562 1272 1582 meum
1289 1558 1316 1581 et
1329 1561 1421 1580 semen
1437 1558 1510 1580 tutttn
1529 1557 1590 1586 post
1614 1557 1638 1578 te
1655 1551 1682 1578 iu

898 1602 1118 1638 generationibus
1131 1601 1187 1628 suis
1200 1601 1234 1629 “.
1251 1610 1259 1626 1
1273 1599 1308 1626 Ει
1321 1600 1437 1626 iterum:
1455 1607 1464 1624 α
1479 1598 1565 1626 Omne
1577 1604 1683 1624 mascu-

899 1650 981 1675 linum
999 1649 1024 1675 iit
1048 1646 1268 1683 generationibus
1289 1644 1386 1672 vestris
1408 1643 1679 1673 eireamcidetur".s

895 1687 934 1721 De
957 1694 1033 1721 lsaae
1057 1698 1147 1720 autent
1177 1700 1231 1719 non
1257 1691 1295 1718 ita
1323 1690 1393 1718 Deus
1427 1689 1587 1724 paciscitur;
1612 1689 1680 1716 sed:

899 1750 908 1767 ι
929 1740 1097 1768 Constituam
1126 1743 1233 1773 pactttnt
1252 1745 1340 1764 meum
1358 1737 1395 1763 illi
1420 1737 1447 1763 in
1474 1735 1562 1763 lendus
1585 1735 1684 1769 sempi-

897 1792 1004 1813 ternum
1018 1785 1054 1812 ".
1070 1794 1079 1811 1
1098 1784 1258 1813 Observata,
1276 1787 1303 1809 nt
1317 1779 1434 1814 lsntaeli,
1448 1781 1495 1816 qui
1512 1780 1682 1816 Synagogam

897 1833 998 1860 referre
1025 1835 1150 1866 putatur,
1175 1830 1275 1865 quippe
1298 1829 1485 1863 primigenius,
1511 1827 1689 1854 ﬁrmaturum-

897 1885 926 1905 se
956 1877 1043 1904 foedus
1068 1877 1198 1904 duratura
1227 1876 1285 1910 ejus
1311 1874 1469 1910 posteritate
1493 1873 1683 1908 repromittat.-

898 1932 960 1952 eunt
976 1924 1053 1950 lsaae
1073 1930 1147 1954 vero,
1167 1921 1211 1956 qui
1228 1928 1327 1948 novum
1349 1919 1478 1955 populum
1494 1923 1683 1953 reprmseutat,

897 1971 1092 2004 sempiternum
1116 1968 1177 1996 iniit
1200 1967 1297 1995 imitus.
1320 1976 1329 1992 ι
1344 1965 1448 1993 Ancilla
1472 1964 1632 1998 concepisse
1654 1970 1685 1991 se

898 2017 993 2043 videns
1010 2035 1018 2048 ,
1051 2014 1173 2048 despexit
1191 2013 1328 2040 dominam
1349 2019 1424 2040 suam
1448 2011 1489 2045 υς
1509 2021 1517 2037 ο
1541 2010 1684 2045 Syuagoga

897 2062 1013 2093 scilicet,
1030 2065 1141 2094 accepta
1157 2060 1225 2093 lege,
1251 2066 1283 2086 ac
1298 2059 1380 2094 bysso
1393 2064 1575 2093 purpuraque,
1590 2063 1685 2091 regno,

899 2110 1021 2143 inquam.
1042 2115 1074 2134 ac
1091 2105 1170 2134 simul
1193 2106 1349 2140 pontiﬁcatu
1374 2110 1480 2136 ornata,
1499 2104 1591 2131 lteram
1617 2110 1685 2130 eon-

899 2153 1008 2187 tempsit
1038 2159 1137 2184 suam,
1165 2158 1274 2177 manum
1301 2155 1395 2177 contra
1419 2150 1464 2177 Dei
1489 2149 1684 2183 omnipotentis

898 2201 1069 2235 maiestatem
1090 2203 1118 2225 et.
1142 2198 1264 2225 dextram
1288 2197 1412 2228 sustulit;
1442 2195 1561 2233 ejusque
1582 2194 1684 2220 vultum

863 2255 883 2282 ι)
899 2246 1008 2273 omnino
1033 2244 1152 2279 eﬁ'ugere
1175 2243 1334 2274 conabatur,
1350 2243 1414 2270 dum
1441 2250 1450 2266 ι
1468 2241 1592 2268 occidere
1619 2248 1685 2275 pr0<

901 2290 1004 2325 phetas,
1021 2294 1049 2316 et
1065 2288 1186 2322 lapidare
1200 2287 1232 2314 ad
1253 2294 1282 2314 se
1301 2287 1401 2313 missos.
1414 2286 1573 2313 moliebatur
1583 2286 1617 2312 ".
1636 2294 1646 2311 l

1194 2343 1307 2372 CAPUT
1326 2343 1395 2371 XIV.

1029 2403 1201 2438 Comparatio
1219 2400 1365 2437 Synagogw
1382 2406 1405 2428 et
1426 2401 1552 2437 gentium.

935 2450 1090 2483 PHEPOICIIS
1114 2454 1203 2475 autem
1231 2448 1302 2474 Deus
1327 2447 1431 2478 exsiliis
1449 2447 1497 2481 (ut
1520 2454 1579 2482 quae
1598 2446 1692 2481 primo

900 2503 997 2533 sponte
1013 2496 1136 2531 fitgisSt-t)
1153 2495 1322 2531 Synagogam
1337 2494 1408 2521 ntale
1425 2494 1555 2527 tnultans,
1575 2495 1683 2520 laudent

901 2545 973 2572 velut
991 2543 1118 2570 ancillam
1144 2544 1237 2569 durius
1257 2542 1387 2572 habitam,
1405 2540 1538 2575 propitius
1556 2548 1602 2574 per
1621 2548 1684 2575 pro—

899 2591 995 2625 phetas
1011 2588 1091 2624 jussit
1107 2588 1138 2616 ad
1158 2589 1249 2614 heram
1267 2594 1356 2618 suam,
1369 2586 1457 2618 idest,
1469 2585 1690 2620 Hierosolymam

901 2635 1047 2665 reverti“.
1076 2639 1102 2661 et
1120 2633 1178 2668 ejus
1205 2640 1233 2660 se
1257 2632 1345 2659 manui
1364 2631 1542 2663 submittere;
1571 2631 1684 2658 adorare

900 2681 1023 2707 \idelit-et
1045 2680 1070 2706 in
1093 2679 1229 2706 Bethleem
1247 2682 1349 2709 natum,
1367 2680 1394 2704 et
1409 2676 1580 2704 Servatorem
1600 2676 1683 2703 Deum

900 2727 1037 2753 Christum
1054 2725 1185 2752 eonliteri.
1205 2724 1327 2757 Cumque
1344 2730 1451 2750 reversa
1473 2723 1612 2757 Synagoga
1628 2729 1683 2749 non

903 2772 981 2798 modo
1000 2779 1051 2797 non
1066 2770 1250 2801 conﬁteretur,
1270 2767 1315 2795 sed
1332 2768 1412 2795 etiant
1430 2769 1515 2799 Isaac,
1529 2775 1575 2794 seu
1589 2775 1690 2799 ret-ens.

1019 2874 1038 2888 η
1059 2872 1126 2899 Οςρο
1144 2880 1171 2899 11.
1190 2873 1216 2899 '2.
1266 2873 1289 2888 ὀ
1311 2871 1386 2897 Deut.
1406 2878 1481 2901 xxtu,
1504 2869 1531 2895 2.
1571 2870 1591 2885 “
1613 2868 1682 2896 Ceu.

912 2913 936 2936 4.
977 2909 998 2923 ³³
1018 2908 1112 2938 Matth.
1135 2916 1211 2937 “ut.
1237 2909 1280 2935 57.
1301 2907 1322 2922 ¹⁰
1342 2907 1410 2933 Gen.
1434 2912 1490 2947 ut,
1511 2905 1539 2932 9.
