1955 3080
266 167 319 201 8i!)
873 169 1085 202 ANDIlONlL‘I

1107 170 1279 205 CUMNENI
1855 183 1907 214 830

266 231 361 254 natum
389 228 526 255 Christum
558 228 700 263 illuderet,
732 237 793 257 eum
822 234 884 265 post
913 228 1057 264 chlamyde
1072 227 1094 254 Δ
1110 233 1333 266 contperennem.
1353 243 1386 263 ac
1401 241 1466 263 natu
1482 238 1625 272 mqttalcm,
1653 239 1774 274 mihique
1794 240 1902 267 charis-

266 273 405 306 atniciret,
423 279 452 301 et
479 280 635 303 contextam
665 284 680 304 e
705 276 794 312 spinis
820 284 947 304 coronam
974 276 1057 311 capiti

265 320 435 355 imponeret;
456 326 511 349 tum
529 329 593 350 vero
609 323 713 350 audivit
735 323 876 351 Christum
892 323 926 351 ad
947 323 1056 351 Patrem

263 374 342 393 suum
359 368 521 396 clamantem
539 378 546 396 :
566 380 575 396 ι
594 371 667 405 Ejice
684 371 822 404 ancillam,
845 371 871 398 id
905 375 947 398 est
967 371 1056 406 Syna-

263 419 371 448 gogam,
390 415 423 441 de
438 415 518 443 domo
532 425 602 449 mea,
618 426 651 444 ne
665 418 729 445 mihi
743 419 805 445 thus
819 418 944 450 adoleat;
965 425 1053 452 neque

263 460 337 487 cnim
352 462 458 489 ancilla:
476 462 548 491 ﬁlius
564 465 616 491 erit
631 465 718 492 hmres
732 473 794 492 cum
811 465 866 492 ﬁlio
880 465 974 492 liberae
986 466 1027 498 '7;
1043 475 1054 491 ι

263 515 326 535 nam
356 517 433 542 teque
456 510 542 539 Judaei
566 517 648 547 atque
672 518 768 548 gentes
794 518 918 549 paratum
945 522 1056 549 regnum

262 556 462 590 possidebunt;
481 566 596 593 quorttm
618 559 655 586 illi
670 560 821 592 Christum,
845 567 893 588 ceu
919 560 1057 587 facinoro-

262 610 322 629 sum
342 603 367 630 in
383 611 490 630 crucem
508 610 639 640 egerunt;
660 611 756 640 gentes
781 614 845 634 vero
869 614 931 634 cum
954 606 1057 634 facino-

262 650 333 677 rosis
349 651 510 678 cruciﬁxum
526 654 708 687 conspicatae.
725 653 811 681 Deum
828 654 961 682 confessae
980 658 1055 681 sunt.

558 721 674 750 CAPUT
700 721 759 749 XV.

345 776 411 804 Filii
431 782 456 805 et
477 787 517 806 res
539 779 685 807 Abralmmi
702 789 761 807 cum
781 781 834 809 Deo
851 771 967 810 collum.

296 834 385 870 Atque
401 842 433 863 ea
458 837 567 871 quidem
593 837 621 863 in
649 841 713 872 typo
737 837 910 873 Synagogaa,
941 839 966 866 id
995 844 1054 871 est.

1110 278 1219 310 simum.
1237 287 1353 315 corpore
1368 287 1478 318 propter
1496 283 1635 312 hominum
1651 285 1767 313 salutem
1786 287 1903 313 mactari

1108 323 1203 351 volens
1221 326 1321 360 patior.
1346 327 1413 355 Illud
1441 337 1506 357 vero
1530 331 1640 366 dignum
1667 332 1819 366 quaestione
1840 339 1902 362 est.

1109 377 1158 397 cur
1175 371 1332 401 Abrahamo
1347 382 1418 410 saepe
1431 377 1528 405 hostiis
1542 383 1666 412 operato,
1683 378 1774 407 locum
1790 380 1815 407 ei
1831 379 1903 407 Deus

1109 424 1163 444 non
1193 420 1330 453 ostendit;
1363 421 1390 448 in
1419 422 1505 449 Isaaci
1538 424 1725 452 immolatione
1748 426 1901 460 praecepit:

1112 472 1121 489 ι
1143 463 1217 492 Vade
1233 467 1259 493 in
1276 470 1376 495 terram
1397 469 1521 501 visionis,
1548 478 1630 506 super
1645 479 1728 499 unum
1753 473 1901 503 montium.

1108 521 1190 548 quent
1208 522 1398 544 monstrarem
1414 518 1461 546 tibi
1475 519 1508 546 ⁸⁸.
1525 529 1533 545 ι
1553 520 1631 547 ΙΙΙυιιι
1656 520 1744 554 ipsum
1756 541 1764 552 .
1788 521 1901 557 opinor.

1108 561 1198 591 Iocttm
1213 563 1238 590 ei
1259 563 1390 592 Dominus
1404 566 1536 600 ostendit,
1558 568 1584 594 in
1605 575 1658 602 quo
1675 575 1752 596 meus
1767 568 1903 596 Dominus

1108 609 1309 644 eruciligendus
1324 616 1394 639 erat.
1417 611 1484 639 Nam
1503 613 1678 642 Palwstinum
1700 614 1788 643 solum
1816 622 1901 650 prope

1108 655 1356 692 Hierosolymorum
1377 659 1443 687 ﬁnes
1459 660 1576 695 adjacot.

1401 729 1515 757 CAPUT
1534 729 1604 758 XVI.

1127 783 1182 811 Cur
1199 785 1225 812 iu
1241 791 1328 812 tuante
1342 786 1494 820 sacriﬁcare
1510 787 1642 813 Abraham
1659 787 1744 821 ﬁlium
1756 787 1880 822 jubetur.

1143 841 1222 869 Mane
1238 850 1354 878 surgens
1368 843 1550 876 Abrahamus,
1574 845 1681 872 asinum
1705 845 1816 872 sternuit.
1834 846 1898 872 Asi-

260 881 374 909 Ismaele
389 886 454 909 sttnt
471 887 580 917 peracta
596 884 638 917 ";
655 884 714 912 hinc
730 889 820 912 autem
834 886 859 912 ιιι
876 885 970 918 Isaac,
992 886 1052 913 novi
1067 897 1091 927 Β
1109 895 1171 914 ιιυιιι
1189 888 1298 922 quidem
1319 890 1503 921 Abrahamus,
1526 889 1613 918 Judas
1629 897 1721 918 autem
1736 890 1898 919 Judaaorum

261 928 352 962 populi
380 929 476 964 ﬁgura,
507 930 624 964 primum
651 931 715 965 quia
739 939 771 959 ex
797 932 885 959 sterili
912 932 1001 965 elfeta,
1026 937 1054 960 et

260 976 407 1009 grandaeva
421 981 513 1004 natus.
529 977 597 1004 Nam
611 978 674 1012 quia
687 985 720 1006 ex
739 978 847 1014 Virgine
860 979 933 1007 nasci
950 979 1052 1007 homini

259 1029 313 1049 non
342 1028 385 1050 est
401 1026 570 1057 concessum]
594 1025 686 1060 (quod
711 1026 782 1053 Deus
802 1026 976 1062 privilegium
1000 1027 1051 1054 sibi

259 1073 289 1095 ut
310 1069 407 1104 ingens
428 1070 620 1104 quiddam,.et
645 1079 808 1100 arcanorum
833 1078 916 1108 atque
933 1074 1052 1102 admira-

258 1115 354 1142 bilium
366 1117 484 1144 maxime
499 1117 660 1146 admirabile
672 1123 700 1145 et
713 1125 842 1146 arcanum
859 1121 1050 1155 consecravit),

257 1164 403 1196 oportebat
431 1164 549 1198 aliquem
580 1169 672 1200 typum
705 1172 788 1201 atque
814 1167 937 1194 umbram
969 1167 1051 1203 hujus

259 1211 386 1239 veritatis
402 1219 434 1238 ex
449 1211 529 1239 eﬁ'eta
546 1213 622 1240 nasci
640 1213 809 1241 Abrahamo.
829 1214 900 1247 Quin
923 1219 951 1242 et
967 1215 1050 1242 verba

256 1257 339 1284 etiam
354 1257 454 1286 similia
473 1264 547 1292 sunt,
572 1267 633 1294 quae
653 1260 687 1288 de
700 1259 803 1288 Christi
819 1261 962 1299 nativitate
977 1261 1051 1289 dice-

255 1303 366 1337 bantur,
387 1308 414 1332 et
431 1312 493 1340 qua:
511 1305 544 1332 de
560 1305 636 1333 ISaac
662 1307 862 1341 praecedebant.
884 1307 968 1343 Igitur
995 1308 1049 1335 illic

253 1349 326 1377 Deus
340 1359 347 1378 :
368 1360 378 1376 ε
392 1350 483 1384 Quare
499 1352 560 1379 risit
577 1351 643 1380 Sara
659 1354 670 1380 ?
687 1355 808 1389 nunquid
825 1354 882 1382 Deo
900 1355 1049 1390 quidquam

254 1400 298 1423 est
315 1396 423 1425 difﬁcile
437 1398 480 1425 '9?
496 1407 505 1424 ι
529 1398 579 1425 Hic
595 1399 707 1427 Gabriel
724 1400 828 1436 Virgini
846 1408 853 1427 :
872 1410 881 1426 ‹
900 1400 967 1434 Quia
995 1408 1048 1428 non

252 1442 307 1470 erit
340 1443 507 1478 impossibile
535 1446 605 1480 apud
633 1445 718 1473 Deum
744 1454 825 1475 omne
857 1448 969 1475 verbum
983 1447 1014 1473 ⁸ο.
1034 1457 1044 1474 ›

252 1489 333 1518 Illic:
351 1499 359 1516 ι
378 1490 532 1519 Revertens
550 1491 658 1519 veniam
679 1493 712 1519 ad
739 1497 765 1521 te
793 1498 916 1528 tempore
933 1494 1000 1527 isto;
1021 1499 1049 1522 et

252 1535 363 1563 habebit
377 1536 460 1564 ﬁliutn
479 1536 558 1570 Sara,
578 1545 647 1565 ttxor
662 1543 708 1565 tua
723 1538 756 1565 θ’.
775 1548 785 1565 ι
807 1538 857 1567 IIic
872 1548 878 1567 :
899 1549 909 1566 ι
926 1539 1046 1574 Spiritus

254 1587 366 1610 sanctus
379 1583 555 1618 superveniet
566 1583 593 1612 in
608 1588 651 1618 te;
664 1589 693 1612 et
704 1585 791 1613 virtus
803 1585 936 1614 Altissimi
949 1586 1047 1614 obum—
1059 1574 1081 1602 ο

254 1630 345 1657 brabit
362 1630 410 1658 tibi
424 1630 458 1657 “.
476 1639 486 1657 ι
507 1630 606 1659 Notate
629 1638 706 1664 sane,
738 1637 767 1659 ut
790 1636 852 1666 post
874 1632 1044 1668 digressum,

254 1681 411 1712 sanctasque
435 1677 580 1705 Trinitatis
605 1677 765 1712 hospitium,
792 1678 878 1707 Isaaci
900 1684 1046 1715 conceptus

251 1723 288 1750 sit
311 1727 486 1752 consecutus.
510 1724 571 1758 Quo
595 1725 680 1758 edito,
702 1732 755 1752 non
779 1725 836 1760 jam
865 1726 1002 1753 Abraham
1030 1734 1045 1754 a

255 1769 311 1797 Deo
326 1769 442 1803 audivit,
470 1770 542 1804 quod
566 1770 599 1798 de
621 1770 738 1799 Ismaele
760 1771 925 1799 ﬁrmandum
952 1779 1044 1800 secum

251 1816 343 1845 foedus
371 1817 501 1845 duratura
524 1816 583 1852 ejus
608 1818 786 1853 posteritate;
815 1821 861 1847 sed
887 1825 990 1855 patrem
1016 1828 1046 1849 se

252 1865 400 1890 multarum
419 1864 541 1898 gentium
557 1863 683 1893 etl‘ectum
703 1865 747 1898 iri,
764 1865 866 1900 ingenti
883 1865 983 1894 sobolis
1001 1867 1045 1895 in-

252 1914 395 1938 cremento
409 1914 531 1944 auctum,
554 1910 641 1938 imdus
659 1916 749 1939 autem
769 1920 831 1940 cum
852 1913 946 1941 Isaaco
965 1919 1045 1941 teter-

254 1963 318 1982 num
337 1955 531 1990 paciscendum
545 1955 579 1983 ⁸³.
601 1966 609 1982 ι
632 1956 736 1984 Videtis
754 1956 904 1993 Synagogas
928 1959 1044 1996 abroga-

252 2002 365 2033 tionem,
378 2009 410 2029 ac
428 2001 489 2028 novi
503 2002 593 2036 populi
611 1999 834 2036 perpetuitatem.
855 2004 907 2032 Sed
934 2005 988 2040 iam
1009 2007 1043 2034 ad

251 2047 401 2074 Abrahami
417 2055 527 2082 quoque
540 2048 754 2076 itmnolatiOnem
770 2049 863 2078 oculos
879 2050 1042 2084 referamus,

250 2098 278 2121 et
294 2093 414 2121 Isaaeum
431 2094 571 2121 videamus
592 2094 726 2123 Dominici
745 2096 871 2131 supplicii
888 2098 1042 2133 exemplum

251 2145 402 2174 gerentem.
427 2139 495 2166 Nam
522 2145 552 2167 ut
577 2140 750 2170 Abrahanius
774 2143 821 2170 Dei
843 2143 933 2171 studio
949 2149 1042 2172 natum

249 2185 426 2218 condonavit,
444 2185 480 2213 ita
496 2191 522 2213 et
537 2185 610 2214 Deus
623 2194 673 2222 pro
688 2195 793 2215 sttmma
810 2196 858 2216 sua
872 2189 1042 2218 humanitate

1104 933 1249 968 collegium
1275 935 1395 962 concivit
1418 945 1425 963 :
1452 935 1637 970 adhibitisque
1661 936 1766 964 duobus
1792 937 1897 970 pueris.

1104 981 1210 1009 duobus
1227 989 1274 1009 seu
1290 983 1407 1017 populis,
1423 991 1472 1010 seu
1490 983 1609 1018 regibus,
1627 983 1714 1011 Pilato
1739 989 1766 1011 et
1789 983 1898 1012 Herode

1103 1027 1214 1063 (pueros
1231 1029 1305 1056 enim
1322 1037 1407 1057 sacrae
1427 1029 1540 1057 Litterae
1559 1030 1702 1064 imperitos
1725 1037 1826 1058 vocare
1854 1038 1899 1058 so-

1103 1075 1169 1110 lent)
1189 1079 1215 1102 et
1231 1075 1326 1103 Isaaco
1342 1076 1408 1109 ﬁlio,
1430 1076 1579 1111 profectus,
1607 1077 1689 1104 tertio
1714 1082 1775 1112 post
1800 1077 1846 1105 die
1863 1077 1896 1105 ad

1102 1121 1203 1154 locum,
1220 1130 1300 1158 quem
1315 1123 1340 1150 ei
1356 1123 1465 1151 dixerat
1481 1124 1562 1157 Deus,
1582 1124 1714 1158 pervenit.
1738 1123 1806 1151 Nam
1832 1125 1894 1159 quia

1102 1174 1155 1195 non
1180 1174 1238 1195 erat
1263 1169 1416 1196 moriturus
1442 1168 1519 1197 Isaac
1547 1169 1645 1196 itinere
1670 1169 1807 1202 iaciendo,
1835 1174 1896 1204 post

1101 1214 1222 1242 triduum
1240 1215 1469 1243 resurrectionem
1491 1216 1668 1251 signiﬁcavit.
1691 1215 1815 1243 Sublatis
1830 1223 1896 1243 ocu-

1101 1262 1152 1293 Iis,
1178 1262 1316 1289 Abraham
1347 1262 1436 1289 locum
1467 1262 1562 1297 procul
1591 1262 1829 1295 animadvertetis;
1868 1267 1896 1289 et

1101 1316 1176 1336 meus
1200 1308 1280 1336 Jesus
1304 1309 1468 1343 supplicium
1494 1316 1572 1336 suum
1594 1310 1628 1336 ab
1642 1309 1715 1335 omni
1740 1309 1896 1336 aeternitate

1099 1355 1255 1388 dedicavit;
1274 1356 1383 1383 famulis
1396 1355 1484 1391 jubet,
1504 1360 1534 1382 ιιι
1555 1356 1592 1383 ibi
1608 1363 1668 1383 cum
1687 1356 1764 1382 asino
1782 1359 1894 1389 praesto-

1099 1401 1202 1434 lentur,
1221 1401 1284 1429 dutn
1303 1401 1361 1436 ipse
1376 1407 1403 1429 et
1417 1410 1486 1436 puer
1501 1402 1548 1429 illo
1564 1405 1640 1429 eant.
1667 1401 1762 1429 Itidem
1785 1407 1813 1429 et
1837 1401 1893 1429 suis

1099 1447 1242 1482 discipulis
1266 1455 1344 1474 meus
1370 1447 1497 1475 Salvator
1523 1452 1604 1484 atque
1627 1447 1698 1475 Deus
1715 1448 1776 1475 ait:
1794 1457 1804 1474 ι
1824 1448 1893 1475 Ecce

1099 1495 1174 1522 venit
1200 1495 1279 1527 hora,
1305 1494 1399 1529 etiam
1426 1495 1512 1527 venit,
1533 1499 1563 1522 ut
1583 1495 1778 1530 dispergamiui
1806 1503 1892 1521 unus-

1099 1540 1216 1574 quisque
1241 1540 1268 1567 in
1291 1541 1418 1575 propria;
1437 1545 1465 1567 et
1489 1547 1534 1567 me
1559 1540 1647 1567 solum
1665 1540 1851 1575 relinquatis:
1867 1545 1895 1567 et

1099 1593 1152 1613 non
1179 1594 1239 1614 sum
1266 1586 1350 1618 solus,
1367 1586 1429 1621 quia
1455 1585 1537 1613 Pater
1563 1593 1669 1613 mecum
1692 1590 1731 1614 est
1746 1586 1781 1612 ³⁷.
1804 1595 1814 1612 ι
1833 1585 1887 1613 Sed

1099 1639 1228 1669 tanquam
1256 1632 1412 1668 propheta.
1438 1632 1495 1659 illic
1521 1632 1683 1659 Abraham:
1709 1640 1718 1656 ι
1739 1631 1891 1666 Postquam

1098 1679 1314 1713 adoraverimus,
1337 1683 1509 1706 revertemur
1524 1678 1558 1705 ad
1574 1686 1622 1706 vos
1635 1677 1668 1705 ".
1688 1687 1697 1703 ι
1714 1677 1764 1705 llic
1783 1678 1893 1705 animo-

1099 1734 1159 1753 I'IIIII
1178 1729 1340 1761 perspector
1355 1733 1363 1752 Ζ
1381 1733 1391 1750 ί
1409 1724 1558 1759 Postquam
1579 1730 1770 1755 I’CSUI'I'CXOI'O,
1789 1730 1893 1758 praece-

1097 1773 1159 1800 dam
1177 1779 1224 1799 vos
1239 1772 1267 1799 in
1282 1771 1422 1799 Galilaeam
1435 1771 1469 1798 ".
1486 1780 1495 1796 ι
1519 1771 1608 1804 Atque
1634 1770 1670 1797 ita
1691 1770 1800 1804 quidem
1826 1770 1893 1797 Ser-

1096 1822 1187 1846 vator.
1205 1817 1343 1845 Abraham
1358 1824 1422 1844 vero
1435 1815 1633 1844 sacriﬁcalibus
1645 1815 1726 1849 lignis
1740 1815 1817 1842 Isaac
1836 1815 1892 1842 ﬁlio

1097 1873 1148 1893 suo
1163 1864 1297 1900 impositis
1311 1872 1318 1897 ;
1337 1868 1395 1891 erat
1408 1863 1481 1890 enim
1494 1863 1581 1890 dulcis
1595 1861 1673 1889 Jesus
1685 1869 1764 1889 suam
1778 1870 1892 1890 crucem

1096 1916 1273 1947 portaturus;
1292 1910 1350 1945 ipse
1370 1910 1459 1944 ignem
1486 1909 1593 1937 ferebat
1619 1916 1719 1941 manu;
1744 1908 1891 1942 conjuncta

1096 1957 1167 1985 enim
1182 1956 1345 1984 humanitati
1361 1956 1490 1983 divinitas
1511 1955 1586 1988 ibat;
1605 1955 1724 1990 gladium
1745 1962 1813 1982 vero
1830 1962 1891 1989 por-

1097 2005 1200 2031 tabat:
1229 2012 1238 2029 ι
1261 2002 1329 2036 Quia
1360 2010 1431 2030 unus
1461 2002 1578 2029 militum
1610 2002 1704 2029 lancea
1734 2001 1808 2029 latus
1831 2001 1892 2036 ejus

1096 2049 1250 2085 aperuit“.
1271 2057 1280 2074 ›
1300 2048 1333 2075 Ει
1357 2048 1506 2084 pergebant
1523 2048 1580 2074 duo
1602 2046 1702 2077 simul;
1724 2046 1813 2073 ambat
1839 2053 1888 2073 na-

1096 2101 1163 2124 turae
1187 2094 1297 2123 in‘una
1324 2094 1426 2122 Christi
1449 2101 1586 2129 persona;
1613 2092 1794 2127 manebatque
1819 2092 1890 2119 divi-

1094 2143 1166 2170 nitas
1192 2140 1316 2177 corporis
1343 2140 1478 2173 eﬁ‘ectrix,
1507 2139 1618 2166 immota
1635 2138 1755 2173 penitus,
1776 2142 1805 2165 et
1831 2138 1891 2165 sine

1094 2189 1191 2216 aﬁectu
1203 2198 1210 2222 ;
1223 2187 1449 2223 quemadmodum
1463 2191 1490 2214 et
1501 2185 1650 2217 Abraham,
1665 2184 1752 2212 Isaaci
1767 2191 1890 2218 parens;

249 2236 332 2266 atque
349 2230 538 2259 benevolentia
564 2239 627 2266 pro-
642 2232 720 2259 nobis
738 2232 929 2261 charissimum
943 2234 1040 2262 Filium
1060 2247 1082 2275 ι)
1098 2235 1175 2264 Isaac
1199 2242 1264 2262 vero
1290 2233 1397 2268 parenti
1425 2233 1587 2267 suggerebat
1611 2239 1645 2258 ει
1671 2230 1742 2258 Ecce
1768 2229 1841 2265 ignis
1866 2235 1894 2257 ct

249 2277 282 2303 ad
313 2284 415 2307 necem,
440 2278 549 2305 obtulit.
580 2278 638 2306 Illic
665 2279 823 2308 Abrahamo
847 2281 925 2315 jubet
949 2280 1042 2309 Deus:

252 2332 261 2348 t
280 2322 357 2349 Tolle
373 2323 460 2350 ﬁlium
478 2327 555 2351 tuttm
575 2325 755 2360 unigenitum,
772 2333 852 2360 quem
869 2326 958 2361 diligis
974 2327 1041 2363 (15),

250 2368 325 2396 Isaac
338 2369 371 2397 ".
390 2379 399 2395 ›
419 2369 511 2405 Neque
542 2371 614 2398 enim
632 2376 734 2399 temere
751 2371 825 2399 illum
843 2373 974 2401 amabas:
995 2374 1042 2401 sed

249 2416 295 2451 qui
312 2423 406 2443 amore
423 2415 521 2450 dignus
537 2421 607 2449 erat,
626 2416 675 2444 abs
702 2421 728 2444 te
754 2425 862 2452 quoque
887 2419 1040 2447 amabatur.

249 2462 299 2490 llic
313 2462 438 2498 opiﬁcem
457 2469 545 2489 tneutn
564 2462 716 2494 Christum,
734 2463 793 2498 ipse
807 2465 939 2498 assumpti
957 2464 1039 2497 Dens,

249 2514 331 2543 atque
350 2508 420 2535 idem
438 2507 586 2536 secundum
608 2508 776 2536 divinitatem
792 2510 851 2543 ejus
866 2510 958 2542 Pater.
975 2518 1041 2538 con-

249 2557 366 2580 testatur
380 2553 575 2581 charissimum
593 2561 670 2581 suum
685 2562 747 2582 esse
764 2554 862 2582 Filium
877 2564 884 2582 :
904 2565 914 2581 ‹
936 2556 983 2583 llic
999 2562 1041 2584 est

250 2598 334 2625 Filius
353 2606 430 2625 meus
448 2598 578 2633 dilectus,
604 2599 629 2626 in
647 2608 700 2634 quo
721 2601 786 2627 mihi
811 2602 962 2636 complacui
976 2603 1008 2631 ".
1029 2612 1037 2628 ι

249 2644 307 2672 Non
325 2644 452 2678 delector,
481 2645 579 2680 inquit,
606 2646 666 2673 Filii
688 2655 765 2680 nece,
792 2648 840 2675 sed
865 2649 1042 2682 quantumvis

1099 2283 1187 2317 ligna:
1212 2281 1256 2309 tibi
1281 2285 1323 2308 est
1347 2280 1458 2307 victima
1484 2277 1693 2306 holocausti"?
1710 2286 1720 2303 ι
1745 2277 1891 2308 Servator,

1097 2329 1190 2356 itidem
1216 2327 1350 2362 passionis
1372 2331 1516 2361 tempore:
1535 2335 1544 2351 ι
1564 2324 1643 2352 Pater
1661 2324 1708 2355 uti.
1735 2323 1843 2358 inquit,
1869 2323 1891 2349 si

1096 2374 1226 2410 possibile
1250 2378 1310 2405 est,
1337 2378 1461 2400 transeat
1484 2379 1498 2398 a
1519 2378 1561 2398 me
1586 2370 1656 2398 calix
1680 2370 1752 2402 iste;
1770 2368 1890 2404 Spiritus

1095 2421 1204 2455 quidem
1219 2423 1360 2455 promptus
1374 2422 1433 2450 est,
1459 2425 1524 2444 caro
1540 2421 1630 2444 autem
1648 2414 1756 2442 inﬁrma
1769 2414 1804 2441 ".
1821 2423 1832 2440 ι

1378 2484 1493 2514 CAPUT
1520 2483 1601 2512 XVII.

1144 2545 1224 2573 Isaae
1238 2543 1416 2571 immolandas
1434 2541 1535 2570 Christi
1553 2539 1676 2573 cruciﬁxi
1691 2545 1770 2574 typus
1789 2544 1840 2566 cu.

1132 2601 1271 2637 Progressi
1285 2605 1374 2627 autem
1390 2599 1487 2631 ambo;
1506 2598 1531 2625 id
1546 2601 1599 2630 est,
1617 2597 1687 2624 Deus
1702 2597 1783 2623 homo
1796 2595 1888 2630 Jesus,

1097 2650 1123 2677 in
1141 2649 1228 2676 locum
1243 2650 1434 2683 pervenerunt,
1449 2645 1554 2672 scilicet
1574 2643 1718 2678 Colgotha.
1735 2643 1827 2677 Atque
1853 2644 1888 2670 ibi

283 2734 305 2748 ’⁷
327 2733 394 2760 Gen.
413 2742 469 2765 ut,
490 2734 533 2760 ΞΟ.
574 2734 597 2750 ’⁸
615 2735 683 2763 Gen.
697 2723 761 2762 xvttt
778 2755 786 2767 .
808 2736 852 2762 II.
890 2737 912 2752 "
933 2736 998 2763 Gen.
1019 2745 1047 2764 xv

1114 2737 1156 2763 13.
1195 2736 1218 2752 ³⁸
1239 2735 1306 2764 Luc.
1324 2743 1343 2763 ι.
1362 2734 1406 2763 57.
1445 2734 1466 2749 ³¹
1487 2733 1554 2761 Cen.
1594 2740 1672 2762 xvtu.
1695 2732 1737 2759 IO.
1777 2732 1801 2748 "
1822 2731 1886 2760 Luc.

248 2775 273 2798 Ι.
296 2769 342 2796 ὅῖὶ.

250 2803 272 2818 ³⁵⁸
293 2803 358 2830 Gen.
384 2811 459 2836 χχιι,
484 2805 511 2831 5.

248 2845 312 2865 xxvx
322 2857 329 2870 ,
347 2839 392 2866 59.

396 2769 417 2784 ³³
437 2769 504 2806 Cen.
528 2777 594 2802 xvii,
615 2770 632 2797 5
658 2779 732 2806 seqq.

783 2771 807 2786 ἰ
827 2771 893 2798 Gen.
915 2779 981 2802 χχιι,
1003 2772 1030 2798 8.
1062 2773 1083 2788 ⁵⁸
1096 2772 1189 2799 Matth.
1210 2779 1248 2804 tu,
1272 2771 1315 2797 l7.
1341 2769 1363 2785 ³⁵
1383 2769 1452 2796 Gen.
1475 2777 1540 2800 xxtt,
1556 2769 1583 2795 '2.

546 2806 568 2822 δν
589 2806 684 2834 Matth.
705 2814 779 2839 ant,
805 2807 857 2839 52;
879 2807 960 2834 illanc.
979 2815 1034 2839 xw,
1066 2807 1111 2834 2i“.

1625 2769 1646 2784 ³⁷
1668 2767 1746 2795 Joau.
1764 2775 1823 2801 XVI,
1841 2769 1890 2796 52.

1151 2807 1173 2822 ‘°
1193 2807 1270 2834 Joau.
1295 2814 1351 2839 xix,
1372 2805 1416 2832 54.
1455 2804 1476 2821 ⁸³
1498 2804 1565 2832 Gen.
1589 2811 1658 2836 xxu,
1683 2803 1708 2831 7.
1747 2803 1770 2818 "
1787 2803 1890 2833 Matth.

286 2908 342 2942 (l5)
366 2907 437 2936 LXX
459 2909 614 2944 ἠγάπησας,
634 2912 666 2938 ad
688 2910 759 2946 quod
783 2911 874 2940 forsan
897 2911 988 2941 alludit
1008 2913 1034 2940 in
1055 2919 1131 2946 seqq.
