1955 3080
91 130 150 161 εὲι

640 129 834 160 DIAIOGUS
857 127 1007 158 CONTRA
1028 130 1197 161 JUDAEOS.

1679 128 1735 159 8:22

94 190 242 217 Atii-aliain
265 190 403 217 exstruxit
431 197 525 222 arani;
555 190 595 217 uti
612 191 893 219 cthiclithostrotos.

956 194 1130 224 iet-speclum,
1149 191 1378 225 quemadmodum
1396 198 1428 217 ex
1445 197 1491 217 sua
1511 189 1575 216 oliin
1593 189 1676 224 stirpe
1690 198 1737 224 per

93 235 248 262 ll‘tllllllillls
271 235 348 263 locus
370 235 461 269 lapide
476 241 656 271 praestructus
673 238 781 268 fuerat;
805 238 894 271 impo-

94 283 219 316 sitisqtte
236 282 332 317 lignis;
348 283 387 309 sic
412 282 485 310 enim
511 287 538 310 et
564 283 590 309 in
618 273 745 311 Caivaria'
760 292 826 310 crux
854 287 894 311 est

94 328 210 362 deﬁxa;
236 328 311 356 Isaac
339 328 423 356 ﬁlium
453 336 532 356 suum
558 330 758 364 constringens,
789 330 814 357 id
841 335 894 362 est,

96 375 232 402 Christus
258 375 290 402 ad
318 377 461 410 tegendam
487 376 660 404 divinitatem
687 384 803 410 corpore
827 376 896 403 ami-

96 426 182 453 ctus;
201 421 281 455 lignis
295 421 320 448 in
331 429 377 449 ara
391 423 564 457 superponit;
586 431 620 450 eo
635 423 707 457 quod
727 423 753 450 in
770 423 850 458 ligno,
879 430 896 450 o

99 467 266 494 miraculum
284 468 290 494 !
313 468 491 502 suspenditur
511 469 564 502 ille,
582 469 627 504 qui
639 469 771 496 Adanium
793 469 896 503 lapsum

100 521 153 546 per
179 513 279 547 lignum
296 519 357 541 erat
380 515 555 543 resiituturus
566 537 573 549 ,
589 522 616 544 et
629 516 674 551 qui
691 516 716 543 in
731 524 793 543 arca
809 516 896 550 lignea

101 558 162 586 Nnc
179 563 281 586 tutatus
299 560 399 588 fuerat.
420 560 522 588 Deinde
542 561 614 589 ferro
631 569 740 589 manum
760 562 894 593 admovet,

103 606 140 633 ad
160 606 244 632 ﬁlium
264 613 343 633 suum
371 607 565 634 immolandum
584 616 591 634 :
608 615 669 634 nam
699 608 742 635 his
769 609 897 635 omnibus

101 651 250 686 patrandis
267 652 404 679 Abraham
426 653 631 688 inaspectabilis
648 653 737 680 Patris
753 655 786 681 de
802 654 897 687 unige-

102 699 165 724 nito
191 697 262 726 Filio
288 698 427 725 decretum
454 703 536 733 atque
560 700 729 727 voluntatem
755 700 894 727 ostendit:

106 752 116 768 ι
140 741 172 769 Ει
186 750 251 770 ecce
265 743 377 776 angelus
394 743 499 770 Domini
516 744 549 771 de
563 744 633 772 cmlo
647 745 775 772 clamavit
786 745 896 777 dicens;

105 789 257 820 Abraham,
285 789 432 816 Abraham.
462 788 512 822 Qui
538 791 676 825 respondit
694 799 700 817 :
717 791 818 818 Adsum
832 791 866 818 ⁸³.
885 800 895 816 i

106 831 158 861 Hic
182 834 292 868 angelus
316 843 330 862 e
355 835 424 862 coelo
440 843 500 863 cum
516 836 653 864 Abraham
679 838 896 872 sermocinatur;

107 881 133 907 in
164 880 305 909 Dominiro
333 882 480 930 supplicio}
509 885 598 919 magni
623 885 731 913 consilii
760 886 898 921 Angelus,

110 926 193 953 Deum
220 931 248 954 et
273 926 379 954 Patrem
410 926 566 957 inclamavit
585 939 592 957 :
609 940 618 957 ι
637 931 693 963 Eli,
712 931 772 965 Eli,
799 932 900 960 lamina

107 973 275 1001 sabactani?
294 975 344 1002 hoc
359 979 418 1008 est;
438 975 508 1003 Deus
533 984 623 1009 mens,
651 978 720 1006 Dcus
747 986 842 1013 meus,
871 984 900 1007 ut

107 1020 173 1053 quid
192 1021 360 1056 dereliquisti
377 1029 420 1050 me
430 1022 475 1049 “i
490 1033 499 1049 ι
517 1023 550 1051 Ει
563 1024 681 1060 Angelus
694 1026 727 1053 ad
740 1026 877 1054 Abraham
891 1035 898 1054 :

111 1075 120 1091 ι
141 1066 199 1093 Non
214 1068 347 1095 extendas
362 1076 473 1096 manum
491 1074 563 1097 tuam
580 1079 663 1105 super
675 1079 799 1106 puerum,
814 1081 901 1108 neque

109 1112 196 1140 facias
221 1114 259 1141 illi
285 1115 450 1150 quidquam;
478 1125 552 1146 nunc
571 1119 695 1153 cognovi,
722 1121 793 1155 quod
821 1121 901 1149 times

109 1161 195 1188 Deum
208 1161 241 1188 “.
262 1172 271 1187 ι
289 1162 333 1189 Ait
348 1170 413 1190 vero
428 1172 435 1190 :
453 1173 461 1190 ι
482 1164 559 1192 Nunc
584 1166 697 1200 cognovi
709 1188 716 1200 ,
732 1176 741 1193 ι
768 1175 817 1202 pro
836 1167 899 1201 illo,

113 1207 310 1236 demonstrasti
339 1209 394 1243 jam
421 1210 509 1238 milii:
530 1219 582 1239 non
609 1213 680 1240 enim
703 1214 816 1247 ignarus
842 1218 901 1242 erat

111 1253 264 1282 Dominus:
289 1264 298 1281 ι
316 1257 350 1283 Ει
368 1264 420 1284 non
447 1259 591 1293 pepercisti
613 1260 751 1295 utiigenito
777 1261 833 1289 ﬁlio
856 1267 902 1290 tuo

111 1306 223 1335 propter
239 1310 291 1329 me.
309 1312 319 1328 ›
337 1303 421 1338 Igitur
434 1304 573 1332 Abraham
590 1307 734 1334 iiiactando
753 1307 808 1335 ﬁlio
823 1315 900 1336 suam

109 1354 177 1380 erga
196 1346 279 1374 Deum
297 1348 500 1377 observantiam
521 1353 640 1380 ostendit
656 1361 663 1380 :
680 1353 723 1381 ille
739 1361 803 1382 vero
825 1355 903 1382 Anti-

110 1399 183 1426 quus
199 1392 304 1420 dierum
318 1394 341 1410 ⁵⁸
359 1394 429 1421 Deus
452 1403 517 1431 erga
543 1396 667 1425 homines
682 1406 801 1428 amorem
823 1407 901 1428 suum

111 1439 239 1473 probavit
255 1439 421 1469 immolando
435 1441 577 1478 unigenito
592 1443 673 1472 Filio.

393 1510 508 1538 CAPUT
528 1511 621 1540 XVIII.

147 1567 223 1594 Aries
237 1575 296 1594 cum
313 1567 437 1596 cornibus
456 1569 526 1597 inter
542 1578 632 1606 vepres
649 1571 712 1605 quid
727 1573 868 1606 signiﬁcet.

147 1625 216 1663 :l‘um
245 1625 417 1652 Abi-aluimus
441 1627 540 1653 erectis
564 1627 651 1654 oculis
675 1635 745 1662 pone
766 1629 906 1662 conspexit

113 1671 238 1698 arietem.
264 1671 342 1698 Aries
368 1672 412 1699 hic
429 1673 504 1699 verbi
528 1678 698 1708 assumptum
726 1674 905 1709 intelligatur.

113 1717 182 1744 Nam
199 1717 232 1744 de
247 1725 278 1744 eo
293 1717 334 1744 sic
350 1719 438 1752 prodit
455 1719 540 1746 Isaias
556 1728 562 1745 :
582 1728 590 1745 ι
609 1719 685 1746 Sicut
707 1721 765 1747 ovis
785 1722 817 1747 ad
834 1721 907 1749 occi-

114 1764 219 1791 sionem
246 1765 360 1791 ducetur
372 1765 406 1791 λ’.
426 1773 436 1791 i
466 1764 617 1793 Haerentem
643 1767 781 1800 cornibus,
807 1768 832 1794 id
854 1771 906 1801 est,

113 1811 187 1837 cruci
216 1810 335 1843 alﬁxum,
364 1810 390 1837 in
418 1810 515 1838 frutice
563 1811 661 1845 Sabcc,
686 1813 756 1846 quod
797 1819 838 1841 est
864 1821 908 1840 rc-

120 1857 242 1884 iuissio:
268 1857 339 1890 apud
365 1856 493 1885 Hebrteos
522 1859 594 1885 enim
621 1857 709 1886 Sabec
729 1860 907 1887 remissionem

114 1905 191 1926 notat
209 1908 217 1927 ε
234 1908 431 1935 aggressusque
448 1901 599 1935 Abraham,
621 1903 646 1929 id
672 1909 724 1936 est,
752 1905 908 1940 unigenitus

117 1945 164 1972 Dei
181 1945 274 1978 Filius,
293 1947 520 1981 comprehensum
537 1948 660 1981 arietem,
686 1950 711 1977 id
734 1955 785 1982 est,
802 1959 908 1978 assum-

117 1997 193 2026 ptum
223 2000 321 2027 corpiis
345 1994 372 2020 in
403 1993 590 2022 holocaustum
616 1996 732 2030 obtulit;
759 1998 907 2032 supplicio,

116 2043 192 2074 puta,
212 2039 322 2074 obiecit,
336 2048 385 2075 pro
401 2040 466 2072 ﬁlio,
479 2040 584 2068 Adamo
600 2041 705 2069 scilicet
721 2042 806 2077 lapso.
822 2045 909 2079 Atque

119 2085 171 2112 ista
188 2093 252 2112 vera
274 2094 343 2118 esse,
357 2087 449 2114 audite
461 2094 522 2113 cum
540 2088 694 2115 Ahraliamo
709 2089 908 2124 colloquentem

120 2132 202 2158 Deum
219 2140 225 2158 ε
246 2141 255 2157 ι
277 2131 328 2159 Per
361 2133 549 2167 niemetipsum
561 2133 662 2167 juravi,
679 2134 745 2161 dicit
759 2135 908 2164 Dominus:

118 2178 183 2212 quia
203 2178 292 2205 fecisti
315 2179 386 2206 hanc
406 2186 473 2210 rem,
497 2183 595 2206 etnon
620 2181 765 2215 pepercisti
790 2181 844 2208 ﬁlio
865 2188 910 2209 tuo

119 2226 261 2261 unigenito
281 2231 391 2260 propter
414 2234 476 2253 inc:
496 2226 654 2254 benedit-am
681 2228 740 2259 tibi,
765 2233 792 2256 et
817 2229 909 2256 inuiti-

118 2273 226 2307 plieaho
251 2279 343 2300 semen
371 2278 446 2300 tuitui
459 2273 492 2301 ".
512 2283 521 2300 ι
544 2273 577 2300 Ει
593 2279 652 2309 post
668 2282 752 2309 pauca
771 2284 777 2302 :
796 2285 805 2301 ‹
824 2275 910 2303 Bene-

118 2319 247 2346 direntur
263 2319 291 2346 in
308 2320 413 2347 semine
439 2324 485 2347 tuo
511 2328 605 2348 omnes
631 2325 724 2356 gentes
752 2327 831 2350 terrae
844 2323 877 2350 ".
898 2333 907 2349 ι

119 2365 241 2398 Quorum
258 2365 403 2392 verborum
423 2366 480 2393 hmc
499 2371 543 2393 est
558 2367 692 2393 sententia
714 2379 720 2394 :
738 2367 778 2394 Ex
801 2368 837 2395 tui
863 2369 910 2396 lilii

121 2411 290 2444 posteritate,
308 2410 415 2438 scilicet
438 2410 524 2443 Isaac,
545 2411 591 2445 qtti
609 2411 659 2438 mei
679 2411 739 2439 Filii
758 2417 798 2440 est
820 2418 910 2448 typus,

120 2461 198 2481 meus
220 2461 317 2482 natura
345 2456 411 2483 milii
437 2456 600 2491 coniunctus
617 2457 702 2485 Filius
717 2458 846 2492 prodibit,
863 2467 911 2494 per

120 2507 199 2534 quem
214 2508 310 2528 omnes
328 2503 402 2529 orbis
422 2507 554 2530 terrarum
574 2508 668 2538 gentes
692 2505 909 2539 sospitabuntur.

122 2546 307 2574 Abrahainum
340 2556 406 2576 vero
433 2551 594 2578 teconomize
622 2559 753 2579 arcanum
782 2553 911 2581 habuisse

157 2663 179 2679 "
198 2663 266 2690 Gen.
286 2672 351 2694 χχιι,
379 2665 419 2692 ll.
456 2665 479 2681 “
500 2665 592 2692 Matth.
613 2674 696 2698 xxv”,
713 2667 757 2693 ιϐ.

124 2706 191 2726 xxn.
212 2699 255 2725 16.
293 2699 316 2714 "
337 2700 400 2726 ibid.
420 2701 462 2727 l8.
501 2701 524 2715 Μ’
541 2701 609 2728 Gen.
632 2710 703 2732 xxtv,
725 2702 751 2730 4.

123 2733 146 2750 ’⁵
164 2734 232 2760 Gen.
255 2742 316 2767 xxv,
336 2736 381 2763 “25.
420 2737 442 2752 ⁵⁵
464 2736 472 2762 I
496 2735 560 2771 Reg.
581 2745 610 2768 ti,
631 2737 675 2770 55,
697 2738 742 2766 56.

796 2667 819 2683 δ’
840 2667 906 2695 Gen.
930 2676 994 2699 xxn,
1013 2667 1054 2693 1‘2.

797 2703 819 2718 “
839 2702 907 2729 Gt-ii.
929 2711 991 2733 xxii,
1011 2703 1058 2729 ‘2".

781 2738 804 2753 "
824 2737 896 2764 l’sal.
917 2745 1033 2769 anxtti,
1057 2737 1099 2763 ll.

949 235 1024 262 Isaac
1041 241 1068 263 et
1090 235 1174 262 Jacob
1194 235 1242 262 Dei
1270 235 1355 263 Filius
1374 235 1558 263 iucarnaudus
1578 239 1660 268 esset,
1678 236 1738 262 cvi.

949 283 1015 308 deus
1031 285 1072 309 cst
1089 289 1121 308 ex
1137 288 1168 308 eo
1190 281 1260 315 quod
1276 281 1317 308 sui
1337 281 1444 316 generis
1462 289 1560 309 uxores
1578 282 1736 309 asciverint.

949 327 1016 355 Nam
1048 327 1103 362 ipse
1132 332 1241 361 accepta
1271 334 1318 354 sua
1339 328 1539 362 consanguinea
1552 329 1585 361 "’,
1614 327 1739 355 lsaacuni

950 381 1057 410 quoque
1075 374 1200 408 accipere
1217 374 1343 409 permisit
1355 375 1389 406 ",
1406 375 1517 409 parique
1533 375 1611 402 modo
1629 375 1738 401 Isaacus

949 421 1080 450 Jacohum
1094 422 1130 454 “;
1155 421 1202 449 sed
1222 421 1376 449 Rebeccam
1396 421 1480 448 ii.isso
1504 428 1582 448 servo
1596 421 1737 456 conjugem

951 468 1080 502 petiit";
1098 468 1134 495 ita
1149 469 1222 495 enim
1241 473 1267 495 et
1288 468 1359 496 Deus
1376 475 1423 502 per
1449 467 1541 494 Mosen
1569 467 1738 502 Synagogam

942 515 1123 553 instauravit.
1143 513 1286 546 «Iacobum,
1303 514 1350 549 qui
1371 513 1472 541 Christi
1492 513 1644 547 exemplum
1667 513 1740 541 fere-

952 560 1016 593 bat,
1034 561 1066 587 ad
1084 567 1148 588 suos
1164 561 1280 595 gentiles
1297 560 1373 588 Isaac
1388 560 1514 594 privatim
1533 559 1655 589 dimisit,
1673 560 1740 586 duas

952 607 1015 634 inde
1045 615 1144 634 uxores
1169 608 1275 635 duriter
1300 612 1327 634 ct
1342 607 1477 634 labttriose
1494 611 1522 632 ut
1546 606 1597 633 sibi
1617 606 1739 632 duceret.

951 655 1045 683 ltidein
1057 659 1083 682 et
1099 654 1181 682 Pater
1196 655 1229 682 ab
1244 655 1318 681 omni
1332 654 1484 682 aeternitate
1505 653 1649 687 linigenam
1663 659 1740 678 suum

951 701 1049 729 Filium
1061 701 1095 728 ad
1108 704 1262 727 creaturam
1276 707 1364 732 suam,
1379 699 1404 726 id
1420 704 1462 726 est
1475 699 1609 730 homines,
1627 697 1740 728 dimisit,

952 754 981 775 iit
1000 747 1063 776 inde
1078 755 1188 775 carnem
1208 754 1362 778 assumens,
1381 753 1429 780 per
1443 745 1621 780 supplicium,
1640 750 1667 771 et
1689 744 1747 770 Do-'

953 793 1052 821 miuica
1071 792 1203 820 miracnla
1227 791 1295 819 duas
1317 790 1453 819 Ecclesias
1468 791 1540 818 velut
1563 795 1675 824 nuptum
1695 796 1743 817 ac-

953 841 1063 874 ciperei.

1242 885 1358 914 CAPUT
1379 880 1459 913 XIX.‘

1129 934 1302 967 Comporatia
1321 933 1414 960 Jacobi
1435 936 1459 959 et
1482 931 1564 958 Esau.

988 980 1064 1014 Quod
1081 981 1117 1008 ita
1136 988 1163 1007 se
1181 981 1293 1012 habere,
1309 979 1402 1006 audite
1420 977 1465 1004 Dei
1483 977 1515 1004 ad
1533 976 1682 1004 Rebeccam
1702 983 1745 1002 re-

952 1035 1080 1062 sponsum
1096 1036 1103 1054 :
1124 1036 1133 1053 ‹
1155 1027 1218 1054 Duae
1233 1030 1326 1061 gentes
1353 1030 1417 1052 sunt
1434 1025 1459 1051 in
1478 1029 1555 1051 utero
1572 1028 1616 1050 tuo
1636 1026 1663 1049 et
1684 1022 1735 1048 duo

953 1074 1043 1109 pupilli
1064 1081 1097 1100 ex
1117 1078 1212 1100 ventre
1229 1078 1279 1100 tuo
1296 1066 1493 1103 dividentur,»
1512 1069 1616 1096 scilicet
1637 1067 1745 1096 .ludaeo-

953 1128 1011 1147 rum
1028 1127 1109 1152 unus,
1124 1119 1194 1146 alter
1210 1122 1386 1151 exterorum;
1404 1126 1412 1143 ι
1431 1117 1600 1152 populusque
1616 1115 1745 1149 populum

952 1166 1101 1202 superabit,
1116 1171 1143 1193 et
1156 1166 1243 1201 major
1254 1165 1357 1194 serviet
1372 1164 1473 1192 minori
1488 1164 1522 1190 ⁸⁵.
1541 1172 1550 1188 i
1567 1162 1619 1195 Qui
1638 1168 1667 1188 se
1681 1165 1746 1188 natu

953 1216 1086 1250 majorem
1102 1214 1207 1249 jactat,
1232 1213 1312 1241 alteri
1335 1217 1396 1248 post
1421 1217 1486 1239 nato
1510 1210 1628 1242 serviet;
1653 1208 1679 1236 id
1694 1211 1745 1239 est,

953 1261 1065 1289 Judaica
1085 1268 1150 1296 gens
1168 1260 1297 1287 Ecclesiae
1310 1266 1341 1286 ex
1357 1258 1484 1293 gentibus
1499 1256 1621 1284 collectm
1634 1254 1745 1281 serviet.

954 1309 1042 1344 Atque
1059 1309 1084 1336 id
1103 1313 1129 1335 et
1146 1307 1192 1335 Dei
1204 1306 1318 1342 angelus
1330 1305 1387 1341 (16)
1401 1305 1444 1332 his
1459 1304 1493 1332 ad
1510 1303 1566 1330 llcli
1589 1301 1748 1337 pontiﬁcem

953 1355 1046 1384 verbis
1062 1354 1206 1381 conﬁrmat
1221 1362 1228 1380 :
1245 1352 1283 1379 'I‘e
1301 1357 1428 1386 tuamque
1446 1349 1563 1384 patriam
1578 1349 1688 1376 domum
1707 1346 1748 1374 sic

954 1401 1112 1429 exscindam
1127 1408 1134 1426 :
1147 1409 1155 1424 ι
1169 1399 1205 1426 Ει
1218 1397 1356 1425 suscitabo
1369 1396 1434 1423 milii
1446 1395 1614 1423 sacerdotem
1629 1392 1746 1424 ﬁdelem,
1778 1418 1788 1427 _

955 1448 1000 1482 qui
1026 1447 1103 1481 juxta
1125 1453 1172 1473 cor
1192 1452 1281 1471 meum
1309 1448 1336 1470 et
1364 1443 1482 1470 animam
1511 1448 1598 1468 meam
1625 1439 1716 1466 laciet.
1736 1447 1745 1464 ι

956 1494 1028 1522 Sane
1047 1493 1092 1527 qui
1107 1492 1198 1520 omnia
1219 1497 1252 1518 ex
1269 1489 1377 1525 ingenio
1396 1489 1542 1522 animoque
1560 1486 1607 1513 Dei
1627 1486 1701 1518 facit,
1725 1484 1749 1512 is

918 1539 939 1569 α
957 1550 989 1569 ex
1015 1541 1071 1568 Deo
1093 1544 1144 1570 est,
1173 1543 1199 1566 et
1222 1539 1323 1565 iterum
1351 1536 1470 1571 Angelus
1486 1544 1493 1562 ι
1509 1544 1518 1560 ι
1539 1534 1572 1561 Ει
1598 1531 1749 1559 ambulabit

958 1595 1050 1615 coram
1068 1586 1180 1613 Christo
1197 1592 1256 1612 meo
1275 1583 1382 1611 cunctis
1397 1582 1503 1613 diebus,
1523 1590 1531 1607 ι
1554 1579 1579 1606 id
1599 1583 1649 1611 est,
1664 1586 1749 1612 usque

958 1633 993 1661 ad
1012 1631 1287 1662 consummationem,
1305 1635 1387 1664 atque
1403 1629 1495 1655 itidem
1510 1636 1517 1654 :
1535 1636 1544 1652 ι
1560 1626 1693 1653 Futurum
1707 1627 1749 1651 est

959 1686 1047 1708 autem
1062 1699 1068 1711 ,
1093 1683 1121 1705 tit
1144 1678 1300 1713 quicunque
1326 1674 1487 1702 remanserit
1504 1674 1530 1700 in
1554 1672 1634 1698 domo
1653 1676 1697 1698 tua
1710 1690 1717 1702 ,
1735 1677 1745 1694 ι

958 1725 1182 1755 internecionem,
1209 1727 1257 1749 aut
1282 1721 1466 1755 captivitatem
1489 1716 1659 1752 ell‘ugiendo;
1678 1725 1686 1741 ι
1702 1721 1749 1742 ve-

958 1772 1015 1798 niat
1030 1775 1059 1798 ut
1074 1775 1167 1797 oretur
1182 1777 1229 1804 pro
1249 1775 1297 1800 eo,
1315 1772 1341 1794 et
1365 1766 1462 1793 oﬂ‘erat
1487 1770 1629 1792 nummum
1650 1768 1749 1795 argen-

960 1823 1043 1849 teum,
1060 1817 1186 1850 dicatque
1202 1825 1208 1843 :
1228 1814 1338 1842 Dimitte
1352 1820 1394 1840 me
1408 1812 1526 1839 obsecro
1543 1809 1576 1836 ad
1589 1815 1672 1836 unam
1688 1814 1750 1841 par-

959 1870 1012 1892 tem
1028 1862 1235 1894 sacerdotalem,
1245 1860 1423 1888 iitcomedam
1441 1857 1593 1885 buccellaui
1608 1855 1685 1890 panis
1695 1855 1747 1880 ⁵³.»

959 1911 1035 1944 Quod
1053 1909 1141 1944 angeli
1158 1908 1190 1935 ad
1210 1907 1382 1935 sacerdotem
1406 1905 1519 1939 :euigina
1537 1900 1671 1936 ejusmodi
1687 1905 1748 1927 est:

959 1958 1080 1992 Inopem,
1095 1955 1192 1982 .Iudteze
1209 1954 1267 1982 solo
1285 1953 1440 1984 multatum,
1454 1954 1595 1978 venturum
1612 1950 1644 1974 ad
1657 1945 1750 1974 Eccle-

960 2003 1027 2031 siain
1041 2011 1073 2029 ex
1090 2001 1215 2036 gentibus
1230 1999 1416 2030 constitutam,
1434 2003 1574 2024 nummum
1591 1996 1750 2029 argenteum

960 2050 1073 2083 petitum
1086 2057 1091 2075 :
1105 2053 1133 2075 et
1147 2048 1205 2074 viro
1221 2045 1333 2073 illustris
1346 2052 1378 2071 ac
1390 2042 1524 2078 pontiﬁcii
1540 2040 1647 2077 generis
1659 2039 1749 2066 dicet:

960 2095 1019 2123 Non
1034 2094 1123 2121 ambio
1144 2093 1209 2119 mihi
1229 2091 1421 2122 sacerdotium,
1443 2095 1532 2122 neque
1550 2093 1661 2122 regnum
1676 2084 1751 2112 desi-

961 2141 1037 2174 dero,
1059 2139 1106 2166 sed
1120 2143 1148 2165 ut
1163 2138 1189 2165 iii
1204 2136 1312 2171 aliquod
1325 2135 1506 2163 sacerdotium
1519 2133 1639 2168 rejiciar,
1656 2136 1683 2158 et
1697 2137 1753 2157 non

964 2191 992 2214 iit
1007 2185 1173 2216 ministrein,
1188 2182 1261 2210 velut
1274 2181 1359 2216 prius,
1383 2180 1432 2208 sed
1450 2184 1478 2206 iit
1492 2186 1589 2214 panetn
1604 2176 1751 2204 minimum

962 2234 1061 2260 lucrer.
1082 2230 1211 2264 Idemque
1227 2228 1309 2256 David
1324 2225 1488 2261 prmsagiens
1502 2224 1560 2251 ait:
1579 2233 1588 2248 (
1606 2222 1678 2256 Elegi
1695 2221 1744 2247 ab-

960 2280 1049 2315 jcctus
1064 2284 1124 2304 esse
1138 2277 1165 2303 in
1183 2276 1263 2302 domo
1280 2273 1325 2301 Dei
1343 2272 1407 2304 mei,
1424 2271 1508 2305 magis
1524 2277 1606 2304 quam
1627 2267 1752 2294 habitare

964 2328 990 2353 in
1007 2322 1188 2353 tabernaculis
1205 2325 1378 2356 peccatorum
1391 2318 1424 2346 ".
1445 2327 1454 2344 ›
1474 2317 1518 2344 Dei
1542 2317 1651 2343 domum
1674 2317 1751 2339 vates

964 2370 1111 2398 Ecclesiatii
1121 2377 1152 2396 ex
1168 2366 1294 2402 gentibus
1308 2369 1384 2392 notat
1396 2373 1404 2397 -,
1418 2363 1561 2396 impiorum
1575 2357 1751 2388 tabernacula

962 2417 1116 2445 ludzcornm
1135 2415 1206 2441 lana.
1223 2413 1292 2440 Vere
1308 2411 1380 2439 enim
1400 2409 1523 2437 Judmum
1543 2413 1639 2434 nomen
1656 2405 1683 2432 in
1702 2411 1750 2431 ex-

964 2467 1019 2489 tcra
1038 2459 1155 2487 Ecclesia
1180 2458 1312 2492 ahjectiini
1340 2460 1368 2482 et
1392 2454 1502 2485 infame,
1525 2452 1637 2483 nudum,
1661 2448 1749 2482 exsul,

964 2516 1045 2543 regno
1061 2508 1133 2534 omni
1156 2510 1182 2533 et
1209 2503 1362 2532 sacerdotio
1385 2507 1506 2528 exutum:
1530 2499 1619 2532 Atque
1639 2496 1697 2524 hinc
1711 2495 1751 2522 sic

963 2542 1074 2585 habere,
1091 2560 1122 2579 ex
1141 2552 1175 2578 iis
1194 2558 1253 2585 qua:
1268 2553 1328 2583 post
1345 2547 1478 2576 dicentur,
1495 2542 1642 2571 constabit.

1362 2660 1383 2678 “
1416 2660 1467 2686 lsa.
1494 2665 1552 2692 ιιιι,
1572 2657 1599 2684 7.
1636 2655 1661 2692 ff
1680 2654 1749 2681 Gen.

1095 2665 1117 2681 “
1139 2666 1204 2691 Dan.
1225 2671 1274 2694 \‘ll,
1297 2664 1323 2690 9.
1362 2664 1383 2678 δ’
1417 2664 1467 2686 lsa.
1494 2665 1552 2692 ιιιι,
1573 2664 1599 2684 ’I.
1637 2664 1660 2672 "
1680 2664 1749 2681 ucn.

1096 2701 1118 2716 δ’
1137 2701 1204 2724 Gen.
1227 2707 1322 2724 xxviii.
1343 2697 1370 2723 (ἐ.
1409 2695 1432 2711 ⁵³
1452 2695 1519 2722 Gen.
1541 2700 1615 2724 xxtx,
1632 2691 1664 2717 21
1687 2696 1749 2724 sqq.

1096 2701 1118 2716 δ’
1137 2701 1204 2727 Gcti.
1227 2707 1322 2729 xxviii,
1343 2697 1370 2723 (ἐ.

158 2829 216 2863 (ιῦ)
233 2829 261 2856 In
278 2828 407 2860 Hebraeo,
436 2833 464 2856 iit
489 2833 515 2856 ct
533 2829 558 2858 in
578 2829 683 2864 Graeco,
709 2833 742 2858 ad
763 2831 874 2858 verbum
901 2834 953 2863 est,
981 2830 1019 2856 I‘ll‘
1035 2829 1092 2862 Dei,
1116 2828 1140 2856 id
1156 2832 1198 2856 est
1214 2827 1320 2854 divinus
1343 2829 1433 2857 vates,
1455 2819 1590 2857 quomodo
1614 2817 1693 2846 νετιίι
1715 2820 1743 2844 ει

124 2864 274 2894 Clialdtctts.
