1955 3080
141 119 196 150 825

674 127 867 158 DIALOGUS
885 125 1037 157 CONTRA
1058 127 1227 158 JUD.’EOS.

1713 127 1768 159 896

145 185 153 200 l
178 175 290 210 Eritque
306 184 397 205 semen
421 184 494 207 tuum
514 182 590 215 qttasi
615 182 700 216 pttlvis
719 187 811 216 terrae;
838 183 932 210 (III.tI:t-
949 187 971 215 Α
989 188 1143 209 exterarum
1169 187 1287 215 gentium
1303 183 1438 217 populum.
1466 183 1504 212 Ita
1529 184 1601 211 enim
1620 191 1667 212 eos
1693 194 1768 214 meus

143 221 217 248 l-eris
228 222 260 248 ad
271 222 442 251 Occidentem
458 231 483 252 et
498 227 644 259 Orientem,
659 233 685 255 et
699 229 926 263 Septentrionem,

978 226 1101 252 Christus
1128 227 1246 261 appellat
1269 235 1303 254 :t
1322 228 1378 262 Ego
1399 236 1458 255 sum
1485 233 1577 263 pastor
1604 229 1708 259 bonus.
1737 235 1764 255 et

139 272 169 293 et
185 267 322 295 Meridieut
339 270 372 296 “.
390 281 399 296 1
416 271 509 300 Videte
526 279 553 299 nt
569 279 714 306 quaternas
732 275 821 301 mttttdi
838 281 927 308 partes
954 279 1110 305 .coguoseo
1123 280 1187 300 oves
1203 281 1287 306 meas,
1305 279 1331 301 et
1352 279 1516 309 cognoscunt
1533 283 1577 303 me
1594 283 1670 303 mete.
1690 276 1767 304 Sicut

140 320 228 339 saera:
251 314 358 342 Littera:
378 317 611 352 complectantur?
627 327 688 346 cum
710 319 799 346 Judma
815 326 925 354 quotum

138 357 261 392 aliquod,
277 364 304 386 el
319 361 460 388 minimum
482 367 559 390 terra;
583 368 751 398 segmentum
769 365 813 392 sil.
836 365 926 398 Itaque

139 403 166 429 id
187 407 273 439 magis
294 405 429 434 illustratts
444 413 528 440 vates,
545 410 618 437 addit
634 420 640 436 :
658 419 667 436 1
685 411 883 438 Benedicentur
898 411 924 438 in

138 455 175 481 te.
194 456 222 479 et
248 454 274 480 itt
293 454 394 481 semine
409 460 464 486 tuo,
482 461 586 482 cuncta:
604 457 687 484 tribus
712 462 791 484 terra:
806 459 840 484 τ’.
862 468 871 484 1
897 458 924 484 Id

136 502 191 529 est,
210 498 243 525 ab
268 503 364 526 exorto
387 501 449 527 Jesu
470 502 578 529 Christo
602 502 664 529 Deo.
684 503 730 530 Sin
755 504 779 530 id
804 509 924 530 evertere

135 545 287 577 conamini,
304 546 374 573 nulla
390 548 459 574 inter
472 555 518 574 vos
533 553 558 574 et
573 553 665 581 gentes
683 549 795 576 felicitas
809 554 835 575 et
849 557 923 575 com-

135 591 231 617 munio
257 593 324 624 erit,
350 594 396 619 sed
421 594 562 621 discidium
587 598 668 628 atque
693 595 836 622 dissensio.
855 595 922 621 Nam

135 635 270 663 hactenus
287 638 356 671 apud
383 646 475 665 omnes
497 645 591 673 gentes
613 641 771 675 contempti,
795 645 821 668 et
844 640 921 668 invisi

135 682 216 710 estis.
231 692 240 708 1
257 683 289 709 Et
304 691 351 711 cro
368 689 460 712 custos
472 690 544 717 tuus,
562 694 722 720 qttocttuqtte
737 687 896 720 perrexeris.
911 696 919 712 1

125 726 227 766 ⁴1,)1111111
249 734 339 757 certus
363 731 432 757 hanc
456 732 488 758 ab
504 736 605 758 aeterno
624 732 802 759 meonomiam
823 732 849 759 in
878 738 921 759 tua

133 773 223 808 stirpe
242 774 437 808 compleudam,
462 776 515 803 iter
536 784 616 803 omne
640 782 714 804 tuum
740 785 850 804 securus
874 779 921 805 de-

133 825 227 845 curre.
243 829 252 845 1
268 819 300 846 Et
316 820 440 848 reducam
457 825 484 848 te
501 822 527 849 in
546 828 643 849 terram
660 823 737 855 hanc,
760 832 768 848 1
788 823 812 849 id
828 828 878 855 est,
895 823 919 850 in

979 316 1049 342 novit
1064 324 1106 344 me
1122 317 1212 350 Pater,
1231 324 1257 345 et
1270 326 1319 354 ego
1333 328 1451 353 agnosco
1468 321 1592 354 Patrem;
1609 326 1635 348 et
1648 322 1765 349 animant

978 370 1062 389 nteant
1080 371 1149 398 pono
1164 371 1211 398 pro
1225 365 1321 392 ovibus
1337 366 1403 393 meis
1418 367 1453 393 ⁷⁸.
1472 376 1480 391 1
1500 366 1595 394 Notate
1610 368 1764 402 diligenter.

977 405 1042 433 Nam
1067 415 1098 434 ex
1123 415 1155 435 eo
1181 415 1261 443 puteo
1288 409 1511 444 adaquabantur,
1538 413 1762 444 quemadmodum

975 453 1098 481 Christus
1115 455 1139 481 in
1159 455 1302 490 Evangelio
1318 457 1352 482 ait
1371 465 1377 482 :
1394 465 1403 481 1
1423 456 1450 482 Si
1465 456 1526 491 quis
1544 457 1610 488 sitit,
1626 458 1712 484 veniat
1730 458 1763 484 ad

977 507 1028 529 me.
1047 505 1073 527 et
1090 500 1162 528 bibat
1177 501 1210 527 ⁸ο.
1233 511 1242 527 1
1262 501 1332 529 Oves
1350 502 1403 528 illic
1418 503 1514 535 brutte,
1541 502 1584 529 hic
1605 503 1762 530 rationales.

979 554 988 570 1
1010 545 1042 571 Et
1066 553 1096 572 os
1120 546 1176 580 ejus
1192 548 1288 581 grandi
1307 547 1394 582 lapide
1413 548 1599 575 claudebatur.
1619 558 1628 574 1
1648 549 1670 575 Is
1695 550 1762 584 lapis

975 593 1141 618 monumenti
1176 591 1328 621 servatoris
1359 593 1459 621 Christi
1492 602 1587 621 saxum
1627 595 1760 629 designat.

974 635 1075 663 Eodem
1088 645 1182 664 omnes
1198 647 1289 673 greges
1302 640 1444 674 cogebant,
1463 641 1567 668 scilicet
1580 641 1719 676 propheta:
1734 646 1761 668 ct.

974 683 1105 716 apostoli;
1122 684 1282 718 avolutoque
1307 693 1371 712 saxo
1387 694 1451 712 oves
1469 686 1650 720 adaquabant,
1666 687 1691 713 id
1708 694 1761 718 est,

972 728 1139 762 explicandis
1164 730 1249 757 sacris
1268 730 1379 758 Litteris
1402 732 1527 766 populant
1548 732 1652 760 ccclesti
1672 737 1762 760 ntusto

974 775 1109 809 rigabant.
1129 774 1301 810 Rursumque
1317 784 1410 802 saxum
1436 776 1468 803 ad
1487 785 1518 804 os
1542 779 1614 812 putei
1636 778 1763 805 advolve-

973 821 1047 847 bant.
1061 822 1161 847 Saxum
1182 823 1231 849 hoc
1246 823 1329 855 putei,
1345 824 1415 857 qttod
1432 831 1525 850 saxum
1540 829 1579 851 est
1598 825 1760 851 monuntettti

134 865 273 898 antiquam
286 866 380 893 Adami
395 867 559 895 nobilitatem
576 869 725 896 restituam.
742 879 751 894 1
767 869 820 896 Nec
832 869 921 896 dimit-
938 866 957 892 Β
974 867 1135 901 immortalis
1148 868 1220 898 vitm,
1236 869 1389 902 congregati
1404 869 1455 895 duo
1470 870 1612 904 pontifices
1629 871 1721 897 Aonas
1735 875 1762 897 et

134 916 191 937 tant
217 911 268 945 nisi
293 913 463 946 complevere
479 915 615 946 universa,
631 923 689 949 quae
707 915 760 942 dixi
778 916 811 943 ".
833 926 842 942 1
865 916 921 942 Non

134 956 253 988 deficiet,
267 957 364 992 inquit,
375 963 446 986 luant
464 960 573 994 stirpem
586 960 709 993 felicitas,
720 962 783 995 quin
797 968 826 988 ex
843 969 885 993 ca,
897 961 922 988 id

133 1007 187 1033 (ιιι,
195 1011 226 1030 ex
237 1003 356 1038 Virgine,
365 1006 484 1040 corporis
494 1006 571 1040 quasi
587 1007 730 1033 Ittiscellam
741 1014 921 1040 assmtpscro.

171 1047 247 1080 Quod
268 1049 290 1075 si
316 1050 375 1084 quis
390 1050 415 1077 id
438 1051 558 1084 pressitts
578 1051 725 1086 intelligere
749 1053 817 1085 vult,
840 1052 922 1080 Iacob

134 1093 226 1128 ipsum
244 1099 426 1127 percontetur.
443 1095 524 1127 Cedo,
543 1096 619 1123 beate
642 1095 735 1129 Israel,
753 1105 876 1130 quaenam
891 1106 921 1125 ea

134 1144 211 1170 sunt,
229 1147 288 1173 quae
311 1139 440 1176 benignus
464 1142 581 1170 Sabaoth
599 1143 727 1170 Dontitttts
744 1143 876 1170 facturutn
893 1152 922 1171 se

133 1185 290 1218 promittit?
308 1194 317 1211 1
336 1186 392 1212 Non
410 1187 547 1214 attferetur
570 1192 706 1222 secptrmn
731 1188 764 1215 de
788 1188 872 1220 Juda,
896 1194 922 1216 et

111 1256 118 1266 ,
133 1231 188 1258 dux
203 1231 236 1258 de
253 1231 353 1258 femore
365 1232 433 1266 ejus,
447 1234 532 1260 donec
545 1234 635 1261 veniat
649 1234 694 1267 qui
711 1234 857 1260 mittendus
869 1239 919 1266 est,

99 1275 107 1290 π’
133 1282 159 1303 et
177 1277 234 1311 ipse
245 1277 297 1304 erit
310 1278 481 1312 exspectatio
490 1275 608 1313 gentium
625 1279 656 1306 ⁷⁸.
678 1289 686 1305 1
703 1279 849 1306 Audivistis
863 1287 923 1313 pro-

135 1323 222 1355 pheta!
235 1330 327 1350 vocem
340 1325 440 1352 nostris
453 1326 542 1358 verbis
556 1330 735 1353 consentanea
750 1325 921 1361 loquentem?

133 1366 200 1394 Illud
223 1367 294 1394 enim
319 1368 389 1402 quod
408 1369 581 1398 constitutum
599 1375 652 1403 est,
674 1376 833 1404 conceptum
859 1377 921 1398 ante

133 1413 232 1440 sarcula
258 1420 387 1440 arcanum
413 1414 560 1449 significat.
587 1425 596 1441 1
625 1415 745 1450 Cumque
767 1416 920 1451 evigilassct

133 1459 218 1487 Jacob
234 1460 267 1487 de
282 1467 388 1493 somno,
407 1470 416 1486 1
432 1461 458 1488 id
472 1467 523 1495 est,
540 1462 678 1489 scientiam
694 1470 799 1490 omnem
815 1471 918 1495 eorum,

133 1513 206 1539 qua'.
218 1506 290 1534 Deus
314 1507 444 1539 dixisset,
470 1508 602 1535 ntemoria
628 1509 783 1543 complexus
799 1519 805 1536 :
827 1519 836 1535 1
854 1510 916 1536 Ait:

974 911 1089 946 Ctipltas
1111 920 1171 939 cum
1190 914 1323 945 eustotlia,
1347 914 1379 940 ad
1394 922 1424 940 os
1450 916 1616 942 monumenti
1635 916 1762 943 advolve-

975 962 1044 984 runt.
1066 958 1098 985 Et
1115 957 1197 986 Jacob
1221 959 1290 986 dttos
1312 965 1433 994 pastores
1457 961 1599 988 allocutus.
1621 961 1676 989 Illic
1694 969 1759 989 sane

972 1003 1055 1031 πηροὶ)
1083 1005 1149 1030 duos
1175 1010 1307 1039 pastores,
1336 1006 1381 1032 hic
1415 1006 1539 1033 Salvator
1564 1012 1654 1033 uoster
1678 1011 1760 1041 atque

973 1049 1053 1080 Deus,
1068 1050 1140 1076 velut
1153 1051 1220 1077 alter
1233 1049 1329 1083 Iacob,
1345 1052 1412 1078 duos
1428 1052 1578 1086 pontifices.
1596 1053 1647 1085 En,
1663 1053 1759 1087 inquit,

974 1094 1025 1120 diei
1039 1094 1150 1120 multttnt
1166 1095 1252 1122 adhuc
1263 1100 1321 1128 est;
1337 1096 1444 1130 longum
1459 1097 1607 1131 pceniteudi
1624 1098 1759 1131 spatium;

974 1148 1022 1167 nec
1040 1145 1144 1174 tempus
1167 1145 1208 1167 est
1233 1141 1343 1176 cogendi
1369 1143 1483 1176 pecoris,
1509 1148 1615 1177 tempus
1636 1143 1700 1170 illttd
1718 1152 1760 1171 se-

972 1186 1053 1213 cundi
1076 1186 1127 1213 ntei
1149 1187 1289 1218 adventus,
1304 1195 1356 1222 quo
1379 1196 1442 1214 oves
1460 1188 1494 1215 ab
1517 1188 1601 1215 1111ι1118
1625 1196 1759 1222 separent.

972 1231 1113 1265 Adaquate
1129 1239 1202 1263 oves,
1226 1231 1271 1258 Dei
1293 1233 1414 1260 notitiam
1433 1241 1480 1267 per
1498 1239 1575 1260 actus
1596 1233 1760 1267 paenitentiae

972 1276 1075 1307 docete,
1092 1281 1118 1302 et
1134 1281 1238 1311 pastuut
1256 1277 1308 1309 ite;
1327 1277 1377 1303 Itoc
1393 1282 1444 1309 est,
1465 1278 1490 1304 in
1511 1282 1611 1304 aeterna
1636 1277 1760 1303 taberna-

971 1321 1031 1347 cula
1049 1321 1200 1348 concedite.
1224 1321 1264 1347 Ad
1288 1329 1367 1356 quem
1393 1321 1440 1353 illi,
1459 1321 1516 1349 Non
1538 1329 1691 1357 possumus,
1712 1317 1757 1348 in-

971 1367 1075 1401 quiunt.
1090 1367 1159 1394 Idem
1172 1375 1329 1401 responsum
1346 1372 1372 1395 et
1397 1368 1538 1403 pontifices
1554 1368 1642 1395 ovium
1659 1367 1759 1401 pastori

971 1415 1113 1441 dederunt.
1130 1414 1190 1441 Non
1204 1422 1359 1449 possumus,
1386 1415 1430 1449 qui
1454 1415 1537 1441 Deum
1563 1414 1759 1446 interfecimus,

971 1461 1002 1488 ad
1022 1461 1123 1495 frugem
1138 1465 1165 1487 et
1181 1460 1369 1494 pmuilentiam
1386 1461 1492 1493 redire;
1512 1461 1562 1488 nisi
1586 1461 1686 1488 coactis
1703 1467 1759 1487 om-

972 1507 1050 1534 nibus
1070 1507 1206 1542 grcgibus,
1220 1507 1339 1540 gentium
1359 1506 1474 1539 scilicet,
1489 1511 1646 1533 amoveatur
1664 1513 1758 1532 saxum

133 1551 203 1579 Vere
227 1552 356 1580 Donrinlts
383 1558 422 1580 est
447 1553 474 1580 in
501 1553 560 1581 Ioco
586 1555 654 1586 isto,
681 1559 709 1581 et
738 1562 788 1588 ego
812 1556 918 1582 nescie—
933 1555 953 1582 C
971 1552 1255 1586 aboreputei,sacra:
1269 1551 1414 1586 Scripturm
1430 1556 1557 1585 tanqttam
1575 1555 1757 1584 tegumentum

134 1598 194 1625 bam
210 1599 278 1627 τ’..)
298 1599 328 1625 Et
351 1599 554 1634 intelligentiam
577 1601 741 1628 subobscure
764 1601 868 1633 innuit,
891 1605 918 1628 et

132 1644 377 1678 comprehendendi
398 1645 584 1680 impotentiam
607 1646 722 1679 fatetur;
741 1655 893 1682 pavensque
909 1656 916 1675 :

135 1689 257 1723 ¢.Qtt.‘lltt
285 1691 413 1718 terribills
437 1695 496 1722 est.
523 1691 626 1726 inquit,
659 1692 735 1719 locus
766 1693 817 1720 iste
841 1694 879 1720 ⁷⁸1
906 1703 915 1720 1

132 1736 202 1763 Vere
219 1741 245 1763 tu
263 1737 384 1770 quidem,
395 1736 550 1764 beatissime
571 1737 660 1765 Israel.
677 1737 761 1776 Valde
777 1739 847 1766 enim
864 1743 918 1767 ter-

94 1788 100 1792 ·
133 1782 219 1809 ribilis
243 1787 284 1809 est
307 1782 354 1809 Dei
378 1784 411 1810 ad
435 1783 562 1810 mortales
585 1784 742 1811 descensus.
776 1793 785 1810 1
803 1784 860 1812 Non
878 1790 919 1811 cst

133 1827 176 1854 hic
191 1827 276 1863 aliud,
286 1835 295 1852 1
309 1826 410 1854 scilicet
425 1835 438 1855 c
455 1827 537 1860 scala,
549 1827 574 1854 id
587 1832 637 1861 est,
651 1836 682 1854 ex
699 1827 808 1864 Virgine
821 1828 917 1862 Maria,

133 1878 318 1908 cerporatum,
335 1870 346 1900 't
365 1874 415 1900 nisi
431 1874 526 1900 domus
538 1873 594 1905 Dei.
615 1883 624 1900 )
641 1882 699 1908 qum
711 1880 763 1908 est,
780 1875 919 1908 insepara-

133 1918 151 1946 11
164 1919 196 1946 l's
208 1919 279 1949 unio,
295 1928 304 1944 1
321 1924 347 1945 et
360 1918 415 1945 Ittee
428 1923 501 1953 porta
515 1919 574 1945 cceli
587 1919 621 1946 ⁷⁷.
634 1915 644 1945 1
658 1919 821 1952 IIzec,scala,
839 1919 919 1954 Virgo

133 1965 214 1992 simul
239 1970 266 1992 et
292 1964 417 1999 Deipara,
438 1964 499 1991 coeli
526 1969 603 1999 porta
628 1970 679 1992 est.
704 1965 770 1992 Nam
788 1973 835 2000 per
859 1973 918 1992 eam

135 2011 279 2038 descendet
290 2017 338 2037 ceu
352 2011 376 2037 in
388 2010 473 2037 vellus
486 2010 585 2044 pluvia,
598 2011 752 2045 unigenitus
765 2011 810 2037 Dei
823 2012 918 2040 Filius.

135 2057 199 2083 time
221 2056 266 2090 qui
284 2057 397 2088 viderat,
424 2060 504 2090 atque
530 2056 668 2090 explorate
691 2057 809 2088 tenebat,
835 2057 920 2085 nostis

133 2102 358 2136 quemadmodum
374 2109 452 2129 tuane
465 2109 578 2136 surgens
593 2101 686 2135 Iacob,
704 2107 730 2129 et
753 2103 866 2137 lapidem
882 2104 918 2135 ei,

133 2154 214 2183 quem
227 2150 414 2181 conspexerat,
428 2147 576 2179 inunxerit,
592 2152 618 2174 et
631 2151 722 2174 votum
737 2149 918 2182 nuncuparit:

134 2194 155 2220 si
171 2194 223 2220 hoc
234 2201 310 2220 suum
325 2194 375 2220 iter
386 2193 515 2220 Dominus
527 2193 606 2220 scala:
621 2193 729 2221 innixus
743 2194 918 2226 fortunasset,

133 2247 194 2267 eum
216 2239 267 2266 sibi
284 2235 462 2272 llettm.furé;
479 2243 505 2265 et
524 2239 574 2266 hoc
591 2245 698 2272 saxum,
715 2239 785 2273 qttod
803 2239 916 2273 figuram

133 2286 286 2312 centineret
310 2285 440 2319 impolluti
471 2285 530 2318 ejus
555 2286 685 2320 corporis,
719 2285 763 2312 Dei
797 2285 915 2312 domum.

132 2332 202 2365 Quin
225 2336 253 2359 et
277 2332 396 2359 decimas
419 2331 444 2359 ei
466 2333 591 2358 daturum
607 2341 614 2359 :
629 2340 680 2366 qua
703 2339 732 2359 re
748 2332 917 2368 Syuagogam

133 2376 294 2409 instruebat,
319 2384 378 2412 qua:
403 2378 521 2404 omniuttt
550 2378 622 2404 domi
651 2382 773 2405 natorum
800 2378 918 2406 decimas

133 2423 280 2458 penderet;
297 2427 324 2449 et
337 2423 503 2457 spiritualcm
519 2430 550 2449 ac
565 2431 662 2450 nerunt
677 2423 801 2458 populum
815 2423 918 2458 signifi-

133 2466 221 2498 cabat,
240 2465 286 2500 qui
314 2467 394 2493 totius
419 2467 507 2493 :etatis
529 2474 584 2493 sua:
608 2472 688 2501 atqtte
711 2469 773 2495 vita:
799 2468 917 2495 decimas

133 2515 314 2537 consecraret.
331 2510 421 2545 Itaque
437 2519 451 2537 a
468 2511 519 2538 Deo
535 2511 638 2538 ititteris
652 2519 772 2547 compos,
789 2517 869 2547 atque
883 2513 916 2540 ad

134 2556 223 2583 Laban
249 2555 391 2584 incolumis
416 2558 573 2591 perductus.
600 2567 609 2583 1
636 2558 708 2592 Vidit
733 2557 805 2593 (nam
835 2558 916 2586 Mosis

134 2603 230 2629 iterum
247 2603 328 2630 verba
343 2604 497 2637 tractemus)
514 2609 620 2637 puteum
637 2603 661 2630 in
676 2611 750 2637 agro,
764 2604 809 2630 1111
826 2609 876 2634 est,
891 2604 915 2630 in

133 2655 245 2681 corpore
260 2648 360 2675 fontem
375 2648 535 2675 immortalis
548 2648 617 2675 vitm.
632 2658 641 2674 1
662 2648 730 2675 Duos
745 2656 849 2682 quoque
857 2657 916 2683 gre-

135 2702 179 2728 ges
194 2693 282 2720 ovium
301 2694 463 2721 accubantes
474 2693 551 2728 juxta
565 2701 625 2721 eum
639 2694 672 2725 1",
694 2703 703 2720 1
721 2693 872 2722 ,111111110111111
887 2700 915 2722 et

168 2760 189 2775 ⁷⁸
204 2760 270 2787 Gen.
289 2768 403 2792 xxxvttt,
423 2761 463 2787 Η.
502 2761 525 2777 ⁷¹
542 2761 606 2788 ibid.

133 2795 154 2809 "
167 2794 233 2821 Gen.
250 2803 324 2822 xxix.
338 2796 364 2821 ‘2.

134 2830 155 2846 ⁸³
168 2828 246 2856 Joau.
268 2838 304 2863 tv,
324 2830 365 2857 14.

644 2763 667 2790 ⁷3
683 2761 746 2789 ibid.
763 2762 805 2788 l5.
837 2762 858 2778 ⁷³
875 2762 941 2790 Gen.
958 2771 1029 2795 xttx,
1051 2765 1091 2792 I0.

402 2796 424 2811 ⁷⁹
437 2795 555 2830 1111111.ἰ,
572 2797 614 2830 14,
632 2797 673 2824 I5.
712 2797 733 2813 ³ο
749 2796 826 2826 Joan.
847 2805 892 2830 \‘II,
909 2798 952 2825 57.
1002 2800 1022 2815 ⁸¹
1041 2799 1088 2827 Isa.
1105 2808 1160 2831 th,
1180 2799 1231 2832 ‘20;
1261 2797 1338 2825 Rom.
1363 2805 1400 2830 XI,
1426 2796 1472 2824 25.
1510 2797 1532 2812 ⁸¹
1559 2796 1626 2824 Gen.
1658 2805 1706 2842 111.
1725 2796 1754 2824 9.

970 1604 985 1623 a
1001 1597 1058 1632 lege
1071 1598 1209 1624 amolitum
1225 1596 1274 1629 sit;
1287 1601 1313 1624 et
1331 1597 1365 1623 ita
1381 1590 1546 1631 adaque-ntus
1560 1603 1664 1630 greges.
1677 1595 1753 1628 Nam,

969 1636 1083 1670 auctore
1093 1642 1160 1669 Isaia
1177 1652 1182 1669 :
1202 1652 1211 1668 1
1231 1643 1307 1670 Cttnf
1317 1643 1452 1676 plenitudo
1473 1642 1590 1677 gentium
1604 1643 1753 1674 intraverit,

970 1693 1032 1715 tunc
1047 1688 1134 1715 omnis
1151 1688 1231 1716 Israel
1247 1689 1395 1716 salvabitur
1411 1688 1446 1715 εί.
1465 1697 1474 1714 1

1003 1733 1096 1761 Adhuc
1111 1741 1143 1761 eo
1161 1741 1220 1761 cum
1236 1734 1289 1760 illis
1303 1734 1482 1768 colloqueule,
1495 1733 1521 1760 id
1536 1737 1586 1766 est,
1603 1732 1757 1768 Iudaeorum

970 1773 1138 1815 Sytiagogam
1166 1780 1335 1806 commodum
1361 1779 1509 1813 castigante
1524 1787 1532 1806 :
1549 1787 1558 1804 1
1576 1779 1608 1805 Ει
1624 1786 1687 1805 ecce
1707 1779 1758 1805 Ra-
1776 1792 1781 1796 -

944 1843 952 1851 .
969 1825 1027 1852 chcl
1044 1825 1170 1852 veniebat
1194 1833 1255 1852 eum
1278 1825 1372 1852 ovibus
1396 1825 1480 1860 patris
1504 1825 1543 1852 sui
1561 1826 1599 1858 5’;
1614 1818 1631 1851 ἶ
1654 1825 1758 1852 scilicet

969 1864 1088 1906 gentium
1104 1872 1236 1899 Ecclesia.
1252 1871 1302 1899 IIic
1324 1872 1495 1906 conspicatus
1512 1871 1606 1905 Jacob,
1623 1872 1757 1906 Christus,

969 1918 1089 1951 gentium
1121 1918 1284 1950 Ecrlesiam,
1316 1919 1406 1946 Laban
1435 1926 1490 1946 Sua:
1519 1919 1612 1946 matris
1637 1919 1756 1953 germani

954 1963 1063 1996 -ﬂliam,
1087 1964 1113 1991 id
1130 1969 1180 1996 est,
1197 1972 1229 1991 ex
1245 1964 1392 1999 Synagogte
1408 1972 1536 1999 germano
1549 1966 1671 1992 ascitam.
1689 1963 1756 1992 Nam

971 2009 996 2036 itt
1022 2017 1118 2036 novam
1135 2009 1281 2037 Ecclesiam
1307 2015 1467 2044 cooptantur
1489 2010 1588 2044 partim
1610 2018 1641 2037 ex
1654 2010 1758 2045 genere

970 2055 1055 2087 Esau,
1068 2055 1112 2082 alii
1128 2063 1160 2082 ex
1176 2056 1282 2087 Ismael,
1297 2056 1393 2090 partim
1410 2057 1463 2082 nati
1479 2063 1511 2082 ex
1525 2055 1642 2089 Nacltor,
1657 2056 1754 2089 partim

969 2108 1002 2128 ex
1028 2100 1088 2134 Lot,
1113 2102 1230 2136 itemque
1255 2110 1287 2129 ex
1314 2101 1375 2129 filiis
1393 2102 1515 2134 Ceturaz;
1537 2102 1581 2135 qui
1609 2102 1759 2136 Synagogze

971 2149 1091 2182 germani
1106 2152 1179 2178 sttttt,
1197 2148 1296 2182 quippe
1318 2155 1411 2174 omnes
1428 2148 1564 2174 Abraham
1583 2148 1667 2182 stirpe
1681 2148 1756 2175 editi.

972 2192 1005 2219 Et
1027 2200 1153 2227 egressus
1169 2192 1264 2225 Jacob,
1288 2193 1314 2220 id
1337 2196 1388 2224 est,
1412 2192 1540 2218 Domintts
1565 2197 1658 2219 ttoster
1679 2191 1758 2219 .lcsus

934 2233 955 2259 Ῑ)
970 2238 1093 2266 Christus
1108 2246 1139 2265 ex
1156 2239 1269 2266 mortuis
1290 2239 1434 2270 excitatus,
1450 2238 1557 2265 avolulo
1574 2246 1641 2265 saxo
1657 2239 1690 2265 ab
1709 2246 1756 2265 ore

969 2283 1052 2317 putei,
1064 2278 1094 2310 'td
1112 2288 1163 2317 est,
1181 2291 1195 2310 a
1218 2284 1319 2311 foribus
1341 2283 1520 2316 monumenti,
1537 2291 1568 2311 ac
1582 2284 1653 2318 quod
1670 2289 1711 2310 est
1729 2285 1755 2310 in

968 2328 1027 2363 lege
1046 2328 1153 2363 pingue,
1172 2334 1199 2356 et
1225 2330 1378 2356 intricatum
1405 2328 1542 2362 amolitus,
1567 2337 1622 2357 sua:
1648 2330 1754 2360 matris.

969 2374 1127 2409 Synagogm,
1139 2380 1167 2401 ut
1183 2375 1238 2409 jam
1252 2376 1380 2408 diximus,
1393 2376 1513 2410 germani
1525 2383 1588 2402 oves
1600 2376 1754 2409 adaquavit.

968 2420 1182 2452 immortalitatis
1197 2421 1312 2456 vitroque
1328 2421 1445 2454 ﬂuento;
1458 2427 1485 2448 ttt
1499 2422 1524 2448 in
1539 2421 1685 2456 Evangelia
1697 2421 1754 2448 ait:

975 2474 984 2491 1
1004 2466 1053 2498 Qui
1070 2466 1167 2493 biberit
1180 2475 1212 2493 ex
1227 2475 1306 2500 aqua.
1322 2474 1403 2501 quam
1415 2474 1465 2501 ego
1479 2467 1548 2494 dabo
1563 2467 1666 2499 ci,'non
1683 2466 1758 2494 sitiet

971 2511 997 2538 in
1021 2516 1151 2538 :eternum
1169 2520 1175 2538 :
1194 2511 1241 2539 scd
1258 2519 1339 2546 aqua,
1356 2521 1434 2547 quant
1451 2520 1500 2548 ego
1522 2513 1591 2538 dabo
1606 2512 1641 2545 ci,
1661 2511 1704 2538 fiet
1730 2511 1755 2538 in

971 2563 1004 2583 eo
1021 2556 1079 2584 fons
1096 2564 1172 2591 aqua:
1187 2557 1309 2584 salientis
1325 2557 1350 2584 in
1364 2558 1444 2584 vitam
1457 2563 1583 2584 aeternam
1599 2557 1631 2582 ⁸³.
1649 2565 1658 2582 1
1670 2556 1757 2591 Atque

971 2603 1028 2630 haec
1044 2602 1152 2637 quidem
1174 2610 1250 2630 meus
1266 2610 1341 2629 antor
1361 2602 1447 2630 .Iesus.
1469 2603 1551 2645 Iacob
1575 2610 1638 2630 vero
1656 2601 1759 2629 Rache-

970 2649 1022 2675 leut
1046 2648 1217 2676 deosculatus
1241 2653 1298 2680 est;
1325 2648 1415 2674 itidem
1436 2653 1463 2675 et
1489 2656 1584 2675 novant
1609 2648 1757 2675 Ecclesiam

969 2694 1014 2722 Dei
1032 2695 1193 2730 Unigenitus
1209 2694 1364 2728 complexus
1386 2698 1437 2720 est.

1130 2765 1153 2780 ⁷⁵
1169 2764 1234 2792 Gcn.
1253 2770 1348 2795 xxvm,
1370 2762 1412 2789 16.
1451 2762 1473 2778 τ⁶
1488 2761 1540 2788 ibid
1569 2762 1608 2788 17.
1648 2762 1669 2777 ⁷⁷
1688 2761 1753 2789 ibid.
