1955 3080
181 111 232 142 δὲ’]

464 166 580 194 CAPUT
603 167 685 195 XXII.
988 164 1012 192 Α

289 224 354 251 Duce
376 222 470 249 .Inciibi
494 230 600 252 uxores.
618 222 683 255 quid
705 223 864 257 mgni/irent.

220 282 273 310 Sed
299 289 333 309 ne
357 281 528 308 recensendis
553 281 667 316 singulis
691 281 810 317 prolixus
826 281 929 312 videar,
947 286 975 308 et

183 338 240 358 rem
256 330 288 356 ad
303 328 403 355 exitum
424 328 571 361 perducam
586 338 592 355 :
607 327 691 355 Iacob
711 328 753 355 bis
773 333 875 362 septem
893 336 974 356 auuo-

184 383 242 402 ιιτιιιι
268 375 380 401 servitio
405 377 473 401 duas
489 375 619 408 conjuges
637 375 724 406 duxit,
749 375 866 410 priorem
886 374 972 406 Liam,

183 422 295 448 alteram
313 421 476 454 Rachelem;
503 430 615 456 quarum
642 421 685 448 illa
711 421 892 456 Synagogam.
916 421 974 448 haec

181 467 282 494 Christi
308 467 455 494 Ecclesiam
470 469 690 502 reprmsentahat.
708 468 852 495 Sciendum
868 474 910 496 est
924 476 974 495 au-

183 518 247 545 tem,
264 514 382 547 priorem
410 515 499 540 studio
522 519 548 541 et
573 522 664 541 amore
682 514 839 547 posterioris
858 522 872 541 a
889 514 974 542 Jacob

183 566 322 594 arreptam
343 561 435 588 fuisse.
453 561 518 588 Nam
532 561 631 588 Rachel
648 569 708 589 cum
727 561 843 589 formosa
861 568 944 594 esset,
960 571 973 589 a

183 605 267 634 Jacoh
293 608 444 639 amabatur,
473 612 501 634 ut
527 615 539 633 a
562 608 672 634 Christo
696 608 972 641 gentiumvEeclesia.

183 653 265 687 quue
281 662 374 680 verum
396 662 468 685 esse,
484 655 548 688 ips:e
564 662 649 681 sacrm
665 654 773 682 Littera:
789 655 972 682 testimonium

184 701 276 727 dicunt
294 710 300 727 :
318 710 326 725 ι
347 699 394 727 Lia
410 708 474 727 vero
499 700 580 735 lippis
602 704 662 728 erat
683 700 780 732 oculis,
810 710 818 726 ι
845 707 920 735 aeque
943 707 975 726 ac

185 747 325 782 Synagoga
341 747 474 781 impotens
490 747 522 773 ad
546 748 723 781 spectandum
740 748 862 774 divinum
886 747 976 780 Splen-

185 795 278 820 dorem
296 802 302 820 :
319 802 329 819 ι
355 792 455 820 Rachel
481 793 578 820 decora
606 793 686 825 facie,
711 799 737 821 et
762 798 872 820 venusto
896 801 975 828 aspe-

184 845 228 866 ctu
255 840 288 866 ⁸⁸.
318 849 326 864 ι
348 839 380 866 Ut
405 838 524 872 gentium
552 839 690 870 Ecclesia,
717 839 761 866 Dei
787 839 924 873 agnitione
948 843 974 866 et
994 849 1016 876 Β

184 885 285 911 virtute
312 884 485 918 locupletato.
512 884 546 910 Et
571 893 678 911 rursum
701 893 708 911 :
732 893 740 909 ι
766 885 885 911 Servivit
910 892 974 918 ergo

184 930 268 956 Jacoh
285 938 332 964 pro
355 929 455 957 Rachel
481 935 583 964 septem
608 930 696 959 annis.
712 935 738 957 et
751 930 913 957 videbantur
937 930 974 957 illi

187 975 263 1010 pauci
287 975 346 1002 dies
370 983 424 1009 prae
441 977 542 1002 amoris
563 975 748 1010 magnitudine
763 975 796 1002 ⁸⁸.
817 984 826 1000 ι
847 975 879 1002 Ε1
897 976 976 1010 paulo

184 1027 246 1056 post
263 1030 269 1048 :
290 1031 298 1046 ι
321 1022 446 1048 Amorem
464 1021 604 1054 sequentis
619 1021 701 1054 priori
720 1021 838 1054 prtelulit
852 1021 885 1048 ⁸⁸.
905 1031 914 1046 ι
938 1020 976 1049 Ita

185 1074 210 1095 et
225 1067 350 1094 Christus
368 1068 487 1102 gentium
512 1067 663 1094 Ecclesium
685 1067 743 1101 plus
762 1075 842 1101 quam
860 1066 978 1102 Syuagzo-

186 1121 247 1147 gam
262 1113 372 1140 amavit.
390 1112 454 1139 Nam
471 1117 498 1139 et
515 1114 583 1139 hanc
595 1113 645 1139 sibi
660 1112 851 1147 desponderat,
866 1113 912 1140 sed
930 1120 977 1147 per

185 1163 355 1193 sequestrum
373 1159 478 1190 Mesen,
498 1159 725 1193 quemadmodum
749 1163 775 1184 et
798 1157 881 1184 Iacob
902 1159 976 1185 Liam

187 1210 280 1230 amore
295 1203 435 1235 Raehelis;
451 1210 511 1230 cum
527 1204 646 1238 gentium
665 1203 785 1230 Ecclesia
800 1203 933 1234 Christus,
949 1208 978 1230 ut

186 1248 270 1276 Jacob
287 1257 346 1276 cum
371 1249 502 1281 Racbclc,
519 1249 650 1283 osjttnxil
667 1258 674 1277 :
691 1244 916 1285 quemadmodum
932 1257 979 1284 per

187 1302 277 1323 vatem
297 1296 366 1323 Deus
383 1297 409 1322 in
425 1298 494 1323 banc
515 1298 679 1324 sententiam
701 1297 806 1332 aperuit
822 1306 828 1323 :
847 1306 856 1322 ι
875 1297 906 1323 Et
924 1305 978 1324 non

188 1342 297 1369 docebit
315 1342 386 1379 ultra
402 1343 442 1369 vir
460 1343 613 1376 proximum
639 1350 729 1375 suum,
748 1347 774 1370 et
798 1343 841 1369 vir
865 1343 978 1370 fratrem

189 1394 267 1413 Suum
291 1386 383 1413 dicens
405 1396 411 1413 :
438 1386 577 1421 Cognosce
603 1387 759 1419 Doutinum;
786 1395 881 1415 omnes
906 1390 978 1416 enim

189 1438 354 1465 cognoscent
379 1441 420 1460 me
443 1442 457 1459 a
484 1434 594 1460 minimo
613 1442 706 1461 eorum
730 1442 814 1469 usque
838 1437 870 1461 ad
892 1436 979 1462 maxi-

189 1487 261 1506 mum
277 1480 311 1506 ⁸⁷.
331 1489 339 1504 ι
356 1479 443 1513 Atque
466 1480 522 1507 haec
541 1480 566 1506 in
588 1480 730 1515 prmsentia
749 1482 781 1508 de
801 1480 885 1508 Jacob
905 1482 978 1509 solli-

189 1525 261 1551 ciant
276 1534 283 1551 :
301 1533 361 1552 nam
376 1526 408 1552 de
422 1533 454 1552 co
470 1530 495 1552 et
513 1525 537 1552 in
556 1525 687 1553 descensu
701 1527 727 1552 in
740 1526 899 1562 Egyptum,
915 1533 938 1554 et
952 1528 978 1555 in
994 1523 1015 1552 ο

189 1572 330 1598 Pharaone
345 1572 483 1599 adorando
499 1573 662 1599 mentionem
678 1571 818 1600 faciemus.

224 1617 308 1652 Igitur
324 1618 349 1644 in
369 1617 463 1650 primis
482 1617 679 1645 observandum
703 1623 754 1650 est,
781 1618 917 1651 Israelem,
942 1619 982 1653 gi-

190 1662 302 1696 gnendis
325 1662 465 1688 duodecim
486 1661 661 1695 Patriarrhis,
685 1663 835 1691 instituisse
860 1663 982 1702 Syuago-

188 1716 246 1741 gain
265 1715 296 1734 cx
315 1707 368 1734 ἰήιε
386 1708 456 1735 natis
472 1717 478 1734 :
496 1716 544 1743 per
561 1710 728 1737 concubinas
747 1717 822 1741 vero,
837 1716 981 1738 extraneas

189 1753 317 1780 mulieres
342 1754 525 1787 significasse,
551 1762 620 1789 quas
644 1756 735 1790 generi
767 1763 817 1782 suo
840 1756 981 1783 accenscri

189 1807 284 1833 passus
299 1799 349 1832 sit;
367 1807 414 1831 rer
432 1799 549 1827 Raebcle
564 1805 648 1833 satos,
666 1801 767 1829 Christi
791 1807 817 1829 et
834 1803 982 1837 proditoris

186 1842 262 1870 Iudae
279 1844 400 1879 exempla
419 1849 546 1878 notasse;
560 1845 585 1871 in
597 1844 715 1880 Iosepho
731 1845 844 1880 Christi,
861 1847 888 1874 in
910 1847 980 1875 Ben-

185 1888 270 1926 jamin
287 1890 362 1918 Iuda:
378 1891 534 1925 proditoris.

466 1946 583 1974 CAPUT
603 1948 699 1975 XXIII.

297 2005 334 2032 De
350 2005 464 2039 ὥσπερὴο
487 2005 616 2040 allegoria
640 2005 743 2033 Christo
765 2007 874 2034 trilmta.

224 2050 314 2084 Quare
329 2053 381 2079 hoc
392 2052 498 2085 quidem
510 2052 579 2083 loco,
594 2052 704 2079 omissis
716 2053 819 2084 decem.
837 2053 869 2080 de
880 2053 980 2088 Ioseph

188 2103 215 2125 et
233 2097 372 2131 Benjamin
395 2098 477 2125 verba
501 2097 643 2125 faciamus.
663 2097 716 2125 Sed
737 2106 824 2133 neque
841 2099 892 2126 hoc
913 2108 982 2134 prie-

190 2144 393 2171 termitternlum
418 2148 458 2170 est
480 2143 572 2175 nobis,
589 2151 638 2170 cur
662 2151 677 2170 a
701 2150 813 2178 parente
837 2145 980 2179 aufugiens

191 2191 302 2220 Ilachel,
318 2190 376 2224 ejus
392 2187 460 2216 idola
477 2190 639 2224 surripuerit
651 2189 685 2217 ⁸⁸.
696 2191 775 2219 Certe
791 2197 845 2218 non
865 2197 894 2218 ut
909 2191 978 2218 clam
995 2199 1018 2227 ι)

189 2235 312 2267 haberet,
324 2235 370 2262 sed
389 2239 417 2261 ut
429 2235 557 2263 aboleret.
571 2236 610 2262 An
629 2236 733 2263 scilicet
749 2243 809 2270 qua:
821 2236 922 2264 Christi
934 2237 984 2264 Ec-

189 2282 277 2309 clesia:
297 2283 449 2315 exemplum
465 2283 627 2313 contineret,
646 2289 759 2318 paterno
774 2292 883 2319 quoque
898 2285 982 2313 simn-

190 2329 324 2355 lacrorum
351 2329 423 2355 cultu
447 2329 567 2359 diruisse,
594 2330 738 2357 simulacra
758 2331 841 2358 exitio
856 2339 886 2359 se
902 2332 983 2359 datu-

191 2380 247 2399 ram
270 2373 376 2399 innuit?
401 2373 465 2399 Nam
487 2378 515 2400 ut
529 2382 542 2399 a
559 2374 642 2401 Jacol)
658 2375 788 2409 vestigata
806 2376 875 2403 haud
896 2378 983 2404 tenuit.

190 2418 305 2449 Rachel;
326 2419 362 2444 ita
379 2423 407 2444 et
424 2418 508 2445 altero
524 2418 618 2450 ἔριθοι),
637 2419 778 2448 Salvatore
795 2428 855 2448 meo
872 2421 982 2449 Christo

189 2470 296 2495 exorto.
314 2465 433 2498 gentium
450 2465 580 2498 Ecclesia,
597 2471 737 2500 paternam
755 2475 831 2494 suam
855 2467 982 2502 impieta-

193 2515 244 2536 tem
262 2511 413 2545 ignominia:
429 2516 456 2538 et
472 2512 579 2538 excidio
595 2512 678 2540 dedit.
696 2513 733 2540 Ac
751 2513 981 2547 quemadmodum

191 2556 252 2583 illos
270 2564 301 2582 ex
319 2557 443 2590 gentibus
459 2557 585 2585 Christus
610 2565 662 2585 non
684 2559 802 2585 admittit
820 2566 880 2585 cuin
897 2559 982 2587 simu-

192 2601 283 2632 lacris,
299 2601 334 2627 ita
352 2609 401 2628 nec
417 2601 585 2637 Synagogam
599 2611 659 2629 cum
675 2602 796 2630 .Iudaicis
809 2604 937 2636 victimis,
953 2612 984 2632 ac

191 2647 410 2676 circumcisione.
439 2648 526 2683 Atque.
545 2649 602 2675 hate
620 2649 727 2683 quidem
746 2650 786 2676 sic.
801 2650 911 2677 habent.

751 2726 772 2741 "
790 2726 854 2753 ibid.
869 2726 913 2753 50.

757 2762 779 2778 9’
795 2761 870 2788 .Ioau.
897 2769 923 2793 Χ,
937 2761 983 2788 ‘L’II.

229 2726 252 2742 ’“
277 2726 345 2752 Gen.
379 2733 453 2757 xxxx.
470 2727 510 2753 l7.

195 2760 217 2776 ὀ
232 2760 307 2786 .lonn.
331 2761 408 2788 ι.11.
448 2762 468 2777 ⁹¹
484 2762 552 2789 (ἔψη.
572 2769 674 2794 xxxv",
691 2762 718 2788 8.

196 2802 314 2830 c._xxut,
331 2795 357 2822 ἓ.
397 2797 419 2812 ’⁸
437 2795 504 2824 Cen.
534 2804 604 2823 xxtv
659 2796 748 2830 11,ῗῖ-

197 2829 206 2845 '
219 2828 296 2855 Joan.
314 2837 387 2862 xuii,
404 2830 448 2857 2-5.

550 2727 573 2742 "
589 2727 652 2753 ibid.
667 2727 711 2754 20.

781 104 995 137 ANDRONICI
1012 104 1185 135 COBINENI

967 2725 990 2742 ⁸⁷
1012 2725 1111 2753 .Ierem.
1128 2733 1202 2758 xm,
1215 2726 1259 2753 54.

803 2797 823 2813 ⁸⁷
840 2796 905 2824 Luc.
923 2804 1002 2830 χχιιι,
1015 2796 1060 2824 2'2.

1762 104 1827 134 828

1063 162 1196 191 Craterum
1208 165 1308 198 Joscph
1321 165 1389 198 apud
1404 165 1501 190 fratres
1511 164 1613 190 invidia
1627 162 1772 190 laborabat
1787 160 1827 193 3',

1026 214 1054 235 ut
1075 214 1101 236 et
1117 210 1186 243 apud
1201 209 1308 236 .Iudmos
1333 215 1391 244 post
1408 209 1533 236 Christus
1550 217 1557 236 :
1574 208 1613 235 sic
1628 209 1699 235 cnim
1720 207 1829 235 scribit

1025 254 1052 282 in
1079 256 1222 290 Evangelio
1246 255 1361 282 dilectus
1388 255 1430 281 ille
1454 254 1572 281 Joannes
1595 262 1602 280 :
1622 263 1630 280 ι
1658 253 1685 280 In
1708 254 1828 287 propria

1025 302 1109 334 venit,
1125 307 1152 330 et
1168 302 1210 329 sui
1231 309 1292 329 eum
1317 309 1369 329 non
1388 305 1550 336 receperunt.
1567 301 1602 327 ⁹⁰.
1622 309 1631 326 ι
1652 300 1690 327 1111
1709 305 1830 334 propter

1025 348 1126 375 fartam
1141 349 1164 375 ei
1181 356 1194 374 a
1211 353 1288 382 patre
1302 347 1494 375 versicolorem
1511 347 1640 378 tunicam,
1656 351 1684 374 et
1699 347 1825 376 somnia.

1025 393 1138 420 oderant
1154 393 1284 426 fratrem;
1297 393 1380 420 Judaei
1395 393 1533 420 Christum
1550 397 1659 427 propter
1669 392 1823 428 quamdam

1026 441 1170 467 mentalem
1187 440 1263 474 quasi
1287 447 1445 474 purpuram,
1461 447 1522 474 quae
1545 439 1569 466 ei
1586 439 1704 466 etelestis
1726 437 1826 464 Patris

1026 486 1191 521 benignitate
1204 486 1258 519 jam
1272 494 1306 513 ex
1330 486 1455 520 virgineo
1475 491 1582 518 ventre,
1603 484 1720 511 tinctura
1745 484 1827 510 velut

1026 531 1152 558 discolori
1176 535 1304 558 contexta
1328 531 1426 562 fuerat,
1440 537 1472 557 ac
1487 531 1594 557 deruunt
1612 534 1722 564 propter
1738 529 1823 555 luctt-

1025 577 1097 604 Ienta
1123 577 1205 604 etiam
1231 577 1372 608 miracula,
1401 576 1642 610 persequebantur.
1673 575 1711 602 Illi
1738 574 1823 600 fratri

1026 622 1177 650 invidentes
1199 631 1319 657 quaerere
1339 632 1345 649 :
1369 632 1379 648 ι
1405 622 1530 657 Nunquid
1558 630 1604 649 rex
1630 627 1721 648 noster
1745 621 1825 648 eris?

1027 673 1074 697 aut
1097 669 1272 702 subjicieutur
1291 669 1386 696 dilioni
1416 673 1468 696 tuae
1499 669 1539 695 “?
1558 678 1567 695 ι
1598 668 1681 696 Judaei
1701 675 1766 694 vero
1792 668 1824 694 in

1027 717 1130 751 porticu
1157 716 1310 744 Salomonis
1338 717 1576 745 circumdederunt
1602 715 1824 746 Emmanuelem,

1026 767 1053 790 et
1068 762 1193 790 dicebant
1215 762 1239 789 ei
1255 771 1261 789 ε
1283 771 1292 787 ι
1308 762 1454 796 Quousque
1465 762 1583 789 animam
1595 765 1714 788 nostram
1726 759 1827 787 tollis?

1029 809 1057 836 Si
1073 813 1099 835 tu
1113 816 1142 836 es
1156 808 1292 840 Christus,
1307 808 1350 836 dic
1370 809 1446 836 nobis
1461 808 1547 843 palam
1564 809 1599 835 θ’.
1618 817 1627 834 ›
1648 807 1686 834 1111
1704 808 1825 834 missqu

1028 855 1060 882 ad
1078 863 1109 882 se
1132 855 1167 881 ab
1184 859 1295 888 parente
1320 853 1430 882 fratrem
1455 854 1615 888 conspicati,
1638 854 1708 880 inter
1727 861 1758 880 se
1778 853 1828 886 ia-

1028 907 1102 928 ctare
1118 910 1126 928 :
1145 910 1154 926 ι
1172 900 1243 927 Ecce
1266 899 1417 928 somniator
1434 902 1520 932 venit;
1543 900 1634 927 venite.
1658 899 1824 926 occidamus

1027 955 1100 979 crint,
1114 952 1142 974 et
1161 947 1299 974 mittamus
1316 947 1340 974 in
1354 947 1499 975 cisternam
1512 951 1630 973 veterem
1643 945 1678 972 ".
1696 954 1707 971 ι
1732 944 1825 972 ,ιιινιειί

1027 994 1151 1028 opificem
1167 1001 1243 1021 suum
1259 992 1293 1020 ab
1312 993 1499 1027 inaspectabili
1523 993 1603 1020 Patre
1624 992 1735 1020 missum
1760 999 1826 1018 cer-

1029 1044 1136 1071 nentes,
1157 1040 1269 1067 dicere:
1286 1049 1296 1066 ι
1317 1040 1364 1067 llic
1379 1044 1421 1067 est
1435 1039 1532 1070 haeres,
1552 1039 1641 1066 venite
1661 1037 1824 1065 occidamus

1028 1093 1101 1118 enin,
1119 1091 1145 1113 et
1162 1086 1321 1113 habebimus
1335 1085 1519 1112 hereditatem
1534 1084 1592 1119 ejus
1607 1084 1640 1111 9‘.
1661 1093 1670 1109 ι
1690 1083 1730 1111 Illi
1747 1082 1825 1116 apud

1029 1137 1133 1165 patrem
1150 1131 1343 1163 defensionem,
1359 1131 1386 1158 III
1401 1131 1471 1165 apud
1487 1130 1602 1158 Pilatum
1617 1129 1741 1157 meditari
1759 1139 1766 1156 :
1783 1128 1825 1155 illi

1030 1177 1063 1204 ab
1079 1177 1188 1204 immani
1205 1177 1263 1204 fera
1275 1177 1432 1204 devoratum
1447 1176 1625 1208 confirmare;
1643 1176 1668 1202 hi
1685 1184 1691 1202 :
1710 1184 1720 1201 ι
1743 1174 1826 1202 Iquc

1029 1223 1182 1250 invenimus
1198 1223 1399 1250 subvertentem
1415 1226 1521 1256 gentem
1537 1225 1670 1253 nostram,
1687 1225 1713 1248 et
1727 1220 1826 1254 prohi-

1030 1267 1137 1294 bcnlcm
1160 1267 1259 1294 trilmta
1278 1267 1343 1293 dare
1357 1266 1470 1298 Caesari,
1496 1271 1523 1294 et
1548 1267 1679 1294 dicentem
1697 1273 1726 1293 se
1739 1265 1825 1293 Chri-

1029 1317 1100 1339 stum
1126 1320 1216 1347 regem
1239 1319 1298 1340 esse
1312 1313 1347 1339 ".
1369 1321 1378 1338 ι
1398 1312 1453 1339 Illic
1469 1310 1563 1338 Ruben
1580 1311 1682 1338 hortari
1699 1321 1706 1338 :
1725 1321 1734 1337 ι
1760 1311 1825 1338 Νοιι

1031 1359 1199 1386 interficietis
1209 1359 1327 1386 animam
1339 1360 1410 1394 ejus,
1425 1367 1474 1386 nec
1484 1359 1628 1386 effundatis
1641 1358 1803 1391 sanguinem
1815 1379 1822 1389 ,

1029 1405 1075 1433 sed
1093 1405 1214 1439 projicite
1225 1412 1286 1432 eum
1303 1405 1328 1432 iu
1346 1405 1489 1432 cisternam
1509 1405 1579 1432 hanc
1593 1404 1632 1436 “;
1652 1414 1662 1430 ι
1676 1403 1780 1431 scilicet
1792 1409 1826 1430 ut.

1031 1460 1092 1479 eum
1111 1451 1232 1478 manibus
1249 1459 1343 1478 eorum
1359 1451 1486 1486 eriperet.
1505 1450 1553 1478 llic
1572 1450 1683 1483 Pilatus,
1697 1455 1724 1476 ut
1738 1449 1825 1477 Chri-

1033 1504 1103 1525 sutm
1118 1506 1132 1525 e
1144 1497 1297 1525 Ju'ltcorum
1313 1497 1435 1525 manibus
1449 1497 1576 1531 eriperet,
1593 1503 1712 1531 negare:
1729 1505 1737 1521 ι
1758 1495 1823 1522 Nul-

1035 1544 1085 1569 lam
1101 1551 1214 1570 causam
1236 1544 1331 1570 mortis
1355 1543 1465 1571 invenio
1483 1543 1509 1569 in
1526 1550 1559 1570 eo
1574 1550 1581 1569 :
1596 1542 1739 1577 corripiam
1757 1548 1824 1576 ergo

1032 1589 1106 1617 illum
1124 1595 1151 1617 et
1175 1589 1307 1617 dimittam
1322 1590 1357 1617 ".
1377 1599 1387 1616 ι
1406 1589 1462 1616 Illic
1480 1589 1583 1616 Rubeni
1600 1589 1698 1616 fratres
1715 1588 1824 1615 obtem-

1032 1644 1142 1670 perare;
1162 1637 1206 1664 hic
1227 1636 1324 1668 Judaei.
1342 1641 1370 1663 ut
1387 1637 1508 1664 omnium
1532 1635 1726 1667 cruentissimi,
1742 1634 1823 1661 Pilati

1032 1683 1113 1709 verba
1131 1682 1257 1710 refutare.
1273 1683 1326 1710 Sed
1349 1682 1403 1710 illic
1419 1682 1512 1710 Ruben
1534 1687 1642 1716 propter
1655 1681 1822 1712 orationem,

1032 1728 1158 1755 fraternze
1185 1728 1345 1762 proditionis
1368 1728 1439 1755 haud
1456 1735 1521 1755 sane
1544 1727 1639 1754 insons
1658 1731 1714 1758 est;
1733 1733 1824 1760 neque

1033 1774 1076 1801 hic
1091 1774 1194 1802 Pilatus
1209 1782 1225 1802 a
1241 1774 1386 1801 Dominicaa
1398 1774 1479 1801 caedis
1493 1774 1608 1801 crimine
1625 1773 1703 1800 liber.

1071 1820 1168 1848 Verum
1183 1829 1217 1848 ne
1233 1820 1338 1848 dicendi
1362 1820 1493 1847 brevitate
1517 1820 1606 1847 minus
1620 1819 1762 1854 perspicue
1775 1817 1822 1846 Jo-

1032 1867 1109 1901 SCpItI
1133 1871 1322 1901 argumentum
1342 1873 1503 1902 proponam,
1525 1867 1642 1901 ipsamet
1664 1866 1823 1900 prophetica

1033 1912 1116 1939 verba
1135 1913 1160 1939 in
1179 1912 1298 1940 medium
1324 1912 1455 1946 producta
1480 1912 1600 1939 inaudito
1617 1921 1623 1939 :
1646 1921 1655 1937 ι
1673 1910 1823 1938 Confestim

1033 1958 1124 1992 igitur,
1139 1962 1168 1985 ut
1183 1958 1305 1992 pervenit
1318 1958 1351 1985 ad
1371 1958 1471 1986 fratres
1486 1966 1559 1990 suos,
1574 1958 1745 1985 nudaverunt
1761 1963 1823 1984 eum

1031 2006 1123 2032 tunica
1138 2005 1171 2032 ’⁸.
1190 2014 1199 2030 ι
1215 2005 1255 2032 Illi
1272 2006 1408 2039 dereptam
1427 2005 1544 2032 tunicam
1562 2004 1631 2040 patri
1649 2009 1774 2035 servant;
1796 2002 1822 2029 bi

1032 2051 1168 2078 detractas
1183 2051 1291 2078 Clu-isto
1303 2056 1393 2078 vestes
1409 2051 1573 2085 partiuntur.
1591 2050 1623 2077 Et
1643 2049 1820 2084 accipientes,

1035 2107 1045 2123 ι
1066 2097 1196 2124 Miserum
1213 2097 1241 2124 in
1257 2097 1403 2124 cisternam
1418 2097 1458 2129 ⁹⁹;
1476 2105 1485 2122 ι
1506 2096 1544 2123 illi
1565 2100 1701 2129 arreptum
1718 2095 1744 2121 in
1759 2101 1822 2129 spe-

1032 2151 1095 2170 cum
1117 2143 1279 2175 deturbant,
1306 2142 1331 2169 hi
1360 2142 1543 2169 exanimatum
1571 2141 1596 2168 in
1619 2145 1821 2167 monumentum

1033 2190 1182 2223 deponunt.
1197 2188 1230 2215 Et
1245 2188 1363 2215 cisterna
1377 2192 1436 2214 erat
1449 2194 1544 2218 vacua.
1559 2194 1618 2220 qtue
1637 2193 1690 2213 non
1707 2185 1820 2213 habebat

1035 2242 1146 2269 aquam.
1163 2233 1395 2267 Quemadmodum
1411 2232 1466 2260 illic
1483 2240 1579 2266 specus
1597 2239 1692 2266 aquam
1706 2239 1758 2258 non
1776 2231 1820 2258 ha-

1036 2281 1134 2311 bebat,
1159 2280 1195 2307 ita
1226 2287 1312 2314 neque
1336 2279 1380 2306 hie
1404 2284 1607 2305 monumentum
1635 2277 1729 2303 mortis
1758 2277 1820 2305 vim.

1038 2335 1047 2351 ι
1070 2325 1100 2351 Et
1115 2326 1240 2352 sedentes
1257 2330 1286 2351 ut
1301 2324 1473 2351 comederent
1488 2330 1583 2357 panem
1599 2323 1606 2338 ¹
1620 2330 1627 2354 ;
1647 2331 1656 2347 ι
1676 2321 1722 2353 1111,
1742 2329 1774 2348 eo
1796 2322 1824 2355 in,

1035 2379 1146 2405 specum
1160 2372 1279 2401 detruso.
1291 2370 1386 2397 sedent
1399 2369 1432 2396 ad
1445 2368 1534 2396 cibum
1549 2367 1707 2402 capiendum
1719 2377 1725 2398 ς
1737 2366 1820 2394 .ludmi

1036 2422 1096 2453 post
1113 2416 1280 2444 Dominicam
1297 2415 1397 2443 (aedem
1415 2415 1516 2442 Pascha
1544 2415 1654 2441 faciunt.
1682 2413 1726 2440 Sic
1750 2413 1820 2440 cnim

1035 2465 1115 2491 habet
1141 2462 1310 2496 Evangelista
1335 2470 1342 2489 :
1365 2470 1375 2486 ι
1395 2461 1427 2488 Et
1450 2461 1500 2496 ipsi
1525 2468 1578 2487 non
1609 2459 1771 2486 introierunt
1795 2458 1820 2485 in

1035 2509 1205 2544 przetorium,
1230 2513 1259 2535 ut
1283 2516 1336 2535 non
1353 2507 1613 2539 contaminarentur,
1632 2505 1678 2532 sed
1702 2510 1730 2530 nt
1747 2513 1820 2530 man-

1035 2556 1165 2582 ducarcnt
1190 2555 1294 2581 Pascha
1316 2555 1337 2581 ¹.
1363 2563 1371 2579 ι
1393 2553 1488 2580 Notate
1512 2553 1653 2586 diligenter
1677 2550 1842 2585 Scriptura:-

1038 2608 1165 2629 mentem.
1182 2601 1300 2628 Sublatis
1316 2601 1402 2628 oculis
1428 2599 1657 2627 animadvertunt.
1680 2597 1745 2624 Nam
1764 2601 1822 2630 post

1037 2652 1171 2681 sumptum
1185 2654 1199 2673 a
1217 2645 1283 2673 .Iuda
1301 2645 1466 2672 Dominicum
1482 2652 1577 2678 panem
1598 2643 1708 2669 intravit
1722 2642 1748 2668 in
1762 2649 1820 2668 cum

1310 2725 1333 2740 “‘
1346 2724 1408 2752 ibid.
1425 2725 1470 2750 32.
1522 2723 1544 2739 ⁸⁹
1570 2722 1636 2750 Gen.
1677 2729 1779 2754 nitro,
1796 2722 1820 2749 ι.

1411 2759 1434 2775 ³⁸
1450 2758 1542 2785 Matth.
1561 2766 1617 2789 ut,
1634 2758 1678 2784 58.
1716 2758 1739 2773 "
1757 2756 1820 2784 Luc.

1020 2761 1043 2777 ⁰¹
1056 2761 1122 2788 Gen.
1142 2769 1244 2792 xxxv”,
1262 2759 1305 2792 I9,
1327 2759 1372 2786 20.
1411 2759 1434 2775 ”
1450 2759 1542 2785 Matth.
1561 2766 1617 2789 ut.
1634 2759 1678 2784 58.
1716 2759 1739 2773 "
1757 2759 1820 2784 Luc.

1020 2796 1060 2823 2'2.
1098 2795 1120 2812 ⁰⁸
1141 2795 1210 2823 Gen.
1230 2803 1332 2823 xxxvu.
1357 2795 1403 2822 25.
1433 2795 1463 2823 ,"
1489 2794 1552 2823 ibid.
1569 2793 1612 2820 ‘ZI.
1653 2793 1742 2820 'ibid.
1775 2791 1820 2821 ‘25.

1098 2795 1120 2812 ⁰³
1141 2795 1210 2824 Gen.
1230 2803 1332 2825 xxxvu.
1357 2795 1403 2822 25.
