1955 3080
146 128 196 159 831

730 124 937 155 ΑΝυιιΟκιᾱι
960 125 1132 154 CUM-NE“

1723 118 1786 149 8:32

146 186 255 213 Erebi":
272 183 315 209 hic
330 189 406 209 meus
422 181 546 208 Salvator
559 186 640 214 atque
659 180 740 211 Dens.
754 180 875 213 abruptis
894 179 935 204 ῐιι-
951 178 973 208 Α
988 181 1218 211 miscricordiam;
1250 188 1259 204 ι
1286 186 1344 205 me1
1362 185 1413 211 ope
1437 177 1463 203 'm
1490 176 1587 203 fratres
1612 176 1785 210 benignitate

148 229 267 255 ferorum
280 229 407 258 vinculis.
436 227 593 260 calcatoque
610 227 722 253 custode
739 225 857 255 diabolo,
875 231 936 250 san-

147 280 252 300 ctorntu
267 274 371 300 animas
386 274 521 299 liberavit.

190 341 200 356 ι
221 331 267 358 llis
283 331 319 356 ita
329 331 422 364 gestis,
434 330 534 357 accidit
546 335 574 356 ut
587 335 732 364 percarent
742 330 795 355 duo
807 329 937 359 eunuchi,

148 377 202 410 pini
215 384 279 402 ctua
300 376 370 409 regis
387 375 507 411 Algypti,
525 382 551 402 et
568 377 662 410 pistor.
684 375 793 401 domino
808 383 857 401 suo
875 375 908 405 ",
927 384 936 400 ι

151 422 176 447 ιιι
194 428 245 452 cst,
265 426 418 447 exterarum
440 422 560 455 gentium
584 426 610 448 et
635 420 787 447 JtitI‘JZOI'IIIII
817 421 939 454 populus.

152 469 220 495 5am
239 468 311 501 prior
324 472 379 493 erat
393 468 524 502 gentium,
538 467 593 501 qui,
613 472 641 492 ιιι
655 466 795 492 ἱιΞοΙυΙιιιι-ιι
812 465 910 496 factus,
925 474 939 491 ει

153 514 206 540 Ileo
225 513 335 543 defecit,
357 518 420 538 ltmc
437 512 577 539 Judaicum
596 512 720 545 populoin
738 519 786 545 per
804 511 940 537 Abraham

152 559 318 585 sacrilictum
337 558 464 584 instituit.
485 567 494 583 ι
514 557 696 591 Videruntque
712 557 792 583 ambo
807 557 942 584 somnium

153 611 232 632 nocte
256 611 307 630 una
332 604 366 636 ’⁷,
395 614 404 630 ι
431 605 456 630 id
477 609 530 635 est,
555 604 600 630 Dei
616 609 730 631 mortem
747 606 943 637 recogitarunt.

145 650 206 692 .Sed
221 650 275 677 illic
288 659 303 676 a
319 649 434 682 Josepho
450 650 590 677 dissolutio
605 657 656 682 est,
678 652 721 677 hic
741 658 755 677 a
771 650 835 677 Deo.
855 650 945 682 Quare

155 696 252 723 nerito
266 695 418 730 Just-phus:
441 705 450 722 ι
471 695 606 730 Nunquid;
623 704 675 723 non
691 697 736 723 Dei
759 702 801 723 est
816 696 946 730 interpre-

155 743 220 769 tatio
239 742 282 768 "7
306 751 314 767 I
333 741 432 768 Verum
453 747 560 776 pra‘stat
577 751 607 768 ea
631 743 747 773 somnia,
763 750 821 775 qua:
837 743 945 775 quidem

155 788 277 822 exempla
306 789 406 815 habent
436 796 525 814 rerum
552 787 727 820 futurarum,
756 787 839 815 verbo
870 793 947 814 tenus

156 842 310 861 recensere.
326 834 393 861 Tum
410 834 528 868 Josepho
544 844 553 860 ι
576 835 709 862 somnium
730 842 808 861 suum
827 834 947 860 narravit

159 880 234 914 prior
257 880 418 913 praepositus
445 881 648 914 pinCernarum,
680 889 689 904 ι
703 880 807 906 scilicet
829 879 948 913 gentium

158 925 270 958 figuram
295 925 384 952 ferens
405 934 413 954 :
435 935 444 950 ι
463 924 593 952 Videbam
610 932 701 952 coram
720 932 762 952 me
789 925 871 952 vitem
887 925 921 952 ".
938 933 947 950 ι

159 971 247 998 Vitem
266 971 311 999 hic
330 971 448 1006 intellige
470 971 575 998 dulcem
592 971 700 1004 Jesum;
723 971 763 998 sic
781 971 852 997 eitim
871 971 908 998 ait
923 971 949 998 in

160 1015 308 1050 Evangelio
322 1025 330 1043 :
349 1024 358 1041 ι
374 1016 428 1050 Ego
447 1024 506 1042 sum
521 1016 593 1047 vitis,
607 1020 633 1042 et
649 1015 728 1043 Pater
741 1023 817 1042 meus
832 1016 950 1050 agricola

158 1067 210 1088 est.
225 1062 338 1089 Omnem
355 1061 492 1095 palmitem
509 1061 535 1088 in
552 1068 594 1087 me
610 1068 661 1087 non
678 1062 807 1088 ferentem
820 1060 949 1093 fructum,

158 1108 234 1134 tuliet
257 1116 318 1135 eum
337 1113 385 1135 :et
409 1115 529 1140 minuent,
556 1108 600 1142 qui
627 1107 680 1134 fert
705 1107 836 1141 fructum,
854 1115 952 1142 purga-

159 1154 199 1181 bit
221 1161 294 1186 eum,
316 1158 345 1180 ιιι
364 1154 480 1181 fructum
505 1153 564 1188 plus
584 1154 679 1181 atl'erat
695 1154 727 1181 ’°.
749 1163 758 1180 ι
776 1155 876 1181 Contra
897 1161 949 1186 me,

160 1199 186 1226 id
211 1204 263 1231 est,
291 1199 439 1231 contraria,
467 1204 495 1225 et
523 1199 549 1226 in
575 1199 715 1226 Christum
743 1199 825 1233 impie
849 1199 952 1226 ati‘eetre

159 1250 237 1272 erant
245 1250 349 1280 gentes.
365 1255 374 1271 ι
387 1245 418 1271 Ει
433 1245 459 1272 in
472 1245 526 1272 vite
543 1249 621 1272 erant
637 1251 694 1273 tres
711 1246 872 1280 propagines
885 1245 919 1278 ⁸¹,
939 1255 948 1270 ι

142 1299 246 1325 .caqtte
259 1292 431 1325 germinans;
452 1299 512 1318 ttam
536 1296 596 1325 post
612 1291 729 1318 triduum
746 1291 845 1318 Christi
859 1299 951 1318 resur-

162 1338 249 1364 reclio
260 1337 380 1364 eruicuit.
402 1337 507 1364 Floreru
531 1337 666 1369 eliciebat,
688 1338 824 1372 apostolos
839 1342 866 1365 et
882 1345 953 1365 mar-

163 1388 247 1417 tyres,
273 1383 344 1409 unde
361 1390 473 1409 uvarum
498 1383 597 1410 racemi
625 1384 855 1416 nu-tnrescebant,
881 1392 952 1410 mar-

162 1433 249 1462 tyrum
275 1429 406 1463 sanguine
431 1429 577 1456 rubelyant'.
623 1438 633 1454 ι
667 1429 839 1464 Calicemque
883 1430 951 1457 Pha-

163 1475 254 1501 raonis
273 1475 300 1501 in
316 1482 396 1505 manu
409 1482 467 1502 mea
483 1484 488 1502 :
505 1474 552 1502 tuli
569 1482 634 1511 ergo
650 1484 727 1508 uvas,
744 1480 771 1503 et
787 1477 907 1510 expressi
926 1477 951 1503 in

992 228 1085 259 utitor,
1112 227 1137 253 id
1162 231 1213 256 est.
1238 225 1406 252 sanationum
1431 223 1552 258 prodigia
1573 227 1688 256 patrato.
1711 231 1720 247 ι
1745 222 1785 248 Ut.

991 281 1120 308 suggeras
1136 271 1270 300 Pharaoni
1287 274 1319 297 ι’.
1338 280 1346 296 ι
1363 270 1458 296 Notate
1476 269 1616 303 diligenter
1634 268 1789 301 Seriptnrx:

993 325 1122 347 tuentem.
1147 319 1192 346 IIIa
1216 319 1272 353 (17)
1287 318 1318 345 ad
1336 317 1515 350 dignitatem;
1537 315 1596 342 haec
1610 314 1644 341 ad
1661 310 1789 350 martyrii

995 366 1166 392 tolerantiam
1181 366 1328 398 pertinent.
1345 364 1410 391 Nam
1433 363 1503 398 quod
1520 363 1566 395 ait,
1580 362 1713 396 ejusmodi
1730 367 1787 389 est.

995 410 1133 438 Deductus
1146 412 1178 436 ad
1195 411 1330 444 principes
1345 415 1373 436 et
1397 417 1483 444 rcges,
1507 416 1628 435 meorum
1651 409 1788 434 dictorum

996 457 1151 483 recordatur
1175 465 1182 482 :
1202 465 1210 481 I
1235 456 1330 483 Ponite
1350 456 1376 482 in
1394 456 1522 481 cordibus
1540 453 1635 480 vestris
1651 461 1702 479 non
1718 460 1790 486 pste-

997 503 1138 533 mmlitari,
1163 502 1387 536 quemadmodum
1413 501 1607 534 respondeatis.
1635 499 1690 533 Ego
1714 499 1790 526 enim

997 548 1067 574 (laho
1083 547 1160 573 vobis
1176 554 1206 572 os
1227 551 1253 572 et
1276 546 1447 580 sapientiam,
1463 545 1506 572 cui
1529 553 1581 571 non
1607 548 1732 578 poterunt
1747 552 1794 570 rc-

998 594 1108 623 sistere,
1121 597 1145 618 et
1159 592 1345 619 contradicere
1356 599 1450 618 omnes
1465 591 1613 618 adversarii
1629 590 1710 616 vestri
1729 590 1762 615 ”.
1778 599 1787 614 ι

1000 637 1137 664 Ilactenns
1160 636 1299 664 Scrvator.
1320 646 1329 663 ι
1356 635 1389 664 Ut
1412 637 1510 664 educat
1535 643 1577 663 me
1600 636 1634 663 de
1655 635 1708 662 isto
1728 642 1794 661 car-

999 690 1060 709 cere
1072 683 1103 709 “.
1125 691 1134 708 ι

1273 727 1387 755 CAPUT
1412 727 1516 754 XXVII.

1233 786 1380 814 Cnlmnnitc
1398 786 1434 813 eis
1453 790 1562 821 quanta.

1038 833 1095 860 Illic
1111 832 1244 868 Josephns
1257 841 1272 860 a
1291 837 1515 867 praegustatormn
1533 831 1662 866 magistro
1675 835 1794 858 conten-

1002 880 1053 912 dit,
1071 885 1098 906 ut
1114 888 1143 906 se
1159 887 1192 906 ex
1209 887 1319 906 carcere
1339 879 1435 905 educat
1451 886 1458 904 :
1477 877 1520 904 hic
1542 877 1662 904 clemens
1680 875 1764 904 Iesus
1780 883 1795 902 a

1003 926 1104 962 populo
1116 933 1130 953 e
1142 925 1269 960 gentibus
1283 930 1399 958 asserto,
1415 929 1444 951 ut
1455 931 1485 951 Se
1494 932 1508 950 a
1521 924 1589 951 Juda
1599 931 1676 950 orum
1690 923 1798 949 calum-

1002 973 1054 1000 niis
1079 973 1223 999 vindicet:
1249 979 1312 998 vere
1336 972 1408 998 enim
1440 971 1542 1005 grande
1565 971 1675 997 sceleris
1700 968 1799 1004 praesi-

1002 1018 1074 1044 dium
1091 1017 1147 1052 (18)
1167 1017 1314 1044 calumnia.
1331 1016 1396 1043 Nam
1413 1017 1435 1044 si
1449 1016 1488 1042 vel
1506 1016 1538 1042 ad
1551 1016 1688 1042 Christum
1703 1023 1796 1042 meum

1003 1063 1120 1097 grassari
1139 1067 1179 1089 est
1195 1070 1272 1094 ansa,
1288 1062 1350 1097 quis
1363 1070 1430 1089 vero
1443 1070 1503 1089 eam
1526 1062 1604 1089 facile
1618 1061 1797 1088 contemnat?

1002 1111 1092 1144 Atque
1115 1109 1141 1135 id
1168 1116 1262 1135 verum
1283 1116 1354 1139 esse,
1382 1108 1527 1143 sequentia
1550 1108 1640 1134 audite
1663 1116 1670 1133 :
1693 1116 1700 1132 ι
1723 1106 1795 1139 Quia

1005 1155 1075 1182 furto
1097 1154 1219 1182 sublatus
1239 1162 1298 1182 sum
1321 1154 1353 1182 de
1379 1158 1450 1181 terra
1467 1153 1641 1181 Ilebrreorum
1658 1154 1690 1179 ³⁷.
1709 1163 1718 1178 ι
1738 1153 1798 1180 lloc

1003 1206 1055 1233 est,
1071 1201 1159 1228 Pilato
1180 1209 1194 1227 a
1209 1199 1309 1227 Iudaeis
1325 1200 1459 1226 calumnia
1473 1200 1605 1234 proditus.
1620 1198 1656 1225 Ea
1673 1207 1733 1233 qua:
1747 1199 1796 1229 sit,

1004 1248 1121 1282 explicat
1135 1247 1300 1282 evangelista
1318 1255 1324 1274 :
1339 1255 1348 1271 ί
1365 1245 1412 1273 Hic
1424 1246 1493 1272 dixit
1507 1254 1515 1272 :
1529 1245 1800 1283 Possumdesuuere

1006 1292 1134 1327 lt'mpluttt
1150 1292 1208 1323 Dei.
1225 1297 1252 1319 et
1268 1295 1328 1326 post
1343 1291 1461 1317 triduum
1478 1290 1644 1317 remditicare
1658 1290 1722 1317 illud
1734 1290 1768 1317 ".
1784 1299 1795 1316 ι

1005 1338 1098 1373 Itaque
1129 1338 1272 1365 calumniae
1304 1337 1496 1371 impudentiam
1525 1336 1670 1368 videntes,
1701 1344 1798 1363 eorum

1004 1385 1115 1413 Sceleris
1142 1384 1330 1412 execllentiam
1358 1383 1504 1410 miramini.
1532 1382 1624 1416 Neque
1651 1383 1694 1410 hic
1718 1383 1799 1417 quid-

1004 1440 1083 1466 quam
1105 1430 1167 1462 feri,
1192 1431 1254 1457 mali
1280 1429 1395 1460 scilicet,
1413 1429 1588 1463 quamobrem
1608 1436 1649 1455 me
1675 1429 1700 1455 iu
1727 1429 1798 1456 hanc

1004 1486 1113 1511 specum
1144 1477 1342 1504 detruderent:
1366 1476 1420 1503 illic
1440 1475 1585 1509 Josephum
1612 1476 1637 1502 in
1666 1482 1797 1509 specum;

164 1520 276 1547 calicem
293 1529 372 1555 quem
398 1522 532 1554 tenebam,
556 1527 582 1548 et
610 1522 707 1549 tradidi
734 1523 858 1557 poculum
882 1522 937 1549 Pha
967 1523 990 1554 C
1008 1525 1052 1551 hic
1067 1523 1159 1550 Jcsum
1173 1523 1199 1550 in
1217 1527 1432 1549 tuonumentum.

163 1567 240 1593 raoni
254 1567 286 1594 ³¹.
302 1566 357 1593 llnc
371 1568 540 1595 incruentum
558 1576 632 1595 novre
648 1568 776 1596 Ecclesia:
787 1570 952 1596 sacrificium

165 1617 251 1639 notat.
288 1622 298 1638 ι
318 1613 467 1646 Respondit
486 1612 585 1648 Ioseph
603 1623 610 1641 :
629 1613 689 1640 112cc
707 1619 749 1641 cst
769 1615 955 1649 interpretatio

164 1658 260 1684 somnii
280 1666 287 1684 :
305 1658 371 1685 Tres
393 1659 562 1693 propagines,
592 1664 648 1686 trcs
676 1661 763 1688 adhuc
786 1660 844 1687 dies
869 1665 954 1690 sunt:

165 1709 227 1737 post
248 1711 316 1738 quos
340 1705 527 1732 recordahitur
553 1705 658 1732 Pharao
680 1705 826 1732 ministerii
851 1706 899 1738 tui,
929 1710 956 1733 et

167 1750 292 1777 restituet
307 1755 333 1776 te
347 1750 372 1776 io
386 1751 496 1785 gradum
514 1751 657 1785 pristinum
680 1761 687 1778 :
703 1752 833 1786 dahisque
850 1752 875 1779 ei
892 1752 956 1779 cali-

166 1802 224 1821 cem
246 1795 323 1829 jnxta
349 1795 464 1822 oﬂieimn
488 1801 574 1829 tnnm,
597 1797 666 1824 sicut
690 1801 753 1824 ante
776 1797 865 1825 facere
889 1805 956 1824 con-

143 1831 296 1871 .sneve'ras
312 1841 346 1868 ⁸³.
375 1851 385 1868 ι
413 1842 452 1868 Ac
477 1842 587 1877 Josephi
609 1844 716 1877 quidem
741 1844 773 1870 ad
799 1844 955 1876 pincernaut

167 1889 225 1916 haec
239 1893 301 1914 sunt
327 1888 421 1915 verba.
438 1888 511 1915 Meus
533 1893 623 1915 autem
645 1889 773 1916 Servatur
791 1895 870 1922 atgue
887 1890 957 1917 Deus

167 1934 291 1968 gentibus
302 1934 408 1967 recipit,
421 1941 481 1961 sese
492 1934 553 1961 hinc
564 1925 596 1961 ad
607 1935 724 1961 tridmnn
736 1943 750 1962 ιι
760 1937 959 1963 resurrectione

169 1979 309 2013 discipulis
330 1979 387 2006 suis
405 1985 432 2006 et
454 1980 583 2013 apostolis
606 1980 806 2012 mandaturum,
821 1981 867 2015 qui
882 1989 959 2009 acce-

169 2030 229 2058 ptas
243 2025 348 2059 tingant
363 2025 388 2052 in
412 2026 520 2052 nomine
541 2025 629 2052 Patris
654 2031 679 2052 et
695 2025 768 2058 Filii,
795 2033 821 2054 et
839 2027 957 2061 Spiritus

169 2070 254 2097 Sillt'li
271 2079 278 2097 :
297 2078 379 2105 seque
401 2070 525 2098 daturum
548 2079 659 2106 regnum
677 2078 756 2106 atque
777 2073 957 2100 sacerdozinm

171 2117 276 2148 Iiadctll,
293 2116 369 2149 cujus
385 2117 542 2144 utconomia:
565 2118 722 2153 mysterium
741 2119 853 2145 obiturae
868 2124 960 2146 essent

171 2163 197 2189 in
212 2168 281 2194 pane
296 2165 322 2188 et
338 2162 412 2194 vino,
429 2163 499 2196 quod
517 2162 725 2195 Melchisedech,
742 2165 786 2199 qui
803 2172 817 2191 e
833 2165 957 2199 gentibus

170 2213 254 2240 esset,
275 2216 321 2243 per
336 2208 447 2243 figurati:
467 2209 622 2236 Abrahamo
639 2211 858 2243 reprarsentavil;
874 2218 959 2245 eaque

171 2254 232 2280 ideo
246 2261 274 2280 se
290 2254 423 2281 facturum
439 2255 537 2288 popttlo
559 2263 592 2281 cx
608 2256 731 2290 gentibus
752 2263 884 2283 converso
900 2263 961 2290 spo-

172 2299 275 2334 poudit,
302 2301 372 2335 quod
401 2301 423 2328 is
445 2301 582 2328 Christum
611 2302 734 2329 sontibus
752 2303 960 2330 adnumeratum

172 2346 358 2379 conspicatus,
375 2346 458 2384 Deum
477 2351 565 2373 tamen
584 2347 723 2374 confessus
737 2347 841 2375 fuisset.
856 2357 865 2373 ι
887 2347 961 2375 Tart-

175 2396 231 2418 tum
246 2397 380 2418 tnemento
393 2392 455 2424 uici,
469 2399 529 2418 cum
549 2393 595 2419 tibi
609 2394 675 2421 bene
691 2393 780 2421 fuerit.
796 2404 804 2420 ›
818 2395 873 2422 Iloc
888 2403 902 2422 a
920 2403 962 2422 me

174 2441 286 2471 accepto
311 2437 453 2470 beneficio,
479 2438 624 2472 sepultura:
651 2444 731 2474 atque
755 2442 960 2469 resurrectionis

132 2515 141 2523 ἠ
175 2483 331 2510 memoriam
353 2483 523 2511 iudelebilcm
547 2485 654 2513 habeto.
676 2495 684 2511 ι
711 2486 741 2513 Et
756 2485 838 2514 facias
856 2495 958 2514 mecum

207 2575 231 2591 "
249 2575 314 2608 (Leu.
338 2583 388 2606 XL,
412 2576 435 2603 1.

175 2611 197 2626 "
219 2610 282 2638 ibid.

175 2653 247 2677 nu,
268 2645 312 2672 61.

484 2576 506 2592 ’⁷
525 2576 591 2604 Gen.
614 2585 656 2610 λι..
679 2577 704 2605 5.

321 2610 342 2627 ³³
364 2611 428 2639 ibid.
452 2612 549 2644 11,12.
586 2613 608 2628 ³⁸
630 2614 694 2640 Ibid.
710 2613 750 2641 14.

351 2645 373 2661 ³⁸
395 2647 461 2675 Gen.
484 2655 531 2678 XL,
556 2647 598 2680 16,
621 2649 660 2675 Π.
728 2647 731 2650 ’

757 2579 779 2594 ’⁸
802 2579 866 2605 ibid.
888 2579 913 2608 8.

174 2726 182 2732 ”
213 2735 400 2774 (l7)'Petebat
422 2739 493 2765 enim
515 2738 659 2772 Josephns,
685 2745 710 2765 ut
740 2748 769 2766 se
795 2740 863 2774 apud
892 2739 961 2765 Pha-

178 2779 287 2798 raonvm
301 2773 326 2798 in
345 2774 429 2806 gratia
449 2778 572 2808 poneret,
588 2782 601 2800 a
621 2782 675 2809 quo
687 2776 784 2802 deinde
799 2773 832 2801 ad
846 2775 962 2809 dignita-

178 2811 231 2833 teju
247 2810 419 2834 eveheretur.

171 2852 181 2879 ς
215 2841 270 2879 (ιιι)
288 2841 444 2876 ὈιύρωμιςιΙ
455 2843 524 2878 quod
536 2851 630 2870 nomen
648 2850 793 2876 usurpatur
807 2851 832 2873 et
844 2851 891 2877 pro
903 2852 962 2873 car-

960 2579 982 2596 “
1003 2579 1068 2606 ihid.
1087 2579 1113 2612 9,
1134 2579 1178 2606 10.

788 2614 810 2629 ³³
831 2613 897 2641 Luc.
919 2623 976 2647 xxi,
1000 2616 1040 2648 14,
1064 2615 1104 2643 15.
1135 2615 1156 2630 ³⁸⁵
1177 2614 1245 2641 Gen.
1267 2614 1364 2644 “.14.

1044 1570 1100 1603 Sed,
1115 1569 1171 1605 jam
1195 1575 1301 1603 tempus
1317 1574 1368 1601 est,
1384 1573 1410 1596 et
1432 1568 1565 1603 pistorum
1587 1567 1708 1602 magistri
1723 1573 1799 1594 some

1007 1617 1097 1649 nium,
1118 1615 1164 1650 qui
1190 1614 1345 1642 Judasorum
1368 1615 1463 1649 populi
1489 1615 1644 1649 exeurplum
1669 1614 1798 1647 habetur,

1007 1669 1161 1689 rectnscre.
1177 1660 1262 1697 Igitur
1280 1661 1410 1696 pistorum
1429 1660 1558 1694 magister
1574 1668 1581 1686 :
1600 1669 1609 1685 ι
1633 1660 1664 1686 Ει
1678 1667 1728 1694 ego
1743 1659 1799 1686 vidi

1006 1709 1155 1735 somnium:
1169 1708 1244 1742 Quod
1257 1709 1307 1735 tria
1322 1708 1440 1736 canistra
1453 1705 1555 1733 farinae.
1568 1715 1577 1731 ι
1594 1705 1654 1732 Tria
1669 1705 1799 1738 canistra,

1009 1759 1064 1781 tres
1079 1754 1150 1787 quali
1166 1758 1241 1785 sunt,
1256 1762 1317 1788 qua:
1332 1753 1380 1780 tria
1396 1752 1488 1787 gravia
1502 1751 1686 1778 Israelitarnm
1701 1750 1802 1784 ﬂagitia

1008 1803 1172 1832 censentur;
1188 1799 1319 1825 idolorum
1333 1799 1432 1830 cultus,
1444 1803 1536 1824 vatum
1549 1798 1646 1829 ctedes,
1661 1801 1686 1823 et
1698 1797 1802 1824 Christi

1007 1845 1119 1872 occisio.
1140 1854 1149 1870 ι
1177 1844 1310 1872 Ilaberem
1336 1852 1419 1879 super
1443 1849 1524 1878 caput
1544 1849 1644 1875 memn,
1667 1852 1675 1868 I
1702 1842 1726 1869 id
1748 1847 1802 1875 est,

1008 1899 1129 1926 gererent
1145 1898 1238 1917 eorum
1256 1890 1389 1917 facinora.
1409 1899 1417 1915 t
1436 1890 1469 1917 Et
1486 1890 1575 1916 inuno
1588 1889 1717 1921 canistro,
1729 1888 1803 1922 quod

1009 1941 1066 1964 erat
1078 1936 1223 1968 excelsius,
1247 1945 1256 1961 ι
1272 1936 1375 1962 scilicet
1390 1943 1516 1969 supremo
1531 1935 1642 1969 flagitio,
1659 1944 1669 1960 ι
1690 1939 1804 1968 portare

1010 1990 1052 2009 me
1076 1989 1170 2009 omnes
1192 1981 1278 2013 cibos,
1302 1981 1347 2015 qni
1379 1981 1446 2007 linnt
1468 1985 1528 2007 arte
1551 1979 1676 2014 pistoria.
1703 1987 1712 2004 ι
1739 1978 1805 2006 llrec

1008 2033 1108 2055 coetum
1128 2028 1154 2054 in
1176 2034 1223 2054 eos
1242 2035 1273 2054 ex
1302 2026 1367 2053 varii
1392 2026 1501 2061 generis
1524 2025 1677 2052 hominibus
1702 2031 1805 2058 cogenv

1010 2075 1072 2101 dum
1090 2074 1158 2107 (19),
1175 2081 1223 2100 ceu
1243 2073 1274 2099 ad
1293 2080 1362 2107 opus
1378 2071 1477 2107 regalis
1495 2072 1632 2106 potentite,
1649 2071 1804 2106 designant.

1012 2129 1021 2145 ι
1039 2120 1163 2154 Αγεείμιε
1183 2119 1325 2146 comedere
1345 2125 1378 2144 ex
1400 2125 1433 2146 eo
1467 2117 1501 2144 ".
1520 2126 1529 2142 ι
1548 2117 1642 2144 Excisa
1666 2116 1739 2143 enim
1763 2121 1805 2144 est

1011 2170 1120 2200 propter
1153 2165 1255 2192 crimen
1283 2163 1416 2191 interfecti
1458 2162 1559 2190 Christi
1593 2167 1621 2190 et
1648 2161 1802 2189 Judtcorum

1011 2219 1107 2246 graves
1122 2210 1239 2238 olfensas
1259 2210 1457 2245 Hierosolyma.
1478 2219 1487 2236 ι
1509 2208 1657 2243 Respondit
1679 2208 1779 2242 Joscph
1793 2217 1802 2235 :

1010 2258 1072 2285 llaec
1085 2263 1126 2284 est
1143 2256 1333 2291 interpretatio
1354 2255 1464 2283 somnii.
1483 2265 1492 2282 ι
1507 2255 1546 2282 En
1565 2255 1711 2286 somnium,
1728 2255 1803 2288 ejus-

1010 2311 1062 2338 que
1086 2303 1338 2336 interpretationem
1362 2310 1369 2329 :
1395 2310 1404 2326 ι
1421 2301 1484 2328 Tria
1500 2301 1620 2328 canistra
1644 2305 1699 2327 tres
1714 2300 1802 2327 adlmc

974 2195 998 2224 D

1010 2350 1069 2376 dies
1083 2355 1155 2376 sunt.
1175 2357 1183 2374 ι
1204 2348 1310 2375 Abhinc
1328 2353 1383 2375 tres
1398 2348 1466 2380 dies,
1484 2348 1588 2374 scilicet
1600 2355 1614 2374 a
1629 2347 1693 2374 Jesu
1711 2354 1802 2374 resur-
1841 2345 1844 2346 ⁷

1013 2396 1151 2427 rectione;
1167 2403 1176 2420 ι
1197 2399 1257 2428 post
1274 2402 1341 2428 quos
1355 2394 1460 2421 auferet
1474 2394 1580 2421 Pharao
1592 2399 1672 2427 caput
1685 2398 1773 2421 tttum.
1789 2401 1798 2418 ι

1015 2441 1070 2469 Illic
1083 2442 1187 2469 Pharao
1199 2441 1330 2475 pistorum
1347 2441 1506 2474 magistrum
1519 2449 1525 2473 ;
1539 2440 1582 2466 hic
1596 2441 1684 2474 capite
1695 2438 1802 2466 Iudaeos

1017 2492 1124 2515 truncat
1149 2486 1286 2518 Christus,
1313 2487 1358 2521 qui
1378 2485 1504 2521 princeps
1529 2491 1610 2521 atque
1636 2490 1725 2513 rector
1746 2489 1800 2518 cst;

1450 2597 1458 2609 ,
1477 2578 1505 2604 2.
1555 2578 1575 2593 ³¹
1596 2577 1664 2604 Gen.
1687 2585 1736 2607 XL.
1760 2577 1800 2604 10.
1838 2572 1841 2574 ’

1402 2613 1424 2629 ³⁷
1444 2613 1512 2640 Gen.
1534 2621 1577 2646 ιιι,
1601 2612 1643 2640 15.
1664 2613 1687 2628 ³³
1708 2612 1798 2639 Matth.

1217 2579 1239 2595 ³⁸
1261 2578 1340 2606 Joan.
1363 2585 1407 2607 ιν.
1428 2578 1437 2604 ι

1011 2747 1082 2771 cere,
1099 2740 1123 2766 in
1144 2748 1223 2774 quem
1239 2739 1377 2773 conjectus
1389 2746 1429 2768 est
1442 2740 1589 2775 Iosephus,
1608 2740 1677 2767 unde
1693 2739 1750 2767 [nec
1764 2739 1801 2766 al-

1011 2775 1081 2801 lusio
1096 2781 1192 2808 petita.

1047 2810 1103 2844 (l9)
1125 2809 1232 2836 Manum
1250 2815 1277 2836 et
1291 2811 1439 2839 exemitum
1463 2819 1475 2838 ιι
1495 2810 1660 2845 Vespasiano
1676 2810 1802 2838 Hieroso-

1012 2844 1090 2876 lymis
1102 2845 1309 2873 admovendum.
