1955 3080
133 153 188 183 833

715 153 909 184 DI-tLOGUS
926 154 1077 184 CONTRA
1097 155 1256 186 JUD.‘E05.

1706 156 1759 188 8X4

134 215 142 231 I
155 214 187 232 ac
199 206 345 240 suspendet
359 211 383 234 te
395 207 421 234 iii
433 213 524 238 cruce.
539 216 548 233 ι
565 207 649 242 proh!
667 208 791 242 stirpitus
808 209 917 240 delebit,
932 212 954 240 Α
971 210 1051 237 tionis
1065 210 1160 240 frenis.
1175 216 1256 245 atque
1273 211 1306 238 ad
1322 212 1380 246 ejus
1395 216 1493 240 metam
1513 219 1651 240 sacrarum
1673 214 1744 241 Litie

134 261 143 278 ι
158 258 185 279 et
196 252 354 280 lacerabunt
366 253 489 280 volucres
505 261 600 280 carnes
612 259 671 280 tuas
687 254 720 280 λθ.
741 264 749 278 ›
767 254 796 281 lii
814 255 918 281 Israeli-

129 302 218 324 tarum
245 297 412 331 captivitate,
437 303 465 324 ut
490 304 551 325 ante
573 298 702 325 diximus.
734 299 827 333 anue
857 307 919 326 vera

130 351 203 375 esse,
221 343 311 369 audite
326 342 464 370 Clirishiiii
479 344 548 370 inter
562 344 634 378 ipsos
651 345 787 371 truciatu‘
800 346 917 372 mulieri-

130 389 181 416 bus
207 389 460 423 llierosolymitanis
482 390 633 424 loquentem
657 399 664 417 :
684 400 692 416 ι
720 390 794 417 ιτιιιω
812 391 921 418 Jerusa-

131 435 194 468 lem,
221 435 303 463 nolite
327 435 391 462 ﬂere
415 443 495 470 super
521 444 574 468 me,
597 438 644 464 sed
671 445 753 472 super
779 446 826 466 vos
849 439 921 471 ipsas

130 481 205 514 ilcte,
225 485 251 507 et
267 488 348 516 super
365 482 435 508 filios
448 487 555 509 vestros
571 485 719 517 :quoniam
736 492 798 511 ecce
814 484 922 510 venicut

131 527 199 559 dies,
218 527 243 553 in
266 527 365 562 quibus
382 527 473 554 dicent
491 537 497 554 ι
516 528 604 555 Beata:
624 529 740 561 steriles,
759 536 785 556 et
800 536 919 562 ventres,

130 573 177 606 qui
194 581 246 599 non
260 579 427 607 genuerunt,
444 579 470 601 et
486 574 568 601 ubera
586 583 645 609 qua:
663 583 715 602 non
733 575 897 608 lactaverutit
913 585 920 602 :

131 620 195 654 quia
212 619 233 646 si
258 620 283 646 in
301 620 378 646 viridi
406 620 478 654 ligno
500 621 556 648 haec
579 621 692 653 faciunt,
712 622 738 649 in
761 623 837 649 arido
857 623 921 656 quid

132 667 177 692 fiet
192 665 233 691 ⁸ίῖ
250 675 259 690 ι
278 666 306 692 Si
327 666 461 693 insontem
479 674 531 698 me,
547 667 645 702 inquit,
662 668 776 695 Romani
797 669 856 696 neci
874 669 922 696 de-

130 712 239 743 derunt,
258 712 322 746 quid
345 720 398 738 non
427 712 524 739 facient
548 721 595 747 per
612 721 690 740 omne
713 722 798 748 genus
824 714 918 748 ﬂagitii

132 757 261 783 volutatis
271 750 289 783 ?i
304 767 313 782 ι
331 757 432 784 Exinde
445 759 502 785 dies
519 759 612 786 tertius
625 760 763 787 natalitius
773 760 922 788 Pliaraotiis

131 808 212 829 erat:
239 804 283 837 qui
309 802 414 830 facietis
436 804 540 838 grande
564 805 717 832 convivium
741 806 832 839 pueris
853 809 921 839 suis,

130 849 290 875 recordatus
305 854 346 876 est
362 850 432 876 inter
454 851 549 883 epulas
573 851 694 885 magistri
720 852 920 886 piucernarum,

133 901 159 921 et
176 896 305 928 pistorum
318 896 458 930 principis.
472 895 652 931 Restituitque
665 898 780 925 alterum
794 900 818 925 iu
833 900 922 926 locum
940 886 960 914 Β

130 947 220 973 suum,
238 945 265 966 ut
281 941 430 975 pOI'l‘it'et‘t'l
446 942 468 968 ei
486 942 611 976 poculum
626 951 632 969 :
648 943 763 970 alterunt
782 946 925 978 suspendit

130 986 158 1013 in
176 987 295 1020 patibulo
313 987 347 1013 δ’.
366 996 376 1013 ›
389 988 477 1023 Atque
493 988 550 1016 haec
565 989 672 1023 quidem
692 998 736 1016 rex
756 990 862 1018 Pharao
875 999 920 1017 na-

132 1032 177 1059 tali
192 1033 244 1060 sibi
259 1033 301 1059 die
318 1033 389 1060 inter
408 1041 472 1062 suos
487 1034 647 1069 designavit.
660 1035 695 1063 At
707 1036 765 1063 Rex
783 1045 876 1073 regum
890 1045 922 1065 ex

131 1078 247 1105 mortuis
264 1079 358 1110 redux,
385 1079 456 1106 inter
475 1086 584 1108 sanctos
604 1089 655 1108 una
669 1083 824 1116 suscitatos,
851 1091 920 1118 prae-

131 1129 271 1159 gustorum
290 1125 424 1159 magistri,
444 1125 468 1152 id
486 1131 538 1159 est,
556 1127 617 1154 novi
634 1128 736 1162 populi,
757 1129 921 1156 mentionem

132 1171 195 1197 fecit
207 1179 214 1203 ;
232 1171 338 1198 scilicet
348 1179 380 1198 ex
392 1171 463 1206 quali
478 1172 624 1207 impietatis
636 1174 785 1208 praecipitio
795 1175 828 1201 ad
843 1175 923 1209 quale

133 1217 179 1243 Dei
210 1217 312 1244 notitia:
334 1217 470 1251 fastigium
492 1219 673 1252 pervasisset;
695 1227 857 1253 rursumque
877 1219 924 1246 Ju-

132 1261 216 1294 daici,
246 1270 279 1289 ex
309 1263 383 1297 quali
415 1263 567 1298 adoptionis
594 1263 703 1297 fastigio
735 1265 763 1291 in
792 1266 871 1299 quale
894 1273 923 1293 se

131 1307 231 1334 Christi
247 1308 326 1335 caedis
342 1307 500 1335 barathrum
519 1307 700 1337 deturbasset.
724 1309 828 1342 Quibus
844 1310 924 1338 rebus

133 1358 159 1379 et
174 1361 273 1380 novum
288 1354 425 1388 populum,
440 1359 467 1381 ut
481 1355 535 1389 jam
557 1355 624 1387 dixi,
643 1356 749 1382 ornavit
770 1361 851 1390 atque
863 1364 923 1384 ser-

134 1399 219 1432 vavit,
240 1404 266 1426 et
280 1399 421 1427 .ludaicum
439 1401 593 1435 ignominiae
613 1394 639 1428 et
660 1403 765 1430 excidio
782 1403 840 1429 dari
863 1411 924 1437 per-

135 1444 220 1472 misit.
230 1445 276 1472 Siii
293 1446 363 1473 dicat
375 1446 521 1481 quispiam,
533 1451 677 1482 utrumque
690 1448 770 1475 simul
782 1452 809 1475 et
822 1448 924 1482 pariter

135 1498 188 1517 non
203 1491 348 1526 contigisse
362 1500 368 1518 :
384 1497 459 1525 esto;
474 1496 501 1519 at
515 1500 548 1520 ex
574 1501 606 1520 eo
620 1493 662 1520 die
674 1498 817 1529 utruiiiqiie
826 1494 923 1521 scitum

135 1543 313 1572 sanctumque
329 1543 381 1565 est.

403 1584 516 1612 CAI‘ET
536 1585 658 1614 XXVIII.

280 1630 364 1658 Morir
387 1632 498 1658 historia
519 1633 625 1667 mystice
641 1633 781 1666 esp/irata.

172 1675 224 1703 Sed
243 1677 299 1704 haec
315 1677 346 1704 de
360 1677 477 1711 .loseplio
493 1677 637 1710 sufficiant,
652 1684 678 1705 et
693 1678 748 1712 jam
762 1685 844 1712 porro
861 1684 923 1711 pro-

136 1721 280 1755 phetarum
298 1727 430 1755 centrum,
449 1723 592 1754 deisciuin,
618 1729 699 1757 atque
716 1731 730 1750 a
750 1723 805 1751 Deo
827 1725 925 1751 scitum

135 1771 161 1793 et
178 1768 316 1801 cognitum
340 1768 433 1795 Mosen
457 1769 657 1802 aggrediamur.
679 1770 836 1803 Quanquam
862 1770 927 1798 illud

136 1820 244 1847 quoque
266 1814 442 1847 igiioraiiduni
466 1821 518 1840 non
540 1819 593 1846 est,
609 1814 717 1849 Joscplii
736 1816 762 1841 iii
782 1815 925 1850 Aﬂgyptum

136 1858 280 1885 adventum
304 1860 448 1886 secundani
473 1862 642 1894 praesentiam
667 1866 773 1888 notare.
797 1861 864 1888 Nam
899 1866 927 1888 ut

138 1905 183 1932 ille
201 1905 329 1932 fratribus
344 1913 372 1932 se
388 1907 515 1940 prodidit,
539 1907 575 1933 ita
596 1912 623 1934 et
641 1907 725 1934 Judaei
748 1909 854 1935 tandem
877 1909 927 1936 ali-

137 1952 245 1986 quando
260 1951 397 1978 Christum
422 1957 587 1987 agntiSceiit;
602 1958 632 1979 tit
650 1953 701 1980 fert
723 1955 773 1981 hoc
789 1954 928 1982 Zacharia:

138 1997 276 2032 prophetae
298 1996 409 2024 effatum
435 2007 441 2025 :
462 2008 471 2024 ι
500 1998 532 2025 Et
549 1999 681 2033 aspicient
697 2001 729 2026 ad
757 2009 817 2033 ine,
849 2009 927 2035 quem

139 2043 312 2068 conlixei'uut
324 2042 358 2069 ⁸³.
377 2052 386 2068 ι
404 2043 431 2069 Et
451 2044 678 2077 quemadmodum
691 2045 752 2072 illos
768 2046 928 2080 paenitentia

138 2087 246 2120 ductos,
264 2095 297 2114 ex
312 2087 465 2116 Οιιριιιειιιωει
485 2089 517 2116 ad
535 2097 564 2116 se
586 2089 774 2122 adventantes,
797 2090 930 2127 Joseplitis

140 2141 200 2160 cuni
218 2135 291 2160 omni
308 2134 410 2161 familia
425 2135 508 2167 aluit;
522 2135 563 2162 sic
581 2141 715 2170 quotquot
731 2141 786 2164 toto
799 2137 850 2165 hoc
865 2139 931 2165 orbe

140 2178 247 2206 Judaici
269 2180 386 2207 nominis
405 2187 480 2212 sunt,
500 2182 521 2208 si
536 2181 852 2215 pceiiiteiiles.(lliristum
869 2191 931 2210 vere

961 623 1055 645 ‘tiilein
1066 639 1073 650 ,

971 263 1062 282 rarum
1080 261 1208 290 tauquam
1230 257 1368 284 curriculo
1390 259 1511 289 reducto,
1531 265 1580 292 pro
1595 258 1664 285 virili
1684 260 1761 285 auri-

971 301 1041 336 gari.
1057 301 1140 336 lgitur
1152 301 1254 328 circum
1271 301 1360 328 Mosen
1379 310 1411 329 ac
1428 302 1584 337 Egypttiiii,
1599 308 1625 329 et
1641 302 1761 329 Pharao-

972 354 1044 378 nem,
1059 347 1171 381 ejusque
1184 348 1266 373 duces
1284 354 1394 374 currum
1416 348 1534 380 ducturi,
1553 356 1602 383 age
1615 348 1641 375 in
1662 341 1759 383 primis

972 392 1104 426 cujusque
1134 392 1360 426 significationem
1389 393 1509 420 edamus.
1542 394 1686 422 Enimvero
1720 395 1760 422 sic

974 437 1127 465 habendum
1141 443 1192 470 est,
1211 437 1302 465 Mosen
1321 439 1371 465 mei
1384 438 1482 465 Christi
1501 447 1531 466 ac
1547 440 1698 468 Servatot‘is
1714 441 1759 467 Dei

973 483 1088 518 ﬁguram
1103 484 1313 518 exemplumque
1336 483 1418 516 ferre,
1442 483 1587 518 AEgyptum
1603 484 1675 517 Orci,
1690 485 1760 511 Pha-

973 536 1084 555 raonem
1097 529 1207 562 diaboli,
1220 529 1266 564 qui
1281 533 1368 556 tuente
1384 529 1547 556 informatus
1561 530 1636 563 qua~i
1652 530 1760 563 quidam

973 573 1077 600 Pharao
1089 578 1140 605 est,
1159 582 1212 600 non
1236 574 1361 608 equidem
1381 574 1529 601 secundum
1550 574 1651 608 regiam
1674 575 1762 608 (ligni-

1108 619 1154 646 sed
1184 620 1308 646 elationis
1337 619 1557 649 frustratioux-ni,
1591 620 1674 646 duces
1702 619 1761 652 ejus

973 664 1082 698 angelos
1112 669 1139 691 et
1167 672 1276 698 operas.
1308 664 1367 691 Jani
1396 666 1494 699 figuras
1519 665 1617 692 vidcte.
1647 664 1712 691 Nam
1734 669 1787 702 ιιι,

973 711 1062 738 Moses
1084 718 1098 737 a
1124 710 1270 737 Pharaone
1296 711 1414 744 profugit
1445 711 1479 744 ⁵⁵,
1508 713 1550 738 sic
1577 711 1700 738 Chri~tus
1729 718 1763 738 ex

973 755 1091 791 (Egypto
1124 757 1149 782 in
1179 756 1298 783 Judmam
1328 757 1472 789 concessit,
1505 757 1574 784 Osce
1602 758 1673 784 vatis
1692 757 1763 784 dicto

949 816 951 818 -
974 802 1176 837 coniprobando
1186 811 1207 829 ει
1221 802 1259 829 Ex
1269 802 1386 838 .‘Egypto
1400 804 1490 830 vocavi
1509 803 1592 829 filiitui
1605 812 1691 830 meum
1705 803 1736 830 ⁸⁸.
1752 812 1761 829 ι

977 849 1022 876 Ille
1048 849 1081 876 ad
1113 848 1273 876 Madiaiiitas
1296 849 1445 882 ingressus,
1473 850 1620 876 Secundum
1652 854 1762 884 ριιιιιιιιιι

976 896 1098 923 consedit
1119 895 1161 922 ιτς
1186 895 1264 922 Jesus
1289 903 1322 922 ex
1349 897 1445 922 itinere
1469 896 1596 931 fatigatus
1616 897 1763 923 secundum

977 941 1076 969 fontem
1103 942 1136 969 ⁸⁸.
1168 941 1226 968 Illic
1253 941 1373 976 pontifex
1404 941 1546 968 Madiaiiita
1568 945 1669 976 septem
1696 941 1765 968 tilias

976 989 1102 1020 liabtbat,
1117 995 1176 1023 qua:
1193 989 1251 1022 ejus
1273 996 1338 1015 oves
1363 994 1506 1022 past-cient
1527 988 1567 1020 ης
1588 987 1631 1014 hic
1646 987 1765 1021 septenis

975 1033 1092 1069 Spiritus
1118 1034 1208 1067 donis,
1224 1033 1280 1061 Deo
1294 1039 1320 1060 et
1334 1033 1408 1060 Patri
1427 1033 1546 1068 gentium
1572 1032 1703 1064 Ecclesia.
1731 1039 1763 1060 ex

976 1081 1043 1108 varii
1060 1080 1168 1116 generis
1179 1085 1262 1115 atque
1277 1081 1374 1115 linguae
1391 1080 1547 1106 mortalibus
1560 1079 1665 1110 coacta,
1679 1079 1766 1113 pasci-

974 1131 1028 1158 tur,
1046 1127 1165 1154 demissa
1191 1126 1362 1153 haereditaria
1389 1126 1538 1159 impietate.
1561 1125 1619 1152 Illic
1639 1124 1767 1158 Raguelis

974 1173 1037 1200 ﬁlia:
1059 1173 1086 1199 in
1108 1172 1201 1199 Mosen
1218 1172 1355 1204 incidunt;
1374 1171 1416 1198 hie
1435 1171 1461 1198 in
1479 1171 1616 1198 Christum
1633 1178 1664 1197 ex
1681 1171 1768 1203 genti-

973 1219 1023 1246 bus
1048 1224 1127 1252 iiatae,
1158 1225 1271 1253 quarum
1289 1218 1374 1252 prima
1399 1217 1487 1244 adfuit
1509 1225 1525 1244 e
1558 1216 1691 1243 Samaria.
1713 1215 1768 1244 Illic

973 1265 1112 1292 venientes
1146 1269 1270 1300 pastores
1297 1271 1345 1291 eas
1369 1264 1519 1297 pellebant;
1545 1262 1596 1290 'hic
1621 1263 1768 1298 Synagtigze

974 1311 1126 1345 pontifices,
1144 1315 1171 1338 et
1186 1315 1308 1345 pastores
1321 1315 1429 1337 exteras
1451 1309 1691 1343 persequebantur.
1708 1307 1765 1334 [llic

974 1364 1088 1391 surgens
1104 1356 1204 1388 Moses,
1224 1355 1372 1390 profligatis
1388 1355 1554 1389 pastoribus,
1572 1360 1600 1380 et
1615 1361 1712 1388 aquam
1728 1353 1768 1380 eis

974 1403 1077 1435 hausit,
1094 1407 1121 1430 et
1139 1409 1221 1438 pecus
1236 1401 1381 1436 adaquavit
1395 1401 1428 1428 πθ.
1446 1400 1495 1427 Hic
1509 1400 1633 1428 Christus
1648 1407 1678 1427 ex
1699 1406 1770 1426 mor-

974 1449 1028 1475 tuis
1043 1455 1196 1482 resurgens,
1215 1447 1343 1475 scelestos
1367 1452 1397 1474 et'
1408 1446 1490 1474 falsos
1505 1450 1628 1480 pastores
1648 1444 1764 1479 fugavit,

973 1495 1078 1529 sibique
1094 1494 1184 1535 .fi‘dein
1207 1494 1346 1525 habentes,
1372 1500 1441 1526 aqua
1467 1493 1537 1524 viva,
1559 1492 1587 1522 id
1607 1496 1659 1523 est,
1676 1491 1769 1517 divino

937 1556 961 1586 ο
976 1548 1024 1567 suo
1042 1540 1201 1574 caelestique
1212 1540 1348 1573 przeconio
1363 1538 1479 1573 rigavit;
1495 1538 1619 1564 addens:
1636 1546 1644 1562 ι
1661 1536 1688 1564 Si
1706 1537 1768 1586 quis

976 1587 1043 1617 sitit,
1062 1586 1152 1613 veniat
1167 1585 1199 1612 ad
1215 1593 1269 1616 me,
1285 1589 1311 1611 et
1328 1585 1403 1611 bibat
1415 1584 1448 1611 5'.
1467 1593 1476 1610 ›
1495 1583 1549 1610 Illae
1567 1583 1692 1618 Ragnelis
1707 1582 1770 1609 ﬁlim

976 1633 1008 1659 ad
1026 1638 1128 1666 patrem
1145 1639 1225 1659 suum
1240 1639 1381 1665 regressaz,
1398 1631 1480 1657 Mosis
1495 1630 1612 1657 studium
1628 1636 1769 1657 commen-

976 1678 1042 1705 dant
1073 1678 1114 1711 ⁸³;
1143 1677 1315 1704 Samaritana
1347 1677 1380 1703 ad
1411 1676 1531 1703 Natalem
1564 1682 1683 1707 reversa,
1716 1674 1769 1701 mei

978 1721 1132 1750 Servaloris
1157 1722 1360 1757 amplitudinem
1379 1722 1519 1755 praedicat.
1548 1720 1648 1755 [taguel
1671 1720 1770 1754 quaerit

978 1778 1009 1796 ex
1022 1769 1136 1801 filiabus,
1150 1769 1193 1796 ubi
1208 1768 1260 1795 sit?
1272 1770 1446 1795 accerserent
1457 1767 1663 1800 honiineni,quo
1680 1766 1770 1792 cibum

978 1820 1096 1850 caperet.
1119 1814 1168 1842 Hic
1186 1815 1305 1842 caelestis
1328 1814 1426 1849 panis:
1450 1823 1459 1839 ι
1478 1813 1532 1848 Ego
1552 1813 1652 1845 cibum,
1670 1813 1770 1857 inqpit,

978 1862 1082 1893 habeo,
1114 1861 1289 1892 manducare,
1313 1867 1391 1894 quem
1419 1867 1467 1886 vos
1495 1859 1605 1886 nescitis
1626 1859 1658 1885 ⁵³.
1685 1857 1772 1885 Moses

979 1907 1014 1934 ibi
1031 1907 1099 1940 apud
1114 1907 1249 1933 hominem
1271 1906 1353 1940 degit,
1370 1905 1448 1939 eique
1468 1904 1512 1931 ille
1526 1903 1673 1938 Sephoram
1690 1903 1771 1929 filiam

979 1952 1066 1979 elocat
1082 1951 1127 1979 ηε
1159 1959 1234 1978 incus
1260 1950 1389 1978 Servator
1415 1950 1441 1976 in
1466 1949 1589 1976 Samaria
1616 1948 1771 1979 cousitleiis.

982 2004 1010 2024 et
1031 2005 1091 2024 eam
1115 1998 1288 2030 collustrans,
1313 1997 1408 2037 bellam
1430 1996 1549 2030 gentium
1568 1994 1713 2022 Ecclesiam
1727 1995 1775 2020 de-

981 2048 1115 2078 sponsat:
1147 2050 1209 2070 nam
1237 2042 1361 2077 Sephora
1385 2041 1487 2069 Judaeis
1512 2041 1621 2072 bellam,
1646 2047 1694 2067 seu
1718 2038 1775 2066 col-

981 2090 1166 2117 lustraiioneiii
1188 2094 1275 2116 notat.
1299 2089 1358 2116 Jain
1371 2096 1436 2115 vero
1454 2089 1523 2115 duos
1535 2086 1615 2114 Mosis
1638 2086 1706 2113 ﬁlios
1723 2085 1773 2112 ob-

982 2141 1099 2168 servate,
1116 2136 1161 2170 qui
1179 2136 1212 2162 ad
1225 2136 1277 2162 duo
1293 2135 1394 2162 latdera
1413 2135 1569 2166 trahuntur,
1589 2141 1706 2168 quorum
1729 2132 1773 2159 lex

983 2181 1105 2209 Gcrsaiiii
1123 2182 1231 2208 nomine
1246 2186 1400 2213 censeatur,
1416 2181 1461 2215 qui
1486 2180 1596 2214 quidem
1613 2179 1774 2214 peregrinus

142 2225 188 2252 Dei
221 2225 319 2252 Filium
343 2226 543 2260 confiteantur,
575 2233 622 2254 eos
653 2227 757 2254 caelesti
775 2233 802 2255 et
819 2229 929 2256 immor.
944 2223 970 2252 D
985 2228 1089 2260 fuerat;
1105 2227 1222 2254 nonduin
1234 2226 1306 2253 enim
1319 2227 1344 2253 iii
1356 2226 1517 2261 promissam
1528 2230 1627 2252 terram
1646 2224 1775 2251 Israelita:

143 2271 187 2298 tali
204 2279 273 2305 pane
291 2272 355 2305 alet,
374 2278 402 2299 ut
419 2273 445 2300 in
460 2273 605 2308 Evangelia
618 2278 751 2301 testatur:
773 2283 783 2300 ι
803 2274 857 2309 Ego
871 2281 930 2301 sum

142 2318 220 2351 panis
243 2318 330 2350 vivus,
352 2318 398 2353 qui
421 2320 454 2346 de
470 2319 539 2346 coelo
554 2320 692 2346 descendi.
711 2320 762 2353 Qui
786 2321 933 2349 manducet

143 2372 232 2391 nit-am
258 2371 380 2396 carnem,
407 2370 433 2392 et
455 2365 524 2392 bibit
551 2373 640 2393 meum
660 2367 832 2401 sanguinem,
854 2367 933 2394 habet

143 2412 225 2438 vitam
250 2416 398 2443 aeternam,
417 2421 426 2436 ι
445 2416 472 2438 et
489 2412 516 2438 in
530 2412 661 2447 judicium
684 2421 737 2440 non
757 2414 845 2440 veniet
865 2413 933 2447 (20),

144 2458 190 2484 sed
211 2455 289 2491 t'cgo
313 2458 482 2484 resuscitalio
505 2466 566 2485 eum
590 2459 617 2486 in
643 2459 792 2487 novissimo
810 2461 852 2487 die
873 2460 903 2485 ”.
922 2469 932 2486 ι

145 2503 357 2530 Suscitationem
376 2504 419 2531 hic
431 2504 566 2532 iioiiillain
582 2511 762 2539 mortuorum,
774 2514 826 2541 qua
841 2514 937 2534 omnes

146 2549 294 2576 suscitaiidi
308 2555 381 2581 sunt,
399 2550 446 2576 sed
475 2549 627 2577 decessoris
643 2551 750 2584 Adami,
768 2552 936 2586 significans.

181 2595 234 2622 Sed
256 2594 429 2630 tempusjam
447 2601 499 2628 est.
515 2597 602 2630 captis
625 2596 751 2625 Mosaicae
772 2599 937 2633 interpreta-

183 2688 206 2704 ἰο
227 2688 311 2714 Exod.
334 2696 367 2716 ii.
389 2688 433 2715 15.
480 2686 500 2702 ⁸¹
522 2686 588 2713 Luc.
610 2694 686 2719 xiiiti,
706 2687 751 2719 28,
770 2686 816 2714 ‘29.
853 2687 875 2703 δ’
894 2686 962 2714 Gen.

190 2723 256 2749 Gen.
280 2731 323 2749 ιι..
354 2725 397 2749 Η.
446 2723 469 2739 ⁴⁶
489 2722 557 2749 Osce
579 2729 621 2749 iit.
642 2722 668 2748 1.
717 2721 738 2738 ⁵⁷
759 2722 844 2749 Exod.
867 2731 902 2749 ii.
924 2722 962 2748 15η

148 2725 170 2740 ⁵³
190 2723 256 2750 Ceu.
280 2731 323 2753 ιιι,
354 2725 397 2749 tit.
446 2723 469 2739 “
489 2722 557 2749 Osce
579 2729 621 2753 iii,
642 2722 668 2748 1.

148 2766 225 2792 seqq.
262 2758 284 2774 ’ί
304 2757 380 2785 Joan.
405 2766 451 2789 vn,
471 2758 515 2785 57.
554 2757 577 2774 ⁶¹
598 2756 682 2784 Exod.
705 2764 733 2788 ti,
756 2758 797 2784 l9.

185 2849 243 2882 (20)
263 2847 326 2874 Hu-c
344 2856 395 2875 non
412 2852 474 2876 sunt
490 2848 516 2875 in
533 2848 658 2882 Vulgata.

835 2757 858 2772 “
876 2757 954 2784 Joun.
977 2765 1014 2788 IV,
1033 2757 1078 2784 3'3.

984 2272 1155 2304 invaserant;
1174 2270 1287 2298 Gcrsani
1314 2275 1404 2297 autem
1424 2269 1524 2297 Judaeis
1545 2270 1615 2296 idem
1637 2274 1689 2300 est,
1703 2268 1774 2302 quod

983 2319 1146 2352 peregrinus.
1168 2317 1253 2344 l’orro
1277 2317 1382 2344 Eliezcr
1403 2317 1463 2344 nevi
1481 2317 1591 2344 foederis
1602 2315 1702 2343 Christi
1725 2315 1776 2341 llo-

985 2365 1050 2391 mini
1069 2365 1152 2398 figura
1170 2368 1231 2396 est;
1256 2363 1356 2398 quippe
1376 2363 1428 2390 hoc
1443 2363 1545 2390 foedere
1573 2361 1690 2390 ineundo
1704 2361 1777 2388 Deus

985 2410 1064 2438 terris
1079 2409 1237 2445 opitulatus,
1255 2417 1302 2437 eas
1314 2418 1328 2436 a
1343 2408 1436 2436 fraude
1454 2409 1511 2444 (2i)
1529 2408 1686 2436 vindicavit.
1708 2406 1774 2433 Nam

989 2456 1092 2484 Elieler
1107 2455 1207 2483 Judteis
1219 2456 1330 2490 perinde
1344 2460 1386 2483 est
1403 2463 1434 2483 ac
1450 2457 1471 2481 si
1483 2455 1558 2482 dicas
1571 2453 1727 2488 opitulator.

1023 2503 1076 2530 Sed
1095 2507 1205 2537 praestat
1219 2501 1303 2529 Exodi
1314 2509 1422 2536 quoque
1435 2501 1592 2528 vaticinium
1606 2500 1687 2527 verbo
1699 2500 1787 2526 tenus‘

985 2557 1139 2578 recensere.
1164 2558 1174 2575 ι
1200 2548 1263 2575 Post
1295 2547 1408 2574 multum
1428 2555 1491 2574 vero
1513 2547 1652 2581 temporis.
1671 2555 1680 2572 ›
1700 2546 1776 2579 Quod

989 2595 1119 2630 temporis
1132 2594 1204 2628 longi
1223 2592 1343 2627 spatium
1360 2592 1488 2626 propheta
1507 2591 1660 2627 significat?
1682 2590 1778 2619 Deﬂeti

984 2693 1028 2716 XL.
1049 2686 1094 2712 20.
1133 2685 1156 2700 ⁴³
1176 2684 1258 2711 Ζιιριι.
1273 2677 1275 2680 ’
1292 2693 1349 2716 xu,
1382 2685 1425 2712 10.
1462 2683 1485 2700 ⁸⁸
1505 2683 1583 2710 Joau.
1604 2691 1645 2716 vi,
1666 2683 1711 2715 5|,
1732 2683 1778 2711 54.

1007 2722 1029 2737 ⁸⁸
1047 2721 1125 2747 Juan.
1148 2729 1182 2751 ιν,
1205 2720 1230 2746 6.
1268 2720 1291 2736 ⁶⁹
1313 2721 1396 2747 Emd.
1420 2727 1448 2751 ll,
1471 2720 1512 2752 16,
1534 2720 1576 2747 18.

1116 2757 1140 2771 ⁸³
1160 2755 1245 2782 Exod.
1267 2764 1297 2788 ιι,
1318 2755 1362 2782 “At.

186 2885 242 2918 (2t;
264 2884 374 2911 Scilicet
392 2885 504 2916 diaboli,
517 2885 652 2918 quomodo
665 2884 745 2912 etiam
760 2883 885 2916 suapicor
899 2883 1052 2915 legendum.

1614 2721 1637 2736 ιο
1658 2720 1727 2754 initi,
1744 2720 1778 2747 ιι)
1825 2737 1831 2741 ι
