  <div class='ocr_page' id='page_1' title='image "/cluster/home/n/w/nwhite01/storage/ocr_20150623/133/njp.32101007797895/441.png"; bbox 0 0 1955 3080; ppageno 0'>
   <div class='ocr_carea' id='block_1_1' title="bbox 163 119 218 151">
    <p class='ocr_par' dir='ltr' id='par_1_1' title="bbox 163 119 218 151">
     <span class='ocr_line' id='line_1_1' title="bbox 163 119 218 151; baseline 0.036 -2"><span class='ocrx_word' id='word_1_1' title='bbox 163 119 218 151; x_wconf 67' lang='lat'><strong>8&#39;35</strong></span> 
     </span>
    </p>
   </div>
   <div class='ocr_carea' id='block_1_2' title="bbox 748 111 1160 143">
    <p class='ocr_par' dir='ltr' id='par_1_2' title="bbox 748 111 1160 143">
     <span class='ocr_line' id='line_1_2' title="bbox 748 111 1160 143; baseline -0.007 0"><span class='ocrx_word' id='word_1_2' title='bbox 748 111 965 143; x_wconf 69' lang='lat' dir='ltr'><strong>ANDRONICI</strong></span> <span class='ocrx_word' id='word_1_3' title='bbox 986 111 1160 141; x_wconf 60' lang='lat' dir='ltr'><strong>COSINENI</strong></span> 
     </span>
    </p>
   </div>
   <div class='ocr_carea' id='block_1_3' title="bbox 1736 109 1792 140">
    <p class='ocr_par' dir='ltr' id='par_1_3' title="bbox 1736 109 1792 140">
     <span class='ocr_line' id='line_1_3' title="bbox 1736 109 1792 140; baseline 0.018 -1"><span class='ocrx_word' id='word_1_4' title='bbox 1736 109 1792 140; x_wconf 57' lang='lat'><strong>8‘6</strong></span> 
     </span>
    </p>
   </div>
   <div class='ocr_carea' id='block_1_4' title="bbox 163 168 1792 207">
    <p class='ocr_par' dir='ltr' id='par_1_4' title="bbox 163 168 1792 207">
     <span class='ocr_line' id='line_1_4' title="bbox 163 168 1792 207; baseline -0.004 -5"><span class='ocrx_word' id='word_1_5' title='bbox 163 175 297 203; x_wconf 75' lang='lat' dir='ltr'><strong>mortalis.</strong></span> <span class='ocrx_word' id='word_1_6' title='bbox 317 183 327 200; x_wconf 87' lang='lat'><strong>1</strong></span> <span class='ocrx_word' id='word_1_7' title='bbox 351 172 563 207; x_wconf 81' lang='lat' dir='ltr'><strong>Ingemiscentes</strong></span> <span class='ocrx_word' id='word_1_8' title='bbox 583 171 630 198; x_wconf 87' lang='lat' dir='ltr'><strong>Iilii</strong></span> <span class='ocrx_word' id='word_1_9' title='bbox 651 171 747 203; x_wconf 90' lang='lat' dir='ltr'><strong>Israel,</strong></span> <span class='ocrx_word' id='word_1_10' title='bbox 763 181 771 197; x_wconf 78' lang='grc' dir='ltr'><strong>ι</strong></span> <span class='ocrx_word' id='word_1_11' title='bbox 787 171 812 197; x_wconf 88' lang='lat' dir='ltr'><strong>id</strong></span> <span class='ocrx_word' id='word_1_12' title='bbox 828 176 878 202; x_wconf 82' lang='lat' dir='ltr'><strong>est,</strong></span> <span class='ocrx_word' id='word_1_13' title='bbox 891 178 954 196; x_wconf 87' lang='lat' dir='ltr'><strong>sau-</strong></span> <span class='ocrx_word' id='word_1_14' title='bbox 968 170 990 198; x_wconf 79' lang='grc' dir='ltr'><strong>Α</strong></span> <span class='ocrx_word' id='word_1_15' title='bbox 1007 170 1144 203; x_wconf 84' lang='lat' dir='ltr'><strong>apparari.</strong></span> <span class='ocrx_word' id='word_1_16' title='bbox 1164 179 1173 195; x_wconf 96' lang='lat'><strong>1</strong></span> <span class='ocrx_word' id='word_1_17' title='bbox 1191 169 1222 196; x_wconf 83' lang='lat' dir='ltr'><strong>Et</strong></span> <span class='ocrx_word' id='word_1_18' title='bbox 1237 169 1292 195; x_wconf 88' lang='lat' dir='ltr'><strong>ait:</strong></span> <span class='ocrx_word' id='word_1_19' title='bbox 1318 168 1373 204; x_wconf 77' lang='lat' dir='ltr'><strong>Ego</strong></span> <span class='ocrx_word' id='word_1_20' title='bbox 1392 176 1451 196; x_wconf 86' lang='lat' dir='ltr'><strong>sum</strong></span> <span class='ocrx_word' id='word_1_21' title='bbox 1467 169 1538 196; x_wconf 86' lang='lat' dir='ltr'><strong>Deus</strong></span> <span class='ocrx_word' id='word_1_22' title='bbox 1554 170 1640 204; x_wconf 85' lang='lat' dir='ltr'><strong>patris</strong></span> <span class='ocrx_word' id='word_1_23' title='bbox 1651 171 1700 202; x_wconf 84' lang='lat' dir='ltr'><strong>tui,</strong></span> <span class='ocrx_word' id='word_1_24' title='bbox 1718 170 1792 197; x_wconf 83' lang='lat' dir='ltr'><strong>Deus</strong></span> 
     </span>
    </p>
   </div>
   <div class='ocr_carea' id='block_1_5' title="bbox 163 217 953 253">
    <p class='ocr_par' dir='ltr' id='par_1_5' title="bbox 163 217 953 253">
     <span class='ocr_line' id='line_1_5' title="bbox 163 217 953 253; baseline -0.008 -6"><span class='ocrx_word' id='word_1_25' title='bbox 163 227 271 249; x_wconf 87' lang='lat' dir='ltr'><strong>ctorutn</strong></span> <span class='ocrx_word' id='word_1_26' title='bbox 281 227 385 251; x_wconf 85' lang='lat' dir='ltr'><strong>manes,</strong></span> <span class='ocrx_word' id='word_1_27' title='bbox 400 218 469 253; x_wconf 89' lang='lat' dir='ltr'><strong>apttd</strong></span> <span class='ocrx_word' id='word_1_28' title='bbox 487 217 589 244; x_wconf 78' lang='lat' dir='ltr'><strong>inferos</strong></span> <span class='ocrx_word' id='word_1_29' title='bbox 601 217 713 252; x_wconf 80' lang='lat' dir='ltr'><strong>captivi,</strong></span> <span class='ocrx_word' id='word_1_30' title='bbox 725 226 734 242; x_wconf 95' lang='lat'><strong>1</strong></span> <span class='ocrx_word' id='word_1_31' title='bbox 747 222 857 252; x_wconf 86' lang='lat' dir='ltr'><strong>propter</strong></span> <span class='ocrx_word' id='word_1_32' title='bbox 871 223 953 249; x_wconf 83' lang='lat' dir='ltr'><strong>opera</strong></span> 
     </span>
    </p>
   </div>
   <div class='ocr_carea' id='block_1_6' title="bbox 164 261 953 298">
    <p class='ocr_par' dir='ltr' id='par_1_6' title="bbox 164 261 953 298">
     <span class='ocr_line' id='line_1_6' title="bbox 164 261 953 298; baseline -0.009 -5"><span class='ocrx_word' id='word_1_33' title='bbox 164 265 305 294; x_wconf 79' lang='lat' dir='ltr'><strong>vociierati</strong></span> <span class='ocrx_word' id='word_1_34' title='bbox 320 270 399 296; x_wconf 87' lang='lat' dir='ltr'><strong>sunt;</strong></span> <span class='ocrx_word' id='word_1_35' title='bbox 414 263 589 298; x_wconf 84' lang='lat' dir='ltr'><strong>ascenditque</strong></span> <span class='ocrx_word' id='word_1_36' title='bbox 604 263 707 289; x_wconf 88' lang='lat' dir='ltr'><strong>clamor</strong></span> <span class='ocrx_word' id='word_1_37' title='bbox 715 270 808 289; x_wconf 90' lang='lat' dir='ltr'><strong>eorum</strong></span> <span class='ocrx_word' id='word_1_38' title='bbox 822 262 855 288; x_wconf 88' lang='lat' dir='ltr'><strong>ad</strong></span> <span class='ocrx_word' id='word_1_39' title='bbox 871 261 953 288; x_wconf 86' lang='lat' dir='ltr'><strong>Deum</strong></span> 
     </span>
    </p>
   </div>
   <div class='ocr_carea' id='block_1_7' title="bbox 166 307 953 346">
    <p class='ocr_par' dir='ltr' id='par_1_7' title="bbox 166 307 953 346">
     <span class='ocr_line' id='line_1_7' title="bbox 166 307 953 346; baseline -0.008 -7"><span class='ocrx_word' id='word_1_40' title='bbox 166 313 201 339; x_wconf 85' lang='lat' dir='ltr'><strong>ab</strong></span> <span class='ocrx_word' id='word_1_41' title='bbox 218 312 347 346; x_wconf 71' lang='lat' dir='ltr'><strong>opt-tibus</strong></span> <span class='ocrx_word' id='word_1_42' title='bbox 360 312 394 337; x_wconf 83' lang='grc'><strong>⁵⁵.</strong></span> <span class='ocrx_word' id='word_1_43' title='bbox 412 320 422 336; x_wconf 71' lang='grc' dir='ltr'><strong>ι</strong></span> <span class='ocrx_word' id='word_1_44' title='bbox 437 311 497 337; x_wconf 81' lang='lat' dir='ltr'><strong>Alio</strong></span> <span class='ocrx_word' id='word_1_45' title='bbox 520 310 647 337; x_wconf 86' lang='lat' dir='ltr'><strong>dicente:</strong></span> <span class='ocrx_word' id='word_1_46' title='bbox 663 319 671 334; x_wconf 97' lang='lat'><strong>1</strong></span> <span class='ocrx_word' id='word_1_47' title='bbox 693 309 764 335; x_wconf 69' lang='lat' dir='ltr'><strong>l-Zduc</strong></span> <span class='ocrx_word' id='word_1_48' title='bbox 784 309 817 335; x_wconf 88' lang='lat' dir='ltr'><strong>de</strong></span> <span class='ocrx_word' id='word_1_49' title='bbox 832 307 953 334; x_wconf 63' lang='grc' dir='ltr'><strong>(υςιούτε</strong></span> 
     </span>
    </p>
   </div>
   <div class='ocr_carea' id='block_1_8' title="bbox 165 352 953 389">
    <p class='ocr_par' dir='ltr' id='par_1_8' title="bbox 165 352 953 389">
     <span class='ocr_line' id='line_1_8' title="bbox 165 352 953 389; baseline -0.006 -6"><span class='ocrx_word' id='word_1_50' title='bbox 165 358 282 384; x_wconf 78' lang='lat' dir='ltr'><strong>animam</strong></span> <span class='ocrx_word' id='word_1_51' title='bbox 301 363 387 382; x_wconf 86' lang='lat' dir='ltr'><strong>meant</strong></span> <span class='ocrx_word' id='word_1_52' title='bbox 408 356 451 389; x_wconf 81' lang='lat'><strong>&quot;;</strong></span> <span class='ocrx_word' id='word_1_53' title='bbox 470 365 479 381; x_wconf 69' lang='grc' dir='ltr'><strong>ι</strong></span> <span class='ocrx_word' id='word_1_54' title='bbox 496 355 549 382; x_wconf 87' lang='lat' dir='ltr'><strong>aiio</strong></span> <span class='ocrx_word' id='word_1_55' title='bbox 566 364 574 382; x_wconf 84' lang='lat'><strong>:</strong></span> <span class='ocrx_word' id='word_1_56' title='bbox 598 364 606 380; x_wconf 94' lang='lat'><strong>1</strong></span> <span class='ocrx_word' id='word_1_57' title='bbox 629 354 708 386; x_wconf 85' lang='lat' dir='ltr'><strong>Deus,</strong></span> <span class='ocrx_word' id='word_1_58' title='bbox 725 353 838 380; x_wconf 83' lang='lat' dir='ltr'><strong>ostende</strong></span> <span class='ocrx_word' id='word_1_59' title='bbox 859 352 953 378; x_wconf 57' lang='lat' dir='ltr'><strong>faciem</strong></span> 
     </span>
    </p>
   </div>
   <div class='ocr_carea' id='block_1_9' title="bbox 167 398 955 435">
    <p class='ocr_par' dir='ltr' id='par_1_9' title="bbox 167 398 955 435">
     <span class='ocr_line' id='line_1_9' title="bbox 167 398 955 435; baseline -0.01 -4"><span class='ocrx_word' id='word_1_60' title='bbox 167 410 252 434; x_wconf 85' lang='lat' dir='ltr'><strong>tuam,</strong></span> <span class='ocrx_word' id='word_1_61' title='bbox 277 409 303 429; x_wconf 89' lang='lat' dir='ltr'><strong>et</strong></span> <span class='ocrx_word' id='word_1_62' title='bbox 327 403 393 430; x_wconf 83' lang='lat' dir='ltr'><strong>salvi</strong></span> <span class='ocrx_word' id='word_1_63' title='bbox 417 404 520 430; x_wconf 82' lang='lat' dir='ltr'><strong>erimus</strong></span> <span class='ocrx_word' id='word_1_64' title='bbox 539 402 581 435; x_wconf 72' lang='lat'><strong>&#39;7;</strong></span> <span class='ocrx_word' id='word_1_65' title='bbox 609 410 618 427; x_wconf 79' lang='grc' dir='ltr'><strong>ι</strong></span> <span class='ocrx_word' id='word_1_66' title='bbox 637 401 711 427; x_wconf 82' lang='lat' dir='ltr'><strong>alio:</strong></span> <span class='ocrx_word' id='word_1_67' title='bbox 736 409 744 425; x_wconf 96' lang='lat'><strong>1</strong></span> <span class='ocrx_word' id='word_1_68' title='bbox 761 399 796 425; x_wconf 84' lang='lat' dir='ltr'><strong>De</strong></span> <span class='ocrx_word' id='word_1_69' title='bbox 816 398 955 433; x_wconf 80' lang='lat' dir='ltr'><strong>profundis</strong></span> 
     </span>
    </p>
   </div>
   <div class='ocr_carea' id='block_1_10' title="bbox 167 445 954 481">
    <p class='ocr_par' dir='ltr' id='par_1_10' title="bbox 167 445 954 481">
     <span class='ocr_line' id='line_1_10' title="bbox 167 445 954 481; baseline -0.008 -6"><span class='ocrx_word' id='word_1_70' title='bbox 167 449 281 475; x_wconf 70' lang='lat' dir='ltr'><strong>clamavi</strong></span> <span class='ocrx_word' id='word_1_71' title='bbox 314 449 348 474; x_wconf 86' lang='lat' dir='ltr'><strong>ad</strong></span> <span class='ocrx_word' id='word_1_72' title='bbox 377 453 413 481; x_wconf 87' lang='lat' dir='ltr'><strong>le,</strong></span> <span class='ocrx_word' id='word_1_73' title='bbox 442 447 572 479; x_wconf 78' lang='lat' dir='ltr'><strong>Domine,</strong></span> <span class='ocrx_word' id='word_1_74' title='bbox 592 446 715 477; x_wconf 81' lang='lat' dir='ltr'><strong>Domine,</strong></span> <span class='ocrx_word' id='word_1_75' title='bbox 733 445 829 471; x_wconf 74' lang='lat' dir='ltr'><strong>exaudi</strong></span> <span class='ocrx_word' id='word_1_76' title='bbox 861 451 954 470; x_wconf 77' lang='lat' dir='ltr'><strong>vocem</strong></span> 
     </span>
    </p>
   </div>
   <div class='ocr_carea' id='block_1_11' title="bbox 168 489 954 524">
    <p class='ocr_par' dir='ltr' id='par_1_11' title="bbox 168 489 954 524">
     <span class='ocr_line' id='line_1_11' title="bbox 168 489 954 524; baseline -0.008 -4"><span class='ocrx_word' id='word_1_77' title='bbox 168 502 255 520; x_wconf 81' lang='lat' dir='ltr'><strong>meam</strong></span> <span class='ocrx_word' id='word_1_78' title='bbox 270 493 312 524; x_wconf 83' lang='lat'><strong>&quot;;</strong></span> <span class='ocrx_word' id='word_1_79' title='bbox 340 494 393 519; x_wconf 92' lang='lat' dir='ltr'><strong>alio</strong></span> <span class='ocrx_word' id='word_1_80' title='bbox 410 501 417 519; x_wconf 87' lang='lat'><strong>:</strong></span> <span class='ocrx_word' id='word_1_81' title='bbox 444 501 453 516; x_wconf 87' lang='lat'><strong>1</strong></span> <span class='ocrx_word' id='word_1_82' title='bbox 478 491 556 518; x_wconf 78' lang='lat' dir='ltr'><strong>Fiant</strong></span> <span class='ocrx_word' id='word_1_83' title='bbox 575 497 655 517; x_wconf 85' lang='lat' dir='ltr'><strong>aures</strong></span> <span class='ocrx_word' id='word_1_84' title='bbox 671 495 722 516; x_wconf 62' lang='lat' dir='ltr'><strong>tua:</strong></span> <span class='ocrx_word' id='word_1_85' title='bbox 745 489 914 515; x_wconf 65' lang='lat' dir='ltr'><strong>intendentes</strong></span> <span class='ocrx_word' id='word_1_86' title='bbox 927 489 954 515; x_wconf 91' lang='lat' dir='ltr'><strong>in</strong></span> 
     </span>
    </p>
   </div>
   <div class='ocr_carea' id='block_1_12' title="bbox 166 533 953 572">
    <p class='ocr_par' dir='ltr' id='par_1_12' title="bbox 166 533 953 572">
     <span class='ocr_line' id='line_1_12' title="bbox 166 533 953 572; baseline -0.008 -8"><span class='ocrx_word' id='word_1_87' title='bbox 166 546 260 565; x_wconf 74' lang='lat' dir='ltr'><strong>vorem</strong></span> <span class='ocrx_word' id='word_1_88' title='bbox 289 538 488 572; x_wconf 68' lang='lat' dir='ltr'><strong>deprecationis</strong></span> <span class='ocrx_word' id='word_1_89' title='bbox 513 543 578 562; x_wconf 72' lang='lat' dir='ltr'><strong>mere</strong></span> <span class='ocrx_word' id='word_1_90' title='bbox 603 535 637 561; x_wconf 87' lang='lat'><strong>”.</strong></span> <span class='ocrx_word' id='word_1_91' title='bbox 670 544 679 560; x_wconf 79' lang='grc' dir='ltr'><strong>ι</strong></span> <span class='ocrx_word' id='word_1_92' title='bbox 705 535 808 560; x_wconf 82' lang='lat' dir='ltr'><strong>Horum</strong></span> <span class='ocrx_word' id='word_1_93' title='bbox 834 533 953 560; x_wconf 87' lang='lat' dir='ltr'><strong>omnium</strong></span> 
     </span>
    </p>
   </div>
   <div class='ocr_carea' id='block_1_13' title="bbox 165 580 955 620">
    <p class='ocr_par' dir='ltr' id='par_1_13' title="bbox 165 580 955 620">
     <span class='ocr_line' id='line_1_13' title="bbox 165 580 955 620; baseline -0.009 -9"><span class='ocrx_word' id='word_1_94' title='bbox 165 585 344 620; x_wconf 70' lang='lat' dir='ltr'><strong>querimonia:</strong></span> <span class='ocrx_word' id='word_1_95' title='bbox 358 584 389 610; x_wconf 88' lang='lat' dir='ltr'><strong>ad</strong></span> <span class='ocrx_word' id='word_1_96' title='bbox 405 581 488 609; x_wconf 83' lang='lat' dir='ltr'><strong>Deum</strong></span> <span class='ocrx_word' id='word_1_97' title='bbox 508 586 701 616; x_wconf 78' lang='lat' dir='ltr'><strong>pervenerunt.</strong></span> <span class='ocrx_word' id='word_1_98' title='bbox 720 589 729 605; x_wconf 90' lang='lat'><strong>1</strong></span> <span class='ocrx_word' id='word_1_99' title='bbox 746 580 785 605; x_wconf 81' lang='lat' dir='ltr'><strong>Ac</strong></span> <span class='ocrx_word' id='word_1_100' title='bbox 798 580 955 606; x_wconf 69' lang='lat' dir='ltr'><strong>recordatus</strong></span> 
     </span>
    </p>
   </div>
   <div class='ocr_carea' id='block_1_14' title="bbox 165 626 955 664">
    <p class='ocr_par' dir='ltr' id='par_1_14' title="bbox 165 626 955 664">
     <span class='ocr_line' id='line_1_14' title="bbox 165 626 955 664; baseline -0.009 -6"><span class='ocrx_word' id='word_1_101' title='bbox 165 635 207 658; x_wconf 82' lang='lat' dir='ltr'><strong>est</strong></span> <span class='ocrx_word' id='word_1_102' title='bbox 225 631 346 661; x_wconf 62' lang='lat' dir='ltr'><strong>traderis,</strong></span> <span class='ocrx_word' id='word_1_103' title='bbox 365 630 435 664; x_wconf 89' lang='lat' dir='ltr'><strong>quod</strong></span> <span class='ocrx_word' id='word_1_104' title='bbox 456 629 555 663; x_wconf 71' lang='lat' dir='ltr'><strong>pepigit</strong></span> <span class='ocrx_word' id='word_1_105' title='bbox 574 636 634 655; x_wconf 91' lang='lat' dir='ltr'><strong>cum</strong></span> <span class='ocrx_word' id='word_1_106' title='bbox 656 627 804 657; x_wconf 80' lang='lat' dir='ltr'><strong>Abraham,</strong></span> <span class='ocrx_word' id='word_1_107' title='bbox 823 626 910 657; x_wconf 69' lang='lat' dir='ltr'><strong>Isaac,</strong></span> <span class='ocrx_word' id='word_1_108' title='bbox 928 630 955 651; x_wconf 90' lang='lat' dir='ltr'><strong>et</strong></span> 
     </span>
    </p>
   </div>
   <div class='ocr_carea' id='block_1_15' title="bbox 165 673 955 707">
    <p class='ocr_par' dir='ltr' id='par_1_15' title="bbox 165 673 955 707">
     <span class='ocr_line' id='line_1_15' title="bbox 165 673 955 707; baseline -0.006 -4"><span class='ocrx_word' id='word_1_109' title='bbox 165 675 250 703; x_wconf 82' lang='lat' dir='ltr'><strong>Jacob</strong></span> <span class='ocrx_word' id='word_1_110' title='bbox 266 677 299 702; x_wconf 88' lang='lat'><strong>“.</strong></span> <span class='ocrx_word' id='word_1_111' title='bbox 312 686 321 701; x_wconf 80' lang='grc' dir='ltr'><strong>ι</strong></span> <span class='ocrx_word' id='word_1_112' title='bbox 337 676 392 702; x_wconf 92' lang='lat' dir='ltr'><strong>Illic</strong></span> <span class='ocrx_word' id='word_1_113' title='bbox 409 684 470 703; x_wconf 88' lang='lat' dir='ltr'><strong>cttnt</strong></span> <span class='ocrx_word' id='word_1_114' title='bbox 484 675 651 706; x_wconf 83' lang='lat' dir='ltr'><strong>Abrahamo,</strong></span> <span class='ocrx_word' id='word_1_115' title='bbox 663 673 706 701; x_wconf 75' lang='lat' dir='ltr'><strong>hic</strong></span> <span class='ocrx_word' id='word_1_116' title='bbox 720 681 780 701; x_wconf 90' lang='lat' dir='ltr'><strong>cum</strong></span> <span class='ocrx_word' id='word_1_117' title='bbox 795 673 955 707; x_wconf 80' lang='lat' dir='ltr'><strong>primigenio</strong></span> 
     </span>
    </p>
   </div>
   <div class='ocr_carea' id='block_1_16' title="bbox 165 718 958 756">
    <p class='ocr_par' dir='ltr' id='par_1_16' title="bbox 165 718 958 756">
     <span class='ocr_line' id='line_1_16' title="bbox 165 718 958 756; baseline -0.006 -6"><span class='ocrx_word' id='word_1_118' title='bbox 165 723 280 750; x_wconf 79' lang='lat' dir='ltr'><strong>Adnmo.</strong></span> <span class='ocrx_word' id='word_1_119' title='bbox 309 731 318 748; x_wconf 92' lang='lat'><strong>1</strong></span> <span class='ocrx_word' id='word_1_120' title='bbox 350 722 383 748; x_wconf 76' lang='lat' dir='ltr'><strong>Et</strong></span> <span class='ocrx_word' id='word_1_121' title='bbox 409 722 528 756; x_wconf 75' lang='lat' dir='ltr'><strong>respexit</strong></span> <span class='ocrx_word' id='word_1_122' title='bbox 560 721 690 748; x_wconf 91' lang='lat' dir='ltr'><strong>Dominus</strong></span> <span class='ocrx_word' id='word_1_123' title='bbox 720 720 790 747; x_wconf 86' lang='lat' dir='ltr'><strong>Iilios</strong></span> <span class='ocrx_word' id='word_1_124' title='bbox 811 718 905 750; x_wconf 88' lang='lat' dir='ltr'><strong>Israel,</strong></span> <span class='ocrx_word' id='word_1_125' title='bbox 928 723 958 745; x_wconf 78' lang='lat' dir='ltr'><strong>et</strong></span> 
     </span>
    </p>
   </div>
   <div class='ocr_carea' id='block_1_17' title="bbox 167 764 954 802">
    <p class='ocr_par' dir='ltr' id='par_1_17' title="bbox 167 764 954 802">
     <span class='ocr_line' id='line_1_17' title="bbox 167 764 954 802; baseline -0.005 -7"><span class='ocrx_word' id='word_1_126' title='bbox 167 769 293 802; x_wconf 75' lang='lat' dir='ltr'><strong>cognovit</strong></span> <span class='ocrx_word' id='word_1_127' title='bbox 307 775 355 795; x_wconf 87' lang='lat' dir='ltr'><strong>eos</strong></span> <span class='ocrx_word' id='word_1_128' title='bbox 369 769 410 801; x_wconf 84' lang='lat'><strong>&quot;;</strong></span> <span class='ocrx_word' id='word_1_129' title='bbox 433 777 442 794; x_wconf 72' lang='grc' dir='ltr'><strong>ι</strong></span> <span class='ocrx_word' id='word_1_130' title='bbox 467 768 492 794; x_wconf 89' lang='lat' dir='ltr'><strong>id</strong></span> <span class='ocrx_word' id='word_1_131' title='bbox 509 773 561 799; x_wconf 88' lang='lat' dir='ltr'><strong>est,</strong></span> <span class='ocrx_word' id='word_1_132' title='bbox 577 772 669 794; x_wconf 89' lang='lat' dir='ltr'><strong>nostra</strong></span> <span class='ocrx_word' id='word_1_133' title='bbox 690 770 816 799; x_wconf 77' lang='lat' dir='ltr'><strong>[unquam</strong></span> <span class='ocrx_word' id='word_1_134' title='bbox 835 764 954 792; x_wconf 85' lang='lat' dir='ltr'><strong>miscella</strong></span> 
     </span>
    </p>
   </div>
   <div class='ocr_carea' id='block_1_18' title="bbox 168 812 955 846">
    <p class='ocr_par' dir='ltr' id='par_1_18' title="bbox 168 812 955 846">
     <span class='ocr_line' id='line_1_18' title="bbox 168 812 955 846; baseline -0.004 -5"><span class='ocrx_word' id='word_1_135' title='bbox 168 814 303 842; x_wconf 86' lang='lat' dir='ltr'><strong>induenda</strong></span> <span class='ocrx_word' id='word_1_136' title='bbox 319 815 398 841; x_wconf 89' lang='lat' dir='ltr'><strong>homo</strong></span> <span class='ocrx_word' id='word_1_137' title='bbox 412 813 499 840; x_wconf 81' lang='lat' dir='ltr'><strong>factus</strong></span> <span class='ocrx_word' id='word_1_138' title='bbox 522 817 574 845; x_wconf 88' lang='lat' dir='ltr'><strong>est,</strong></span> <span class='ocrx_word' id='word_1_139' title='bbox 589 812 677 840; x_wconf 80' lang='lat' dir='ltr'><strong>simile</strong></span> <span class='ocrx_word' id='word_1_140' title='bbox 696 812 777 839; x_wconf 86' lang='lat' dir='ltr'><strong>simili</strong></span> <span class='ocrx_word' id='word_1_141' title='bbox 793 815 955 846; x_wconf 74' lang='lat' dir='ltr'><strong>expurgatu-</strong></span> 
     </span>
    </p>
   </div>
   <div class='ocr_carea' id='block_1_19' title="bbox 1005 215 1791 248">
    <p class='ocr_par' dir='ltr' id='par_1_19' title="bbox 1005 215 1791 248">
     <span class='ocr_line' id='line_1_19' title="bbox 1005 215 1791 248; baseline 0.001 -6"><span class='ocrx_word' id='word_1_142' title='bbox 1005 216 1153 247; x_wconf 73' lang='lat' dir='ltr'><strong>Abraham,</strong></span> <span class='ocrx_word' id='word_1_143' title='bbox 1170 215 1239 241; x_wconf 63' lang='lat' dir='ltr'><strong>Deus</strong></span> <span class='ocrx_word' id='word_1_144' title='bbox 1258 215 1342 247; x_wconf 81' lang='lat' dir='ltr'><strong>Isaac,</strong></span> <span class='ocrx_word' id='word_1_145' title='bbox 1359 220 1385 242; x_wconf 86' lang='lat' dir='ltr'><strong>et</strong></span> <span class='ocrx_word' id='word_1_146' title='bbox 1401 215 1472 243; x_wconf 85' lang='lat' dir='ltr'><strong>Deus</strong></span> <span class='ocrx_word' id='word_1_147' title='bbox 1491 215 1585 243; x_wconf 80' lang='lat' dir='ltr'><strong>Jacob.</strong></span> <span class='ocrx_word' id='word_1_148' title='bbox 1604 225 1613 240; x_wconf 78' lang='grc' dir='ltr'><strong>ι</strong></span> <span class='ocrx_word' id='word_1_149' title='bbox 1631 216 1708 248; x_wconf 82' lang='lat' dir='ltr'><strong>Quod</strong></span> <span class='ocrx_word' id='word_1_150' title='bbox 1723 217 1791 243; x_wconf 87' lang='lat' dir='ltr'><strong>dicit</strong></span> 
     </span>
    </p>
   </div>
   <div class='ocr_carea' id='block_1_20' title="bbox 1004 261 1790 296">
    <p class='ocr_par' dir='ltr' id='par_1_20' title="bbox 1004 261 1790 296">
     <span class='ocr_line' id='line_1_20' title="bbox 1004 261 1790 296; baseline 0.004 -9"><span class='ocrx_word' id='word_1_151' title='bbox 1004 261 1134 295; x_wconf 69' lang='lat' dir='ltr'><strong>ejusmodi</strong></span> <span class='ocrx_word' id='word_1_152' title='bbox 1149 267 1211 290; x_wconf 82' lang='lat' dir='ltr'><strong>est;</strong></span> <span class='ocrx_word' id='word_1_153' title='bbox 1232 261 1285 296; x_wconf 77' lang='lat' dir='ltr'><strong>Ego</strong></span> <span class='ocrx_word' id='word_1_154' title='bbox 1309 261 1378 288; x_wconf 81' lang='lat' dir='ltr'><strong>Dens</strong></span> <span class='ocrx_word' id='word_1_155' title='bbox 1401 263 1548 293; x_wconf 79' lang='lat' dir='ltr'><strong>Abraham,</strong></span> <span class='ocrx_word' id='word_1_156' title='bbox 1563 262 1634 289; x_wconf 78' lang='lat' dir='ltr'><strong>Deus</strong></span> <span class='ocrx_word' id='word_1_157' title='bbox 1652 263 1736 294; x_wconf 83' lang='lat' dir='ltr'><strong>Isaac,</strong></span> <span class='ocrx_word' id='word_1_158' title='bbox 1761 267 1790 290; x_wconf 86' lang='lat' dir='ltr'><strong>et</strong></span> 
     </span>
    </p>
   </div>
   <div class='ocr_carea' id='block_1_21' title="bbox 1007 307 1790 341">
    <p class='ocr_par' dir='ltr' id='par_1_21' title="bbox 1007 307 1790 341">
     <span class='ocr_line' id='line_1_21' title="bbox 1007 307 1790 341; baseline 0.004 -8"><span class='ocrx_word' id='word_1_159' title='bbox 1007 307 1075 334; x_wconf 82' lang='lat' dir='ltr'><strong>Deus</strong></span> <span class='ocrx_word' id='word_1_160' title='bbox 1100 307 1194 337; x_wconf 79' lang='lat' dir='ltr'><strong>Jacoh,</strong></span> <span class='ocrx_word' id='word_1_161' title='bbox 1221 308 1284 334; x_wconf 93' lang='lat' dir='ltr'><strong>olim</strong></span> <span class='ocrx_word' id='word_1_162' title='bbox 1311 308 1337 334; x_wconf 94' lang='lat' dir='ltr'><strong>in</strong></span> <span class='ocrx_word' id='word_1_163' title='bbox 1365 307 1482 340; x_wconf 68' lang='lat' dir='ltr'><strong>Virginis</strong></span> <span class='ocrx_word' id='word_1_164' title='bbox 1511 313 1599 339; x_wconf 81' lang='lat' dir='ltr'><strong>utero,</strong></span> <span class='ocrx_word' id='word_1_165' title='bbox 1624 309 1790 341; x_wconf 60' lang='lat' dir='ltr'><strong>benignitate</strong></span> 
     </span>
    </p>
   </div>
   <div class='ocr_carea' id='block_1_22' title="bbox 1003 352 1789 390">
    <p class='ocr_par' dir='ltr' id='par_1_22' title="bbox 1003 352 1789 390">
     <span class='ocr_line' id='line_1_22' title="bbox 1003 352 1789 390; baseline 0.005 -12"><span class='ocrx_word' id='word_1_166' title='bbox 1003 353 1096 379; x_wconf 64' lang='lat' dir='ltr'><strong>aeterni</strong></span> <span class='ocrx_word' id='word_1_167' title='bbox 1111 354 1161 379; x_wconf 85' lang='lat' dir='ltr'><strong>mei</strong></span> <span class='ocrx_word' id='word_1_168' title='bbox 1173 352 1272 384; x_wconf 70' lang='lat' dir='ltr'><strong>Patris,</strong></span> <span class='ocrx_word' id='word_1_169' title='bbox 1285 358 1311 379; x_wconf 90' lang='lat' dir='ltr'><strong>et</strong></span> <span class='ocrx_word' id='word_1_170' title='bbox 1327 357 1368 380; x_wconf 88' lang='lat' dir='ltr'><strong>ter</strong></span> <span class='ocrx_word' id='word_1_171' title='bbox 1381 355 1467 380; x_wconf 85' lang='lat' dir='ltr'><strong>sancti</strong></span> <span class='ocrx_word' id='word_1_172' title='bbox 1482 353 1599 387; x_wconf 77' lang='lat' dir='ltr'><strong>Spiritus</strong></span> <span class='ocrx_word' id='word_1_173' title='bbox 1609 363 1658 389; x_wconf 86' lang='lat' dir='ltr'><strong>ope</strong></span> <span class='ocrx_word' id='word_1_174' title='bbox 1678 357 1789 390; x_wconf 66' lang='lat' dir='ltr'><strong>degant.</strong></span> 
     </span>
    </p>
   </div>
   <div class='ocr_carea' id='block_1_23' title="bbox 1007 398 1792 429">
    <p class='ocr_par' dir='ltr' id='par_1_23' title="bbox 1007 398 1792 429">
     <span class='ocr_line' id='line_1_23' title="bbox 1007 398 1792 429; baseline 0.006 -5"><span class='ocrx_word' id='word_1_175' title='bbox 1007 407 1017 424; x_wconf 92' lang='lat'><strong>1</strong></span> <span class='ocrx_word' id='word_1_176' title='bbox 1033 398 1180 425; x_wconf 76' lang='lat' dir='ltr'><strong>Abscondit</strong></span> <span class='ocrx_word' id='word_1_177' title='bbox 1195 399 1281 426; x_wconf 73' lang='lat' dir='ltr'><strong>Moses</strong></span> <span class='ocrx_word' id='word_1_178' title='bbox 1296 399 1390 426; x_wconf 72' lang='lat' dir='ltr'><strong>faciem</strong></span> <span class='ocrx_word' id='word_1_179' title='bbox 1405 408 1480 426; x_wconf 84' lang='lat' dir='ltr'><strong>suam</strong></span> <span class='ocrx_word' id='word_1_180' title='bbox 1499 409 1505 426; x_wconf 85' lang='lat'>:</span> <span class='ocrx_word' id='word_1_181' title='bbox 1519 409 1570 427; x_wconf 88' lang='lat' dir='ltr'><strong>non</strong></span> <span class='ocrx_word' id='word_1_182' title='bbox 1589 402 1659 428; x_wconf 85' lang='lat' dir='ltr'><strong>enim</strong></span> <span class='ocrx_word' id='word_1_183' title='bbox 1674 403 1792 429; x_wconf 82' lang='lat' dir='ltr'><strong>audebat</strong></span> 
     </span>
    </p>
   </div>
   <div class='ocr_carea' id='block_1_24' title="bbox 1005 445 1792 478">
    <p class='ocr_par' dir='ltr' id='par_1_24' title="bbox 1005 445 1792 478">
     <span class='ocr_line' id='line_1_24' title="bbox 1005 445 1792 478; baseline 0.005 -8"><span class='ocrx_word' id='word_1_184' title='bbox 1005 445 1127 478; x_wconf 82' lang='lat' dir='ltr'><strong>aspicere</strong></span> <span class='ocrx_word' id='word_1_185' title='bbox 1139 448 1232 471; x_wconf 89' lang='lat' dir='ltr'><strong>contra</strong></span> <span class='ocrx_word' id='word_1_186' title='bbox 1249 446 1330 471; x_wconf 88' lang='lat' dir='ltr'><strong>Deum</strong></span> <span class='ocrx_word' id='word_1_187' title='bbox 1342 446 1376 472; x_wconf 84' lang='lat'><strong>&quot;.</strong></span> <span class='ocrx_word' id='word_1_188' title='bbox 1396 455 1404 470; x_wconf 72' lang='grc' dir='ltr'><strong>ι</strong></span> <span class='ocrx_word' id='word_1_189' title='bbox 1422 445 1506 472; x_wconf 80' lang='lat' dir='ltr'><strong>Divini</strong></span> <span class='ocrx_word' id='word_1_190' title='bbox 1523 446 1601 472; x_wconf 79' lang='lat' dir='ltr'><strong>\‘crbi</strong></span> <span class='ocrx_word' id='word_1_191' title='bbox 1617 448 1649 473; x_wconf 92' lang='lat' dir='ltr'><strong>ad</strong></span> <span class='ocrx_word' id='word_1_192' title='bbox 1667 449 1792 475; x_wconf 76' lang='lat' dir='ltr'><strong>homines</strong></span> 
     </span>
    </p>
   </div>
   <div class='ocr_carea' id='block_1_25' title="bbox 1005 491 1793 526">
    <p class='ocr_par' dir='ltr' id='par_1_25' title="bbox 1005 491 1793 526">
     <span class='ocr_line' id='line_1_25' title="bbox 1005 491 1793 526; baseline 0.005 -9"><span class='ocrx_word' id='word_1_193' title='bbox 1005 491 1161 525; x_wconf 73' lang='lat' dir='ltr'><strong>degressum</strong></span> <span class='ocrx_word' id='word_1_194' title='bbox 1183 496 1209 518; x_wconf 88' lang='lat' dir='ltr'><strong>et</strong></span> <span class='ocrx_word' id='word_1_195' title='bbox 1221 492 1435 519; x_wconf 82' lang='lat' dir='ltr'><strong>incarnationem</strong></span> <span class='ocrx_word' id='word_1_196' title='bbox 1451 493 1585 526; x_wconf 81' lang='lat' dir='ltr'><strong>stupebat,</strong></span> <span class='ocrx_word' id='word_1_197' title='bbox 1601 499 1627 520; x_wconf 84' lang='lat' dir='ltr'><strong>et</strong></span> <span class='ocrx_word' id='word_1_198' title='bbox 1641 496 1793 521; x_wconf 72' lang='lat' dir='ltr'><strong>admiraba-</strong></span> 
     </span>
    </p>
   </div>
   <div class='ocr_carea' id='block_1_26' title="bbox 1007 535 1791 577">
    <p class='ocr_par' dir='ltr' id='par_1_26' title="bbox 1007 535 1791 577">
     <span class='ocr_line' id='line_1_26' title="bbox 1007 535 1791 577; baseline 0.006 -15"><span class='ocrx_word' id='word_1_199' title='bbox 1007 541 1059 563; x_wconf 89' lang='lat' dir='ltr'><strong>tur.</strong></span> <span class='ocrx_word' id='word_1_200' title='bbox 1092 545 1101 561; x_wconf 97' lang='lat'><strong>1</strong></span> <span class='ocrx_word' id='word_1_201' title='bbox 1121 535 1170 562; x_wconf 89' lang='lat' dir='ltr'><strong>Cui</strong></span> <span class='ocrx_word' id='word_1_202' title='bbox 1188 537 1225 562; x_wconf 90' lang='lat' dir='ltr'><strong>ait</strong></span> <span class='ocrx_word' id='word_1_203' title='bbox 1247 537 1374 564; x_wconf 87' lang='lat' dir='ltr'><strong>Dominus</strong></span> <span class='ocrx_word' id='word_1_204' title='bbox 1395 537 1478 564; x_wconf 86' lang='lat' dir='ltr'><strong>:Vidi</strong></span> <span class='ocrx_word' id='word_1_205' title='bbox 1504 538 1673 566; x_wconf 73' lang='lat' dir='ltr'><strong>aﬂlictionem</strong></span> <span class='ocrx_word' id='word_1_206' title='bbox 1698 542 1791 577; x_wconf 79' lang='lat' dir='ltr'><strong>populi</strong></span> 
     </span>
    </p>
   </div>
   <div class='ocr_carea' id='block_1_27' title="bbox 1005 580 1793 619">
    <p class='ocr_par' dir='ltr' id='par_1_27' title="bbox 1005 580 1793 619">
     <span class='ocr_line' id='line_1_27' title="bbox 1005 580 1793 619; baseline 0.008 -13"><span class='ocrx_word' id='word_1_207' title='bbox 1005 580 1056 606; x_wconf 89' lang='lat' dir='ltr'><strong>mei</strong></span> <span class='ocrx_word' id='word_1_208' title='bbox 1078 581 1104 607; x_wconf 94' lang='lat' dir='ltr'><strong>in</strong></span> <span class='ocrx_word' id='word_1_209' title='bbox 1127 580 1255 616; x_wconf 60' lang='lat' dir='ltr'><strong>(Egypto,</strong></span> <span class='ocrx_word' id='word_1_210' title='bbox 1272 587 1299 608; x_wconf 88' lang='lat' dir='ltr'><strong>et</strong></span> <span class='ocrx_word' id='word_1_211' title='bbox 1320 582 1468 609; x_wconf 80' lang='lat' dir='ltr'><strong>clamorem</strong></span> <span class='ocrx_word' id='word_1_212' title='bbox 1493 583 1550 617; x_wconf 87' lang='lat' dir='ltr'><strong>ejus</strong></span> <span class='ocrx_word' id='word_1_213' title='bbox 1566 585 1655 611; x_wconf 78' lang='lat' dir='ltr'><strong>audivi</strong></span> <span class='ocrx_word' id='word_1_214' title='bbox 1680 592 1793 619; x_wconf 82' lang='lat' dir='ltr'><strong>propter</strong></span> 
     </span>
    </p>
   </div>
   <div class='ocr_carea' id='block_1_28' title="bbox 1005 626 1793 665">
    <p class='ocr_par' dir='ltr' id='par_1_28' title="bbox 1005 626 1793 665">
     <span class='ocr_line' id='line_1_28' title="bbox 1005 626 1793 665; baseline 0.006 -12"><span class='ocrx_word' id='word_1_215' title='bbox 1005 626 1133 653; x_wconf 83' lang='lat' dir='ltr'><strong>duritiam</strong></span> <span class='ocrx_word' id='word_1_216' title='bbox 1157 635 1250 654; x_wconf 86' lang='lat' dir='ltr'><strong>eorum</strong></span> <span class='ocrx_word' id='word_1_217' title='bbox 1275 628 1320 662; x_wconf 88' lang='lat' dir='ltr'><strong>qui</strong></span> <span class='ocrx_word' id='word_1_218' title='bbox 1340 635 1459 662; x_wconf 59' lang='lat' dir='ltr'><strong>prrsum</strong></span> <span class='ocrx_word' id='word_1_219' title='bbox 1475 630 1601 663; x_wconf 83' lang='lat' dir='ltr'><strong>operibus</strong></span> <span class='ocrx_word' id='word_1_220' title='bbox 1627 630 1658 658; x_wconf 74' lang='lat'><strong>“.</strong></span> <span class='ocrx_word' id='word_1_221' title='bbox 1685 641 1694 656; x_wconf 81' lang='grc' dir='ltr'><strong>ι</strong></span> <span class='ocrx_word' id='word_1_222' title='bbox 1721 632 1793 665; x_wconf 78' lang='lat' dir='ltr'><strong>Vidi,</strong></span> 
     </span>
    </p>
   </div>
   <div class='ocr_carea' id='block_1_29' title="bbox 1005 672 1794 709">
    <p class='ocr_par' dir='ltr' id='par_1_29' title="bbox 1005 672 1794 709">
     <span class='ocr_line' id='line_1_29' title="bbox 1005 672 1794 709; baseline 0.009 -11"><span class='ocrx_word' id='word_1_223' title='bbox 1005 672 1104 706; x_wconf 82' lang='lat' dir='ltr'><strong>inquit,</strong></span> <span class='ocrx_word' id='word_1_224' title='bbox 1121 679 1231 700; x_wconf 73' lang='lat' dir='ltr'><strong>vexatos</strong></span> <span class='ocrx_word' id='word_1_225' title='bbox 1252 675 1322 707; x_wconf 88' lang='lat' dir='ltr'><strong>apud</strong></span> <span class='ocrx_word' id='word_1_226' title='bbox 1338 674 1438 701; x_wconf 71' lang='lat' dir='ltr'><strong>inferos</strong></span> <span class='ocrx_word' id='word_1_227' title='bbox 1463 679 1621 703; x_wconf 68' lang='lat' dir='ltr'><strong>sanctorum</strong></span> <span class='ocrx_word' id='word_1_228' title='bbox 1639 685 1742 709; x_wconf 84' lang='lat' dir='ltr'><strong>manes,</strong></span> <span class='ocrx_word' id='word_1_229' title='bbox 1759 680 1794 706; x_wconf 87' lang='lat' dir='ltr'><strong>ab</strong></span> 
     </span>
    </p>
   </div>
   <div class='ocr_carea' id='block_1_30' title="bbox 1005 718 1794 758">
    <p class='ocr_par' dir='ltr' id='par_1_30' title="bbox 1005 718 1794 758">
     <span class='ocr_line' id='line_1_30' title="bbox 1005 718 1794 758; baseline 0.011 -14"><span class='ocrx_word' id='word_1_230' title='bbox 1005 718 1121 750; x_wconf 80' lang='lat' dir='ltr'><strong>infestis,</strong></span> <span class='ocrx_word' id='word_1_231' title='bbox 1139 727 1187 746; x_wconf 89' lang='lat' dir='ltr'><strong>nce</strong></span> <span class='ocrx_word' id='word_1_232' title='bbox 1206 720 1352 754; x_wconf 74' lang='lat' dir='ltr'><strong>quidm-am</strong></span> <span class='ocrx_word' id='word_1_233' title='bbox 1378 722 1410 747; x_wconf 86' lang='lat' dir='ltr'><strong>ad</strong></span> <span class='ocrx_word' id='word_1_234' title='bbox 1437 722 1506 749; x_wconf 87' lang='lat' dir='ltr'><strong>mala</strong></span> <span class='ocrx_word' id='word_1_235' title='bbox 1529 730 1610 756; x_wconf 82' lang='lat' dir='ltr'><strong>opera</strong></span> <span class='ocrx_word' id='word_1_236' title='bbox 1636 726 1794 758; x_wconf 71' lang='lat' dir='ltr'><strong>urgentibus</strong></span> 
     </span>
    </p>
   </div>
   <div class='ocr_carea' id='block_1_31' title="bbox 1005 763 1794 801">
    <p class='ocr_par' dir='ltr' id='par_1_31' title="bbox 1005 763 1794 801">
     <span class='ocr_line' id='line_1_31' title="bbox 1005 763 1794 801; baseline 0.011 -12"><span class='ocrx_word' id='word_1_237' title='bbox 1005 763 1138 798; x_wconf 85' lang='lat' dir='ltr'><strong>improbis</strong></span> <span class='ocrx_word' id='word_1_238' title='bbox 1163 765 1332 792; x_wconf 68' lang='lat' dir='ltr'><strong>daamonibus</strong></span> <span class='ocrx_word' id='word_1_239' title='bbox 1355 766 1434 800; x_wconf 71' lang='lat' dir='ltr'><strong>(quos</strong></span> <span class='ocrx_word' id='word_1_240' title='bbox 1458 772 1485 793; x_wconf 89' lang='lat' dir='ltr'><strong>et</strong></span> <span class='ocrx_word' id='word_1_241' title='bbox 1500 768 1590 801; x_wconf 68' lang='lat' dir='ltr'><strong>operis</strong></span> <span class='ocrx_word' id='word_1_242' title='bbox 1605 775 1746 797; x_wconf 74' lang='lat' dir='ltr'><strong>exactores</strong></span> <span class='ocrx_word' id='word_1_243' title='bbox 1760 779 1794 798; x_wconf 89' lang='lat' dir='ltr'><strong>eo</strong></span> 
     </span>
    </p>
   </div>
   <div class='ocr_carea' id='block_1_32' title="bbox 1006 810 1794 850">
    <p class='ocr_par' dir='ltr' id='par_1_32' title="bbox 1006 810 1794 850">
     <span class='ocr_line' id='line_1_32' title="bbox 1006 810 1794 850; baseline 0.01 -15"><span class='ocrx_word' id='word_1_244' title='bbox 1006 810 1114 836; x_wconf 88' lang='lat' dir='ltr'><strong>nomine</strong></span> <span class='ocrx_word' id='word_1_245' title='bbox 1140 811 1285 845; x_wconf 83' lang='lat' dir='ltr'><strong>appellat);</strong></span> <span class='ocrx_word' id='word_1_246' title='bbox 1309 812 1410 838; x_wconf 88' lang='lat' dir='ltr'><strong>etenim</strong></span> <span class='ocrx_word' id='word_1_247' title='bbox 1426 819 1529 845; x_wconf 84' lang='lat' dir='ltr'><strong>revera,</strong></span> <span class='ocrx_word' id='word_1_248' title='bbox 1551 822 1611 840; x_wconf 86' lang='lat' dir='ltr'><strong>cum</strong></span> <span class='ocrx_word' id='word_1_249' title='bbox 1633 822 1647 840; x_wconf 85' lang='lat' dir='ltr'><strong>a</strong></span> <span class='ocrx_word' id='word_1_250' title='bbox 1671 815 1724 842; x_wconf 85' lang='lat' dir='ltr'><strong>Deo</strong></span> <span class='ocrx_word' id='word_1_251' title='bbox 1745 825 1794 850; x_wconf 86' lang='lat' dir='ltr'><strong>per</strong></span> 
     </span>
    </p>
   </div>
   <div class='ocr_carea' id='block_1_33' title="bbox 168 853 1794 894">
    <p class='ocr_par' dir='ltr' id='par_1_33' title="bbox 168 853 1794 894">
     <span class='ocr_line' id='line_1_33' title="bbox 168 853 1794 894; baseline 0 -6"><span class='ocrx_word' id='word_1_252' title='bbox 168 869 225 888; x_wconf 87' lang='lat' dir='ltr'><strong>rus.</strong></span> <span class='ocrx_word' id='word_1_253' title='bbox 243 869 253 885; x_wconf 89' lang='lat'><strong>1</strong></span> <span class='ocrx_word' id='word_1_254' title='bbox 272 860 360 887; x_wconf 77' lang='lat' dir='ltr'><strong>lloses</strong></span> <span class='ocrx_word' id='word_1_255' title='bbox 376 865 465 887; x_wconf 86' lang='lat' dir='ltr'><strong>autern</strong></span> <span class='ocrx_word' id='word_1_256' title='bbox 484 857 687 894; x_wconf 87' lang='lat' dir='ltr'><strong>pascebatoves</strong></span> <span class='ocrx_word' id='word_1_257' title='bbox 700 857 796 886; x_wconf 79' lang='lat' dir='ltr'><strong>Jethro</strong></span> <span class='ocrx_word' id='word_1_258' title='bbox 810 857 898 884; x_wconf 85' lang='lat' dir='ltr'><strong>soceri</strong></span> <span class='ocrx_word' id='word_1_259' title='bbox 913 856 954 884; x_wconf 86' lang='lat' dir='ltr'><strong>sui</strong></span> <span class='ocrx_word' id='word_1_260' title='bbox 970 853 991 880; x_wconf 84' lang='grc' dir='ltr'><strong><em>Β</em></strong></span> <span class='ocrx_word' id='word_1_261' title='bbox 1006 855 1185 889; x_wconf 79' lang='lat' dir='ltr'><strong>ignorantiam</strong></span> <span class='ocrx_word' id='word_1_262' title='bbox 1203 856 1321 888; x_wconf 90' lang='lat' dir='ltr'><strong>abimus,</strong></span> <span class='ocrx_word' id='word_1_263' title='bbox 1331 861 1395 884; x_wconf 91' lang='lat' dir='ltr'><strong>tunc</strong></span> <span class='ocrx_word' id='word_1_264' title='bbox 1410 857 1436 884; x_wconf 90' lang='lat' dir='ltr'><strong>in</strong></span> <span class='ocrx_word' id='word_1_265' title='bbox 1451 859 1552 891; x_wconf 82' lang='lat' dir='ltr'><strong>peccati</strong></span> <span class='ocrx_word' id='word_1_266' title='bbox 1569 860 1624 886; x_wconf 92' lang='lat' dir='ltr'><strong>luto</strong></span> <span class='ocrx_word' id='word_1_267' title='bbox 1640 867 1794 894; x_wconf 69' lang='lat' dir='ltr'><strong>versamur,</strong></span> 
     </span>
    </p>
   </div>
   <div class='ocr_carea' id='block_1_34' title="bbox 168 902 954 939">
    <p class='ocr_par' dir='ltr' id='par_1_34' title="bbox 168 902 954 939">
     <span class='ocr_line' id='line_1_34' title="bbox 168 902 954 939; baseline -0.004 -6"><span class='ocrx_word' id='word_1_268' title='bbox 168 906 320 934; x_wconf 76' lang='lat' dir='ltr'><strong>sacerdotis</strong></span> <span class='ocrx_word' id='word_1_269' title='bbox 333 906 460 939; x_wconf 75' lang='lat' dir='ltr'><strong>Hadian;</strong></span> <span class='ocrx_word' id='word_1_270' title='bbox 486 915 495 931; x_wconf 83' lang='lat' dir='ltr'><strong>I</strong></span> <span class='ocrx_word' id='word_1_271' title='bbox 514 905 569 932; x_wconf 87' lang='lat' dir='ltr'><strong>illic</strong></span> <span class='ocrx_word' id='word_1_272' title='bbox 587 905 677 932; x_wconf 75' lang='lat' dir='ltr'><strong>Moses</strong></span> <span class='ocrx_word' id='word_1_273' title='bbox 699 904 792 931; x_wconf 82' lang='lat' dir='ltr'><strong>brutas</strong></span> <span class='ocrx_word' id='word_1_274' title='bbox 808 904 897 930; x_wconf 82' lang='lat' dir='ltr'><strong>soceri</strong></span> <span class='ocrx_word' id='word_1_275' title='bbox 913 902 954 930; x_wconf 86' lang='lat' dir='ltr'><strong>sui</strong></span> 
     </span>
    </p>
   </div>
   <div class='ocr_carea' id='block_1_35' title="bbox 168 948 956 983">
    <p class='ocr_par' dir='ltr' id='par_1_35' title="bbox 168 948 956 983">
     <span class='ocr_line' id='line_1_35' title="bbox 168 948 956 983; baseline -0.004 -5"><span class='ocrx_word' id='word_1_276' title='bbox 168 952 329 983; x_wconf 79' lang='lat' dir='ltr'><strong>sacerdotis,</strong></span> <span class='ocrx_word' id='word_1_277' title='bbox 360 951 404 979; x_wconf 91' lang='lat' dir='ltr'><strong>hic</strong></span> <span class='ocrx_word' id='word_1_278' title='bbox 429 950 566 983; x_wconf 84' lang='lat' dir='ltr'><strong>Christus.</strong></span> <span class='ocrx_word' id='word_1_279' title='bbox 595 950 663 978; x_wconf 86' lang='lat' dir='ltr'><strong>alter</strong></span> <span class='ocrx_word' id='word_1_280' title='bbox 695 949 795 982; x_wconf 75' lang='lat' dir='ltr'><strong>Moses,</strong></span> <span class='ocrx_word' id='word_1_281' title='bbox 811 948 956 976; x_wconf 83' lang='lat' dir='ltr'><strong>rationales</strong></span> 
     </span>
    </p>
   </div>
   <div class='ocr_carea' id='block_1_36' title="bbox 170 994 957 1030">
    <p class='ocr_par' dir='ltr' id='par_1_36' title="bbox 170 994 957 1030">
     <span class='ocr_line' id='line_1_36' title="bbox 170 994 957 1030; baseline -0.003 -7"><span class='ocrx_word' id='word_1_282' title='bbox 170 996 265 1023; x_wconf 70' lang='lat' dir='ltr'><strong>aeterni</strong></span> <span class='ocrx_word' id='word_1_283' title='bbox 291 995 382 1023; x_wconf 78' lang='lat' dir='ltr'><strong>Patris</strong></span> <span class='ocrx_word' id='word_1_284' title='bbox 408 1003 473 1024; x_wconf 87' lang='lat' dir='ltr'><strong>oves</strong></span> <span class='ocrx_word' id='word_1_285' title='bbox 489 996 626 1030; x_wconf 85' lang='lat' dir='ltr'><strong>pascebat.</strong></span> <span class='ocrx_word' id='word_1_286' title='bbox 650 1004 660 1020; x_wconf 94' lang='lat'><strong>1</strong></span> <span class='ocrx_word' id='word_1_287' title='bbox 683 994 805 1029; x_wconf 87' lang='lat' dir='ltr'><strong>Cumque</strong></span> <span class='ocrx_word' id='word_1_288' title='bbox 828 995 957 1021; x_wconf 75' lang='lat' dir='ltr'><strong>mutasset</strong></span> 
     </span>
    </p>
   </div>
   <div class='ocr_carea' id='block_1_37' title="bbox 169 1039 957 1076">
    <p class='ocr_par' dir='ltr' id='par_1_37' title="bbox 169 1039 957 1076">
     <span class='ocr_line' id='line_1_37' title="bbox 169 1039 957 1076; baseline -0.003 -8"><span class='ocrx_word' id='word_1_289' title='bbox 169 1050 277 1076; x_wconf 76' lang='lat' dir='ltr'><strong>gregem</strong></span> <span class='ocrx_word' id='word_1_290' title='bbox 293 1041 326 1068; x_wconf 89' lang='lat' dir='ltr'><strong>ad</strong></span> <span class='ocrx_word' id='word_1_291' title='bbox 341 1043 469 1069; x_wconf 90' lang='lat' dir='ltr'><strong>interiora</strong></span> <span class='ocrx_word' id='word_1_292' title='bbox 484 1041 593 1074; x_wconf 86' lang='lat' dir='ltr'><strong>deserti,</strong></span> <span class='ocrx_word' id='word_1_293' title='bbox 614 1041 690 1068; x_wconf 89' lang='lat' dir='ltr'><strong>venit</strong></span> <span class='ocrx_word' id='word_1_294' title='bbox 711 1041 744 1068; x_wconf 90' lang='lat' dir='ltr'><strong>ad</strong></span> <span class='ocrx_word' id='word_1_295' title='bbox 769 1044 886 1067; x_wconf 86' lang='lat' dir='ltr'><strong>montem</strong></span> <span class='ocrx_word' id='word_1_296' title='bbox 909 1039 957 1066; x_wconf 85' lang='lat' dir='ltr'><strong>Dei</strong></span> 
     </span>
    </p>
   </div>
   <div class='ocr_carea' id='block_1_38' title="bbox 172 1087 956 1122">
    <p class='ocr_par' dir='ltr' id='par_1_38' title="bbox 172 1087 956 1122">
     <span class='ocr_line' id='line_1_38' title="bbox 172 1087 956 1122; baseline -0.003 -7"><span class='ocrx_word' id='word_1_297' title='bbox 172 1088 261 1115; x_wconf 88' lang='lat' dir='ltr'><strong>Iloreb</strong></span> <span class='ocrx_word' id='word_1_298' title='bbox 274 1089 314 1122; x_wconf 83' lang='lat'>&quot;;</span> <span class='ocrx_word' id='word_1_299' title='bbox 331 1098 340 1114; x_wconf 74' lang='grc' dir='ltr'><strong>ι</strong></span> <span class='ocrx_word' id='word_1_300' title='bbox 354 1096 415 1115; x_wconf 87' lang='lat' dir='ltr'><strong>nam</strong></span> <span class='ocrx_word' id='word_1_301' title='bbox 429 1087 568 1115; x_wconf 78' lang='lat' dir='ltr'><strong>rationalis</strong></span> <span class='ocrx_word' id='word_1_302' title='bbox 588 1087 695 1122; x_wconf 82' lang='lat' dir='ltr'><strong>pecoris</strong></span> <span class='ocrx_word' id='word_1_303' title='bbox 710 1092 803 1122; x_wconf 82' lang='lat' dir='ltr'><strong>pastor</strong></span> <span class='ocrx_word' id='word_1_304' title='bbox 819 1093 851 1114; x_wconf 87' lang='lat' dir='ltr'><strong>ac</strong></span> <span class='ocrx_word' id='word_1_305' title='bbox 870 1087 956 1117; x_wconf 84' lang='lat' dir='ltr'><strong>Deus.</strong></span> 
     </span>
    </p>
   </div>
   <div class='ocr_carea' id='block_1_39' title="bbox 169 1132 957 1169">
    <p class='ocr_par' dir='ltr' id='par_1_39' title="bbox 169 1132 957 1169">
     <span class='ocr_line' id='line_1_39' title="bbox 169 1132 957 1169; baseline -0.005 -7"><span class='ocrx_word' id='word_1_306' title='bbox 169 1143 201 1162; x_wconf 80' lang='lat' dir='ltr'><strong>ex</strong></span> <span class='ocrx_word' id='word_1_307' title='bbox 216 1135 363 1169; x_wconf 78' lang='lat' dir='ltr'><strong>impietatis</strong></span> <span class='ocrx_word' id='word_1_308' title='bbox 375 1135 523 1162; x_wconf 86' lang='lat' dir='ltr'><strong>solitudine</strong></span> <span class='ocrx_word' id='word_1_309' title='bbox 543 1141 608 1161; x_wconf 85' lang='lat' dir='ltr'><strong>oves</strong></span> <span class='ocrx_word' id='word_1_310' title='bbox 620 1133 762 1166; x_wconf 77' lang='lat' dir='ltr'><strong>abductas,</strong></span> <span class='ocrx_word' id='word_1_311' title='bbox 778 1132 811 1160; x_wconf 89' lang='lat' dir='ltr'><strong>ad</strong></span> <span class='ocrx_word' id='word_1_312' title='bbox 827 1137 957 1162; x_wconf 88' lang='lat' dir='ltr'><strong>montetn,</strong></span> 
     </span>
    </p>
   </div>
   <div class='ocr_carea' id='block_1_40' title="bbox 169 1179 957 1214">
    <p class='ocr_par' dir='ltr' id='par_1_40' title="bbox 169 1179 957 1214">
     <span class='ocr_line' id='line_1_40' title="bbox 169 1179 957 1214; baseline -0.004 -9"><span class='ocrx_word' id='word_1_313' title='bbox 169 1179 215 1214; x_wconf 80' lang='lat' dir='ltr'><strong>qui</strong></span> <span class='ocrx_word' id='word_1_314' title='bbox 233 1184 274 1208; x_wconf 85' lang='lat' dir='ltr'><strong>est</strong></span> <span class='ocrx_word' id='word_1_315' title='bbox 293 1179 338 1206; x_wconf 90' lang='lat' dir='ltr'><strong>Dei</strong></span> <span class='ocrx_word' id='word_1_316' title='bbox 366 1180 473 1212; x_wconf 85' lang='lat' dir='ltr'><strong>notitia,</strong></span> <span class='ocrx_word' id='word_1_317' title='bbox 488 1184 515 1206; x_wconf 85' lang='lat' dir='ltr'><strong>et</strong></span> <span class='ocrx_word' id='word_1_318' title='bbox 537 1179 571 1206; x_wconf 85' lang='lat' dir='ltr'><strong>ad</strong></span> <span class='ocrx_word' id='word_1_319' title='bbox 594 1179 731 1206; x_wconf 72' lang='lat' dir='ltr'><strong>ctelesteut</strong></span> <span class='ocrx_word' id='word_1_320' title='bbox 751 1185 784 1205; x_wconf 84' lang='lat' dir='ltr'><strong>ac</strong></span> <span class='ocrx_word' id='word_1_321' title='bbox 800 1183 957 1212; x_wconf 89' lang='lat' dir='ltr'><strong>perpetuam</strong></span> 
     </span>
    </p>
   </div>
   <div class='ocr_carea' id='block_1_41' title="bbox 174 1223 959 1261">
    <p class='ocr_par' dir='ltr' id='par_1_41' title="bbox 174 1223 959 1261">
     <span class='ocr_line' id='line_1_41' title="bbox 174 1223 959 1261; baseline -0.004 -8"><span class='ocrx_word' id='word_1_322' title='bbox 174 1226 388 1261; x_wconf 85' lang='lat' dir='ltr'><strong>Hierosolymam</strong></span> <span class='ocrx_word' id='word_1_323' title='bbox 403 1225 543 1260; x_wconf 76' lang='lat' dir='ltr'><strong>compulit.</strong></span> <span class='ocrx_word' id='word_1_324' title='bbox 563 1235 572 1251; x_wconf 98' lang='lat'><strong>1</strong></span> <span class='ocrx_word' id='word_1_325' title='bbox 593 1225 778 1260; x_wconf 81' lang='lat' dir='ltr'><strong>Apparuitque</strong></span> <span class='ocrx_word' id='word_1_326' title='bbox 799 1223 825 1250; x_wconf 87' lang='lat' dir='ltr'><strong>ei</strong></span> <span class='ocrx_word' id='word_1_327' title='bbox 849 1223 959 1258; x_wconf 81' lang='lat' dir='ltr'><strong>angelus</strong></span> 
     </span>
    </p>
   </div>
   <div class='ocr_carea' id='block_1_42' title="bbox 175 1270 960 1306">
    <p class='ocr_par' dir='ltr' id='par_1_42' title="bbox 175 1270 960 1306">
     <span class='ocr_line' id='line_1_42' title="bbox 175 1270 960 1306; baseline -0.003 -8"><span class='ocrx_word' id='word_1_328' title='bbox 175 1272 280 1299; x_wconf 87' lang='lat' dir='ltr'><strong>Domini</strong></span> <span class='ocrx_word' id='word_1_329' title='bbox 296 1273 321 1298; x_wconf 91' lang='lat' dir='ltr'><strong>in</strong></span> <span class='ocrx_word' id='word_1_330' title='bbox 336 1271 444 1299; x_wconf 85' lang='lat' dir='ltr'><strong>ﬂamma</strong></span> <span class='ocrx_word' id='word_1_331' title='bbox 468 1272 538 1306; x_wconf 87' lang='lat' dir='ltr'><strong>ignis</strong></span> <span class='ocrx_word' id='word_1_332' title='bbox 560 1272 594 1298; x_wconf 90' lang='lat' dir='ltr'><strong>de</strong></span> <span class='ocrx_word' id='word_1_333' title='bbox 609 1270 696 1299; x_wconf 87' lang='lat' dir='ltr'><strong>medio</strong></span> <span class='ocrx_word' id='word_1_334' title='bbox 709 1270 768 1297; x_wconf 91' lang='lat' dir='ltr'><strong>rubi</strong></span> <span class='ocrx_word' id='word_1_335' title='bbox 786 1278 793 1297; x_wconf 85' lang='lat'><strong>:</strong></span> <span class='ocrx_word' id='word_1_336' title='bbox 811 1274 838 1297; x_wconf 86' lang='lat' dir='ltr'><strong>et</strong></span> <span class='ocrx_word' id='word_1_337' title='bbox 852 1270 960 1297; x_wconf 84' lang='lat' dir='ltr'><strong>videbat</strong></span> 
     </span>
    </p>
   </div>
   <div class='ocr_carea' id='block_1_43' title="bbox 171 1315 960 1352">
    <p class='ocr_par' dir='ltr' id='par_1_43' title="bbox 171 1315 960 1352">
     <span class='ocr_line' id='line_1_43' title="bbox 171 1315 960 1352; baseline -0.001 -9"><span class='ocrx_word' id='word_1_338' title='bbox 171 1317 242 1352; x_wconf 83' lang='lat' dir='ltr'><strong>quod</strong></span> <span class='ocrx_word' id='word_1_339' title='bbox 265 1319 348 1345; x_wconf 87' lang='lat' dir='ltr'><strong>rubus</strong></span> <span class='ocrx_word' id='word_1_340' title='bbox 365 1319 484 1350; x_wconf 80' lang='lat' dir='ltr'><strong>arderet,</strong></span> <span class='ocrx_word' id='word_1_341' title='bbox 507 1321 535 1344; x_wconf 88' lang='lat' dir='ltr'><strong>et</strong></span> <span class='ocrx_word' id='word_1_342' title='bbox 559 1323 612 1344; x_wconf 86' lang='lat' dir='ltr'><strong>nort</strong></span> <span class='ocrx_word' id='word_1_343' title='bbox 635 1316 844 1343; x_wconf 86' lang='lat' dir='ltr'><strong>combureretur</strong></span> <span class='ocrx_word' id='word_1_344' title='bbox 856 1315 895 1348; x_wconf 84' lang='grc'><strong>⁶⁸;</strong></span> <span class='ocrx_word' id='word_1_345' title='bbox 909 1315 960 1342; x_wconf 84' lang='lat' dir='ltr'><strong>hoc</strong></span> 
     </span>
    </p>
   </div>
   <div class='ocr_carea' id='block_1_44' title="bbox 172 1361 959 1398">
    <p class='ocr_par' dir='ltr' id='par_1_44' title="bbox 172 1361 959 1398">
     <span class='ocr_line' id='line_1_44' title="bbox 172 1361 959 1398; baseline -0.003 -8"><span class='ocrx_word' id='word_1_346' title='bbox 172 1364 316 1391; x_wconf 79' lang='lat' dir='ltr'><strong>indivisam</strong></span> <span class='ocrx_word' id='word_1_347' title='bbox 342 1369 424 1398; x_wconf 87' lang='lat' dir='ltr'><strong>atque</strong></span> <span class='ocrx_word' id='word_1_348' title='bbox 457 1364 675 1398; x_wconf 87' lang='lat' dir='ltr'><strong>impermutatam</strong></span> <span class='ocrx_word' id='word_1_349' title='bbox 694 1362 773 1390; x_wconf 83' lang='lat' dir='ltr'><strong>Verbi</strong></span> <span class='ocrx_word' id='word_1_350' title='bbox 793 1361 876 1389; x_wconf 82' lang='lat' dir='ltr'><strong>divini</strong></span> <span class='ocrx_word' id='word_1_351' title='bbox 897 1369 959 1388; x_wconf 91' lang='lat' dir='ltr'><strong>eum</strong></span> 
     </span>
    </p>
   </div>
   <div class='ocr_carea' id='block_1_45' title="bbox 172 1408 958 1443">
    <p class='ocr_par' dir='ltr' id='par_1_45' title="bbox 172 1408 958 1443">
     <span class='ocr_line' id='line_1_45' title="bbox 172 1408 958 1443; baseline -0.003 -7"><span class='ocrx_word' id='word_1_352' title='bbox 172 1409 289 1436; x_wconf 85' lang='lat' dir='ltr'><strong>humana</strong></span> <span class='ocrx_word' id='word_1_353' title='bbox 313 1414 409 1436; x_wconf 84' lang='lat' dir='ltr'><strong>natura</strong></span> <span class='ocrx_word' id='word_1_354' title='bbox 435 1409 561 1436; x_wconf 90' lang='lat' dir='ltr'><strong>unionem</strong></span> <span class='ocrx_word' id='word_1_355' title='bbox 586 1415 620 1436; x_wconf 82' lang='lat' dir='ltr'><strong>ex</strong></span> <span class='ocrx_word' id='word_1_356' title='bbox 644 1408 778 1436; x_wconf 89' lang='lat' dir='ltr'><strong>charitate</strong></span> <span class='ocrx_word' id='word_1_357' title='bbox 803 1413 958 1443; x_wconf 83' lang='lat' dir='ltr'><strong>susceptam</strong></span> 
     </span>
    </p>
   </div>
   <div class='ocr_carea' id='block_1_46' title="bbox 171 1453 983 1489">
    <p class='ocr_par' dir='ltr' id='par_1_46' title="bbox 171 1453 983 1489">
     <span class='ocr_line' id='line_1_46' title="bbox 171 1453 983 1489; baseline -0.002 -6"><span class='ocrx_word' id='word_1_358' title='bbox 171 1455 307 1489; x_wconf 74' lang='lat' dir='ltr'><strong>designat.</strong></span> <span class='ocrx_word' id='word_1_359' title='bbox 319 1453 385 1482; x_wconf 84' lang='lat' dir='ltr'><strong>Nam</strong></span> <span class='ocrx_word' id='word_1_360' title='bbox 404 1455 478 1482; x_wconf 79' lang='lat' dir='ltr'><strong>velut</strong></span> <span class='ocrx_word' id='word_1_361' title='bbox 492 1457 588 1483; x_wconf 86' lang='lat' dir='ltr'><strong>rubum</strong></span> <span class='ocrx_word' id='word_1_362' title='bbox 603 1455 672 1489; x_wconf 80' lang='lat' dir='ltr'><strong>ignis</strong></span> <span class='ocrx_word' id='word_1_363' title='bbox 690 1454 829 1488; x_wconf 81' lang='lat' dir='ltr'><strong>amplexus</strong></span> <span class='ocrx_word' id='word_1_364' title='bbox 844 1458 901 1485; x_wconf 83' lang='lat' dir='ltr'><strong>est;</strong></span> <span class='ocrx_word' id='word_1_365' title='bbox 923 1453 959 1480; x_wconf 87' lang='lat' dir='ltr'><strong>ita</strong></span> <span class='ocrx_word' id='word_1_366' title='bbox 978 1479 983 1481; x_wconf 88' lang='lat'>_</span> 
     </span>
    </p>
   </div>
   <div class='ocr_carea' id='block_1_47' title="bbox 171 1499 995 1546">
    <p class='ocr_par' dir='ltr' id='par_1_47' title="bbox 171 1499 995 1546">
     <span class='ocr_line' id='line_1_47' title="bbox 171 1499 995 1546; baseline -0.004 -18"><span class='ocrx_word' id='word_1_367' title='bbox 171 1507 198 1528; x_wconf 88' lang='lat' dir='ltr'><strong>et</strong></span> <span class='ocrx_word' id='word_1_368' title='bbox 215 1501 284 1528; x_wconf 87' lang='lat' dir='ltr'><strong>Detts</strong></span> <span class='ocrx_word' id='word_1_369' title='bbox 296 1500 414 1528; x_wconf 86' lang='lat' dir='ltr'><strong>Verbum</strong></span> <span class='ocrx_word' id='word_1_370' title='bbox 432 1501 560 1535; x_wconf 67' lang='lat' dir='ltr'><strong>subiectae</strong></span> <span class='ocrx_word' id='word_1_371' title='bbox 574 1501 624 1528; x_wconf 86' lang='lat' dir='ltr'><strong>sub</strong></span> <span class='ocrx_word' id='word_1_372' title='bbox 641 1504 782 1536; x_wconf 82' lang='lat' dir='ltr'><strong>peccatum</strong></span> <span class='ocrx_word' id='word_1_373' title='bbox 795 1499 890 1546; x_wconf 85' lang='lat' dir='ltr'><strong>Adami</strong></span> <span class='ocrx_word' id='word_1_374' title='bbox 912 1499 959 1526; x_wconf 89' lang='lat' dir='ltr'><strong>dc-</strong></span> <span class='ocrx_word' id='word_1_375' title='bbox 972 1516 995 1546; x_wconf 65' lang='grc' dir='ltr'>ο</span> 
     </span>
    </p>
   </div>
   <div class='ocr_carea' id='block_1_48' title="bbox 172 1545 959 1580">
    <p class='ocr_par' dir='ltr' id='par_1_48' title="bbox 172 1545 959 1580">
     <span class='ocr_line' id='line_1_48' title="bbox 172 1545 959 1580; baseline -0.004 -6"><span class='ocrx_word' id='word_1_376' title='bbox 172 1547 236 1574; x_wconf 87' lang='lat' dir='ltr'><strong>Iicto</strong></span> <span class='ocrx_word' id='word_1_377' title='bbox 257 1551 360 1574; x_wconf 72' lang='lat' dir='ltr'><strong>natum</strong></span> <span class='ocrx_word' id='word_1_378' title='bbox 380 1547 538 1574; x_wconf 86' lang='lat' dir='ltr'><strong>societatem</strong></span> <span class='ocrx_word' id='word_1_379' title='bbox 564 1547 635 1578; x_wconf 88' lang='lat' dir='ltr'><strong>iniit,</strong></span> <span class='ocrx_word' id='word_1_380' title='bbox 650 1552 748 1580; x_wconf 79' lang='lat' dir='ltr'><strong>expers</strong></span> <span class='ocrx_word' id='word_1_381' title='bbox 771 1545 888 1580; x_wconf 85' lang='lat' dir='ltr'><strong>peccati,</strong></span> <span class='ocrx_word' id='word_1_382' title='bbox 905 1551 959 1579; x_wconf 87' lang='lat' dir='ltr'><strong>quo</strong></span> 
     </span>
    </p>
   </div>
   <div class='ocr_carea' id='block_1_49' title="bbox 172 1591 960 1627">
    <p class='ocr_par' dir='ltr' id='par_1_49' title="bbox 172 1591 960 1627">
     <span class='ocr_line' id='line_1_49' title="bbox 172 1591 960 1627; baseline -0.001 -9"><span class='ocrx_word' id='word_1_383' title='bbox 172 1601 223 1620; x_wconf 74' lang='lat' dir='ltr'><strong>nos</strong></span> <span class='ocrx_word' id='word_1_384' title='bbox 253 1599 361 1627; x_wconf 84' lang='lat' dir='ltr'><strong>quoque</strong></span> <span class='ocrx_word' id='word_1_385' title='bbox 392 1598 506 1627; x_wconf 82' lang='lat' dir='ltr'><strong>peccato</strong></span> <span class='ocrx_word' id='word_1_386' title='bbox 539 1592 658 1620; x_wconf 86' lang='lat' dir='ltr'><strong>invictos</strong></span> <span class='ocrx_word' id='word_1_387' title='bbox 688 1596 861 1626; x_wconf 85' lang='lat' dir='ltr'><strong>compararet</strong></span> <span class='ocrx_word' id='word_1_388' title='bbox 891 1591 960 1618; x_wconf 81' lang='lat' dir='ltr'><strong>alter</strong></span> 
     </span>
    </p>
   </div>
   <div class='ocr_carea' id='block_1_50' title="bbox 172 1637 960 1672">
    <p class='ocr_par' dir='ltr' id='par_1_50' title="bbox 172 1637 960 1672">
     <span class='ocr_line' id='line_1_50' title="bbox 172 1637 960 1672; baseline -0.004 -6"><span class='ocrx_word' id='word_1_389' title='bbox 172 1639 304 1671; x_wconf 83' lang='lat' dir='ltr'><strong>Adatnns,</strong></span> <span class='ocrx_word' id='word_1_390' title='bbox 318 1644 345 1665; x_wconf 83' lang='lat' dir='ltr'><strong>et</strong></span> <span class='ocrx_word' id='word_1_391' title='bbox 370 1639 547 1666; x_wconf 82' lang='lat' dir='ltr'><strong>recreationis</strong></span> <span class='ocrx_word' id='word_1_392' title='bbox 561 1643 661 1665; x_wconf 76' lang='lat' dir='ltr'><strong>nostrae</strong></span> <span class='ocrx_word' id='word_1_393' title='bbox 678 1637 813 1672; x_wconf 83' lang='lat' dir='ltr'><strong>princeps,</strong></span> <span class='ocrx_word' id='word_1_394' title='bbox 834 1643 910 1672; x_wconf 80' lang='lat' dir='ltr'><strong>teque</strong></span> <span class='ocrx_word' id='word_1_395' title='bbox 928 1643 960 1664; x_wconf 90' lang='lat' dir='ltr'><strong>ac</strong></span> 
     </span>
    </p>
   </div>
   <div class='ocr_carea' id='block_1_51' title="bbox 174 1681 961 1718">
    <p class='ocr_par' dir='ltr' id='par_1_51' title="bbox 174 1681 961 1718">
     <span class='ocr_line' id='line_1_51' title="bbox 174 1681 961 1718; baseline -0.003 -7"><span class='ocrx_word' id='word_1_396' title='bbox 174 1685 249 1718; x_wconf 90' lang='lat' dir='ltr'><strong>prior</strong></span> <span class='ocrx_word' id='word_1_397' title='bbox 270 1685 428 1712; x_wconf 84' lang='lat' dir='ltr'><strong>creationis.</strong></span> <span class='ocrx_word' id='word_1_398' title='bbox 447 1692 456 1709; x_wconf 96' lang='lat'><strong>1</strong></span> <span class='ocrx_word' id='word_1_399' title='bbox 479 1683 550 1710; x_wconf 81' lang='lat' dir='ltr'><strong>Dixit</strong></span> <span class='ocrx_word' id='word_1_400' title='bbox 569 1690 635 1717; x_wconf 87' lang='lat' dir='ltr'><strong>ergo</strong></span> <span class='ocrx_word' id='word_1_401' title='bbox 661 1682 750 1710; x_wconf 75' lang='lat' dir='ltr'><strong>ucses</strong></span> <span class='ocrx_word' id='word_1_402' title='bbox 774 1691 782 1710; x_wconf 85' lang='lat'><strong>:</strong></span> <span class='ocrx_word' id='word_1_403' title='bbox 805 1681 907 1709; x_wconf 83' lang='lat' dir='ltr'><strong>Vadam</strong></span> <span class='ocrx_word' id='word_1_404' title='bbox 933 1686 961 1709; x_wconf 91' lang='lat' dir='ltr'><strong>et</strong></span> 
     </span>
    </p>
   </div>
   <div class='ocr_carea' id='block_1_52' title="bbox 173 1729 960 1764">
    <p class='ocr_par' dir='ltr' id='par_1_52' title="bbox 173 1729 960 1764">
     <span class='ocr_line' id='line_1_52' title="bbox 173 1729 960 1764; baseline -0.001 -8"><span class='ocrx_word' id='word_1_405' title='bbox 173 1730 271 1758; x_wconf 83' lang='lat' dir='ltr'><strong>videbo</strong></span> <span class='ocrx_word' id='word_1_406' title='bbox 288 1730 420 1757; x_wconf 84' lang='lat' dir='ltr'><strong>visionem</strong></span> <span class='ocrx_word' id='word_1_407' title='bbox 437 1730 508 1757; x_wconf 88' lang='lat' dir='ltr'><strong>hanc</strong></span> <span class='ocrx_word' id='word_1_408' title='bbox 523 1737 660 1764; x_wconf 85' lang='lat' dir='ltr'><strong>magnam,</strong></span> <span class='ocrx_word' id='word_1_409' title='bbox 676 1737 762 1764; x_wconf 87' lang='lat' dir='ltr'><strong>quare</strong></span> <span class='ocrx_word' id='word_1_410' title='bbox 776 1736 829 1756; x_wconf 87' lang='lat' dir='ltr'><strong>non</strong></span> <span class='ocrx_word' id='word_1_411' title='bbox 848 1729 960 1756; x_wconf 84' lang='lat' dir='ltr'><strong>combu-</strong></span> 
     </span>
    </p>
   </div>
   <div class='ocr_carea' id='block_1_53' title="bbox 173 1774 958 1809">
    <p class='ocr_par' dir='ltr' id='par_1_53' title="bbox 173 1774 958 1809">
     <span class='ocr_line' id='line_1_53' title="bbox 173 1774 958 1809; baseline -0.003 -6"><span class='ocrx_word' id='word_1_412' title='bbox 173 1782 249 1804; x_wconf 90' lang='lat' dir='ltr'><strong>ratttr</strong></span> <span class='ocrx_word' id='word_1_413' title='bbox 272 1775 354 1803; x_wconf 86' lang='lat' dir='ltr'><strong>rubus</strong></span> <span class='ocrx_word' id='word_1_414' title='bbox 378 1776 411 1802; x_wconf 80' lang='lat'><strong>“.</strong></span> <span class='ocrx_word' id='word_1_415' title='bbox 437 1785 447 1802; x_wconf 72' lang='grc' dir='ltr'><strong>ι</strong></span> <span class='ocrx_word' id='word_1_416' title='bbox 474 1775 559 1803; x_wconf 78' lang='lat' dir='ltr'><strong>Recte</strong></span> <span class='ocrx_word' id='word_1_417' title='bbox 577 1775 717 1809; x_wconf 84' lang='lat' dir='ltr'><strong>obstupuit</strong></span> <span class='ocrx_word' id='word_1_418' title='bbox 740 1774 836 1807; x_wconf 78' lang='lat' dir='ltr'><strong>Moses,</strong></span> <span class='ocrx_word' id='word_1_419' title='bbox 857 1775 903 1809; x_wconf 91' lang='lat' dir='ltr'><strong>qui</strong></span> <span class='ocrx_word' id='word_1_420' title='bbox 934 1775 958 1801; x_wconf 93' lang='lat' dir='ltr'><strong>id</strong></span> 
     </span>
    </p>
   </div>
   <div class='ocr_carea' id='block_1_54' title="bbox 173 1821 961 1857">
    <p class='ocr_par' dir='ltr' id='par_1_54' title="bbox 173 1821 961 1857">
     <span class='ocr_line' id='line_1_54' title="bbox 173 1821 961 1857; baseline -0.004 -8"><span class='ocrx_word' id='word_1_421' title='bbox 173 1826 278 1849; x_wconf 87' lang='lat' dir='ltr'><strong>tantum</strong></span> <span class='ocrx_word' id='word_1_422' title='bbox 292 1826 427 1850; x_wconf 86' lang='lat' dir='ltr'><strong>ostentum</strong></span> <span class='ocrx_word' id='word_1_423' title='bbox 443 1829 504 1849; x_wconf 88' lang='lat' dir='ltr'><strong>esse</strong></span> <span class='ocrx_word' id='word_1_424' title='bbox 517 1821 630 1857; x_wconf 81' lang='lat' dir='ltr'><strong>ﬁgurant</strong></span> <span class='ocrx_word' id='word_1_425' title='bbox 650 1821 772 1849; x_wconf 86' lang='lat' dir='ltr'><strong>eventuri</strong></span> <span class='ocrx_word' id='word_1_426' title='bbox 788 1821 878 1848; x_wconf 85' lang='lat' dir='ltr'><strong>arcani</strong></span> <span class='ocrx_word' id='word_1_427' title='bbox 898 1828 961 1855; x_wconf 90' lang='lat' dir='ltr'><strong>pro-</strong></span> 
     </span>
    </p>
   </div>
   <div class='ocr_carea' id='block_1_55' title="bbox 173 1865 971 1903">
    <p class='ocr_par' dir='ltr' id='par_1_55' title="bbox 173 1865 971 1903">
     <span class='ocr_line' id='line_1_55' title="bbox 173 1865 971 1903; baseline -0.004 -8"><span class='ocrx_word' id='word_1_428' title='bbox 173 1869 300 1903; x_wconf 85' lang='lat' dir='ltr'><strong>spiceret,</strong></span> <span class='ocrx_word' id='word_1_429' title='bbox 323 1868 425 1903; x_wconf 90' lang='lat' dir='ltr'><strong>liquido</strong></span> <span class='ocrx_word' id='word_1_430' title='bbox 451 1868 654 1899; x_wconf 86' lang='lat' dir='ltr'><strong>demonstrans,</strong></span> <span class='ocrx_word' id='word_1_431' title='bbox 680 1867 797 1894; x_wconf 85' lang='lat' dir='ltr'><strong>divinant</strong></span> <span class='ocrx_word' id='word_1_432' title='bbox 815 1865 893 1893; x_wconf 89' lang='lat' dir='ltr'><strong>Verbi</strong></span> <span class='ocrx_word' id='word_1_433' title='bbox 914 1873 971 1892; x_wconf 83' lang='lat' dir='ltr'><strong>na-—</strong></span> 
     </span>
    </p>
   </div>
   <div class='ocr_carea' id='block_1_56' title="bbox 174 1909 959 1947">
    <p class='ocr_par' dir='ltr' id='par_1_56' title="bbox 174 1909 959 1947">
     <span class='ocr_line' id='line_1_56' title="bbox 174 1909 959 1947; baseline -0.003 -6"><span class='ocrx_word' id='word_1_434' title='bbox 174 1920 261 1942; x_wconf 87' lang='lat' dir='ltr'><strong>turam</strong></span> <span class='ocrx_word' id='word_1_435' title='bbox 282 1922 342 1942; x_wconf 88' lang='lat' dir='ltr'><strong>cum</strong></span> <span class='ocrx_word' id='word_1_436' title='bbox 367 1914 542 1941; x_wconf 86' lang='lat' dir='ltr'><strong>humanitatis</strong></span> <span class='ocrx_word' id='word_1_437' title='bbox 567 1913 662 1945; x_wconf 86' lang='lat' dir='ltr'><strong>modo,</strong></span> <span class='ocrx_word' id='word_1_438' title='bbox 688 1913 711 1939; x_wconf 81' lang='lat' dir='ltr'><strong>si</strong></span> <span class='ocrx_word' id='word_1_439' title='bbox 737 1909 846 1947; x_wconf 87' lang='lat' dir='ltr'><strong>quidem</strong></span> <span class='ocrx_word' id='word_1_440' title='bbox 869 1912 959 1945; x_wconf 82' lang='lat' dir='ltr'><strong>vellet,</strong></span> 
     </span>
    </p>
   </div>
   <div class='ocr_carea' id='block_1_57' title="bbox 173 1958 962 1995">
    <p class='ocr_par' dir='ltr' id='par_1_57' title="bbox 173 1958 962 1995">
     <span class='ocr_line' id='line_1_57' title="bbox 173 1958 962 1995; baseline 0 -9"><span class='ocrx_word' id='word_1_441' title='bbox 173 1960 350 1994; x_wconf 82' lang='lat' dir='ltr'><strong>copulandam</strong></span> <span class='ocrx_word' id='word_1_442' title='bbox 369 1968 378 1987; x_wconf 88' lang='lat'><strong>:</strong></span> <span class='ocrx_word' id='word_1_443' title='bbox 395 1968 457 1987; x_wconf 89' lang='lat' dir='ltr'><strong>nam</strong></span> <span class='ocrx_word' id='word_1_444' title='bbox 476 1960 501 1988; x_wconf 90' lang='lat' dir='ltr'><strong>ei</strong></span> <span class='ocrx_word' id='word_1_445' title='bbox 520 1960 629 1995; x_wconf 86' lang='lat' dir='ltr'><strong>quidem</strong></span> <span class='ocrx_word' id='word_1_446' title='bbox 652 1964 749 1987; x_wconf 86' lang='lat' dir='ltr'><strong>cuncta</strong></span> <span class='ocrx_word' id='word_1_447' title='bbox 781 1958 896 1986; x_wconf 81' lang='lat' dir='ltr'><strong>faciendi</strong></span> <span class='ocrx_word' id='word_1_448' title='bbox 919 1963 962 1986; x_wconf 79' lang='lat' dir='ltr'><strong>est</strong></span> 
     </span>
    </p>
   </div>
   <div class='ocr_carea' id='block_1_58' title="bbox 174 2006 306 2040">
    <p class='ocr_par' dir='ltr' id='par_1_58' title="bbox 174 2006 306 2040">
     <span class='ocr_line' id='line_1_58' title="bbox 174 2006 306 2040; baseline -0.008 -7"><span class='ocrx_word' id='word_1_449' title='bbox 174 2006 306 2040; x_wconf 86' lang='lat' dir='ltr'><strong>potentia,</strong></span> 
     </span>
    </p>
   </div>
   <div class='ocr_carea' id='block_1_59' title="bbox 211 2050 962 2086">
    <p class='ocr_par' dir='ltr' id='par_1_59' title="bbox 211 2050 962 2086">
     <span class='ocr_line' id='line_1_59' title="bbox 211 2050 962 2086; baseline 0 -8"><span class='ocrx_word' id='word_1_450' title='bbox 211 2061 221 2078; x_wconf 90' lang='lat'><strong>1</strong></span> <span class='ocrx_word' id='word_1_451' title='bbox 238 2054 360 2080; x_wconf 82' lang='lat' dir='ltr'><strong>Cernens</strong></span> <span class='ocrx_word' id='word_1_452' title='bbox 371 2055 460 2078; x_wconf 89' lang='lat' dir='ltr'><strong>autem</strong></span> <span class='ocrx_word' id='word_1_453' title='bbox 477 2050 618 2084; x_wconf 81' lang='lat' dir='ltr'><strong>Dominus,</strong></span> <span class='ocrx_word' id='word_1_454' title='bbox 637 2050 706 2085; x_wconf 85' lang='lat' dir='ltr'><strong>quod</strong></span> <span class='ocrx_word' id='word_1_455' title='bbox 728 2055 853 2086; x_wconf 79' lang='lat' dir='ltr'><strong>pergeret</strong></span> <span class='ocrx_word' id='word_1_456' title='bbox 873 2051 906 2078; x_wconf 87' lang='lat' dir='ltr'><strong>ad</strong></span> <span class='ocrx_word' id='word_1_457' title='bbox 923 2052 962 2078; x_wconf 86' lang='lat' dir='ltr'><strong>vi—</strong></span> 
     </span>
    </p>
   </div>
   <div class='ocr_carea' id='block_1_60' title="bbox 175 2097 961 2131">
    <p class='ocr_par' dir='ltr' id='par_1_60' title="bbox 175 2097 961 2131">
     <span class='ocr_line' id='line_1_60' title="bbox 175 2097 961 2131; baseline 0 -6"><span class='ocrx_word' id='word_1_458' title='bbox 175 2099 306 2131; x_wconf 89' lang='lat' dir='ltr'><strong>dendum,</strong></span> <span class='ocrx_word' id='word_1_459' title='bbox 321 2097 427 2125; x_wconf 86' lang='lat' dir='ltr'><strong>vocavit</strong></span> <span class='ocrx_word' id='word_1_460' title='bbox 442 2105 504 2124; x_wconf 86' lang='lat' dir='ltr'><strong>euut</strong></span> <span class='ocrx_word' id='word_1_461' title='bbox 518 2098 551 2125; x_wconf 85' lang='lat' dir='ltr'><strong>de</strong></span> <span class='ocrx_word' id='word_1_462' title='bbox 567 2097 654 2125; x_wconf 87' lang='lat' dir='ltr'><strong>medio</strong></span> <span class='ocrx_word' id='word_1_463' title='bbox 669 2097 742 2129; x_wconf 89' lang='lat' dir='ltr'><strong>rubi,</strong></span> <span class='ocrx_word' id='word_1_464' title='bbox 757 2102 784 2124; x_wconf 89' lang='lat' dir='ltr'><strong>et</strong></span> <span class='ocrx_word' id='word_1_465' title='bbox 795 2097 842 2124; x_wconf 84' lang='lat' dir='ltr'><strong>ait.</strong></span> <span class='ocrx_word' id='word_1_466' title='bbox 875 2106 884 2123; x_wconf 73' lang='grc' dir='ltr'><strong>ι</strong></span> <span class='ocrx_word' id='word_1_467' title='bbox 905 2097 961 2125; x_wconf 90' lang='lat' dir='ltr'><strong>Illic</strong></span> 
     </span>
    </p>
   </div>
   <div class='ocr_carea' id='block_1_61' title="bbox 177 2143 961 2179">
    <p class='ocr_par' dir='ltr' id='par_1_61' title="bbox 177 2143 961 2179">
     <span class='ocr_line' id='line_1_61' title="bbox 177 2143 961 2179; baseline -0.003 -7"><span class='ocrx_word' id='word_1_468' title='bbox 177 2145 307 2172; x_wconf 85' lang='lat' dir='ltr'><strong>Dominus</strong></span> <span class='ocrx_word' id='word_1_469' title='bbox 319 2144 406 2178; x_wconf 76' lang='lat' dir='ltr'><strong>angeli</strong></span> <span class='ocrx_word' id='word_1_470' title='bbox 422 2145 511 2179; x_wconf 87' lang='lat' dir='ltr'><strong>specie</strong></span> <span class='ocrx_word' id='word_1_471' title='bbox 529 2145 604 2171; x_wconf 86' lang='lat' dir='ltr'><strong>visus</strong></span> <span class='ocrx_word' id='word_1_472' title='bbox 627 2143 718 2171; x_wconf 79' lang='lat' dir='ltr'><strong>Mosen</strong></span> <span class='ocrx_word' id='word_1_473' title='bbox 734 2143 903 2176; x_wconf 80' lang='lat' dir='ltr'><strong>inclamavit;</strong></span> <span class='ocrx_word' id='word_1_474' title='bbox 917 2143 961 2171; x_wconf 88' lang='lat' dir='ltr'><strong>hic</strong></span> 
     </span>
    </p>
   </div>
   <div class='ocr_carea' id='block_1_62' title="bbox 1006 900 1796 935">
    <p class='ocr_par' dir='ltr' id='par_1_62' title="bbox 1006 900 1796 935">
     <span class='ocr_line' id='line_1_62' title="bbox 1006 900 1796 935; baseline 0.008 -8"><span class='ocrx_word' id='word_1_475' title='bbox 1006 900 1234 935; x_wconf 79' lang='lat' dir='ltr'><strong>exactoribttsque</strong></span> <span class='ocrx_word' id='word_1_476' title='bbox 1251 901 1361 928; x_wconf 74' lang='lat' dir='ltr'><strong>obnoxii</strong></span> <span class='ocrx_word' id='word_1_477' title='bbox 1380 910 1483 930; x_wconf 87' lang='lat' dir='ltr'><strong>sumus.</strong></span> <span class='ocrx_word' id='word_1_478' title='bbox 1499 904 1533 930; x_wconf 84' lang='lat' dir='ltr'><strong>At</strong></span> <span class='ocrx_word' id='word_1_479' title='bbox 1559 904 1606 931; x_wconf 84' lang='lat' dir='ltr'><strong>Dei</strong></span> <span class='ocrx_word' id='word_1_480' title='bbox 1622 905 1746 932; x_wconf 84' lang='lat' dir='ltr'><strong>notitiam</strong></span> <span class='ocrx_word' id='word_1_481' title='bbox 1763 907 1796 932; x_wconf 92' lang='lat' dir='ltr'><strong>li-</strong></span> 
     </span>
    </p>
   </div>
   <div class='ocr_carea' id='block_1_63' title="bbox 1006 944 1798 980">
    <p class='ocr_par' dir='ltr' id='par_1_63' title="bbox 1006 944 1798 980">
     <span class='ocr_line' id='line_1_63' title="bbox 1006 944 1798 980; baseline 0.009 -10"><span class='ocrx_word' id='word_1_482' title='bbox 1006 944 1120 972; x_wconf 87' lang='lat' dir='ltr'><strong>bertatis</strong></span> <span class='ocrx_word' id='word_1_483' title='bbox 1136 945 1221 979; x_wconf 87' lang='lat' dir='ltr'><strong>gratia</strong></span> <span class='ocrx_word' id='word_1_484' title='bbox 1241 946 1428 980; x_wconf 87' lang='lat' dir='ltr'><strong>consequitur.</strong></span> <span class='ocrx_word' id='word_1_485' title='bbox 1457 956 1467 973; x_wconf 84' lang='lat'><strong>1</strong></span> <span class='ocrx_word' id='word_1_486' title='bbox 1487 947 1520 974; x_wconf 87' lang='lat' dir='ltr'><strong>Et</strong></span> <span class='ocrx_word' id='word_1_487' title='bbox 1538 949 1662 976; x_wconf 83' lang='lat' dir='ltr'><strong>descendi</strong></span> <span class='ocrx_word' id='word_1_488' title='bbox 1682 955 1711 976; x_wconf 89' lang='lat' dir='ltr'><strong>ttt</strong></span> <span class='ocrx_word' id='word_1_489' title='bbox 1726 951 1798 977; x_wconf 89' lang='lat' dir='ltr'><strong>libe-</strong></span> 
     </span>
    </p>
   </div>
   <div class='ocr_carea' id='block_1_64' title="bbox 1008 992 1795 1029">
    <p class='ocr_par' dir='ltr' id='par_1_64' title="bbox 1008 992 1795 1029">
     <span class='ocr_line' id='line_1_64' title="bbox 1008 992 1795 1029; baseline 0.011 -12"><span class='ocrx_word' id='word_1_490' title='bbox 1008 999 1064 1018; x_wconf 82' lang='lat' dir='ltr'><strong>rem</strong></span> <span class='ocrx_word' id='word_1_491' title='bbox 1077 999 1140 1019; x_wconf 87' lang='lat' dir='ltr'><strong>eum</strong></span> <span class='ocrx_word' id='word_1_492' title='bbox 1154 992 1187 1019; x_wconf 91' lang='lat' dir='ltr'><strong>de</strong></span> <span class='ocrx_word' id='word_1_493' title='bbox 1204 993 1328 1020; x_wconf 87' lang='lat' dir='ltr'><strong>manibus</strong></span> <span class='ocrx_word' id='word_1_494' title='bbox 1341 993 1539 1029; x_wconf 66' lang='lat' dir='ltr'><strong>Egyptiorum.</strong></span> <span class='ocrx_word' id='word_1_495' title='bbox 1558 1005 1568 1022; x_wconf 74' lang='grc' dir='ltr'><strong>ι</strong></span> <span class='ocrx_word' id='word_1_496' title='bbox 1586 996 1718 1025; x_wconf 88' lang='lat' dir='ltr'><strong>Conscius</strong></span> <span class='ocrx_word' id='word_1_497' title='bbox 1732 999 1795 1026; x_wconf 83' lang='lat' dir='ltr'><strong>vani</strong></span> 
     </span>
    </p>
   </div>
   <div class='ocr_carea' id='block_1_65' title="bbox 1008 1038 1795 1075">
    <p class='ocr_par' dir='ltr' id='par_1_65' title="bbox 1008 1038 1795 1075">
     <span class='ocr_line' id='line_1_65' title="bbox 1008 1038 1795 1075; baseline 0.008 -11"><span class='ocrx_word' id='word_1_498' title='bbox 1008 1038 1146 1064; x_wconf 86' lang='lat' dir='ltr'><strong>hominum</strong></span> <span class='ocrx_word' id='word_1_499' title='bbox 1163 1039 1245 1066; x_wconf 89' lang='lat' dir='ltr'><strong>studii</strong></span> <span class='ocrx_word' id='word_1_500' title='bbox 1265 1046 1329 1073; x_wconf 83' lang='lat' dir='ltr'><strong>erga</strong></span> <span class='ocrx_word' id='word_1_501' title='bbox 1355 1040 1494 1067; x_wconf 86' lang='lat' dir='ltr'><strong>immolata</strong></span> <span class='ocrx_word' id='word_1_502' title='bbox 1517 1041 1605 1075; x_wconf 86' lang='lat' dir='ltr'><strong>idolis,</strong></span> <span class='ocrx_word' id='word_1_503' title='bbox 1633 1044 1760 1072; x_wconf 85' lang='lat' dir='ltr'><strong>descendi</strong></span> <span class='ocrx_word' id='word_1_504' title='bbox 1780 1052 1795 1070; x_wconf 92' lang='lat' dir='ltr'><strong>a</strong></span> 
     </span>
    </p>
   </div>
   <div class='ocr_carea' id='block_1_66' title="bbox 1008 1083 1798 1123">
    <p class='ocr_par' dir='ltr' id='par_1_66' title="bbox 1008 1083 1798 1123">
     <span class='ocr_line' id='line_1_66' title="bbox 1008 1083 1798 1123; baseline 0.008 -13"><span class='ocrx_word' id='word_1_505' title='bbox 1008 1083 1090 1112; x_wconf 85' lang='lat' dir='ltr'><strong>Patre</strong></span> <span class='ocrx_word' id='word_1_506' title='bbox 1106 1092 1278 1119; x_wconf 87' lang='lat' dir='ltr'><strong>nequaquam</strong></span> <span class='ocrx_word' id='word_1_507' title='bbox 1295 1091 1448 1120; x_wconf 75' lang='lat' dir='ltr'><strong>separatus,</strong></span> <span class='ocrx_word' id='word_1_508' title='bbox 1465 1087 1499 1114; x_wconf 84' lang='lat' dir='ltr'><strong>ad</strong></span> <span class='ocrx_word' id='word_1_509' title='bbox 1513 1087 1680 1123; x_wconf 89' lang='lat' dir='ltr'><strong>eripiendum</strong></span> <span class='ocrx_word' id='word_1_510' title='bbox 1694 1090 1798 1116; x_wconf 70' lang='lat' dir='ltr'><strong>daemo-</strong></span> 
     </span>
    </p>
   </div>
   <div class='ocr_carea' id='block_1_67' title="bbox 1009 1130 1794 1168">
    <p class='ocr_par' dir='ltr' id='par_1_67' title="bbox 1009 1130 1794 1168">
     <span class='ocr_line' id='line_1_67' title="bbox 1009 1130 1794 1168; baseline 0.008 -12"><span class='ocrx_word' id='word_1_511' title='bbox 1009 1130 1088 1157; x_wconf 87' lang='lat' dir='ltr'><strong>nibus</strong></span> <span class='ocrx_word' id='word_1_512' title='bbox 1099 1130 1192 1158; x_wconf 84' lang='lat' dir='ltr'><strong>orbem</strong></span> <span class='ocrx_word' id='word_1_513' title='bbox 1205 1135 1350 1158; x_wconf 87' lang='lat' dir='ltr'><strong>terrarum.</strong></span> <span class='ocrx_word' id='word_1_514' title='bbox 1371 1141 1380 1158; x_wconf 96' lang='lat'><strong>1</strong></span> <span class='ocrx_word' id='word_1_515' title='bbox 1399 1132 1429 1159; x_wconf 86' lang='lat' dir='ltr'><strong>Et</strong></span> <span class='ocrx_word' id='word_1_516' title='bbox 1443 1133 1556 1160; x_wconf 81' lang='lat' dir='ltr'><strong>educam</strong></span> <span class='ocrx_word' id='word_1_517' title='bbox 1572 1134 1604 1161; x_wconf 88' lang='lat' dir='ltr'><strong>de</strong></span> <span class='ocrx_word' id='word_1_518' title='bbox 1620 1139 1690 1161; x_wconf 89' lang='lat' dir='ltr'><strong>terra</strong></span> <span class='ocrx_word' id='word_1_519' title='bbox 1707 1135 1764 1168; x_wconf 89' lang='lat' dir='ltr'><strong>illa;</strong></span> <span class='ocrx_word' id='word_1_520' title='bbox 1784 1145 1794 1162; x_wconf 72' lang='grc' dir='ltr'><strong>ι</strong></span> 
     </span>
    </p>
   </div>
   <div class='ocr_carea' id='block_1_68' title="bbox 1009 1178 1798 1213">
    <p class='ocr_par' dir='ltr' id='par_1_68' title="bbox 1009 1178 1798 1213">
     <span class='ocr_line' id='line_1_68' title="bbox 1009 1178 1798 1213; baseline 0.009 -11"><span class='ocrx_word' id='word_1_521' title='bbox 1009 1178 1184 1204; x_wconf 73' lang='lat' dir='ltr'><strong>contumacia:</strong></span> <span class='ocrx_word' id='word_1_522' title='bbox 1196 1183 1224 1204; x_wconf 90' lang='lat' dir='ltr'><strong>et</strong></span> <span class='ocrx_word' id='word_1_523' title='bbox 1236 1178 1419 1211; x_wconf 77' lang='lat' dir='ltr'><strong>mortalitatis,</strong></span> <span class='ocrx_word' id='word_1_524' title='bbox 1431 1188 1440 1205; x_wconf 83' lang='lat'><strong>1</strong></span> <span class='ocrx_word' id='word_1_525' title='bbox 1452 1179 1478 1206; x_wconf 88' lang='lat' dir='ltr'><strong>itt</strong></span> <span class='ocrx_word' id='word_1_526' title='bbox 1488 1183 1587 1207; x_wconf 87' lang='lat' dir='ltr'><strong>terrant</strong></span> <span class='ocrx_word' id='word_1_527' title='bbox 1602 1181 1710 1213; x_wconf 85' lang='lat' dir='ltr'><strong>bonam,</strong></span> <span class='ocrx_word' id='word_1_528' title='bbox 1721 1192 1729 1207; x_wconf 78' lang='grc' dir='ltr'><strong>ι</strong></span> <span class='ocrx_word' id='word_1_529' title='bbox 1742 1183 1798 1210; x_wconf 89' lang='lat' dir='ltr'><strong>sci-</strong></span> 
     </span>
    </p>
   </div>
   <div class='ocr_carea' id='block_1_69' title="bbox 1009 1222 1797 1262">
    <p class='ocr_par' dir='ltr' id='par_1_69' title="bbox 1009 1222 1797 1262">
     <span class='ocr_line' id='line_1_69' title="bbox 1009 1222 1797 1262; baseline 0.01 -14"><span class='ocrx_word' id='word_1_530' title='bbox 1009 1222 1072 1249; x_wconf 89' lang='lat' dir='ltr'><strong>licet</strong></span> <span class='ocrx_word' id='word_1_531' title='bbox 1087 1222 1307 1257; x_wconf 87' lang='lat' dir='ltr'><strong>immortalitatis,</strong></span> <span class='ocrx_word' id='word_1_532' title='bbox 1322 1230 1347 1252; x_wconf 88' lang='lat' dir='ltr'><strong>et</strong></span> <span class='ocrx_word' id='word_1_533' title='bbox 1366 1225 1411 1252; x_wconf 86' lang='lat' dir='ltr'><strong>Dei</strong></span> <span class='ocrx_word' id='word_1_534' title='bbox 1427 1226 1540 1258; x_wconf 67' lang='lat' dir='ltr'><strong>notitiae,</strong></span> <span class='ocrx_word' id='word_1_535' title='bbox 1556 1237 1566 1253; x_wconf 91' lang='lat'><strong>1</strong></span> <span class='ocrx_word' id='word_1_536' title='bbox 1581 1235 1640 1262; x_wconf 73' lang='lat' dir='ltr'><strong>qua:</strong></span> <span class='ocrx_word' id='word_1_537' title='bbox 1650 1228 1708 1255; x_wconf 87' lang='lat' dir='ltr'><strong>Ilnit</strong></span> <span class='ocrx_word' id='word_1_538' title='bbox 1724 1229 1797 1257; x_wconf 84' lang='lat' dir='ltr'><strong>lacte</strong></span> 
     </span>
    </p>
   </div>
   <div class='ocr_carea' id='block_1_70' title="bbox 1009 1268 1798 1303">
    <p class='ocr_par' dir='ltr' id='par_1_70' title="bbox 1009 1268 1798 1303">
     <span class='ocr_line' id='line_1_70' title="bbox 1009 1268 1798 1303; baseline 0.009 -8"><span class='ocrx_word' id='word_1_539' title='bbox 1009 1274 1036 1296; x_wconf 88' lang='lat' dir='ltr'><strong>et</strong></span> <span class='ocrx_word' id='word_1_540' title='bbox 1049 1268 1128 1296; x_wconf 83' lang='lat' dir='ltr'><strong>melle</strong></span> <span class='ocrx_word' id='word_1_541' title='bbox 1141 1269 1174 1296; x_wconf 89' lang='lat'><strong>&quot;.</strong></span> <span class='ocrx_word' id='word_1_542' title='bbox 1196 1278 1205 1295; x_wconf 78' lang='grc' dir='ltr'><strong>ι</strong></span> <span class='ocrx_word' id='word_1_543' title='bbox 1222 1269 1260 1296; x_wconf 79' lang='lat' dir='ltr'><strong>Ex</strong></span> <span class='ocrx_word' id='word_1_544' title='bbox 1277 1277 1308 1297; x_wconf 88' lang='lat' dir='ltr'><strong>ea</strong></span> <span class='ocrx_word' id='word_1_545' title='bbox 1324 1274 1395 1298; x_wconf 82' lang='lat' dir='ltr'><strong>terra</strong></span> <span class='ocrx_word' id='word_1_546' title='bbox 1411 1271 1453 1299; x_wconf 88' lang='lat' dir='ltr'><strong>lac</strong></span> <span class='ocrx_word' id='word_1_547' title='bbox 1468 1277 1495 1299; x_wconf 86' lang='lat' dir='ltr'><strong>et</strong></span> <span class='ocrx_word' id='word_1_548' title='bbox 1507 1272 1578 1300; x_wconf 86' lang='lat' dir='ltr'><strong>mel:</strong></span> <span class='ocrx_word' id='word_1_549' title='bbox 1599 1281 1631 1300; x_wconf 76' lang='lat' dir='ltr'><strong>ex</strong></span> <span class='ocrx_word' id='word_1_550' title='bbox 1654 1274 1798 1303; x_wconf 88' lang='lat' dir='ltr'><strong>Dominico</strong></span> 
     </span>
    </p>
   </div>
   <div class='ocr_carea' id='block_1_71' title="bbox 1009 1317 1798 1355">
    <p class='ocr_par' dir='ltr' id='par_1_71' title="bbox 1009 1317 1798 1355">
     <span class='ocr_line' id='line_1_71' title="bbox 1009 1317 1798 1355; baseline 0.009 -14"><span class='ocrx_word' id='word_1_551' title='bbox 1009 1321 1122 1348; x_wconf 86' lang='lat' dir='ltr'><strong>corpore</strong></span> <span class='ocrx_word' id='word_1_552' title='bbox 1135 1322 1205 1350; x_wconf 88' lang='lat' dir='ltr'><strong>aqua</strong></span> <span class='ocrx_word' id='word_1_553' title='bbox 1218 1320 1245 1343; x_wconf 88' lang='lat' dir='ltr'><strong>et</strong></span> <span class='ocrx_word' id='word_1_554' title='bbox 1256 1317 1364 1352; x_wconf 84' lang='lat' dir='ltr'><strong>sanguis</strong></span> <span class='ocrx_word' id='word_1_555' title='bbox 1377 1317 1540 1350; x_wconf 72' lang='lat' dir='ltr'><strong>scaturiunt,</strong></span> <span class='ocrx_word' id='word_1_556' title='bbox 1561 1319 1588 1346; x_wconf 90' lang='lat' dir='ltr'><strong>Id</strong></span> <span class='ocrx_word' id='word_1_557' title='bbox 1601 1320 1672 1347; x_wconf 92' lang='lat' dir='ltr'><strong>enim</strong></span> <span class='ocrx_word' id='word_1_558' title='bbox 1688 1326 1714 1347; x_wconf 91' lang='lat' dir='ltr'><strong>et</strong></span> <span class='ocrx_word' id='word_1_559' title='bbox 1727 1322 1798 1355; x_wconf 81' lang='lat' dir='ltr'><strong>ignis</strong></span> 
     </span>
    </p>
   </div>
   <div class='ocr_carea' id='block_1_72' title="bbox 1010 1361 1799 1401">
    <p class='ocr_par' dir='ltr' id='par_1_72' title="bbox 1010 1361 1799 1401">
     <span class='ocr_line' id='line_1_72' title="bbox 1010 1361 1799 1401; baseline 0.01 -15"><span class='ocrx_word' id='word_1_560' title='bbox 1010 1367 1071 1386; x_wconf 91' lang='lat' dir='ltr'><strong>cum</strong></span> <span class='ocrx_word' id='word_1_561' title='bbox 1087 1361 1155 1388; x_wconf 91' lang='lat' dir='ltr'><strong>rubo</strong></span> <span class='ocrx_word' id='word_1_562' title='bbox 1175 1362 1269 1396; x_wconf 83' lang='lat' dir='ltr'><strong>copula</strong></span> <span class='ocrx_word' id='word_1_563' title='bbox 1286 1363 1426 1396; x_wconf 84' lang='lat' dir='ltr'><strong>designat;</strong></span> <span class='ocrx_word' id='word_1_564' title='bbox 1444 1371 1492 1398; x_wconf 90' lang='lat' dir='ltr'><strong>per</strong></span> <span class='ocrx_word' id='word_1_565' title='bbox 1504 1365 1627 1392; x_wconf 83' lang='lat' dir='ltr'><strong>ardorem</strong></span> <span class='ocrx_word' id='word_1_566' title='bbox 1643 1367 1752 1401; x_wconf 83' lang='lat' dir='ltr'><strong>patibile</strong></span> <span class='ocrx_word' id='word_1_567' title='bbox 1770 1374 1799 1396; x_wconf 82' lang='lat' dir='ltr'><strong>et</strong></span> 
     </span>
    </p>
   </div>
   <div class='ocr_carea' id='block_1_73' title="bbox 1011 1406 1801 1445">
    <p class='ocr_par' dir='ltr' id='par_1_73' title="bbox 1011 1406 1801 1445">
     <span class='ocr_line' id='line_1_73' title="bbox 1011 1406 1801 1445; baseline 0.011 -13"><span class='ocrx_word' id='word_1_568' title='bbox 1011 1406 1124 1434; x_wconf 88' lang='lat' dir='ltr'><strong>mortale</strong></span> <span class='ocrx_word' id='word_1_569' title='bbox 1139 1414 1248 1442; x_wconf 88' lang='lat' dir='ltr'><strong>corpus,</strong></span> <span class='ocrx_word' id='word_1_570' title='bbox 1277 1416 1325 1443; x_wconf 89' lang='lat' dir='ltr'><strong>per</strong></span> <span class='ocrx_word' id='word_1_571' title='bbox 1341 1409 1553 1438; x_wconf 84' lang='lat' dir='ltr'><strong>incolumitatem</strong></span> <span class='ocrx_word' id='word_1_572' title='bbox 1567 1419 1599 1438; x_wconf 78' lang='lat' dir='ltr'><strong>ex</strong></span> <span class='ocrx_word' id='word_1_573' title='bbox 1612 1415 1717 1445; x_wconf 77' lang='lat' dir='ltr'><strong>ardore,</strong></span> <span class='ocrx_word' id='word_1_574' title='bbox 1735 1413 1801 1441; x_wconf 83' lang='lat' dir='ltr'><strong>Dei-</strong></span> 
     </span>
    </p>
   </div>
   <div class='ocr_carea' id='block_1_74' title="bbox 1012 1454 1798 1491">
    <p class='ocr_par' dir='ltr' id='par_1_74' title="bbox 1012 1454 1798 1491">
     <span class='ocr_line' id='line_1_74' title="bbox 1012 1454 1798 1491; baseline 0.011 -13"><span class='ocrx_word' id='word_1_575' title='bbox 1012 1456 1104 1485; x_wconf 83' lang='lat' dir='ltr'><strong>tatetn,</strong></span> <span class='ocrx_word' id='word_1_576' title='bbox 1123 1459 1183 1487; x_wconf 65' lang='lat' dir='ltr'><strong>quae</strong></span> <span class='ocrx_word' id='word_1_577' title='bbox 1202 1454 1310 1485; x_wconf 83' lang='lat' dir='ltr'><strong>invicta,</strong></span> <span class='ocrx_word' id='word_1_578' title='bbox 1333 1455 1364 1481; x_wconf 93' lang='lat' dir='ltr'><strong>iis</strong></span> <span class='ocrx_word' id='word_1_579' title='bbox 1373 1455 1441 1481; x_wconf 90' lang='lat' dir='ltr'><strong>hattd</strong></span> <span class='ocrx_word' id='word_1_580' title='bbox 1455 1456 1559 1491; x_wconf 81' lang='lat' dir='ltr'><strong>longum</strong></span> <span class='ocrx_word' id='word_1_581' title='bbox 1577 1459 1798 1490; x_wconf 64' lang='lat' dir='ltr'><strong>vinsendacsset.</strong></span> 
     </span>
    </p>
   </div>
   <div class='ocr_carea' id='block_1_75' title="bbox 1048 1498 1795 1534">
    <p class='ocr_par' dir='ltr' id='par_1_75' title="bbox 1048 1498 1795 1534">
     <span class='ocr_line' id='line_1_75' title="bbox 1048 1498 1795 1534; baseline 0.009 -9"><span class='ocrx_word' id='word_1_582' title='bbox 1048 1507 1058 1523; x_wconf 88' lang='lat'><strong>1</strong></span> <span class='ocrx_word' id='word_1_583' title='bbox 1079 1498 1189 1526; x_wconf 89' lang='lat' dir='ltr'><strong>Clamor</strong></span> <span class='ocrx_word' id='word_1_584' title='bbox 1204 1507 1268 1534; x_wconf 80' lang='lat' dir='ltr'><strong>ergo</strong></span> <span class='ocrx_word' id='word_1_585' title='bbox 1292 1500 1407 1527; x_wconf 83' lang='lat' dir='ltr'><strong>filiorum</strong></span> <span class='ocrx_word' id='word_1_586' title='bbox 1428 1500 1508 1529; x_wconf 84' lang='lat' dir='ltr'><strong>Israel</strong></span> <span class='ocrx_word' id='word_1_587' title='bbox 1531 1504 1603 1529; x_wconf 88' lang='lat' dir='ltr'><strong>venit</strong></span> <span class='ocrx_word' id='word_1_588' title='bbox 1621 1504 1653 1530; x_wconf 88' lang='lat' dir='ltr'><strong>ad</strong></span> <span class='ocrx_word' id='word_1_589' title='bbox 1670 1513 1712 1531; x_wconf 87' lang='lat' dir='ltr'><strong>me</strong></span> <span class='ocrx_word' id='word_1_590' title='bbox 1727 1505 1762 1532; x_wconf 77' lang='grc'><strong>⁷⁸.</strong></span> <span class='ocrx_word' id='word_1_591' title='bbox 1785 1516 1795 1532; x_wconf 78' lang='grc' dir='ltr'><strong>ι</strong></span> 
     </span>
    </p>
   </div>
   <div class='ocr_carea' id='block_1_76' title="bbox 1011 1543 1798 1582">
    <p class='ocr_par' dir='ltr' id='par_1_76' title="bbox 1011 1543 1798 1582">
     <span class='ocr_line' id='line_1_76' title="bbox 1011 1543 1798 1582; baseline 0.008 -11"><span class='ocrx_word' id='word_1_592' title='bbox 1011 1543 1066 1572; x_wconf 90' lang='lat' dir='ltr'><strong>Illic</strong></span> <span class='ocrx_word' id='word_1_593' title='bbox 1079 1550 1188 1579; x_wconf 82' lang='lat' dir='ltr'><strong>accepta</strong></span> <span class='ocrx_word' id='word_1_594' title='bbox 1203 1545 1386 1573; x_wconf 82' lang='lat' dir='ltr'><strong>Israelitarum</strong></span> <span class='ocrx_word' id='word_1_595' title='bbox 1403 1547 1604 1582; x_wconf 80' lang='lat' dir='ltr'><strong>imploratione,</strong></span> <span class='ocrx_word' id='word_1_596' title='bbox 1620 1550 1662 1576; x_wconf 88' lang='lat' dir='ltr'><strong>hie</strong></span> <span class='ocrx_word' id='word_1_597' title='bbox 1676 1552 1798 1578; x_wconf 90' lang='lat' dir='ltr'><strong>onmium</strong></span> 
     </span>
    </p>
   </div>
   <div class='ocr_carea' id='block_1_77' title="bbox 1010 1592 1800 1632">
    <p class='ocr_par' dir='ltr' id='par_1_77' title="bbox 1010 1592 1800 1632">
     <span class='ocr_line' id='line_1_77' title="bbox 1010 1592 1800 1632; baseline 0.008 -13"><span class='ocrx_word' id='word_1_598' title='bbox 1010 1600 1042 1620; x_wconf 76' lang='lat' dir='ltr'><strong>ex</strong></span> <span class='ocrx_word' id='word_1_599' title='bbox 1059 1592 1163 1620; x_wconf 78' lang='lat' dir='ltr'><strong>Adamo</strong></span> <span class='ocrx_word' id='word_1_600' title='bbox 1178 1598 1316 1625; x_wconf 85' lang='lat' dir='ltr'><strong>natorum,</strong></span> <span class='ocrx_word' id='word_1_601' title='bbox 1332 1601 1527 1629; x_wconf 77' lang='lat' dir='ltr'><strong>perspectaque</strong></span> <span class='ocrx_word' id='word_1_602' title='bbox 1541 1596 1676 1629; x_wconf 78' lang='lat' dir='ltr'><strong>violentia,</strong></span> <span class='ocrx_word' id='word_1_603' title='bbox 1696 1606 1747 1632; x_wconf 86' lang='lat' dir='ltr'><strong>qua</strong></span> <span class='ocrx_word' id='word_1_604' title='bbox 1764 1601 1800 1628; x_wconf 87' lang='lat' dir='ltr'><strong>ab</strong></span> 
     </span>
    </p>
   </div>
   <div class='ocr_carea' id='block_1_78' title="bbox 1010 1639 1799 1676">
    <p class='ocr_par' dir='ltr' id='par_1_78' title="bbox 1010 1639 1799 1676">
     <span class='ocr_line' id='line_1_78' title="bbox 1010 1639 1799 1676; baseline 0.009 -10"><span class='ocrx_word' id='word_1_605' title='bbox 1010 1639 1145 1675; x_wconf 67' lang='lat' dir='ltr'><strong>Egyptiis</strong></span> <span class='ocrx_word' id='word_1_606' title='bbox 1173 1645 1320 1673; x_wconf 84' lang='lat' dir='ltr'><strong>urgentur;</strong></span> <span class='ocrx_word' id='word_1_607' title='bbox 1347 1649 1397 1667; x_wconf 91' lang='lat' dir='ltr'><strong>non</strong></span> <span class='ocrx_word' id='word_1_608' title='bbox 1427 1642 1514 1668; x_wconf 90' lang='lat' dir='ltr'><strong>solum</strong></span> <span class='ocrx_word' id='word_1_609' title='bbox 1544 1649 1614 1676; x_wconf 79' lang='lat' dir='ltr'><strong>past,</strong></span> <span class='ocrx_word' id='word_1_610' title='bbox 1643 1645 1690 1671; x_wconf 85' lang='lat' dir='ltr'><strong>sed</strong></span> <span class='ocrx_word' id='word_1_611' title='bbox 1714 1645 1799 1673; x_wconf 82' lang='lat' dir='ltr'><strong>etiam</strong></span> 
     </span>
    </p>
   </div>
   <div class='ocr_carea' id='block_1_79' title="bbox 1011 1685 1800 1723">
    <p class='ocr_par' dir='ltr' id='par_1_79' title="bbox 1011 1685 1800 1723">
     <span class='ocr_line' id='line_1_79' title="bbox 1011 1685 1800 1723; baseline 0.008 -12"><span class='ocrx_word' id='word_1_612' title='bbox 1011 1691 1075 1712; x_wconf 89' lang='lat' dir='ltr'><strong>ante</strong></span> <span class='ocrx_word' id='word_1_613' title='bbox 1095 1685 1314 1719; x_wconf 81' lang='lat' dir='ltr'><strong>implorationem</strong></span> <span class='ocrx_word' id='word_1_614' title='bbox 1343 1686 1461 1721; x_wconf 79' lang='lat' dir='ltr'><strong>(animos</strong></span> <span class='ocrx_word' id='word_1_615' title='bbox 1477 1688 1548 1714; x_wconf 86' lang='lat' dir='ltr'><strong>enim</strong></span> <span class='ocrx_word' id='word_1_616' title='bbox 1563 1693 1681 1723; x_wconf 83' lang='lat' dir='ltr'><strong>scrutor)</strong></span> <span class='ocrx_word' id='word_1_617' title='bbox 1697 1690 1800 1717; x_wconf 70' lang='grc' dir='ltr'><strong>ἁιειιιο-</strong></span> 
     </span>
    </p>
   </div>
   <div class='ocr_carea' id='block_1_80' title="bbox 1010 1731 1799 1766">
    <p class='ocr_par' dir='ltr' id='par_1_80' title="bbox 1010 1731 1799 1766">
     <span class='ocr_line' id='line_1_80' title="bbox 1010 1731 1799 1766; baseline 0.009 -9"><span class='ocrx_word' id='word_1_618' title='bbox 1010 1738 1073 1757; x_wconf 94' lang='lat' dir='ltr'><strong>num</strong></span> <span class='ocrx_word' id='word_1_619' title='bbox 1089 1731 1244 1759; x_wconf 86' lang='lat' dir='ltr'><strong>violentiam</strong></span> <span class='ocrx_word' id='word_1_620' title='bbox 1263 1731 1336 1759; x_wconf 86' lang='lat' dir='ltr'><strong>novi.</strong></span> <span class='ocrx_word' id='word_1_621' title='bbox 1354 1741 1363 1757; x_wconf 96' lang='lat'><strong>1</strong></span> <span class='ocrx_word' id='word_1_622' title='bbox 1385 1733 1436 1760; x_wconf 86' lang='lat' dir='ltr'><strong>Sed</strong></span> <span class='ocrx_word' id='word_1_623' title='bbox 1459 1733 1533 1766; x_wconf 83' lang='lat' dir='ltr'><strong>veni,</strong></span> <span class='ocrx_word' id='word_1_624' title='bbox 1556 1739 1583 1761; x_wconf 88' lang='lat' dir='ltr'><strong>et</strong></span> <span class='ocrx_word' id='word_1_625' title='bbox 1600 1735 1702 1762; x_wconf 90' lang='lat' dir='ltr'><strong>mittam</strong></span> <span class='ocrx_word' id='word_1_626' title='bbox 1722 1742 1747 1764; x_wconf 92' lang='lat' dir='ltr'><strong>te</strong></span> <span class='ocrx_word' id='word_1_627' title='bbox 1765 1738 1799 1764; x_wconf 84' lang='lat' dir='ltr'><strong>ad</strong></span> 
     </span>
    </p>
   </div>
   <div class='ocr_carea' id='block_1_81' title="bbox 1010 1775 1799 1813">
    <p class='ocr_par' dir='ltr' id='par_1_81' title="bbox 1010 1775 1799 1813">
     <span class='ocr_line' id='line_1_81' title="bbox 1010 1775 1799 1813; baseline 0.009 -11"><span class='ocrx_word' id='word_1_628' title='bbox 1010 1775 1190 1803; x_wconf 86' lang='lat' dir='ltr'><strong>Pharaonem.</strong></span> <span class='ocrx_word' id='word_1_629' title='bbox 1214 1785 1224 1802; x_wconf 74' lang='grc' dir='ltr'><strong>ι</strong></span> <span class='ocrx_word' id='word_1_630' title='bbox 1244 1776 1301 1803; x_wconf 85' lang='lat' dir='ltr'><strong>Hoc</strong></span> <span class='ocrx_word' id='word_1_631' title='bbox 1325 1776 1414 1805; x_wconf 83' lang='lat' dir='ltr'><strong>Patris</strong></span> <span class='ocrx_word' id='word_1_632' title='bbox 1435 1778 1630 1813; x_wconf 62' lang='lat' dir='ltr'><strong>benignitatem</strong></span> <span class='ocrx_word' id='word_1_633' title='bbox 1654 1787 1799 1809; x_wconf 86' lang='lat' dir='ltr'><strong>monstrat.</strong></span> 
     </span>
    </p>
   </div>
   <div class='ocr_carea' id='block_1_82' title="bbox 1013 1820 1802 1860">
    <p class='ocr_par' dir='ltr' id='par_1_82' title="bbox 1013 1820 1802 1860">
     <span class='ocr_line' id='line_1_82' title="bbox 1013 1820 1802 1860; baseline 0.009 -12"><span class='ocrx_word' id='word_1_634' title='bbox 1013 1832 1023 1848; x_wconf 91' lang='lat'><strong>1</strong></span> <span class='ocrx_word' id='word_1_635' title='bbox 1039 1822 1074 1850; x_wconf 80' lang='lat' dir='ltr'><strong>Ut</strong></span> <span class='ocrx_word' id='word_1_636' title='bbox 1086 1823 1326 1860; x_wconf 78' lang='lat' dir='ltr'><strong>educas&#39;populum</strong></span> <span class='ocrx_word' id='word_1_637' title='bbox 1343 1830 1445 1854; x_wconf 82' lang='lat' dir='ltr'><strong>meum.</strong></span> <span class='ocrx_word' id='word_1_638' title='bbox 1472 1824 1540 1851; x_wconf 89' lang='lat' dir='ltr'><strong>Iilios</strong></span> <span class='ocrx_word' id='word_1_639' title='bbox 1555 1820 1644 1852; x_wconf 85' lang='lat' dir='ltr'><strong>Israel</strong></span> <span class='ocrx_word' id='word_1_640' title='bbox 1657 1826 1690 1853; x_wconf 74' lang='grc' dir='ltr'><strong>π.</strong></span> <span class='ocrx_word' id='word_1_641' title='bbox 1714 1835 1724 1851; x_wconf 76' lang='grc' dir='ltr'><strong>ι</strong></span> <span class='ocrx_word' id='word_1_642' title='bbox 1743 1827 1802 1855; x_wconf 88' lang='lat' dir='ltr'><strong>Illic</strong></span> 
     </span>
    </p>
   </div>
   <div class='ocr_carea' id='block_1_83' title="bbox 1010 1868 1801 1906">
    <p class='ocr_par' dir='ltr' id='par_1_83' title="bbox 1010 1868 1801 1906">
     <span class='ocr_line' id='line_1_83' title="bbox 1010 1868 1801 1906; baseline 0.006 -11"><span class='ocrx_word' id='word_1_643' title='bbox 1010 1868 1167 1901; x_wconf 82' lang='lat' dir='ltr'><strong>Israelitas;</strong></span> <span class='ocrx_word' id='word_1_644' title='bbox 1198 1870 1241 1896; x_wconf 91' lang='lat' dir='ltr'><strong>hic</strong></span> <span class='ocrx_word' id='word_1_645' title='bbox 1264 1876 1373 1896; x_wconf 84' lang='lat' dir='ltr'><strong>omnem</strong></span> <span class='ocrx_word' id='word_1_646' title='bbox 1399 1870 1538 1897; x_wconf 91' lang='lat' dir='ltr'><strong>ltominum</strong></span> <span class='ocrx_word' id='word_1_647' title='bbox 1563 1876 1662 1898; x_wconf 66' lang='lat' dir='ltr'><strong>coetum</strong></span> <span class='ocrx_word' id='word_1_648' title='bbox 1681 1880 1713 1900; x_wconf 75' lang='lat' dir='ltr'><strong>ex</strong></span> <span class='ocrx_word' id='word_1_649' title='bbox 1735 1873 1801 1906; x_wconf 69' lang='lat' dir='ltr'><strong>Orci</strong></span> 
     </span>
    </p>
   </div>
   <div class='ocr_carea' id='block_1_84' title="bbox 1010 1913 1803 1953">
    <p class='ocr_par' dir='ltr' id='par_1_84' title="bbox 1010 1913 1803 1953">
     <span class='ocr_line' id='line_1_84' title="bbox 1010 1913 1803 1953; baseline 0.008 -13"><span class='ocrx_word' id='word_1_650' title='bbox 1010 1913 1136 1941; x_wconf 87' lang='lat' dir='ltr'><strong>vinculis.</strong></span> <span class='ocrx_word' id='word_1_651' title='bbox 1168 1913 1232 1940; x_wconf 86' lang='lat' dir='ltr'><strong>Nam</strong></span> <span class='ocrx_word' id='word_1_652' title='bbox 1256 1914 1343 1942; x_wconf 87' lang='lat' dir='ltr'><strong>Orcus</strong></span> <span class='ocrx_word' id='word_1_653' title='bbox 1369 1915 1482 1944; x_wconf 84' lang='lat' dir='ltr'><strong>insonte</strong></span> <span class='ocrx_word' id='word_1_654' title='bbox 1507 1923 1539 1944; x_wconf 86' lang='lat' dir='ltr'><strong>ac</strong></span> <span class='ocrx_word' id='word_1_655' title='bbox 1561 1917 1667 1945; x_wconf 82' lang='lat' dir='ltr'><strong>vivilico</strong></span> <span class='ocrx_word' id='word_1_656' title='bbox 1686 1925 1803 1953; x_wconf 87' lang='lat' dir='ltr'><strong>corpore</strong></span> 
     </span>
    </p>
   </div>
   <div class='ocr_carea' id='block_1_85' title="bbox 1010 1961 1800 1998">
    <p class='ocr_par' dir='ltr' id='par_1_85' title="bbox 1010 1961 1800 1998">
     <span class='ocr_line' id='line_1_85' title="bbox 1010 1961 1800 1998; baseline 0.008 -11"><span class='ocrx_word' id='word_1_657' title='bbox 1010 1965 1128 1996; x_wconf 80' lang='lat' dir='ltr'><strong>gustato,</strong></span> <span class='ocrx_word' id='word_1_658' title='bbox 1139 1961 1220 1989; x_wconf 83' lang='lat' dir='ltr'><strong>etiam</strong></span> <span class='ocrx_word' id='word_1_659' title='bbox 1235 1969 1304 1996; x_wconf 84' lang='lat' dir='ltr'><strong>quos</strong></span> <span class='ocrx_word' id='word_1_660' title='bbox 1312 1962 1386 1997; x_wconf 85' lang='lat' dir='ltr'><strong>juste</strong></span> <span class='ocrx_word' id='word_1_661' title='bbox 1407 1963 1529 1998; x_wconf 85' lang='lat' dir='ltr'><strong>captivos</strong></span> <span class='ocrx_word' id='word_1_662' title='bbox 1546 1963 1671 1997; x_wconf 84' lang='lat' dir='ltr'><strong>habebat,</strong></span> <span class='ocrx_word' id='word_1_663' title='bbox 1685 1965 1800 1993; x_wconf 88' lang='lat' dir='ltr'><strong>dimisit.</strong></span> 
     </span>
    </p>
   </div>
   <div class='ocr_carea' id='block_1_86' title="bbox 1014 2007 1804 2044">
    <p class='ocr_par' dir='ltr' id='par_1_86' title="bbox 1014 2007 1804 2044">
     <span class='ocr_line' id='line_1_86' title="bbox 1014 2007 1804 2044; baseline 0.009 -12"><span class='ocrx_word' id='word_1_664' title='bbox 1014 2015 1022 2032; x_wconf 96' lang='lat'><strong>1</strong></span> <span class='ocrx_word' id='word_1_665' title='bbox 1053 2007 1177 2041; x_wconf 83' lang='lat' dir='ltr'><strong>Dixitque</strong></span> <span class='ocrx_word' id='word_1_666' title='bbox 1205 2007 1294 2035; x_wconf 83' lang='lat' dir='ltr'><strong>Moses</strong></span> <span class='ocrx_word' id='word_1_667' title='bbox 1324 2008 1356 2035; x_wconf 85' lang='lat' dir='ltr'><strong>ad</strong></span> <span class='ocrx_word' id='word_1_668' title='bbox 1384 2008 1494 2036; x_wconf 90' lang='lat' dir='ltr'><strong>Deum:</strong></span> <span class='ocrx_word' id='word_1_669' title='bbox 1515 2010 1580 2043; x_wconf 87' lang='lat' dir='ltr'><strong>Quis</strong></span> <span class='ocrx_word' id='word_1_670' title='bbox 1598 2018 1657 2038; x_wconf 88' lang='lat' dir='ltr'><strong>sum</strong></span> <span class='ocrx_word' id='word_1_671' title='bbox 1680 2020 1741 2044; x_wconf 72' lang='lat' dir='ltr'><strong>ego,</strong></span> <span class='ocrx_word' id='word_1_672' title='bbox 1771 2018 1804 2040; x_wconf 86' lang='grc' dir='ltr'><strong>ιιι</strong></span> 
     </span>
    </p>
   </div>
   <div class='ocr_carea' id='block_1_87' title="bbox 1009 2053 1802 2087">
    <p class='ocr_par' dir='ltr' id='par_1_87' title="bbox 1009 2053 1802 2087">
     <span class='ocr_line' id='line_1_87' title="bbox 1009 2053 1802 2087; baseline 0.009 -8"><span class='ocrx_word' id='word_1_673' title='bbox 1009 2053 1107 2080; x_wconf 74' lang='lat' dir='ltr'><strong>vatiam</strong></span> <span class='ocrx_word' id='word_1_674' title='bbox 1126 2054 1158 2080; x_wconf 92' lang='lat' dir='ltr'><strong>ad</strong></span> <span class='ocrx_word' id='word_1_675' title='bbox 1182 2053 1360 2087; x_wconf 85' lang='lat' dir='ltr'><strong>Pharaonem,</strong></span> <span class='ocrx_word' id='word_1_676' title='bbox 1388 2059 1415 2082; x_wconf 87' lang='lat' dir='ltr'><strong>et</strong></span> <span class='ocrx_word' id='word_1_677' title='bbox 1432 2055 1547 2083; x_wconf 86' lang='lat' dir='ltr'><strong>educam</strong></span> <span class='ocrx_word' id='word_1_678' title='bbox 1573 2057 1643 2085; x_wconf 78' lang='lat' dir='ltr'><strong>lilzos</strong></span> <span class='ocrx_word' id='word_1_679' title='bbox 1664 2057 1744 2085; x_wconf 84' lang='lat' dir='ltr'><strong>Israel</strong></span> <span class='ocrx_word' id='word_1_680' title='bbox 1768 2060 1802 2086; x_wconf 91' lang='lat' dir='ltr'><strong>de</strong></span> 
     </span>
    </p>
   </div>
   <div class='ocr_carea' id='block_1_88' title="bbox 1011 2098 1802 2137">
    <p class='ocr_par' dir='ltr' id='par_1_88' title="bbox 1011 2098 1802 2137">
     <span class='ocr_line' id='line_1_88' title="bbox 1011 2098 1802 2137; baseline 0.008 -13"><span class='ocrx_word' id='word_1_681' title='bbox 1011 2098 1127 2134; x_wconf 67' lang='lat' dir='ltr'><strong>[Egypto</strong></span> <span class='ocrx_word' id='word_1_682' title='bbox 1153 2099 1195 2126; x_wconf 66' lang='grc' dir='ltr'><strong>τη</strong></span> <span class='ocrx_word' id='word_1_683' title='bbox 1227 2108 1237 2125; x_wconf 73' lang='grc' dir='ltr'><strong>ι</strong></span> <span class='ocrx_word' id='word_1_684' title='bbox 1255 2098 1310 2127; x_wconf 85' lang='lat' dir='ltr'><strong>Hoc</strong></span> <span class='ocrx_word' id='word_1_685' title='bbox 1337 2100 1409 2127; x_wconf 90' lang='lat' dir='ltr'><strong>velut</strong></span> <span class='ocrx_word' id='word_1_686' title='bbox 1435 2108 1469 2128; x_wconf 79' lang='lat' dir='ltr'><strong>ex</strong></span> <span class='ocrx_word' id='word_1_687' title='bbox 1491 2109 1604 2136; x_wconf 87' lang='lat' dir='ltr'><strong>persona</strong></span> <span class='ocrx_word' id='word_1_688' title='bbox 1628 2104 1748 2137; x_wconf 89' lang='lat' dir='ltr'><strong>corporis</strong></span> <span class='ocrx_word' id='word_1_689' title='bbox 1768 2105 1802 2130; x_wconf 92' lang='lat' dir='ltr'><strong>ad</strong></span> 
     </span>
    </p>
   </div>
   <div class='ocr_carea' id='block_1_89' title="bbox 1012 2146 1803 2183">
    <p class='ocr_par' dir='ltr' id='par_1_89' title="bbox 1012 2146 1803 2183">
     <span class='ocr_line' id='line_1_89' title="bbox 1012 2146 1803 2183; baseline 0.006 -12"><span class='ocrx_word' id='word_1_690' title='bbox 1012 2146 1183 2173; x_wconf 77' lang='lat' dir='ltr'><strong>divinitatem</strong></span> <span class='ocrx_word' id='word_1_691' title='bbox 1206 2153 1267 2173; x_wconf 85' lang='lat' dir='ltr'><strong>eunt</strong></span> <span class='ocrx_word' id='word_1_692' title='bbox 1294 2154 1326 2173; x_wconf 89' lang='lat' dir='ltr'><strong>eo</strong></span> <span class='ocrx_word' id='word_1_693' title='bbox 1347 2147 1499 2181; x_wconf 87' lang='lat' dir='ltr'><strong>copulatam</strong></span> <span class='ocrx_word' id='word_1_694' title='bbox 1523 2149 1650 2183; x_wconf 83' lang='lat' dir='ltr'><strong>propheta</strong></span> <span class='ocrx_word' id='word_1_695' title='bbox 1668 2149 1745 2176; x_wconf 79' lang='lat' dir='ltr'><strong>dixit.</strong></span> <span class='ocrx_word' id='word_1_696' title='bbox 1768 2149 1803 2176; x_wconf 85' lang='lat' dir='ltr'><strong>Et</strong></span> 
     </span>
    </p>
   </div>
   <div class='ocr_carea' id='block_1_90' title="bbox 174 2189 1804 2228">
    <p class='ocr_par' dir='ltr' id='par_1_90' title="bbox 174 2189 1804 2228">
     <span class='ocr_line' id='line_1_90' title="bbox 174 2189 1804 2228; baseline 0.002 -10"><span class='ocrx_word' id='word_1_697' title='bbox 174 2189 299 2218; x_wconf 85' lang='lat' dir='ltr'><strong>Gabricle</strong></span> <span class='ocrx_word' id='word_1_698' title='bbox 314 2190 452 2226; x_wconf 86' lang='lat' dir='ltr'><strong>Virginem</strong></span> <span class='ocrx_word' id='word_1_699' title='bbox 471 2191 601 2222; x_wconf 86' lang='lat' dir='ltr'><strong>allocuto,</strong></span> <span class='ocrx_word' id='word_1_700' title='bbox 622 2190 649 2217; x_wconf 91' lang='lat' dir='ltr'><strong>in</strong></span> <span class='ocrx_word' id='word_1_701' title='bbox 665 2198 724 2217; x_wconf 81' lang='lat' dir='ltr'><strong>eam</strong></span> <span class='ocrx_word' id='word_1_702' title='bbox 742 2191 811 2218; x_wconf 90' lang='lat' dir='ltr'><strong>Deus</strong></span> <span class='ocrx_word' id='word_1_703' title='bbox 829 2191 964 2224; x_wconf 80' lang='lat' dir='ltr'><strong>immigra-</strong></span> <span class='ocrx_word' id='word_1_704' title='bbox 978 2194 1001 2222; x_wconf 82' lang='grc' dir='ltr'><strong>ι’)</strong></span> <span class='ocrx_word' id='word_1_705' title='bbox 1016 2192 1079 2219; x_wconf 85' lang='lat' dir='ltr'><strong>ille:</strong></span> <span class='ocrx_word' id='word_1_706' title='bbox 1096 2201 1106 2218; x_wconf 95' lang='lat'><strong>1</strong></span> <span class='ocrx_word' id='word_1_707' title='bbox 1122 2193 1155 2219; x_wconf 80' lang='lat' dir='ltr'><strong>At</strong></span> <span class='ocrx_word' id='word_1_708' title='bbox 1169 2197 1255 2219; x_wconf 88' lang='lat' dir='ltr'><strong>tecum</strong></span> <span class='ocrx_word' id='word_1_709' title='bbox 1269 2200 1320 2226; x_wconf 73' lang='lat' dir='ltr'><strong>ego</strong></span> <span class='ocrx_word' id='word_1_710' title='bbox 1338 2193 1514 2226; x_wconf 83' lang='lat' dir='ltr'><strong>descendam,</strong></span> <span class='ocrx_word' id='word_1_711' title='bbox 1532 2201 1693 2228; x_wconf 86' lang='lat' dir='ltr'><strong>rursumque</strong></span> <span class='ocrx_word' id='word_1_712' title='bbox 1707 2202 1804 2222; x_wconf 82' lang='lat' dir='ltr'><strong>ascen-</strong></span> 
     </span>
    </p>
   </div>
   <div class='ocr_carea' id='block_1_91' title="bbox 176 2235 960 2270">
    <p class='ocr_par' dir='ltr' id='par_1_91' title="bbox 176 2235 960 2270">
     <span class='ocr_line' id='line_1_91' title="bbox 176 2235 960 2270; baseline 0.004 -9"><span class='ocrx_word' id='word_1_713' title='bbox 176 2236 224 2262; x_wconf 92' lang='lat' dir='ltr'><strong>vit.</strong></span> <span class='ocrx_word' id='word_1_714' title='bbox 244 2245 254 2262; x_wconf 89' lang='lat'><strong>1</strong></span> <span class='ocrx_word' id='word_1_715' title='bbox 273 2235 372 2270; x_wconf 74' lang='lat' dir='ltr'><strong>Moses,</strong></span> <span class='ocrx_word' id='word_1_716' title='bbox 391 2236 478 2264; x_wconf 81' lang='lat' dir='ltr'><strong>Moses</strong></span> <span class='ocrx_word' id='word_1_717' title='bbox 497 2237 536 2270; x_wconf 83' lang='lat'><strong>&quot;;</strong></span> <span class='ocrx_word' id='word_1_718' title='bbox 550 2245 559 2261; x_wconf 73' lang='grc' dir='ltr'><strong>ι</strong></span> <span class='ocrx_word' id='word_1_719' title='bbox 581 2244 678 2263; x_wconf 85' lang='lat' dir='ltr'><strong>nomen</strong></span> <span class='ocrx_word' id='word_1_720' title='bbox 699 2237 854 2270; x_wconf 77' lang='lat' dir='ltr'><strong>ingeminat,</strong></span> <span class='ocrx_word' id='word_1_721' title='bbox 874 2241 901 2263; x_wconf 91' lang='lat' dir='ltr'><strong>ut</strong></span> <span class='ocrx_word' id='word_1_722' title='bbox 919 2241 960 2264; x_wconf 88' lang='lat' dir='ltr'><strong>at-</strong></span> 
     </span>
    </p>
   </div>
   <div class='ocr_carea' id='block_1_92' title="bbox 177 2282 960 2318">
    <p class='ocr_par' dir='ltr' id='par_1_92' title="bbox 177 2282 960 2318">
     <span class='ocr_line' id='line_1_92' title="bbox 177 2282 960 2318; baseline 0.001 -10"><span class='ocrx_word' id='word_1_723' title='bbox 177 2282 288 2315; x_wconf 78' lang='lat' dir='ltr'><strong>tentius,</strong></span> <span class='ocrx_word' id='word_1_724' title='bbox 304 2290 364 2316; x_wconf 79' lang='lat' dir='ltr'><strong>qua:</strong></span> <span class='ocrx_word' id='word_1_725' title='bbox 387 2283 554 2315; x_wconf 87' lang='lat' dir='ltr'><strong>dicerentur,</strong></span> <span class='ocrx_word' id='word_1_726' title='bbox 578 2282 694 2310; x_wconf 84' lang='lat' dir='ltr'><strong>audiret.</strong></span> <span class='ocrx_word' id='word_1_727' title='bbox 708 2283 778 2316; x_wconf 82' lang='lat' dir='ltr'><strong>Quid</strong></span> <span class='ocrx_word' id='word_1_728' title='bbox 799 2283 858 2310; x_wconf 77' lang='lat' dir='ltr'><strong>est?</strong></span> <span class='ocrx_word' id='word_1_729' title='bbox 875 2283 960 2318; x_wconf 87' lang='lat' dir='ltr'><strong>inquit</strong></span> 
     </span>
    </p>
   </div>
   <div class='ocr_carea' id='block_1_93' title="bbox 174 2327 960 2363">
    <p class='ocr_par' dir='ltr' id='par_1_93' title="bbox 174 2327 960 2363">
     <span class='ocr_line' id='line_1_93' title="bbox 174 2327 960 2363; baseline 0 -8"><span class='ocrx_word' id='word_1_730' title='bbox 174 2327 228 2355; x_wconf 87' lang='lat' dir='ltr'><strong>ille.</strong></span> <span class='ocrx_word' id='word_1_731' title='bbox 249 2337 259 2354; x_wconf 91' lang='lat'><strong>1</strong></span> <span class='ocrx_word' id='word_1_732' title='bbox 285 2328 323 2355; x_wconf 63' lang='lat' dir='ltr'><strong>Ne</strong></span> <span class='ocrx_word' id='word_1_733' title='bbox 346 2329 503 2363; x_wconf 81' lang='lat' dir='ltr'><strong>appropios,</strong></span> <span class='ocrx_word' id='word_1_734' title='bbox 522 2328 610 2362; x_wconf 89' lang='lat' dir='ltr'><strong>inquit</strong></span> <span class='ocrx_word' id='word_1_735' title='bbox 631 2328 770 2360; x_wconf 86' lang='lat' dir='ltr'><strong>Dominus,</strong></span> <span class='ocrx_word' id='word_1_736' title='bbox 789 2327 863 2355; x_wconf 86' lang='lat' dir='ltr'><strong>huc:</strong></span> <span class='ocrx_word' id='word_1_737' title='bbox 885 2328 960 2355; x_wconf 84' lang='lat' dir='ltr'><strong>solve</strong></span> 
     </span>
    </p>
   </div>
   <div class='ocr_carea' id='block_1_94' title="bbox 176 2371 960 2408">
    <p class='ocr_par' dir='ltr' id='par_1_94' title="bbox 176 2371 960 2408">
     <span class='ocr_line' id='line_1_94' title="bbox 176 2371 960 2408; baseline 0.001 -9"><span class='ocrx_word' id='word_1_738' title='bbox 176 2372 388 2400; x_wconf 83' lang='lat' dir='ltr'><strong>ealceamentutn</strong></span> <span class='ocrx_word' id='word_1_739' title='bbox 404 2373 437 2399; x_wconf 88' lang='lat' dir='ltr'><strong>de</strong></span> <span class='ocrx_word' id='word_1_740' title='bbox 450 2373 564 2407; x_wconf 87' lang='lat' dir='ltr'><strong>pedibus</strong></span> <span class='ocrx_word' id='word_1_741' title='bbox 577 2372 639 2400; x_wconf 85' lang='lat' dir='ltr'><strong>tuis.</strong></span> <span class='ocrx_word' id='word_1_742' title='bbox 659 2381 668 2398; x_wconf 72' lang='grc' dir='ltr'><strong>ι</strong></span> <span class='ocrx_word' id='word_1_743' title='bbox 685 2371 769 2400; x_wconf 84' lang='lat' dir='ltr'><strong>Nemo</strong></span> <span class='ocrx_word' id='word_1_744' title='bbox 788 2372 901 2407; x_wconf 84' lang='lat' dir='ltr'><strong>impuris</strong></span> <span class='ocrx_word' id='word_1_745' title='bbox 913 2379 960 2408; x_wconf 83' lang='lat' dir='ltr'><strong>pe-</strong></span> 
     </span>
    </p>
   </div>
   <div class='ocr_carea' id='block_1_95' title="bbox 174 2418 959 2454">
    <p class='ocr_par' dir='ltr' id='par_1_95' title="bbox 174 2418 959 2454">
     <span class='ocr_line' id='line_1_95' title="bbox 174 2418 959 2454; baseline 0.001 -9"><span class='ocrx_word' id='word_1_746' title='bbox 174 2419 254 2446; x_wconf 83' lang='lat' dir='ltr'><strong>dibus</strong></span> <span class='ocrx_word' id='word_1_747' title='bbox 268 2419 300 2445; x_wconf 85' lang='lat' dir='ltr'><strong>ad</strong></span> <span class='ocrx_word' id='word_1_748' title='bbox 321 2419 517 2446; x_wconf 89' lang='lat' dir='ltr'><strong>decurrendum</strong></span> <span class='ocrx_word' id='word_1_749' title='bbox 531 2420 605 2452; x_wconf 87' lang='lat' dir='ltr'><strong>pacis</strong></span> <span class='ocrx_word' id='word_1_750' title='bbox 616 2418 788 2454; x_wconf 82' lang='lat' dir='ltr'><strong>Evangeliqu</strong></span> <span class='ocrx_word' id='word_1_751' title='bbox 802 2420 959 2452; x_wconf 81' lang='lat' dir='ltr'><strong>contendat,</strong></span> 
     </span>
    </p>
   </div>
   <div class='ocr_carea' id='block_1_96' title="bbox 176 2465 960 2500">
    <p class='ocr_par' dir='ltr' id='par_1_96' title="bbox 176 2465 960 2500">
     <span class='ocr_line' id='line_1_96' title="bbox 176 2465 960 2500; baseline 0.001 -8"><span class='ocrx_word' id='word_1_752' title='bbox 176 2469 223 2492; x_wconf 86' lang='lat' dir='ltr'><strong>aut</strong></span> <span class='ocrx_word' id='word_1_753' title='bbox 236 2465 336 2492; x_wconf 84' lang='lat' dir='ltr'><strong>calceis</strong></span> <span class='ocrx_word' id='word_1_754' title='bbox 349 2465 468 2498; x_wconf 85' lang='lat' dir='ltr'><strong>indutus,</strong></span> <span class='ocrx_word' id='word_1_755' title='bbox 482 2465 677 2500; x_wconf 70' lang='lat' dir='ltr'><strong>exsanguibus,</strong></span> <span class='ocrx_word' id='word_1_756' title='bbox 690 2466 810 2500; x_wconf 86' lang='lat' dir='ltr'><strong>inquam,</strong></span> <span class='ocrx_word' id='word_1_757' title='bbox 826 2465 940 2500; x_wconf 83' lang='lat' dir='ltr'><strong>pellibus</strong></span> <span class='ocrx_word' id='word_1_758' title='bbox 952 2473 960 2499; x_wconf 89' lang='lat'>;</span> 
     </span>
    </p>
   </div>
   <div class='ocr_carea' id='block_1_97' title="bbox 177 2511 961 2546">
    <p class='ocr_par' dir='ltr' id='par_1_97' title="bbox 177 2511 961 2546">
     <span class='ocr_line' id='line_1_97' title="bbox 177 2511 961 2546; baseline 0.001 -9"><span class='ocrx_word' id='word_1_759' title='bbox 177 2518 224 2546; x_wconf 88' lang='lat' dir='ltr'><strong>per</strong></span> <span class='ocrx_word' id='word_1_760' title='bbox 237 2518 306 2546; x_wconf 86' lang='lat' dir='ltr'><strong>quas</strong></span> <span class='ocrx_word' id='word_1_761' title='bbox 324 2511 474 2544; x_wconf 64' lang='lat' dir='ltr'><strong>concitatae,</strong></span> <span class='ocrx_word' id='word_1_762' title='bbox 492 2516 573 2544; x_wconf 87' lang='lat' dir='ltr'><strong>atque</strong></span> <span class='ocrx_word' id='word_1_763' title='bbox 588 2511 702 2544; x_wconf 57' lang='lat' dir='ltr'><strong>vitiosa,</strong></span> <span class='ocrx_word' id='word_1_764' title='bbox 720 2517 746 2538; x_wconf 79' lang='lat' dir='ltr'><strong>et</strong></span> <span class='ocrx_word' id='word_1_765' title='bbox 758 2512 846 2543; x_wconf 68' lang='grc' dir='ltr'><strong>ιωιιω,</strong></span> <span class='ocrx_word' id='word_1_766' title='bbox 864 2512 961 2538; x_wconf 84' lang='lat' dir='ltr'><strong>mortis</strong></span> 
     </span>
    </p>
   </div>
   <div class='ocr_carea' id='block_1_98' title="bbox 175 2558 960 2593">
    <p class='ocr_par' dir='ltr' id='par_1_98' title="bbox 175 2558 960 2593">
     <span class='ocr_line' id='line_1_98' title="bbox 175 2558 960 2593; baseline 0 -10"><span class='ocrx_word' id='word_1_767' title='bbox 175 2564 310 2589; x_wconf 83' lang='lat' dir='ltr'><strong>auctores,</strong></span> <span class='ocrx_word' id='word_1_768' title='bbox 337 2558 516 2593; x_wconf 85' lang='lat' dir='ltr'><strong>cogitationes</strong></span> <span class='ocrx_word' id='word_1_769' title='bbox 533 2563 673 2591; x_wconf 80' lang='lat' dir='ltr'><strong>notantur,</strong></span> <span class='ocrx_word' id='word_1_770' title='bbox 695 2558 812 2593; x_wconf 77' lang='lat' dir='ltr'><strong>Virginis</strong></span> <span class='ocrx_word' id='word_1_771' title='bbox 831 2565 960 2584; x_wconf 87' lang='lat' dir='ltr'><strong>arcanum</strong></span> 
     </span>
    </p>
   </div>
   <div class='ocr_carea' id='block_1_99' title="bbox 176 2602 960 2638">
    <p class='ocr_par' dir='ltr' id='par_1_99' title="bbox 176 2602 960 2638">
     <span class='ocr_line' id='line_1_99' title="bbox 176 2602 960 2638; baseline 0.001 -10"><span class='ocrx_word' id='word_1_772' title='bbox 176 2602 328 2638; x_wconf 82' lang='lat' dir='ltr'><strong>investiget.</strong></span> <span class='ocrx_word' id='word_1_773' title='bbox 352 2612 361 2629; x_wconf 89' lang='lat'><strong>1</strong></span> <span class='ocrx_word' id='word_1_774' title='bbox 384 2603 472 2630; x_wconf 76' lang='lat' dir='ltr'><strong>Locus</strong></span> <span class='ocrx_word' id='word_1_775' title='bbox 488 2604 561 2630; x_wconf 86' lang='lat' dir='ltr'><strong>enim</strong></span> <span class='ocrx_word' id='word_1_776' title='bbox 583 2604 608 2630; x_wconf 88' lang='lat' dir='ltr'><strong>in</strong></span> <span class='ocrx_word' id='word_1_777' title='bbox 623 2611 677 2638; x_wconf 88' lang='lat' dir='ltr'><strong>quo</strong></span> <span class='ocrx_word' id='word_1_778' title='bbox 693 2610 759 2636; x_wconf 78' lang='lat' dir='ltr'><strong>stas,</strong></span> <span class='ocrx_word' id='word_1_779' title='bbox 779 2609 850 2631; x_wconf 88' lang='lat' dir='ltr'><strong>terra</strong></span> <span class='ocrx_word' id='word_1_780' title='bbox 865 2608 960 2630; x_wconf 84' lang='lat' dir='ltr'><strong>sancta</strong></span> 
     </span>
    </p>
   </div>
   <div class='ocr_carea' id='block_1_100' title="bbox 175 2649 960 2686">
    <p class='ocr_par' dir='ltr' id='par_1_100' title="bbox 175 2649 960 2686">
     <span class='ocr_line' id='line_1_100' title="bbox 175 2649 960 2686; baseline 0.003 -11"><span class='ocrx_word' id='word_1_781' title='bbox 175 2655 217 2676; x_wconf 79' lang='lat' dir='ltr'><strong>est</strong></span> <span class='ocrx_word' id='word_1_782' title='bbox 231 2649 262 2677; x_wconf 84' lang='lat'><strong>“.</strong></span> <span class='ocrx_word' id='word_1_783' title='bbox 284 2659 294 2676; x_wconf 71' lang='grc' dir='ltr'><strong>ι</strong></span> <span class='ocrx_word' id='word_1_784' title='bbox 312 2649 377 2677; x_wconf 72' lang='lat' dir='ltr'><strong>Nam</strong></span> <span class='ocrx_word' id='word_1_785' title='bbox 395 2655 584 2684; x_wconf 68' lang='lat' dir='ltr'><strong>priesacratum</strong></span> <span class='ocrx_word' id='word_1_786' title='bbox 604 2658 691 2678; x_wconf 88' lang='lat' dir='ltr'><strong>nteum</strong></span> <span class='ocrx_word' id='word_1_787' title='bbox 712 2651 814 2686; x_wconf 78' lang='lat' dir='ltr'><strong>regium</strong></span> <span class='ocrx_word' id='word_1_788' title='bbox 835 2650 960 2684; x_wconf 89' lang='lat' dir='ltr'><strong>palatium</strong></span> 
     </span>
    </p>
   </div>
   <div class='ocr_carea' id='block_1_101' title="bbox 209 2729 730 2765">
    <p class='ocr_par' dir='ltr' id='par_1_101' title="bbox 209 2729 730 2765">
     <span class='ocr_line' id='line_1_101' title="bbox 209 2729 730 2765; baseline 0.006 -10"><span class='ocrx_word' id='word_1_789' title='bbox 209 2731 234 2765; x_wconf 52' lang='grc' dir='ltr'>δή</span> <span class='ocrx_word' id='word_1_790' title='bbox 254 2729 337 2756; x_wconf 77' lang='lat' dir='ltr'><strong>Exod.</strong></span> <span class='ocrx_word' id='word_1_791' title='bbox 359 2738 389 2762; x_wconf 89' lang='grc' dir='ltr'><strong>ιι,</strong></span> <span class='ocrx_word' id='word_1_792' title='bbox 407 2731 451 2758; x_wconf 70' lang='lat'><strong>2&#39;5.</strong></span> <span class='ocrx_word' id='word_1_793' title='bbox 485 2731 507 2747; x_wconf 86' lang='lat'>&quot;</span> <span class='ocrx_word' id='word_1_794' title='bbox 525 2731 594 2760; x_wconf 79' lang='lat' dir='ltr'><strong>Psal.</strong></span> <span class='ocrx_word' id='word_1_795' title='bbox 613 2740 683 2765; x_wconf 82' lang='lat' dir='ltr'><strong>cm,</strong></span> <span class='ocrx_word' id='word_1_796' title='bbox 704 2732 730 2760; x_wconf 91' lang='lat'><strong>8.</strong></span> 
     </span>
    </p>
   </div>
   <div class='ocr_carea' id='block_1_102' title="bbox 176 2764 882 2798">
    <p class='ocr_par' dir='ltr' id='par_1_102' title="bbox 176 2764 882 2798">
     <span class='ocr_line' id='line_1_102' title="bbox 176 2764 882 2798; baseline 0.007 -9"><span class='ocrx_word' id='word_1_797' title='bbox 176 2770 207 2794; x_wconf 84' lang='lat' dir='ltr'><strong>tt,</strong></span> <span class='ocrx_word' id='word_1_798' title='bbox 224 2764 269 2790; x_wconf 67' lang='grc' dir='ltr'><strong>Ἡ.</strong></span> <span class='ocrx_word' id='word_1_799' title='bbox 308 2765 328 2779; x_wconf 80' lang='grc'><strong>⁶¹</strong></span> <span class='ocrx_word' id='word_1_800' title='bbox 352 2767 415 2792; x_wconf 83' lang='lat' dir='ltr'><strong>ibid.</strong></span> <span class='ocrx_word' id='word_1_801' title='bbox 455 2767 476 2781; x_wconf 79' lang='lat'><strong>&#39;”</strong></span> <span class='ocrx_word' id='word_1_802' title='bbox 493 2767 584 2794; x_wconf 66' lang='lat' dir='ltr'><strong>.Etod.</strong></span> <span class='ocrx_word' id='word_1_803' title='bbox 605 2775 645 2798; x_wconf 85' lang='lat' dir='ltr'><strong>tit,</strong></span> <span class='ocrx_word' id='word_1_804' title='bbox 666 2764 692 2794; x_wconf 93' lang='grc'><strong>1.</strong></span> <span class='ocrx_word' id='word_1_805' title='bbox 730 2768 751 2784; x_wconf 80' lang='grc'>⁸³</span> <span class='ocrx_word' id='word_1_806' title='bbox 771 2768 834 2795; x_wconf 84' lang='lat' dir='ltr'><strong>ibid.</strong></span> <span class='ocrx_word' id='word_1_807' title='bbox 856 2768 882 2794; x_wconf 68' lang='lat'><strong>2.</strong></span> 
     </span>
    </p>
   </div>
   <div class='ocr_carea' id='block_1_103' title="bbox 774 2731 1635 2782">
    <p class='ocr_par' dir='ltr' id='par_1_103' title="bbox 774 2731 1635 2782">
     <span class='ocr_line' id='line_1_103' title="bbox 774 2731 1635 2766; baseline -0.001 -7"><span class='ocrx_word' id='word_1_808' title='bbox 774 2733 795 2748; x_wconf 88' lang='lat'>&quot;</span> <span class='ocrx_word' id='word_1_809' title='bbox 817 2732 886 2761; x_wconf 72' lang='lat' dir='ltr'><strong>I‘sal.</strong></span> <span class='ocrx_word' id='word_1_810' title='bbox 905 2740 998 2765; x_wconf 79' lang='lat' dir='ltr'><strong>Lxxrx,</strong></span> <span class='ocrx_word' id='word_1_811' title='bbox 1017 2732 1044 2759; x_wconf 74' lang='grc'><strong>4.</strong></span> <span class='ocrx_word' id='word_1_812' title='bbox 1077 2732 1099 2748; x_wconf 74' lang='grc'>⁸⁸</span> <span class='ocrx_word' id='word_1_813' title='bbox 1120 2732 1190 2758; x_wconf 80' lang='lat' dir='ltr'><strong>Psal.</strong></span> <span class='ocrx_word' id='word_1_814' title='bbox 1212 2740 1277 2766; x_wconf 83' lang='lat' dir='ltr'><strong>vni,</strong></span> <span class='ocrx_word' id='word_1_815' title='bbox 1298 2733 1343 2761; x_wconf 79' lang='lat'><strong>20.</strong></span> <span class='ocrx_word' id='word_1_816' title='bbox 1373 2734 1414 2763; x_wconf 68' lang='grc' dir='ltr'><strong>ξδ’</strong></span> <span class='ocrx_word' id='word_1_817' title='bbox 1434 2733 1504 2760; x_wconf 82' lang='lat' dir='ltr'><strong>Psal.</strong></span> <span class='ocrx_word' id='word_1_818' title='bbox 1525 2739 1587 2760; x_wconf 72' lang='lat' dir='ltr'><strong>crx.</strong></span> <span class='ocrx_word' id='word_1_819' title='bbox 1610 2731 1635 2758; x_wconf 85' lang='lat' dir='ltr'><strong>I.</strong></span> 
     </span>
     <span class='ocr_line' id='line_1_104' title="bbox 774 2767 1633 2782; baseline 0 0"><span class='ocrx_word' id='word_1_820' title='bbox 774 2768 824 2782; x_wconf 58' lang='grc' dir='ltr'><strong><em>ῐΙιῖΑΙ</em></strong></span> <span class='ocrx_word' id='word_1_821' title='bbox 856 2768 872 2782; x_wconf 65' lang='grc' dir='ltr'>Θ</span> <span class='ocrx_word' id='word_1_822' title='bbox 923 2769 945 2782; x_wconf 63' lang='grc' dir='ltr'>σε</span> <span class='ocrx_word' id='word_1_823' title='bbox 968 2769 1019 2782; x_wconf 77' lang='grc' dir='ltr'><strong>ςι.;.ι</strong></span> <span class='ocrx_word' id='word_1_824' title='bbox 1053 2768 1067 2782; x_wconf 63' lang='grc' dir='ltr'><strong>α</strong></span> <span class='ocrx_word' id='word_1_825' title='bbox 1117 2767 1139 2782; x_wconf 71' lang='grc' dir='ltr'><strong>εδ</strong></span> <span class='ocrx_word' id='word_1_826' title='bbox 1160 2767 1212 2782; x_wconf 61' lang='grc' dir='ltr'><strong>ΗΑΛ</strong></span> <span class='ocrx_word' id='word_1_827' title='bbox 1247 2768 1256 2782; x_wconf 79' lang='grc' dir='ltr'><strong>ι</strong></span> <span class='ocrx_word' id='word_1_828' title='bbox 1308 2769 1329 2782; x_wconf 78' lang='grc' dir='ltr'><strong>δε</strong></span> <span class='ocrx_word' id='word_1_829' title='bbox 1351 2768 1404 2782; x_wconf 71' lang='grc' dir='ltr'><strong>ζι.;.ι</strong></span> <span class='ocrx_word' id='word_1_830' title='bbox 1438 2768 1452 2782; x_wconf 66' lang='grc' dir='ltr'><strong><em>κ</em></strong></span> <span class='ocrx_word' id='word_1_831' title='bbox 1499 2768 1519 2782; x_wconf 68' lang='grc'><strong>67</strong></span> <span class='ocrx_word' id='word_1_832' title='bbox 1540 2767 1592 2782; x_wconf 70' lang='grc' dir='ltr'><strong>ἰΙιίι1</strong></span> <span class='ocrx_word' id='word_1_833' title='bbox 1625 2767 1633 2782; x_wconf 70' lang='grc' dir='ltr'><strong><em>ί</em></strong></span> 
     </span>
    </p>
   </div>
   <div class='ocr_carea' id='block_1_104' title="bbox 177 2768 958 2831">
    <p class='ocr_par' dir='ltr' id='par_1_104' title="bbox 177 2768 949 2831">
     <span class='ocr_line' id='line_1_105' title="bbox 177 2768 945 2798; baseline 0.007 -9"><span class='ocrx_word' id='word_1_834' title='bbox 177 2770 207 2794; x_wconf 87' lang='lat' dir='ltr'><strong>It,</strong></span> <span class='ocrx_word' id='word_1_835' title='bbox 224 2768 269 2790; x_wconf 71' lang='lat'><strong>‘24.</strong></span> <span class='ocrx_word' id='word_1_836' title='bbox 308 2768 328 2779; x_wconf 79' lang='lat'>&#39;”</span> <span class='ocrx_word' id='word_1_837' title='bbox 352 2768 415 2792; x_wconf 84' lang='lat' dir='ltr'><strong>ibid.</strong></span> <span class='ocrx_word' id='word_1_838' title='bbox 455 2768 476 2781; x_wconf 79' lang='lat'><strong>&#39;“&#39;</strong></span> <span class='ocrx_word' id='word_1_839' title='bbox 493 2768 584 2794; x_wconf 66' lang='lat' dir='ltr'><strong>.Etod.</strong></span> <span class='ocrx_word' id='word_1_840' title='bbox 605 2775 645 2798; x_wconf 85' lang='lat' dir='ltr'><strong>tit,</strong></span> <span class='ocrx_word' id='word_1_841' title='bbox 666 2768 692 2794; x_wconf 94' lang='grc'><strong>1.</strong></span> <span class='ocrx_word' id='word_1_842' title='bbox 730 2768 751 2784; x_wconf 80' lang='grc'>⁸³</span> <span class='ocrx_word' id='word_1_843' title='bbox 771 2768 834 2795; x_wconf 86' lang='lat' dir='ltr'><strong>ibid.</strong></span> <span class='ocrx_word' id='word_1_844' title='bbox 856 2768 882 2794; x_wconf 68' lang='lat'><strong>2.</strong></span> <span class='ocrx_word' id='word_1_845' title='bbox 923 2769 945 2782; x_wconf 80' lang='lat'>“</span> 
     </span>
     <span class='ocr_line' id='line_1_106' title="bbox 177 2798 949 2831; baseline 0.006 -7"><span class='ocrx_word' id='word_1_846' title='bbox 177 2798 204 2825; x_wconf 88' lang='lat'><strong>7.</strong></span> <span class='ocrx_word' id='word_1_847' title='bbox 242 2800 263 2814; x_wconf 81' lang='lat'><strong>“</strong></span> <span class='ocrx_word' id='word_1_848' title='bbox 283 2800 346 2827; x_wconf 76' lang='lat' dir='ltr'><strong>ibid.</strong></span> <span class='ocrx_word' id='word_1_849' title='bbox 367 2800 394 2826; x_wconf 84' lang='lat'><strong>8.</strong></span> <span class='ocrx_word' id='word_1_850' title='bbox 432 2800 453 2816; x_wconf 77' lang='lat'><strong>&quot;°</strong></span> <span class='ocrx_word' id='word_1_851' title='bbox 475 2801 540 2829; x_wconf 86' lang='lat' dir='ltr'><strong>ibid.</strong></span> <span class='ocrx_word' id='word_1_852' title='bbox 560 2803 587 2829; x_wconf 87' lang='lat'><strong>9.</strong></span> <span class='ocrx_word' id='word_1_853' title='bbox 625 2803 646 2818; x_wconf 92' lang='grc'><strong>⁷¹</strong></span> <span class='ocrx_word' id='word_1_854' title='bbox 667 2803 732 2830; x_wconf 85' lang='lat' dir='ltr'><strong>ibid.</strong></span> <span class='ocrx_word' id='word_1_855' title='bbox 755 2803 796 2830; x_wconf 88' lang='grc'><strong>10.</strong></span> <span class='ocrx_word' id='word_1_856' title='bbox 835 2803 858 2818; x_wconf 87' lang='grc'><strong>⁷¹</strong></span> <span class='ocrx_word' id='word_1_857' title='bbox 885 2803 949 2831; x_wconf 84' lang='lat' dir='ltr'><strong>ibid.</strong></span> 
     </span>
    </p>
   </div>
   <div class='ocr_carea' id='block_1_105' title="bbox 1010 2768 1078 2831">
    <p class='ocr_par' dir='ltr' id='par_1_105' title="bbox 1010 2768 1078 2830">
     <span class='ocr_line' id='line_1_107' title="bbox 1010 2768 1078 2795; baseline 0.015 -2"><span class='ocrx_word' id='word_1_858' title='bbox 1010 2769 1030 2794; x_wconf 88' lang='lat' dir='ltr'><strong>I.</strong></span> <span class='ocrx_word' id='word_1_859' title='bbox 1053 2768 1078 2795; x_wconf 76' lang='grc' dir='ltr'><strong>ὅ.</strong></span> 
     </span>
     <span class='ocr_line' id='line_1_108' title="bbox 1010 2803 1077 2830; baseline 0 -11"><span class='ocrx_word' id='word_1_860' title='bbox 1010 2821 1016 2830; x_wconf 59' lang='lat'>.</span> <span class='ocrx_word' id='word_1_861' title='bbox 1055 2803 1077 2819; x_wconf 74' lang='grc' dir='ltr'><strong>τι</strong></span> 
     </span>
    </p>
   </div>
   <div class='ocr_carea' id='block_1_106' title="bbox 1012 2238 1801 2276">
    <p class='ocr_par' dir='ltr' id='par_1_106' title="bbox 1012 2238 1801 2276">
     <span class='ocr_line' id='line_1_109' title="bbox 1012 2238 1801 2276; baseline 0.003 -10"><span class='ocrx_word' id='word_1_862' title='bbox 1012 2238 1073 2266; x_wconf 88' lang='lat' dir='ltr'><strong>dam</strong></span> <span class='ocrx_word' id='word_1_863' title='bbox 1085 2239 1119 2265; x_wconf 85' lang='lat'><strong>&quot;.</strong></span> <span class='ocrx_word' id='word_1_864' title='bbox 1143 2247 1151 2264; x_wconf 78' lang='grc' dir='ltr'><strong>ι</strong></span> <span class='ocrx_word' id='word_1_865' title='bbox 1168 2238 1223 2265; x_wconf 83' lang='lat' dir='ltr'><strong>Hoc</strong></span> <span class='ocrx_word' id='word_1_866' title='bbox 1233 2239 1350 2266; x_wconf 80' lang='lat' dir='ltr'><strong>vicissim</strong></span> <span class='ocrx_word' id='word_1_867' title='bbox 1365 2239 1465 2267; x_wconf 87' lang='lat' dir='ltr'><strong>dictum</strong></span> <span class='ocrx_word' id='word_1_868' title='bbox 1480 2247 1494 2266; x_wconf 91' lang='lat' dir='ltr'><strong>a</strong></span> <span class='ocrx_word' id='word_1_869' title='bbox 1511 2240 1564 2267; x_wconf 82' lang='lat' dir='ltr'><strong>Deo</strong></span> <span class='ocrx_word' id='word_1_870' title='bbox 1580 2241 1612 2267; x_wconf 87' lang='lat' dir='ltr'><strong>ad</strong></span> <span class='ocrx_word' id='word_1_871' title='bbox 1627 2248 1727 2276; x_wconf 87' lang='lat' dir='ltr'><strong>corpus</strong></span> <span class='ocrx_word' id='word_1_872' title='bbox 1738 2248 1801 2268; x_wconf 89' lang='lat' dir='ltr'><strong>cunt</strong></span> 
     </span>
    </p>
   </div>
   <div class='ocr_carea' id='block_1_107' title="bbox 1012 2284 1803 2320">
    <p class='ocr_par' dir='ltr' id='par_1_107' title="bbox 1012 2284 1803 2320">
     <span class='ocr_line' id='line_1_110' title="bbox 1012 2284 1803 2320; baseline -0.001 -7"><span class='ocrx_word' id='word_1_873' title='bbox 1012 2285 1153 2313; x_wconf 86' lang='lat' dir='ltr'><strong>divinitate</strong></span> <span class='ocrx_word' id='word_1_874' title='bbox 1177 2285 1330 2318; x_wconf 85' lang='lat' dir='ltr'><strong>copulatum</strong></span> <span class='ocrx_word' id='word_1_875' title='bbox 1362 2286 1487 2320; x_wconf 87' lang='lat' dir='ltr'><strong>accipite.</strong></span> <span class='ocrx_word' id='word_1_876' title='bbox 1502 2284 1569 2313; x_wconf 85' lang='lat' dir='ltr'><strong>Nam</strong></span> <span class='ocrx_word' id='word_1_877' title='bbox 1591 2289 1618 2312; x_wconf 90' lang='lat' dir='ltr'><strong>et</strong></span> <span class='ocrx_word' id='word_1_878' title='bbox 1635 2285 1667 2313; x_wconf 89' lang='lat' dir='ltr'><strong>ad</strong></span> <span class='ocrx_word' id='word_1_879' title='bbox 1699 2285 1803 2313; x_wconf 79' lang='lat' dir='ltr'><strong>inferos</strong></span> 
     </span>
    </p>
   </div>
   <div class='ocr_carea' id='block_1_108' title="bbox 1013 2331 1819 2366">
    <p class='ocr_par' dir='ltr' id='par_1_108' title="bbox 1013 2331 1819 2366">
     <span class='ocr_line' id='line_1_111' title="bbox 1013 2331 1819 2366; baseline 0.001 -8"><span class='ocrx_word' id='word_1_880' title='bbox 1013 2331 1084 2358; x_wconf 86' lang='lat' dir='ltr'><strong>Deus</strong></span> <span class='ocrx_word' id='word_1_881' title='bbox 1108 2338 1169 2358; x_wconf 89' lang='lat' dir='ltr'><strong>cum</strong></span> <span class='ocrx_word' id='word_1_882' title='bbox 1193 2331 1283 2358; x_wconf 83' lang='lat' dir='ltr'><strong>anima</strong></span> <span class='ocrx_word' id='word_1_883' title='bbox 1301 2331 1451 2363; x_wconf 83' lang='lat' dir='ltr'><strong>descendit,</strong></span> <span class='ocrx_word' id='word_1_884' title='bbox 1470 2335 1497 2358; x_wconf 90' lang='lat' dir='ltr'><strong>et</strong></span> <span class='ocrx_word' id='word_1_885' title='bbox 1516 2331 1587 2366; x_wconf 91' lang='lat' dir='ltr'><strong>quod</strong></span> <span class='ocrx_word' id='word_1_886' title='bbox 1609 2332 1678 2358; x_wconf 85' lang='lat' dir='ltr'><strong>Deus</strong></span> <span class='ocrx_word' id='word_1_887' title='bbox 1695 2339 1819 2360; x_wconf 19' lang='lat' dir='ltr'><strong>assum-V</strong></span> 
     </span>
    </p>
   </div>
   <div class='ocr_carea' id='block_1_109' title="bbox 1012 2377 1802 2413">
    <p class='ocr_par' dir='ltr' id='par_1_109' title="bbox 1012 2377 1802 2413">
     <span class='ocr_line' id='line_1_112' title="bbox 1012 2377 1802 2413; baseline 0 -8"><span class='ocrx_word' id='word_1_888' title='bbox 1012 2382 1114 2413; x_wconf 87' lang='lat' dir='ltr'><strong>pserat,</strong></span> <span class='ocrx_word' id='word_1_889' title='bbox 1139 2384 1199 2405; x_wconf 86' lang='lat' dir='ltr'><strong>cum</strong></span> <span class='ocrx_word' id='word_1_890' title='bbox 1216 2385 1248 2404; x_wconf 89' lang='lat' dir='ltr'><strong>eo</strong></span> <span class='ocrx_word' id='word_1_891' title='bbox 1265 2385 1317 2404; x_wconf 89' lang='lat' dir='ltr'><strong>non</strong></span> <span class='ocrx_word' id='word_1_892' title='bbox 1342 2377 1429 2405; x_wconf 87' lang='lat' dir='ltr'><strong>solunt</strong></span> <span class='ocrx_word' id='word_1_893' title='bbox 1443 2385 1476 2405; x_wconf 81' lang='lat' dir='ltr'><strong>ex</strong></span> <span class='ocrx_word' id='word_1_894' title='bbox 1497 2377 1566 2405; x_wconf 84' lang='lat' dir='ltr'><strong>Orco</strong></span> <span class='ocrx_word' id='word_1_895' title='bbox 1582 2378 1607 2404; x_wconf 90' lang='lat' dir='ltr'><strong>in</strong></span> <span class='ocrx_word' id='word_1_896' title='bbox 1623 2382 1733 2411; x_wconf 86' lang='lat' dir='ltr'><strong>terram,</strong></span> <span class='ocrx_word' id='word_1_897' title='bbox 1753 2378 1802 2405; x_wconf 91' lang='lat' dir='ltr'><strong>sed</strong></span> 
     </span>
    </p>
   </div>
   <div class='ocr_carea' id='block_1_110' title="bbox 1014 2423 1802 2458">
    <p class='ocr_par' dir='ltr' id='par_1_110' title="bbox 1014 2423 1802 2458">
     <span class='ocr_line' id='line_1_113' title="bbox 1014 2423 1802 2458; baseline -0.001 -7"><span class='ocrx_word' id='word_1_898' title='bbox 1014 2431 1048 2451; x_wconf 75' lang='lat' dir='ltr'><strong>ex</strong></span> <span class='ocrx_word' id='word_1_899' title='bbox 1070 2429 1142 2452; x_wconf 86' lang='lat' dir='ltr'><strong>terra</strong></span> <span class='ocrx_word' id='word_1_900' title='bbox 1168 2431 1274 2458; x_wconf 89' lang='lat' dir='ltr'><strong>quoque</strong></span> <span class='ocrx_word' id='word_1_901' title='bbox 1304 2423 1329 2451; x_wconf 90' lang='lat' dir='ltr'><strong>in</strong></span> <span class='ocrx_word' id='word_1_902' title='bbox 1357 2424 1467 2456; x_wconf 68' lang='lat' dir='ltr'><strong>caelum,</strong></span> <span class='ocrx_word' id='word_1_903' title='bbox 1490 2424 1617 2451; x_wconf 84' lang='lat' dir='ltr'><strong>omnibus</strong></span> <span class='ocrx_word' id='word_1_904' title='bbox 1642 2424 1802 2451; x_wconf 76' lang='lat' dir='ltr'><strong>ctelcstibus</strong></span> 
     </span>
    </p>
   </div>
   <div class='ocr_carea' id='block_1_111' title="bbox 1014 2469 1802 2504">
    <p class='ocr_par' dir='ltr' id='par_1_111' title="bbox 1014 2469 1802 2504">
     <span class='ocr_line' id='line_1_114' title="bbox 1014 2469 1802 2504; baseline 0 -7"><span class='ocrx_word' id='word_1_905' title='bbox 1014 2470 1099 2504; x_wconf 88' lang='lat' dir='ltr'><strong>copiis</strong></span> <span class='ocrx_word' id='word_1_906' title='bbox 1116 2469 1243 2503; x_wconf 84' lang='lat' dir='ltr'><strong>stipatum</strong></span> <span class='ocrx_word' id='word_1_907' title='bbox 1257 2469 1389 2496; x_wconf 89' lang='lat' dir='ltr'><strong>ascendit.</strong></span> <span class='ocrx_word' id='word_1_908' title='bbox 1404 2470 1443 2495; x_wconf 75' lang='lat' dir='ltr'><strong>Ac</strong></span> <span class='ocrx_word' id='word_1_909' title='bbox 1457 2476 1490 2496; x_wconf 90' lang='lat' dir='ltr'><strong>ne</strong></span> <span class='ocrx_word' id='word_1_910' title='bbox 1505 2469 1694 2503; x_wconf 82' lang='lat' dir='ltr'><strong>disputationis</strong></span> <span class='ocrx_word' id='word_1_911' title='bbox 1707 2471 1802 2497; x_wconf 86' lang='lat' dir='ltr'><strong>suavi-</strong></span> 
     </span>
    </p>
   </div>
   <div class='ocr_carea' id='block_1_112' title="bbox 1016 2514 1802 2549">
    <p class='ocr_par' dir='ltr' id='par_1_112' title="bbox 1016 2514 1802 2549">
     <span class='ocr_line' id='line_1_115' title="bbox 1016 2514 1802 2549; baseline 0 -7"><span class='ocrx_word' id='word_1_912' title='bbox 1016 2520 1096 2543; x_wconf 86' lang='lat' dir='ltr'><strong>tatem</strong></span> <span class='ocrx_word' id='word_1_913' title='bbox 1111 2516 1254 2542; x_wconf 86' lang='lat' dir='ltr'><strong>verborum</strong></span> <span class='ocrx_word' id='word_1_914' title='bbox 1276 2514 1435 2542; x_wconf 84' lang='lat' dir='ltr'><strong>assiduitate</strong></span> <span class='ocrx_word' id='word_1_915' title='bbox 1452 2515 1584 2549; x_wconf 82' lang='lat' dir='ltr'><strong>ingratam</strong></span> <span class='ocrx_word' id='word_1_916' title='bbox 1603 2521 1802 2549; x_wconf 86' lang='lat' dir='ltr'><strong>comparemus,</strong></span> 
     </span>
    </p>
   </div>
   <div class='ocr_carea' id='block_1_113' title="bbox 1015 2560 1801 2597">
    <p class='ocr_par' dir='ltr' id='par_1_113' title="bbox 1015 2560 1801 2597">
     <span class='ocr_line' id='line_1_116' title="bbox 1015 2560 1801 2597; baseline -0.003 -8"><span class='ocrx_word' id='word_1_917' title='bbox 1015 2569 1074 2597; x_wconf 85' lang='lat' dir='ltr'><strong>age,</strong></span> <span class='ocrx_word' id='word_1_918' title='bbox 1092 2562 1232 2589; x_wconf 85' lang='lat' dir='ltr'><strong>historiam</strong></span> <span class='ocrx_word' id='word_1_919' title='bbox 1245 2567 1352 2588; x_wconf 86' lang='lat' dir='ltr'><strong>omnem</strong></span> <span class='ocrx_word' id='word_1_920' title='bbox 1364 2560 1447 2588; x_wconf 83' lang='lat' dir='ltr'><strong>Mosis</strong></span> <span class='ocrx_word' id='word_1_921' title='bbox 1457 2560 1626 2595; x_wconf 87' lang='lat' dir='ltr'><strong>compendio,</strong></span> <span class='ocrx_word' id='word_1_922' title='bbox 1636 2564 1662 2588; x_wconf 90' lang='lat' dir='ltr'><strong>et</strong></span> <span class='ocrx_word' id='word_1_923' title='bbox 1676 2565 1801 2596; x_wconf 86' lang='lat' dir='ltr'><strong>tauquam</strong></span> 
     </span>
    </p>
   </div>
   <div class='ocr_carea' id='block_1_114' title="bbox 1015 2608 1249 2642">
    <p class='ocr_par' dir='ltr' id='par_1_114' title="bbox 1015 2608 1249 2642">
     <span class='ocr_line' id='line_1_117' title="bbox 1015 2608 1249 2642; baseline -0.009 -7"><span class='ocrx_word' id='word_1_924' title='bbox 1015 2608 1099 2642; x_wconf 84' lang='lat' dir='ltr'><strong>digito</strong></span> <span class='ocrx_word' id='word_1_925' title='bbox 1115 2611 1249 2634; x_wconf 84' lang='lat' dir='ltr'><strong>notemus.</strong></span> 
     </span>
    </p>
   </div>
   <div class='ocr_carea' id='block_1_115' title="bbox 1053 2650 1803 2688">
    <p class='ocr_par' dir='ltr' id='par_1_115' title="bbox 1053 2650 1803 2688">
     <span class='ocr_line' id='line_1_118' title="bbox 1053 2650 1803 2688; baseline -0.004 -8"><span class='ocrx_word' id='word_1_926' title='bbox 1053 2653 1138 2687; x_wconf 75' lang='lat' dir='ltr'><strong>Igitur</strong></span> <span class='ocrx_word' id='word_1_927' title='bbox 1161 2653 1249 2680; x_wconf 84' lang='lat' dir='ltr'><strong>Muses</strong></span> <span class='ocrx_word' id='word_1_928' title='bbox 1272 2653 1299 2680; x_wconf 91' lang='lat' dir='ltr'><strong>in</strong></span> <span class='ocrx_word' id='word_1_929' title='bbox 1316 2652 1463 2688; x_wconf 66' lang='lat' dir='ltr'><strong>Egyptum</strong></span> <span class='ocrx_word' id='word_1_930' title='bbox 1484 2652 1628 2686; x_wconf 83' lang='lat' dir='ltr'><strong>degressus</strong></span> <span class='ocrx_word' id='word_1_931' title='bbox 1645 2656 1700 2684; x_wconf 88' lang='lat' dir='ltr'><strong>est;</strong></span> <span class='ocrx_word' id='word_1_932' title='bbox 1715 2650 1803 2679; x_wconf 84' lang='lat' dir='ltr'><strong>dulcis</strong></span> 
     </span>
    </p>
   </div>
   <div class='ocr_carea' id='block_1_116' title="bbox 1675 2731 1802 2757">
    <p class='ocr_par' dir='ltr' id='par_1_116' title="bbox 1675 2731 1802 2757">
     <span class='ocr_line' id='line_1_119' title="bbox 1675 2731 1802 2757; baseline 0 0"><span class='ocrx_word' id='word_1_933' title='bbox 1675 2731 1696 2747; x_wconf 79' lang='grc'><strong>⁸⁸</strong></span> <span class='ocrx_word' id='word_1_934' title='bbox 1715 2731 1802 2757; x_wconf 75' lang='lat' dir='ltr'><strong>Exod.</strong></span> 
     </span>
    </p>
   </div>
   <div class='ocr_carea' id='block_1_117' title="bbox 1117 2766 1801 2795">
    <p class='ocr_par' dir='ltr' id='par_1_117' title="bbox 1117 2766 1801 2795">
     <span class='ocr_line' id='line_1_120' title="bbox 1117 2766 1801 2795; baseline -0.001 -2"><span class='ocrx_word' id='word_1_935' title='bbox 1117 2767 1139 2783; x_wconf 74' lang='grc'><strong>⁸⁵</strong></span> <span class='ocrx_word' id='word_1_936' title='bbox 1160 2767 1223 2794; x_wconf 88' lang='lat' dir='ltr'><strong>ibid.</strong></span> <span class='ocrx_word' id='word_1_937' title='bbox 1243 2768 1269 2794; x_wconf 71' lang='lat'><strong>4.</strong></span> <span class='ocrx_word' id='word_1_938' title='bbox 1308 2769 1329 2784; x_wconf 79' lang='grc'><strong>⁵⁵</strong></span> <span class='ocrx_word' id='word_1_939' title='bbox 1351 2768 1415 2795; x_wconf 89' lang='lat' dir='ltr'><strong>ibid.</strong></span> <span class='ocrx_word' id='word_1_940' title='bbox 1437 2768 1463 2794; x_wconf 84' lang='lat'><strong>5.</strong></span> <span class='ocrx_word' id='word_1_941' title='bbox 1499 2768 1519 2783; x_wconf 77' lang='grc'><strong>⁸⁷</strong></span> <span class='ocrx_word' id='word_1_942' title='bbox 1540 2767 1604 2794; x_wconf 85' lang='lat' dir='ltr'><strong>ibid.</strong></span> <span class='ocrx_word' id='word_1_943' title='bbox 1625 2766 1652 2793; x_wconf 81' lang='grc'><strong>6.</strong></span> <span class='ocrx_word' id='word_1_944' title='bbox 1692 2767 1713 2782; x_wconf 80' lang='grc'><strong>⁶⁶</strong></span> <span class='ocrx_word' id='word_1_945' title='bbox 1734 2767 1801 2793; x_wconf 85' lang='lat' dir='ltr'><strong>ibid.</strong></span> 
     </span>
    </p>
   </div>
   <div class='ocr_carea' id='block_1_118' title="bbox 1055 2802 1228 2830">
    <p class='ocr_par' dir='ltr' id='par_1_118' title="bbox 1055 2802 1228 2830">
     <span class='ocr_line' id='line_1_121' title="bbox 1055 2802 1228 2830; baseline 0 0"><span class='ocrx_word' id='word_1_946' title='bbox 1055 2803 1077 2819; x_wconf 86' lang='grc'><strong>⁷³</strong></span> <span class='ocrx_word' id='word_1_947' title='bbox 1098 2802 1163 2830; x_wconf 87' lang='lat' dir='ltr'><strong>ibid.</strong></span> <span class='ocrx_word' id='word_1_948' title='bbox 1184 2802 1228 2830; x_wconf 73' lang='lat'><strong>1&#39;2.</strong></span> 
     </span>
    </p>
   </div>
  </div>
