1955 3080
111 143 165 174 837

673 143 865 176 DIALOGUS
882 143 1034 172 CONTRA
1056 143 1222 174 JUDEOS.

1693 149 1745 181 8.“.3

112 202 193 230 Iesus
217 202 249 229 ad
278 202 390 231 inferos.
419 201 465 229 llle
492 202 519 230 iu
537 201 706 230 Pharaouem
736 201 1129 236 insurrcxit;Acogitationes
1158 204 1301 235 inltzcrent.
1330 205 1355 232 iu
1382 205 1413 232 iis
1432 205 1513 232 etiam
1540 213 1635 233 earum
1666 207 1745 235 foetae

113 249 237 274 divinum
268 248 422 276 Servatoris
452 248 502 275 mei
531 256 630 282 corpus
656 248 758 276 inferos
783 248 906 283 diripuit.

112 295 250 322 Ca-tcrum
271 294 353 329 quod
374 294 462 321 Moses
490 302 552 321 cttm
576 295 683 322 Aarone
705 302 757 322 suo
773 295 856 322 fratre
874 294 907 322 ad

113 341 286 368 Pharaonem
310 341 387 372 abiit,
408 341 594 367 luereticorum
616 332 779 375 impietatem
799 341 906 373 evertit,

113 387 309 413 allii-manuum
335 386 404 419 (22),
428 387 454 413 in
475 386 574 413 Christi
596 387 648 414 mei
667 393 791 421 corpore,
811 387 909 414 anima:

113 431 202 457 vicem
220 431 343 458 sttﬂicere
362 431 551 465 divinitatem;
568 437 648 466 atque
667 432 701 459 ita
724 432 792 459 male
807 433 908 460 docen-

115 477 195 506 tium,
214 484 266 502 non
288 476 371 503 fuisse
392 475 540 510 perfectum
561 477 710 504 hominem.
725 478 791 504 Nam
810 483 839 505 ul
855 478 909 506 illic

114 530 164 556 per
182 521 272 548 Mosen
298 527 323 548 ct
339 522 473 549 Aaronem
493 513 553 550 cum
576 523 720 551 Pharaone
737 524 844 551 locutus
868 530 910 552 est

115 567 202 599 Deus;
221 568 256 594 ita
270 571 297 594 et
320 567 449 595 Servator
469 576 545 595 meus
567 573 647 602 atque
665 569 744 601 Deus,
759 570 848 597 anima
867 571 910 596 in.

115 613 263 647 telligeute.
290 613 361 640 velut
384 619 536 647 sequestra,
561 613 638 646 inter,
657 614 783 641 deitatem
806 620 832 642 et
849 622 910 642 cor-

114 658 191 691 poris
221 657 374 684 crassitiem
397 658 569 692 interposita.
595 658 641 686 Dei
662 662 690 685 et.
710 659 847 686 hominum
868 666 910 686 se—

116 709 225 738 quester
245 703 332 730 factus
355 709 406 733 est.
432 704 487 731 Illic
510 704 597 732 Moses
615 709 643 732 et
664 705 754 733 Aaron
774 705 908 734 Pharaoni

117 757 180 776 sese
203 758 216 776 a
241 749 353 776 Domino
372 749 546 777 Hebraeorum
571 751 625 778 Deo
653 751 751 778 missos
775 752 907 784 dicentes,

117 795 184 821 illttd
196 795 229 819 ab
241 803 272 820 eo
289 796 402 821 audiunt
418 803 425 821 :
441 805 450 820 ι
467 796 534 828 Quis
546 801 587 822 est
601 796 741 829 Dominus,
758 802 786 823 ttt
802 798 908 824 audiam

116 849 198 868 voces
211 840 268 873 ejus
283 841 323 867 7"?
340 850 349 866 ι
368 841 462 868 Itidem
479 842 545 868 etin
562 841 642 874 Orco,
658 842 812 870 cmlestibus
826 844 909 878 copiis

117 885 300 914 clamantibus
315 895 322 912 -.
342 895 351 912 ι
379 886 500 914 Attollite
512 892 614 921 portas,
632 888 779 923 principes,
796 895 908 922 vestras,

115 936 144 958 et
163 932 317 964 elevatniui,
334 937 418 967 porta:
432 933 586 965 aeternales.
601 939 627 961 et
643 934 764 962 introibit
778 935 833 963 Rex
852 937 910 971 glo-

117 977 185 1009 rite;
211 987 220 1003 ι
247 978 427 1012 intelligibilis
445 979 549 1006 Pharao
568 980 732 1013 respondet:
751 990 759 1006 t
779 981 846 1014 Quis
870 986 911 1009 est

117 1022 170 1051 istc
182 1032 228 1051 rex
242 1025 334 1059 gloriae
346 1025 388 1052 "‘3
402 1035 411 1052 ι
429 1026 516 1060 Atque
529 1026 570 1053 hic
584 1027 620 1062 (iu
632 1026 739 1055 Christo
752 1033 779 1055 et
792 1029 909 1066 diabolo)

117 1070 248 1105 quiddam
269 1071 395 1106 amplius,
413 1079 494 1107 quam
514 1073 540 1099 in
566 1072 640 1100 Mose
661 1079 743 1108 atque
768 1073 911 1103 Pharaone

118 1117 294 1152 cogitandum
317 1122 368 1145 est.
395 1117 453 1146 lllic
478 1120 551 1147 enim
575 1120 663 1149 Moses
683 1122 773 1149 ‘semel
797 1124 910 1157 patratis

119 1162 215 1189 decem
244 1163 405 1196 miraculis,
436 1165 519 1192 semel
551 1167 705 1194 sensibilem
742 1166 910 1195 Pharaonem

119 1209 200 1242 aquis
233 1210 342 1243 obruit;
360 1215 387 1236 at
409 1219 485 1238 uictis
507 1212 636 1238 Scrvator
660 1218 742 1247 atque
767 1213 836 1241 Deus
855 1222 909 1242 non

119 1256 178 1291 ipse
202 1256 293 1290 solum
321 1258 353 1284 de
378 1257 543 1292 intelligibili
573 1258 714 1286 Pharaone
743 1260 909 1296 triumphum

119 1295 194 1336 egit;
213 1303 260 1330 sed
276 1304 357 1331 etiam
375 1304 402 1331 in
419 1312 448 1332 se
468 1305 642 1332 credentibus
655 1310 750 1333 contra
767 1295 910 1342 euntque.

121 1349 186 1376 tidie
210 1349 283 1377 vires
306 1350 429 1384 largitur,
449 1351 475 1379 id
498 1352 569 1386 quod
594 1353 740 1380 notandum
768 1352 910 1388 diligenter

119 1399 172 1422 est.
190 1394 258 1422 Nam
275 1400 303 1422 ut
326 1396 380 1422 illic
403 1397 475 1424 Mose
492 1402 517 1424 et
532 1398 638 1425 Aarone
654 1398 787 1426 Pharaoni
805 1399 909 1426 instan-

119 1441 209 1480 tibus,
229 1442 376 1469 dimitteret
396 1443 524 1477 populum
552 1444 633 1471 tridui
657 1444 718 1477 iter,
743 1444 855 1472 colendo
874 1444 909 1472 ab

119 1487 154 1513 iis
174 1487 297 1521 Domino,
311 1496 404 1515 eorum
422 1489 493 1522 Deo;
521 1489 565 1516 ille
581 1497 670 1524 neque
690 1498 738 1517 eos
756 1491 867 1524 dimisit,
883 1495 910 1518 et

960 250 1108 282 permanet;
1127 256 1236 277 auctore
1253 250 1351 278 “avide
1370 260 1376 278 :
1401 261 1410 277 ι
1439 252 1615 285 Putruerunt,
1640 257 1666 279 ct
1688 261 1747 280 cer-

959 299 1045 328 ruptze
1073 299 1135 321 sunt
1165 295 1308 323 cicatrices
1332 305 1408 330 mem,
1441 305 1454 324 a
1488 298 1558 326 facie
1584 299 1745 334 insipientia:

960 346 1025 366 mea!
1047 339 1081 367 ⁷³.
1111 350 1120 366 ι
1140 341 1186 369 Sin
1212 342 1243 368 atl
1268 342 1385 370 divinam
1413 345 1526 377 gratiam
1551 353 1627 372 mens
1652 347 1746 372 eadem

959 392 1057 419 pravas
1069 387 1249 421 cogitationes
1265 388 1298 414 ab
1312 396 1339 414 se
1351 389 1473 422 repellat,
1492 391 1524 417 ad
1549 391 1744 424 intelligiltileul

964 431 1132 459 Pharaonem
1152 431 1232 459 fauor
1256 433 1367 468 ιιι-ειῑΐυι*
1390 434 1529 467 redundat,
1549 440 1617 462 teste
1640 445 1746 463 rursum

960 478 1053 504 eodem
1083 477 1244 511 Deiparenlc
1268 488 1275 505 :
1307 488 1315 504 ι
1339 479 1365 505 ltt
1394 480 1525 506 matutino
1553 481 1746 509 interfieicl-aut

960 531 1053 550 omnes
1070 531 1225 559 peccatores
1243 530 1321 552 teme
1339 525 1372 552 ⁸ο.
1396 535 1405 551 ι
1426 525 1476 553 Ubi
1495 528 1652 554 matutinum
1671 528 1746 560 dicit,

961 571 1025 597 solis
1041 571 1221 605 splendorem,
1238 573 1282 606 qtti
1300 578 1415 599 tuentem
1437 573 1570 606 illustret;
1593 580 1748 608 peccatores

962 623 1050 643 autem
1076 622 1165 648 terra).
1190 618 1338 649 dmmones,
1364 625 1511 653 eorumque
1541 620 1747 653 antesignanum

961 662 1143 689 Pharaonem.
1169 662 1221 689 Sed
1248 664 1379 691 mendacii
1405 670 1493 691 satorc
1518 666 1602 700 magis
1618 666 1698 692 etiam
1715 667 1746 692 ad

962 707 1031 734 hanc
1055 707 1157 734 cladem
1183 708 1301 741 it'ritnto,
1321 709 1496 736 Christianus
1517 710 1543 736 in
1560 718 1622 737 ettm
1639 711 1748 737 tertium

961 752 1070 779 adhibet
1095 757 1279 787 tormentum;
1305 762 1364 780 nam
1391 759 1418 781 ut
1439 754 1493 782 illic
1515 763 1529 782 a
1553 755 1624 782 Mose
1641 756 1749 789 vapulat

960 799 1101 834 pediculis,
1121 800 1155 826 ita
1173 800 1217 827 hic
1244 807 1258 826 a
1286 800 1329 833 pio
1345 800 1452 835 vapulat
1471 802 1596 836 precibus
1620 802 1749 830 scelestus

961 845 1006 873 ille
1020 850 1047 874 et
1069 846 1254 873 exsecrantlus
1271 845 1386 877 Pharao,
1404 851 1431 874 et
1443 847 1669 882 quemadmodum
1696 848 1749 876 illic

963 897 1034 920 terra
1049 898 1077 919 et
1087 899 1133 920 aer
1146 892 1278 927 pctliculis
1291 892 1401 926 referta,
1417 901 1542 928 magnam
1553 893 1660 929 Egypti
1674 895 1750 921 duci-

961 938 1010 967 bus
1034 939 1140 967 cladem
1162 939 1309 966 attulerunt
1329 939 1369 973 9‘;
1393 939 1429 966 ita
1447 947 1506 966 cum
1531 941 1619 967 omnia
1644 941 1748 975 piorum

961 987 1100 1014 hominum
1117 985 1243 1020 precibus
1260 986 1408 1020 replentur,
1423 987 1456 1013 ab
1479 986 1520 1012 his
1543 990 1583 1013 ter
1603 986 1749 1013 sceleratus

962 1033 1006 1060 ille
1025 1040 1086 1060 cum
1110 1032 1259 1064 inferorum
1286 1031 1420 1063 ducibus,
1451 1031 1558 1058 medius
1580 1033 1699 1066 cingitur
1723 1037 1748 1060 et

962 1083 1113 1112 torquetur.
1140 1076 1276 1112 Siquidem
1305 1084 1366 1104 ettm
1393 1076 1448 1103 sint
1474 1076 1513 1104 hae
1540 1085 1632 1112 preces
1654 1078 1748 1113 agiles,

960 1123 1122 1158 quibusdam
1140 1123 1217 1158 quasi
1232 1122 1282 1150 alis
1293 1123 1383 1150 omnia
1401 1127 1554 1157 pererrant.

996 1170 1036 1197 Ac
1060 1177 1092 1197 ne
1108 1169 1150 1196 his
1166 1169 1273 1204 quidem
1293 1169 1404 1200 mollito,
1418 1168 1446 1195 in
1469 1175 1530 1195 eum
1545 1168 1605 1202 pius
1619 1173 1746 1203 tanquam

960 1215 1131 1252 cynomyiam
1149 1219 1236 1242 armat
1267 1214 1312 1242 Dei
1327 1214 1498 1241 charitatem.
1524 1213 1624 1240 Verum
1640 1219 1749 1248 praestat

960 1261 1113 1289 sensibilem
1130 1260 1205 1295 prius
1220 1259 1322 1286 cladem
1340 1259 1464 1294 exsequi,
1483 1264 1510 1285 ιιι
1525 1267 1555 1286 cx
1573 1259 1687 1294 imagine
1702 1267 1749 1286 Ve-

960 1309 1069 1336 ritatem
1084 1306 1242 1341 explicatam
1258 1311 1410 1333 statuamus
1421 1306 1453 1332 3'.
1474 1305 1506 1332 Ut
1533 1307 1671 1342 cynomyia
1697 1307 1749 1332 ali-

961 1358 1016 1381 tum
1034 1354 1145 1381 minima
1171 1357 1223 1385 est,
1239 1351 1286 1379 sed
1304 1359 1364 1385 qua:
1373 1351 1433 1378 cani
1453 1351 1628 1378 intolerabile
1644 1352 1749 1386 pondus

960 1399 1073 1432 atterat;
1092 1406 1153 1425 nam
1167 1398 1261 1432 illapsa
1276 1397 1354 1433 plane
1371 1397 1519 1431 inquit-tutu
1535 1397 1634 1424 animal
1650 1397 1748 1431 reddit,

960 1453 1010 1473 nec
1027 1445 1160 1472 volentem
1177 1451 1287 1470 currere
1301 1443 1381 1477 cogit,
1401 1450 1432 1470 ac
1447 1443 1519 1470 serio
1536 1443 1684 1470 mandenda
1700 1450 1749 1470 sua

961 1492 1046 1528 ipsius
1063 1492 1148 1520 cauda
1164 1498 1193 1517 se
1215 1490 1361 1521 iutlectcre,
1379 1489 1513 1521 interdum
1539 1495 1604 1515 vero
1625 1489 1706 1515 etiam
1721 1489 1748 1515 iu

119 1531 213 1565 paleas
227 1539 334 1566 quoque
350 1533 485 1561 subtraxit
502 1534 534 1562 ⁷ο.
562 1534 607 1561 Sic
619 1543 679 1562 cum
698 1535 787 1569 homo,
801 1537 847 1571 qui
867 1541 908 1563 est
921 1538 944 1568 α
963 1543 1062 1566 terram
1087 1537 1228 1564 deciduutn
1243 1535 1357 1570 gratnini
1381 1535 1489 1562 assidue
1503 1532 1638 1565 atl‘ricare,
1651 1542 1749 1561 muscae

120 1579 300 1605 constitutum
321 1579 457 1613 quoddam
479 1588 512 1606 ex
533 1581 623 1608 animo
638 1586 665 1608 et
678 1589 791 1617 corpore
808 1587 909 1618 tempe-

123 1628 291 1657 ramentum,
321 1625 481 1660 intelligibili
504 1625 640 1654 Pharaoni
664 1627 794 1661 instabat,
811 1629 911 1656 sineret

120 1679 149 1698 se
165 1671 292 1698 concordi
305 1671 395 1698 studio
410 1672 477 1698 citra
492 1671 625 1699 oll‘ensam
641 1677 668 1700 et
684 1674 791 1706 putidas
805 1674 909 1708 cogita‘

123 1718 210 1744 tiones
238 1717 286 1744 SS.
315 1717 446 1744 Deitatem
473 1718 613 1752 venerari;
640 1719 847 1747 scelestissimus
867 1721 912 1748 ille

121 1765 189 1791 adeo
221 1771 273 1790 non
304 1768 345 1790 est
375 1771 470 1798 passus
498 1764 633 1791 hominem
659 1765 691 1792 ad
718 1765 911 1799 perfectionem

121 1810 247 1842 evadere,
264 1814 292 1836 ιιι
311 1809 352 1836 vel
368 1809 463 1844 exigua
479 1809 559 1836 etiam
575 1810 674 1836 virtute
694 1809 830 1844 aﬂ'ectum,
850 1816 910 1838 tan—

123 1863 203 1891 quam
232 1855 318 1889 palca,
345 1855 520 1889 despoliaret.
545 1856 638 1889 Itaque
661 1855 760 1882 Christi
790 1857 911 1883 studioso

123 1902 221 1934 cuique
243 1908 257 1926 a
280 1900 333 1926 Deo
348 1901 409 1927 data
431 1905 473 1927 est
495 1900 536 1927 vis
552 1901 645 1928 decem
666 1901 755 1928 clades
778 1900 909 1929 inferendi

123 1937 186 1973 huic
203 1945 338 1973 Pharaoni
354 1946 525 1979 iutelligibili.

158 1991 232 2024 Quas
257 1992 402 2018 observate
434 1999 527 2025 porro,
556 1996 583 2018 et
611 1991 739 2026 utrinqtte
770 1999 910 2019 numerum

123 2038 197 2065 inite.
214 2037 447 2070 Quemadmodum
466 2037 520 2064 illic
539 2037 682 2064 obﬁrmato
697 2036 838 2064 Pharaone
852 2037 911 2064 Mo-

121 2092 166 2112 res
187 2091 285 2118 aquam
301 2083 329 2110 in
353 2083 512 2117 sanguinem
538 2089 695 2109 conversam
723 2082 756 2115 ",
778 2082 912 2117 [Egyptiis

123 2129 233 2156 minime
255 2128 348 2155 utilem
373 2128 506 2160 reddidit;
525 2127 560 2155 ita
582 2127 625 2154 hic
646 2127 747 2154 Christi
771 2129 914 2155 mandato-

123 2181 184 2200 rum
202 2172 340 2200 studiosus
354 2179 423 2206 aqua
441 2172 539 2199 divina:
556 2172 666 2207 piscina:
681 2177 752 2199 totus
772 2172 911 2205 lustratus,

124 2219 240 2252 inferni,
276 2223 303 2245 et
336 2218 512 2252 intelligibilis
543 2217 693 2245 Pharaonis
721 2218 804 2245 duces
832 2224 912 2253 atque

123 2266 274 2298 stipatores
286 2264 450 2299 impotentes
467 2264 565 2296 reddit,
587 2271 621 2291 ne
641 2263 783 2299 voluptatis
799 2264 862 2291 vitia
879 2273 913 2291 rx

123 2309 217 2336 innato
237 2311 344 2344 corpori
373 2309 504 2346 sanguine
532 2310 565 2337 ad
585 2317 615 2337 se
636 2309 769 2337 derivent.
792 2309 914 2344 Cumque

123 2356 178 2382 illic
193 2355 331 2383 sensibilis
344 2356 372 2383 iu
385 2356 536 2390 impietate,
556 2356 600 2383 hic
615 2355 795 2389 intelligibilis
809 2355 914 2383 Phatao

124 2401 150 2428 in
173 2401 276 2428 malitia
297 2403 465 2436 persisteret,
485 2402 524 2429 uti
539 2407 594 2430 tum
618 2410 666 2437 per
683 2402 785 2436 Mosen,
805 2403 914 2438 Egypti

124 2447 212 2475 solum
230 2456 310 2476 ranas
326 2449 438 2483 protulit
456 2449 497 2482 ⁷⁸;
514 2449 550 2476 ita
572 2456 643 2476 nunc
655 2449 755 2477 Christi
776 2451 916 2477 studiosus

125 2495 276 2521 concitatas
287 2498 313 2521 et
328 2494 426 2521 noxias
437 2494 615 2529 cogitationes
629 2502 662 2521 ex
677 2494 768 2521 animo
779 2494 914 2527 amolitus,

125 2548 218 2568 cartttu
246 2540 343 2567 fmtore
366 2540 561 2575 intelligibilem
587 2540 755 2568 Pharaonem
784 2539 916 2568 suffocare

125 2586 232 2613 nititur.
258 2585 362 2620 Quippe
389 2585 415 2612 in
444 2593 560 2620 quorutn
588 2586 728 2613 hominum
753 2586 852 2612 anitnis
875 2586 915 2614 itm

962 1589 1062 1611 coetum
1081 1590 1113 1609 ac
1130 1581 1322 1609 commercium
1340 1580 1412 1607 nullo
1437 1580 1517 1606 tnodo
1534 1579 1663 1606 ferentem
1679 1588 1686 1606 :
1703 1579 1748 1605 iti-

962 1629 1023 1656 dem
1053 1633 1080 1655 et
1102 1628 1162 1662 plus
1193 1627 1323 1654 adversus
1355 1625 1550 1659 intelligibilem
1579 1625 1747 1652 Pharaonem

963 1673 1104 1702 charitatis
1133 1679 1208 1699 arma
1239 1671 1356 1706 expedit.
1372 1671 1446 1704 Quod
1474 1671 1497 1698 si
1527 1670 1625 1697 animal
1654 1669 1749 1704 reptile

962 1726 1063 1748 musca:
1076 1718 1266 1746 commercium
1282 1718 1411 1744 detrectat
1424 1724 1431 1749 ;
1445 1721 1545 1750 quanto
1562 1716 1646 1750 magis
1658 1715 1749 1742 citari-

963 1766 1026 1794 tatis
1037 1766 1090 1792 vim
1102 1763 1156 1791 odii
1171 1763 1336 1791 architectus
1348 1762 1482 1790 diabolus?
1493 1762 1582 1796 Neque
1592 1762 1664 1788 enim
1677 1761 1748 1789 ferre

943 1811 1074 1839 .omnino
1097 1813 1196 1844 potest,
1209 1809 1255 1842 qui
1281 1812 1323 1835 est
1349 1807 1405 1842 ipsa
1432 1807 1510 1842 quasi
1535 1811 1630 1834 natura
1647 1806 1747 1839 invida,

963 1857 1156 1890 hominumque
1170 1862 1244 1887 osor,
1260 1861 1309 1881 nos
1320 1853 1462 1881 interiores
1478 1859 1560 1887 supra
1576 1857 1677 1884 tenere,
1691 1853 1749 1886 ipse

962 1911 977 1930 e
998 1901 1107 1930 sublimi
1123 1901 1224 1934 lapsus,
1239 1905 1266 1928 et
1279 1900 1397 1927 tenebrae
1413 1906 1461 1934 pro
1480 1899 1539 1926 luce
1553 1898 1674 1926 effectus.
1694 1899 1748 1926 Sed

963 1949 996 1976 iis
1011 1947 1089 1974 malis
1102 1946 1231 1974 multatus
1246 1946 1314 1973 adeo
1333 1944 1490 1980 pudefactus
1513 1953 1566 1972 non
1581 1945 1694 1980 quievit,
1720 1950 1750 1972 ut

962 1993 1084 2026 asperior
1109 1991 1189 2018 etiam
1208 1991 1328 2018 redditus
1341 1990 1385 2018 sit.
1405 1991 1498 2025 Itaque
1523 1991 1576 2018 illic
1594 1991 1749 2024 quadrupe-

962 2038 1025 2065 tlum
1039 2042 1143 2071 strages
1157 2036 1226 2063 facta
1234 2036 1268 2069 ⁸³;
1284 2036 1326 2063 hic
1335 2035 1437 2070 jejunio
1449 2036 1563 2064 belluina
1574 2040 1654 2071 atque
1670 2036 1749 2063 bruta

963 2085 1045 2112 animi
1061 2084 1124 2112 vitia
1143 2089 1289 2118 prostrata.
1308 2085 1376 2111 Sunt
1393 2085 1468 2111 enim
1486 2083 1561 2116 vitia,
1574 2091 1633 2118 quae
1645 2084 1749 2110 ratione

962 2133 989 2157 et
1003 2130 1078 2162 liant,
1095 2134 1122 2156 ct
1135 2135 1273 2163 curentur,
1299 2137 1463 2164 rursumque
1486 2136 1500 2155 a
1525 2129 1629 2156 ratione
1661 2129 1747 2156 aliena

964 2180 991 2202 et
1005 2175 1176 2208 incurabilia,
1193 2176 1419 2210 quemadmodum
1445 2175 1599 2202 Salomonis
1617 2175 1748 2209 sapientia

965 2222 1085 2250 declarat
1098 2222 1125 2249 in
1142 2224 1197 2249 haec
1222 2222 1302 2249 verba
1316 2230 1323 2248 :
1344 2229 1354 2255 ι
1373 2220 1416 2248 Fit
1432 2221 1505 2247 enim
1521 2226 1551 2248 ut
1566 2220 1750 2255 deprehensus

966 2267 1009 2294 [ιιι-
1024 2267 1129 2294 furatus
1144 2272 1190 2298 stt,
1206 2271 1233 2292 ut
1246 2265 1406 2293 esurientem
1423 2265 1532 2299 impleat
1544 2266 1661 2292 animam
1681 2274 1688 2293 :
1703 2267 1747 2301 qui

965 2317 1054 2340 autem
1073 2311 1177 2339 adulter
1202 2316 1253 2344 est,
1268 2315 1378 2346 propter
1394 2310 1485 2338 cordis
1511 2311 1639 2345 inopiatn,
1655 2312 1749 2346 perdet

965 2359 1083 2386 animam
1099 2365 1176 2386 suam
1192 2357 1224 2385 “.
1247 2366 1256 2383 ι
1272 2360 1360 2392 Atque
1385 2356 1439 2384 tllic
1460 2360 1488 2384 ut
1516 2362 1576 2392 post
1600 2358 1748 2392 cynoutyiae

965 2405 1078 2435 cladem,
1096 2403 1300 2438 quadrupedum
1324 2403 1444 2430 omnium
1474 2402 1623 2430 internecio
1642 2407 1684 2430 est
1703 2409 1746 2429 se-

964 2455 1042 2484 cuta;
1061 2451 1095 2478 ita
1109 2454 1167 2484 post
1179 2449 1309 2485 jejunium
1327 2449 1380 2481 hic,
1397 2448 1574 2475 belluiuorum
1593 2452 1674 2482 atque
1684 2449 1747 2475 bru-

965 2500 1051 2522 torutu
1065 2495 1191 2522 vitloruttt
1215 2494 1357 2526 interitus;
1378 2501 1438 2528 qua;
1450 2493 1558 2527 quidem
1582 2492 1655 2519 nullo
1678 2499 1747 2526 pra:-

964 2541 1077 2569 sentiori
1102 2540 1231 2572 remedio,
1248 2547 1327 2574 quam
1339 2539 1442 2573 jejunio
1461 2546 1492 2566 ex
1510 2538 1601 2565 animo
1618 2537 1747 2564 extermi-

965 2592 1073 2615 nantur.

162 2696 185 2714 "
203 2697 286 2724 Exod.
303 2705 330 2728 v,
349 2697 376 2723 9.
414 2697 436 2713 ⁷⁵
455 2696 527 2724 Psal.
549 2705 628 2729 xxut,
650 2697 676 2728 9,
698 2697 740 2724 l0.
777 2698 800 2714 ⁷⁸
821 2697 905 2724 Exul.

966 2698 993 2725 7.
1031 2697 1054 2713 "
1075 2699 1158 2725 Evod.
1181 2706 1227 2730 vtt,
1251 2698 1291 2725 17.
1329 2697 1352 2714 ⁷³
1373 2698 1456 2725 Exod.
1478 2706 1536 2730 vnt,
1552 2697 1578 2725 5.
1634 2698 1657 2714 ⁷⁹
1675 2696 1746 2725 l‘sal.

125 2738 233 2764 xxxvii,
253 2732 280 2760 6.
316 2733 338 2748 ⁸⁸³
359 2733 430 2760 Psal.
452 2740 477 2765 c,
496 2733 523 2759 8.
560 2733 582 2748 ⁸⁸
603 2733 688 2760 Exod.
708 2740 770 2766 vttt,
790 2733 836 2760 24.

164 2832 221 2864 ('22)
243 2832 311 2861 Vide
326 2833 453 2863 Naztattz.
471 2835 504 2861 ad
520 2835 683 2863 Cledom'um.

873 2733 896 2749 θ’
916 2732 982 2760 ibid.
1005 2732 1047 2761 17.

1085 2733 1108 2750 ⁸³
1133 2733 1215 2761 Exod.
1237 2742 1278 2767 ix,
1299 2734 1324 2761 6.
1363 2732 1386 2748 "
1405 2734 1484 2762 Prov.
1506 2742 1543 2767 Vl,
1564 2732 1656 2760 50-52.
