1955 3080
190 117 244 147 83.0

790 109 1005 140 ANDRONlCi
1024 108 1199 140 COMNENI

1790 107 1844 137 Sil)

233 170 329 200 verum
348 179 434 208 neque
448 171 497 198 hoc
512 171 582 198 facto
598 167 727 196 scelestus
739 166 844 194 Pharao
860 165 984 199 rcsipuit.
1002 168 1024 196 Α
1040 173 1136 200 corpus
1152 173 1259 194 omnem
1278 170 1411 192 terrarum
1427 164 1560 192 orbcmab
1576 163 1749 199 ignorantia:
1769 170 1844 191 lr-Ite'

192 221 282 254 Quare
309 219 365 246 illic
395 218 504 253 quidem
534 215 647 250 pustulae
678 214 812 240 lcrvcnles
839 211 989 246 (mali-ficos

193 265 379 300 lorqnobant),
408 262 452 289 hic
472 259 584 296 impium
605 259 751 286 intestinus
767 256 854 291 ignis;
876 261 902 282 ct
916 254 992 281 thin:-

197 318 267 336 mani
283 315 391 335 onmem
409 314 538 340 superans
553 305 638 338 zelus,
657 305 682 331 in
698 303 869 331 Pharaonem
891 300 992 326 intelli-

195 355 304 390 g‘hileni
321 352 470 390 insurgit"
488 359 495 384 ;
514 350 662 378 secundum
690 347 885 384 philosophum
901 346 992 374 dicen-

197 409 248 427 tem
271 399 326 434 (’23)
343 408 350 426 :
369 398 438 426 lrutn
463 398 488 425 in
506 397 592 424 solum
621 400 776 429 serpentem
807 399 915 420 exerce.
932 391 991 419 Jan]

198 451 272 476 vero,
290 448 319 470 ut
340 443 394 470 illic
416 441 538 470 sensibili
552 442 703 471 Pharaone,
721 439 852 473 promissa
872 444 930 471 qua:
946 437 992 463 de-

197 491 292 522 dissct,
317 489 433 520 fallente,
462 488 564 522 grando
586 493 646 513 cum
675 485 730 520 igni
756 483 878 515 exstitit;
895 482 930 509 ita
950 481 994 508 hic

198 543 306 570 quoque
335 533 506 568 intclligibili,
524 532 569 566 qui
593 539 607 557 a
627 530 673 565 pio
698 529 820 564 deiectus
844 532 928 559 esset,
954 526 993 553 fu-

199 588 286 614 rente,
306 581 387 608 divini
413 580 481 613 ignis
508 585 640 613 perennes
657 577 682 603 in
708 577 798 602 animo
820 575 953 608 scintillae,
967 578 994 601 et

199 627 267 661 iugis
284 626 370 653 imber
387 626 566 660 lacrymarum
590 631 623 649 ex
645 622 732 650 oculis
748 621 837 649 ﬂuens
858 629 889 648 ac
902 625 994 648 scatu-

201 673 275 699 riens
301 671 415 698 exstitit.
435 670 500 696 Nam
525 668 756 703 quemadmodum
771 667 913 694 sensibiles
929 673 993 693 ocu-

200 719 287 745 lorum
311 718 416 752 pupillae
431 717 558 751 caligant,
577 715 642 742 fumi
674 715 852 742 acrimoniam
881 721 935 740 non
955 713 994 740 l'e-

204 754 305 797 rentes,
326 769 406 799 atque
436 763 496 790 ideo
522 764 725 797 lacrymantur;
748 761 783 788 ita
813 759 995 793 intelligibiles

203 811 304 837 mentis
332 810 414 841 oculi,
433 809 536 844 peccati
564 808 712 835 acrimonia
738 807 838 838 tuorsi,
860 806 992 832 internam

201 855 409 882 sollicitudinem
440 860 519 888 atque
563 852 780 880 emendationem
813 851 992 886 lacrymarutn

203 901 311 928 tlcﬂuxu
330 906 471 928 testantur.

240 956 292 984 Sed
310 957 342 983 iis
367 956 448 983 rebus
473 961 589 988 utroque
614 954 758 982 obfirmato
773 958 909 986 manente,
929 959 997 988 opus

207 993 407 1036 eratporro'ad
432 1002 535 1037 frugem
561 1001 621 1028 aliis
647 1006 778 1036 prieterea
802 1001 936 1031 cladibus,
956 1003 995 1032 ut,

204 1049 252 1083 qui
278 1048 416 1075 beneficiis
442 1046 530 1074 allecti
554 1055 608 1074 non
633 1054 661 1074 se
681 1051 771 1079 gratos
797 1045 997 1080 praestitissent,

208 1094 269 1129 plus
294 1095 508 1128 castigarentur;
527 1098 554 1120 et
579 1093 716 1127 castigati,
733 1101 767 1120 ex
793 1093 824 1119 iis
853 1099 912 1126 qua:
925 1095 999 1126 pate—

207 1145 313 1170 rentur,
331 1139 453 1166 divinant
477 1140 529 1165 vini
554 1143 742 1174 agnoscerent.
768 1138 851 1173 [gitur
872 1145 933 1165 cum
949 1145 999 1164 nec

208 1186 303 1213 alilicti
331 1190 520 1220 agnoscerent,
541 1185 631 1212 addita
657 1185 768 1212 locusta:
792 1185 932 1212 calamitas
947 1189 997 1216 cst,

207 1239 267 1266 quae
282 1231 413 1265 quidquid
442 1235 494 1258 tota
511 1231 627 1266 IEgypto
645 1231 731 1258 viride
753 1235 836 1262 esset,
856 1238 999 1258 consume-

208 1283 259 1304 rei.
276 1278 314 1303 Ac
336 1276 423 1304 Moses
440 1276 548 1311 quidem
579 1277 711 1304 locustam
733 1277 832 1304 excivit
844 1277 879 1309 5°;
896 1282 923 1304 at
940 1278 999 1312 pius

209 1322 326 1348 ineunda
342 1321 415 1348 omni
434 1321 497 1348 vita:
510 1321 628 1348 duritate
646 1330 754 1349 onincnt
776 1323 896 1357 corporis
913 1330 1000 1350 venu-

208 1372 305 1393 statem
325 1366 435 1401 frangit.
458 1365 526 1393 Nam
550 1371 578 1393 ut
595 1366 651 1393 illic
677 1367 801 1394 viriditas
823 1368 934 1395 locustis
950 1376 999 1402 pa-

210 1414 302 1440 bulum
320 1417 371 1445 est,
392 1413 429 1440 ita
445 1413 490 1440 hic
505 1413 631 1447 corporis
643 1418 769 1440 venustas
793 1414 881 1442 brutis
897 1414 1001 1441 allecti-

210 1459 271 1486 btis.
289 1459 375 1493 Alque
394 1458 504 1485 interim
525 1459 662 1486 obstinato
680 1466 785 1486 rursum
804 1459 958 1494 Pharaone,
974 1461 999 1487 in

1042 213 1098 240 bris
1113 212 1145 238 ad
1160 211 1206 238 Dei
1225 211 1326 238 notititc
1338 210 1427 237 lumen
1445 209 1544 236 erudit.
1558 210 1651 244 Atque
1674 210 1743 236 illuc
1760 217 1846 244 popu-

1043 259 1084 285 los
1101 258 1211 292 trajecto
1229 257 1296 283 mari
1314 255 1417 289 Rubro,
1436 255 1562 291 Egypto,
1578 257 1600 290 ei
1616 263 1701 290 sque
1727 257 1844 290 principi

1044 302 1176 330 Pharaoni
1190 303 1309 336 elapsus,
1330 301 1427 328 fastum
1443 301 1558 336 agitans,
1573 301 1747 334 promissam
1766 307 1846 334 νοω-ο

1045 355 1144 378 terram
1157 357 1205 384 pro
1221 349 1288 376 viris
1310 349 1436 376 invadere
1461 348 1576 382 sategit;
1593 347 1641 375 hic
1660 347 1783 374 mundus
1801 355 1847 383 pi-r

1044 395 1213 422 Dominicum
1229 394 1388 428 sanguincm
1415 398 1441 421 et
1463 401 1560 428 aquam
1584 393 1649 419 diro
1668 400 1704 419 ac
1730 399 1848 426 sequace

1044 445 1167 476 peccato,
1182 445 1208 467 et
1220 440 1372 471 Pharaone,
1386 440 1486 466 acerbo
1502 445 1582 474 atque
1597 438 1739 465 invisibili
1759 443 1848 473 tyran-

1045 495 1091 520 no,
1108 494 1168 514 cum
1182 486 1288 513 acerbis
1304 485 1488 518 exactoribus,
1504 485 1649 517 liberatus,
1669 484 1774 511 itinere
1789 489 1848 511 tan-

1045 541 1126 567 quam
1144 532 1311 567 postliminio
1324 532 1356 558 ad
1371 531 1509 558 cmlestem
1523 532 1658 558 mundum
1677 530 1847 563 adornando,

1047 577 1159 606 Domino
1187 578 1241 604 Deo
1263 581 1356 608 nostro
1368 577 1423 612 (24)
1446 576 1566 604 liberalia
1589 577 1661 611 agit,
1680 583 1739 603 non
1763 582 1847 603 tamen

1047 624 1228 660 improbitatis
1254 624 1416 659 malitiwque
1438 623 1581 657 fermento,
1612 624 1664 650 sed
1692 623 1849 652 sinceritale

1046 679 1077 698 ac
1094 670 1220 704 puritate.
1241 670 1319 705 quasi
1341 671 1503 705 quibusdam
1527 670 1646 705 panibus
1669 669 1849 697 infcrmeuta-

1047 717 1094 747 tis,
1113 716 1178 743 nihil
1195 715 1363 751 Egyptiacze
1374 721 1454 751 atque
1470 716 1558 750 impiae
1573 723 1676 742 massa:
1691 709 1847 750 exportans.

1047 762 1115 790 Tum
1132 762 1238 790 Pharao
1257 763 1361 797 insequi
1383 771 1473 795 ausus.
1492 770 1552 790 cum
1569 764 1648 790 omni
1663 754 1790 791 exercitu
1805 765 1849 790 dc-

1047 809 1117 837 lettts
1129 814 1171 836 est
1189 819 1195 837 :
1213 809 1305 836 itidem
1319 814 1346 836 et
1364 808 1522 843 intelligibili
1541 808 1691 835 Pharaone
1709 809 1737 835 in
1755 808 1850 836 Serva-

1048 861 1135 884 torem
1151 863 1240 883 meum
1257 856 1398 890 insurgere
1423 863 1502 887 auso,
1519 855 1740 890 intclligibilium
1755 855 1850 882 draco-

1048 911 1112 930 num
1128 902 1217 937 capita
1231 910 1279 937 per
1289 909 1394 929 sacram
1409 903 1566 930 tinctionent
1579 901 1729 930 c0nfracla
1748 908 1808 929 sunt
1818 902 1850 929 ".

1048 948 1076 976 Id
1091 949 1163 977 enim
1178 953 1205 976 et
1223 956 1336 985 magnus
1353 949 1396 977 ille
1413 949 1511 977 Paulus
1532 949 1557 976 in
1584 950 1662 976 hanc
1685 949 1849 976 sententiam

1049 995 1179 1031 praedicat
1199 1004 1205 1022 :
1226 1005 1236 1021 ε
1259 995 1326 1022 Nolo
1350 1003 1396 1022 vos
1422 995 1557 1030 ignorare,
1584 995 1704 1027 fratres,
1727 995 1849 1029 quaniaiu

1049 1039 1141 1075 patres
1166 1041 1251 1069 nostri
1279 1049 1374 1068 omnes
1394 1042 1444 1069 sub
1465 1042 1536 1069 nubo
1559 1042 1686 1073 fuerunt,
1708 1047 1735 1069 et
1760 1050 1849 1070 omnes

1051 1095 1126 1114 mare
1143 1088 1319 1119 transierunt,
1334 1091 1361 1114 et
1376 1095 1471 1115 omnes
1485 1088 1513 1115 in
1533 1088 1609 1116 Mose
1631 1089 1764 1123 baptizati
1789 1094 1849 1116 sunt

1050 1132 1076 1158 in
1090 1133 1161 1159 nube
1178 1137 1207 1160 et
1223 1133 1247 1159 in
1262 1133 1329 1160 mari
1345 1134 1380 1160 ".
1396 1142 1405 1160 ι
1424 1133 1492 1160 Nam
1509 1139 1537 1160 ut
1558 1133 1652 1161 Moses
1673 1135 1801 1170 populum
1824 1135 1846 1162 in

1050 1178 1210 1212 promissam
1228 1184 1327 1205 terram
1349 1179 1476 1206 imluccre
1490 1184 1533 1207 est
1556 1180 1728 1214 prohibitus,
1743 1187 1848 1216 propter

1054 1223 1111 1250 leve
1133 1223 1268 1257 quoddam
1292 1231 1414 1251 murmur
1439 1225 1524 1259 (num,
1544 1225 1661 1260 putatis,
1677 1226 1776 1260 inquit,
1790 1235 1799 1251 ι
1817 1227 1846 1253 de

1051 1273 1127 1303 petra
1140 1270 1190 1296 hac
1203 1269 1278 1296 vobis
1295 1276 1392 1303 aquam
1404 1270 1552 1304 poterimus
1567 1270 1672 1298 elicere
1685 1271 1730 1298 "'2
1744 1281 1752 1296 ι
1767 1271 1787 1307 ),
1804 1272 1846 1298 sed

1052 1322 1111 1341 eam
1127 1321 1180 1348 pen
1191 1314 1306 1342 vicarius
1324 1315 1466 1350 explorare
1486 1319 1513 1342 et
1529 1324 1700 1350 cognoscere
1718 1316 1844 1349 voluit";

1053 1361 1093 1389 sic
1120 1361 1238 1389 Adamus
1257 1361 1305 1389 Dei
1331 1367 1466 1397 praecepto
1490 1371 1542 1391 non
1571 1364 1728 1398 subnixus,
1750 1365 1845 1399 ample-

1055 1408 1134 1433 tendo
1150 1408 1284 1442 serpentis
1294 1408 1417 1441 consilio,
1428 1409 1712 1436 immortalcm‘vitam
1725 1411 1842 1445 perdidit.

1054 1453 1138 1487 igitur
1153 1453 1206 1480 illic
1231 1453 1323 1485 Jesus,
1350 1453 1424 1481 Nave
1444 1454 1525 1486 illius,
1541 1455 1683 1483 lsraelitas
1703 1455 1729 1482 in
1752 1460 1843 1483 terram

211 1504 358 1538 [Egyptqu
377 1504 439 1531 aliis
458 1511 565 1539 quoque
590 1503 711 1530 cladibus
731 1505 851 1532 smiium
869 1511 921 1537 εει,
938 1506 1001 1531 sub-
1015 1513 1036 1542 α
1054 1499 1214 1533 promissam
1233 1499 1340 1526 induxit
1362 1501 1470 1534 salvos;
1497 1500 1541 1527 hic
1559 1502 1657 1528 mterni
1683 1506 1710 1530 et
1735 1502 1842 1529 exsortis

210 1550 345 1583 ductaque
359 1549 419 1576 luce
434 1549 549 1576 tenebrae
570 1549 725 1576 tractabilcs
738 1549 854 1577 inducue
865 1550 900 1576 ⁸⁷.
911 1550 944 1576 At
963 1550 1005 1577 hic

211 1595 283 1630 pius,
301 1594 345 1628 qui
362 1594 511 1621 exteriores
528 1595 653 1622 tenebras
672 1589 841 1629 reformidat,
858 1595 1006 1623 scelerum-

211 1647 263 1674 que
281 1640 465 1674 lippitudinem
482 1647 515 1667 ex
531 1640 631 1672 animo,
649 1640 695 1667 Dei
709 1641 813 1667 notitiae
827 1648 896 1675 aqua
907 1641 1004 1673 diluit;

214 1687 345 1721 principis
361 1687 587 1721 sempiternaeque
598 1686 668 1713 lucis
688 1687 779 1714 radios
795 1695 877 1721 puros
893 1687 1002 1722 accipit.

172 1751 175 1752 ν
214 1734 268 1760 Sed
292 1733 325 1760 ad
351 1738 507 1767 utrumque,
531 1739 592 1759 cum
612 1733 867 1767 tergiversarentur,
882 1733 1004 1766 cladibus

213 1780 381 1811 terrendum,
392 1779 436 1806 illa
455 1780 563 1806 tandem
579 1779 675 1806 ordine
692 1780 799 1814 quidem
818 1786 948 1812 extrema,
959 1780 1025 1808 scd.

213 1833 273 1859 quae
287 1825 380 1852 dolore
395 1831 426 1851 ac
441 1824 612 1851 vehementia
625 1824 704 1851 facile
721 1826 807 1859 prima
820 1829 901 1857 esset,
915 1827 943 1852 id
954 1830 1004 1858 est,

216 1870 457 1905 priiuogenitorum
483 1877 558 1897 mors
588 1870 753 1897 succedit".
784 1871 872 1904 Atque
897 1877 926 1897 ut
950 1871 1005 1898 illic

214 1918 291 1950 plaga
307 1917 364 1943 haec
388 1921 525 1949 posuema
544 1916 715 1943 Pharaonem
734 1915 831 1950 populo
850 1917 1004 1943 missionem

215 1960 305 1987 facere
320 1960 419 1994 coegit,
430 1962 462 1986 ad
479 1960 620 1986 colendum
635 1960 718 1986 Deum
735 1960 878 1994 procul,ac
892 1962 1004 1988 seorsim

215 2014 229 2032 a
248 2006 418 2032 deaslrorum
433 2007 528 2036 sacris,
541 2010 568 2033 et
578 2006 772 2038 cadaveribus;
791 2007 827 2033 ita
845 2007 888 2033 hic
899 2014 1006 2041 quoque

215 2056 348 2084 postrema
373 2050 568 2085 intelligibilem
593 2050 763 2089 Pharaonem
793 2051 935 2086 compulit,
958 2059 1005 2078 ex-

215 2095 315 2129 templo
331 2096 402 2129 pium
418 2095 510 2122 sinere
533 2094 582 2122 SS.
595 2095 758 2123 Trinitatem
775 2097 913 2129 venerari,
929 2096 1006 2132 longe

215 2140 474 2168 acoucitatisnOxlis
487 2141 697 2175 cogitationibus
712 2143 895 2184 remotumJSt
909 2150 1005 2176 quem-

214 2186 359 2213 admodum
400 2187 474 2226 illum
505 2187 539 2214 ad
572 2195 668 2227 omnes
706 2178 797 2216 clades
826 2178 1043 2222 obstinatum,”

215 2232 456 2266 primogenitorum
483 2233 611 2261 interitus
640 2234 756 2261 emolliit
779 2239 806 2262 et
831 2234 953 2267 inﬂexit;
971 2235 1008 2261 ita

180 2302 183 2303 ,
216 2278 397 2312 huncfrangit
408 2286 439 2305 ac
453 2278 575 2311 debilitat
591 2279 673 2306 animi
688 2279 852 2313 submissio;
867 2280 940 2307 omni
951 2279 1010 2314 ejus

217 2323 385 2359 primogenio
404 2325 480 2356 vitio,
499 2325 524 2351 id
536 2330 587 2357 est,
600 2326 754 2359 arrogantia
770 2329 852 2360 atque
875 2326 943 2352 [astu
960 2333 1010 2353 ex-

215 2367 331 2398 stincto:
340 2371 473 2398 Caeterum
488 2376 589 2397 mutata
604 2371 749 2404 sententia,
763 2379 823 2399 cum
840 2372 981 2399 dimissum
993 2380 1008 2399 a

215 2423 246 2443 se
271 2417 399 2451 populum
420 2407 640 2451 persequeretur,
657 2416 739 2450 Deus,
754 2417 825 2453 que
853 2423 1007 2451 sequestro,

216 2468 298 2489 noctu
316 2462 387 2497 igne,
405 2461 524 2489 interdiu
540 2463 611 2489 nube
632 2461 768 2489 lsraelitas
793 2463 948 2490 deduxit”.
967 2463 1007 2489 Ad

215 2508 337 2534 eumdem
367 2507 486 2540 modum,
502 2507 616 2534 seelcsto
641 2508 773 2539 da‘tnOne,
789 2507 928 2542 profugum
947 2515 962 2534 ει
979 2516 1008 2535 se

216 2555 300 2589 pium,
314 2553 511 2588 Itchuidquatn
523 2553 635 2580 subdole
649 2561 753 2580 rursum
764 2554 931 2587 insequente,
945 2553 1009 2581 Ser-

216 2605 291 2627 vator
307 2605 397 2626 noster
410 2604 491 2633 atque
505 2599 576 2626 Deus
589 2606 635 2633 per
648 2599 818 2626 divinitatem
833 2607 908 2627 suam
926 2604 1008 2634 atque

249 2688 272 2704 ⁸⁵
292 2689 375 2715 Exod.
399 2697 435 2720 Ix,
457 2688 500 2715 10.
546 2688 569 2703 ⁸⁸⁸
589 2688 674 2716 Exod.
695 2697 710 2715 χ
724 2709 731 2721 ,
755 2690 830 2717 4-Ιὸ-

886 2691 907 2728 εξτ
929 2692 992 2719 ibid.
1013 2697 1059 2724 ῃ,
1097 2676 1121 2711 σέ
1141 2695 1224 2722 ιεχοιι.
1247 2704 1292 2728 xl,
1321 2696 1348 2723 5.

1057 1547 1181 1582 principii
1196 1547 1283 1575 Patris
1304 1547 1398 1581 Filius,
1415 1555 1491 1575 meus
1507 1555 1585 1575 amor
1598 1547 1694 1581 Iesus,
1715 1553 1843 1582 assumpto

1057 1592 1154 1619 Adami
1170 1597 1394 1628 temperamento,
1407 1593 1459 1621 sibi
1473 1593 1617 1621 credentes
1632 1594 1658 1621 in
1673 1593 1804 1621 coalesteui
1814 1601 1842 1620 ac

1056 1645 1202 1672 perennem
1241 1637 1454 1673 Hierosolymam
1483 1639 1620 1674 perduxit.
1652 1639 1761 1667 Vidistis
1784 1638 1841 1667 Olllll

1057 1682 1169 1718 figuras,
1186 1691 1258 1710 nunc
1272 1691 1329 1710 rem
1347 1691 1438 1710 veram
1455 1685 1567 1711 cernite.

1051 1731 1060 1743 ’
1337 1729 1451 1757 CAPUT
1471 1730 1568 1757 XXIX.

1216 1775 1271 1803 Cur
1288 1776 1334 1803 Dei
1349 1775 1436 1804 Filius
1451 1777 1528 1804 homo
1543 1778 1634 1812 [actus
1652 1779 1698 1805 sit.

1091 1819 1153 1848 Jun.
1170 1821 1240 1849 Belle
1259 1826 1287 1849 et
1301 1827 1486 1851 consentanea
1507 1824 1553 1852 Dei
1579 1825 1652 1853 vatis
1671 1825 1775 1852 oracula
1800 1831 1840 1852 su-

1057 1868 1130 1895 blimi
1153 1876 1233 1897 sensu
1252 1872 1394 1904 aperuisti,
1416 1879 1532 1907 vereque
1551 1874 1679 1907 antiquas
1698 1874 1838 1900 futurorum

1058 1916 1168 1943 umliras
1185 1922 1212 1943 et
1228 1917 1326 1951 figuras
1344 1918 1469 1946 docuisti.
1496 1919 1548 1946 Sed
1564 1927 1627 1954 quae
1641 1926 1681 1948 est
1696 1925 1781 1947 autem
1796 1927 1837 1946 ne-

1057 1961 1180 1994 cessitas,
1196 1969 1285 1996 quave
1302 1964 1388 1998 gratia
1409 1964 1456 1991 Dei
1472 1964 1569 1992 Filium
1598 1966 1733 1994 hominem
1748 1966 1838 1993 factum

1057 2005 1168 2033 dicitis?

1073 2069 1075 2071 ι
1092 2053 1203 2081 (ἓιιιιιετ.
1220 2054 1297 2087 Quod
1319 2055 1342 2082 si
1366 2056 1489 2089 omnino,
1507 2048 1686 2092 quamobrem
1703 2057 1769 2085 Deus
1787 2063 1838 2083 cm-

1057 2098 1138 2126 lestes
1155 2100 1299 2134 copiasrct
1314 2101 1446 2128 Adamum
1463 2103 1611 2135 creaverit,
1629 2111 1675 2131 vos
1697 2102 1835 2137 exponctis-

1058 2143 1138 2172 facile
1155 2150 1182 2171 et
1205 2145 1338 2180 Unigeniti
1357 2146 1572 2181 incarnationem
1589 2149 1726 2183 cxplorate
1746 2155 1836 2181 cogno-

1060 2190 1162 2217 veritis.
1447 2199 1453 2206 ·

1084 2234 1155 2262 Jun.
1168 2235 1220 2263 Per
1233 2236 1431 2270 bonitatem,-et
1443 2237 1540 2270 solum,
1552 2239 1671 2267 universi
1686 2239 1835 2267 creationem

1061 2282 1144 2309 Deum
1172 2282 1277 2315 fecisse,
1305 2290 1338 2310 ex
1363 2274 1531 2318 sapientibus
1560 2286 1661 2314 nostris
1687 2285 1834 2316 didicimus;

1061 2336 1124 2355 nam
1143 2329 1167 2354 in
1186 2329 1292 2356 Davidis
1316 2329 1429 2357 Psalmis
1447 2330 1503 2358 hzec
1518 2337 1582 2358 sunt
1597 2333 1677 2359 verba
1692 2340 1698 2358 :
1719 2340 1727 2356 ι
1744 2330 1836 2357 Secun-

1061 2375 1124 2402 dum
1143 2375 1355 2402 misericordiam
1379 2380 1452 2403 tuam
1478 2383 1612 2405 memento
1628 2378 1677 2404 ntei
1704 2381 1728 2403 tu
1738 2375 1767 2401 ".
1783 2383 1790 2399 i
1805 2373 1834 2400 Et

1063 2429 1156 2448 rursus
1172 2430 1178 2448 :
1197 2431 1205 2447 ι
1222 2421 1314 2449 Dulcis
1341 2427 1367 2449 et
1389 2429 1479 2450 rectus
1505 2424 1642 2457 Dominus,
1665 2427 1767 2458 propter
1790 2421 1835 2447 hoc

1063 2466 1144 2501 legem
1159 2468 1233 2495 dabit
1249 2468 1467 2504 delinquentibus
1479 2470 1504 2497 irt
1520 2471 1561 2497 via
1573 2471 1605 2498 ".
1623 2480 1632 2497 ι

1097 2513 1207 2539 Cumsr.
1221 2512 1297 2545 Quod
1313 2514 1335 2540 si
1351 2522 1384 2541 ex
1401 2515 1531 2547 bonitate,
1544 2519 1573 2542 ut
1588 2519 1660 2542 certe
1674 2522 1703 2540 ex
1718 2511 1831 2541 bonitate,

1063 2559 1134 2585 Deus
1150 2559 1284 2586 hominem
1302 2559 1447 2588 fabricatus
1462 2567 1522 2595 est;
1539 2566 1639 2596 quanto
1651 2560 1729 2594 magis
1743 2562 1828 2584 sartanl

1065 2609 1161 2630 tectam
1181 2606 1248 2631 tueri
1265 2604 1396 2632 fabricatur
1412 2605 1535 2639 decebat,
1555 2614 1602 2633 nec
1624 2604 1782 2632 committere
1806 2602 1830 2626 ul

1400 2697 1422 2713 ⁸³
1443 2696 1529 2725 Exod.
1556 2705 1601 2724 xm
1618 2716 1625 2727 .
1655 2695 1711 2726 22;
1731 2699 1786 2723 xlv,
1804 2689 1828 2717 8.
1852 2724 1857 2727 _

213 2723 235 2739 ’θ
257 2725 341 2750 Exod.
363 2732 418 2755 χιι,
438 2724 531 2751 2Ἰ-51.
569 2725 592 2740 ⁸³
613 2725 623 2751 ι
643 2724 705 2751 Cor.
727 2733 754 2758 Χ,
777 2726 801 2751 1.
839 2726 860 2740 ν’
875 2726 954 2754 Nutu.
974 2737 999 2757 xi

1059 2734 1085 2760 ε.
1123 2732 1145 2746 ³³
1164 2732 1226 2758 una.
1250 2723 1292 2758 to.’
1330 2732 1352 2748 νδ
1372 2731 1443 2759 Psal.
1466 2723 1538 2765 xxii},
1559 2723 1590 2760 ἧῖ
1620 2723 1642 2748 δι
1661 2723 1720 2757 imi.
1739 2729 1762 2754 8.

322 2804 392 2845 9m."
414 2810 440 2831 ει
460 2807 510 2833 hoc
531 2807 682 2845 P'Jllo‘olll'l
700 2807 788 2834 ηοεείο
805 2806 878 2841 cuius
892 2828 899 2841 ,
917 2808 1156 2844 Ollalttcrogﬁrlus
1176 2809 1326 2845 'l'hcologus
1338 2816 1408 2838 orat.
1427 2810 1460 2838 In
1479 2819 1570 2839 novam
1583 2809 1745 2838 Dominicam.

250 2839 305 2868 (2’s)
322 2839 449 2866 Naziauz.
464 2839 538 2869 orat:
550 2841 582 2868 In
597 2839 758 2869 tarditatem.
