1955 3080
124 182 179 216 841

656 181 794 213 DIALOG
800 181 848 210 US
868 178 1018 209 CONTRA
1038 177 1201 208 JUDrEOS.

1694 176 1748 209 842

126 237 277 273 corruptela
293 238 469 265 obrueretur?
486 236 522 265 Dc
539 245 624 272 coque
637 238 718 265 etiam
736 237 861 265 Salvator
879 235 911 262 de
927 238 948 265 Α
964 234 996 260 ad
1015 232 1188 268 frangendum
1203 232 1310 268 maligni
1330 231 1487 268 potentiam,
1501 239 1573 258 mors
1588 238 1635 266 pro
1651 238 1747 267 morte,

127 283 222 310 ovibus
244 283 277 310 ad
296 291 342 311 vos
366 283 511 316 disserens,
526 283 562 310 ait
584 292 590 310 :
609 293 618 310 ι
631 282 710 311 Pater
737 290 823 315 meus,
839 281 910 316 quod

128 329 203 356 dedit
219 330 295 361 mihi,
312 329 398 364 majus
410 330 536 356 omnibus
553 334 604 361 est,
632 334 659 356 ct
673 336 751 356 netno
766 332 855 363 potest
869 334 912 354 ra-

129 381 193 407 pere
207 374 239 401 de
254 382 334 401 manu
352 374 439 401 Patris
458 377 508 401 mei
519 375 553 401 ".
569 384 579 400 ι
596 374 675 402 'l‘ueri
693 374 764 400 enim
780 372 912 401 fabricam

129 421 207 456 longe
232 421 320 456 majus
343 425 385 448 est
410 427 490 456 atque
512 421 652 454 illustrius,
675 427 754 454 quam
777 419 912 446 fabricari.

127 466 181 493 Nec
196 474 262 494 sane
278 467 388 502 perinde
399 472 440 494 est
456 466 538 494 Demn
563 466 697 494 hominem
724 465 861 498 fabricari,
883 472 914 491 ac

126 512 264 540 hominem
280 513 397 547 denique
414 512 496 540 Deum
515 513 584 540 fieri.
602 512 683 546 quue
701 512 740 539 sic
759 511 859 538 habere
883 512 915 538 de

125 558 293 593 principibus
308 558 410 586 nostris
425 558 626 591 intelleximus;
642 557 705 584 dicit
717 557 788 584 enim
806 556 915 591 quidam

125 604 269 638 primatum
294 610 449 632 nostrorum
473 605 555 632 Deuut
578 608 644 631 tunc
666 603 837 639 praestantius
852 610 917 630 eou-

126 649 220 677 tulisse
243 649 310 685 (25),
337 658 407 678 nunc
430 650 550 678 deterius
577 650 729 682 asciscere,
750 649 802 676 hoc
834 648 917 684 priori

125 695 255 726 divinius,
272 699 308 727 et,
326 695 348 722 si
361 699 433 723 recte
450 695 599 730 jttdicetur,
612 694 754 722 sublimius
768 701 837 722 esse.
850 693 917 721 Nam

125 746 268 775 postquam
280 741 419 768 terrestris
433 740 531 768 diaboli
552 740 666 774 invidia,
679 744 705 768 et
720 741 812 768 uxoris
822 739 919 768 fraude

125 786 266 814 cmlestem
278 793 307 814 se
322 787 410 814 vocari
424 794 476 814 non
486 787 645 820 observans,
659 793 708 822 pro
726 785 779 813 vita
793 790 917 818 mortem,

125 838 179 858 non
194 831 244 858 sibi
260 832 349 865 modo,
364 832 410 859 sed
420 832 468 860 toti
483 832 551 860 adeo
566 832 658 867 generi
674 831 807 860 conscivit
819 839 827 864 ;
839 838 918 866 opor-

125 879 198 905 tebat
212 885 293 913 porro
304 879 443 906 caelestem
460 883 486 906 et
501 878 681 907 immortalem
693 878 788 912 Deum,
801 876 914 904 Gabrie-

124 925 159 951 lis
181 931 261 958 opera
279 931 311 951 ex
325 924 535 952 incontaminata
552 930 579 952 et
595 925 733 960 impolluta
750 924 850 952 femina
867 931 914 951 na-

124 968 183 1001 sci;
199 968 426 1003 qnemadmodum
453 970 486 997 de
514 969 572 997 viro
605 970 663 997 sitte
690 969 802 996 muliere
828 968 914 996 eflicla

124 1013 224 1042 mulier
238 1019 290 1047 εει,
307 1014 346 1042 sic
359 1022 375 1042 e
391 1015 504 1042 muliere
528 1015 586 1042 siue
603 1015 660 1043 viro
678 1014 761 1042 Deum
779 1015 915 1042 hominem

125 1059 214 1086 virum
230 1060 349 1094 prodire,
367 1064 395 1086 ut
409 1060 512 1095 peccati
525 1065 647 1096 repertor
664 1060 872 1096 insuperabilem
886 1067 916 1088 se

126 1105 285 1138 arbitratus,
304 1106 381 1134 nobis
406 1114 453 1141 spe
478 1106 600 1134 Numinis
623 1106 762 1138 inescatis,
778 1110 916 1140 assumpto

126 1152 245 1180 vicissim
261 1159 375 1188 corpore
398 1153 577 1185 iuescaretur,
596 1160 651 1188 quo
667 1152 761 1185 Deum,
777 1159 825 1180 ceu
843 1152 913 1179 Ada-

127 1206 215 1231 mum,
232 1197 353 1231 adortus,
369 1198 542 1226 occumberet
558 1198 624 1234 (‘26).
642 1199 735 1234 Itaque
749 1198 914 1225 exinanitum

124 1242 230 1270 Numen
255 1249 315 1270 cum
345 1247 483 1278 assumpto
508 1250 621 1278 corpore
642 1242 794 1277 copulatum
821 1246 872 1274 est,
890 1246 915 1268 et

129 1288 237 1315 insolito
262 1293 473 1323 temperamento
500 1287 570 1314 Deus
591 1292 619 1315 et
635 1288 715 1314 homo
745 1295 777 1314 cx
803 1292 916 1320 utroque

127 1341 220 1365 unuut,
233 1338 260 1361 et
272 1341 319 1368 per
334 1341 414 1360 unum
430 1338 574 1369 utrumque
586 1333 684 1365 factus,
708 1333 761 1360 Deo
777 1337 838 1359 cu‘m
854 1340 916 1360 eor-

126 1387 193 1414 pare
205 1380 336 1415 permisto
362 1384 443 1414 atque
468 1380 604 1412 devincto,
623 1384 653 1407 ut
668 1387 727 1415 qua:
742 1379 912 1411 dissiderent,

125 1425 267 1460 cujusdam
283 1430 411 1460 tanquam
429 1426 510 1453 medii
526 1426 689 1453 commercio
701 1426 728 1453 itt
746 1433 827 1453 unum
839 1433 913 1453 cout-

126 1475 248 1506 poneret.

408 1540 523 1570 CAPUT
544 1541 627 1569 XXX.

268 1605 323 1634 Cur
336 1606 455 1634 Christus
468 1608 546 1635 homo
559 1608 638 1635 simul
650 1613 675 1635 et
693 1608 772 1636 Deus.

164 1663 249 1699 Igitur
264 1672 333 1692 unus
350 1672 380 1693 ex
409 1670 523 1700 utroque
538 1673 587 1701 pro
608 1673 662 1693 uno
685 1666 839 1699 decessore,
856 1673 913 1700 seu,

127 1716 157 1738 ut
172 1711 261 1739 verius
279 1711 379 1745 dicam,
395 1719 443 1746 pro
459 1712 584 1740 omnibus
599 1712 699 1746 factus,
715 1713 741 1739 in
756 1717 854 1740 terram
870 1721 914 1741 ve-

127 1757 178 1790 nit,
197 1758 287 1785 animo
303 1758 431 1792 pratditus
446 1762 556 1793 propter
568 1758 689 1786 animum
705 1760 832 1794 praecepti
847 1766 915 1787 con-

128 1806 302 1838 temptorem,
318 1810 416 1837 corpus
433 1807 543 1837 gestans
570 1808 680 1838 propter
704 1810 803 1839 corpus
826 1803 915 1831 delicti

74 1879 81 1881 _
127 1849 330 1880 administrant,
355 1848 489 1884 simulque
515 1849 682 1882 damnatum,
699 1853 810 1884 peccato
836 1849 915 1876 altior

127 1902 159 1922 ac
170 1895 331 1927 sublimior;
349 1895 447 1927 luteus,
466 1899 575 1929 propter
588 1894 721 1922 Adamum
745 1895 796 1922 sub
817 1901 913 1930 pecea-

127 1944 185 1967 tum
197 1940 359 1975 subjectum,
371 1946 462 1969 vetere
475 1947 537 1968 cum
548 1947 628 1973 novo,
642 1940 668 1967 id
682 1944 735 1974 est,
748 1941 915 1969 humanitate

127 1993 191 2014 cum
208 1986 348 2014 divinitate
362 1987 536 2020 conferenda,
554 1992 581 2014 ct
595 1987 641 2021 qui
667 1994 763 2021 passus
783 1992 866 2020 esset,
883 1994 914 2015 eo

128 2040 177 2067 per
191 2033 346 2067 passionem
372 2031 534 2063 revocando,
550 2039 582 2059 ac
605 2039 653 2066 pro
670 2037 823 2059 nostrorum
846 2040 912 2059 uno-

128 2086 238 2113 quoque
264 2078 377 2114 singulis
399 2078 519 2106 vicissim
542 2078 610 2112 ejus,
629 2079 673 2113 qui
690 2085 739 2113 pro
754 2078 832 2106 nobis
845 2078 914 2112 obji-

127 2128 246 2156 ceretur,
258 2123 429 2157 priestaudis,
443 2127 523 2158 atque
537 2123 586 2150 hac
600 2122 794 2159 benignalapsi
806 2126 914 2157 propter

127 2170 329 2197 contumaciam
350 2170 553 2204 procuratione,
581 2177 650 2195 novo
674 2168 790 2203 quodam
815 2175 914 2196 arcano

127 2216 288 2243 exhibendo.
304 2215 372 2243 Ilinc
387 2220 462 2243 ortus
475 2220 557 2252 atque
574 2215 664 2250 Virgo,
681 2215 743 2242 hinc
755 2222 874 2249 praesepe
887 2219 914 2242 et

127 2261 279 2294 Bethleem,
299 2267 374 2289 ortus
398 2269 447 2296 pro
468 2261 615 2293 creatione,
628 2268 677 2289 seu
693 2260 784 2296 potius
807 2267 915 2288 recrea-

129 2308 213 2340 tionc,
238 2306 319 2342 Virgo
339 2315 388 2342 pro
410 2300 632 2340 muliere,-asalve
646 2314 695 2342 pro
708 2306 811 2339 dolore,
832 2305 914 2334 Beth-

128 2353 198 2380 leem
214 2361 263 2388 pro
282 2353 376 2386 Edem,
389 2360 509 2388 praesepe
526 2361 575 2388 pro
589 2353 724 2388 pomario,
740 2351 848 2380 Gabriel
866 2359 915 2387 pro

129 2403 273 2432 serpente,
296 2398 377 2425 arbor
398 2405 446 2432 pro
471 2399 580 2430 arbore,
604 2398 631 2425 in
662 2405 771 2426 crucem
798 2401 915 2425 extensae

129 2452 227 2471 tuanus
244 2452 292 2479 pro
308 2444 377 2471 male
391 2448 549 2479 exporrecta
564 2452 655 2476 manu,
675 2443 709 2472 fel
724 2452 772 2480 pro
789 2444 858 2472 dulci
872 2452 915 2472 sa-

128 2496 206 2523 pore,
221 2497 320 2516 corona
335 2497 383 2524 pro
399 2490 558 2523 dejectione,
576 2490 668 2517 lateris
686 2489 777 2517 lancea
793 2497 842 2525 pro
851 2497 916 2517 ense

129 2534 261 2568 paradisi,
284 2538 418 2569 unguenta
443 2543 491 2568 pro
514 2535 757 2570 lacry:nis,sindon
781 2543 828 2570 pro
845 2535 916 2562 ficul-

131 2579 190 2606 neis
206 2579 287 2612 foliis,
306 2581 414 2607 nuditas
433 2588 480 2614 pro
498 2581 610 2608 scorteis
627 2581 754 2614 vestibus,
769 2581 836 2608 clavi
851 2588 915 2616 pro-

130 2629 193 2659 pter
209 2625 313 2652 ruinam
330 2629 357 2652 et
370 2625 499 2658 lamenta,
519 2626 619 2653 erectio
640 2633 688 2660 pro
701 2625 788 2660 lapsu,
809 2625 914 2654 arundo

167 2715 190 2731 "
209 2714 289 2741 Joan.
313 2722 340 2745 x,
359 2714 406 2742 ‘29.
444 2715 477 2731 "'
499 2714 551 2740 Isa.
573 2722 611 2747 tx,
632 2715 659 2741 6.

168 2816 224 2851 (25)
249 2814 374 2851 Nazianz.
398 2814 429 2851 lu
455 2812 588 2846 Natalem,
613 2821 639 2848 p.
669 2812 732 2846 231,
757 2812 804 2845 20,
832 2817 855 2840 et
883 2811 913 2840 S.

131 2849 246 2882 Pascha,
266 2859 291 2884 p.
306 2850 369 2879 251.
383 2849 426 2877 '55.

168 2887 224 2921 (26)
242 2883 368 2912 Nioziunz.
382 2886 500 2911 imitatur
511 2883 646 2918 Apoluget.
663 2883 705 2916 IS,
721 2884 762 2917 II,
773 2889 799 2912 et
813 2883 916 2918 aliquot

272 2933 405 2963 PATROL.
423 2933 481 2964 Gtt.
502 2932 664 2965 CXXXIII.

965 278 1081 306 tenebrat
1093 285 1140 312 pro
1154 277 1221 310 luce,
1235 278 1370 312 sepultura
1386 285 1434 312 pro
1448 277 1475 305 in
1488 284 1589 305 terram
1607 277 1749 307 reditioue.

964 331 995 351 ac
1009 323 1115 361 demunt
1140 324 1302 351 resurrectio
1325 331 1373 358 pro
1395 323 1463 358 lapsi
1480 327 1686 351 resurrectione.
1704 324 1752 350 At-

965 376 1017 403 que
1034 369 1090 396 haec
1105 368 1195 396 omnia
1214 367 1284 395 Deus
1299 369 1375 396 ttohis
1390 369 1527 402 curandis,
1541 370 1574 396 ad
1598 373 1752 404 nostraeque

966 414 1157 442 imbecillitatis
1185 415 1314 441 medelam
1338 415 1521 449 comparavit,
1551 423 1604 450 quo
1631 420 1749 443 veterem

965 460 1109 493 Adamum,
1123 460 1192 487 unde
1207 460 1354 492 exciderat,
1369 461 1558 494 reduceret,ac
1571 461 1644 488 vitali
1661 462 1750 489 arbori

966 505 1121 532 adutoveret
1134 504 1201 540 (27),
1213 512 1293 540 quem
1310 505 1412 532 notitite
1424 506 1504 532 arbor
1524 506 1623 540 inepte,
1638 513 1686 534 nec
1702 514 1752 534 suo

969 555 1092 587 tempore
1103 558 1243 588 percepta,
1256 553 1382 587 paradiso
1394 557 1530 588 exegerat.

1002 611 1064 636 Jun.
1077 609 1153 642 Quod
1169 609 1191 637 si
1203 609 1237 637 ad
1247 609 1383 637 diabolum
1395 616 1474 638 suum
1490 610 1671 644 dejiciendum
1683 611 1754 639 Deus

969 655 1049 682 homo
1062 655 1150 683 factus
1165 660 1217 688 est,
1236 663 1276 683 nae
1298 655 1324 682 id
1345 656 1433 690 potius
1451 656 1477 683 in
1496 655 1617 684 fraudem
1631 656 1753 684 Numinis

969 701 1016 728 sit.
1034 701 1100 728 Nam
1118 701 1142 728 si
1162 700 1243 729 homo
1255 701 1343 729 factus
1357 702 1502 737 malignum
1517 703 1665 730 daemonem
1679 702 1754 736 vicit,

970 747 1053 774 multo
1068 747 1156 782 magis
1180 751 1209 774 ut
1233 748 1304 775 Deus
1322 751 1350 775 et
1374 748 1482 776 vincere
1501 752 1609 783 poterat
1625 753 1652 776 et
1670 748 1755 776 exitio

970 793 1034 819 dare
1051 801 1057 819 :
1075 800 1156 820 nemo
1183 798 1225 821 est
1246 793 1319 821 enim
1336 793 1392 822 Deo
1413 794 1519 822 fortior.
1545 794 1637 830 Itaque
1656 795 1754 823 clamat

970 837 1053 865 Isaias
1070 846 1076 865 :
1095 847 1105 864 ε
1126 837 1198 866 Deus
1211 838 1290 866 fortis
1306 839 1492 875 (praepetens),
1508 839 1589 867 Pater
1605 839 1688 868 futuri
1702 848 1753 869 sa:-

970 883 1032 917 culi,
1051 883 1180 918 Princeps
1193 884 1274 912 futuri
1290 885 1381 912 saeculi
1398 886 1443 913 η’.
1459 894 1469 912 ι

1003 943 1115 971 (Σιικιετ.
1131 943 1216 971 Recte
1232 943 1307 971 Isaia:
1321 944 1402 972 verba
1420 945 1445 972 in
1459 945 1577 973 medium
1592 947 1752 981 protulistis.

969 989 1021 1017 Sed
1039 998 1092 1016 non
1108 995 1163 1018 tarn
1180 989 1227 1017 Dei
1252 991 1377 1024 potentia}
1392 990 1538 1026 gloriosum
1552 997 1606 1026 est,
1623 994 1752 1021 adversa-

969 1036 1038 1063 rium
1056 1035 1164 1069 vicisse,
1182 1044 1231 1063 nec
1242 1036 1356 1063 daemoni
1370 1037 1535 1071 pudendum,
1550 1045 1565 1065 a
1582 1038 1635 1066 Deo
1650 1038 1751 1066 victum

967 1090 1036 1116 esse,
1055 1091 1135 1118 quam
1157 1083 1262 1118 insigne
1279 1083 1325 1111 Dei
1346 1085 1485 1119 potentiae,
1507 1089 1534 1112 et
1546 1085 1662 1121 maligno
1678 1093 1753 1113 sum-

968 1137 1040 1156 tuum
1056 1129 1174 1157 dedecus
1191 1134 1244 1161 est,
1269 1137 1318 1165 per
1334 1136 1444 1157 carnem
1458 1131 1557 1158 victum
1574 1138 1645 1164 esse,
1663 1139 1694 1159 ac
1711 1132 1752 1159 Iu-

968 1178 1050 1206 teum,
1076 1173 1215 1202 caelestem
1244 1173 1362 1207 factum;
1388 1180 1417 1203 et
1439 1182 1518 1210 quem
1541 1176 1689 1205 divinitatis
1704 1184 1752 1213 spe

967 1220 1198 1254 snpplantaverat,
1226 1227 1259 1247 eo
1283 1227 1332 1254 per
1351 1220 1548 1249 humanitatem
1572 1221 1697 1250 deificato
1712 1222 1752 1249 vi-

967 1267 1060 1294 cissim
1077 1267 1215 1294 cernendo
1227 1267 1405 1301 sttpplantari.
1422 1265 1488 1294 Nam
1502 1272 1532 1295 ut
1544 1268 1709 1302 sanguinaril
1724 1272 1751 1295 et

967 1311 1082 1347 improbi
1108 1312 1232 1339 homines
1259 1312 1424 1339 mundanum
1447 1313 1498 1339 hoc
1520 1319 1631 1347 regnum
1650 1313 1752 1347 perfide

967 1357 1143 1393 refugientes,
1155 1363 1236 1393 atque
1255 1358 1280 1385 in
1297 1358 1435 1386 montibus
1458 1363 1485 1386 et
1507 1359 1618 1394 rupibus
1633 1358 1751 1387 inediatn

967 1403 1127 1435 tolerantes,
1153 1403 1226 1431 haud
1251 1410 1317 1431 sane
1335 1411 1424 1438 regem
1445 1403 1601 1437 latuerunt;
1624 1405 1687 1440 quin
1709 1405 1753 1433 ille

967 1450 1062 1482 misso.
1076 1456 1157 1484 quem
1175 1449 1290 1477 habebat
1305 1450 1553 1486 unigenitum,cum
1566 1449 1751 1486 jurejurando,

965 1499 992 1523 et
1007 1495 1164 1523 liberalibus
1179 1496 1334 1532 promissis,
1350 1497 1383 1523 ad
1405 1496 1509 1532 frugem
1524 1498 1661 1525 redituros
1674 1505 1753 1526 revo-

967 1547 1012 1569 cat
1026 1541 1083 1577 (28)
1097 1551 1105 1576 ;
1118 1541 1217 1578 quibus
1229 1549 1282 1570 non
1298 1542 1384 1570 solum
1402 1543 1483 1571 verba
1499 1544 1566 1578 regii
1582 1543 1629 1571 filii
1642 1551 1694 1572 non
1710 1551 1753 1572 re-

927 1582 949 1613 ϐ
967 1587 1072 1620 veritis,
1089 1587 1137 1616 sed
1149 1595 1210 1615 eum
1221 1595 1331 1623 quoque
1346 1583 1467 1616 cruentis
1482 1589 1606 1617 manibus
1619 1589 1753 1617 trucidare

966 1634 1113 1668 aggressis,
1141 1628 1188 1661 ἵει
1207 1634 1294 1662 factus
1319 1634 1430 1668 certior,
1456 1638 1482 1662 et
1498 1636 1537 1662 ira
1554 1635 1691 1668 incensus,
1705 1643 1752 1663 eos

965 1680 1168 1707 excttsationem
1192 1680 1291 1708 nullam
1309 1680 1410 1708 habere
1425 1680 1561 1715 cogitans,
1584 1680 1674 1708 missis
1695 1681 1752 1708 suis

965 1725 1053 1760 copiis
1067 1725 1176 1753 delevit.
1192 1725 1286 1753 Itldent
1309 1733 1376 1753 sane
1390 1730 1417 1752 et
1429 1725 1500 1753 Deus
1518 1731 1545 1753 et
1558 1726 1639 1753 Pater
1654 1726 1752 1754 Serva-

966 1772 1034 1800 toris
1052 1772 1104 1799 mei
1126 1771 1239 1803 Christi,
1264 1771 1358 1799 volens
1374 1771 1474 1799 Iudaeis
1497 1771 1653 1799 vaticidium
1672 1779 1752 1800 omne
1770 1791 1779 1801 .

965 1826 997 1846 ac
1016 1818 1142 1846 delictum
1159 1817 1306 1846 clementer
1331 1817 1497 1851 condonare,
1512 1818 1657 1854 unigenam
1673 1826 1750 1846 suum

965 1864 1075 1896 Filium,
1088 1865 1129 1891 sui
1146 1868 1228 1899 atque
1248 1864 1356 1891 illorum
1372 1868 1541 1898 sequestrum
1561 1864 1677 1893 demisit.
1691 1864 1750 1898 Quo

965 1909 1151 1938 beneﬁcentia:
1170 1917 1226 1937 suae
1247 1909 1336 1937 studio
1353 1917 1406 1937 non
1432 1909 1519 1937 solum
1535 1910 1687 1944 repudiato,
1703 1911 1750 1938 sed

965 1955 1012 1983 illo
1024 1961 1131 1991 quoque
1143 1954 1226 1989 impie
1241 1954 1267 1981 in
1284 1961 1393 1981 crucem
1410 1954 1479 1986 acto,
1497 1954 1584 1982 missis
1598 1954 1752 1982 cmlestibus

965 2001 1069 2036 copiis,
1097 2000 1172 2028 velut
1196 2000 1269 2027 omni
1296 1999 1453 2029 defensione
1478 2004 1624 2034 carentes,
1651 2005 1752 2028 aeterno

965 2047 1039 2082 igne,
1057 2045 1175 2078 diabolo,
1192 2044 1305 2080 ejusque
1323 2046 1426 2081 angelis
1442 2049 1548 2081 parato,
1566 2053 1660 2074 severe
1675 2046 1752 2073 dam-

965 2094 1048 2120 navit.

1001 2149 1090 2182 Quare
1113 2156 1159 2176 vos
1189 2148 1315 2183 accipite,
1341 2137 1466 2182 obsecro,
1488 2148 1558 2184 frugi
1582 2149 1750 2177 consilium:

966 2202 1027 2221 nam
1047 2194 1208 2229 resipiscere
1233 2194 1344 2229 potestis
1367 2194 1455 2221 adhuc
1478 2195 1648 2228 superstites,
1671 2199 1752 2229 atque

930 2257 952 2287 Β
967 2239 994 2267 in
1014 2239 1114 2266 mundo
1137 2240 1274 2287 degentes,
1301 2237 1384 2272 fugite
1407 2237 1660 2270 erroris‘tenebras,
1676 2242 1703 2265 et
1718 2238 1752 2264 ad

970 2285 1091 2312 veritatis
1112 2284 1199 2312 lucem
1224 2277 1378 2316 convenite,
1403 2290 1568 2318 operamque
1589 2282 1663 2313 date,
1687 2286 1717 2309 ut
1735 2290 1750 2308 a

967 2331 1095 2358 deteriori
1126 2318 1199 2358 siglu
1227 2337 1259 2356 ac
1283 2329 1347 2356 laeva
1371 2326 1512 2356 haedorum
1531 2336 1609 2355 manu
1631 2327 1664 2355 ad
1689 2327 1752 2355 Ser-

967 2377 1068 2404 v:itoris
1095 2377 1146 2403 mei
1174 2377 1295 2403 dextram
1323 2382 1385 2402 cum
1416 2374 1511 2402 ovibus
1539 2373 1645 2401 astituri
1662 2378 1751 2400 trans-

967 2423 1046 2450 eatis.

1003 2489 1065 2518 Iun.
1081 2477 1226 2517 Enimvero
1240 2493 1267 2516 et
1282 2495 1331 2515 nos
1341 2477 1500 2523 prophetam
1512 2492 1650 2520 maguum,
1662 2484 1751 2513 ellica~

967 2542 1038 2567 cem,
1054 2543 1069 2562 a
1091 2534 1146 2562 Deo
1159 2537 1268 2561 unctum
1289 2537 1458 2568 exspectare,
1480 2531 1507 2559 id
1523 2539 1617 2559 verum
1630 2535 1687 2564 est;
1705 2531 1750 2557 Dei

968 2580 1066 2607 Filium
1093 2586 1143 2607 nec
1168 2579 1274 2606 caelitus
1298 2578 1465 2613 degressum,
1495 2583 1510 2603 a
1539 2575 1677 2611 prophetis
1701 2583 1750 2602 au-

970 2625 1079 2658 diitnus,
1098 2631 1148 2652 nec
1163 2624 1190 2651 in
1207 2623 1305 2652 cmlum
1321 2631 1429 2651 rursum
1446 2622 1612 2650 ascendisse.

968 2811 1154 2852 sequentibus.
1223 2847 1228 2852 .
1306 2847 1312 2853 '
1388 2847 1392 2853 Ι

1005 2847 1062 2887 (Ξῖ)
1077 2847 1203 2887 litavere
1219 2856 1245 2887 an
1262 2846 1448 2887 Ερψίιμηιαῐνε·

1005 2881 1063 2918 (28)
1081 2882 1179 2910 Alludit
1195 2883 1226 2910 ad
1244 2883 1398 2917 parabolatn
1414 2883 1508 2911 Matth.
1524 2891 1581 2915 xxt.
1595 2883 1642 2912 35.

1537 2930 1572 2962 27
