1955 3080
269 197 381 225 Cuntsr.
399 198 492 232 Itaque
508 205 599 232 porro,
617 203 646 226 ut
662 199 777 235 videtur,
793 204 938 238 prophetas
955 205 1021 231 dici»

234 243 279 276 tis,
296 251 349 270 non
363 244 395 270 de
409 243 463 271 Deo
475 244 631 278 proplietias
643 246 772 281 edidisse,
787 248 834 275 sed
850 249 883 275 de
907 249 1017 277 homine

233 289 327 316 mero?

266 333 327 361 Iun.
348 333 385 360 Ita
406 339 458 361 est.

264 379 378 407 CHRIST.
405 380 427 407 0
451 382 654 415 stupiditatem!
677 384 708 411 Et
725 386 785 419 quis
805 394 869 414 vero
890 395 923 415 ex
946 388 1017 415 omni

232 425 371 458 memoria,
387 434 478 460 regum
492 429 577 455 servis
594 437 739 458 conservos
754 432 903 466 praemittit,
921 440 951 461 ac
964 441 1017 461 non

230 472 322 506 potius
341 472 387 498 lilii
402 474 535 501 adventus
553 475 682 509 prtevios,
699 480 725 503 et
740 479 898 511 przecones?
913 478 965 506 Sed
979 485 1018 507 ta-

231 525 292 544 men
309 518 457 552 prophetas
475 527 546 546 nunc
567 527 675 555 quoque
691 524 857 556 exolvamus,
873 529 953 559 atque
967 526 1017 553 ite-

229 570 289 590 rum
301 571 350 591 vos
362 564 461 592 veritas
473 565 590 592 docebit.

505 620 620 649 CAPUT
641 622 736 651 XXXI.

329 678 383 705 Cur
400 677 519 706 Christus
535 687 567 706 ea;
584 679 688 716 Virgine
702 683 776 710 nasci
792 684 914 712 voluerit.

261 733 321 761 Jun.
337 733 563 769 Quandoquidem
580 737 660 766 nobis
681 743 771 766 ortum
795 741 855 768 sine
881 746 1014 778 tempore,

222 786 275 807 seu
304 779 395 807 verius
422 788 504 815 supra
534 786 651 817 tempus,
680 785 786 812 erudite
813 789 1014 822 comprobasti;

225 832 285 859 age,
312 826 465 854 amabimus
493 832 530 860 te,
554 832 582 856 et
606 828 652 856 Dei
679 830 788 859 coalitus
813 833 847 859 ad
877 834 1014 869 Virginem

224 871 382 899 descensum
396 873 521 907 explana,
541 878 568 902 et
581 875 627 910 qui
646 877 785 911 praplietat
801 878 833 905 de
850 887 883 906 eo
899 882 1014 916 apertis-

223 915 293 943 sime
312 917 457 946 disserant.

257 961 370 990 Cuntsr.
395 963 497 992 Audite
519 963 678 999 Jeremiam,
702 967 838 995 dicentem
858 977 864 996 :
884 978 893 995 ‹
909 969 958 998 Hic
972 975 1012 998 est

223 1007 294 1036 Deus
321 1014 429 1042 noster,
454 1015 481 1037 et
509 1018 562 1037 non
588 1012 767 1040 aastimabitur
792 1013 861 1042 alius
885 1016 1012 1044 adversus

221 1064 294 1083 eum.
312 1056 361 1084 IIic
375 1057 514 1085 adiuvenit
530 1066 638 1086 onmem
655 1060 725 1088 viam
740 1061 900 1097 disoiplinaz,
913 1069 940 1091 et
955 1069 1010 1092 tra-

198 1133 200 1139 ,
221 1103 290 1130 didit
305 1103 377 1130 illam
401 1103 485 1131 Jacob
500 1113 584 1140 puero
601 1114 660 1139 suo,
684 1112 711 1134 et
733 1108 815 1135 Israel
837 1109 934 1138 dilecto
950 1119 1010 1140 suo.

222 1148 286 1176 Post
298 1149 355 1177 ha'c
369 1149 394 1176 in
407 1151 487 1177 terris
499 1151 572 1178 visus
589 1156 641 1184 est,
655 1157 682 1180 et
697 1160 758 1180 cum
775 1155 931 1183 hominibus
945 1164 1011 1184 con-

222 1201 346 1223 versatus
357 1201 398 1223 est
410 1197 445 1224 ".
465 1206 474 1223 ι
489 1211 524 1216 -
541 1206 550 1223 ι
567 1197 618 1225 Hic
634 1198 705 1227 Deus
720 1205 822 1228 noster.
838 1211 848 1228 ›
866 1202 950 1235 Quis?
965 1204 1010 1238 qui

220 1241 254 1268 ab
283 1243 355 1268 omni
379 1243 532 1269 aeternitate
549 1248 590 1271 est
613 1249 640 1271 ct
656 1244 683 1271 in
705 1252 812 1273 omnem
833 1248 1009 1276 aeternitatem

220 1287 356 1320 perdurat.
383 1296 392 1312 I
423 1287 455 1314 Et
489 1296 541 1314 non
572 1289 753 1317 azstimabitur
787 1291 856 1319 alius
882 1293 1011 1322 adversus

219 1340 292 1360 eum.
311 1342 320 1358 ι
339 1333 407 1366 Quis
421 1333 491 1361 alius
510 1341 561 1361 non
580 1335 780 1364 aestimabitur?
793 1339 839 1373 qui
859 1340 963 1367 scilicet
976 1341 1010 1369 ab

221 1380 345 1408 Ilebrieis
361 1389 411 1416 pro
428 1382 474 1410 Dei
492 1381 561 1410 Filio
572 1389 758 1419 exspectatur.
777 1395 786 1412 ε
807 1387 856 1414 llic
872 1388 1010 1416 adinvenit

219 1434 327 1455 omnem
343 1429 413 1454 viam
435 1428 595 1463 disciplina.
616 1438 625 1455 ›
643 1429 699 1457 Non
715 1431 837 1465 profecto
853 1433 1008 1463 fullonicam

219 1479 252 1501 ac
268 1473 390 1501 fabrilem
414 1479 512 1507 artem,
528 1479 575 1502 aut
593 1483 653 1510 qua:
671 1477 782 1512 reliquae
806 1484 870 1506 sunt
883 1480 944 1515 ejus
960 1489 1009 1515 ge-

217 1520 292 1546 neris
307 1519 416 1553 futiles;
432 1520 479 1546 sed
499 1527 588 1548 rerum
603 1522 737 1555 notitiam,
753 1531 768 1551 e
782 1529 851 1551 terra
865 1525 892 1552 in
907 1527 1006 1554 calum

217 1563 270 1590 iter
287 1568 315 1591 et
343 1571 485 1592 ascensum
501 1585 508 1596 ,
526 1567 747 1601 supractelestem
769 1569 1007 1605 pulchritudinem,
1021 1579 1042 1608 α

216 1617 250 1638 ac
262 1610 308 1637 Dei
318 1611 599 1646 comprehensionem,
610 1613 727 1649 denique
747 1620 775 1642 et
786 1616 1005 1652 illustrationem,

216 1656 243 1683 in
258 1661 389 1691 quantum
404 1665 433 1685 se
448 1658 564 1692 quisque
579 1659 614 1686 ad
632 1659 657 1686 id
675 1667 874 1696 comparasset,
893 1670 940 1690 seu
956 1671 1006 1699 po-

215 1701 269 1729 tius
285 1701 380 1736 Opifex
399 1702 510 1737 largitus
525 1709 607 1731 esset.
628 1704 710 1740 Igitur
724 1706 767 1734 hic
782 1707 825 1735 ille
842 1708 936 1744 Opilex
954 1714 1005 1743 est,

215 1747 261 1782 qui
274 1747 332 1776 hate
349 1757 358 1773 ι
376 1747 583 1776 tradiditJacob
600 1757 682 1784 puero
697 1759 756 1786 suo,
773 1757 799 1781 et
810 1754 892 1781 Israel
908 1755 1007 1783 dilecto

215 1800 274 1821 suo.
286 1803 295 1819 ι
313 1793 400 1822 Macte
417 1795 505 1822 verbis
520 1798 546 1821 et
559 1797 699 1831 prophetia
718 1804 786 1832 esto,
803 1799 930 1828 Ieremia.
946 1800 1006 1828 Non

215 1841 288 1868 enim
315 1842 362 1874 ait,
377 1842 527 1872 Postremis
542 1846 709 1881 temporibus
725 1847 893 1880 comparebit
909 1847 935 1874 in
952 1851 1006 1875 ter-

215 1886 265 1920 ris,
290 1892 317 1915 et
341 1889 412 1923 apud
436 1890 560 1919 homines
583 1892 746 1924 versabitur,
770 1891 817 1919 sed
839 1894 885 1927 qui
914 1892 1005 1921 futura

213 1932 354 1968 explorata
372 1934 397 1961 in
412 1942 442 1962 se
456 1936 618 1968 contineret,
635 1937 724 1964 futura
741 1941 869 1971 tanquam
884 1946 1005 1973 praesen-

215 1979 251 2006 tia
266 1980 430 2015 praesagivit.
445 1980 478 2008 Et
495 1981 641 2016 Sapientia:
652 1984 709 2011 hate
725 1988 767 2011 est
783 1992 791 2012 :
806 1993 815 2010 (
834 1984 900 2012 Cum
915 1992 1002 2013 meum

214 2023 313 2051 Filium
335 2033 390 2053 non
416 2027 562 2061 audierint,
582 2036 631 2063 ego
656 2036 763 2064 quoque
778 2037 825 2058 eos
845 2037 898 2058 non
920 2038 1003 2058 exau-

213 2068 296 2102 diam,
317 2071 405 2106 inquit
422 2071 554 2101 Dominus
568 2075 750 2109 onmipotens.
775 2084 784 2101 ι

248 2113 310 2142 Jun.
324 2115 447 2145 Insolens
472 2118 549 2146 nobis
574 2127 625 2146 non
642 2121 758 2153 videtur,
777 2125 887 2148 unctum
903 2129 917 2148 a
938 2129 1004 2156 pro-

213 2160 314 2196 phetis,
339 2163 454 2190 Puerum
478 2169 505 2192 et
530 2164 628 2192 Filiqu
655 2165 699 2192 Dei
719 2167 819 2193 vocari.
844 2165 911 2194 Nam
928 2167 1002 2195 etde

214 2206 292 2234 nobis
309 2207 393 2235 Isaias
408 2209 505 2237 effatur
527 2210 583 2246 (29)
601 2219 608 2238 :
629 2220 638 2237 ι
663 2211 790 2246 Ephraim
809 2213 1002 2249 primogenitus

213 2258 288 2277 lllﬂllS
304 2257 353 2279 ESI.
373 2261 383 2278 ι

190 2330 194 2334 ι
246 2297 359 2327 Cusisr.
386 2300 474 2329 Dixiu‘
495 2303 582 2336 vobis,
609 2303 676 2339 legis
701 2309 883 2339 tegumentum
905 2314 959 2334 non
985 2314 1001 2335 e

212 2341 319 2376 litteris,
333 2345 379 2371 sed
394 2348 586 2381 vestigatorum
595 2353 622 2375 et
632 2349 806 2383 quaesitorum
823 2349 999 2385 intelligentia

212 2388 337 2415 censeri?
352 2387 387 2416 Ut
403 2391 473 2417 enim
489 2395 543 2418 tum
560 2399 614 2419 nou
627 2400 720 2420 omnes
733 2400 799 2420 sane
816 2394 903 2420 vultus
920 2394 1000 2421 Mosis

211 2432 383 2466 splendorem
401 2434 526 2463 irretorte
544 2435 728 2470 intuebantur,
744 2437 792 2464 sed
807 2438 856 2465 soli
873 2439 999 2467 divinitus

210 2477 307 2511 electi;
324 2479 360 2505 ita
377 2480 420 2506 hic
431 2487 539 2515 quoque
554 2482 651 2509 mentis
664 2483 750 2510 oculis
767 2484 850 2517 capti,
867 2484 900 2510 ad
915 2491 998 2511 sacra:

212 2522 360 2558 Scriptura:
375 2524 461 2552 lucem
476 2527 634 2560 ctecutiunt,
652 2532 681 2555 ut
695 2533 722 2555 et
732 2535 781 2556 vos
798 2530 826 2556 in
844 2530 996 2564 prmsentia.

210 2567 302 2603 Neque
324 2571 395 2598 enim
421 2571 575 2600 Salomonis
601 2574 757 2601 vaticinium
787 2576 887 2603 mentis
903 2581 998 2604 vestra

211 2615 350 2644 oculorum
379 2617 566 2652 lippitudinem
599 2620 632 2646 ad
661 2622 826 2649 cernendum
857 2623 998 2650 veritatem

846 148 1056 179 ANDRONICI
1070 151 1245 196 ‘COMNENI

1807 158 1858 193 8M

1073 207 1211 240 abstersit,
1228 209 1369 237 manifeste
1395 211 1563 247 unigenitum
1581 213 1626 241 Dei
1644 211 1741 242 Filium
1757 216 1858 244 incom-

1071 257 1200 281 mutatum
1231 255 1365 282 hominem
1386 257 1502 292 denique
1527 258 1627 286 factum
1649 261 1856 295 demonstrans;

1070 298 1116 324 sed
1145 301 1216 334 quod
1245 300 1384 335 Sapientia
1411 302 1563 331 Salomonis
1587 305 1717 339 declarat,
1743 307 1856 334 dicens:

1072 343 1166 372 LCum
1183 354 1270 373 meum
1295 347 1377 374 tilium
1403 357 1454 376 non
1472 350 1620 384 audierint,
1651 359 1699 379 vos
1723 352 1768 379 Dei
1798 353 1855 379 Filii

1069 389 1197 418 honorem
1233 392 1367 428 intrepide
1398 394 1431 421 ad
1469 402 1516 422 vos
1545 397 1652 424 trahere
1680 400 1852 425 conamini.r

1069 435 1229 470 Quanquam
1257 446 1309 466 non
1334 444 1362 465 ut
1392 439 1528 474 Sapientia
1557 441 1640 469 filium
1671 445 1788 478 appellat
1812 445 1855 471 Dei

1071 481 1179 514 Filium,
1195 483 1286 510 itidem
1296 489 1323 511 et
1335 492 1382 512 vos
1399 485 1546 522 Isaias(30)
1559 488 1676 523 appellat
1691 495 1781 521 natos,
1796 497 1855 517 cum

1068 528 1129 555 ait:
1152 538 1161 554 ι
1190 529 1390 565 Primogenitus
1413 541 1488 559 meus
1510 533 1649 568 Israelita;
1673 545 1682 560 ι
1703 537 1750 563 sed
1781 538 1854 563 iIIU‘n

1068 575 1238 609 naturalem,
1262 584 1311 604 vos
1336 578 1486 613 adoptivos.
1515 580 1582 606 Nam
1611 589 1659 609 nos
1679 583 1856 617 primigenios

1067 628 1163 648 sumus
1177 623 1288 650 secundi
1304 622 1410 650 Israelis
1423 625 1556 660 (Christi).

1341 679 1455 707 CAPUT
1475 680 1583 709 XXXII.

1203 735 1271 764 Gens
1293 738 1400 772 duplex,
1421 740 1525 772 gentilis
1543 745 1568 767 et
1588 739 1710 768 Hebrum.

1102 790 1129 817 In
1149 799 1229 826 quam
1250 795 1412 821 sententiam
1432 801 1473 823 est
1489 802 1582 824 notum
1601 798 1664 825 illud
1682 799 1729 826 Dei
1747 800 1781 826 ad
1798 799 1852 827 IIe-

1065 837 1176 865 beccam
1193 839 1304 866 eﬁ‘alum
1323 849 1330 868 :
1351 850 1360 866 ε
1386 840 1449 868 Dote
1465 847 1558 876 gentes
1573 848 1636 870 sunt
1653 844 1678 870 in
1697 851 1775 872 utero
1792 850 1853 879 tuo;

1065 888 1092 910 et
1116 886 1203 920 major
1229 887 1331 913 serviet
1353 887 1451 914 minori
1467 888 1510 914 ³⁷⁸.
1538 897 1547 914 ι
1564 888 1596 915 Et
1610 889 1644 916 de
1661 890 1749 917 Phare
1772 898 1853 925 atque

1064 928 1133 956 Zara
1157 930 1287 957 obstetrix
1311 931 1350 958 ait
1372 943 1378 959 :
1399 941 1408 958 (
1427 932 1515 965 Quare
1536 933 1621 960 divisa
1642 940 1682 962 εει
1698 941 1810 969 propter
1827 940 1852 962 te

1063 975 1180 1002 maceria
1196 975 1239 1002 "1
1260 985 1269 1001 ι
1293 977 1346 1004 Sed
1366 985 1398 1004 ne
1412 979 1476 1012 quid
1496 979 1602 1005 interim
1616 979 1658 1006 hic
1677 981 1787 1008 veridici
1810 982 1852 1008 vi-

1063 1021 1191 1055 deamini,
1221 1021 1298 1050 Isaiae
1320 1024 1354 1050 de
1383 1024 1460 1051 vobis
1485 1026 1651 1059 prophetiam
1677 1027 1704 1053 in
1731 1029 1850 1055 medium

1061 1066 1244 1101 proferamus.
1262 1067 1327 1095 Nam
1346 1069 1397 1096 etsi
1422 1078 1468 1104 per
1485 1071 1641 1105 prophetam
1665 1073 1734 1099 Deus
1751 1075 1851 1100 conlir-

1063 1118 1118 1139 mat
1138 1122 1145 1140 :
1165 1122 1174 1139 ε
1193 1113 1393 1148 ι’ῐίηιοιζεηίιυε
1410 1124 1485 1143 meus
1500 1122 1579 1145 natus
1595 1118 1714 1145 Israelita
1737 1120 1775 1152 9’;
1793 1129 1802 1144 l
1823 1127 1850 1147 at

1063 1158 1154 1186 audite
1180 1166 1239 1193 quae
1266 1160 1346 1193 paulo
1370 1166 1433 1188 ante
1463 1169 1494 1189 ac
1524 1166 1584 1197 post
1606 1169 1812 1198 consequuntur
1841 1175 1848 1192 :

1064 1211 1074 1228 ε
1095 1202 1153 1230 Duo
1169 1204 1239 1230 mala
1255 1204 1318 1231 fecit
1332 1205 1445 1240 populus
1461 1214 1537 1233 meus
1554 1217 1560 1234 :
1575 1215 1618 1234 me
1633 1208 1849 1243 dereliquerunt,

1062 1245 1162 1274 fontem
1175 1255 1252 1280 aquae
1264 1248 1340 1282 vivze,
1354 1254 1382 1277 et
1396 1249 1520 1277 foderunt
1532 1251 1585 1278 sibi
1599 1253 1741 1284 cisternas,
1755 1255 1851 1281 cister-

1062 1299 1110 1319 nas
1130 1292 1277 1328 dissipatas
1293 1293 1318 1328 ¹;
1339 1303 1349 1320 ›
1366 1299 1393 1322 et
1411 1303 1517 1323 rursum
1535 1305 1542 1324 :
1561 1306 1570 1323 ε
1590 1297 1675 1325 Filios
1688 1300 1804 1326 enutrivi
1822 1305 1850 1326 et

1060 1337 1191 1371 exaltari,
1220 1339 1271 1373 ipsi
1299 1344 1388 1367 autem
1413 1347 1574 1375 spreverunt
1604 1350 1646 1371 me
1670 1344 1691 1370 '.
1714 1352 1724 1369 ι
1754 1344 1849 1372 Omnis

1060 1383 1159 1418 quippe
1183 1390 1279 1412 natura
1306 1385 1388 1418 ﬁlius,
1417 1390 1447 1413 ut
1474 1387 1581 1415 deﬁciat
1596 1393 1848 1422 apatre,naturain

1059 1435 1133 1457 certe
1149 1438 1201 1458 non
1212 1431 1324 1458 amittit.
1338 1432 1486 1467 Adoptivus
1498 1439 1599 1467 autern,
1617 1436 1663 1469 qui
1676 1436 1702 1462 in
1720 1441 1848 1464 naturam

1059 1477 1136 1510 quasi
1160 1477 1187 1504 vi
1211 1477 1352 1510 invaserit,
1377 1479 1463 1506 donec
1489 1481 1557 1514 patri
1585 1481 1753 1516 obsequitur,
1774 1482 1848 1510 filius

1059 1523 1216 1550 nominatur
1230 1531 1237 1550 :
1253 1523 1295 1550 sin
1311 1531 1385 1558 eum,
1401 1525 1444 1552 cui
1463 1525 1572 1553 additus
1590 1527 1635 1558 sit,
1651 1533 1771 1562 respuat,
1788 1528 1848 1562 ejus

1060 1575 1108 1594 nec
1127 1568 1198 1596 [ilius
1211 1570 1319 1604 quidem
1338 1575 1462 1599 vocatur.
1486 1571 1527 1598 Ad
1546 1573 1668 1599 eumdem
1685 1574 1805 1605 modum,
1819 1580 1847 1601 et

1058 1618 1185 1648 parentes
1195 1615 1289 1648 vestri,
1306 1616 1351 1651 qui
1366 1616 1449 1644 Deum
1465 1617 1625 1652 reliquerint
1639 1626 1669 1644 ac
1680 1620 1845 1652 respuerint,

1056 1664 1086 1686 ut
1099 1658 1183 1688 Isaias
1204 1660 1253 1693 ait,
1273 1661 1440 1690 daemonibus
1464 1663 1559 1696 additi,
1579 1671 1643 1691 vere
1667 1663 1776 1692 Satanae
1797 1666 1844 1692 lilii

1056 1710 1131 1734 sunt.

1091 1750 1227 1779 Caeterum
1236 1751 1368 1779 Jeremias
1377 1757 1438 1787 post
1453 1753 1478 1780 id
1494 1753 1597 1781 dictum
1612 1762 1639 1781 ει
1655 1755 1704 1782 Hic
1715 1760 1757 1782 est
1774 1758 1845 1784 Deus

1056 1801 1148 1824 noster
1171 1801 1199 1825 et
1226 1797 1253 1824 in
1279 1798 1360 1826 terris
1380 1799 1455 1826 visus
1475 1804 1526 1831 est,
1552 1804 1579 1826 et
1603 1807 1661 1826 cum
1688 1801 1845 1830 hominibus

1055 1848 1232 1871 conversatus
1246 1844 1322 1878 est';
1338 1853 1347 1870 ι
1359 1844 1450 1872 subdit
1465 1853 1473 1872 :
1486 1854 1495 1871 ‹
1508 1844 1557 1872 Hic
1572 1845 1639 1872 liber
1652 1846 1842 1874 mandatorum

1056 1889 1103 1916 Dei
1117 1891 1139 1916 ⁴.
1162 1899 1172 1916 ι
1189 1889 1273 1923 Quis?
1296 1891 1380 1924 Quem
1401 1891 1457 1925 jam
1472 1892 1541 1918 dixit
1557 1899 1564 1918 :
1583 1900 1593 1918 ς
1613 1892 1646 1918 Et
1670 1892 1711 1919 lex
1728 1901 1788 1927 qua:
1800 1897 1845 1920 est

1055 1935 1081 1962 in
1094 1939 1224 1965 atternum
1243 1945 1251 1963 :
1267 1943 1362 1964 omnes
1377 1937 1422 1971 qui
1440 1942 1532 1964 tenent
1546 1944 1616 1969 eam,
1635 1937 1793 1971 pervenient
1809 1939 1845 1965 ad

1054 1982 1157 2009 vitam:
1170 1982 1214 2016 qui
1227 1987 1317 2009 autem
1334 1982 1653 2017 dereliquerunteam,in
1666 1989 1781 2010 mortem
1792 1983 1814 2010 '.
1830 1993 1841 2009 ι

1053 2026 1094 2054 Εη
1109 2027 1185 2055 vobis
1199 2028 1348 2055 naturalem
1369 2027 1485 2061 Filium;
1504 2036 1591 2063 neque
1608 2029 1678 2057 enim
1696 2033 1844 2057 contentus

1054 2078 1096 2101 est
1110 2073 1240 2108 propheta
1259 2073 1361 2102 dixisse
1378 2083 1385 2102 :
1404 2083 1413 2100 ι
1437 2074 1485 2102 llic
1496 2080 1539 2102 est
1555 2075 1625 2103 Deus
1646 2080 1750 2108 noster,
1769 2081 1797 2102 et
1813 2076 1844 2102 in

1055 2119 1134 2146 terris
1145 2119 1220 2146 visus
1229 2124 1281 2152 est,
1295 2124 1390 2147 etcum
1405 2120 1561 2148 hominibus
1573 2125 1752 2148 conversatus
1763 2125 1814 2153 est,
1830 2130 1840 2147 ι

1053 2165 1099 2192 sed
1113 2164 1158 2192 Dei
1176 2170 1371 2200 praeceptorum
1385 2167 1465 2193 etiam
1479 2167 1577 2193 librum
1593 2167 1750 2201 appellavit,
1768 2167 1845 2194 scili-

1053 2214 1097 2237 cet
1111 2211 1168 2243 Dei,
1185 2215 1211 2238 et
1226 2210 1326 2244 Patris,
1344 2217 1371 2238 et
1389 2211 1414 2238 in
1439 2217 1597 2246 perpetuum
1623 2212 1784 2239 duraturam
1803 2212 1842 2239 le-

1017 2248 1040 2276 D
1054 2263 1125 2291 gem,
1141 2257 1166 2283 id
1178 2261 1228 2289 est,
1244 2263 1401 2291 perennem,
1418 2258 1477 2285 sine
1493 2258 1675 2289 successione,
1693 2258 1841 2292 impatien-

1050 2305 1103 2328 tem
1122 2302 1192 2329 linis.
1209 2303 1290 2329 Addit
1311 2311 1317 2329 :
1338 2311 1347 2328 ι
1367 2303 1416 2336 Qui
1437 2307 1529 2331 tenent
1546 2311 1618 2336 eam,
1631 2304 1792 2337 pervnnient
1807 2305 1842 2331 ad

1049 2347 1144 2380 vitam,
1163 2357 1174 2373 ι
1193 2352 1323 2375 aeternam
1346 2348 1439 2382 procul
1464 2348 1556 2376 dubio.
1577 2348 1643 2375 Nam
1668 2349 1714 2383 qui
1738 2353 1843 2376 :etcrno

1049 2393 1178 2426 servient,
1189 2398 1319 2420 aeternum
1330 2401 1381 2420 una
1395 2394 1475 2421 etiam
1489 2394 1647 2428 regnabunt.
1662 2404 1671 2420 ι
1688 2395 1738 2428 Qui
1748 2401 1841 2422 autem

1049 2438 1252 2473 dereliquerunt
1275 2446 1345 2471 eain,
1371 2439 1397 2465 in
1419 2444 1551 2472 mortem;
1572 2448 1581 2465 ι
1598 2440 1624 2466 in
1640 2445 1755 2467 mortem
1772 2448 1840 2466 sane

1047 2491 1102 2513 non
1126 2484 1196 2511 hanc
1220 2492 1248 2511 se
1265 2485 1394 2512 inducent
1409 2485 1575 2519 corporalem
1597 2485 1686 2520 (nemo
1704 2490 1745 2512 est
1763 2487 1838 2513 enim

1047 2531 1184 2559 hominum
1212 2530 1307 2558 mortis
1333 2531 1452 2567 expers),
1480 2532 1526 2558 sed
1553 2531 1652 2563 animi;
1676 2538 1736 2566 qua:
1760 2535 1787 2558 et
1811 2532 1839 2559 in

1048 2577 1181 2604 exstincto
1200 2577 1261 2612 igne
1277 2584 1385 2612 semper
1406 2578 1510 2610 ardeat,
1528 2582 1555 2605 et
1579 2585 1715 2611 nunquam
1734 2585 1836 2604 consu-

1048 2626 1148 2649 matur.
1175 2622 1252 2655 Quod
1278 2623 1301 2650 si
1325 2630 1358 2650 ex
1374 2622 1449 2650 Isaiae.
1466 2630 1574 2658 quoque
1589 2623 1718 2650 vaticinio
1736 2623 1838 2650 intelli-

245 2708 268 2750 _"
289 2709 405 2750 Barueh.
422 2718 469 2750 tu“,
488 2710 582 2750 36-58.
621 2711 746 2750 "'_(§en.
761 2719 825 2750 x__xv,
857 2712 901 2750 33.
940 2712 1187 2750 "_Gen.7xrxxvut,
1207 2714 1251 2743 29.
1290 2715 1314 2732 ”
1332 2714 1417 2743 Exod.
1434 2723 1472 2750 tv,
1492 2716 1536 2742 22.
1577 2714 1585 2730 '
1603 2713 1705 2742 Jerem.
1727 2723 1765 2748 lt,
1788 2715 1834 2742 l5.

211 2743 221 2758 ¹
240 2743 295 2773 Isa.
316 2753 334 2778 ι,
356 2746 384 2773 Ξ.
421 2747 431 2762 ⁸
450 2745 566 2774 Baruch.
589 2753 636 2778 III,
658 2747 702 2774 58.
729 2746 750 2792 ,⁸
769 2743 885 2774 Baruelt.
907 2755 944 2782 iv,
965 2748 990 2775 l.

245 2821 301 2856 (29)
316 2821 371 2848 Imo
387 2821 517 2850 Jeremias
531 2831 607 2856 xxxi,
621 2823 648 2851 9.

1029 2749 1039 2764 '
1060 2749 1127 2776 ibid.

245 2857 300 2891 (δυ)
320 2857 374 2884 Iulo
390 2858 473 2884 Exod.
493 2866 530 2892 vr,
545 2858 591 2886 ‘22..
609 2860 654 2886 Sic
674 2865 688 2886 a
706 2858 735 2886 S.
755 2858 839 2887 Paulo
853 2860 986 2888 secundus
1009 2860 1094 2889 Adam
1109 2863 1135 2887 et
1154 2858 1261 2887 futurus
1277 2858 1385 2886 dicitur.
