1955 3080
197 100 253 132 845

733 98 927 129 DIALOGUS
946 90 1098 127 CONTRA
1123 97 1291 129 moues.

1770 102 1823 134 846

197 164 262 195 gere
281 157 362 184 vultis
377 157 441 192 quid
457 157 490 185 de
506 156 650 192 Unigenito
660 160 779 188 censeat,
795 157 884 182 audite
896 156 983 190 palam
999 158 1021 186 Α
1037 159 1140 182 natura:
1165 155 1222 190 lege
1250 155 1419 190 desperatum
1444 161 1497 185 est.
1518 166 1528 183 ε
1559 157 1719 192 Requiescet
1745 168 1826 196 super
1861 153 1868 161 ’

198 198 391 226 vociferantem
410 208 417 226 :
436 207 445 223 ε
466 197 597 226 I’arvulus
616 203 694 225 natus
712 201 753 225 cst
767 198 856 230 uoltis,
872 202 899 225 et
916 197 986 225 ﬁlius

196 247 277 273 datus
289 251 330 273 est
343 245 432 276 nobis,
452 251 478 273 et
494 245 580 273 lactus
592 250 632 272 est
654 245 820 279 principatus
840 252 921 280 super
935 244 986 271 hu-

197 300 302 319 merum
316 291 373 325 ejus
387 292 408 319 ⁸.
429 301 438 317 ι
457 291 576 325 Quorum
603 292 746 318 verborum
771 291 827 317 haec
849 291 983 318 sententia

195 343 237 366 cst
252 347 260 365 :
276 338 373 373 Opifex
398 338 443 365 ille
467 337 549 365 futuri
571 345 603 365 ac
617 337 744 372 perennis
757 338 818 370 aevi,
836 338 918 368 Deus,
936 343 984 370 po-

195 390 278 416 tens,
308 384 433 419 princeps
462 385 538 419 pacis
571 388 651 418 atque
677 387 789 415 custos,
823 381 984 416 Unigenitus

193 430 301 462 :eterni,
314 435 340 458 et
354 431 415 458 sine
429 430 563 464 principio
578 429 678 461 Patris,
697 428 841 463 postremis
857 428 984 463 tempori-

196 478 246 503 bus
271 477 329 503 sine
351 476 501 503 mutatione
524 483 638 510 corpore
665 475 787 506 indutus,
808 474 879 501 Puer
906 474 983 501 nobis

195 526 284 555 natus,
305 522 389 549 Filius
417 522 496 550 nobis
523 522 602 549 datus
622 526 665 549 est
686 530 692 549 :
720 522 799 549 datus
821 521 892 556 quod
913 525 981 554 eral,

195 569 279 602 Dens;
298 574 377 596 natus
391 569 461 604 quod
486 576 538 597 non
563 574 630 602 eral,
648 569 739 596 homo.
757 577 766 593 ι
787 567 821 595 Et
837 567 925 594 Iactus
942 571 982 594 est

194 615 363 648 principatus
387 622 466 649 super
489 614 632 641 humerum
650 614 727 649 ejus;
754 623 763 639 ι
782 621 847 640 crux
868 612 980 644 scilicet,

194 660 316 688 victoriae
332 665 359 687 et
372 660 538 695 principatus
553 660 670 695 signum.

229 705 289 734 Jam
306 705 425 733 Michaeaa
438 706 494 733 haec
507 711 571 733 sunt
592 706 672 733 verba
687 714 716 736 ιι
736 705 769 733 Ει
784 709 810 732 tu
830 703 979 735 Bethleem,

193 756 266 779 terra
282 751 362 784 Juda,
381 759 550 787 nequaquam
581 751 692 778 minima
712 758 742 779 es
766 751 793 778 ltt
815 750 981 785 principibus

191 796 281 824 Juda:
304 804 334 823 ex
354 802 379 824 te
402 797 474 824 enim
498 797 570 824 exiet
594 796 659 829 dux,
685 796 731 831 qui
756 801 831 831 regat
854 795 979 830 populmn

192 849 282 868 meum
308 841 402 875 Israel,
422 846 449 868 ct
466 849 591 877 egressus
611 841 670 876 ejus
691 841 725 868 ab
749 840 836 872 initio,
854 847 868 866 a
884 839 978 867 diebus
994 835 1017 865 Β

189 887 381 914 a-ternitatis".
403 897 412 914 ι
430 888 506 921 Quod
519 886 541 914 si
558 887 592 914 ab
611 887 719 914 aeternis
734 887 900 921 temporibus
921 887 980 920 ejus

189 935 268 968 origo
290 938 342 967 est,
367 933 448 967 igitur
467 933 512 968 qui
541 936 619 960 natus
640 937 693 964 est,
719 932 789 960 Deus
804 936 856 965 est,
882 931 980 958 nullius

189 980 264 1006 citim
282 979 348 1006 meri
368 979 486 1006 hominis
501 979 528 1006 in
544 980 619 1006 omni
634 978 763 1006 memoria
784 982 825 1006 est
845 979 879 1006 al)
900 983 980 1006 aeter-

190 1025 233 1052 nis
261 1024 425 1060 temporibus
448 1023 523 1060 origo
551 1024 665 1058 audita,
692 1024 738 1052 sed
766 1024 833 1058 Dei,
862 1024 979 1052 hominis

190 1069 264 1098 facti.

454 1126 567 1155 CAPUT
594 1126 712 1154 XXXIII.

302 1193 384 1221 Isaia
403 1193 557 1220 vaticinium
576 1193 677 1228 egregie
695 1191 867 1227 explicatum.

227 1251 343 1278 Rursum
370 1250 464 1279 scribit
488 1250 571 1278 Isaias
593 1258 600 1277 :
621 1258 631 1275 ι
658 1248 817 1285 Egredietur
841 1250 915 1283 virga
945 1249 978 1276 de

191 1298 281 1325 radice
301 1297 388 1329 Iesse,
413 1300 440 1324 et
463 1296 512 1324 ﬂos
535 1296 568 1323 de
591 1295 682 1323 radice
698 1294 756 1330 ejus
778 1295 920 1323 ascendet.
946 1293 978 1321 Et

192 1343 343 1378 requiescet
369 1349 452 1376 super
474 1349 535 1369 eum
563 1340 681 1375 Spiritus
706 1339 812 1367 Domini
831 1348 838 1366 :
860 1339 977 1374 Spiritus

190 1389 342 1423 sapientia,
359 1393 385 1416 et
404 1387 569 1420 intellectus,
589 1385 708 1421 Spiritus
725 1385 843 1418 consilii,
859 1390 886 1412 ct
900 1384 978 1412 forti-

190 1434 304 1467 tudinis,
330 1434 447 1469 Spiritus
470 1433 601 1465 Seientiae,
623 1436 650 1459 et
674 1431 793 1466 pietatis,
819 1435 847 1458 et
864 1431 978 1465 replebit

188 1488 250 1508 cum
269 1480 388 1515 Spiritus
408 1479 511 1507 tiutoris
532 1477 639 1506 Domini
664 1487 671 1505 :
693 1486 746 1505 non
770 1477 918 1505 secundum
935 1477 974 1504 vis

188 1526 292 1554 siouetn
309 1526 449 1554 oculorutn
463 1524 606 1559 iudicabit,
624 1530 711 1559 neque
729 1523 877 1550 secundum
896 1522 976 1550 audi-

188 1576 246 1600 tum
261 1571 366 1598 aurimn
387 1576 480 1606 arguet
497 1569 706 1604 :sedjudicabit
719 1568 858 1603 injustitia
874 1575 976 1604 paupe-

188 1626 245 1653 res,
263 1623 291 1646 et
306 1623 402 1653 arguet
417 1618 443 1645 in
459 1617 585 1652 aequitate
602 1624 651 1652 pro
666 1615 815 1643 mansuetis
831 1619 911 1642 terrm
926 1623 933 1641 :
950 1619 977 1642 et

187 1666 323 1701 percutiet
338 1670 439 1692 terram
454 1664 529 1698 virga
542 1663 599 1691 oris
613 1663 668 1695 sui,
683 1667 712 1690 et
727 1661 824 1696 spiritu
842 1661 975 1688 labiorum

188 1713 333 1740 interliciet
344 1711 468 1746 impium.
485 1709 519 1737 Et
537 1708 705 1743 eritjustitia
718 1707 855 1742 cingulum
873 1707 977 1734 lumbo-

189 1765 249 1785 rum
261 1757 331 1792 ejus,
346 1761 373 1784 et
388 1757 455 1784 ﬁdes
468 1755 631 1783 cinctorium
645 1761 741 1781 renum
755 1753 823 1787 ejus.
839 1751 978 1780 flabit-abit

189 1804 270 1839 lupus
286 1811 346 1832 cum
365 1809 433 1838 agno
447 1810 455 1830 :
471 1806 499 1829 et
514 1801 615 1837 pardus
632 1807 693 1828 cum
713 1800 790 1827 haedo
811 1798 953 1827 accubabit
969 1807 976 1825 :

188 1851 292 1878 vitulus
307 1854 333 1878 et
348 1849 401 1882 leo,
415 1853 443 1876 et
464 1849 522 1876 ovis
546 1847 626 1875 simul
651 1846 838 1879 morabuntur,
861 1850 887 1873 ct
912 1853 978 1880 puer

190 1897 321 1933 parvulus
336 1896 451 1924 minabit
465 1903 522 1923 eos.
543 1893 648 1922 Vitulus
670 1898 696 1921 et
711 1900 791 1920 ursus
809 1898 954 1927 pascentur
969 1901 976 1920 :

191 1943 273 1972 simul
288 1943 459 1978 requiescent
483 1940 565 1968 catuli
586 1947 679 1967 eorum
703 1948 710 1966 :
733 1944 760 1966 et
780 1938 821 1966 leo
836 1939 911 1972 quasi
930 1939 978 1966 bos

188 1990 314 2018 comedet
337 1988 440 2024 paleas.
470 1987 502 2014 Et
527 1986 705 2015 delectabitur
728 1984 817 2013 infans
839 1985 874 2013 ab
896 1984 978 2012 ubere

191 2043 274 2069 super
294 2034 428 2062 foramine
444 2033 546 2068 aspidis
562 2041 569 2060 ς
589 2036 617 2060 ει
633 2032 658 2058 in
679 2038 794 2058 caverna
818 2030 914 2066 reguli,
932 2030 977 2065 qui

192 2081 346 2109 ablactatus
359 2079 452 2112 fuerit,
471 2085 582 2105 manutn
605 2085 682 2105 suam
700 2078 798 2104 mittet.
822 2075 881 2103 Non
897 2083 978 2103 noee-

191 2128 269 2159 bunt,
289 2130 317 2153 et
342 2132 395 2152 non
418 2124 543 2152 occident
567 2123 594 2150 in
620 2122 748 2150 universo
771 2127 863 2148 monte
883 2126 978 2149 sancto

191 2178 273 2199 meo:
289 2170 351 2205 quia
372 2169 473 2204 repleta
490 2173 531 2195 est
550 2172 622 2194 terra
639 2166 752 2194 scientia
772 2165 889 2199 Domini,
906 2166 977 2193 sicut

191 2226 270 2255 aqua:
283 2218 367 2246 maris
379 2216 544 2252 operientes.
566 2215 592 2242 lu
609 2214 653 2242 die
669 2213 714 2241 illa
730 2213 806 2241 radix
827 2212 914 2246 Jesse,
932 2213 978 2248 qui

191 2269 246 2294 stat
271 2265 298 2292 in
323 2263 429 2299 signum
451 2261 623 2297 pepulerum,
644 2259 730 2294 ipsum
746 2264 839 2294 gentes
851 2259 980 2294 depreca-

193 2309 306 2340 buntur,
322 2313 349 2335 et
371 2308 423 2335 erit
437 2307 592 2342 sepulcrum
609 2305 668 2340 ejus
685 2304 831 2339 gloriOSum
846 2304 867 2331 ⁸.
889 2313 898 2330 ι
916 2303 980 2337 Qua:

192 2360 236 2383 est
264 2355 322 2382 haec
349 2354 425 2381 radix
449 2352 546 2381 Iesse!
576 2360 609 2380 ex
637 2351 717 2380 effeto
746 2355 824 2378 utero
850 2355 980 2385 prognata

196 2400 288 2436 Virgo.
306 2400 373 2434 Quis
389 2407 452 2427 vero
468 2399 537 2427 (ιοεῖ
551 2407 584 2426 ex
606 2397 717 2433 Virgine
738 2397 895 2425 incarnatus
918 2397 981 2424 sine

193 2447 342 2475 mutatione
357 2446 438 2473 Deus.
458 2443 513 2471 Cur
533 2447 623 2471 autem
649 2450 702 2470 non
726 2443 764 2470 ait
787 2451 794 2470 :
824 2442 981 2477 Egredietur

193 2491 319 2529 (fructus)
335 2491 368 2518 de
386 2491 494 2523 radice;
517 2488 564 2517 sed
580 2487 642 2516 Flos
659 2489 691 2516 de
707 2487 797 2515 radice
810 2487 867 2522 ejus
883 2494 982 2515 ascen-

193 2537 261 2565 det?
278 2546 287 2562 ι
302 2537 416 2571 Propter
429 2542 563 2562 summam
576 2533 696 2567 Virginis
712 2532 905 2568 integritatem,
922 2539 981 2567 qua:

193 2585 281 2612 virum
297 2583 399 2611 ttullum
424 2587 536 2617 experta
561 2586 641 2609 esset.
661 2579 727 2607 Nam
751 2580 909 2607 sterilitates
923 2578 982 2608 dis-

193 2631 299 2659 solvere
312 2631 469 2666 plernmque
484 2629 530 2656 Dei
545 2627 693 2663 potentiam
709 2630 883 2661 repraesentat
901 2634 908 2652 :
925 2633 978 2654 c33-

194 2680 285 2703 terum
299 2674 436 2709 Virginem
453 2680 549 2708 parere
565 2679 626 2699 cum
646 2671 705 2698 viro
724 2678 776 2698 non
798 2677 982 2705 congressam,

228 2779 239 2794 ⁸
259 2778 311 2807 Isa.
347 2786 391 2810 ιι,
411 2776 438 2803 6.

197 2813 219 2830 “
237 2814 308 2843 Psal.
323 2808 402 2850 amt,
419 2812 463 2839 2!.
503 2811 524 2826 "
537 2809 609 2838 Psal.
625 2816 712 2842 mut,
729 2808 755 2835 6.

477 2775 486 2791 ⁷
506 2775 588 2802 Mich.
624 2781 651 2804 ν.
672 2772 705 2804 2;
727 2771 821 2800 Matth.
843 2781 874 2805 Il,
893 2772 920 2800 6.
958 2773 968 2788 ⁸

1035 2792 1040 2798 .
1076 2781 1115 2806 xi,
1136 2766 1210 2800 t-to‘.
1249 2771 1343 2800 ’Psal.
1374 2778 1421 2805 vn,
1442 2771 1467 2799 ι.

796 2808 817 2824 ¹³
831 2809 904 2836 Psal.
919 2815 1014 2842 cxvnt,
1030 2808 1088 2835 142.

1038 209 1098 228 ευιη
1113 201 1230 236 Spiritus
1249 201 1365 230 Domini.
1384 212 1394 229 ι
1415 204 1502 239 Super
1516 205 1613 239 quem?
1627 213 1708 240 super
1725 207 1824 235 radicis

1037 247 1142 275 scilicet
1157 249 1261 278 liorem.
1286 254 1312 276 et
1327 248 1446 284 Virginis
1469 255 1573 278 natum.
1593 250 1659 278 Nam
1677 252 1766 280 simile
1785 254 1823 281 si-

1038 293 1093 320 mili
1108 293 1249 320 coalesr-it.
1266 294 1373 328 Septem
1397 302 1461 322 vero
1482 296 1597 331 Spiritus
1622 302 1724 333 septem
1753 299 1822 327 dona

1037 338 1154 373 Spiritus
1170 339 1299 374 intelligo.

1072 386 1153 412 Addit
1176 393 1257 420 porro
1275 395 1283 412 :
1304 385 1383 412 «Non
1400 387 1548 414 secundum
1575 389 1706 417 visionem
1727 390 1821 417 oculo-

1037 440 1095 459 rum
1118 432 1251 466 judieabit
1265 453 1272 465 ,
1291 440 1378 467 neque
1400 428 1547 460 secundum
1574 435 1691 462 auditum
1715 436 1820 462 aurium

1037 483 1150 513 arguet;
1166 488 1174 504 ι
1206 478 1328 506 homines
1344 478 1417 506 enim
1444 486 1496 506 non
1525 487 1558 506 ex
1575 487 1664 515 aequo,
1684 486 1712 508 et
1728 482 1821 516 exple.

1037 529 1094 549 rata
1112 523 1237 554 veritate,
1261 523 1308 550 ςοά
1335 529 1368 550 ex
1393 525 1533 558 apparenli
1560 532 1638 558 azquo
1653 531 1679 552 et
1705 527 1820 554 veritate

1032 569 1166 604 judicant.
1186 569 1263 602 Quod
1276 571 1443 610 perspicjens
1460 571 1558 603 David,
1573 577 1634 598 orat
1658 580 1664 597 :
1694 581 1703 598 α
1720 571 1815 600 .ludica

1036 623 1088 648 me,
1107 616 1229 648 Domine,
1252 615 1541 648 secundumjustitiam
1552 617 1669 649 meam',
1687 626 1696 643 ι
1714 625 1767 645 non
1787 625 1819 645 ex

1035 660 1164 687 incll‘abill
1188 665 1216 688 et
1239 661 1373 688 immenso
1396 661 1511 696 justitiae
1532 667 1584 689 tute
1607 662 1712 697 pelago.
1731 663 1820 698 Atque

1035 705 1060 732 id
1079 713 1171 732 verum
1201 713 1262 733 esse
1278 705 1418 732 declarant
1435 713 1495 740 qum
1519 712 1680 740 sequuntur,
1703 709 1821 742 prophe-

1034 755 1069 778 tze
1087 751 1192 778 verba:
1215 760 1224 777 ι
1244 750 1296 777 Sed
1318 750 1454 786 judicabit
1479 750 1504 778 iu
1517 750 1625 785 justitia
1642 759 1785 787 pauperes,
1807 762 1816 778 ι

1035 798 1060 824 id
1088 802 1129 824 est
1155 797 1248 824 animo
1271 796 1388 824 humiles
1412 804 1461 832 pro
1476 796 1583 831 justitia
1606 805 1655 826 sua
1680 798 1817 832 explorata

1033 837 1190 876 coi‘onabit;
1214 843 1442 877 quemadmodum
1465 843 1497 870 de
1525 843 1578 871 hoc
1601 851 1710 879 quoque
1735 843 1817 872 David

1031 890 1188 924 prolltetur:
1203 898 1211 914 ι
1226 888 1259 915 Ει
1272 889 1386 916 humiles
1395 889 1489 923 spiritu
1503 889 1630 922 salvabit,
1643 895 1671 917 et
1685 895 1816 918 terrarum

1031 934 1149 961 illustres
1182 941 1212 960 ex
1237 942 1316 969 aequo
1349 935 1465 970 corriget
1490 935 1528 968 l°;
1547 944 1556 960 ι
1591 939 1725 962 terrarum
1753 936 1815 964 illu-

1030 986 1100 1008 strcs
1115 981 1159 1008 hic
1176 982 1313 1008 ila-tirones
1331 981 1468 1016 cogitandi
1485 985 1559 1014 sunt,
1575 985 1601 1008 et
1615 989 1709 1008 eorum
1728 981 1817 1008 admi-

1031 1027 1132 1055 nistri;
1158 1027 1256 1053 merito
1280 1026 1363 1059 enim,
1388 1027 1434 1061 qui
1460 1027 1551 1053 mundi
1579 1027 1716 1061 principes
1742 1033 1817 1060 sunt,

1031 1077 1108 1100 terra:
1123 1080 1232 1107 quoqtte
1246 1072 1364 1100 illustres
1375 1077 1450 1105 sunt,
1464 1073 1496 1099 de
1514 1072 1600 1106 iisque
1618 1077 1644 1099 et
1658 1068 1745 1100 David
1757 1072 1815 1100 ait:

1032 1126 1041 1142 ‹
1058 1118 1173 1152 Arguam
1194 1123 1229 1148 te,
1244 1122 1271 1143 et
1285 1123 1403 1143 statuam
1420 1121 1513 1144 contra
1531 1116 1629 1144 faciem
1655 1122 1728 1144 tuam
1753 1118 1786 1144 “.
1804 1127 1814 1143 ν

1030 1161 1106 1194 Qnod
1121 1162 1196 1188 addit
1213 1170 1219 1188 :
1239 1170 1248 1186 ι
1272 1160 1412 1188 Percutiet
1437 1166 1537 1187 terram
1557 1161 1631 1195 virga
1653 1162 1710 1187 oris
1734 1162 1787 1193 sui,
1803 1171 1813 1188 ι

1029 1208 1180 1234 ἀωηιοιιηη]
1207 1207 1356 1241 perniciem
1371 1211 1457 1233 notat.
1473 1205 1540 1233 Nam
1559 1212 1587 1233 ut
1604 1206 1638 1233 de
1659 1207 1720 1233 coeli
1738 1207 1816 1234 moli-

1030 1253 1102 1281 tione
1116 1254 1211 1280 scribit
1226 1253 1308 1280 David
1325 1261 1332 1279 :
1361 1262 1370 1279 ‹
1387 1251 1475 1280 Verbo
1501 1252 1606 1280 Domini
1630 1252 1689 1279 coeli
1717 1252 1816 1280 ﬁrmati

1029 1303 1104 1331 sunt,
1117 1303 1145 1326 et
1159 1298 1255 1333 spiritu
1273 1299 1329 1325 oris
1345 1297 1404 1332 ejus
1421 1298 1511 1325 omnis
1528 1298 1614 1325 virtus
1629 1305 1724 1325 eorum
1737 1298 1778 1331 ¹¹;
1804 1307 1813 1323 ι

1029 1344 1065 1372 ita
1079 1350 1106 1372 et
1120 1345 1203 1372 Isaias
1220 1349 1246 1372 et
1260 1346 1410 1372 daemonum
1425 1345 1570 1380 perniciem
1585 1349 1666 1379 atque
1676 1345 1815 1372 interitum

1031 1390 1201 1424 vaticinans,
1228 1396 1329 1418 terram
1354 1391 1395 1418 stti
1421 1391 1476 1418 oris
1495 1390 1584 1417 eli‘atis
1610 1390 1814 1418 verberaturnu

1029 1435 1161 1470 prtmlicit.
1180 1444 1189 1461 ι
1204 1434 1321 1462 Verbum
1341 1435 1412 1468 oris,
1428 1444 1438 1461 ι
1463 1435 1632 1470 unigenitum
1651 1434 1750 1462 Filium
1767 1442 1815 1463 vo-

1028 1489 1105 1508 cans.
1124 1491 1133 1507 ι
1151 1481 1182 1508 Et
1202 1481 1299 1516 spiritu
1313 1482 1446 1508 labiorum
1470 1489 1580 1509 suorum
1599 1481 1744 1509 interlieiet
1761 1481 1813 1509 im-

1029 1526 1120 1561 pium;
1138 1535 1148 1552 ι
1167 1527 1211 1553 hie
1226 1533 1332 1553 rursum
1349 1527 1494 1558 daemones,
1511 1531 1646 1553 eteorum
1662 1525 1814 1552 administri

1028 1569 1178 1604 accipiendi
1192 1574 1266 1604 sunt,
1290 1577 1359 1605 quos
1383 1570 1464 1604 paulo
1486 1575 1550 1598 ante
1582 1579 1591 1596 t
1607 1569 1725 1597 illustres
1737 1579 1751 1598 ι
1768 1577 1815 1597 no-
1851 1565 1863 1602 ,”

1029 1615 1152 1643 minavit.
1169 1615 1258 1650 Atque
1281 1616 1305 1643 ei
1327 1620 1427 1642 nostrae
1453 1615 1569 1643 orationi
1594 1615 1673 1642 ﬁdem
1699 1614 1813 1647 faciunt,

1027 1661 1128 1688 Christi
1141 1661 1193 1688 mei
1212 1661 1237 1687 in
1249 1659 1365 1688 furiosos
1377 1659 1506 1687 miracula
1518 1659 1661 1687 luculenta.
1687 1667 1697 1684 ‹
1712 1658 1746 1685 Et
1761 1658 1814 1686 erit

1024 1705 1130 1739 justitia
1155 1705 1293 1740 cingulum
1311 1705 1462 1734 lumborum
1484 1705 1553 1740 ejus,
1578 1707 1604 1732 et
1626 1703 1692 1732 ﬂdes
1707 1705 1811 1732 cincto-

1029 1751 1097 1778 rium
1111 1759 1204 1778 renum
1217 1751 1291 1786 ejus;
1307 1760 1317 1777 ι
1332 1751 1438 1780 lumbos
1448 1755 1476 1778 et
1492 1751 1575 1778 latera
1587 1750 1693 1783 dicens,
1706 1757 1812 1778 omnem

1028 1800 1152 1834 corporis
1168 1799 1429 1835 coagmentationem
1451 1799 1549 1831 innuit,
1571 1801 1600 1826 et
1624 1804 1714 1825 meum
1731 1798 1812 1826 Cltri-

1029 1852 1100 1875 stum
1126 1847 1290 1883 ipsissimam
1318 1854 1378 1874 esse
1412 1846 1545 1880 justitiam
1570 1850 1596 1871 et
1621 1844 1720 1878 Iidem;
1742 1844 1813 1880 quod

1029 1895 1193 1930 prtesagiens
1206 1899 1232 1922 et
1251 1894 1335 1921 David
1355 1894 1414 1921 ait:
1441 1903 1451 1919 ‹
1468 1893 1578 1921 Justitia
1599 1898 1642 1920 tua
1659 1893 1765 1928 jnstitia
1786 1893 1812 1920 in

1029 1948 1173 1973 aeternum,
1192 1946 1218 1968 et
1231 1941 1272 1968 lex
1290 1947 1334 1967 tua
1347 1941 1447 1968 veritas
1465 1940 1497 1967 “.
1518 1949 1527 1966 ι

1064 1985 1141 2019 Quod
1167 1986 1259 2014 subdit
1280 1994 1287 2012 :
1310 1994 1319 2012 ι
1337 1986 1475 2013 ilabitabit
1502 1986 1580 2020 lupus
1606 1994 1667 2013 cum
1693 1994 1763 2021 agno
1787 1992 1815 2014 et

1029 2033 1127 2067 pardtts
1147 2036 1209 2059 eum
1232 2032 1309 2059 haedo
1331 2031 1477 2059 accubabit
1497 2042 1503 2059 :
1524 2031 1635 2064 vitulus,
1659 2035 1686 2059 et
1710 2032 1761 2065 leo,
1788 2035 1834 2059 et‘

1029 2076 1088 2104 ovis
1104 2073 1184 2104 simul
1210 2078 1411 2104 morabuntur:
1430 2076 1531 2104 vitulus
1549 2080 1576 2103 et
1594 2084 1674 2104 ursus
1691 2084 1808 2111 pascen-

1031 2126 1084 2149 tur.
1112 2120 1199 2148 Simul
1222 2123 1392 2157 requieseent
1412 2121 1496 2149 catuli
1523 2129 1629 2150 eorum.
1647 2131 1656 2148 ι
1676 2121 1715 2149 Ex
1742 2124 1814 2150 omni

993 2177 1014 2206 ι)
1030 2168 1161 2194 memoria
1181 2168 1208 2195 in
1231 2168 1332 2202 pietate
1345 2174 1509 2195 consensum
1532 2173 1559 2195 ct
1581 2168 1812 2202 conspirationem

1032 2217 1118 2241 notat.
1135 2213 1174 2241 Ac
1190 2213 1416 2247 quemadmodum
1434 2213 1528 2240 Daniel
1550 2214 1642 2240 decem
1666 2221 1745 2248 regna
1768 2221 1815 2248 per

1037 2257 1131 2284 decem
1147 2264 1250 2284 cornua
1265 2257 1398 2292 designat,
1417 2257 1455 2284 ita
1474 2262 1501 2284 et
1518 2257 1601 2285 Isaias
1620 2265 1668 2292 per
1686 2258 1743 2285 haec
1758 2259 1816 2285 ani-

1032 2301 1126 2334 malia,
1141 2306 1294 2329 exterorom
1312 2301 1468 2328 varietatem
1483 2305 1510 2329 et
1529 2301 1726 2330 diversitatem.
1752 2312 1766 2328 4
1784 2303 1816 2330 Et

1031 2356 1099 2384 ptter
1116 2347 1243 2383 parvulus
1256 2347 1370 2375 minabit
1383 2354 1442 2380 eos,
1453 2357 1462 2373 ι
1483 2353 1592 2375 exteros
1605 2348 1718 2380 scilicet,
1731 2353 1810 2376 natus

1032 2396 1077 2423 ille
1101 2395 1177 2423 nobis
1200 2399 1227 2422 et
1254 2394 1423 2421 contlonatus
1450 2400 1520 2428 puer
1543 2393 1677 2426 Christus,
1701 2401 1815 2428 quorum

1034 2441 1135 2476 primos
1151 2440 1184 2467 ad
1212 2439 1252 2467 sui
1279 2439 1463 2466 adorationem
1490 2439 1601 2466 adduxit
1628 2438 1730 2474 Magos.
1757 2448 1767 2465 t
1783 2440 1817 2467 Et

1033 2485 1076 2512 leo
1089 2485 1167 2520 quasi
1192 2485 1242 2512 hos
1265 2486 1390 2512 comedet
1407 2478 1509 2519 paleas,
1526 2493 1535 2510 ι
1561 2489 1671 2518 propter
1689 2485 1815 2512 unionem

1033 2531 1186 2558 divinitatis
1202 2536 1262 2557 ctnn
1291 2530 1459 2557 humanitate
1484 2530 1511 2557 in
1529 2538 1580 2557 una
1596 2530 1745 2566 eademque
1770 2531 1819 2565 hy-

1033 2577 1135 2613 postasi
1161 2577 1272 2604 factam.
1300 2576 1355 2604 Nec
1382 2584 1446 2604 vero
1469 2576 1617 2612 incongrue
1644 2577 1766 2605 Romano
1791 2578 1817 2604 id

1034 2623 1212 2660 applicaveris
1224 2623 1350 2659 imperio,
1365 2628 1474 2658 propter
1488 2623 1624 2651 leoninum
1638 2624 1764 2658 quiddam
1786 2632 1818 2650 ac

1040 2670 1139 2704 regale,
1161 2669 1231 2704 quod
1247 2669 1364 2704 primum
1385 2668 1436 2696 levi
1456 2676 1488 2696 ac
1503 2669 1593 2696 divino
1612 2669 1689 2704 jugo,
1715 2670 1741 2696 id
1765 2674 1818 2701 cst,

1515 2771 1537 2787 ‘°
1554 2770 1625 2800 Psal.
1657 2779 1752 2806 xum,
1777 2772 1818 2800 19.
