1955 3080
160 110 217 145 847

777 109 990 141 ANDRONICI
1012 108 1184 139 COMNENI

1737 106 1793 138 8&8

161 170 318 205 evangelica
338 157 473 204 prteconio
495 169 628 196 cervicem
651 168 815 202 subiecerat,
836 167 948 202 reliquis
966 173 986 199 Α
1001 166 1125 199 idemque
1150 172 1258 192 rursum
1283 164 1403 192 ibidem:
1426 174 1434 190 ι
1458 164 1567 192 Orietur
1586 164 1665 191 stella
1687 173 1718 192 ex
1744 165 1793 192 Ja-

162 217 267 252 populis
282 217 419 251 palearum
444 215 529 242 instar
551 215 699 242 devoratis.
719 223 728 240 t
746 214 779 241 Et
796 213 945 241 delectabi-

162 268 206 289 tur
234 260 324 288 infans
349 260 383 287 ab
415 260 497 287 ubere
523 267 604 293 super
631 259 764 286 foramine
793 258 904 293 aspidis.
935 267 944 283 ι

161 307 252 334 Infans
267 311 348 339 atque
365 304 469 332 lactens
482 304 628 338 Christus;
644 305 760 339 aspides,
777 308 805 331 et
824 303 947 338 aspidem

161 352 268 379 soboles
284 350 412 377 Phariszei
439 358 469 378 ac
483 350 584 377 Scribte
609 356 672 378 suttt
696 350 883 385 intelligendi;
901 357 946 376 ca-

162 404 242 424 verna
266 401 293 423 et
326 395 415 422 cubile
434 395 588 423 Judaaorum
613 401 654 423 est
680 395 840 431 Synagoga,
866 402 946 429 quam

161 442 309 478 praesitens
332 443 359 468 in
389 442 506 476 templo,
536 447 560 470 cl
590 451 699 470 manum
726 444 832 479 agitans
860 443 948 470 dulcis

159 487 238 514 Jesus
261 488 387 514 docebat.
405 496 414 513 ι
432 487 490 514 Non
513 489 659 520 nocebunt,
682 493 710 515 et
732 496 785 515 nan
801 489 945 527 .occidcnt,

160 533 186 558 in
209 533 336 560 universo
362 536 452 560 mente
475 538 570 560 sancto
595 540 666 559 meo.
687 542 697 558 ι
723 533 839 560 Rursum
859 533 947 569 Syna-

161 586 236 612 gogae
255 578 390 605 inscitiam
417 578 519 604 notat:
539 584 592 604 non
612 577 701 604 solum
726 578 799 604 enim
819 578 946 613 unigeni—

155 629 216 650 1utn
235 624 280 650 Dei
300 622 396 650 Filium
414 623 439 650 itt
457 628 564 650 crucem
581 618 672 649 actum
688 630 745 650 non
762 629 946 658 peremerunt,

160 671 206 697 sed
240 671 322 697 etiam
363 677 431 704 qttos
464 670 501 696 illi
538 670 612 704 prius
645 670 725 697 morti
761 670 945 702 dituiseraut,

160 717 203 742 hic
217 723 250 742 ex
271 715 385 742 mortuis
409 715 575 749 postliminio
614 715 744 742 restituit.
786 725 795 741 ‹
813 715 945 748 Quoniam

161 762 261 795 repleta
288 765 330 787 est
352 765 425 787 terra
457 761 570 788 scicntia
603 760 720 788 Domini.
737 770 746 787 ι
775 760 841 787 Nam
871 764 943 796 post-

159 814 240 841 quam
266 807 298 833 ad
333 806 436 834 inferos
465 808 566 834 missus
593 812 632 834 est
659 808 729 834 Deus
755 808 834 834 homo
854 806 944 840 Jesns,

1003 212 1063 244 col),
1083 217 1110 238 et
1126 216 1254 245 exsurget
1270 212 1350 237 homo
1363 219 1394 237 ex
1415 211 1544 244 lsrael,ct
1555 210 1690 244 percutiet
1706 212 1793 238 dtu-cs

1003 257 1079 286 Moab
1093 259 1126 291 '°,
1146 268 1155 283 ›
1171 263 1198 285 et
1216 266 1275 292 qua:
1288 263 1449 292 St'qtlttltlur.

1036 304 1169 332 thernm
1193 311 1284 330 verum
1311 304 1394 330 Deum
1418 311 1479 330 esse
1507 303 1645 330 Christum
1662 323 1669 334 .
1703 304 1789 332 Isaias

1002 351 1159 384 comprobat
1175 349 1216 376 Itis
1232 350 1322 376 verbis
1341 358 1348 376 :
1366 358 1376 374 ς
1396 348 1455 376 Non
1470 350 1640 384 angelorum.
1659 359 1712 376 non
1731 350 1792 377 Ito-

1003 396 1102 422 utinum
1118 395 1274 430 quisquam,
1297 394 1343 421 sed
1368 394 1424 428 ipse
1454 403 1503 421 nos
1531 395 1660 422 Dominus
1691 403 1791 421 serva-

1003 441 1040 468 vit
1053 442 1092 473 ²¹;
1112 450 1121 466 ι
1142 446 1224 475 atque
1239 441 1308 467 idem
1330 449 1436 468 rursum
1455 450 1461 467 :
1480 450 1488 465 ‹
1509 441 1576 468 Ecce
1590 448 1684 468 servus
1699 449 1788 473 meus,

1001 487 1145 521 suscipiam
1167 494 1228 512 eum
1259 496 1266 514 :
1293 487 1397 514 electus
1427 495 1503 513 meus
1533 497 1539 514 :
1567 487 1629 514 dedi
1656 485 1790 521 Spiritum

1002 540 1089 558 meum
1101 540 1182 566 super
1193 540 1254 559 eum
1274 541 1281 558 :
1301 533 1433 567 judicium
1443 533 1568 566 gentibus
1581 532 1718 566 proferet:
1732 540 1788 559 non

1000 579 1155 609 contendet,
1174 586 1226 604 non
1243 578 1380 605 clamabit.
1393 578 1533 605 Calamum
1551 583 1707 613 quassatum
1731 586 1787 606 non

1000 629 1133 656 conteret,
1145 624 1265 651 etlinum
1279 625 1413 659 fumigans
1428 632 1479 651 non
1489 626 1651 659 exstinguet.
1668 625 1725 652 Non
1735 627 1790 653 erit

1001 671 1096 701 tristis,
1113 677 1200 704 neque
1212 669 1391 702 turbulentus.
1408 671 1493 697 donec
1503 675 1583 704 ponat
1597 671 1622 696 in
1632 675 1701 697 terra
1711 672 1789 705 judi‘

999 715 1081 748 cium,
1097 721 1123 742 et
1140 716 1166 742 itt
1182 715 1288 742 nomine
1299 715 1356 749 ejus
1369 720 1463 750 gentes
1484 716 1668 750 sperabunt".
1684 725 1693 741 ι
1713 716 1788 743 Idem

999 762 1031 788 de
1039 760 1143 788 Joanne
1151 761 1288 796 Baptista:
1305 770 1314 786 ι
1325 761 1423 796 Regem
1434 762 1586 796 eumgloria
1595 762 1749 790 videbitis"
1762 771 1787 795 ;›

999 813 1046 834 et:
1066 816 1075 832 ι
1094 806 1149 834 Vox
1171 807 1313 834 clamantis
1329 807 1355 834 iu
1375 808 1502 834 deserto:
1521 807 1617 835 Parata
1640 809 1709 835 riam
1736 808 1788 834 Do-

160 857 216 878 tum
231 859 295 879 vero
311 852 497 887 evangelicum
520 853 684 887 pra:conium
711 854 797 888 magis
813 861 947 888 propaga-
962 852 983 881 Β
998 853 1074 879 mini.
1093 852 1192 880 Rectas
1206 853 1286 880 facile
1299 854 1409 880 semitas
1428 854 1473 880 Dei
1489 854 1583 880 vestri.
1598 854 1692 881 Omnis
1708 854 1790 881 Vallis

160 902 216 924 tutu
238 902 290 925 est.
315 906 323 923 α
343 898 418 924 Sicut
435 906 511 932 aqua:
535 906 609 925 mare
634 899 798 933 operientes.
818 908 827 924 ι
856 900 947 932 Quod-

160 951 221 970 nam
235 951 310 970 tuare
325 944 404 979 aquis
417 944 560 978 operitur?
573 944 605 971 Et
627 944 837 972 simulacrorum
859 945 947 972 cultus

159 996 264 1023 aequor,
291 993 318 1016 et
345 989 481 1016 inhaerens
509 990 535 1016 iu
564 989 622 1024 lege
649 990 793 1017 umbratile
816 990 946 1024 quiddam

159 1039 241 1068 atque
264 1034 464 1068 imperfectum.
483 1044 492 1060 ι
509 1035 537 1061 In
563 1035 606 1061 illa
634 1035 677 1062 die
694 1036 768 1062 radix
795 1035 880 1068 Jesse,
901 1037 946 1071 qui

160 1085 215 1106 stat
231 1079 256 1106 in
274 1080 381 1114 signum
399 1081 570 1115 populorum,
588 1081 614 1107 in
639 1081 729 1115 ipsum
745 1086 840 1116 gentes
855 1089 948 1116 spera-

160 1127 237 1153 bunt.
256 1136 265 1152 »
285 1125 427 1153 Sententia
443 1127 500 1154 haec
517 1133 559 1154 est
576 1137 582 1155 :
601 1127 651 1161 Qui
667 1136 700 1155 ex
722 1123 836 1156 mortuis
859 1137 948 1156 resur-

160 1177 205 1206 get
224 1171 267 1199 die
282 1180 296 1199 a
316 1172 444 1200 Sabbatis
461 1173 557 1206 altero,
574 1182 606 1200 ex
621 1174 719 1201 Jessaza
733 1174 818 1209 stirpe
833 1175 898 1208 erit,
919 1175 944 1202 in

158 1225 250 1250 coque
279 1225 354 1252 spem
380 1217 528 1250 habebunt,
546 1225 598 1245 non
625 1219 669 1252 qui
689 1226 704 1246 e
730 1219 883 1254 Synagoga,
899 1220 946 1246 sed

157 1271 190 1290 ex
206 1264 344 1299 gentibus.
362 1273 372 1289 ι
391 1263 423 1290 Εῑ
439 1265 492 1290 erit
509 1264 664 1298 sepulcrum
678 1265 737 1298 ejus
753 1263 912 1299 gloriosum,
934 1273 943 1290 ι

158 1317 204 1336 seu
220 1319 227 1336 :
245 1318 254 1334 ι
270 1309 334 1343 Ejus
351 1310 459 1344 requies
477 1311 529 1336 erit
546 1310 643 1336 honor.
661 1318 670 1334 ι
694 1309 764 1337 Ecce
787 1314 880 1343 aperte
899 1309 945 1337 Dei

160 1362 271 1388 regnum
285 1363 293 1387 ;
307 1362 394 1388 neque
406 1355 479 1381 enim
493 1355 518 1380 in
530 1362 583 1389 quo
595 1355 750 1389 acquiescat
765 1354 821 1381 Rex
840 1360 944 1387 noster,

160 1401 277 1435 equites,
294 1408 379 1434 artua,
398 1401 565 1435 cataphracti
594 1406 621 1428 et
641 1401 772 1429 satellites
789 1406 880 1433 erunt,
895 1402 944 1428 sed

158 1448 247 1474 honor
258 1447 377 1473 divinus.
393 1446 452 1479 Quo
463 1447 589 1481 pertinet,
603 1446 675 1480 quod
689 1446 835 1480 majoribus
846 1447 946 1473 vestris

160 1491 290 1518 Servator
303 1483 372 1518 dixit
388 1501 394 1518 :
417 1500 426 1517 ι
443 1491 494 1524 Qui
511 1499 564 1518 non
581 1492 744 1519 honorilicat
760 1491 869 1524 Filium,
889 1499 942 1519 non

158 1539 319 1568 houoriﬂcat
328 1539 435 1567 Patrem
445 1539 481 1572 “;
500 1549 508 1565 I
522 1544 563 1567 et:
577 1549 586 1565 ί
600 1539 629 1566 Si
644 1540 838 1573 coguovissetis
853 1547 905 1572 me,
917 1545 943 1567 et
956 1527 978 1555 θ

156 1584 266 1613 Patrem
284 1593 375 1612 tneum
391 1586 483 1620 utique
496 1587 691 1620 cognovissetis
705 1586 737 1611 ⁸⁵.
755 1595 764 1611 ι

421 1640 535 1668 CAPUT
564 1640 686 1668 XXXIV.

227 1687 347 1715 Aliorum
370 1689 558 1722 prop/telarum
582 1688 692 1714 oracula
713 1689 744 1715 de
756 1688 871 1716 Christo.

191 1731 246 1761 Sed
262 1734 318 1768 jam
334 1735 430 1768 probe,
444 1735 552 1768 opinor,
582 1733 657 1761 Isaia:
680 1734 770 1762 verbis
792 1735 933 1770 expositis,

155 1781 272 1809 altorum
287 1788 395 1815 quoque
416 1786 510 1807 vatum
531 1780 680 1808 sententias
703 1781 826 1808 edamus.
851 1781 943 1815 Itaque

157 1826 192 1852 de
221 1824 410 1859 Hierosolyma
437 1824 581 1852 confirmat
617 1824 700 1851 David
725 1833 731 1851 :
758 1824 891 1856 (Homo,
916 1829 944 1851 et

158 1871 240 1898 homo
256 1875 336 1898 natus
351 1874 392 1897 est
407 1870 435 1898 in
450 1877 481 1897 ea
494 1879 501 1897 :
515 1875 540 1897 et
557 1871 614 1905 ipse
631 1870 755 1898 fundavit
768 1870 945 1898 eamAltissi-

158 1923 219 1943 mus
233 1915 265 1943 ".
282 1925 292 1942 ι
310 1916 360 1943 Est
373 1920 463 1942 autern
479 1922 575 1943 sensus
598 1915 754 1950 hujusmodi
774 1925 781 1942 :
797 1915 944 1949 Supretuus

159 1964 183 1990 Is
198 1962 242 1996 qui
260 1963 330 1989 hanc
352 1960 568 1996 Hierosolymam
584 1962 717 1994 condidit,
738 1962 765 1988 in
782 1969 813 1988 ea
829 1962 944 1996 denique

160 2009 240 2036 homo
255 2012 333 2034 natus
347 2011 399 2034 est.
415 2006 448 2033 Et
464 2007 548 2033 Isaias
564 2016 570 2032 :
597 2016 606 2032 (
624 2006 692 2034 Ecce
706 2008 781 2042 virgo
796 2007 943 2042 concipiet,

160 2059 188 2081 et
203 2053 291 2088 pariet
307 2052 402 2084 tiliuut,
427 2056 455 2079 et
473 2051 615 2078 vocabitur
631 2059 729 2079 nomen
751 2052 809 2086 ejus
835 2052 945 2079 Emma-

161 2100 223 2127 nuel
234 2099 282 2126 ¹⁷.›
301 2098 384 2125 Porro
402 2097 558 2125 Emmanuel
571 2097 724 2130 Hebraeum,
736 2097 829 2125 Latine
845 2097 942 2124 Nobis-

159 2153 220 2172 cum
233 2144 314 2176 Deus,
333 2144 464 2171 redditur.
492 2143 564 2170 Idem
592 2151 724 2170 rursum:
746 2152 754 2168 ι
773 2145 883 2170 Accessi
908 2143 941 2170 ad

160 2192 380 2227 prophetissam,
405 2195 431 2218 et
456 2190 590 2224 concepit,
614 2195 641 2217 et
666 2190 771 2225 peperit
794 2190 887 2216 ﬁlium.
912 2191 944 2216 Et

160 2238 228 2265 dixit
243 2238 371 2264 Dominus
388 2238 420 2264 ad
442 2244 484 2264 me
498 2245 504 2263 :
522 2235 592 2263 Voua
610 2243 706 2263 nomen
729 2235 797 2271 ejus,
814 2236 945 2263 Accelera

159 2287 245 2320 spolia
261 2286 401 2312 detrahere
425 2294 432 2311 :
460 2284 558 2312 festina
579 2285 695 2319 praedari
720 2284 753 2311 ιδ.
773 2294 782 2310 ι
805 2283 838 2310 Ει
857 2284 946 2311 Moses

161 2331 187 2358 in
210 2330 390 2357 Numerorum
408 2329 477 2357 libro
493 2338 499 2356 :
518 2338 527 2354 ι
544 2328 652 2356 Orietur
679 2330 760 2357 homo
786 2338 819 2356 ex
844 2329 947 2356 semine

160 2375 254 2409 Israel,
278 2380 306 2403 et
321 2375 465 2409 imperabit
482 2374 573 2402 multis
589 2375 726 2409 gentibus,
737 2379 764 2402 et
777 2374 945 2402 exaltabitur

160 2429 274 2456 regulum
303 2420 370 2456 ejus.
401 2420 574 2448 Devorabuut
604 2425 699 2455 gentes
728 2421 820 2448 hostes
846 2419 942 2452 illius,

159 2473 276 2500 esseque
292 2472 384 2493 eorum
401 2464 582 2498 confringant,
604 2469 631 2491 et
654 2462 832 2498 perforabunt
858 2463 944 2496 sagit-

115 2531 118 2534 ι
162 2514 195 2540 tis
212 2513 244 2546 ‘9,
264 2521 273 2538 ι
295 2512 366 2539 illius
380 2511 529 2538 inimicum.
559 2509 650 2538 Hostis
666 2517 730 2538 vero
753 2510 796 2537 hic
818 2509 943 2537 diabolus

160 2564 202 2586 est
218 2558 418 2592 intelligendus,
434 2557 546 2585 missilia
562 2556 662 2584 Christi
679 2557 804 2591 stigmata
819 2560 846 2584 et
859 2561 940 2588 notae,

196 2641 218 2655 “
234 2640 310 2667 Joan.
328 2648 354 2672 v,
383 2639 427 2666 25.
467 2639 488 2655 η
504 2638 582 2666 Joan.
602 2646 657 2670 xtv,
674 2639 699 2666 7.

161 2675 188 2708 8;
206 2674 358 2702 see-cxx.
396 2675 418 2690 "'
439 2674 518 2701 Num.
552 2681 624 2705 xxtv,
643 2674 686 2705 I7,
707 2680 762 2700 see.
777 2672 863 2714 LX¥._
895 2674 916 2688 "
932 2672 947 2698 I:

161 2710 183 2724 “
206 2710 256 2736 Isa.
279 2718 376 2736 xxxut.
394 2710 436 2736 I7.
510 2709 532 2724 ’δ
549 2710 600 2735 lsa.
622 2717 664 2736 ιιι.
680 2709 707 2736 5.
722 2709 748 2735 4.
787 2709 809 2725 ⁸⁸
829 2708 906 2736 tbtd..
930 2707 947 2734 5

217 2718 256 2736 sa.
279 2718 376 2741 xxxttt,
394 2716 436 2736 tl.
510 2716 532 2724 "
549 2716 600 2735 tsa.
622 2717 664 2740 ιιι,
680 2716 707 2742 o,
722 2716 748 2735 4.
787 2716 809 2725 ιν
829 2716 906 2741 ιυια..
930 2716 955 2734 ο.

160 2751 260 2776 Lxxxv,
272 2745 316 2777 I2,
340 2745 380 2771 1'5.
419 2745 441 2759 "
459 2744 523 2771 ibid.
562 2744 585 2759 '°
602 2743 677 2771 lente
692 2752 722 2776 tt,
738 2743 763 2771 7.

198 2823 253 2858 (3|)
274 2823 393 2849 Imitatur
407 2822 532 2850 Nazianz.
547 2821 577 2848 In
593 2820 723 2856 Eripiunt.

740 2638 761 2654 ¹⁶
773 2637 844 2666 Psal.
863 2644 992 2671 eLxxxvr,
1020 2635 1047 2663 5.
1085 2636 1106 2652 ’⁷
1123 2636 1175 2664 lsa.
1192 2645 1239 2669 vu,
1255 2637 1298 2664 M.

740 2680 762 2700 α.
777 2672 857 2700 LXX.
895 2674 916 2688 "
932 2672 985 2704 Isa,
1014 2679 1090 2704 ut",
1113 2672 1140 2703 9.
1160 2680 1216 2699 sec.
1232 2672 1314 2700 LXX.

999 898 1156 932 itnplebitur
1182 907 1189 931 ;
1215 903 1243 926 et
1263 899 1352 926 otunis
1373 907 1451 926 mons
1481 905 1507 926 et
1530 899 1607 926 collis
1626 900 1787 926 lmtniliabi-

999 949 1040 970 tur
1057 944 1091 970 ".
1111 953 1120 969 ι
1141 944 1258 971 Montem
1280 949 1360 978 atque
1383 945 1481 971 collem
1504 945 1546 972 hic
1567 947 1719 972 dminonum
1737 953 1788 972 co-

997 989 1057 1024 pias
1068 989 1203 1022 existima,
1214 997 1271 1023 quae
1284 990 1352 1017 cmlo
1360 989 1393 1016 ob
1409 989 1560 1023 superbiam
1577 990 1737 1022 deturbate,
1751 991 1786 1017 a.l

998 1041 1076 1062 terra:
1091 1036 1143 1062 ima
1153 1035 1287 1068 depressae
1298 1040 1377 1069 sunt;
1393 1035 1499 1068 vallem,
1511 1036 1645 1062 hominum
1662 1040 1788 1062 naturam

997 1088 1058 1115 qua.-
1086 1082 1120 1108 ob
1150 1082 1305 1116 superbiam
1337 1083 1477 1116 depressa,
1498 1089 1605 1108 rursum
1626 1081 1672 1108 Dei
1699 1081 1787 1116 gloria

999 1126 1110 1161 repleta,
1138 1132 1218 1161 atque
1248 1127 1273 1154 in
1296 1128 1382 1154 caelos
1398 1135 1413 1155 e
1438 1133 1511 1154 terra
1538 1127 1642 1154 sublata
1663 1133 1730 1154 est:
1759 1127 1787 1155 id

997 1173 1070 1200 enim
1098 1172 1245 1207 signiﬁcat,
1277 1175 1346 1207 quod
1373 1174 1478 1201 addit:
1513 1183 1522 1199 ι
1541 1173 1627 1200 Erunt
1651 1181 1732 1208 prava
1760 1175 1786 1199 in

998 1219 1112 1250 directa,
1131 1223 1158 1245 et
1182 1226 1277 1253 aspera
1306 1220 1330 1246 iu
1354 1219 1411 1246 vias
1443 1220 1550 1253 planas,
1570 1224 1596 1245 et
1622 1219 1788 1245 revelabitur

997 1263 1081 1298 gloria
1112 1263 1229 1296 Domini,
1259 1269 1286 1291 et
1314 1264 1414 1290 videbit
1446 1265 1536 1291 omnis
1563 1271 1628 1291 earo
1664 1263 1787 1290 salutare

997 1311 1043 1338 Dei
1060 1312 1094 1339 ".
1112 1322 1121 1337 ι
1140 1311 1172 1338 lit
1191 1311 1274 1337 Amos
1298 1311 1430 1345 propheta
1444 1311 1482 1337 ait
1498 1319 1504 1336 :
1528 1320 1536 1336 ε
1557 1311 1583 1336 In
1599 1310 1641 1336 die
1658 1309 1703 1336 illa
1719 1318 1785 1338 sus-

996 1357 1085 1384 citabo
1115 1357 1319 1384 tabernaenluut
1349 1356 1454 1388 David,
1484 1356 1556 1390 quod
1581 1356 1678 1383 cecidit
1707 1364 1714 1382 :
1759 1361 1788 1382 et

997 1403 1166 1430 retedilicabo
1187 1407 1330 1437 aperturas
1356 1410 1494 1428 murorum
1519 1401 1590 1436 ejus,
1618 1407 1644 1428 et
1668 1409 1700 1428 ea
1723 1409 1786 1435 quae

997 1453 1166 1481 corruerant,
1183 1448 1342 1475 instaurabo
1359 1457 1365 1474 :
1391 1452 1418 1475 et
1438 1447 1606 1474 retedilicabo
1627 1447 1690 1474 illud
1713 1448 1787 1474 sicut

997 1495 1024 1521 in
1050 1495 1143 1521 diebus
1159 1495 1287 1528 antiquis,
1308 1503 1318 1519 ι
1339 1498 1367 1520 ut
1389 1494 1532 1528 exquirant
1549 1493 1641 1527 reliqui
1662 1493 1786 1520 homines

997 1541 1153 1573 Dominum,
1182 1547 1209 1567 et
1235 1547 1330 1567 omnes
1352 1544 1446 1574 gentes
1480 1547 1563 1574 super
1593 1546 1661 1572 quas
1676 1539 1788 1564 invoca-

998 1591 1052 1612 ttnu
1069 1591 1110 1612 est
1126 1593 1223 1612 nomen
1251 1593 1350 1612 meum.
1368 1594 1376 1610 ι
1397 1585 1428 1611 Et
1444 1585 1510 1612 dicit
1535 1584 1665 1611 Dominus
1681 1583 1786 1611 faciens

998 1630 1055 1657 haec
1086 1631 1118 1656 ’³.
1136 1640 1145 1656 ι
1175 1630 1258 1663 Quem
1288 1638 1351 1657 vero
1375 1631 1456 1657 Deum
1481 1631 1574 1665 reliqui
1593 1631 1716 1658 homines
1741 1639 1787 1658 re-

997 1676 1175 1710 quisiverunt,
1196 1675 1306 1709 cujusve
1328 1675 1373 1703 Dei
1397 1677 1507 1703 nomine
1529 1681 1556 1703 et
1582 1685 1667 1703 censa-
1679 1682 1741 1703 sunt
1757 1682 1787 1704 cl

997 1727 1158 1749 censeantur
1171 1729 1275 1757 gentes.
1292 1723 1342 1749 nisi
1360 1723 1438 1756 plane
1456 1723 1584 1758 unigeniti
1598 1724 1642 1749 Dei
1654 1723 1724 1754 Filii,
1737 1723 1785 1750 Dt-i

997 1767 1113 1794 hominis
1133 1766 1194 1794 .lesn
1208 1767 1326 1795 Christi?
1343 1769 1565 1802 quemadmodum
1595 1769 1693 1794 clamat
1707 1768 1786 1795 Jure-

997 1813 1065 1839 mias
1082 1822 1088 1839 :
1109 1822 1119 1838 t
1132 1812 1216 1840 Homo
1228 1819 1280 1846 εει,
1295 1818 1322 1840 et
1336 1815 1396 1848 quis
1409 1820 1551 1848 cognoscet
1563 1821 1623 1841 eum
1640 1814 1679 1840 "7
1693 1823 1701 1839 ι
1721 1815 1785 1849 quia

998 1863 1025 1885 et
1041 1859 1110 1886 Deus
1133 1863 1184 1886 est.
1199 1859 1231 1886 Et
1249 1859 1330 1886 David
1350 1868 1383 1886 ex
1412 1868 1526 1894 persona
1550 1859 1649 1887 Christi
1666 1868 1673 1887 :
1693 1860 1788 1887 «Co;-

999 1904 1093 1931 litebor
1116 1905 1182 1938 tibi,
1216 1905 1328 1932 Domine
1356 1906 1424 1933 Deus
1455 1913 1545 1938 meus,
1577 1911 1601 1933 et
1627 1906 1786 1940 gloriﬁeabo

998 1958 1095 1977 nomen
1115 1954 1207 1984 luutn',
1227 1960 1236 1976 ι
1255 1951 1281 1978 id
1296 1957 1346 1984 est,
1369 1951 1546 1986 magnilicabo
1567 1956 1593 1979 et
1607 1952 1784 1986 praedicabo;

1001 2005 1010 2020 ι
1026 1994 1092 2027 Quia
1115 1995 1300 2023 misericordit
1318 2001 1361 2022 tua
1382 2005 1478 2031 magna
1497 2001 1539 2024 est
1559 2005 1638 2030 super
1655 2004 1696 2024 me
1714 1997 1736 2013 ³³
1750 2005 1756 2024 :
1772 2007 1782 2023 ι

997 2048 1051 2068 non
1070 2041 1217 2068 secundum
1248 2042 1431 2076 aequalitatem
1460 2050 1527 2069 mea:
1549 2042 1711 2074 divinitatis,
1736 2042 1786 2069 sed

998 2087 1146 2114 secundum
1165 2087 1217 2114 mei
1233 2087 1356 2121 corporis
1370 2087 1495 2122 gloriam.
1518 2088 1591 2115 Meus
1612 2088 1683 2114 enim
1704 2087 1786 2115 Jesus

999 2131 1133 2166 perfectus
1158 2133 1239 2166 Deus,
1262 2134 1342 2160 etiam
1365 2133 1502 2168 perfectus
1525 2134 1605 2160 homo
1624 2135 1712 2160 factus
1729 2139 1785 2166 est,

999 2186 1069 2205 unus
1083 2186 1115 2205 ex
1128 2179 1232 2206 duabus
1249 2180 1353 2206 naturis
1363 2199 1370 2212 ,
1383 2187 1496 2214 quarum
1508 2180 1551 2206 illa
1567 2188 1627 2215 qua‘.
1641 2180 1783 2206 incantata

999 2229 1055 2257 est,
1080 2224 1228 2257 deiﬁcavit,
1253 2232 1313 2259 quae
1337 2232 1401 2252 vero
1426 2233 1527 2252 carnea
1554 2230 1631 2257 erat,
1657 2225 1785 2252 deiﬁcata

999 2273 1040 2296 est
1056 2269 1122 2303 (51).

1036 2334 1044 2351 ι
1063 2323 1097 2351 Et
1111 2324 1206 2351 eruisti
1222 2324 1340 2351 animam
1359 2331 1446 2351 meam
1460 2332 1494 2352 ex
1507 2332 1539 2352 eo
1552 2324 1660 2352 inferno
1674 2324 1787 2352 inferio-

997 2368 1020 2396 ri
1033 2369 1066 2396 ".
1081 2378 1090 2394 ι
1108 2368 1176 2395 Nam
1185 2376 1269 2403 usque
1277 2369 1309 2396 ad
1318 2368 1589 2397 Cbristidescensum
1612 2370 1645 2396 ad
1670 2369 1784 2403 inferos,

999 2414 1098 2441 nullius
1117 2414 1234 2442 hominis
1250 2415 1339 2442 anima
1351 2415 1485 2443 abiuieris
1499 2420 1540 2442 est
1560 2415 1685 2442 liberata.
1707 2415 1786 2448 Quod

998 2462 1021 2489 si
1043 2461 1124 2489 Jonas
1141 2462 1303 2489 exclamavit
1321 2471 1327 2490 :
1345 2471 1354 2488 ι
1381 2462 1456 2489 Educ
1480 2463 1513 2490 de
1536 2463 1710 2498 corruptione
1727 2463 1786 2489 ani-

998 2516 1069 2535 mam
1083 2509 1226 2541 nteam",n
1238 2515 1265 2536 at
1279 2509 1338 2544 ejus
1352 2510 1440 2536 anima
1455 2510 1551 2536 iterum
1562 2515 1621 2544 post
1634 2516 1785 2544 egressum,

998 2555 1031 2582 ad
1051 2555 1153 2582 inferos
1167 2556 1304 2583 descendit
1320 2564 1327 2584 .'
1344 2565 1353 2582 ι
1370 2555 1455 2583 Deus!
1475 2556 1560 2590 ittiqui
1577 2556 1786 2583 insurrexerunt

1085 2636 1106 2652 ’⁷
1123 2636 1175 2664 lsa.
1192 2645 1239 2669 vu,
1255 2637 1298 2664 M.
1337 2637 1359 2653 ¹⁸
1373 2637 1491 2668 Isa.vut,
1509 2636 1537 2665 5.
1576 2637 1597 2652 ¹⁹
1614 2636 1692 2663 Num.
1708 2643 1784 2667 xxiv,

1337 2637 1359 2653 ¹⁸
1373 2637 1423 2664 Isa.
1434 2644 1491 2668 Vlll.
1509 2636 1537 2665 5.

1350 2672 1374 2688 ³⁸
1392 2672 1443 2699 lsa.
1460 2680 1526 2704 XLII,
1553 2671 1611 2703 1-4,
1629 2678 1684 2699 sec.
1701 2670 1783 2696 LXX.

1350 2708 1358 2724 ⁷
1383 2706 1482 2732 Jereut.
1510 2714 1576 2732 xvu.
1596 2707 1622 2732 9.
1660 2707 1682 2725 ’⁸
1709 2705 1783 2732 Ρδυι.

995 2707 1017 2723 ’⁸
1037 2709 1120 2736 Amos
1133 2715 1170 2741 tx,
1186 2707 1229 2742 II,
1254 2709 1298 2737 I2.
1337 2708 1358 2724 "
1383 2706 1482 2735 Jeretu.
1510 2714 1576 2741 xvu,
1596 2707 1622 2734 9.
