1955 3080
160 143 197 170 ’ὅτ
202 142 217 169 ἑ)

153 247 303 279 potentium
329 251 493 283 quaesierunt
515 255 631 282 animam
656 266 741 286 meam
762 269 768 287 :
787 270 796 286 I
825 247 944 291 Herodes

152 290 232 318 simul
260 297 288 320 et
312 293 432 329 Pilatus,
463 300 507 333 qui
536 308 584 334 per
614 303 638 329 id
671 308 777 340 tempus
810 290 944 341 potestate

156 335 280 371 improbe
294 339 490 377 fungebantur;
512 355 521 371 ε
540 352 566 373 et
584 356 636 374 non
651 335 849 384 propdsuerunt
867 359 892 381 te
915 356 942 382 in

152 389 298 416 conspectu
313 393 372 414 suo.
391 388 411 403 “
434 398 442 414 ι
458 389 496 416 Te
514 392 602 426 'enim,
631 395 722 429 Pater,
746 398 853 433 tuisque
873 407 942 435 pra:-

151 428 237 459 ceptis
264 430 409 460 oblivionis
431 435 566 470 profundo
588 441 709 475 traditis,
737 428 850 472 vere-te
873 428 938 474 con-

150 476 327 508 tempserunt.
344 487 353 504 ι
375 479 406 506 Et
420 485 458 514 tu,
475 483 586 511 Domine
600 485 668 514 Deus
686 497 774 522 meus;
794 500 803 516 I
829 493 940 521 Domine

149 526 181 545 ac
188 522 313 549 conditor
321 527 410 554 omnis
419 534 549 557 creaturae.I
560 531 710 562 invisibilis.
729 535 775 562 «Et
785 537 853 566 Dens
863 547 938 567 meus

149 566 253 599 respice
271 568 297 595 in
320 578 372 599 me.
396 577 421 598 et
450 575 580 604 miserere
599 579 692 611 mei;I
723 583 827 616 respicc
854 585 937 612 inme

148 612 296 639 secundum
323 615 532 654 humanitatem,
555 624 601 657 qui
627 625 767 654 divinitate
782 630 847 657 abes
863 639 935 658 nun-

148 663 241 689 quam.
263 667 272 684 ι
289 659 325 686 Da
343 661 486 697 imperium
504 671 578 695 tuum
601 677 684 703 puero
700 677 744 699 tuo
759 674 791 707 ",
809 684 818 700 I
845 675 869 702 id
884 681 933 708 est,

148 709 236 730 meam
253 705 291 732 tui
313 713 345 734 ex
365 713 390 735 te
411 715 476 738 ante
503 712 658 742 Luciferum
682 719 765 751 geniti
785 705 933 754 potentiam

146 747 327 778 demonstra:
359 755 439 786 quale
461 763 503 784 est
528 764 554 786 et
579 760 644 788 illud
670 762 786 796 Domini,
814 769 935 801 tempore

145 795 280 828 passionis
291 798 314 814 "
330 808 336 826 :
354 809 363 825 ‹
378 801 456 828 Pater
469 823 477 835 ,
503 806 578 832 venit
603 807 680 841 hora,
707 809 824 838 t-larilica
835 811 932 840 Filium

146 843 233 872 tuum,
253 848 280 869 ut
299 843 381 872 Filius
409 851 471 874 tuus
490 849 620 878 clariﬁcet
637 857 662 880 te
677 861 684 880 :
699 854 769 882 sicut
792 857 889 885 dedisti
907 859 932 885 ei

145 889 305 918 potestatem
321 891 409 919 omnis
428 895 518 922 carnis
535 896 616 931 (δι’),
634 907 704 924 I—t
720 900 754 927 Et
773 901 876 930 salvum
893 903 935 930 l‘ac
951 897 972 924 Β

144 930 242 960 Filium
258 935 362 964 ancillae
377 942 426 966 tua:
443 948 450 966 :
472 949 480 965 ι
498 941 694 976 irreprehensaa
709 944 837 982 Virginis.
855 957 863 974 |
881 949 934 977 Fac

143 985 250 1006 meeum
266 981 372 1016 signum
399 984 424 1012 in
447 986 566 1021 bonum;
583 999 592 1015 ι
613 990 637 1017 id
654 998 705 1024 est,
725 999 894 1029 assumptum
919 1004 933 1023 a

143 1032 188 1052 me
202 1033 301 1062 corpus
316 1037 349 1056 ex
364 1037 451 1059 morte
464 1035 578 1063 suscita.
599 1046 608 1062 ‹
625 1036 660 1065 Ut
680 1040 789 1067 videant
808 1042 854 1076 qui
870 1043 935 1070 odc-

142 1076 206 1098 runt
232 1081 286 1106 me,
313 1080 342 1102 ct
361 1078 580 1114 confundantur;
601 1093 610 1109 ι
640 1092 704 1112 vere
741 1087 813 1114 enim
836 1088 932 1123 ingens

141 1118 230 1151 pudor
243 1120 295 1147 erit
323 1123 523 1154 scelestissimze
546 1128 704 1165 Synagogtc,
721 1140 779 1160 mea
801 1118 934 1168 postvtri-

140 1162 225 1190 duum
249 1170 422 1197 resurrectio.
440 1181 449 1197 ι
466 1172 600 1206 Quoniam
614 1177 787 1213 tu,DonIine,
803 1180 930 1215 adjuviin

140 1216 195 1242 me,
215 1217 239 1239 et
269 1216 426 1245 consolatus
455 1227 484 1246 es
512 1228 554 1248 me
577 1222 632 1254 ³⁸.)
663 1224 689 1251 id
715 1230 766 1258 est,
785 1228 857 1262 quod
889 1233 928 1262 tu,

139 1254 230 1290 Pater,
244 1257 299 1293 jam
316 1261 380 1288 olim
399 1264 431 1290 de
447 1273 488 1292 Ine
503 1267 648 1295 consilium
664 1272 778 1299 ceperis.

417 1319 534 1349 CAPUT
554 1323 662 1354 XXXV.

168 1368 360 1405 Prophetarum
378 1376 409 1403 de
427 1376 531 1406 Christo
549 1380 601 1408 Deo
618 1387 642 1409 et
659 1383 761 1412 homine
777 1387 910 1414 vaticinia.

174 1426 259 1456 Porro
286 1436 376 1458 autem
404 1434 551 1467 perlectum
575 1442 601 1464 et
629 1439 710 1467 Duillii
737 1446 764 1469 ct
794 1442 928 1471 hominem

139 1480 203 1501 esse
228 1474 386 1508 Christum.
416 1481 569 1510 luculenter
596 1490 671 1513 vates
696 1487 927 1518 demonstrabant.

693 153 886 185 DI.—\I.OGUS
907 158 1056 189 CONTRA
1076 161 1241 194 JI’I).IZOS.

154 205 237 233 super
254 208 311 228 mc:
326 212 335 228 I
353 205 494 236 pontifices
508 213 532 234 et
550 211 722 245 sacerdotes;
739 223 748 239 ι
764 219 789 241 et
803 216 946 252 Synngoga
963 222 983 249 Α
1000 227 1070 253 ιιτννο
1093 222 1158 249 vivit
1176 223 1256 250 homo
1271 246 1277 256 ,
1296 227 1341 252 scd
1371 227 1396 251 iw.

1736 174 1793 206 εΗ.

1423 228 1493 254 ινιιΙιῘ
1515 229 1595 253 vel")
1610 249 1616 259 ι
1640 232 1709 264 q'md
1728 241 1787 263 rru-

998 265 1066 291 (‘cdil
1083 266 1116 293 de
1130 275 1177 293 ore
1195 268 1240 294 Dei
1258 270 1299 301 “;
1322 280 1329 296 I
1347 271 1475 299 Doridem
1495 281 1568 303 vum,
1584 274 1628 308 q'zi
1645 276 1668 299 in
1687 275 1793 301 (Πηλῆ’

997 311 1061 337 olim
1079 312 1295 342 incarna'icnem
1317 319 1494 351 p:o~picoret,
1512 328 1541 345 ac
1557 321 1754 355 q'lt‘ttlntittttrill
1770 331 1783 345 ’1

996 364 1056 383 eum
1085 366 1117 396 eo
1144 358 1248 393 .Iudmi,
1275 366 1401 396 tanquam
1435 372 1508 391 mero
1534 366 1663 396 lmm'uu.

995 403 1076 430 etiam
1096 404 1150 431 Deo
1175 413 1384 435 consuescerem
1403 430 1409 440 ,
1429 414 1453 436 cl
1482 412 1604 439 ροιινὶιὶυ
1623 413 1757 445 jam-irent
1776 425 1781 441 :

997 457 1006 474 ί
1031 449 1101 477 Ecce
1120 451 1199 477 homo
1224 460 1305 479 vorax
1333 459 1357 480 et
1391 460 1497 489 potator
1521 457 1574 483 vini
1600 458 1639 490 5";
1660 468 1668 484 ι
1699 460 1781 485 emit:

996 499 1059 522 ante
1088 497 1258 525 obturanlcm
1287 501 1428 533 impudens
1446 509 1540 528 eorum
1557 510 1586 529 os
1600 523 1607 535 ,
1632 513 1662 531 ex
1680 505 1742 532 Chri
1762 506 1779 532 ti

992 547 1106 574 persona
1120 543 1305 572 conﬁrmare:
1324 546 1393 579 Quid
1413 555 1454 572 me.
1470 547 1605 574 hominem
1624 550 1708 576 solum
1733 559 1778 575 cn-

992 585 1084 618 gitatis
1097 607 1103 618 ,
1128 596 1159 614 ac
1175 597 1226 616 non
1255 591 1337 616 etiam
1359 592 1462 622 Deum?
1476 592 1533 626 Ego
1562 592 1604 619 illc
1620 601 1651 619 cx
1675 593 1752 630 Virgi:
1766 605 1780 621 c.

991 637 1068 658 natus
1080 653 1086 664 ,
1105 634 1163 660 sine
1179 636 1327 673 mutatione
1344 636 1413 664 Deus
1426 659 1432 670 ,
1451 639 1583 667 .esuricus
1596 645 1676 673 atque
1691 649 1780 666 come—

990 677 1054 703 dcns
1067 698 1074 710 ,
1091 684 1182 706 vestro
1197 701 1203 710 ,
1222 669 1338 707 o..Inda-i
1353 702 1360 714 ,
1386 683 1550 710 adminiculo
1577 692 1629 711 non
1661 685 1777 718 indigeo,

988 730 1065 750 meus
1092 732 1151 751 cum
1180 726 1213 752 sit
1241 727 1333 756 orbis.
1358 733 1383 754 et
1408 729 1538 763 quidquid
1563 738 1596 757 eo
1613 731 1776 758 continetur.

986 768 1078 807 Neque
1104 779 1167 798 vero
1192 777 1251 800 tttas
1282 774 1437 806 foeditates,
1465 776 1490 803 id
1517 782 1579 809 est,
1598 777 1710 804 scelesta
1733 783 1777 804 tua

985 817 1131 850 sacriﬁcia,
1148 818 1283 852 desidero,
1315 821 1506 849 scelestissima
1531 822 1682 858 Synagoga.
1701 824 1776 858 Quod

986 862 1008 889 si
1024 863 1063 890 vis
1079 866 1189 892 omnino
1205 866 1237 892 ad
1253 867 1334 894 vitam
1354 868 1471 903 ingredi,
1488 870 1555 904 legis
1572 872 1709 903 umbram,
1727 879 1775 898 au-

987 909 1051 936 ditis
1069 911 1135 938 meis
1162 913 1284 941 consiliis
1311 919 1393 948 atque.
1410 916 1556 948 mandatis,
1573 917 1678 946 (ποθι-το,
1695 923 1775 951 tthttt‘.

986 956 1019 983 ad
1038 956 1120 983 Deum
1135 959 1270 986 accedens
1296 969 1302 987 :
1322 970 1330 986 ι
1349 961 1460 988 Immola
1489 963 1651 990 sacriﬁcium
1677 964 1773 996 laudis,

984 1006 1010 1029 et
1027 1003 1107 1031 redde
1120 1005 1259 1032 Altissimo
1276 1012 1334 1033 vota
1361 1012 1415 1034 ttta.
1436 1009 1468 1035 Et
1492 1010 1586 1037 invoca
1613 1019 1654 1038 me
1681 1012 1705 1038 in
1730 1012 1774 1039 die

985 1049 1177 1083 tribulationis,
1198 1059 1291 1080 eruam
1316 1059 1352 1086 te,
1379 1061 1405 1081 et
1432 1056 1622 1084 boum-iurabis
1653 1058 1737 1085 me”.
1757 1069 1771 1083 ιι

985 1093 1015 1120 Ει
1032 1095 1164 1124 .Ieremias
1180 1106 1186 1124 :
1206 1107 1216 1123 ‹
1236 1099 1305 1126 Ecce
1320 1100 1378 1128 dies
1404 1102 1509 1128 venient
1525 1123 1532 1135 ,
1550 1103 1615 1130 dicit
1633 1105 1774 1136 Dominus,

983 1145 1010 1167 et
1029 1149 1080 1168 non
1109 1143 1216 1170 docebit
1243 1145 1312 1172 ultra
1328 1147 1368 1173 vir
1385 1148 1537 1180 proximum
1563 1157 1659 1181 suum,
1680 1154 1707 1177 cl.
1732 1151 1772 1178 vir

983 1186 1093 1215 fratrem
1112 1197 1209 1222 suum,
1229 1191 1322 1219 dicens
1347 1202 1353 1220 :
1380 1194 1519 1228 Cognosce
1535 1195 1677 1223 Dominum
1692 1205 1699 1223 :
1713 1204 1772 1223 0m-

983 1241 1029 1260 nes
1044 1234 1116 1261 cnim
1133 1243 1298 1271 cognoscent
1313 1247 1354 1266 me
1367 1260 1375 1272 ,
1401 1248 1414 1266 a
1429 1241 1542 1268 minimo
1565 1249 1660 1269 eorum
1687 1251 1773 1277 usque

982 1281 1015 1306 ad
1032 1282 1177 1308 maximum
1193 1283 1225 1310 “.
1247 1293 1255 1309 I
1286 1284 1378 1312 Itidem
1397 1286 1428 1313 de
1452 1288 1572 1322 gentium
1592 1288 1644 1316 [ide
1667 1289 1768 1316 Isaias:

985 1337 994 1352 ε
1025 1326 1118 1355 Faciet
1146 1328 1276 1357 Dominus
1301 1333 1471 1359 exercituum
1497 1333 1623 1360 omnibtts
1643 1335 1769 1369 populis:

981 1371 1006 1398 in
1026 1379 1116 1401 monte
1133 1376 1185 1402 isto
1210 1377 1321 1404 inducut
1338 1377 1457 1405 lortiliam
1472 1400 1480 1411 ,
1504 1381 1701 1415 perluudentur
1720 1392 1770 1410 IIII-

980 1425 1099 1455 gueuto,
1131 1421 1224 1448 bibent
1247 1423 1338 1450 vinum
1357 1425 1394 1456 “;
1423 1434 1431 1450 I
1455 1426 1497 1452 ubi
1516 1427 1642 1461 gaudium
1662 1429 1694 1455 ad
1723 1429 1769 1456 ba-

981 1466 1078 1501 ptisma
1103 1467 1219 1495 refertur
1241 1478 1248 1502 ;
1273 1473 1299 1496 et
1325 1477 1378 1504 quo
1405 1471 1557 1505 baptizatus
1584 1474 1710 1508 ungitur,
1737 1477 1770 1502 ad

1682 375 1711 392 τη·
1733 377 1783 392 llil'!

141 1518 217 1547 Isaia:
236 1522 343 1556 quidem
362 1524 419 1552 hac
433 1533 496 1554 sum
512 1530 591 1556 verba
608 1539 614 1544 _
636 1540 645 1556 ‘
668 1531 740 1558 Deus
770 1541 885 1558 manu“
902 1517 928 1558 μὲ
981 1520 1087 1539 sacrum
1111 1520 1296 1549 unguentum;
1314 1517 1404 1543 vinum
1421 1518 1454 1544 ad
1478 1518 1719 1547 incontaminatum
1739 1529 1769 1548 ac

195 1530 199 1535 ,
981 1528 1087 1539 :uuum
1111 1528 1296 1549 unguentum;
1315 1528 1404 1543 VIIIIIIII
1421 1528 1454 1544 ait
1478 1528 1719 1547 IlICttlttntIlltmlllm
1739 1529 1768 1548 ac

140 1528 217 1589 :58“?
236 1528 343 1556 qumem
362 1528 419 1576 “fec
433 1533 496 1554 sum
512 1530 614 1582 mdia}
636 1540 645 1556 ‘
668 1531 740 1560 Deus
770 1541 886 1570 magnus
902 1541 929 1589 fit
942 1565 963 1594 ο
983 1558 1151 1587 Dominicum
1172 1561 1340 1595 sanguinem.
1359 1564 1429 1590 Idem
1450 1573 1554 1590 rursum
1571 1575 1577 1591 :
1599 1575 1607 1590 ι
1626 1566 1768 1594 Decretum

152 1569 221 1592 ortIs
237 1575 289 1594 non
307 1576 409 1595 esurtel
426 1572 457 1595 "_
477 1582 485 1595 ι
510 1574 616 1595 Πεινιιιιε
633 1585 697 1595 ποι-η
714 1579 770 1595 I...m
794 1588 925 1595 ..ηιημη

152 1569 221 1592 ortis
237 1575 289 1594 non
307 1570 409 1598 esuriet
426 1572 458 1600 ".
476 1582 485 1599 ›
509 1574 617 1602 Davidis
633 1585 697 1605 vero
714 1579 770 1607 bzec
793 1569 927 1610 sententia

136 1615 179 1638 est
199 1620 206 1639 :
230 1621 240 1638 ‹
257 1614 336 1647 Audi,
349 1618 462 1652 populus
488 1627 577 1654 meus,
602 1628 628 1649 et
645 1623 759 1659 loquar:
779 1625 871 1660 Israel,
902 1635 928 1657 et

138 1658 310 1689 testiﬁcabor
344 1663 392 1690 tibi
417 1674 423 1691 :
450 1666 522 1694 Deus
547 1673 608 1696 tuus
633 1658 686 1705 ego
710 1679 781 1700 sum.
812 1658 870 1702 Non
899 1676 926 1703 in

136 1705 280 1733 sacriﬁciis
304 1708 357 1736 tuis
385 1717 496 1746 arguam
524 1719 549 1740 te
566 1723 572 1740 :
591 1716 747 1745 holocausta
773 1726 862 1747 autem
883 1726 926 1748 tua

137 1750 163 1775 in
182 1757 330 1786 conspectu
357 1763 416 1784 meo
432 1763 496 1784 sunt
520 1767 637 1796 semper.
661 1762 719 1790 Non
746 1765 875 1800 accipiam
893 1767 927 1795 de

137 1795 218 1823 domo
237 1802 280 1825 tua
297 1800 397 1828 vitulos
421 1809 429 1828 :
457 1811 545 1839 neque
563 1806 596 1833 de
613 1810 739 1843 gregibus
757 1795 811 1839 tuis
825 1812 925 1840 hircos.

134 1842 257 1877 Cognovi
275 1847 366 1874 omnia
394 1849 513 1877 volatilia
532 1853 593 1879 creti
608 1862 614 1880 :
630 1859 657 1881 et
681 1856 853 1890 pulchritudo
868 1861 924 1895 agri

136 1897 242 1918 mecum
260 1897 313 1920 est.
331 1893 359 1920 Si
374 1899 509 1929 esuriero,
529 1907 581 1926 non
603 1901 688 1928 dicam
707 1903 775 1931 tibi:
793 1913 870 1933 meus
884 1893 925 1935 est

134 1936 208 1963 enim
223 1939 298 1966 orbis
318 1945 397 1968 terrae
414 1947 441 1970 et
458 1944 597 1977 plenitudo
619 1947 690 1982 ejus.
709 1949 832 1985 Nunquid
849 1960 925 1980 man-

134 1981 239 2010 ducabo
256 1991 352 2013 carnes
371 1992 522 2022 taurorum,
542 1997 589 2018 aut
604 1995 766 2027 sanguinem
784 1996 923 2026 hircorum

134 2028 232 2059 potabo
256 2029 299 2056 ³⁸2
317 2040 326 2057 I
361 2032 451 2065 Quare
477 2042 525 2062 nec
553 2037 657 2064 taurina
687 2047 769 2067 carne
787 2040 856 2070 Deus
875 2051 922 2070 ve-

134 2074 231 2107 scitur,
250 2083 301 2104 nec
333 2078 470 2106 hirciuum
494 2081 561 2108 bibit
590 2085 768 2118 sanguinem?
788 2089 924 2121 quomodo

133 2119 221 2153 igitur
235 2127 323 2149 vatum
339 2124 411 2151 dicta
430 2127 630 2155 conciliemus?
648 2137 710 2157 cum
728 2131 799 2158 dicat
816 2133 920 2162 Isaias:

133 2175 144 2192 ι
158 2166 229 2195 Deus
243 2176 356 2205 magnus
372 2175 399 2198 et
413 2178 564 2207 prapotens
579 2183 632 2202 non
643 2177 744 2204 esariet
761 2178 783 2194 ³⁷
793 2187 800 2211 ;
811 2188 820 2205 I
839 2179 921 2208 David

130 2221 196 2242 vero
207 2224 216 2241 .-
235 2225 245 2242 ‹
257 2215 285 2244 Si
299 2218 434 2252 esuriero,
451 2227 504 2247 non
519 2221 606 2248 dicam
622 2223 682 2250 tibi.
700 2223 826 2259 Nunquid
843 2235 918 2255 man-

130 2259 238 2288 dueabo
255 2269 352 2290 carnes
370 2269 522 2298 taurorum,
537 2273 583 2294 aut
597 2269 759 2304 sanguinem
779 2271 915 2301 hircorum

129 2307 251 2340 potabo?
277 2318 287 2334 ι
317 2308 462 2339 Enimvero
489 2313 528 2340 sic
553 2314 704 2342 habendum
721 2321 765 2344 est
782 2326 788 2344 :
805 2317 915 2352 Isaiam,

129 2351 174 2385 qui
196 2353 228 2379 ad
242 2353 360 2382 divinam
372 2375 379 2388 ,
397 2361 422 2383 et
438 2364 583 2390 perennem
599 2379 607 2392 ,
624 2364 705 2395 atque
721 2362 914 2396 sempiternam

129 2397 231 2426 Christi
247 2404 370 2428 naturam
401 2403 558 2438 respiceret,
571 2406 704 2441 quasique
727 2415 790 2435 cum
807 2408 916 2436 diabolo

128 2443 282 2477 dissereret,
296 2447 341 2480 qui
356 2447 495 2476 Christum
512 2454 618 2479 tentatus
640 2452 752 2486 iubebat
765 2473 772 2485 ,
797 2454 917 2483 ediceret

129 2488 286 2523 lapidibus,
310 2496 339 2518 ut
364 2499 448 2526 panes
463 2494 580 2528 tierent,
608 2497 683 2524 velut
710 2499 916 2533 respondentem

127 2534 240 2568 dicere,
270 2538 373 2566 scilicet
401 2540 483 2567 Deum
512 2549 638 2577 magnum
665 2551 696 2571 ac
721 2550 915 2580 prapotentem

126 2582 252 2610 esurire?
278 2583 355 2618 Quod
390 2594 404 2614 a
434 2586 578 2616 Servatore
609 2597 717 2626 quoque
756 2599 916 2627 responsum

127 2626 263 2663 malignus
290 2632 394 2666 accepit
420 2641 427 2659 :
456 2643 466 2660 ‹
486 2633 622 2670 Scriptum
642 2641 684 2664 est
702 2647 708 2665 :
727 2636 784 2665 Non
802 2626 830 2665 in
857 2640 916 2667 solo

160 2716 183 2733 ³¹
196 2717 270 2747 Psal.
286 2727 386 2752 uxxv,
407 2721 450 2749 I3.
490 2723 512 2739 ³¹
532 2723 596 2752 ibid.
615 2725 657 2753 l5.

125 2785 170 2820 54,
189 2788 236 2816 55.
273 2790 296 2805 ἰ’
318 2791 368 2818 Isa.
392 2800 455 2826 xxv,
471 2785 512 2821 δί’
536 2785 753 2829 ⁸ί

161 2864 229 2901 (3r)
251 2864 312 2901 Its.,
330 2869 393 2904 γῆς.

697 2726 719 2743 ³³
737 2727 815 2756 .Ioan.
833 2737 896 2758 ml.
914 2731 939 2760 I.
961 2731 988 2758 2.

124 2758 207 2785 xm,
226 2754 299 2782 745.
338 2756 360 2772 ιτ
377 2756 447 2784 Psal.
467 2766 512 2792 XL,
530 2759 575 2786 ‘28.
596 2759 619 2776 ³·
633 2760 727 2789 Matth.
751 2771 786 2796 ιν,
802 2754 846 2790 if
868 2754 896 2781 ἶν’
911 2754 1002 2793 uiuit}.
1021 2773 1055 2796 XI.
1074 2754 1116 2794 i9".

125 2785 170 2820 54,
189 2788 236 2816 55.
273 2790 296 2805 ἰ’
318 2791 368 2818 Isa.
392 2800 455 2826 xxv,
471 2793 497 2821 6.
536 2794 560 2811 ⁸³
575 2794 626 2823 Isa.
644 2804 709 2829 xxv,
728 2798 753 2825 9.
795 2799 817 2814 “
831 2799 927 2827 Matth.
950 2809 967 2833 ι,
984 2802 1029 2828 ‘23.
1068 2802 1089 2818 “
1107 2801 1116 2828 I

981 1606 1032 1633 hoc
1048 1612 1088 1633 est.
1104 1615 1185 1641 super
1202 1616 1296 1636 omnes
1310 1616 1424 1645 gentes:
1444 1617 1471 1638 et
1488 1612 1579 1638 dicent
1593 1613 1618 1638 in
1636 1613 1679 1639 illa
1695 1614 1738 1641 die
1753 1624 1759 1641 :

982 1649 1050 1677 Ecce
1064 1651 1135 1678 Deus
1151 1657 1254 1686 noster,
1270 1654 1295 1680 in
1314 1662 1394 1688 quem
1411 1657 1592 1688 speravimus,
1603 1658 1767 1685 exsultemus

980 1696 1007 1722 in
1022 1697 1134 1724 salutari
1152 1703 1257 1732 nostro,
1273 1705 1300 1727 et
1311 1701 1425 1728 salvabit
1438 1710 1488 1729 nos
1502 1703 1558 1737 ipse
1576 1703 1764 1732 Dominus".i

978 1741 1026 1769 Est
1042 1747 1134 1770 autem
1159 1743 1215 1771 hzec
1234 1747 1388 1773 sententia:
1407 1747 1476 1774 Ecce
1503 1747 1572 1775 Deus
1594 1748 1638 1776 ille
1662 1753 1764 1780 noster,

978 1787 1004 1813 in
1036 1795 1089 1822 quo
1119 1795 1194 1823 spem
1226 1789 1369 1824 habemus,
1392 1792 1533 1820 nobiseum
1561 1798 1614 1826 est,
1633 1795 1684 1822 hoc
1710 1803 1763 1827 est,

977 1832 1127 1859 secundum
1157 1841 1268 1869 corpus,
1297 1836 1393 1863 iisdem
1421 1838 1520 1873 quibus
1549 1847 1597 1867 nos
1622 1840 1764 1868 obnoxius.

980 1877 1075 1913 Itaque
1091 1880 1259 1908 exsultenms
1277 1882 1301 1908 in
1321 1883 1407 1910 salute
1427 1882 1595 1917 nostrafDei
1607 1888 1690 1914 nostri
1706 1888 1764 1922 glo-

976 1925 1016 1951 ria
1032 1933 1039 1957 ;
1057 1933 1117 1951 nam
1135 1925 1241 1953 Domini
1261 1928 1465 1963 gloria,scilieet
1477 1938 1542 1958 crux
1555 1951 1563 1963 ,
1587 1937 1677 1960 nostra
1691 1933 1764 1961 salus

976 1976 1027 1997 est.
1051 1971 1081 1998 Et
1100 1972 1217 2000 salvabit
1232 1981 1279 2001 nos
1301 1975 1359 2009 ipse
1376 1976 1520 2011 Dominus,
1541 1979 1660 2013 peccatis
1676 1981 1764 2007 omni-

976 2015 1027 2042 hus
1041 2016 1115 2043 cruci
1136 2017 1235 2044 afﬁxis.
1265 2019 1354 2054 Atque
1371 2020 1395 2047 id
1408 2021 1444 2047 ita
1461 2030 1531 2054 esse,
1546 2023 1633 2058 angeli
1649 2025 1681 2051 ad
1699 2025 1761 2051 Dei-

975 2068 1068 2094 paratn
1085 2062 1164 2089 verba
1177 2064 1333 2092 ostendunt.
1358 2075 1367 2091 ι
1390 2066 1421 2093 Ει
1437 2068 1572 2095 vocabunt
1591 2077 1687 2096 nomen
1703 2071 1762 2105 ejus

974 2106 1156 2140 Emmanuel,
1185 2111 1256 2144 quod
1287 2116 1328 2138 est
1360 2112 1588 2148 interpretatum,
1613 2115 1760 2143 Nobiscum

975 2151 1046 2179 Deus
1061 2152 1093 2180 “.
1110 2162 1119 2179 I
1139 2153 1198 2181 JanI
1219 2155 1326 2183 Davidis
1343 2165 1450 2192 quoque
1474 2159 1507 2187 de
1530 2160 1648 2193 Christo,
1664 2169 1696 2189 ex
1714 2162 1760 2189 Dei

973 2201 1000 2224 et
1029 2197 1117 2226 Patris
1145 2206 1262 2233 persona
1287 2201 1337 2228 hoc
1361 2201 1471 2230 eﬂatum
1499 2209 1562 2232 est:
1581 2215 1590 2231 ‹
1609 2205 1711 2232 Ponam
1733 2207 1759 2233 in

933 2233 1041 2268 Dmari
1073 2250 1183 2270 manum
1212 2244 1294 2279 ejus,
1324 2250 1351 2272 et
1377 2247 1403 2273 in
1430 2246 1586 2275 ﬂuminibus
1621 2249 1760 2277 dexteram

971 2287 1029 2322 ejus
1043 2287 1075 2315 ⁵⁵.
1097 2297 1106 2314 ι

1009 2357 1071 2387 luo.
1090 2358 1195 2387 Nullam
1212 2361 1246 2389 de
1261 2360 1371 2389 Christo
1391 2363 1561 2398 prophetiam
1578 2364 1622 2391 hic
1639 2365 1761 2400 psalmus

971 2405 1113 2432 continet:
1132 2406 1165 2434 de
1181 2414 1210 2434 se
1220 2407 1292 2434 enim
1310 2413 1386 2436 vates
1402 2416 1463 2436 eum
1482 2410 1590 2438 cecinit.

1006 2461 1119 2490 Cnms'r.
1148 2463 1188 2490 An
1225 2465 1258 2492 de
1285 2472 1314 2492 se
1342 2465 1426 2493 David
1455 2467 1588 2502 psalmum
1616 2468 1756 2501 cecinerit.-

972 2508 1127 2536 accuratius
1155 2517 1188 2536 ex
1218 2510 1260 2537 his
1287 2517 1347 2545 qua!
1387 2517 1561 2547 sequuntur,
1590 2513 1754 2548 intelligetis.

975 2560 984 2577 ι
1005 2552 1064 2586 Ipse
1088 2553 1224 2581 invocabit
1239 2562 1282 2582 Ine
1301 2564 1308 2582 :
1327 2555 1409 2583 Pater
1429 2563 1504 2584 meus
1533 2564 1561 2584 es
1588 2563 1627 2591 tu;
1646 2567 1656 2584 μ
1681 2558 1755 2592 atqui

971 2596 997 2623 in
1012 2596 1087 2625 nullo
1107 2597 1271 2632 psalmorum
1289 2608 1367 2627 suum
1383 2601 1490 2628 Patrem
1506 2601 1589 2629 Deum
1601 2602 1755 2637 appellabat

970 2642 1054 2671 David
1068 2651 1075 2669 :
1096 2653 1105 2670 ι
1124 2644 1194 2673 Deus
1211 2652 1296 2678 meus.
1313 2651 1340 2674 et
1354 2651 1494 2682 susceptor
1509 2648 1605 2675 salutis
1619 2656 1686 2676 mea:
1699 2648 1722 2664 “
1739 2658 1749 2676 ο

1040 2731 1062 2748 ³⁸
1079 2730 1152 2759 Psal.
1167 2739 1266 2764 Lxxxv,
1288 2733 1331 2761 l6.
1369 2733 1392 2750 "
1408 2734 1460 2762 Isa.
1477 2743 1528 2767 XL,
1550 2735 1595 2762 28.
1643 2736 1666 2752 "
1679 2737 1750 2765 Psal.

1157 2767 1178 2806 ‘_°
1193 2767 1263 2794 Psal.
1281 2776 1359 2806 xux,
1372 2770 1418 2806 ν..
1436 2771 1480 2798 15.
1519 2771 1541 2787 ⁸¹
1559 2770 1658 2806 Jerem.
1674 2779 1752 2806 XXXI,

1068 2802 1089 2818 “
1107 2801 1177 2830 Psal.
1193 2810 1324 2838 LXXXVIII,
1347 2805 1392 2832 26.
1433 2805 1455 2822 ³⁵
1474 2806 1540 2834 ibid.
1554 2805 1599 2833 27.
