1955 3080
170 184 220 217 851
768 181 979 212 .AN’DRUNICI

171 246 318 274 ObserVate
333 253 398 272 sane
412 244 536 271 :Patretn
554 243 700 270 secundum
717 247 853 273 naturain,
868 242 950 268 Deum
969 240 987 267 Α

172 290 320 319 secundum
354 295 521 324 assumptam
555 289 698 316 humanam
726 294 861 316 naturam.
892 297 901 313 ι
923 287 954 313 Et

173 344 223 372 ego
250 335 460 370 primogenitum
484 342 581 369 ponam
606 334 680 361 illum
698 333 737 367 ‘7;
758 343 767 359 ι
785 333 954 360 animadver-

173 382 249 414 titis,
277 386 306 408 ut
334 382 368 408 de
395 380 535 414 nnigenito
562 379 608 407 Dei
628 379 694 407 Filio
718 378 863 414 loquatur?
886 377 954 404 Nam

175 427 257 454 David
274 434 323 454 nec
337 427 384 454 Dei
400 427 470 454 ﬁlius
490 431 559 459 erat,
585 434 633 454 nec
657 426 734 454 Jesse
759 426 800 453 sui
825 423 954 459 genitoris

175 472 374 508 primogenitus
387 493 395 506 ,
422 473 447 500 id
467 473 537 507 quod
552 473 584 500 de
603 480 633 499 se
647 473 704 506 ipse
728 475 842 499 testatur
857 470 883 496 in
899 470 955 496 haec

175 520 257 547 verba
271 529 277 547 :
295 529 304 545 ι
324 519 449 547 Minimus
460 527 533 547 eram
549 518 575 545 in
589 518 719 545 fratribus
735 517 812 549 meis,
830 516 956 550 etjunior

178 568 205 595 in
221 569 301 596 domo
315 567 400 603 patris
413 568 464 595 mei
481 568 513 594 ⁸⁸.
535 577 544 593 ι
564 566 597 593 Et
618 566 717 600 alioqui
733 565 756 593 si
777 564 884 592 Davidis
900 565 957 591 haec

177 614 316 649 prophetia
334 614 367 641 de
392 613 481 648 seipso
497 613 601 645 fuisset,
613 612 726 640 dixisset
742 612 853 646 utique:
870 621 879 637 ι
895 610 955 638 Pri-

177 660 340 694 mogenitum
358 668 367 685 ι
383 659 458 694 posui
488 658 561 686 illum
580 667 587 685 :
608 666 672 692 non,
701 668 710 684 ι
727 666 824 693 ponam
841 658 927 685 illum.
943 667 952 683 ι

180 714 191 730 ι
202 704 342 733 Excelsum
355 712 409 739 prae
423 704 531 738 regibus
545 708 624 731 teme
638 704 672 730 ".
687 705 720 731 At
739 704 820 731 David
836 703 956 730 Iudaeam

177 751 264 779 solum
288 752 390 782 tenuit,
408 758 455 778 nec
478 751 547 778 mari
571 758 666 778 manus
685 750 768 786 ipsius
781 771 788 782 ,
807 757 858 777 nec
872 750 959 777 ﬁumi-

179 796 257 823 nibus
265 796 359 823 dextra
371 795 428 829 ejus
443 795 568 828 imposita
583 800 634 823 est.
648 804 657 821 ι
668 795 832 823 Intetcrnum
847 794 958 822 servabo

176 841 215 868 illi
236 841 449 869 misericordiam
478 849 564 868 meam
585 850 592 868 :
609 846 636 868 et
661 845 847 869 testamentum
866 849 956 868 meum

179 887 256 915 fidele
280 887 329 922 ipsi
344 888 379 915 ”.
400 896 410 913 ι
435 888 470 915 At
497 888 589 915 Davidi
611 887 698 915 foedus
721 887 850 915 hactenus
876 888 957 915 ﬁdum

181 933 289 964 mansit,
306 936 334 959 ut
351 940 422 967 aegre
440 931 498 967 ejus
518 932 588 960 filius
603 932 730 959 Salomon
744 931 841 959 Judaza:
853 937 957 967 sceptra

178 979 331 1011 retinuerit,
342 978 461 1005 Roboam
481 985 544 1005 vero
553 978 705 1005 Salomonis
722 985 804 1012 regno
816 977 957 1005 exciderit.

182 1034 190 1049 ι
222 1024 255 1051 Et
280 1031 376 1058 ponam
406 1023 431 1050 in
459 1022 586 1051 saeculum
604 1022 694 1050 saeculi
722 1029 813 1049 semen
830 1022 905 1056 ejus;
934 1027 961 1050 et

178 1072 304 1098 thronum
320 1071 378 1106 ejus
395 1071 465 1098 sicut
484 1070 542 1097 dies
559 1069 619 1097 cceli
633 1069 666 1096 “.
683 1078 692 1095 ι
716 1068 818 1096 Videtis
842 1069 960 1096 Filium?

178 1117 245 1144 Nam
258 1124 356 1144 sensus
372 1116 524 1151 hujusmodi
540 1120 600 1143 est:
619 1115 776 1150 Complacet
791 1115 960 1150 unigenitum

180 1171 267 1191 meum
283 1163 379 1190 Filium
394 1170 426 1190 ex
439 1170 546 1198 semper
559 1162 669 1197 Virgine
682 1162 776 1194 Maria,
791 1169 850 1197 quae
864 1169 895 1188 ex
911 1162 961 1188 Da-

178 1210 249 1237 vidis
268 1210 370 1237 semine
386 1214 447 1241 est,
462 1216 573 1236 carnem
596 1215 755 1241 assumere;
773 1212 800 1235 et
827 1207 962 1242 perfectus

180 1260 277 1283 natura
291 1255 370 1286 Deus,
384 1255 442 1282 sine
458 1254 621 1287 mutatione,
639 1254 719 1281 homo
734 1254 815 1281 etiam
828 1253 962 1287 perfectus

181 1308 306 1330 nascetur
327 1311 334 1328 :
354 1302 431 1336 cujus
451 1302 558 1329 demum
584 1301 682 1328 solium
710 1299 743 1326 ad
767 1299 828 1327 cmli
855 1303 961 1327 aetatem

180 1349 366 1379 conservabo,
391 1347 416 1374 in
433 1354 541 1374 omnetn
559 1346 719 1373 saeculorum
743 1345 960 1380 perpetuitatem.

180 1394 268 1429 Atque
294 1393 319 1420 id
335 1393 369 1420 ita
396 1400 456 1420 esse
471 1411 479 1425 ,
504 1400 536 1419 ex
554 1391 729 1426 sequentibus
743 1391 795 1418 erit
823 1390 962 1426 apertius;

184 1441 261 1468 addit
276 1440 348 1467 enim
362 1449 368 1467 :
388 1449 397 1466 t
415 1440 443 1467 Si
460 1444 550 1466 autem
578 1439 770 1473 dereliquerint
795 1437 840 1465 ﬁlii
855 1437 912 1472 ejus
927 1437 963 1464 le-

183 1495 243 1523 gem
258 1494 365 1514 meam:
380 1491 407 1514 et
421 1486 446 1513 in
462 1485 572 1521 jndiciis
591 1485 659 1512 meis
675 1492 728 1511 non
744 1483 961 1515 ambulaverint;

183 1534 206 1561 si
229 1533 349 1569 justitias
371 1540 445 1560 meas
463 1531 686 1567 profanaverint,
712 1535 740 1558 et
764 1529 888 1557 ntandata
903 1536 962 1556 mea

184 1587 236 1607 non
251 1579 430 1607 custodierint
444 1588 450 1605 :
466 1578 582 1606 visitabo
606 1577 632 1604 in
646 1576 721 1611 virga
744 1576 901 1610 iniquitates
916 1582 962 1602 eo-
978 1587 999 1616 ε

184 1633 255 1660 rum,
268 1631 295 1654 et
321 1627 348 1653 in
374 1625 532 1653 verberibus
561 1629 670 1660 peccata
697 1631 790 1651 eorum
805 1623 839 1650 ".
865 1631 875 1648 ι
906 1622 963 1649 Non

184 1674 323 1708 ignorans,
340 1672 385 1707 qui
411 1672 518 1699 animos
539 1675 621 1705 atque
639 1677 717 1697 renes
736 1673 882 1700 scrutatur,
901 1675 963 1702 par-

183 1718 294 1745 ticulam
315 1718 338 1744 si
351 1738 358 1748 ,
378 1717 422 1744 hic
436 1716 571 1752 apposuit,
586 1716 632 1743 sed
645 1715 737 1749 judieii
756 1715 797 1742 sui
811 1714 965 1749 aequitatem

183 1762 395 1795 demonstrans,
426 1769 486 1790 cum
514 1760 697 1787 additamenta
727 1756 835 1795 pinnam
851 1757 966 1786 commi-

184 1813 266 1835 natus
290 1812 330 1835 est
356 1817 363 1835 :
387 1817 396 1833 ι
427 1806 640 1834 Misericordiam
671 1811 760 1833 autem
794 1813 880 1832 meam
913 1811 965 1831 non

184 1853 341 1888 dispergam
363 1853 397 1880 ab
410 1860 442 1880 eo
458 1860 466 1880 :
485 1859 572 1886 neque
592 1851 697 1879 nocebo
721 1851 746 1877 in
762 1851 878 1878 veritate
896 1857 967 1877 mea.

187 1899 282 1935 Neque
302 1899 453 1935 profanabo
480 1902 671 1926 testamentum
698 1905 788 1925 meum
816 1906 824 1925 :
859 1901 885 1924 et
909 1904 968 1931 qua:

187 1948 335 1981 procedunt
347 1946 381 1974 de
405 1946 483 1973 labiis
498 1945 565 1973 meis
577 1965 584 1977 ,
601 1953 654 1972 non
682 1944 779 1971 faciam
806 1945 882 1971 irrita
897 1945 931 1972 ".
957 1953 965 1969 ι

189 1991 348 2026 Signiﬁcant
363 1996 451 2018 autem
468 1991 524 2017 hac
538 1999 545 2017 :
559 1989 737 2024 Quantumvis
753 1989 862 2016 Davidis
877 1997 968 2017 semen

187 2038 213 2064 in
227 2036 311 2071 regali
325 2036 392 2064 solio
407 2036 559 2068 considere,
571 2040 653 2070 atque
668 2034 695 2062 in
713 2042 760 2061 vos
776 2042 887 2070 regnare
900 2035 970 2062 hattd

187 2082 284 2109 ridi-tis
297 2089 363 2117 ;ego
380 2085 468 2108 tamen
484 2089 516 2108 ex
529 2081 587 2116 ejus
603 2082 706 2108 semlne
720 2080 819 2116 Regem
834 2081 970 2109 suscitabo

188 2126 261 2154 omni
277 2132 348 2153 terra
364 2126 499 2153 altiorem.

974 918 995 945 B

225 2191 234 2208 ι
252 2182 341 2209 Semel
355 2182 380 2210 in
401 2188 493 2209 sancto
508 2188 595 2213 meo,»
612 2181 638 2209 in
655 2189 718 2209 meo
728 2181 831 2209 scilicet
854 2181 970 2208 naturali

189 2227 271 2256 Filio.
286 2237 296 2254 I
317 2228 345 2256 Si
363 2228 444 2255 David
463 2227 607 2260 mentior,t
623 2227 723 2263 juravi,
741 2228 861 2263 inquam,
879 2228 970 2255 Davidi

1003 178 1171 209 COlINENI
1736 170 1792 203 85?

1002 241 1081 277 genui
1099 244 1126 266 te
1140 240 1175 266 ⁸⁸,
1190 247 1198 264 ι
1216 237 1246 264 Et
1263 244 1389 264 rursum:
1411 244 1419 261 ι
1440 235 1512 262 Dixit
1529 234 1659 262 Dominus
1674 233 1792 260 Domino

1005 295 1077 319 meo,
1092 285 1161 313 Sede
1173 292 1188 311 a
1203 283 1306 311 dextris
1324 282 1391 309 nucis
1405 282 1439 308 ".
1459 290 1468 306 ι
1485 280 1552 307 Nam
1571 280 1615 307 hic
1630 287 1693 306 vere
1703 283 1746 306 est
1763 279 1790 306 in

1005 333 1106 362 atthere
1126 331 1202 359 testis
1222 329 1365 357 indcletus.
1395 327 1453 354 Jatn
1470 335 1534 354 vero
1561 325 1657 353 scribit
1681 325 1765 352 Isaias
1782 334 1790 354 :

1008 391 1017 406 ι
1041 380 1111 408 Ecce
1135 378 1191 406 dies
1213 376 1322 404 venient
1336 393 1344 407 ,
1359 374 1424 401 dicit
1450 373 1638 400 Dominus:et
1654 371 1793 399 suscitabo

1007 427 1089 454 David
1105 432 1215 461 germen
1227 424 1330 458 justum
1346 431 1352 449 :
1369 427 1397 448 et
1412 420 1536 454 regnabit
1552 418 1608 446 Rex
1619 438 1628 450 ,
1640 423 1666 444 et
1682 417 1792 451 sapiens

1009 473 1082 501 erit:
1100 477 1127 499 et
1141 471 1223 499 faciet
1245 469 1379 504 judicium
1403 471 1430 494 et
1450 466 1582 502 justitiam
1607 465 1633 492 in
1652 469 1735 491 terra.
1759 461 1794 489 Et

1008 521 1059 547 hoc
1074 524 1116 547 est
1131 525 1227 546 nomen
1240 516 1310 551 quod
1328 515 1465 542 vocabunt
1479 521 1557 544 eum,
1578 511 1703 538 Ἰωσεδὲκ
1715 530 1722 542 ,
1740 509 1795 536 Do-

1008 565 1201 600 minusjustus
1225 567 1318 590 noster
1331 562 1366 588 ".
1388 570 1397 588 r
1425 560 1457 587 Et
1483 558 1627 586 Habaenc:
1653 565 1662 582 ι
1681 555 1795 590 Operuit

1007 612 1090 640 corios
1105 610 1191 647 gloria
1203 609 1271 644 ejus,
1288 613 1314 635 et
1327 607 1417 635 laudis
1431 606 1489 640 ejus
1503 605 1580 640 plena
1593 608 1634 630 est
1649 608 1719 630 terra
1738 601 1790 629 ⁸⁸.»

1008 659 1091 694 Cujus
1108 665 1172 691 ergo
1189 656 1255 684 meri
1270 654 1390 682 hominis
1413 653 1540 687 maiestas
1564 650 1648 678 caelos
1671 649 1793 682 obtegat,

1009 693 1086 739 cuius
1105 704 1183 731 laude
1197 707 1270 730 terra
1288 699 1444 735 repleatur?
1457 698 1587 725 nimirum
1608 695 1655 723 Dei
1674 693 1796 722 hominis

1008 751 1083 779 Iesu.
1100 750 1132 777 Et
1150 750 1176 776 in
1194 746 1426 782 Paralipomenis,
1442 744 1474 771 de
1495 750 1545 770 suo
1560 742 1627 770 Filio
1641 741 1712 769 Deus
1729 747 1798 767 con-

1009 797 1118 824 firmat:
1137 805 1146 820 ι
1169 793 1311 822 Stabiliam
1336 798 1448 826 regnum
1474 789 1554 823 ejus:
1572 789 1629 822 ipse
1650 785 1798 814 aediﬁcabit

1010 843 1074 870 mihi
1096 842 1222 873 domum,
1246 843 1274 867 et
1305 837 1419 865 ﬁrmabo
1443 835 1540 863 solium
1570 833 1629 868 ejus
1655 838 1740 866 usque
1768 831 1796 857 in

1010 892 1152 914 a-ternum.
1170 886 1225 920 Ego
1240 891 1287 912 ero
1301 884 1324 910 ei
1343 883 1369 910 in
1385 881 1494 909 Patrem
1507 899 1515 911 .
1541 883 1568 906 et
1586 879 1645 913 ipse
1659 877 1708 905 erit
1728 875 1797 903 mihi

1011 935 1037 962 in
1053 935 1160 966 Filium,
1175 937 1202 959 et
1216 929 1434 959 misericordiam
1449 933 1537 954 meam
1556 933 1609 952 non
1627 923 1746 950 auferam
1763 922 1799 948 ab

1011 988 1043 1009 eo
1059 981 1093 1008 ".
1111 989 1120 1006 ι
1139 979 1172 1006 Et
1186 966 1294 1005 rursum
1309 985 1315 1003 :
1336 985 1344 1001 ι
1363 975 1422 1010 Ipse
1446 973 1498 1001 erit
1516 972 1581 998 mihi
1595 971 1622 998 in
1637 969 1734 997 Filium
1746 987 1754 1000 ,
1770 971 1801 994 et

1010 1034 1060 1062 ego
1074 1033 1121 1054 ero
1144 1025 1181 1052 illi
1198 1024 1225 1051 in
1251 1023 1357 1050 Patrem
1384 1019 1552 1052 ﬁrmaboque
1576 1016 1670 1045 solium
1691 1014 1752 1049 ejus
1769 1012 1799 1040 in

1011 1072 1094 1101 Israel
1109 1072 1135 1099 in
1151 1075 1283 1098 aeternum
1299 1069 1336 1095 ⁸ο.
1356 1077 1365 1093 ι

1045 1126 1107 1154 Jun.
1125 1125 1158 1152 Et
1174 1131 1223 1152 cur
1249 1127 1338 1149 autem
1358 1127 1408 1146 non
1435 1119 1522 1150 dixit,
1552 1115 1694 1143 Stabiliam
1721 1112 1802 1139 thro-

1011 1181 1075 1200 num
1096 1171 1155 1198 Filii
1172 1170 1225 1198 mei
1239 1190 1246 1201 ,
1260 1168 1321 1204 quia
1338 1167 1417 1194 Pater
1443 1165 1514 1192 illius
1529 1170 1587 1190 sum
1601 1169 1608 1188 :
1625 1160 1692 1192 sed,
1720 1167 1730 1184 ι
1746 1157 1801 1185 erit

1012 1217 1077 1245 mihi
1094 1217 1120 1244 in
1134 1215 1244 1247 Filium,
1259 1218 1286 1240 et
1299 1220 1350 1247 ego
1366 1218 1413 1238 ero
1427 1211 1449 1237 ei
1465 1210 1491 1235 in
1506 1207 1630 1235 Patrem?
1646 1214 1655 1232 ι

1049 1263 1163 1290 (ῖιιιιιετ.
1185 1260 1244 1288 Νοιι
1259 1259 1292 1287 de
1307 1256 1418 1292 perenni
1435 1259 1529 1282 natura
1542 1273 1550 1286 ,
1567 1256 1648 1285 atque
1661 1255 1744 1284 regno
1757 1248 1800 1274 sui

1012 1310 1072 1338 Filii
1088 1310 1139 1336 hoc
1157 1308 1265 1334 loculus
1281 1304 1361 1332 Pater
1374 1307 1432 1334 est;
1449 1301 1495 1328 sed
1509 1300 1543 1327 de
1558 1295 1700 1332 temporali
1716 1302 1802 1329 regno

1014 1359 1041 1382 et
1060 1357 1210 1387 assumpto.
1245 1350 1338 1383 Neque
1353 1347 1424 1373 enim
1449 1343 1565 1373 concidit
1595 1347 1713 1377 perenne
1740 1339 1803 1372 ejus

1013 1407 1146 1435 regnum,
1173 1404 1260 1431 neque
1288 1395 1478 1422 inconcussum
1515 1390 1574 1424 ejus
1605 1387 1704 1415 solium
1743 1390 1804 1412 sta-

1014 1447 1084 1475 biliri
1100 1452 1167 1480 opus
1180 1443 1305 1471 habebat.
1322 1441 1412 1474 Quare
1425 1438 1457 1465 de
1475 1440 1595 1464 nostrate
1618 1440 1702 1468 regno
1717 1437 1803 1465 atque

1014 1491 1082 1520 solio
1097 1490 1182 1518 David
1198 1487 1321 1518 disserit,
1340 1490 1366 1512 et
1385 1486 1493 1511 domum
1522 1479 1732 1508 construendam
1750 1484 1803 1503 no-

1014 1545 1075 1565 vam
1090 1535 1237 1564 Ecclesiam
1253 1532 1408 1568 signiﬁcat;
1425 1537 1487 1556 nam
1513 1534 1629 1561 superna
1643 1526 1751 1555 domus,
1770 1530 1804 1549 ac

1017 1589 1134 1618 perenne
1163 1587 1276 1616 regnum
1300 1586 1331 1605 ex
1358 1576 1430 1604 omni
1465 1573 1634 1601 asternitate.
1663 1575 1743 1604 atque
1774 1568 1803 1595 in

1016 1636 1124 1657 omnem
1148 1614 1356 1662 perpetuitatem
1384 1625 1511 1653 constat,
1536 1625 1672 1652 nunquam
1698 1614 1805 1642 labefa-

1017 1661 1154 1704 ctandam;
1181 1672 1265 1700 Isaias
1279 1676 1403 1705 quoque,
1423 1675 1456 1695 ex
1476 1672 1592 1702 persona
1617 1663 1719 1691 Christi
1741 1661 1804 1688 ait:

1020 1730 1029 1746 ι
1048 1720 1104 1753 Ego
1116 1719 1245 1746 Dominus
1260 1717 1372 1750 loquens
1381 1713 1525 1748 justitiam,
1535 1709 1701 1737 annuntians
1714 1711 1804 1734 recta.

1017 1765 1224 1801 Congregamini
1241 1784 1249 1796 ,
1273 1768 1299 1791 et
1315 1763 1425 1793 venite,
1450 1764 1476 1786 et
1500 1758 1620 1786 accedite
1645 1755 1724 1783 simul
1754 1755 1806 1789 qui

1019 1813 1113 1842 salvati
1142 1812 1207 1839 estis
1232 1818 1264 1838 ex
1294 1809 1428 1844 gentibus.
1449 1806 1505 1841 Ego
1527 1804 1620 1836 Deus,
1642 1806 1669 1829 et
1691 1808 1744 1827 non
1762 1804 1806 1826 est

1019 1859 1087 1886 alius
1103 1858 1173 1884 Deus
1196 1855 1285 1891 justus
1307 1858 1333 1881 et
1348 1852 1472 1879 Salvator
1495 1857 1550 1877 non
1569 1852 1612 1875 est
1630 1850 1728 1881 praeter
1749 1851 1806 1870 me.

1018 1890 1213 1933 Convertimini
1229 1901 1261 1928 ad
1279 1907 1339 1932 me,
1361 1903 1387 1926 et
1402 1897 1468 1924 salvi
1483 1895 1560 1924 eritis
1573 1894 1606 1920 ".
1625 1902 1634 1919 ι
1652 1892 1685 1919 Ει
1702 1890 1807 1922 Moses,

1020 1958 1051 1978 ex
1068 1948 1189 1982 ejusdem
1203 1952 1317 1981 persona
1342 1952 1349 1970 :
1377 1952 1386 1968 ι
1405 1942 1581 1975 Exspectetur
1598 1943 1627 1966 ut
1647 1936 1734 1973 pluvia
1754 1936 1808 1962 do-

1020 1996 1107 2024 ctrina
1134 2001 1194 2021 mea
1216 2001 1224 2020 :
1257 1991 1322 2018 ﬂuat
1349 1994 1437 2017 utros
1464 1987 1602 2021 eloquium
1629 1991 1719 2011 meum
1735 1983 1771 2009 ".
1794 1991 1806 2008 ι

1020 2042 1079 2070 Jam
1096 2041 1143 2069 Dei
1166 2045 1193 2067 et
1204 2038 1293 2066 Patris
1309 2044 1356 2072 per
1378 2035 1474 2063 Isaiam
1496 2034 1528 2061 ad
1551 2032 1648 2059 Filium
1668 2031 1727 2057 haec
1741 2035 1810 2056 stlttl

1022 2088 1124 2116 verba:
1158 2094 1168 2112 ι
1189 2085 1216 2112 In
1246 2089 1365 2118 tempore
1392 2080 1492 2115 placito
1519 2077 1702 2108 exaudivite,
1724 2078 1752 2102 ct
1779 2074 1809 2100 in

1023 2139 1143 2168 tempore
1156 2131 1252 2159 salutis
1282 2127 1428 2155 auxiliatos
1448 2132 1507 2153 sum
1524 2123 1586 2156 tibi,
1608 2127 1636 2150 et
1650 2121 1712 2149 dedi
1729 2126 1756 2147 te
1779 2120 1808 2146 in

1024 2166 1111 2207 foedus
1135 2175 1288 2212 populi,ut
1309 2173 1458 2201 suscitares
1487 2174 1584 2197 terram
1610 2167 1644 2194 “.
1669 2175 1678 2193 ι
1705 2166 1739 2192 Et
1758 2171 1811 2199 per

1025 2226 1148 2255 eumdem
1165 2230 1270 2251 rursum
1286 2231 1292 2249 :
1315 2230 1324 2247 ι
1351 2219 1416 2248 Dedi
1434 2226 1494 2246 etim
1510 2217 1605 2244 ducem
1619 2236 1627 2249 ,
1643 2222 1675 2242 ac
1701 2221 1810 2249 prame—

190 2282 242 2302 non
254 2274 431 2302 mentiturus:
448 2283 457 2300 ι
476 2273 572 2301 Semen
586 2259 644 2309 ejus
659 2275 685 2302 in
699 2259 828 2303 altern-um
841 2274 969 2303 manebit.
990 2259 1010 2286 θ
1024 2277 1127 2307 plorem
1157 2269 1292 2305 gentibus.
1310 2267 1379 2293 Ecce
1401 2269 1493 2300 gentes
1507 2269 1567 2298 quae
1588 2265 1614 2288 te
1634 2267 1687 2287 non
1706 2266 1811 2292 cogno-

191 2321 224 2348 Et
237 2321 351 2348 thronus
366 2320 425 2354 ejus
439 2320 509 2347 sicut
524 2319 565 2347 sol
580 2319 605 2346 in
618 2324 764 2355 conspectu
779 2327 846 2352 meo,
861 2325 888 2346 et
902 2320 970 2346 sicut

190 2367 253 2394 luna
267 2367 387 2400 perfecta
405 2367 431 2393 in
453 2371 582 2393 aeternum
596 2386 603 2399 ,
621 2371 649 2393 et
667 2365 745 2393 testis
770 2365 797 2392 in
820 2366 889 2392 coelo
906 2365 970 2392 ﬁde-

189 2414 222 2442 .is
237 2413 270 2441 ".
297 2422 306 2439 ι
338 2412 454 2445 Videte,
481 2412 707 2447 quemadmodum
731 2413 765 2439 de
788 2411 841 2438 Deo
865 2411 983 2439 homine-

191 2458 252 2487 Iesu
267 2464 343 2486 vates
357 2458 446 2486 omnia
466 2457 603 2493 praedicat.
621 2457 679 2490 Quo
702 2461 780 2493 pacto
793 2457 864 2484 enim
883 2464 972 2484 merus

191 2504 258 2532 :itra
271 2503 441 2532 divinitatem
460 2504 541 2530 homo
555 2502 683 2537 perennis
695 2503 784 2534 duret,
799 2501 916 2537 ejusque
928 2509 971 2529 so-

189 2551 267 2583 .ium,
293 2555 321 2578 ut
340 2549 380 2577 sol
399 2549 469 2585 apud
496 2535 578 2576 Deum
592 2568 600 2581 ,
627 2549 793 2582 utqueluna
819 2535 925 2576 constat
945 2549 971 2575 in

190 2597 372 2631 perpetuum?
399 2596 452 2625 Sed
469 2595 590 2631 profecto
614 2596 658 2623 hic
673 2595 718 2623 ille
739 2599 801 2627 est,
816 2596 848 2622 de
871 2602 924 2629 quo
938 2601 972 2622 ex

191 2642 237 2672 Del
251 2650 367 2679 persona
392 2642 540 2677 praedicat:
560 2651 571 2668 ο
586 2641 625 2669 Ex
641 2645 719 2670 utero
735 2645 799 2669 ante
815 2640 969 2668 Luciferum

265 2776 277 2787 ι

194 2846 236 2876 51.
255 2846 300 2872 52.
339 2845 362 2861 "
378 2845 443 2872 ibid.
470 2845 521 2876 54,
549 2846 593 2873 55.
629 2845 653 2861 ⁸⁸
676 2845 741 2872 ibid.
764 2843 859 2872 36-58.
897 2843 920 2860 ⁸⁵
937 2842 1008 2870 Psal.

203 2883 214 2897 ⁸
232 2879 384 2911 Habae.m,
396 2880 423 2907 5.
461 2881 483 2896 ⁸⁸
500 2880 609 2907 lParal.
627 2887 695 2911 xvn,
710 2879 757 2912 12,
773 2880 816 2905 15.
858 2878 880 2894 ⁶⁰
897 2878 906 2905 I
921 2877 1008 2905 Paral.

196 2914 222 2942 Ξ.
260 2914 283 2930 ⁸³
305 2914 356 2940 lsa.
375 2922 448 2946 XL“,
461 2914 486 2941 8.

1023 2305 1143 2346 verunt,
1159 2319 1187 2342 et
1209 2312 1300 2347 populi
1317 2311 1363 2346 qui
1387 2309 1542 2337 nescierunt
1569 2311 1596 2333 te
1610 2326 1617 2338 ,
1641 2305 1813 2332 invocabant

1026 2367 1051 2388 te
1067 2362 1098 2388 “.
1121 2370 1130 2386 ι
1149 2360 1264 2386 Rursum
1277 2358 1312 2385 ait
1324 2356 1408 2383 Isaias
1422 2363 1431 2382 :
1451 2363 1460 2380 ι
1477 2355 1546 2380 Ecce
1557 2352 1632 2379 venit
1647 2350 1806 2380 Dominus;

1023 2405 1185 2440 Quomodo?
1205 2413 1214 2429 ι
1231 2403 1282 2436 Qui
1299 2401 1419 2429 atnhulat
1442 2401 1468 2427 in
1496 2398 1610 2434 justitiis
1622 2417 1629 2429 ,
1641 2401 1668 2423 et
1686 2395 1809 2429 loquitur
1848 2402 1850 2404 ·

1024 2455 1176 2483 veritatem,
1193 2455 1218 2478 ct
1229 2450 1291 2476 ndio
1306 2449 1386 2475 habet
1402 2445 1570 2480 iniquitatem
1592 2447 1620 2470 et
1633 2442 1810 2476 injustitianu,

1023 2505 1049 2528 ct
1062 2498 1164 2527 excutit
1182 2504 1278 2524 manus
1293 2501 1355 2522 suas
1371 2494 1405 2520 ab
1416 2492 1490 2520 omni
1505 2497 1628 2520 munere,
1640 2489 1685 2523 qui
1698 2487 1814 2514 obturat

1026 2552 1105 2573 aures
1131 2551 1195 2571 suas
1209 2563 1217 2575 ,
1242 2549 1277 2569 ne
1299 2539 1389 2567 audiat
1414 2538 1571 2572 sanguinem
1587 2535 1619 2561 ⁸⁸.
1640 2543 1649 2560 ι
1669 2533 1765 2560 Videte
1781 2537 1813 2558 ut

1026 2591 1240 2620 incarnationem
1264 2586 1395 2622 propheta
1423 2585 1599 2611 demonstret.
1621 2579 1713 2614 Neque
1734 2579 1811 2606 enim

1026 2645 1058 2665 cx
1074 2637 1115 2663 his
1129 2633 1236 2662 Davidis
1249 2632 1353 2660 verbis:
1371 2639 1381 2656 ι
1397 2629 1474 2659 Oculi
1491 2628 1596 2656 Domini
1611 2633 1692 2661 super
1706 2625 1809 2661 iustos,

228 2811 250 2828 ‘7
275 2810 345 2837 Psal.
364 2818 495 2838 Luxvnt.
511 2810 557 2838 28.
594 2810 617 2826 ’⁸
632 2809 711 2842 Ρδιιῐ.,
729 2816 825 2841 vam,
847 2809 874 2836 9.
912 2807 935 2824 δ’
960 2807 1032 2834 Psal.
1054 2801 1461 2842 Lxxxvtn,28,__'°_ibid:_?9.
1502 2799 1523 2842 'I‘
1541 2798 1605 2842 ibid.
1620 2799 1665 2825 '50.
1704 2797 1812 2842 "ribid‘.

1037 2849 1092 2873 CH,
1119 2842 1146 2868 5.
1184 2833 1206 2855 ⁸⁵
1234 2838 1297 2866 ibid.
1319 2838 1345 2865 l.
1384 2837 1477 2873 f'glmo
1499 2833 1604 2873 fere"):
1630 2833 1760 2873 Exitus,
1786 2833 1814 2860 6.

1026 2868 1099 2909 ml,
1119 2876 1159 2903 l0.
1199 2875 1218 2890 "
1239 2875 1288 2902 lsa.
1304 2870 1484 2906 xav,10,20,
1498 2868 1543 2896 22.
1581 2868 1604 2884 ⁸⁸
1630 2868 1708 2896 Deut.
1726 2875 1816 2902 unt,

528 2914 550 2930 ⁸⁸
564 2915 615 2942 lsa.
638 2922 679 2947 LV,
696 2915 723 2947 4,
737 2915 761 2942 5.
802 2914 824 2930 ⁵⁵
842 2912 1058 2946 Isa.xxxtn,15.
