1955 3080
128 139 183 171 853

663 138 855 170 DIALOGUS
871 136 1022 168 CONTRA
1041 136 1208 168 JUDEOS.

1701 129 1762 159 851.

130 201 159 225 et
172 205 253 226 aures
268 198 328 234 ejus
349 197 377 226 in
394 205 488 233 preces
510 204 626 232 eorum;
647 197 739 225 vultus
757 203 848 225 autem
865 196 916 224 Do-
932 197 957 227 Δ
971 195 1103 224 fraudasti
1115 202 1177 223 eum
1189 194 1224 222 '°.
1244 202 1254 220 ι
1269 192 1375 222 Videtis
1390 196 1419 220 ut
1434 191 1466 219 de
1485 190 1595 219 Christo
1608 189 1752 223 loquatur"

131 243 199 271 mini
217 251 301 279 super
318 244 451 273 facientes
477 244 548 272 mala
561 245 595 277 “,
609 253 620 271 ι
645 248 672 272 et
695 245 753 272 haec
769 243 845 271 Isaia:
857 245 921 270 sunt

132 289 356 326 interpretanda;
372 299 434 318 nam
457 291 502 318 ille
519 291 619 326 partim
637 290 844 325 benignitatem,
858 296 921 323 par~

135 335 183 362 tim
205 335 340 362 vindicem
362 334 409 362 Dei
434 340 600 370 potestatem
624 334 773 367 describit;
801 333 843 360 hic
858 333 921 359 dum

136 380 201 406 dicit
219 388 343 412 manttm,
360 388 394 408 ne
409 380 478 408 dona
494 380 600 416 capiat,
613 384 686 407 arcet
701 399 708 411 ,
732 385 865 413 auresque
889 384 924 404 ne

140 424 270 459 injustam
287 426 384 461 capitis
415 425 616 460 inquisitionem
632 424 789 457 inattdiant,
803 423 923 456 obturat,

136 470 352 498 incarnationem
372 471 429 505 ejus
445 471 571 507 proponit
590 472 624 499 ".

173 517 263 552 Atque
279 517 304 545 id
320 525 414 546 verum
439 525 510 551 esse,
528 525 561 545 ex
577 517 612 545 iis
629 524 689 551 quae
704 521 764 552 post
785 516 924 544 disserun-

136 566 202 596 tur,
232 563 404 599 intelligetis.
428 564 513 591 Addit
538 563 612 591 enim
637 572 644 590 :
665 572 674 590 ι
705 563 815 590 Claudit
832 562 925 590 oculos

136 616 222 642 suos,
250 617 285 637 ne
307 609 417 637 videant
434 609 534 637 malum
559 609 601 643 οε;
619 619 628 635 ι
657 608 690 637 iis
704 608 795 637 verbis
818 607 925 636 Domini

137 662 233 682 necem
254 659 282 682 et
302 654 458 682 .iudaeorutn
480 654 691 683 obstinationem
709 658 815 681 notans.
840 661 849 679 ι
872 653 927 681 Iste

138 699 166 727 in
183 700 300 728 excelsis
324 700 479 733 habitabit,
507 701 674 727 munimenta
697 706 823 727 saxorum
843 698 926 726 subli-

139 746 223 774 mitas
241 746 300 780 ejus
317 747 351 774 ⁸⁸.
368 756 377 772 ι
395 747 519 781 Accipite
538 746 749 774 incarnationem
766 754 772 773 :
795 752 856 773 nam
873 744 926 772 nisi

138 790 173 817 de
189 798 220 817 ea
238 792 341 819 dictum
357 791 408 819 hoc
424 795 466 818 est
478 811 485 822 ,
505 791 615 818 ubinam
634 791 735 825 alioqui
749 791 927 825 comprehen-

139 839 230 870 datur,
245 838 292 872 qui
307 838 407 872 ubique
419 845 542 871 praesens
557 841 654 864 cuncta
672 836 808 871 complet?
824 845 833 862 ι
848 835 927 862 Panis

139 885 167 913 ei
186 885 268 912 datus
284 888 337 916 est,
358 893 367 910 ι
384 883 411 911 id
430 888 482 916 est,
499 890 567 918 pane
585 884 618 910 ad
633 883 827 911 incarnationis
848 882 928 909 fidem

139 929 316 961 veseiturus,
344 937 352 954 I
372 933 399 955 et
424 935 502 963 aquae
521 928 579 963 ejus
596 927 690 955 ﬁdeles
709 932 771 955 sunt
790 927 828 960 °';
848 937 856 953 ι
878 927 929 954 sci-

141 974 204 1002 licet
219 981 325 1002 sacrum
340 974 539 1008 baptisma,seu
550 973 676 1001 salutaris
691 973 822 1001 doctrina.
833 973 930 1006 Quem‘

139 1020 286 1048 admodum
310 1024 337 1047 et
366 1019 491 1047 Christus
514 1020 572 1054 ipse
589 1020 622 1047 ad
638 1019 838 1047 Samaritanam
873 1019 930 1045 dis-

139 1067 206 1095 serit
221 1077 227 1095 :
252 1077 261 1093 I
279 1066 307 1094 Si
320 1067 404 1094 scires
428 1067 526 1094 donum
543 1066 602 1099 Dei,
617 1070 644 1094 et
657 1067 716 1102 quis
725 1071 777 1098 est,
798 1067 843 1101 qtti
866 1065 932 1093 dicit

144 1113 194 1140 tibi
209 1121 216 1139 :
234 1113 269 1140 Da
288 1113 353 1140 mihi
370 1113 474 1145 bibere,
491 1117 518 1140 tu
537 1112 649 1140 forsitan
664 1112 779 1147 petisses
794 1112 827 1138 ab
842 1119 890 1144 eo,
905 1116 932 1139 et

141 1157 262 1185 dedisset
284 1158 329 1186 tibi
355 1165 452 1193 aquam
475 1158 564 1186 vivam
586 1159 624 1190 ⁷ο,
644 1168 654 1184 ι
680 1161 709 1185 ιιι
731 1165 784 1185 non
799 1158 888 1185 sitires
904 1158 932 1184 in

140 1209 285 1232 aeternum.
303 1204 335 1231 Et
352 1211 481 1231 rursum:
504 1214 513 1230 ι
531 1203 580 1237 Qui
596 1204 682 1231 credit
695 1203 722 1231 in
744 1210 800 1234 me,
822 1202 931 1230 ﬂumina

142 1250 176 1276 de
192 1254 284 1277 ventre
295 1249 352 1284 ejus
367 1249 448 1277 ﬂuent
469 1251 546 1284 aquae
561 1249 627 1277 Vivae
641 1249 675 1282 τί,
691 1258 699 1274 ι
723 1248 822 1276 divinae
842 1256 874 1275 ac
889 1255 932 1275 sa-

142 1294 241 1322 Itttaris
267 1295 399 1322 doctrinae
421 1302 573 1322 sermones.
605 1304 614 1321 ι
632 1294 733 1329 Regem
759 1301 821 1322 cum
847 1293 932 1328 gloria

142 1340 271 1367 videbitis
290 1341 329 1374 ",
352 1349 362 1367 ι
382 1341 408 1368 id
429 1344 481 1372 est,
501 1340 637 1367 hominem
655 1347 714 1366 cum
731 1339 819 1366 divina
835 1338 930 1373 gloria.

144 1385 177 1414 Et
199 1386 284 1414 Oseas
309 1395 316 1413 :
345 1396 355 1412 ‹
383 1386 506 1414 Posthmc
529 1390 699 1413 revertentur
725 1384 770 1412 lilii
792 1384 882 1417 Israel,
906 1388 933 1411 et

143 1437 271 1468 quaerent
295 1432 441 1460 Dominum
468 1433 551 1460 Deum
568 1439 646 1460 suum
660 1451 667 1464 ,
694 1435 721 1458 et
743 1430 825 1458 David
843 1438 933 1465 regem

144 1486 226 1506 suum
239 1487 246 1506 :
265 1483 292 1506 et
306 1478 442 1512 pavebunt
455 1478 488 1505 ad
503 1477 658 1509 Dominum,
672 1480 699 1504 et
713 1477 745 1504 ad
762 1477 861 1503 b0num
875 1475 934 1510 ejus

973 248 1034 268 nam
1063 240 1085 268 si
1110 239 1235 268 Ezechiae
1262 238 1380 266 fortasse
1405 235 1542 268 tribuetis,
1563 233 1596 261 ad
1616 232 1754 260 Christum

974 292 1064 315 tamen
1080 293 1144 314 vere
1162 285 1293 313 refertur.
1309 284 1375 318 Quis
1390 283 1463 311 enim
1481 289 1529 309 rex
1547 284 1657 316 propter
1673 276 1756 304 animi

975 337 1066 368 optata
1082 353 1090 366 ,
1110 336 1138 360 et
1162 330 1295 360 orationis
1319 329 1452 365 postulata
1480 326 1584 355 Numen
1611 323 1761 360 propitium.

975 378 1092 406 habuit?
1107 378 1197 413 Atque
1213 377 1239 404 id
1253 383 1347 404 verum
1365 375 1441 405 esse.
1459 374 1529 401 idem
1549 371 1682 406 Propheta
1699 375 1758 395 rur-

975 430 1035 450 sum
1067 423 1122 451 atio
1148 422 1255 458 psalmo
1279 421 1472 449 demonstrat:
1491 428 1500 444 ι
1527 416 1655 447 Benedic,
1668 414 1758 441 anima

976 477 1047 503 mea,
1064 469 1178 497 Domino
1206 477 1215 497 :
1243 468 1289 504 qui
1322 466 1410 502 replet
1437 465 1463 492 in
1486 464 1566 492 bonis
1592 461 1758 490 desiderium

979 519 1054 542 tuum
1071 515 1106 542 '".
1137 514 1244 548 ’,Ωιιοά
1269 513 1291 541 si
1320 512 1413 540 Davidi
1441 510 1590 546 praestitum
1617 515 1669 536 non
1696 510 1759 537 est,

977 561 1069 595 ecquis
1089 561 1158 588 alius
1175 567 1220 588 rex
1235 559 1269 587 de
1286 565 1318 586 eo
1337 565 1366 585 se
1377 555 1512 592 jactabit?
1525 554 1671 582 Enimvero
1686 556 1761 586 post-

977 616 1058 644 quam
1070 608 1186 635 dixisset
1207 616 1213 635 :
1234 616 1243 634 ι
1263 605 1387 638 Domine,
1402 605 1427 631 in
1441 606 1541 630 virtute
1564 606 1607 628 tua
1630 599 1762 626 lmtabitur

978 642 1037 687 rex,
1054 663 1063 679 ι
1086 658 1238 687 caeteraqne
1252 659 1312 687 quae
1326 658 1360 678 eo
1374 649 1494 676 carmine
1507 645 1679 681 praenuntiat,
1694 642 1764 669 indi-

978 707 1044 727 cans
1069 700 1209 733 apertius,
1227 699 1259 726 de
1280 705 1334 733 quo
1359 703 1420 730 rege
1446 693 1604 721 vaticinium
1625 689 1764 719 edidisset,

979 748 1036 774 ait:
1053 756 1062 772 ‹
1078 747 1166 773 Vitam
1189 745 1265 780 petiit
1289 752 1303 771 a
1328 749 1374 772 te:
1392 748 1418 770 et
1439 741 1555 768 tribuisti
1574 739 1598 767 ei
1623 736 1764 771 longitudi-

979 800 1040 821 nem
1061 792 1164 820 dierum
1178 791 1205 817 in
1221 790 1363 822 saeculum,
1379 793 1407 816 et
1422 788 1448 814 in
1462 786 1589 814 sarculum
1611 780 1763 811 saeculi".n

980 839 1068 873 Atque
1083 837 1173 865 nullus
1197 837 1278 872 plane
1299 839 1397 871 praeter
1420 833 1559 861 Christum
1580 837 1626 857 rex
1641 827 1767 873 perennis

981 872 1059 916 vivit,
1087 887 1168 918 atque
1192 887 1297 917 regnat.
1319 880 1407 915 Atque
1432 879 1489 906 haec
1514 876 1621 912 quidem
1650 872 1768 918 prophef

981 934 1071 958 tarum
1094 916 1168 956 sunt.
1194 916 1263 961 Quin
1288 933 1338 953 nos
1360 931 1467 959 quoque
1487 924 1618 949 hactenus
1637 918 1683 946 Dei
1707 916 1767 945 Filii

983 977 1064 1008 atque
1080 971 1161 1000 Verbi
1178 970 1393 998 incarnationem
1415 968 1566 998 edidimus;
1581 971 1667 998 neque
1695 961 1772 989 enim

982 1007 1026 1044 fas
1038 1022 1080 1045 est
1107 1016 1233 1051 amplius.
1250 1014 1317 1041 Nam
1333 1018 1362 1041 ut
1388 1020 1463 1040 mare
1485 1011 1582 1047 cyatho
1610 1007 1697 1035 metiri
1715 1013 1769 1033 non

984 1062 1082 1096 possis,
1096 1062 1166 1096 quod
1185 1061 1277 1088 multis
1294 1065 1376 1094 atque
1395 1057 1551 1092 ingentibus
1564 1054 1654 1082 lluviis
1669 1053 1769 1087 rigetur

984 1107 1046 1143 (etsi
1077 1115 1112 1134 ne
1145 1106 1185 1134 sic
1209 1105 1320 1140 quidem
1348 1108 1473 1131 exactam
1501 1101 1646 1128 veritatem
1674 1104 1771 1125 conse-

984 1158 1084 1188 quatur
1098 1151 1275 1187 exemplum),
1291 1150 1328 1177 ita
1345 1156 1421 1181 sane,
1432 1154 1459 1175 ct
1474 1147 1547 1174 illam
1563 1153 1613 1180 pro
1628 1143 1770 1179 dignitate,

984 1199 1137 1227 edisserere
1155 1205 1186 1224 ac
1202 1197 1242 1224 vel
1257 1195 1430 1223 mediocriter
1447 1190 1632 1228 perscrutari,
1647 1190 1772 1217 humanas

984 1244 1070 1272 menti
1084 1243 1272 1271 inconcessum
1290 1246 1341 1268 est.

1253 1306 1367 1334 CAPUT
1380 1305 1504 1332 XXXVI.

1079 1366 1154 1393 Alter
1175 1365 1257 1392 Isaiae
1276 1365 1308 1391 de
1328 1364 1428 1391 Μειδία
1445 1363 1518 1390 locus
1534 1364 1679 1397 expositus.

1022 1422 1074 1450 Sed
1089 1422 1214 1457 quoniam
1231 1421 1312 1449 nobis
1329 1424 1371 1447 ter
1386 1420 1472 1447 sancti
1490 1427 1521 1446 ac
1540 1419 1638 1446 vivilici
1653 1418 1776 1454 Spiritus

984 1468 1185 1504 processionem
1198 1467 1285 1494 Moses
1303 1474 1357 1502 pra:
1375 1466 1480 1494 caeteris
1495 1466 1603 1493 vatibus
1613 1465 1776 1501 obsignavit,

145 1523 173 1551 in
187 1510 335 1552 novissimo
346 1524 449 1550 dierum
461 1523 484 1539 ⁷³
497 1531 505 1555 ;
519 1532 529 1549 ι
545 1529 603 1556 qua
617 1522 651 1549 de
673 1521 727 1548 Deo
742 1521 850 1548 nomine
869 1519 932 1547 Jesu
947 1534 968 1561 Ο
986 1514 1097 1541 accedat
1110 1520 1174 1541 vero
1185 1517 1212 1540 et.
1228 1512 1325 1545 Isaias,
1347 1511 1391 1546 qui
1413 1510 1549 1545 Unigeniti
1565 1510 1777 1538 incarnationem

146 1570 268 1605 disputat
281 1570 426 1605 propheta,
447 1570 546 1604 partim
566 1568 706 1596 Dominum
720 1568 803 1595 Deum
825 1572 935 1601 propter

147 1617 208 1652 ejus
226 1617 398 1645 divinitatem
422 1623 538 1647 vocans,
554 1615 653 1648 partim
679 1614 804 1641 Davidem
828 1617 937 1648 propter

146 1663 343 1691 humanitatem
358 1682 366 1694 ,
389 1670 439 1690 ceu
460 1670 493 1689 ex
515 1660 632 1691 IDavidis
652 1660 738 1695 stirpe
760 1663 865 1699 natum,
885 1657 936 1686 Ubi

146 1713 190 1736 est
212 1709 284 1735 enim
320 1707 431 1735 Davidis
461 1708 568 1734 demum
600 1706 773 1741 benignitas,
795 1703 938 1740 postremis

147 1753 204 1782 illis
231 1754 419 1790 temporibus,
444 1761 493 1780 nec
513 1752 665 1787 benignitas
689 1751 788 1783 modo,
812 1749 858 1777 sed
881 1756 940 1782 quae

152 1801 279 1828 homines
304 1808 414 1835 quoque
437 1801 464 1828 in
498 1804 637 1834 stuporem
657 1797 792 1825 adducat?
812 1795 844 1823 Et
865 1795 940 1823 Jcre-

148 1846 229 1879 mias,
254 1847 287 1874 de
310 1846 402 1880 pueris
425 1849 536 1881 propter
555 1852 617 1872 eum
646 1843 794 1872 interfectis
815 1851 823 1870 :
846 1851 859 1881 IV
879 1841 940 1869 Ilaec

148 1892 216 1919 dicit
250 1891 380 1919 Dominus
402 1880 572 1924 :rQuiescat
585 1898 637 1917 vox
661 1895 707 1916 tua
728 1897 743 1916 a
760 1880 891 1924 'plorat'u,
916 1892 942 1915 et

148 1938 219 1965 oculi
262 1937 300 1964 tui
338 1944 352 1964 a
380 1937 538 1972 Iacrymis:
569 1936 631 1971 quia
661 1940 703 1962 est
732 1941 834 1962 merces
868 1933 942 1966 operi

151 1989 197 2011 tuo
218 1983 252 2010 ⁷³.
273 1993 283 2009 ι
301 1983 378 2016 Quod
405 1983 474 2010 idem
489 1987 515 2010 et
531 1983 564 2010 de
580 1981 675 2016 quovis
699 1980 848 2016 pmnitente
864 1979 940 2006 dicit.

152 2028 227 2056 Idem
249 2035 358 2055 rursum
378 2036 385 2054 :
402 2037 411 2053 ι
442 2027 500 2055 Νοιι
529 2027 650 2054 interibit
671 2026 705 2054 de
726 2026 809 2053 David
830 2025 882 2057 vir,
897 2023 944 2058 qui

151 2073 246 2101 sedeat
270 2080 352 2108 super
384 2073 511 2100 thronum
539 2072 634 2099 domus
660 2071 743 2098 Israel
758 2071 792 2097 ”.
822 2079 831 2096 ι
862 2068 945 2104 Igitur

151 2117 176 2145 si
191 2125 244 2145 non
263 2117 341 2145 venit
360 2116 490 2145 Christus
503 2137 511 2150 ,
526 2116 641 2144 mendax
656 2119 697 2142 est
710 2117 850 2150 propheta.
867 2113 947 2141 Exci-

152 2164 231 2192 distis
250 2164 322 2192 enim
334 2183 341 2197 ,
362 2163 448 2191 Judaei
462 2183 470 2197 ,
487 2163 604 2198 primum
622 2162 731 2197 quidem
747 2162 831 2197 gratia
850 2160 896 2188 Dei
920 2164 947 2187 et

988 1560 1121 1594 obsignet.
1139 1559 1224 1594 Igitur
1239 1558 1431 1593 prophetarum
1452 1556 1650 1584 illustrissimus
1666 1556 1777 1591 profite-

990 1611 1042 1639 tor,
1062 1605 1125 1639 quid
1150 1605 1220 1632 Dens
1243 1604 1349 1631 locutus
1364 1604 1399 1631 sit
1419 1603 1451 1630 ad
1467 1603 1578 1630 Achaz:
1602 1611 1610 1627 ι
1627 1602 1659 1629 Ει
1680 1602 1778 1636 adjecit

990 1651 1121 1678 Dominus
1136 1649 1209 1684 loqui
1227 1650 1259 1676 ad
1277 1649 1378 1681 Arhaz,
1391 1649 1506 1676 dicens:
1523 1647 1588 1674 Pete
1607 1647 1653 1674 tibi
1671 1646 1778 1680 signum

990 1705 1005 1724 a
1026 1695 1140 1724 Domino
1164 1694 1217 1721 Deo
1235 1698 1280 1721 tuo
1296 1694 1322 1721 in
1344 1693 1508 1728 profundum
1533 1691 1644 1723 inferni,
1678 1692 1734 1718 sive
1752 1692 1779 1717 in

990 1743 1129 1771 excelsum
1155 1749 1248 1777 supra.
1268 1740 1300 1767 Et
1329 1739 1398 1767 dixit
1421 1739 1513 1765 Achaz
1529 1745 1536 1764 ε
1555 1737 1613 1764 Νοιι
1629 1741 1717 1771 petam
1730 1757 1736 1768 ,
1753 1743 1780 1763 et

992 1796 1046 1816 non
1063 1788 1172 1815 tentabo
1186 1787 1339 1814 Dominum.
1351 1785 1384 1812 Et
1398 1785 1466 1812 dixit
1478 1784 1580 1811 Isaias:
1596 1783 1692 1810 Audite
1701 1791 1777 1818 ergo.

992 1835 1088 1862 domus
1105 1834 1207 1861 David:
1225 1832 1352 1868 Nunquid
1373 1839 1467 1867 parum
1493 1831 1568 1858 vobis
1589 1835 1627 1858 est
1651 1830 1780 1857 molestos

993 1888 1055 1908 esse
1073 1879 1238 1911 hominibus,
1266 1879 1329 1914 quia
1357 1878 1461 1905 molesti
1487 1877 1552 1904 estis
1576 1882 1603 1904 et
1619 1876 1673 1903 Deo
1701 1875 1781 1902 meo?

994 1926 1109 1961 Propter
1121 1926 1171 1953 hoc
1185 1925 1261 1952 dabit
1273 1924 1404 1952 Dominus
1417 1924 1476 1958 ipse
1489 1923 1564 1950 vobis
1577 1923 1695 1958 signum.
1712 1923 1782 1949 Ecce

996 1971 1071 2007 virgo
1098 1970 1242 2004 concipiet,
1261 1974 1287 1997 et
1302 1969 1387 2004 pariet
1410 1969 1504 2002 lilium,
1527 1973 1554 1995 et
1577 1968 1718 1995 vocabitur
1734 1975 1783 1994 no-

997 2024 1057 2043 men
1075 2016 1133 2052 ejus
1157 2014 1326 2043 Emmanuel.
1359 2015 1488 2050 Butyrnm
1519 2019 1545 2041 et
1570 2014 1623 2040 mel
1650 2013 1782 2041 comedet.

998 2062 1048 2094 Qui
1077 2066 1223 2096 antequam
1254 2060 1323 2088 Sciat
1341 2065 1387 2086 aut
1408 2059 1536 2095 praeferat
1563 2058 1675 2091 malum,
1703 2058 1785 2092 eliget

998 2109 1098 2136 bonum
1115 2109 1149 2136 "’.
1175 2107 1209 2135 Et
1233 2108 1301 2135 dixit
1327 2107 1456 2134 Dominus
1485 2107 1517 2133 ad
1547 2113 1609 2133 me:
1627 2104 1710 2132 Sume
1736 2103 1784 2131 tibi

1000 2155 1098 2182 librum
1118 2161 1217 2181 novum
1237 2153 1377 2189 grandem,
1393 2158 1422 2180 et
1444 2152 1533 2180 scribe
1549 2151 1576 2179 in
1594 2159 1627 2179 eo
1640 2151 1710 2187 style
1730 2150 1786 2177 ho-

152 2209 357 2245 procuratione,
372 2209 468 2236 deinde
480 2197 506 2236 et
518 2207 763 2241 Hierosolymitana
779 2207 852 2234 sede.
866 2206 943 2233 Absit
960 2201 981 2228 D
995 2201 1077 2228 minis
1091 2209 1098 2227 =
1118 2200 1256 2228 Velociter
1270 2199 1356 2234 spolia
1375 2199 1499 2230 detrahe,
1513 2199 1566 2225 cito
1583 2197 1704 2232 pradare
1717 2197 1753 2224 ⁸ο.
1774 2206 1785 2223 ι

151 2262 229 2288 vero,
245 2254 316 2282 Deus
329 2252 510 2281 immortalis!
539 2256 569 2279 ut
586 2252 747 2279 mendacem
766 2250 810 2278 Dei
825 2250 941 2285 prophe-

153 2287 211 2327 tani
235 2298 380 2334 appellem.
393 2297 446 2325 Sed
462 2304 523 2324 cum
546 2296 579 2323 ad
593 2296 732 2323 Christum
754 2302 837 2329 lisqite
849 2301 943 2329 regna-

153 2346 234 2378 retis,
253 2336 420 2381 regnumque
434 2348 460 2371 et
477 2343 659 2371 sacerdotium
674 2341 813 2374 teneretis,
828 2341 941 2368 veniens

153 2392 289 2425 Christus,
307 2391 354 2426 qui
372 2390 531 2417 humanitus
549 2389 582 2416 ab
603 2387 703 2414 Davide
722 2395 808 2422 genus
819 2386 940 2418 duceret.

155 2436 399 2467 consubstantialis
415 2441 442 2464 et
456 2440 605 2464 coaeternus
617 2434 696 2469 Patri
719 2433 820 2466 Filius,
837 2432 943 2460 Israeli-
964 2437 968 2442 '

154 2489 246 2512 tarum
265 2487 347 2517 atque
370 2481 488 2509 universi
511 2481 583 2508 orbis
608 2479 752 2514 imperium
778 2478 887 2512 accipit.
914 2476 942 2504 Id

154 2530 227 2565 quod
242 2533 269 2556 et
286 2528 369 2555 David
382 2527 535 2558 conﬁrmat.
553 2527 578 2554 in
595 2527 651 2553 haec
672 2526 753 2553 verba
767 2534 774 2552 :
791 2533 800 2550 ι
818 2524 941 2556 Domine,

212 2575 313 2601 virtute
343 2579 386 2600 tua
414 2572 548 2599 laetabitur
577 2571 647 2604 Rex,
675 2577 701 2598 et
726 2577 807 2605 super
827 2562 959 2596 salutare.

157 2625 233 2649 tuum
264 2619 411 2648 exsultabit
439 2618 620 2646 vehementer.
652 2617 818 2645 Desiderium
855 2616 946 2644 cordis

156 2667 217 2702 ejus
241 2666 360 2694 tribuisti
386 2666 430 2693 ei:
447 2669 474 2692 et
498 2664 635 2704 voluntate
657 2664 788 2691 labiorttm
807 2663 867 2698 ejus
891 2670 943 2689 non

193 2792 217 2809 “
232 2791 302 2820 Psal.
326 2798 424 2824 sunt,
449 2790 493 2822 16,
513 2789 556 2817 l7.
595 2789 616 2805 ⁸⁷
633 2788 684 2815 lsa.
707 2795 804 2824 xxrtn,
820 2787 863 2814 15.
902 2787 923 2803 ⁸⁸

987 2780 1084 2824 t.'t_§._
1114 2786 1152 2820 κν,

702 2824 726 2839 ⁷⁵
740 2823 840 2850 Jerein.
856 2830 921 2848 rut
933 2842 939 2852 .
957 2820 1000 2848 16.
1037 2822 1059 2836 ⁷⁵
1072 2818 1171 2848 Jcrem.
1190 2826 1255 2852 Lttt.
1278 2818 1321 2844 Π.

716 2865 764 2884 vn.
780 2857 875 2884 ιο-ιϐ.
913 2857 935 2872 ³ο
950 2856 1002 2884 lsa.
1018 2863 1075 2883 VIII.
1099 2857 1123 2882 ι.
1163 2853 1183 2870 ⁵¹
1202 2853 1268 2880 ibid.
1292 2853 1321 2879 2-

158 2828 184 2845 ⁷³
198 2827 249 2855 lsa.
266 2832 362 2857 χιιιιιι,
374 2826 418 2853 I7.
453 2826 476 2841 "
488 2825 556 2852 Osee
572 2832 600 2851 ιιι
613 2844 620 2855 .
640 2823 666 2851 εἰ.

157 2870 206 2896 cu,
229 2863 255 2895 l.
268 2862 295 2890 5.
332 2861 356 2877 "
375 2860 448 2888 Psal.
464 2868 510 2894 xx,
530 2859 556 2887 5.
595 2860 618 2875 τ’
645 2859 697 2886 lsa.
716 2865 764 2891 vn,
780 2857 875 2886 ιο-ιϐ.

996 2248 1080 2274 Adest
1093 2247 1164 2273 enim
1179 2255 1202 2273 τι
1217 2246 1248 2272 Et
1259 2245 1380 2272 adhibuit
1394 2244 1459 2271 ntihi
1474 2249 1555 2271 testes
1571 2243 1675 2275 fideles,
1693 2241 1786 2269 Uriam

996 2293 1182 2323 sacerdotem,
1209 2296 1237 2318 et
1266 2290 1428 2317 Zachariam
1460 2289 1543 2316 filium
1570 2288 1734 2315 Barac-hiat:
1760 2293 1787 2314 et

997 2337 1100 2364 accessi
1129 2337 1161 2364 ad
1187 2336 1411 2371 prophetissam,
1432 2339 1459 2361 et
1484 2333 1608 2368 concepit
1635 2337 1663 2360 et
1684 2333 1788 2367 peperit

997 2382 1094 2410 filium.
1112 2381 1144 2408 Et
1155 2381 1223 2408 dixit
1242 2381 1370 2407 Dominus
1384 2380 1416 2407 ad
1433 2387 1494 2407 me:
1510 2377 1582 2406 Voca
1605 2385 1701 2405 nomen
1717 2377 1788 2412 ejus,

996 2428 1122 2456 Accelcra
1147 2427 1232 2462 spolia
1256 2426 1421 2454 detrahere:
1439 2425 1547 2452 Festina
1572 2423 1700 2459 prmdari.
1720 2422 1788 2456 Quia

996 2479 1141 2507 antequam
1175 2473 1243 2499 sciat
1277 2479 1344 2505 puer
1389 2478 1486 2497 vocare
1519 2475 1622 2504 patrem
1651 2476 1728 2495 suum
1761 2473 1789 2493 et

998 2523 1111 2549 matrem
1139 2525 1214 2545 suam
1228 2539 1235 2552 ,
1255 2518 1370 2552 accipiet
1391 2516 1577 2543 fortitudinem
1602 2513 1745 2544 Damasci,
1762 2517 1790 2540 et

997 2565 1080 2599 spolia
1096 2564 1230 2591 Samaria!
1243 2571 1335 2590 coram
1358 2570 1419 2597 rege
1446 2560 1620 2596 Assyriorum
1642 2559 1788 2587 Nobiscum

997 2612 1069 2639 Deus
1083 2611 1118 2637 ⁸¹.
1137 2619 1198 2636 ι-ι
1217 2609 1320 2637 Scitote
1338 2614 1443 2643 gentes,
1456 2613 1482 2634 et
1496 2606 1648 2638 vincimini,
1660 2610 1686 2633 et
1699 2606 1790 2632 audite

1000 2660 1131 2686 universae
1160 2658 1255 2693 procul
1288 2661 1394 2684 terrae:
1423 2655 1486 2690 quia
1524 2655 1665 2682 nobiscum
1708 2652 1790 2683 Deus.

1114 2786 1135 2802 "'
1154 2785 1218 2812 ibid.
1256 2783 1279 2799 ⁷⁸
1296 2781 1374 2810 Joan.
1393 2789 1428 2813 tv,
1447 2781 1490 2809 10,
1528 2779 1550 2795 ⁷¹
1569 2779 1648 2806 Joan.
1668 2783 1722 2808 -νιι,
1744 2773 1791 2803 58.

1114 2814 1160 2840 m’.
1190 2826 1238 2840 IIII
1278 2818 1321 2840 17.
1361 2817 1383 2832 ⁷⁸
1401 2816 1470 2840 Psal.
1496 2823 1542 2840 xx.
1562 2813 1626 2840 ΜΞ.
1682 2812 1704 2828 ⁷⁷
1719 2809 1791 2838 1³531.

1167 2826 1255 2852 .Lttt.
1278 2818 1321 2844 l7.
1361 2817 1383 2832 ⁷⁸
1400 2816 1470 2844 Psal.
1496 2823 1542 2848 xx,
1562 2815 1585 2845 l,
1599 2815 1626 2841 ‘2.
1682 2815 1703 2828 "
1719 2815 1791 2838 Ριξξι.

1163 2853 1183 2870 ⁵¹
1202 2853 1268 2880 ibid.
1292 2852 1353 2879 2-4.
