1955 3080
195 102 249 134 £55

193 158 388 187 Contortamini
418 164 445 188 et
469 159 604 187 vincimini
627 168 634 187 :

194 204 380 238 l‘ortabimini;
409 205 497 233 denuo
515 205 677 239 vincemini‘;
693 205 760 233 inite
780 205 934 236 consilium,
951 209 978 232 et

193 251 542 286 dissipabitur:loquitnini
565 252 686 283 verbum,
711 255 737 279 et
759 258 811 278 non
836 250 976 286 nonquia

193 297 332 324 nobiscum
350 296 418 323 Deus
429 296 462 323 ⁸³.
484 305 492 322 ι

228 341 396 369 Οωιετυιηίη
410 341 506 375 primis
523 342 630 376 dignum
643 343 791 376 qumtione
809 347 860 374 est,
882 350 976 377 quam-

192 387 284 413 obrem
322 386 395 414 dicat
438 388 595 422 propheta:
626 398 635 414 ‹
662 388 694 415 Et
723 389 819 422 adjecit
846 388 976 416 Dominus

192 431 264 465 loqui
281 432 314 459 ad
329 432 431 465 Achar,
454 433 561 461 dicens.
581 443 590 460 ›
608 433 645 461 De
660 435 714 462 Deo
728 433 839 468 ejusque
858 434 974 460 adventu

190 477 320 511 propheta
336 477 468 511 dicturus,
484 487 517 506 ne
533 479 666 513 quispiam
683 480 880 515 suspicaretur,
895 479 975 506 alium

189 530 261 554 esse,
271 523 317 558 qui
334 531 348 551 a
362 526 499 560 prophetis
513 533 541 552 se
552 525 688 560 prioribus
697 525 792 553 fuisset
805 525 976 558 praedicatus,

190 572 217 594 et
227 568 321 601 alium,
335 570 381 604 qui
404 578 418 596 a
440 571 528 605 seipso
545 575 600 597 tum
626 571 828 604 praedicaretur,
845 570 955 598 voculas
967 590 976 602 ,

193 624 203 639 ι
223 615 255 642 Et
281 615 391 650 adjecit,
410 625 419 641 ι
444 617 592 651 prophetiae
618 617 701 644 voluit
723 617 881 652 praeﬁgere,
898 619 976 651 quasi

188 661 313 689 «liceret:
334 662 407 689 Inter
423 662 490 690 allas
512 663 645 691 vaticinas
670 663 885 699 prmsagitiones,
906 671 976 698 quas

189 705 303 740 Spiritus
316 711 426 735 sanctus
439 706 474 735 de
487 708 628 743 unigenito
643 708 687 735 Dei
703 708 782 742 Filio,
800 716 847 743 per
860 709 976 743 prophe-

189 756 276 778 tarum
307 752 411 787 linguas
438 754 630 789 promulgavit,
650 753 761 788 insttper
784 754 872 782 adhuc
894 763 903 779 ‹
920 754 976 780 Ad-

183 797 250 830 jerit
266 798 395 825 Dominus
417 798 489 832 loqui
508 799 540 826 ad
563 799 674 826 Achaz:
692 799 756 827 Pete
774 800 820 827 tibi
835 800 940 834 signum
957 807 971 825 a

187 843 300 871 Domino
328 844 382 871 Deo
412 849 457 872 tuo
486 845 512 871 in
542 845 704 880 profundum
731 846 839 878 inferni,
866 846 923 872 sive
945 846 970 872 in

185 890 322 917 excelsum
341 898 431 925 supra.
450 900 460 918 ι
480 891 534 918 Nec
551 899 615 919 vero
634 892 711 926 jubet
728 892 798 919 Deus
814 892 903 919 Achaz
923 899 971 918 ceu

185 934 349 963 diliidentem
373 941 465 970 petere
486 937 603 972 signum.
617 937 719 972 Apage.
736 937 878 970 Quomodo
899 937 970 963 enim

182 981 275 1016 jubeat
306 981 410 1017 signum
435 988 540 1018 petere,
555 984 599 1017 qui
626 984 709 1011 etiam
732 984 825 1018 jussus
851 983 972 1010 abtum?

184 1027 231 1054 sed
255 1027 394 1061 nimirum,
411 1033 440 1056 ut
462 1029 610 1062 praescius',
630 1029 778 1065 Synagogze
798 1029 970 1056 incredulita-

181 1077 235 1100 tem
248 1074 398 1109 pratvidens
410 1075 490 1108 Deus,
504 1076 594 1103 Achaz
604 1076 725 1109 mandat,
737 1077 842 1111 signum
856 1081 968 1111 peteret.

183 1119 414 1152 Quemadmodum
451 1122 596 1157 aliquando
627 1128 654 1151 et
684 1121 794 1150 Thomae
823 1123 970 1150 obstinatio

182 1169 294 1193 t-aateros
308 1167 341 1194 ad
355 1167 521 1201 exploratam
545 1168 647 1196 Christi
663 1168 874 1196 resurrectionis
888 1168 967 1195 iidem

183 1211 328 1243 pertraxit,
356 1215 438 1247 atque
479 1213 653 1248 ontirmavit;
677 1214 714 1242 ita
739 1221 804 1242 sane
826 1218 853 1241 et
879 1215 968 1242 Achaz

183 1255 290 1290 signum
308 1261 417 1291 petere,
434 1266 529 1287 omnes
550 1260 582 1287 ad
596 1260 655 1287 'veri
679 1261 865 1287 credulitatem
882 1260 968 1287 addu-

179 1303 220 1329 xit
238 1307 265 1330 et
282 1305 476 1333 constabilivit.
494 1305 526 1333 Et
545 1306 567 1333 si
585 1314 648 1334 vero
671 1307 762 1334 Achaz
784 1307 918 1340 abnuerit,
935 1314 967 1334 ac

179 1348 370 1382 responderit:
393 1359 402 1376 α
421 1350 478 1378 Non
507 1356 645 1385 petam,et
669 1361 721 1380 non
743 1354 853 1381 tentaho
878 1353 967 1380 Domi-

178 1400 242 1419 num
251 1393 285 1425 ⁸³,
304 1402 314 1419 ι
331 1394 415 1423 Isaias
434 1400 522 1423 tamen
546 1405 596 1432 pro
614 1406 646 1426 eo
666 1399 799 1426 exclamat
815 1409 822 1426 :
844 1408 853 1425 ι
868 1399 966 1427 Audite

178 1445 243 1474 ergo
268 1439 363 1468 domus
389 1440 483 1469 David.
509 1452 518 1469 ι
543 1443 612 1472 Ecce
639 1445 673 1472 ad
702 1453 769 1480 quos
801 1446 963 1480 promissum

808 99 1022 131 ANDRONICI
1039 99 1211 130 COMNENI

655 159 679 187 si
696 159 769 187 enim
794 160 883 187 denuo
915 166 981 186 con-
995 157 1019 184 A
1033 161 1085 184 etc.
1104 157 1170 184 Nam
1191 165 1223 186 ex
1240 159 1312 186 omni
1336 161 1463 188 memoria
1490 162 1568 189 fando
1588 163 1740 193 inamlitum
1761 171 1814 199 est,

1758 108 1813 140 856

1031 203 1159 237 virginem
1177 203 1260 232 ﬁlium
1274 207 1408 239 genuisse.
1424 208 1517 243 Itaque
1533 217 1585 236 non
1602 210 1708 245 signum
1723 213 1814 245 modo,

1029 249 1075 276 sed
1099 250 1289 278 miraculorum
1311 253 1431 280 omnium
1453 255 1676 284 miriﬁcissimum
1689 259 1738 284 'est
1751 258 1813 291 hoc,

1028 299 1055 321 et
1071 302 1229 324 arcanorum
1252 305 1283 325 ac
1298 298 1478 334 prodigiorum
1503 300 1580 336 longe
1604 303 1813 331 arcanissimum

1028 347 1059 367 ac
1077 342 1346 376 prodigiosissimnm.
1364 354 1374 370 ε
1389 344 1516 381 Butyrum
1531 351 1559 374 et
1579 348 1630 375 mel
1645 350 1779 376 comedet.
1800 359 1810 376 ι

1028 386 1048 412 Α
1086 387 1216 415 miraculo
1245 389 1278 416 ad
1309 389 1469 418 miraculum
1511 392 1684 426 digreditur,
1712 395 1814 422 etenim

1028 432 1176 465 praelatus:
1199 443 1210 460 ‹
1226 433 1296 462 Deus
1318 443 1430 471 magnus
1446 444 1478 465 ac
1499 443 1652 473 praepotens
1673 447 1726 466 non
1752 448 1816 467 esu-

1029 477 1089 510 riet,
1103 487 1112 503 r
1123 486 1195 505 nunc
1207 478 1344 515 Unigeuiti
1355 481 1568 511 incarnationem
1580 486 1816 520 comprehemtens

1028 523 1065 550 ait
1076 531 1084 550 :
1095 523 1181 557 Quem
1196 533 1244 559 pro
1257 529 1480 562 supratemporali
1495 535 1590 557 natura
1605 531 1674 558 haud
1692 533 1815 558 esuritu-

1029 576 1086 595 rum
1109 570 1262 604 przececini,
1282 580 1353 600 nunc
1370 581 1402 600 ex
1420 575 1523 609 virgine
1549 575 1685 602 hominem
1707 582 1812 609 natum,

1028 616 1094 642 citra
1110 621 1260 650 peccatum,
1276 617 1373 654 butyro
1388 627 1420 646 ac
1435 620 1514 646 melle
1530 621 1693 648 vesoiturum
1710 629 1814 656 pl'ﬂ‘S't-

1027 661 1079 695 gio.
1096 660 1197 696 Butyro
1213 667 1302 690 autem
1324 668 1405 697 atque
1421 664 1500 692 melle
1521 667 1694 698 nominando,
1713 667 1813 694 iterum

1027 706 1104 734 nobis
1116 706 1224 735 Davidis
1241 708 1369 736 vaticinia
1385 709 1411 736 in
1434 716 1551 737 mentem
1577 717 1686 739 revocat
1701 720 1707 738 :
1726 720 1813 739 unum

1027 752 1179 785 hujusmodi
1194 762 1202 781 :
1224 753 1414 789 tlmpinguasti
1430 756 1458 783 in
1475 757 1535 784 olco
1549 763 1628 791 caput
1645 765 1733 785 meum
1745 759 1785 791 ⁸³;
1800 768 1810 784 ›

1027 795 1140 822 alterum
1155 805 1162 824 :
1186 806 1195 823 ‹
1209 797 1294 830 Quam
1311 798 1399 826 dulcia
1417 799 1538 828 faucibus
1554 801 1621 828 meis
1631 800 1737 836 eloquia
1754 806 1812 834 tua,

1024 849 1104 876 Super
1113 842 1162 869 mel
1172 844 1212 870 ori
1221 852 1281 872 meo
1291 845 1332 871 "l
1347 854 1356 871 ι
1365 845 1497 873 Caeterum
1515 847 1641 875 audiens:
1651 857 1660 874 ‹
1673 847 1722 881 Qui
1733 853 1813 876 ante-

1023 894 1103 921 quam
1118 889 1197 922 sciat,
1213 893 1259 917 aut
1272 890 1398 925 praeferat
1410 892 1521 924 malum,
1536 892 1614 928 elegit
1627 894 1726 921 bonum
1746 895 1781 927 ⁸⁷,
1800 904 1811 920 ν

1022 940 1056 959 ne
1069 935 1171 967 peccati
1186 941 1334 968 expertem,
1346 937 1487 969 sciturum,
1500 943 1545 964 aut
1558 938 1656 965 malum
1672 939 1810 966 admissu-

1023 985 1080 1005 rum
1096 987 1214 1013 unquam
1224 980 1295 1015 ﬁnge
1308 989 1314 1007 :
1325 982 1370 1008 sed
1381 982 1536 1016 priusquam
1550 983 1575 1010 id
1591 982 1688 1015 θυμω
1699 982 1812 1017 Virgine

1022 1029 1112 1051 natum
1124 1025 1249 1060 eligendo
1261 1027 1330 1054 bono
1342 1035 1448 1054 sacrum
1466 1028 1583 1055 futurum
1596 1036 1604 1061 ;
1623 1036 1683 1056 nam
1697 1029 1812 1057 t'Omne

1021 1071 1201 1098 masculinum
1227 1073 1386 1108 adaperiens
1406 1074 1523 1107 vulvam,
1547 1079 1669 1103 sanctum
1693 1075 1811 1102 Domino

1020 1118 1160 1144 vocabitur
1175 1117 1209 1146 ⁸⁸.
1229 1127 1238 1144 ι
1257 1119 1341 1154 igitur
1360 1120 1404 1155 qui
1420 1128 1451 1148 ex
1475 1124 1553 1148 utero
1568 1126 1743 1149 consecratus
1758 1122 1808 1154 sit,

1019 1162 1064 1194 qui
1097 1163 1204 1190 tandem
1235 1165 1314 1197 sciat.
1343 1170 1389 1192 attt
1419 1166 1518 1193 malum
1552 1166 1810 1200 admittatiQuare

1019 1207 1130 1234 dubium
1156 1215 1210 1235 non
1225 1214 1278 1241 est,
1301 1210 1365 1244 quin
1394 1210 1543 1244 perlectum
1572 1210 1708 1238 hominem
1735 1210 1806 1243 fore.

1019 1248 1064 1286 qui
1081 1259 1248 1286 nasceretur,
1265 1255 1312 1282 sed
1328 1263 1342 1282 a
1367 1261 1478 1290 peccato
1496 1257 1612 1283 alienum
1637 1257 1805 1290 designarit;

1019 1304 1080 1323 nam
1095 1297 1127 1324 de
1141 1305 1174 1326 eo
1195 1299 1273 1326 idem'
1291 1308 1397 1328 rursum
1423 1301 1585 1329 conﬁrmat:
1603 1311 1612 1327 ι
1632 1301 1805 1337 lniquitatem

1018 1350 1069 1370 non
1097 1343 1171 1378 fecit,
1192 1353 1279 1381 neque
1303 1347 1379 1375 dolus
1404 1348 1453 1375 fuit
1476 1349 1501 1375 in
1525 1356 1572 1375 ore
1592 1349 1651 1383 ejus
1670 1357 1677 1376 :
1695 1353 1804 1376 etcum

1017 1389 1157 1418 sceleratis
1183 1397 1324 1426 reputatus
1347 1399 1389 1421 est
1405 1394 1439 1426 ",
1456 1404 1464 1419 ι
1482 1395 1612 1422 innocens
1628 1401 1715 1422 tamen
1740 1402 1804 1421 cum

1017 1440 1098 1463 esset.
1118 1437 1207 1470 Quare
1229 1438 1252 1466 si
1276 1446 1290 1465 a
1316 1439 1388 1467 malo
1410 1440 1477 1467 mala
1503 1445 1584 1472 sunt.
1615 1440 1683 1468 Deus
1712 1445 1804 1467 autem

178 1486 310 1520 pertinet,
337 1495 383 1515 eos
405 1498 414 1514 ε
441 1490 548 1516 domum
575 1490 682 1519 Davidis
701 1501 710 1518 ,
732 1491 849 1527 appellat
861 1513 868 1523 ν
884 1492 961 1526 quasi
975 1495 998 1524 ο
1015 1481 1103 1527 bonus
1120 1489 1172 1516 est,
1196 1489 1223 1512 et
1238 1486 1299 1512 boni
1322 1485 1478 1514 hominibus
1494 1487 1624 1521 largitor,
1641 1487 1737 1514 merito
1756 1486 1804 1514 ille

177 1531 204 1558 in
227 1533 383 1560 memoriam
400 1541 532 1562 revocans
548 1535 656 1563 Davidis
669 1537 750 1564 verba
767 1542 849 1572 atque
870 1537 961 1570 ﬁdem,

176 1582 257 1609 quam
269 1576 388 1611 juratam
418 1579 510 1606 Davidi
533 1579 604 1608 Deus
632 1589 684 1608 non
713 1583 748 1609 sit
773 1586 960 1610 revocaturus.

176 1621 255 1654 Nam,
274 1632 284 1648 ε
299 1623 400 1656 juravit
426 1625 553 1654 Dominus
572 1627 656 1654 David
681 1628 832 1661 veritatem,
856 1635 883 1656 et
908 1637 960 1656 non

177 1667 352 1697 l’rustrabitur
371 1677 441 1698 eam.
463 1681 473 1697 ι
493 1672 635 1706 aneritis,
657 1682 717 1709 qua:
740 1674 775 1702 sit
796 1683 827 1703 ea
851 1677 960 1708 veritas,

160 1714 350 1750 .iutelligere?
365 1727 374 1743 t
392 1717 429 1744 De
453 1718 542 1745 fructu
567 1720 672 1747 ventris
692 1721 730 1748 tui
751 1729 848 1756 ponam
879 1730 961 1757 super

173 1760 264 1788 sedem
283 1766 367 1789 tuam.
388 1763 416 1791 Si
444 1765 624 1792 custodierint
640 1765 685 1793 filii
709 1767 745 1794 tui
769 1772 958 1797 testamentum

175 1814 275 1840 meum,
290 1813 317 1835 et
332 1810 484 1837 testimonia
507 1819 565 1838 mea
583 1812 641 1840 haec
670 1820 729 1848 qua:
746 1814 847 1842 docebo
861 1823 918 1847 eos,
933 1821 958 1843 et

173 1851 221 1878 ﬁlii
238 1859 330 1880 eorum
359 1861 444 1888 usque
469 1855 494 1882 in
529 1857 680 1890 saeculum,
713 1859 846 1887 sedebunt
878 1867 959 1895 super

171 1900 263 1926 sedem
285 1904 369 1926 tuam.
389 1901 522 1933 Quoniam
539 1903 619 1938 elegit
634 1903 764 1933 Dominus
779 1905 856 1939 Sion,
877 1907 959 1941 elegit

169 1951 229 1971 eam
254 1944 280 1972 in
310 1946 504 1974 habitationem
530 1948 592 1976 sibi.
619 1949 680 1977 Haec
698 1951 814 1986 ,requics
849 1960 905 1980 mea
931 1953 956 1980 in

170 1990 298 2018 saeculum
316 1991 425 2019 saeculi:
443 1992 486 2020 hic
502 1993 640 2027 habitabo,
659 1996 786 2029 quoniam
802 1997 869 2032 elegi
885 2006 955 2026 eam.

173 2035 286 2062 Viduam
313 2036 372 2071 ejus
393 2037 558 2066 benedicens
583 2040 751 2074 benedicam,
773 2047 801 2069 et
826 2051 957 2078 pauperes

170 2081 230 2114 ejus
256 2082 385 2110 saturabo
410 2083 534 2117 panibus.
565 2084 726 2114 Sacerdotes
754 2088 813 2123 ejus
846 2089 955 2117 induam

170 2127 302 2154 salutari:
326 2132 354 2156 et
375 2130 460 2156 sancti
483 2131 545 2164 ejus
568 2131 749 2161 exsultatione
769 2135 953 2164 exsultabunl.

1013 1526 1076 1553 boni
1103 1528 1228 1556 omnibus
1247 1533 1352 1562 auctor,
1370 1530 1563 1558 humanitatem
1593 1538 1668 1559 suam
1698 1531 1803 1558 Divini-

1015 1574 1079 1601 tatis
1093 1576 1162 1603 bono
1179 1577 1318 1611 impertiit.

1051 1629 1060 1645 ε
1082 1619 1114 1648 Ει
1129 1621 1194 1648 dixit
1211 1623 1340 1651 Dominus
1349 1624 1382 1650 ad
1398 1631 1450 1655 me,
1463 1634 1472 1650 ε
1484 1625 1508 1652 id
1523 1631 1563 1652 est
1579 1625 1801 1652 demonstravit:

1016 1676 1025 1692 ί
1040 1666 1122 1694 Sume
1137 1667 1184 1695 tibi
1204 1668 1300 1695 librum
1317 1677 1426 1701 novum,
1443 1671 1570 1705 glandem
1589 1671 1623 1698 ’°.
1641 1679 1650 1696 ι
1666 1670 1800 1698 Yolumen

1012 1713 1056 1740 hic
1074 1713 1189 1748 Virginis
1210 1714 1286 1742 alvus
1310 1715 1485 1750 inteﬁigatur.
1504 1715 1569 1744 Nam
1588 1721 1615 1756 ut
1635 1717 1662 1744 in
1689 1717 1800 1744 tabulas

1011 1759 1079 1786 Mosi
1097 1760 1210 1788 traditas
1225 1762 1347 1789 exaratis
1363 1762 1491 1790 divinitus
1507 1759 1615 1795 litteris,
1632 1762 1798 1796 Decalognm

1012 1807 1082 1835 Dens
1100 1808 1247 1843 inscripsit,
1264 1810 1297 1836 ita
1314 1814 1340 1836 ct
1356 1810 1381 1836 in
1401 1811 1522 1845 virgineo
1546 1811 1623 1845 quasi
1648 1810 1798 1842 volumine,

1011 1854 1137 1888 perennis
1159 1862 1190 1881 ac
1209 1855 1267 1882 sine
1283 1856 1416 1891 principio
1434 1856 1532 1888 Patris,
1549 1862 1575 1884 et
1597 1862 1639 1885 ter
1661 1863 1700 1884 sas
1713 1857 1749 1884 cti
1765 1864 1799 1884 ac

1011 1899 1108 1927 viviﬁci
1135 1907 1186 1936 ope
1215 1901 1351 1936 Spiritus,
1383 1901 1501 1937 Unigena
1532 1910 1564 1930 ac
1599 1902 1644 1930 Dei
1680 1901 1797 1929 Verbum

1010 1945 1161 1982 descriptus
1190 1952 1232 1974 est
1269 1948 1414 1975 habitator.
1452 1948 1529 1981 Quod
1558 1953 1648 1976 autem
1682 1948 1796 1979 subdit,

1012 1999 1022 2016 ‹
1044 1990 1156 2024 Novum,
1172 1993 1314 2032 grandem,
1338 2002 1348 2018 ι
1368 2001 1458 2021 veram
1482 1994 1582 2021 umbra.-
1609 1993 1674 2027 legis
1696 1992 1797 2026 imagi—

1010 2044 1069 2064 nem
1097 2043 1181 2065 notat.
1211 2047 1221 2064 ι
1253 2039 1286 2066 Et
1309 2040 1398 2066 scribe
1430 2040 1455 2066 in
1473 2046 1506 2066 eo
1541 2039 1612 2074 stle
1635 2038 1764 2066 hominis.
1782 2047 1794 2063 ι

1009 2081 1104 2109 Videte
1121 2083 1349 2118 quemadtbodum
1368 2083 1495 2118 paulatim
1509 2084 1640 2118 propheta
1661 2090 1795 2109 arcanum

1007 2125 1096 2154 Patris
1124 2128 1266 2155 consilium
1296 2129 1402 2163 prodat.
1422 2138 1431 2155 ι
1455 2128 1547 2162 Sume,
1573 2128 1670 2163 inquit,
1693 2135 1794 2154 novum

169 2171 234 2200 Illuc
263 2174 409 2206 producam
441 2183 524 2203 cornu
559 2177 661 2210 David;
690 2179 781 2213 paravi
816 2180 953 2208 ιιιεεηηηι
970 2168 995 2199 D
1008 2173 1138 2207 grandem
1157 2173 1266 2202 librum.
1282 2183 1291 2200 ι
1309 2174 1412 2207 Quibus
1428 2175 1518 2202 verbis
1538 2174 1684 2201 beneﬁcam
1703 2173 1794 2200 Patris

168 2217 278 2245 Christo
308 2227 377 2247 meo.
406 2220 533 2249 Inimicos
561 2222 620 2257 ejus
647 2222 758 2250 induant
783 2225 952 2260 confusione,

169 2271 251 2298 super
266 2264 352 2299 ipsum
374 2272 462 2293 autem
482 2267 616 2295 etllorebit
627 2269 804 2298 sanctificatio
816 2279 874 2299 mea
890 2272 923 2299 ".
939 2282 949 2299 ι

170 2308 252 2343 llujus
269 2318 332 2345 ergo
353 2313 478 2346 promissi
506 2313 584 2341 tinem
611 2319 708 2343 notans
735 2316 830 2350 Isaias,
856 2318 953 2347 domus

168 2354 300 2384 Davidica:
317 2357 450 2384 meminit.

200 2401 276 2435 Quod
302 2402 393 2430 addit:
415 2413 424 2430 ‹
451 2403 585 2440 Numquid
612 2415 704 2440 parum
724 2408 800 2437 vobis
815 2415 865 2442 est,
887 2412 950 2445 quia

164 2447 269 2475 molesti
286 2449 351 2476 estis
371 2449 548 2478 hominibus?
563 2453 624 2486 quia
647 2453 751 2481 molesti
767 2455 834 2483 estis
852 2461 879 2483 et
896 2457 950 2485 Dco

165 2495 246 2522 meo?
265 2503 274 2520 ι
299 2495 391 2523 Fidem
417 2496 497 2532 hujus
523 2497 614 2525 Achaz
640 2499 795 2528 collaudans
819 2503 948 2537 propheta

163 2541 217 2568 ait:
232 2550 242 2567 α
257 2541 372 2577 Propter
382 2543 433 2570 hoc
445 2543 519 2571 dabit
534 2545 729 2581 Dominusipse
740 2547 817 2575 vobis
831 2549 948 2582 signum.

163 2587 232 2615 l-che
247 2588 322 2623 virgo
337 2589 480 2624 concipiet,
495 2595 521 2617 et
539 2591 626 2625 pariet
647 2591 741 2626 lilium,
761 2599 788 2621 et
810 2596 952 2624 vocabitur

165 2641 260 2661 nomen
277 2634 336 2669 ejus
361 2635 530 2664 Emmanuel.
549 2646 558 2662 ι
576 2637 605 2664 Ei
624 2637 707 2672 dicto,
727 2647 736 2666 ι
757 2639 838 2668 Dabit
857 2641 949 2669 Domi-

172 2686 213 2705 nts
230 2679 286 2713 ipse
303 2681 379 2707 vobis
393 2681 511 2716 signum,
531 2692 540 2709 ι
561 2683 673 2718 subjecit
687 2692 694 2711 :
715 2693 725 2710 t
742 2683 811 2712 Ecce
827 2686 919 2721 Virgo,
934 2697 943 2713 ι

196 2782 219 2824 ξ’
237 2783 308 2824 Paul.
334 2794 387 2824 u_x__.
410 2786 496 2824 9,19.
536 2788 559 2824 f”
582 2787 631 2815 lsa.
651 2797 708 2824 ut,
728 2789 769 2816 12.
808 2789 830 2805 ⁸³
855 2789 924 2817 Psnl.
948 2798 962 2817 c

1022 2797 1041 2822 l,
1070 2790 1159 2818 H-l8.
1198 2791 1221 2808 "
1241 2791 1373 2824 Psal.xx,
1399 2792 1426 2819 5.

1006 2222 1039 2249 de
1049 2221 1117 2249 Filio
1128 2222 1294 2249 voluntatem
1305 2222 1446 2257 significat.
1461 2230 1470 2247 ε
1481 2221 1514 2248 Ει
1529 2221 1619 2248 scribe
1631 2220 1660 2253 in
1674 2227 1707 2247 eo
1721 2219 1795 2254 style

1007 2267 1134 2294 hominis.
1151 2275 1160 2293 ι
1175 2267 1259 2300 Quasi
1273 2267 1394 2295 diceret:
1409 2267 1467 2294 Etsi
1482 2267 1528 2294 Dei
1544 2271 1639 2294 natura
1656 2265 1750 2297 Filius,
1765 2269 1794 2292 et

1006 2313 1164 2340 mutationis
1199 2320 1296 2347 expers
1333 2313 1428 2344 Deus.
1466 2312 1628 2344 inconfuse,
1668 2312 1794 2345 citraque

1005 2363 1144 2392 peccatum
1164 2365 1179 2392 p
1198 2357 1299 2385 rrec-tus
1316 2357 1396 2385 hamo
1421 2351 1502 2386 etiam
1519 2365 1645 2385 nascerer
1665 2365 1672 2384 :
1690 2356 1794 2392 quippe

1005 2403 1151 2431 humanam
1179 2404 1295 2438 speciem
1321 2412 1369 2439 per
1391 2405 1539 2432 humanum
1567 2404 1665 2439 Stylum
1688 2402 1789 2430 innuit.

1005 2447 1073 2480 Quid
1087 2448 1145 2474 ita?
1163 2457 1172 2474 ι
1189 2448 1323 2476 Velociter
1334 2448 1417 2483 spolia
1433 2448 1557 2481 detrahe,
1568 2450 1623 2475 cito
1638 2447 1789 2482 praedam.»

1005 2495 1044 2522 Eo
1078 2495 1151 2522 dicto
1184 2496 1294 2524 Davidis
1323 2497 1420 2524 iterum
1451 2497 1533 2525 verba
1561 2496 1594 2523 ad
1627 2494 1790 2523 memoriam

1003 2548 1134 2569 revocat:
1157 2551 1166 2568 ι
1186 2543 1339 2570 Ascendisti
1367 2543 1394 2570 in
1416 2543 1511 2574 altum,
1529 2542 1624 2576 cepisti
1644 2540 1791 2575 captivita-

1001 2591 1052 2614 tem
1067 2588 1101 2614 ".
1122 2597 1131 2614 ι
1153 2588 1308 2622 Enimvero,
1328 2599 1338 2616 ‹
1361 2589 1464 2621 Altum,
1478 2599 1488 2616 ι
1505 2597 1613 2616 crucem
1640 2587 1788 2622 intelligit;

999 2636 1118 2669 captivos
1142 2637 1283 2668 abductos.
1303 2638 1365 2665 Orci
1384 2638 1595 2670 demolitionem,
1613 2641 1640 2664 et
1652 2636 1707 2672 jam
1721 2635 1801 2663 olimr

997 2680 1166 2714 captivorum
1215 2684 1438 2719 redemptionem.
1482 2683 1648 2712 Ostensurus
1695 2686 1786 2709 autem

1464 2792 1578 2835 ﬁ'nl’sal.
1604 2800 1707 2835 cxvnt.‘
1721 2791 1789 2835 103-.

163 2815 185 2829 ”
201 2817 260 2844 ἷείιιι
283 2827 327 2851 νυν
349 2821 388 2846 1⁵-
427 2815 449 2837 δ’
469 2821 552 2848 Exod.
571 2830 629 2855 xm,
649 2824 680 2855 ξς
699 2815 768 2852 Luc.
784 2832 813 2857 ll,
827 2815 880 2852 23.7
911 2825 963 2851 "l1

1018 2815 1079 2858 tiu,
1091 2815 1176 2859 ἰδίῖέὲ.
1216 2815 1311 2856 y"bl-sa:
1324 2815 1380 2861 an’,
1394 2815 1419 2854 ἶ.
1457 2828 1478 2845 “
1492 2827 1563 2856 Psal.
1577 2836 1660 2862 van,
1676 2815 1718 2855 11).
