1955 3080
82 122 138 154 857

627 114 822 146 DIALOGUS
836 112 988 145 CONTRA
1003 113 1169 145 IUDJEOS.

1651 100 1706 133 858

81 174 214 210 ῐπουιιθιθ
243 173 383 201 ἀεθτειιιηῖ
410 169 587 199 "remum!!!
601 189 609 202 ν
636 169 730 196 add“:
757 177 767 193 ι
786 167 869 194 Adest
885 168 908 198 A
921 173 994 202 sunt,
1013 176 1073 204 quae
1090 167 1190 196 Christi
1215 167 1324 195 nomine
1338 172 1389 192 non
1402 161 1560 197 gloriantur.
1578 168 1587 185 ι
1599 158 1706 191 Audite,

82 221 169 248 enim.
189 229 198 245 ι
214 220 240 246 in
264 219 334 246 hanc
346 217 507 246 sententiam
521 225 528 244 :
545 215 595 247 Ne.
610 215 737 249 quoniam
753 213 871 240 futurum

83 270 137 299 est,
155 267 188 293 de
203 272 231 292 re
245 263 360 291 dimsutn
381 264 436 296 ito;
451 261 594 295 namfmihi
615 260 722 295 quidem
739 259 808 285 Deus
822 258 874 285 hoc

83 311 122 339 ita
143 311 301 341 declaravit.
318 315 443 344 tanquam
466 308 536 343 quod
552 308 638 337 adest,
655 306 681 333 id
701 309 753 336 est,
773 304 874 331 factum

85 362 139 385 est.
157 365 167 383 ς
185 357 280 383 Testes
303 355 403 382 adhibe
430 354 495 381 tnihi
526 353 600 380 viros
622 352 724 379 ﬁdeles.
744 359 754 376 ι
777 348 875 376 Testes

85 404 144 435 hic,
161 410 214 429 non
232 403 276 436 qui
298 409 354 428 rem
378 400 445 427 adeo
462 403 642 428 testarentur.
667 397 712 424 sed
736 396 781 430 qni
801 395 874 422 testi-

88 449 159 476 ﬂcati
186 448 345 482 sanguinem
376 446 565 476 etrttnderent,
591 444 729 473 existima.
745 451 754 468 ε
781 440 873 468 Uriam

86 494 280 525 sacerdotem,
313 497 340 519 et
366 491 526 518 Zachariam
564 490 647 517 ﬁlium
685 488 834 514 Baraehize.
863 495 872 511 ι

88 539 246 571 Zacharias,
271 538 296 564 in
325 536 479 571 praesentia,
497 543 549 562 non
579 534 741 561 Elisabethze
760 532 874 558 ntarbns

89 589 132 612 est
147 578 310 615 credendus,
327 582 374 610 sed
397 582 466 608 alius
491 580 613 608 Ezechiae
631 583 801 613 tempestate.
825 577 876 603 Ex-

89 630 161 658 stitit
189 629 260 657 enim
287 635 351 655 ante
379 627 525 655 Ezechiam
554 634 600 654 rex
627 625 735 660 impius,
766 623 876 650 Davidis

89 676 203 708 stirpem
226 679 335 709 propter
351 674 417 700 inita
441 681 502 700 cum
524 679 556 700 eo
577 672 704 699 divinitus
731 669 875 703 promissa,

90 720 183 747 delere
205 721 333 747 studens:
359 726 413 753 quo
438 723 559 752 tempore
582 717 659 745 Urius
682 722 709 744 et
730 715 877 743 Zacharias

91 766 164 794 nacti
181 773 262 792 unum
280 765 415 793 Davidica:
430 765 534 798 stirpis,
558 764 628 798 quod
653 770 745 790 semen
769 762 877 788 Davidis

91 816 232 846 superstes
247 811 356 844 vellent,
381 811 449 837 clam
465 818 527 837 eum
553 810 718 836 habuerunt.
738 807 796 840 Quo
816 812 877 842 post

925 217 1059 244 universa
1077 214 1168 251 procul
1185 220 1274 241 terrm.
1294 222 1303 238 ι
1319 211 1353 239 lis
1379 209 1458 237 Verbi
1477 207 1523 234 Dei
1552 206 1584 232 ad
1606 204 1708 231 inferos

925 264 1096 295 descensum,
1110 265 1136 288 et
1153 258 1300 293 evangelici
1317 255 1443 292 praeconii
1460 251 1593 287 signiﬁcat
1610 255 1707 284 propa‘

924 308 1082 342 gationem;
1100 308 1134 334 ita
1146 306 1218 333 enim
1233 310 1259 331 et
1272 303 1400 331 Servatur
1419 307 1493 326 meus
1518 299 1544 324 in
1563 294 1708 329 Evnngelio

927 339 1094 387 loquiturzrt
1113 350 1307 379 Prtedicabitur
1327 349 1378 375 hoc
1398 344 1572 379 Evztugelium
1590 340 1664 375 regni
1681 339 1708 365 iu

928 400 1054 426 universo
1070 399 1135 426 orbe
1159 398 1184 424 in
1203 395 1385 424 testimonium
1412 391 1538 419 omnibus
1561 387 1708 423 gentibus:

926 450 952 472 et
971 450 1034 471 tunc
1049 445 1139 472 veniet
1154 442 1353 471 consummatio
1362 440 1395 467 ’⁵.
1410 449 1418 464 t
1435 454 1468 459 —
1484 447 1493 463 ‹
1511 431 1707 463 Cnnlnrtamini

926 496 952 518 et
969 490 1118 517 vincimini.
1138 499 1146 515 ι
1166 489 1316 520 chmones,
1335 486 1434 520 inquit,
1449 483 1494 518 qtti
1509 483 1535 509 itt
1555 488 1603 507 nos
1621 478 1710 506 homi-

927 543 975 563 nes
999 541 1159 570 potestatent
1176 533 1310 560 exercetis
1330 533 1365 559 ob
1388 536 1538 566 peccatum,
1558 528 1710 560 prottigabt-

927 582 991 609 mini
1012 582 1073 616 ejus
1086 581 1201 611 viribus,
1221 580 1265 614 qui
1292 585 1341 612 pro
1371 577 1448 604 nobis
1474 575 1629 601 incarnatus
1655 574 1708 596 cst.

927 628 1004 662 Quod
1027 629 1122 655 iterum
1155 627 1216 654 victi
1237 624 1402 660 conﬂigatis,
1419 628 1448 650 ut
1475 621 1541 648 estis
1567 616 1711 652 impuden-

928 674 1042 707 tissimi;
1071 677 1098 700 at
1128 673 1226 700 iterum
1261 671 1378 704 denique
1410 663 1635 703 proﬂigabimini,
1662 668 1712 695 per

927 719 1025 747 Christi
1047 718 1273 746 resurrectionem
1297 715 1437 752 prostrati.
1463 712 1530 739 Nam
1554 709 1663 737 Christo
1684 707 1711 733 io

928 765 1010 792 vitam
1026 763 1161 794 restituto,
1182 771 1233 789 non
1246 762 1302 796 jam
1317 762 1441 794 deinceps
1460 765 1532 784 mors
1544 755 1708 784 dominatur,

929 815 957 837 et
981 815 1123 844 prostrata:
1139 809 1291 836 daemonum
1310 807 1393 840 t-opize
1417 809 1490 832 sunt.
1508 803 1599 829 Potest
1623 804 1712 826 autem

91 862 252 892 c0tnperto,
280 857 325 885 ille
358 864 405 884 eos
446 861 595 891 martyrum
630 855 712 881 choro
743 855 878 880 laureatos
894 840 915 868 Β
931 856 955 883 id
969 863 1076 890 quoque
1090 855 1124 882 de
1147 853 1321 882 seusibilibtts
1339 852 1463 887 gentibus
1479 849 1518 876 sic
1540 847 1636 880 accipi,
1648 844 1713 879 quin

91 903 208 931 addidit.
242 903 388 931 Historiam
423 910 454 930 ex
486 902 587 937 Regum
621 900 690 927 libro
728 899 880 927 accuratius

93 957 228 984 cognosce
252 950 286 978 “.
316 959 326 976 ι
351 949 386 976 Et
415 949 515 977 accessi
548 948 580 975 ad
608 946 826 982 prophetissam,
853 949 881 972 et

94 997 236 1041 concepitn
253 1002 280 1024 et
303 996 408 1031 peperit
424 995 519 1022 ﬁlium.
537 1003 546 1020 I
566 994 650 1027 Quam
675 993 792 1028 appellat
817 998 881 1018 vero

94 1037 313 1080 prophetissam?
324 1041 466 1077 Virginem
476 1049 507 1068 ac
523 1040 676 1074 Deiparam,
688 1046 747 1072 quas
761 1037 877 1064 cecinit:

98 1098 108 1114 ι
136 1089 207 1116 Ecce
239 1087 312 1115 ettim
339 1094 370 1114 ex
400 1087 450 1114 hoc
478 1087 583 1113 beatam
610 1092 652 1111 me
676 1084 766 1110 dicent
787 1089 881 1109 omnes

96 1134 307 1175 generationes:
328 1133 393 1168 quia
413 1132 479 1160 fecit
497 1131 563 1158 mihi
580 1137 686 1164 magna,
704 1127 750 1163 qui
773 1131 880 1162 potens,

96 1186 124 1208 et
140 1174 262 1208 sanctum
285 1187 384 1207 nomen
400 1179 459 1213 ejus
474 1179 510 1206 ’³.
531 1187 540 1205 ι
563 1178 632 1205 Ecce
652 1181 742 1204 autem
761 1174 883 1202 certissi-

98 1235 170 1254 mum
188 1227 295 1254 vatem!
310 1226 397 1261 Supra
415 1225 502 1260 inquit
515 1233 522 1252 :
537 1233 546 1251 ‹
563 1224 632 1251 Ecce
649 1223 726 1257 virgo
737 1220 892 1255 concipiet,_

96 1275 125 1300 et
148 1272 234 1306 pariet
261 1271 355 1305 lilium,
376 1281 386 1297 ι
400 1271 478 1306 paulo
491 1274 550 1304 post
560 1269 618 1296 ait:
640 1277 650 1294 ι
665 1273 692 1295 et
708 1268 843 1301 concepit,
858 1271 885 1292 et

98 1318 203 1353 peperit
218 1317 300 1345 [ilium
312 1326 335 1351 ;r
354 1316 514 1351 Quomodo?
529 1316 584 1343 illic
594 1307 702 1342 omnino
713 1317 741 1341 ut
755 1313 884 1344 futurum,

99 1363 144 1391 hic
155 1368 184 1390 ut
199 1368 329 1391 certunm
343 1363 453 1390 Accessi
466 1362 499 1390 ad
513 1360 721 1396 prophetissam.
733 1357 804 1385 )HOC
814 1356 887 1384 velut

98 1408 132 1436 ab
141 1408 303 1443 archangelo
313 1407 439 1436 Gabriele
449 1408 482 1435 ad
493 1407 629 1442 Virginem
640 1405 741 1432 dictum
751 1402 884 1437 intellige‘;

99 1460 162 1481 nam
178 1454 314 1487 extemplo
332 1453 365 1479 ad
380 1452 439 1487 ejus
461 1452 583 1480 nuntiutn
599 1449 738 1484 explorate
751 1446 888 1482 virgineus

98 1501 247 1532 conceptus
262 1496 350 1524 fuerat
364 1500 487 1523 secutus.

139 1550 149 1568 ε
167 1541 200 1569 Et
214 1541 283 1569 dixit
297 1541 428 1569 Dominus
446 1542 479 1568 ad
496 1546 558 1567 me:
576 1539 648 1567 Voca
664 1545 763 1566 nomen
781 1536 860 1572 ejus;
874 1544 884 1562 ι

99 1592 148 1615 aut
169 1586 330 1620 Christum,
360 1587 431 1621 quod
461 1585 562 1613 Judzcis
588 1591 698 1612 unctum
726 1586 820 1614 notat;
842 1585 889 1608 attt

101 1632 276 1666 Emmanuel,
297 1633 369 1668 quod
395 1632 506 1668 perinde
530 1635 582 1662 est.
601 1637 633 1657 ac
653 1630 675 1657 si
690 1628 775 1661 dicas,
791 1626 889 1654 Nobis-

101 1686 161 1705 cum
184 1679 328 1712 Deuspaut
352 1677 455 1711 Jesum,
480 1677 550 1712 quod
573 1675 654 1703 Salus
680 1673 811 1702 redditur.
827 1670 889 1698 Haec

101 1725 176 1752 enim
194 1726 303 1751 nomina
320 1728 464 1759 utramque
479 1719 588 1751 Christf
599 1727 723 1749 naturam
739 1726 889 1754 repraesen-

105 1774 173 1796 tant.
198 1768 251 1795 Sed
278 1775 337 1802 quae
362 1762 514 1802 sequuntur
540 1769 715 1793 scrutemur:
735 1773 743 1788 ι
760 1762 890 1789 Accelera

103 1814 191 1848 spplia
214 1813 376 1841 detrahere:
392 1812 500 1840 Festina
517 1811 647 1847 pradare.
662 1818 671 1835 ι
688 1808 744 1836 Hoc
753 1808 890 1841 permeent

105 1860 254 1889 Salvatoris
284 1861 338 1887 vim
368 1859 499 1889 declarat.
522 1859 610 1892 Atque
651 1856 678 1883 id
694 1862 788 1882 verum
818 1860 890 1885 esse,

105 1907 164 1942 ipse
187 1907 255 1934 adeo
281 1911 357 1933 vates
395 1906 495 1933 nodum
520 1903 681 1934 dissolvens,
709 1901 766 1928 ait:
787 1908 796 1925 t
823 1898 891 1932 Quia

105 1958 249 1988 antequam
277 1952 343 1979 sciat
374 1959 440 1986 puer
477 1957 577 1978 vocare
621 1952 725 1983 patrem
758 1953 837 1972 suum
866 1949 894 1971 et

108 2006 224 2028 matrem
250 2007 338 2032 suam,
367 1998 481 2033 accipiet
511 1996 699 2024 fortitudinem
725 1991 863 2034 Damasci.
881 1999 891 2016 ι

111 2049 205 2077 Videte
227 2048 365 2084 propheta:
385 2054 466 2082 super
488 2052 572 2081 puero
595 2047 752 2071 accuratam
779 2040 895 2073 diligen-

110 2096 174 2124 tiam
188 2103 196 2123 :
212 2094 344 2130 siquidem
368 2101 421 2120 non
439 2093 518 2123 dixit,
532 2087 793 2124 Priusquam'sciret
814 2084 893 2113 Chri-

108 2147 179 2174 stus,
206 2146 253 2169 aut
277 2139 370 2172 Jesus,
395 2142 441 2166 aut
466 2136 636 2168 Emmanuel,
665 2141 725 2169 quas
752 2136 895 2164 utrumque

110 2192 222 2220 notant;
238 2186 295 2219 sed,
315 2194 323 2211 ι
350 2185 439 2217 Puer;
460 2193 469 2209 ι
496 2190 556 2210 nam
583 2180 731 2208 secundum
756 2181 893 2211 expertem

110 2233 239 2267 temporis
270 2236 404 2262 naturam,
429 2234 470 2257 est
500 2229 569 2256 Deus
603 2225 698 2256 fortis,
731 2226 894 2258 praepotens,

110 2280 242 2314 Princeps
259 2279 344 2314 pacis,
360 2276 441 2304 Pater
456 2276 506 2303 aevi
524 2273 606 2301 futuri
622 2281 629 2299 :
653 2271 800 2298 secundum
825 2272 894 2294 tem-

110 2326 242 2361 poralem,
266 2329 347 2351 natus
364 2331 397 2350 ex
423 2322 532 2360 Virgine
566 2319 647 2351 Puer,
670 2315 794 2343 Damasci
819 2320 895 2346 opes,

111 2357 297 2407 Samarimqne
313 2371 399 2405 spolia
427 2357 535 2402 recipiet
550 2366 584 2393 ab
600 2363 717 2399 Assyriae
731 2367 804 2396 rege.
819 2357 896 2392 Quod

111 2405 290 2452 comprobans
298 2421 386 2447 vates,
400 2414 491 2441 additi
501 2411 645 2438 Nobiscum
661 2409 730 2436 Deus
742 2417 749 2434 :
765 2415 773 2432 ι
785 2405 896 2432 Scilicet

111 2461 362 2499 supratemporalis,
385 2465 411 2487 ct
430 2459 599 2492 omnipotens
616 2457 700 2487 Deus;
717 2461 776 2480 cum
790 2457 896 2485 semper

113 2497 224 2544 Virgine
236 2508 333 2540 Maria,
344 2515 376 2534 ac
394 2513 442 2541 per
451 2512 510 2532 eam
525 2503 675 2531 nobiscum.
693 2509 702 2526 ε
716 2497 894 2533 Quamobrem

112 2556 210 2584 scitote
227 2561 331 2589 gentes,
345 2558 372 2580 et
387 2549 535 2579 vincimini.
553 2557 562 2574 ι
582 2547 682 2575 Gentes
698 2543 823 2580 appellat,
841 2549 895 2569 tton

113 2610 175 2638 quae
191 2601 326 2629 Christum
344 2602 470 2628 adurunt,
486 2600 567 2630 atque
584 2597 758 2622 venerantur,
771 2594 799 2617 et
814 2589 896 2615 Deum

114 2649 279 2676 conﬁtentur
311 2653 343 2673 ac
378 2641 588 2672 concelebrant,
615 2645 674 2673 qua:
706 2644 738 2664 ex
769 2636 898 2670 gentibus

113 2693 237 2723 Ecclesia
263 2697 314 2725 est,
341 2684 386 2718 sed
404 2697 463 2724 qua:
485 2688 511 2714 in
536 2686 666 2714 idolorum
684 2683 771 2710 cultus
795 2680 898 2708 scelere

115 2745 286 2775 permanent.
314 2739 378 2765 Nam
409 2743 447 2762 ea:
472 2735 578 2761 demum
605 2729 780 2766 proﬂigandm
804 2732 898 2761 gentes

930 906 956 928 et
977 902 1008 927 ad
1028 901 1165 927 Christum
1192 898 1298 929 referri,
1322 903 1401 932 quem
1423 901 1504 929 saepe,
1523 899 1552 921 ut
1577 891 1713 920 hominem

931 948 1043 983 petitum
1061 945 1184 974 diabolus
1201 945 1309 972 tandem
1327 943 1410 970 Deum
1426 945 1532 970 nactus,
1548 935 1676 965 concidit.

966 993 1034 1021 lnite
1060 991 1203 1020 consilium
1234 988 1405 1025 quantumvis
1436 990 1529 1013 contra
1555 982 1712 1011 Christum:

932 1039 1106 1074 quantumvis
1134 1038 1206 1065 enim
1235 1043 1346 1064 avarum
1371 1033 1468 1061 .Iudam
1498 1029 1627 1065 aggressi,
1652 1033 1714 1053 cum

933 1085 1122 1120 arrogantibus
1143 1091 1175 1111 ac
1191 1082 1318 1118 superbis
1342 1080 1439 1107 scribis
1464 1081 1491 1104 et
1515 1072 1715 1110 legeconsultis,

933 1116 1107 1166 quantumvis
1126 1137 1187 1157 cum
1210 1116 1288 1156 anna
1306 1131 1333 1154 el
1347 1125 1458 1159 Caipha.
1475 1120 1594 1150 scelestis
1608 1116 1716 1153 pontiﬁ—

934 1163 1012 1203 cibus
1027 1182 1059 1202 ac
1075 1174 1192 1208 denique
1208 1181 1268 1200 cum
1282 1170 1385 1199 Herode
1403 1175 1429 1197 et
1444 1168 1538 1198 Pilato,
1561 1163 1650 1192 ell'cris
1671 1166 1714 1188 at—

935 1229 988 1257 que
1010 1220 1166 1248 inhumanis
1190 1218 1356 1254 principibus
1378 1212 1550 1248 conspiretis,
1571 1208 1717 1237 consilium

938 1271 1055 1295 vestrum
1071 1252 1201 1293 Dominus
1220 1264 1289 1290 Deus
1306 1261 1442 1291 dissolvet,
1460 1258 1485 1285 id
1506 1261 1559 1288 est,
1575 1252 1720 1282 irustrabi-

938 1317 991 1345 tur,
1006 1316 1033 1338 et
1049 1311 1209 1345 impotentes
1221 1316 1253 1336 ac
1268 1306 1400 1334 inwlidos
1413 1311 1459 1331 vos
1473 1300 1608 1330 ostendet.
1624 1307 1633 1324 ι
1650 1297 1720 1324 Con-

937 1343 1026 1385 silium
1043 1343 1217 1390 dissipabitur
1229 1363 1238 1381 :
1249 1351 1388 1387 loquimini
1401 1349 1521 1380 verbum,
1532 1351 1558 1374 et
1572 1352 1627 1372 non
1643 1343 1695 1370 fiet.
1705 1350 1715 1368 ι

938 1403 966 1431 ld
990 1402 1070 1437 quale
1093 1401 1143 1434 sit,
1168 1400 1237 1428 scire
1266 1402 1386 1430 aventes,
1403 1394 1542 1422 Matthacus
1561 1390 1720 1426 publicanus

939 1448 1056 1480 docebit,
1071 1447 1149 1481 cujus
1163 1453 1178 1473 e
1202 1452 1279 1473 sacro
1303 1441 1447 1476 Evangelio
1464 1440 1519 1467 haec
1538 1441 1602 1465 sunt
1616 1434 1696 1462 verba
1710 1441 1718 1458 :

901 1503 923 1533 ο
942 1505 951 1522 ι
971 1495 1062 1522 Altera
1080 1498 1169 1520 autent
1187 1492 1238 1523 die,
1258 1497 1318 1525 quae
1332 1492 1375 1516 est
1391 1490 1450 1521 post
1461 1485 1638 1513 Parasceven,
1656 1486 1722 1507 con-

1528 1528 1557 1533 -.
1601 1526 1606 1532 .
1651 1524 1656 1531 .
1688 1531 1698 1533 κ
1714 1522 1720 1533 ,

940 1544 1072 1567 venerunt
1100 1538 1234 1573 principes
1264 1522 1448 1564 sacerdotum,
1473 1534 1501 1557 et
1528 1524 1658 1555 Pharisaei
1687 1522 1720 1550 ad

939 1586 1067 1618 Pilatum,
1083 1585 1224 1612 dicentes:
1242 1580 1363 1612 Domine,
1381 1574 1516 1606 recordati
1538 1578 1641 1601 sumus,
1661 1568 1723 1602 quia

939 1632 1066 1660 seductor
1084 1631 1128 1658 ille
1154 1629 1221 1657 dixit
1247 1627 1335 1655 adhuc
1362 1625 1480 1652 vivens:
1501 1620 1566 1647 Post
1591 1622 1645 1645 tres
1665 1614 1724 1642 dies

940 1684 1090 1713 resurgam.
1105 1676 1173 1703 Jube
1190 1681 1255 1708 ergo
1269 1670 1400 1700 custodiri
1425 1667 1578 1702 sepulcrum
1597 1668 1681 1696 usque
1697 1660 1724 1686 in

941 1708 1153 1754 diemvtertiunt,
1168 1728 1201 1748 ue
1231 1720 1300 1747 forte
1324 1717 1435 1745 veniant
1459 1710 1583 1747 discipuli
1608 1708 1677 1743 ejus,
1697 1708 1725 1732 et

942 1771 1066 1798 furentur
1097 1777 1156 1796 eum
1169 1788 1177 1800 ,
1192 1772 1219 1795 et
1244 1766 1335 1793 dicunt
1361 1763 1453 1798 plebi:
1471 1757 1596 1787 Surrexit
1615 1763 1629 1782 a
1652 1760 1726 1781 mor-

943 1817 1017 1843 tuis:
1041 1820 1068 1842 et
1093 1814 1144 1841 erit
1169 1812 1331 1840 novissimus
1357 1815 1434 1835 error
1458 1805 1534 1841 pejor
1558 1802 1647 1838 priore
1660 1799 1693 1825 ”.
1714 1805 1723 1822 ι

943 1861 999 1889 Hoc
1016 1861 1097 1897 igitur
1119 1858 1261 1887 consilium
1284 1860 1311 1883 et
1335 1855 1472 1882 decretum
1495 1851 1564 1878 Detts
1586 1844 1726 1875 dissolvet.

943 1893 1083 1943 Siquidem
1102 1915 1110 1932 ι
1129 1904 1274 1932 Nobiscum
1299 1902 1411 1928 Densa“
1423 1897 1568 1925 Nobiscum
1592 1893 1664 1919 Deus
1685 1893 1728 1916 est

944 1936 990 1982 ab.
1008 1951 1162 1981 Abt'ahamo
1189 1956 1236 1984 per
1265 1947 1420 1982 prophetas,
1443 1949 1527 1977 usque
1553 1940 1585 1967 ad
1611 1936 1728 1966 Caesaris

945 1997 1056 2034 Augusti
1080 2003 1190 2024 censmn
1204 2002 1212 2025 ;
1231 1993 1369 2020 nobiscum
1386 1989 1468 2018 estin
1491 1988 1628 2019 assumpta
1645 1988 1727 2010 carne

945 2049 1120 2072 conversans.
1137 2047 1223 2074 usque
1238 2039 1270 2065 ad
1288 2037 1445 2064 descensum
1469 2039 1501 2059 ac
1526 2034 1677 2065 regressum
1696 2033 1728 2052 ex

946 2088 1060 2117 inferis:
1076 2086 1217 2114 nobiscum
1234 2090 1318 2118 ttsque
1330 2081 1364 2109 ad
1374 2079 1533 2108 saeculorum
1546 2077 1637 2105 linem,
1651 2077 1731 2106 atque

947 2136 975 2164 in
989 2142 1095 2163 omnem
1106 2131 1321 2169 perpetuitatem.
1341 2127 1399 2154 Hoc
1415 2126 1488 2153 enim
1511 2121 1646 2156 signiﬁcat
1662 2122 1701 2145 ter
1715 2123 1731 2143 a

948 2182 1077 2217 propheta
1094 2167 1272 2212 usurpatum:
1289 2183 1298 2200 (
1314 2173 1469 2200 Nobiscum.
1488 2179 1498 2196 ι
1515 2168 1616 2195 Scitote
1627 2167 1731 2217 gentes:

949 2207 974 2217 τ-
984 2207 988 2208 ν
998 2207 1045 2216 ηγ
1161 2207 1167 2212 .

946 2227 1018 2263 quod
1032 2225 1172 2253 nobiseum
1189 2222 1259 2249 Deus
1273 2225 1316 2248 est
1328 2228 1335 2246 :
1355 2217 1477 2248 «Audite,
1493 2214 1625 2242 universae
1637 2207 1731 2245 procul

948 2278 1038 2305 terrae,
1056 2271 1118 2306 quia
1135 2268 1274 2297 nobisctnn
1291 2266 1359 2293 Deus
1374 2269 1415 2291 est
1429 2271 1436 2295 ;
1457 2258 1596 2295 loquimini
1604 2258 1731 2286 verbum,

949 2323 977 2347 et
990 2326 1043 2345 nott
1058 2316 1113 2348 liet,
1131 2315 1193 2350 quia
1209 2312 1354 2340 Nobiscum
1371 2309 1451 2336 Dens.
1470 2316 1478 2332 ι

987 2363 1056 2397 Quid
1071 2344 1193 2397 agito-us?
1210 2358 1329 2386 haeccine
1343 2356 1476 2390 disputata
1493 2351 1622 2378 hactenus
1636 2347 1669 2374 de
1687 2344 1733 2372 Dei

949 2409 1010 2438 Filii
1027 2407 1210 2436 incarnatione
1227 2404 1293 2432 satis
1307 2406 1380 2434 sunt,
1393 2408 1426 2427 an
1438 2398 1515 2434 plura
1529 2402 1636 2431 quoque
1651 2392 1734 2419 vultis

950 2453 1099 2484 disseram?
1108 2453 1253 2481 Enimvero
1267 2456 1352 2485 neque
1363 2455 1412 2482 ego
1425 2447 1499 2481 plura
1512 2443 1609 2470 addere
1621 2439 1733 2474 possim,

950 2506 1000 2527 nec
1019 2505 1066 2525 vos
1085 2497 1216 2530 accipere.
1233 2494 1302 2527 Quin
1322 2492 1447 2519 adderem
1470 2489 1558 2524 plura,
1575 2486 1597 2513 si
1614 2485 1734 2517 disputa-

953 2543 1020 2571 tioni
1045 2542 1167 2570 addictos
1195 2545 1343 2567 cernerem.
1367 2535 1421 2563 Sed
1452 2532 1578 2569 quoniam
1603 2527 1734 2557 orationis

953 2589 1064 2617 satietas
1077 2586 1185 2614 inimica
1198 2589 1249 2617 est,
1263 2591 1317 2610 non
1327 2580 1488 2609 dicentibus,
1499 2576 1543 2604 sed
1553 2573 1731 2604 auditoribus,

952 2634 1085 2664 sulllcere,
1096 2631 1201 2665 opinor,
1218 2637 1278 2664 qua;
1294 2627 1430 2656 diximus:
1448 2633 1457 2650 ι
1476 2623 1512 2650 Ne
1527 2622 1596 2650 ultra
1613 2618 1728 2649 Gades,t

952 2679 1023 2714 quod
1049 2663 1135 2708 aiunt,
1158 2663 1282 2708 trajicere
1307 2677 1445 2700 conentur.
1467 2667 1550 2702 igitur
1569 2666 1603 2692 ad
1627 2663 1677 2690 alia
1693 2666 1735 2690 est

954 2724 1157 2753 transeundum.

152 2826 175 2842 "
191 2825 211 2852 ll
229 2824 277 2850 Ρη
298 2826 312 2849 ⁵.
332 2830 394 2849 xxiv
406 2830 414 2854 ;
427 2828 453 2849 et
470 2820 502 2848 ιν
519 2820 582 2854 Reg.
597 2825 635 2845 ιι.
683 2816 707 2833 ⁸³
719 2816 776 2843 Luc
803 2823 822 2847 I,
837 2815 882 2848 48,
896 2815 940 2844 49.
981 2814 1003 2830 "
1020 2812 1113 2840 Matth.
1131 2808 1262 2845 umis.
1300 2806 1323 2823 "
1341 2803 1435 2834 Matth.
1457 2800 1603 2835 xxvn,‘.’.6,
1617 2797 1666 2828 65.
