1955 3080
806 129 1019 163 ANDRONICI

995 185 1018 214 A

196 143 252 175 859

216 144 252 176 59

452 193 566 223 CAPUT
586 190 720 220 XXXVII.

213 256 297 284 Deum
311 253 440 281 hominem
455 251 513 286 ﬁeri
529 250 651 281 voluisse,
664 253 688 275 et
703 247 734 274 de
745 246 825 279 stirpe
843 244 961 272 Daoidis.

232 311 293 339 Jun.
320 308 495 336 Descenderit
527 314 593 334 sane
621 305 728 332 caelitus
759 303 805 330 Dei
832 301 926 334 Filius,
956 304 982 328 et

199 355 336 384 incarnari
366 353 544 384 sustinuerit;
579 351 650 378 unde
680 353 769 376 autem
802 350 923 379 constat,
949 352 983 372 ex

199 399 347 428 Ahrahami
372 402 399 426 et
426 397 536 424 Davidis
559 395 662 424 semine
687 393 825 421 hominem
851 390 910 417 ﬁeri
937 397 985 416 vo-

201 445 306 472 luisse?

237 491 348 518 Ctnusr.
365 489 402 516 Ex
417 489 526 524 Joseplti
539 486 704 523 genealogia.

238 535 300 564 Jun.
317 536 349 562 Et
364 535 540 570 quamobrem
558 533 637 567 Virgo
653 530 787 559 recensita
806 535 859 557 non
872 532 925 559 est,
941 526 987 554 sed

203 580 362 615 Josephus?
379 580 446 606 Nam
467 579 489 606 si
517 578 668 606 secundum
696 576 841 603 humanam
866 577 988 600 naturam

206 636 239 656 ex
257 627 366 662 Virgine
389 626 513 653 Christus
532 628 584 656 est,
608 631 642 651 ex
663 622 781 656 Josepho
799 625 890 648 autem
917 618 991 646 nullo

207 674 288 701 modo
312 672 367 706 (qui
383 671 490 706 quidem
517 677 655 704 sponsus,
681 675 734 695 non
758 666 870 694 maritus
888 665 992 700 fuerit),

209 727 258 747 cur
275 718 345 745 illius
360 717 447 752 potius
460 716 622 750 descriptum
644 721 728 749 genus
742 712 802 740 est?
815 711 900 748 Igitur
915 710 937 738 si
959 717 993 737 ex

211 765 336 792 Davidica
362 763 432 790 tribu
450 762 588 798 Virginem
614 761 693 788 nobis
717 760 899 789 demonstras,
922 756 998 784 hunc

211 811 300 845 ipsum
332 817 425 836 verum
464 815 524 836 esse
564 807 703 835 Christum
746 804 936 835 admittimus,
970 804 996 828 et

213 856 350 891 Virginem
369 855 508 888 Deiparam
531 854 659 881 fatemur.
683 851 793 879 Davidis
812 849 884 878 enim
899 855 932 875 ex
949 846 997 874 Dei
1020 862 1040 890 Β

214 909 330 937 persona
347 901 380 929 de
393 908 423 928 ea
439 900 497 928 haec
509 905 572 927 sunt
587 899 670 926 verba
685 907 693 925 :
710 907 721 924 ε
736 896 831 924 Omnis
844 894 929 930 gloria
941 893 1001 927 ejus

217 949 371 988 ﬁliae_regis
396 947 430 975 ab
455 947 527 974 intus
545 947 580 973 ".
597 955 606 972 ι
626 945 659 972 Et
673 948 736 980 post
761 949 867 979 pauca:
888 950 898 967 ι
915 939 1006 968 Addu-

216 983 313 1021 centnr
328 993 384 1027 regi
403 991 522 1025 virgines
544 994 605 1026 post
627 997 698 1021 eam,
715 988 846 1024 proximae
865 985 925 1020 eius
939 983 1006 1012 oile-

217 1043 312 1066 rentnr
326 1038 374 1065 tibi
382 1039 416 1066 ’⁷.
432 1047 441 1061 ι
465 1036 512 1064 Sin
525 1045 556 1064 ex
572 1035 682 1070 Josephi
697 1035 827 1062 duntaxat
840 1029 1007 1067 genealogia,

220 1090 275 1112 tum
296 1084 395 1112 Davide
408 1089 496 1110 ortum
512 1091 566 1110 non
580 1081 761 1110 admittimus.

257 1129 370 1158 Cumsr.
387 1129 468 1156 Aiunt
487 1129 635 1163 sapientes,
656 1136 666 1154 ε
685 1126 837 1160 simplicem
859 1131 919 1152 esse
938 1122 1011 1151 veri-

223 1176 287 1203 tatis
295 1175 457 1203 orationem.
471 1184 480 1200 ι
498 1174 592 1209 Itaque
602 1173 624 1201 si
638 1173 724 1200 avetis
732 1179 781 1200 vos
791 1177 897 1206 quoque
907 1173 1011 1197 certum

225 1228 406 1257 cognoscere,
433 1220 583 1255 simplicem
610 1219 754 1247 veritatem
776 1217 921 1246 admittite.
945 1215 1013 1242 Nam

227 1267 401 1302 vitilitigatori
413 1266 531 1294 studium
546 1269 588 1294 est
599 1273 647 1300 per
657 1272 764 1292 omnem
776 1264 860 1290 vitam
871 1261 1013 1292 dissidere,

227 1313 385 1340 inimicitias
411 1312 546 1347 amplecti.
565 1312 600 1338 At
624 1311 681 1338 veri
704 1309 862 1342 studiosus,
884 1311 1014 1341 tanquam

228 1359 344 1391 lancem,
359 1358 552 1385 conscientiam
567 1364 643 1384 suam
658 1356 692 1384 iis
706 1362 765 1390 quae
782 1355 919 1383 dicuntur.
937 1352 1015 1379 adhi-

229 1403 297 1431 bens
304 1411 405 1438 aequam
418 1403 484 1438 (52),
494 1410 545 1430 non
554 1403 643 1430 omnia
653 1402 773 1436 improbe
784 1400 862 1435 gestit
875 1398 1014 1430 vincere",

229 1450 280 1476 sed
293 1455 334 1476 est
349 1449 393 1476 ubi
408 1453 436 1476 et
446 1448 519 1477 vinci
535 1447 615 1475 facile
633 1448 761 1482 patiatur.
778 1445 863 1480 Igitur
878 1448 937 1472 erat
948 1444 1017 1478 apud

231 1501 290 1527 vos,
307 1493 378 1528 quod
391 1494 534 1528 perspicue
548 1492 635 1524 scitis,
647 1492 700 1525 lex,
715 1498 770 1519 suae
785 1497 919 1526 quemque
932 1489 1017 1516 tribus

230 1543 314 1574 atque
331 1539 436 1574 generis
457 1545 583 1573 sponsam
607 1545 722 1573 capere,
740 1544 791 1572 qua
808 1543 836 1563 re
851 1543 883 1563 ex
901 1534 1018 1561 archivis
1031 1526 1052 1555 (ἶ

232 1585 331 1613 vestris
357 1591 441 1619 usque
463 1584 497 1611 ad
515 1588 674 1619 praesentem
699 1583 837 1611 Christum
864 1580 1020 1616 genealogia

235 1631 399 1666 suppeditat.
413 1631 480 1658 Nam
498 1630 526 1658 ni
538 1631 565 1658 id
580 1631 626 1663 sit.
641 1630 687 1665 qui
701 1634 824 1665 poterant
835 1627 1019 1663 evangelista,

235 1678 382 1705 Mattheus
396 1677 502 1712 quidem
517 1676 550 1704 ab
559 1676 717 1704 Abrahamo
728 1682 776 1710 per
785 1673 1021 1709 quadragesimum

230 1723 351 1751 .alterum
379 1729 474 1758 genus,
503 1722 536 1749 ad
565 1722 702 1749 Christum
736 1719 863 1747 devenire
875 1719 916 1749 ’3;
937 1717 1023 1745 Lucas

238 1776 328 1798 autem
345 1777 360 1797 a
375 1770 494 1801 Christo,
512 1767 558 1803 qui
576 1768 645 1795 alter
658 1771 700 1794 est
714 1766 844 1798 Adamus,
856 1764 890 1791 ad
908 1763 1024 1798 primum

239 1816 368 1848 evadens,
384 1816 528 1850 septimum
551 1818 579 1843 et
600 1813 831 1849 septuagesimum
849 1810 908 1838 sine
931 1809 1026 1836 fraude

242 1864 355 1898 exsequi
373 1862 419 1889 ὀἵ
435 1862 524 1895 Quare
549 1865 577 1889 et
594 1860 752 1894 Josephum,
779 1857 913 1885 Daridicae
932 1855 1026 1886 tribus,

242 1909 314 1943 quod
328 1908 379 1943 ipsi
392 1906 542 1940 testemini,
552 1907 593 1934 sui
606 1905 714 1940 generis
729 1908 810 1938 atque
822 1902 907 1929 tribus
917 1908 1028 1928 uxorem

244 1954 361 1989 cepisse,
378 1957 420 1981 est
443 1959 564 1981 necesse.
581 1951 633 1979 Sed
648 1949 754 1985 ecquid,
767 1950 790 1976 si
812 1948 926 1976 fortasse
940 1945 1031 1980 Virgi-

245 2001 287 2028 nis
302 2006 388 2034 genus
403 2000 493 2026 minus
509 2001 636 2025 accurate
657 1996 769 2024 habeant
785 1995 935 2029 cognitum,
950 2001 983 2020 ex
998 2000 1031 2020 eo

246 2046 390 2072 veritatem
408 2042 585 2074 eavillemini,
600 2046 749 2075 contraque
764 2040 905 2074 Deiparam
921 2042 1031 2066 senten-

247 2091 313 2118 tiam
338 2089 458 2118 dicatis?
473 2089 618 2116 Enimvero
634 2091 665 2114 ut
681 2090 852 2122 perspectum
874 2092 927 2112 non
948 2084 1033 2111 habe-

249 2142 317 2168 rem,
332 2134 442 2162 omnino
460 2133 591 2166 haberet,
607 2133 651 2160 cui
666 2135 764 2159 cuncta
787 2130 873 2163 novit,
889 2136 976 2164 neque
1000 2129 1035 2156 ob

1035 125 1208 159 COMNENI
1805 113 1865 144 850

1033 183 1202 219 cognomine.
1220 181 1245 209 Is
1262 180 1287 208 in
1305 178 1444 214 Virginem
1466 175 1664 205 debacchatus
1675 193 1685 206 ,
1705 171 1756 199 sic.
1770 171 1864 198 hahe-

1034 215 1100 257 bat:
1119 237 1128 254 ι
1145 227 1214 261 Quid
1232 230 1372 259 tantopere
1387 223 1499 250 Mariam
1512 221 1664 249 extollunt
1679 215 1863 246 Christiani,

1034 274 1196 303 Clicrubinis
1216 271 1414 307 augustiorem,
1429 268 1587 303 Seraphinis
1615 266 1687 293 sine
1703 269 1863 296 compara-

1037 321 1109 347 tione
1138 318 1304 354 digniorem,
1335 316 1414 343 caelis
1454 313 1676 343 sublimiorem,
1710 307 1863 336 solarihns

1037 366 1120 394 radiis
1135 365 1270 400 puriorem
1291 360 1479 398 appellantes?
1494 359 1645 393 Siquidem
1679 354 1796 382 femina
1819 357 1863 380 est

1038 411 1174 440 Davidicae
1199 409 1304 445 gentis,
1329 409 1407 434 Anna
1437 409 1533 437 matre,
1555 401 1722 431 Joachimo
1741 402 1863 433 parente

1040 463 1121 489 nata,
1141 457 1186 491 qui
1201 442 1340 483 —Pantheri
1363 452 1415 479 fuit
1439 451 1519 478 ﬁlius.
1535 448 1672 476 Panther
1697 450 1729 472 et
1756 442 1858 471 Melclii

1041 503 1151 534 fratres,
1167 501 1213 528 ﬁlii
1237 500 1300 528 Levi
1315 498 1410 533 stirpis
1431 495 1565 525 Matthan,
1581 494 1633 521 eui
1656 491 1863 534 David_palcr

1041 555 1073 574 ex
1102 531 1171 573 tribu
1196 544 1276 572 Juda.
1295 552 1305 569 ι
1323 531 1408 577 Igitur
1433 540 1561 568 defuncto
1586 536 1731 564 Matthan
1758 531 1860 560 Jacobi

1043 597 1130 627 patre.
1148 590 1243 617 Melchi
1259 587 1404 616 Matthanis
1428 592 1521 618 uxore,
1538 582 1640 611 Jacobi
1659 585 1762 608 matre
1777 578 1861 605 vidua

1044 624 1126 664 ducta
1141 656 1149 669 ,
1169 642 1208 663 .ex
1229 642 1260 662 ea
1282 634 1351 662 Elim
1375 631 1485 660 sustulit
1512 650 1520 663 ,
1534 630 1572 657 ita
1599 631 1694 656 erant
1724 624 1817 652 Jacoh
1836 628 1863 651 et

1045 684 1085 711 Eli
1102 682 1212 716 uterini,
1238 688 1290 709 non
1314 679 1434 715 germani
1453 679 1559 705 fratres.
1586 675 1636 702 Eli
1654 679 1737 700 anno
1764 671 1863 705 quinto

1046 733 1074 755 et
1088 726 1293 762 quadragesimo
1303 722 1619 753 sineliberisexstineto,
1631 716 1732 746 Jacob
1746 722 1862 743 uxorem

1047 775 1088 802 Eli
1098 761 1171 809 7(jam
1191 761 1321 800 defuncti)
1336 771 1394 806 lege
1414 769 1501 800 duxit,
1522 773 1620 795 semen
1648 763 1738 791 fratri
1756 761 1863 789 excita-

1052 807 1205 853 turus,'qui
1224 825 1257 845 ex
1274 824 1305 844 ea
1329 816 1414 843 lilium
1437 813 1583 848 Josephnm
1608 810 1731 846 genuit,
1754 807 1862 843 prolem

1056 871 1152 893 natura
1167 863 1219 892 sibi
1235 862 1389 897 quaesitam,
1408 861 1466 895 lege
1483 859 1535 886 Eli.
1560 857 1659 885 Fuere
1687 855 1779 890 igitur
1796 853 1865 880 Pan-

1057 912 1117 938 thcr
1131 914 1156 937 et
1171 908 1267 936 Melchi
1285 907 1383 935 fratres
1396 926 1404 939 ,
1418 905 1483 932 Levi
1501 904 1548 931 lilii
1575 902 1621 938 (ut
1646 905 1801 929 ostensum
1824 901 1866 925 est

1057 954 1212 982 auctoribus
1237 950 1370 986 Hebraeis)
1398 949 1491 977 afﬁnes
1516 945 1658 975 Jnachimi
1682 953 1690 972 :
1719 949 1753 971 nt
1779 942 1864 970 Maria

1058 1000 1189 1029 Joaehimi
1210 998 1292 1026 fuerit
1313 997 1383 1029 filia,
1399 995 1518 1030 Josepho
1539 993 1683 1021 collocata
1709 989 1864 1018 secundum

1060 1047 1127 1074 duas
1150 1046 1259 1080 stirpes,
1280 1042 1426 1070 Matthanis
1442 1047 1522 1075 atque
1542 1037 1722 1069 Salomorris,
1744 1040 1860 1070 paterno

1061 1099 1160 1127 genere
1180 1083 1302 1122 Davidis,
1319 1093 1441 1116 tnaterno
1467 1085 1560 1114 Jacobi
1574 1082 1760 1115 consobrini,
1777 1080 1864 1115 patris

1062 1137 1184 1165 Joachim
1200 1135 1298 1163 afﬁnis.

1099 1184 1222 1210 Habebat
1242 1181 1312 1208 idem
1336 1179 1404 1206 liber
1425 1181 1452 1204 et
1465 1175 1576 1210 Josephi
1604 1172 1817 1209 genealogiam,
1840 1170 1864 1197 ei

1064 1231 1209 1268 geminam,
1223 1235 1284 1263 quae
1305 1227 1332 1254 in
1357 1232 1434 1254 sacro
1450 1222 1567 1251 Matthrei
1584 1219 1749 1255 Evangelia
1763 1217 1863 1245 deseri-

1065 1261 1110 1313 pta
1125 1281 1177 1304 est.
1194 1261 1327 1302 Caeterum
1349 1271 1450 1302 aiebat,
1463 1267 1593 1296 habuisse
1612 1264 1772 1299 Jusephum
1797 1261 1863 1288 ﬁlios

1066 1308 1182 1358 quatuor
1205 1327 1238 1347 ex
1262 1323 1347 1345 uxore
1372 1314 1499 1346 Salome,
1526 1310 1685 1342 Jacobum,
1713 1308 1860 1336 Simonem,

1066 1353 1164 1396 Judam
1186 1369 1213 1393 et
1242 1362 1343 1395 Josen;
1369 1360 1438 1388 tilias
1462 1363 1526 1390 tres,
1548 1356 1663 1388 Esther,
1688 1353 1810 1380 Thamar
1837 1355 1863 1378 et

1069 1412 1187 1444 Salome,
1204 1416 1264 1444 qua).
1285 1407 1415 1435 Zebedaeo
1438 1404 1547 1439 coniux,
1567 1400 1707 1429 Jacobum
1732 1402 1759 1426 et
1784 1403 1862 1424 evan-

1069 1459 1193 1494 gelistam
1207 1443 1338 1483 Joannem
1351 1451 1446 1480 edidit.
1462 1450 1527 1476 Erat
1549 1451 1647 1474 autem
1667 1443 1780 1478 Josephi
1798 1448 1862 1469 uxor

1069 1486 1159 1541 Kggtei
1185 1503 1258 1536 (illa,
1288 1499 1381 1528 fratris
1407 1496 1547 1525 Zacharia:
1575 1491 1755 1522 sacerdotis,
1782 1486 1862 1523 patris

1069 1534 1181 1580 Joannis
1206 1534 1342 1584 Baptista.
1369 1544 1516 1573 Zacharias
1536 1545 1565 1570 et
1583 1540 1706 1575 Aggteus
1729 1534 1862 1584 Barachia

1071 1598 1130 1629 ﬁlii,
1147 1596 1214 1624 Abia
1235 1579 1378 1622 sacerdote
1399 1590 1467 1618 nati.
1487 1589 1572 1616 Porro
1598 1590 1664 1614 erat
1689 1584 1716 1611 id
1739 1579 1861 1616 temporis

1071 1627 1171 1677 Ioseph
1199 1640 1322 1668 viduus:
1349 1642 1381 1664 ut
1404 1635 1506 1671 fuerint
1540 1632 1655 1660 Salome
1686 1633 1715 1657 et
1746 1627 1859 1655 Joannes

1073 1672 1193 1724 Baptista
1207 1686 1321 1714 fratrum
1333 1684 1391 1715 filii,
1403 1687 1432 1711 et
1449 1681 1510 1709 huic
1523 1680 1654 1714 Aggreus,
1667 1676 1708 1704 illi
1723 1672 1860 1724 Zacharias

1074 1741 1198 1771 patruus.
1219 1732 1344 1760 Salomen
1374 1729 1436 1757 dico
1460 1734 1513 1755 non
1541 1723 1723 1753 obstetricem
1747 1717 1857 1752 Virginis

1076 1761 1178 1813 Illariaz,
1196 1779 1243 1807 sed
1260 1775 1372 1811 Iosephi
1396 1773 1466 1802 fabri
1492 1777 1618 1799 uxorem.
1640 1768 1711 1794 Nam
1738 1761 1860 1792 obstetrix

1077 1827 1121 1860 illa
1135 1809 1296 1854 consobrina
1319 1809 1378 1849 erat
1401 1817 1563 1847 Elisabetha:
1586 1818 1673 1848 atque
1688 1809 1815 1845 Virginis.
1830 1809 1857 1833 ut

1078 1856 1196 1900 ostendit
1209 1875 1316 1897 sacrum
1330 1866 1411 1894 Lucas
1425 1862 1615 1897 Evangelium.
1634 1859 1720 1885 Erant
1730 1855 1799 1883 enim
1811 1857 1860 1900 tres

1080 1923 1188 1947 sorores
1211 1913 1429 1942 Bethleemenses
1455 1916 1487 1936 ex
1509 1907 1663 1940 Cleopatras
1689 1906 1718 1929 et
1739 1895 1859 1934 Sosipatri

1081 1964 1184 1999 reguof,
1215 1968 1280 1989 ante
1304 1958 1421 1987 Ilerodis
1452 1953 1586 1989 Antipatri
1619 1956 1741 1985 regnum.
1772 1945 1860 1973 Prinne

1081 1991 1183 2038 noiuen'
1205 2007 1300 2038 Maria,
1324 2003 1402 2032 alteri
1429 2002 1512 2033 Sobe,
1535 1999 1624 2027 tertiae
1652 1998 1742 2024 Anna.
1768 1991 1856 2019 Earum

1082 2056 1170 2091 prima
1200 2054 1228 2080 in
1259 2036 1395 2079 Bethleem
1428 2052 1509 2081 nupta
1539 2045 1669 2072 Salomen
1697 2036 1858 2068 obstetricem

1084 2082 1200 2136 peperit.
1219 2098 1311 2125 Altera
1325 2100 1352 2124 et
1370 2096 1430 2130 ipsa
1444 2093 1471 2120 in
1491 2090 1630 2118 Bethleem
1642 2082 1855 2136 ,‘Elisabetham;

1086 2129 1166 2172 iam
1183 2143 1210 2170 in
1225 2141 1336 2170 Calilaea
1359 2129 1452 2174 genuit
1477 2136 1614 2170 Virginem
1640 2130 1765 2162 Mariam,
1787 2129 1858 2160 quam

249 2188 338 2208 meam
367 2179 563 2215 ignorationem
600 2177 720 2224 Virginis
750 2175 904 2224 ἀείρεήυηξ,
930 2174 971 2210 (ut
998 2174 1034 2224 ita
1047 2190 1074 2220 D
1087 2195 1114 2218 et
1129 2189 1270 2224 Deiparam
1290 2172 1436 2215 Christiani
1459 2186 1579 2210 vocant:
1597 2183 1627 2207 nt
1640 2179 1694 2206 sint
1710 2175 1819 2203 Salome,
1834 2172 1857 2196 ct

251 2225 367 2261 dicatur)
390 2225 491 2254 frustra
519 2228 604 2252 esset.
633 2222 707 2251 Nihil
735 2229 857 2258 prorsus.
883 2220 938 2248 Nec
961 2221 1034 2247 enim

250 2276 362 2310 propter
387 2272 559 2301 cmeutientes
588 2269 635 2298 Sol
664 2277 716 2297 non
742 2269 839 2300 Oritur,
857 2272 902 2295 aut
927 2271 1037 2302 propter

251 2327 338 2348 caseos
351 2319 409 2347 visu
422 2317 528 2354 praediti
543 2317 644 2345 lumine
659 2315 850 2343 destituentur.

500 2373 614 2402 CAPUT
642 2371 785 2399 XXXVIII.

255 2434 371 2463 Mariam
387 2437 473 2461 ortam
487 2440 501 2460 ε
518 2432 599 2466 stirpe
617 2429 723 2466 pavidis
734 2448 741 2460 ,
758 2427 885 2462 probatur
899 2435 930 2454 ea.
945 2434 1040 2461 genea-

519 2465 590 2502 logia
613 2465 779 2492 Judworum.

291 2525 361 2560 Quin
380 2524 481 2553 editam
501 2523 610 2550 Davidis
625 2528 726 2556 genere
744 2525 823 2555 atque
846 2519 930 2554 stirpe
952 2516 1044 2552 Virgi-

258 2577 319 2596 neut
340 2568 420 2601 dabo,
452 2574 542 2602 neque
564 2565 591 2593 ld
612 2573 675 2593 vero
695 2572 729 2592 ex
746 2563 913 2592 nostratibus
936 2562 1045 2597 scriptis

259 2620 290 2639 ac
306 2612 433 2646 decretis,
454 2611 502 2639 sed
520 2609 634 2638 Judaico
660 2609 777 2644 quodam
806 2608 884 2641 libro,
911 2608 938 2635 in
966 2614 1046 2642 quem

259 2657 402 2687 Orestiade
416 2656 501 2685 incidi
515 2657 586 2692 apud
601 2656 723 2684 Judaeum
743 2654 831 2682 Eliam
841 2674 848 2687 ,
864 2653 1047 2689 legisperitum

298 2750 321 2769 ”
332 2748 404 2778 Psal.
417 2755 492 2782 XLIV.
505 2748 550 2776 Η.
588 2748 611 2764 ⁸⁷
624 2744 691 2775 ibid.
709 2744 752 2774 15.
790 2744 813 2761 "
827 2743 922 2772 Matth.
943 2751 963 2775 ι,
983 2742 1007 2769 ι.

301 2843 358 2880 (52)
375 2842 504 2871 Nazians.
518 2842 546 2870 in
560 2840 699 2869 Julianuvn
712 2840 757 2874 t2,
774 2840 818 2868 ιγ.

1086 2214 1253 2266 Elisabetha,
1268 2237 1296 2260 et
1311 2231 1404 2265 Virgo.
1423 2229 1502 2256 trium
1519 2232 1644 2254 sororum
1666 2223 1736 2251 tiliae.
1751 2218 1787 2246 Ita
1798 2217 1819 2243 is
1831 2214 1858 2265 li:

1087 2283 1135 2311 her
1142 2278 1327 2317 genealogiam
1335 2275 1453 2310 Virginis
1466 2273 1627 2308 explicatam
1650 2258 1856 2317 cntttinebat,|QIJi

1088 2334 1114 2357 et
1123 2307 1239 2356 aliorum
1248 2307 1429 2360 quorumdam
1447 2307 1600 2348 Iudaeorum
1614 2321 1697 2351 genus
1711 2307 1856 2340 declarabat.

1087 2374 1145 2410 qui,
1162 2372 1231 2400 nihil
1252 2371 1376 2402 interest,
1393 2371 1421 2395 ut
1440 2373 1513 2394 nunc
1532 2364 1666 2392 dicantur.

1123 2419 1184 2447 Jun.
1211 2417 1284 2445 Sane
1298 2419 1440 2443 venturum
1455 2411 1593 2439 Christum
1609 2413 1635 2436 et
1651 2413 1698 2434 nos
1715 2403 1856 2438 speramus;

1091 2467 1199 2496 venisse
1226 2463 1297 2492 haud
1322 2463 1385 2490 dum
1412 2459 1572 2491 credimus;
1599 2455 1727 2490 siquidem
1751 2446 1854 2496 nonduttt

1093 2514 1225 2542 adventus
1255 2509 1441 2537 Israelitarum
1467 2504 1568 2534 Christi
1593 2503 1661 2537 regis
1691 2500 1787 2542 tempus
1811 2492 1854 2517 θεία

1133 2559 1246 2587 Cusis'r.
1261 2555 1321 2583 Non
1344 2558 1418 2582 recte
1434 2559 1482 2580 vos
1498 2550 1651 2585 Scripturas
1665 2540 1855 2587 animadverlfrf

1100 2610 1128 2633 et
1153 2611 1222 2637 saepe
1247 2601 1314 2633 dixi,
1349 2605 1377 2628 et
1399 2598 1465 2626 nihil
1492 2596 1600 2628 mirum,
1624 2590 1725 2628 quando
1741 2591 1765 2614 et
1786 2581 1853 2637 Ιεῗίίξι

1102 2625 1128 2633 υ.
1153 2625 1222 2637 -..νν
1352 2625 1376 2628 ,ἡ
1400 2625 1405 2626 ,
1593 2625 1598 2628 _
1633 2625 1640 2628 _

1102 2652 1135 2678 de
1152 2649 1230 2678 vobis
1253 2652 1295 2676 est
1318 2647 1422 2675 locutus
1437 2644 1464 2672 in
1494 2643 1566 2671 hanc
1591 2635 1784 2670 sententiam”
1805 2625 1854 2652 ΑΨ

1052 2740 1078 2758 "
1092 2739 1204 2773 Luc.tu,
1219 2738 1278 2766 23..
