1955 3080
63 169 117 202 861

63 271 151 298 huic:
171 268 269 296 Audite
297 265 448 297 audientes,
475 267 502 292 et
524 263 607 292 nolite
631 261 800 295 intelligere:
826 265 853 286 et

65 317 160 345 videte
185 314 328 344 visionem,
356 315 383 339 et
409 310 493 338 nolite
518 315 692 344 cognoscere.
712 306 853 334 incraSsa-

67 369 127 391 tum
149 366 190 389 est
206 367 253 387 cor
273 357 362 393 populi
392 357 482 391 hujus,
498 360 524 383 et
549 355 660 382 auribus
670 352 725 380 suis
737 351 856 386 graviter

67 409 194 439 attdittnt,
235 411 262 433 et
287 404 379 432 oculos
414 403 552 434 claudunt,
589 408 622 428 ne
652 399 722 426 forte
749 397 857 424 videant

68 455 170 486 oculis,
200 457 227 480 et
243 451 356 478 auribus
385 449 441 476 suis
471 448 631 478 andiant.et
645 445 726 473 corde
751 443 855 471 suoin-

71 499 204 532 telligaut.
230 500 257 523 et
272 497 465 523 convertantur
486 496 513 519 et
537 498 631 519 sanetn
645 491 723 518 eos‘.
743 498 752 515 ι

107 555 240 582 thtermn
266 552 410 587 prophetas
431 549 465 576 dc
488 552 603 576 venturo
624 546 810 577 Christo,~non
823 551 856 571 eo

71 607 154 634 quem
183 605 231 625 vos
256 596 421 631 exspectatis
445 600 553 625 crrone,
581 600 633 619 non
654 592 717 623 Deo,
738 591 784 618 sed
799 590 856 615 An-

74 644 208 676 ticlttisto.
231 647 322 678 aperte
349 640 518 676 praedixisse,
548 639 639 665 audite
654 638 680 664 in
707 638 762 664 haec
780 635 860 662 \‘t-rba

74 692 226 725 loquentes.
258 688 338 716 Venit
364 687 500 718 Christus,
530 685 555 712 in
579 691 658 719 quem
687 683 731 718 qui
761 682 859 712 credit,

80 737 205 772 regnabit
230 743 289 762 cum
316 741 370 767 eo;
391 734 435 768 qui
471 739 522 759 nou
553 730 647 761 credit,
678 728 862 762 Hierosolyma

76 782 282 820 proﬂigabitur;
308 788 361 808 non
388 779 432 806 illa
450 777 548 810 infera,
578 776 624 804 sed
643 782 739 810 supera
759 781 790 800 ac
805 779 863 800 ca:-

78 829 153 858 lesti.

352 879 468 908 CAPUT
493 877 618 905 XXXIX.

172 932 292 968 Danieiir
318 936 454 973 prophetia
471 936 502 963 de
517 935 615 964 C/tritti
631 934 754 961 adventu.

117 1000 171 1028 Sed
186 1000 282 1034 placet,
298 1001 328 1024 ut
344 996 414 1023 hanc
428 998 545 1027 vestram
564 991 795 1027 exspectationem
816 989 866 1016 ial-

85 1054 142 1075 sam
167 1045 319 1074 vincanms,
348 1048 455 1068 rursum
484 1039 603 1066 vaticina
619 1038 720 1072 scripta
731 1036 866 1064 evolvere.

85 1090 168 1125 igitur
187 1089 276 1116 audite
301 1088 326 1114 in
346 1086 440 1121 primis
469 1083 597 1116 Danielis,
624 1089 684 1117 quae
705 1083 745 1109 sic
759 1080 868 1108 habent.

86 1136 233 1175 Danielem,
262 1141 323 1161 cum
351 1132 431 1159 obitis
446 1131 527 1158 etiam
552 1130 671 1164 jejuniis.
691 1135 741 1163 pro
768 1125 867 1161 populo

85 1174 249 1216 supplicaret
272 1179 337 1211 Deo.
365 1177 476 1211 angelus
506 1174 616 1203 Gabriel
645 1174 781 1200 allocutus
807 1175 869 1198 est:

87 1237 97 1254 ι
119 1225 293 1262 Septuaginta
314 1223 495 1251 hebdomades
516 1220 678 1248 abbreviatac
703 1224 767 1246 suttt
789 1224 872 1251 super

86 1273 212 1308 populum
239 1276 326 1301 tuum.
356 1273 383 1295 et
399 1275 480 1301 super
506 1267 600 1294 urbem
615 1268 749 1296 sanctam,
761 1267 791 1290 ut
805 1270 872 1289 con-

88 1321 240 1346 sutnmetur
252 1314 448 1350 praevaricatio,
461 1318 487 1340 et
500 1313 578 1339 linem
589 1310 704 1345 accipiat
719 1313 872 1344 peccatum.

88 1371 115 1392 et
129 1364 252 1392 deleatur
277 1362 418 1396 iniquitas.
444 1366 471 1387 et
499 1359 646 1386 adducatur
659 1356 765 1392 iustitia
795 1361 868 1382 sem-

89 1412 205 1447 piterna.
233 1414 261 1437 et
283 1409 425 1443 impleatur
445 1406 523 1437 visio.
550 1409 576 1431 et
594 1402 746 1438 prophetia.
771 1406 799 1428 et
827 1408 877 1427 un-

90 1462 171 1492 gatttr
199 1456 315 1483 Sanctus
338 1457 494 1480 sanctorum
511 1451 532 1477 '.
548 1459 558 1476 ι
586 1449 638 1482 Qui
672 1448 797 1475 Christus
823 1449 874 1477 est,

91 1501 219 1537 perennis
246 1498 360 1534 iustitia,
392 1496 545 1523 hominibus
566 1501 652 1522 noxas
666 1500 760 1520 omnes
778 1491 878 1519 condo-

92 1554 171 1585 nans,
198 1550 225 1575 et
249 1545 305 1571 visa
334 1547 414 1577 atque
443 1540 568 1569 vaticinia
584 1539 741 1574 obsignans,
772 1537 797 1564 id
826 1539 877 1569 est,

93 1582 270 1620 concludens.
293 1588 361 1617 Nam
395 1592 457 1623 post
482 1587 540 1620 ejus
568 1586 712 1613 adventum
742 1591 794 1610 non
819 1582 875 1617 jam

94 1646 176 1675 porro
201 1642 243 1665 est
261 1644 325 1664 usus
338 1634 481 1670 propheta.
509 1632 592 1660 Vates
606 1632 677 1659 enim
690 1630 778 1658 cuncti
795 1635 880 1663 usque

96 1674 130 1713 ad
156 1684 287 1712 Joannem
300 1680 450 1716 Baptistam
465 1677 606 1706 vaticinati
621 1679 694 1703 sunt.
710 1674 769 1702 lam
783 1680 881 1708 parcns

98 1738 206 1768 quoque
226 1733 313 1757 tester
337 1726 418 1755 Israel
444 1725 502 1764 ait:
524 1733 533 1750 t
559 1723 619 1750 Non
634 1721 742 1750 deﬁciet
757 1721 883 1755 princeps

98 1765 131 1806 ex
157 1765 238 1809 .iuda,
262 1779 290 1803 et
310 1774 363 1801 dux
381 1772 414 1800 de
435 1771 537 1799 femore
565 1769 633 1802 ejus,
650 1768 737 1794 donec
765 1765 880 1796 venerit.

99 1823 169 1859 quod
196 1821 372 1850 constitutum
400 1821 464 1849 est;
497 1820 523 1843 et
556 1815 613 1850 ipse
637 1812 692 1840 erit
718 1811 885 1846 exsp.ctatio

100 1857 221 1905 gentium
235 1867 257 1894 ⁸.
277 1875 286 1892 ι
302 1865 335 1893 Et
359 1871 425 1891 sane
441 1867 582 1897 postquam
607 1859 732 1887 Christus
747 1857 793 1884 ille
816 1863 887 1891 gen-

102 1916 174 1943 tibus
205 1915 378 1947 exspectatus
399 1908 509 1944 prodiit,
535 1905 655 1934 deseruit
668 1911 717 1931 vos
731 1907 759 1930 et
773 1908 886 1937 regnum

101 1967 129 1989 et
144 1960 310 1996 pontiﬁcium
324 1966 332 1990 ;
348 1964 407 1992 quae
420 1955 483 1989 (duo
500 1952 590 1980 munia
605 1949 804 1986 quodammodo
817 1947 884 1981 ipsa)

103 1993 166 2035 sntit
191 2007 316 2041 princeps
338 2007 366 2030 et
389 2002 452 2028 dux.
484 1998 562 2032 Quod
595 1998 628 2028 si.
654 2001 684 2022 ut
709 1993 887 2024 conﬁrmatis.

103 2053 223 2081 nondmn
249 2049 357 2078 advenit
387 2046 523 2078 Christus,
539 2044 654 2071 mendax
680 2041 717 2069 sit
733 2041 820 2067 Moses
835 2039 889 2072 ille,

104 2100 151 2135 qui
178 2103 205 2126 et
231 2095 325 2124 mundi
351 2091 593 2122 exmdilicationem
616 2087 790 2121 conscripsit,
808 2086 889 2112 otiu-

105 2132 167 2172 t-ura
189 2142 335 2189 prtedifit:
364 2139 479 2169 mendax
505 2143 603 2172 parens
626 2138 716 2161 vester
744 2132 839 2164 lsrael.
866 2136 893 2158 et

523 2184 540 2189 ..
577 2181 594 2189 η
616 2181 622 2189 .
701 2178 878 2189 U_.____.___

111 2178 204 2219 Daniel
230 2178 370 2225 propheta,
388 2194 420 2213 ac
440 2191 495 2220 prie
523 2184 555 2210 iis
575 2180 683 2210 Gabriel
699 2178 889 2212 archangelns.

111 2209 204 2219 ναηϊ
230 2209 370 2225 γινγ-ιν--ν
389 2209 419 2213 --
441 2209 494 2220 την
524 2209 528 2210 ν
547 2209 552 2210 γ
584 2209 589 2210 γ
805 2209 817 2212 ν

109 2237 132 2265 0
152 2242 288 2271 torporem
316 2238 397 2268 atque
419 2227 591 2259 caecitatem!
611 2226 677 2254 milti
703 2231 767 2252 vero
797 2223 891 2258 religio
909 2225 930 2252 ι)
946 2215 1038 2244 verbis
1058 2211 1198 2247 Unigcniti
1227 2209 1390 2242 baptismum

800 2269 805 2271 -
859 2269 863 2271 -
986 2262 1006 2271 Ἀ
1033 2260 1100 2271 -.ιι-.-
1128 2261 1183 2271 an...
1210 2253 1311 2271 l‘Iu-ieti
1338 2259 1387 2271 non

108 2286 156 2317 sit,
182 2290 274 2310 eortmt
304 2278 446 2315 quemdam
475 2274 618 2304 mentitum
638 2272 742 2300 dicere:
761 2269 807 2304 qui
821 2269 893 2295 enim

110 2331 214 2366 possint
226 2329 369 2363 ipsissima:
390 2323 529 2360 sapientiae
542 2327 622 2355 atque
637 2318 772 2350 veritatis,
782 2315 894 2346 Christi,

109 2361 254 2412 prmcones
281 2377 327 2400 aut
341 2372 438 2399 falsum
466 2366 567 2401 aliquid
596 2365 698 2396 dicere,
717 2367 764 2390 aut
785 2361 898 2388 omnino

111 2421 222 2447 verbum
240 2418 313 2445 futile
325 2415 487 2450 profundere
499 2413 510 2440 τ

151 2464 205 2491 Sed
223 2463 302 2489 vultis
317 2466 342 2488 et
368 2466 473 2494 tempus
498 2454 687 2491 cognoscere?
712 2453 783 2488 Ergo
806 2451 898 2479 audite

111 2509 305 2544 archangelum
329 2506 493 2537 Gabrielem,
511 2503 590 2538 cujus
612 2502 646 2530 ad
672 2500 810 2528 Danielem
836 2497 896 2533 (35)

114 2555 173 2582 hoc.
195 2560 353 2589 reSponsum
368 2555 430 2579 est:
448 2559 457 2577 ε
475 2537 552 2577 Scito
565 2555 629 2583 ergo
637 2551 665 2575 et
684 2545 872 2573 animadverte
890 2537 913 2568 ε’

113 2601 149 2627 ab
171 2599 246 2627 exitu
265 2597 417 2629 sermonis,
451 2599 480 2623 ut
497 2595 594 2622 iterum
623 2591 774 2620 aediﬁcetur
787 2588 901 2616 Jerusa-

115 2646 169 2673 lem
179 2652 266 2678 usque
274 2644 307 2671 ad
327 2642 464 2670 Christum
475 2640 581 2672 dttcem.
592 2636 777 2666 hebdomades
785 2639 899 2668 septem.

114 2696 144 2719 et
171 2687 353 2717 hebdomades
366 2685 505 2720 sexaginta
534 2683 593 2711 duae
607 2684 710 2714 erunt;
732 2689 742 2705 ι
765 2678 810 2714 qui
827 2685 905 2705 com-

156 2778 164 2794 '
176 2777 228 2805 lsa.
240 2784 277 2806 VI.
289 2773 372 2807 9,10.

117 2816 151 2846 it,
163 2813 191 2840 2.
230 2811 241 2827 ⁸
252 2810 353 2838 Tltren.
367 2808 424 2841 1,1.

610 158 802 192 DlALOGUS
815 157 966 188 CONTRA
993 153 1158 186 JUDEOS.

62 226 120 253 divi
142 230 235 252 vocem
252 220 357 249 Domini
371 218 486 247 dicentis
500 228 506 246 :
524 218 607 251 Vade,
622 222 648 245 et
661 217 735 244 dices
752 214 850 250 popttlo
869 222 890 246 Α
906 213 998 248 positi.
1022 218 1108 238 annos
1135 207 1251 236 reddunt

1636 141 1689 172 862
1705 136 1707 140 ’

1277 203 1490 240 quadringentos
1502 204 1556 227 tres
1571 203 1597 226 et
1614 204 1690 226 octo-

905 259 978 294 ginta
997 265 1004 284 z
1033 256 1067 284 Et
1083 257 1234 282 revertetur
1256 259 1263 278 :
1285 259 1294 276 ι
1327 249 1360 276 Et
1383 254 1488 274 rursum
1512 244 1691 273 aediﬁcabitur

906 305 993 340 platea
1023 307 1049 329 et
1082 299 1151 328 muri
1183 299 1211 325 in
1241 296 1364 330 angustia
1398 293 1537 327 temporis.
1567 290 1600 316 Et
1631 292 1693 323 post

908 347 1087 376 hebdomades
1104 344 1243 378 sexaginta
1259 342 1324 368 duas
1340 340 1479 366 occidetur
1493 337 1617 364 Christus
1630 335 1659 366 ”;
1677 343 1687 359 ι

906 396 968 431 jure
995 399 1022 421 et
1037 400 1114 427 atquo
1135 390 1291 419 destitutus,
1317 386 1466 419 urbemque
1478 388 1505 411 et
1517 390 1622 410 sacrum
1637 388 1691 408 una

908 447 970 468 cum
995 438 1116 473 principe
1135 434 1242 461 delebit.

945 471 1093 512 Est‘autem
1117 479 1250 508 sententia
1276 477 1364 504 talis:
1384 474 1460 501 Anno
1484 481 1498 499 a
1522 472 1631 500 condito
1642 471 1694 498 Sa-

910 529 1024 558 lomonis
1046 527 1146 561 templo
1169 530 1195 552 et
1225 524 1301 554 urbe,
1325 519 1593 555 quadringentesimo
1616 521 1692 543 orto-

910 576 1011 612 gesimo
1034 573 1125 603 tertio.
1155 570 1279 598 Salvator
1306 566 1396 594 tnttndi
1412 565 1537 592 Christus
1565 567 1692 589 nascetur

912 607 944 648 ad
958 619 1117 647 salvandum
1135 623 1219 651 genus
1243 613 1393 643 hominum.
1416 609 1570 642 diabolique
1587 607 1696 634 fraudes

912 665 1102 703 proﬁigandas.
1128 663 1216 696 Atque
1242 660 1266 687 id
1287 665 1380 686 verttm
1395 662 1466 687 esse,
1492 662 1540 681 vos
1568 654 1645 683 adeo.
1673 651 1696 678 si

913 697 1012 743 velitis,
1041 708 1189 738 testcmini.
1209 705 1287 738 Nam,
1305 707 1433 739 regnante
1449 699 1620 729 Aristobulo.
1649 697 1698 725 Ju-

915 759 1032 786 datorum
1055 754 1187 790 principe,
1205 750 1321 778 Romani
1337 752 1364 776 et
1387 754 1494 775 sacram
1512 746 1606 772 urbem
1636 750 1698 770 ror-

914 810 1022 838 rupere,
1037 806 1064 829 et
1084 799 1266 827 israelitarum
1292 799 1398 830 gentem
1414 800 1468 821 una
1490 799 1551 820 cum
1576 789 1698 825 principe

918 836 1072 877 Aristobulo
1101 851 1129 873 et
1160 843 1263 875 liberis.
1292 840 1427 875 ntaneipio
1457 844 1564 872 cepere.
1589 836 1628 862 Ex
1646 841 1699 870 quo

883 889 905 916 Β
923 899 1042 928 tempore
1061 890 1219 918 vaticinium
1245 894 1336 917 omne.
1361 890 1387 911 ct
1404 891 1526 917 regnum,
1541 886 1621 914 atque
1633 887 1701 914 pon-

918 939 1028 967 tiftcium
1062 943 1169 971 pessum
1184 935 1224 966 iit.
1257 932 1362 960 ilerode
1380 935 1510 957 extraneo
1527 926 1652 954 lsraelitis
1666 924 1701 950 ab

916 983 1046 1012 Romanis
1060 989 1123 1017 rege
1145 980 1280 1015 imposito.
1296 982 1323 1004 et
1348 979 1459 1011 augusta
1480 978 1553 1000 \‘esle
1574 972 1686 998 amieto.

1215 1044 1329 1074 CAPUT
1356 1042 1412 1071 XL.

971 1106 1126 1135 Iudmorum
1138 1104 1302 1132 calamitates
1312 1101 1343 1128 ob
1358 1100 1497 1134 perﬁdiam
1512 1099 1647 1132 irrogata.

957 1162 1025 1196 Quin
1051 1160 1183 1188 Jeremias
1198 1163 1304 1192 quoque
1318 1154 1407 1181 multis
1422 1157 1486 1179 attte
1503 1150 1621 1181 smcnlis,
1640 1154 1702 1175 tan-

921 1216 1001 1244 quam
1024 1204 1243 1233 succenturiatus
1261 1199 1445 1229 testimonium
1463 1198 1533 1224 dicet
1557 1205 1563 1222 :
1593 1202 1646 1221 non
1663 1201 1707 1220 ur-

922 1239 982 1282 bem
1009 1253 1100 1284 modo.
1134 1256 1159 1277 et
1184 1249 1312 1282 templum
1353 1250 1432 1279 atque
1457 1242 1626 1271 sacerdotes.
1656 1239 1704 1267 sed

923 1306 1017 1327 omnes
1030 1297 1140 1324 omnino
1159 1293 1318 1328 oppidanos,
1332 1290 1459 1317 mulieres
1471 1292 1497 1314 et
1514 1286 1631 1314 infantes
1654 1284 1707 1312 hac

924 1344 1010 1373 naenia
1037 1343 1219 1370 lamentatus:
1242 1348 1251 1364 ‹
1273 1335 1415 1370 Quomodo
1436 1334 1509 1361 sedet
1526 1332 1581 1359 sola
1612 1330 1710 1357 civitas

925 1390 1003 1426 plena
1026 1387 1122 1423 populo
1136 1386 1165 1412 ’τ
1180 1395 1189 1411 ι
1209 1383 1371 1418 ltecogitans
1394 1379 1525 1407 Jeremias
1547 1376 1708 1411 promissum

927 1423 1081 1464 hbraltattto
1103 1433 1216 1464 editum,
1236 1429 1461 1464 Soiymorumque
1477 1423 1629 1452 vastitatem
1649 1428 1711 1455 pro-

927 1483 1054 1518 spiciens.
1070 1479 1214 1515 angoribus
1227 1475 1349 1511 oppletus
1367 1478 1394 1500 et
1405 1472 1550 1500 imminens
1576 1468 1710 1496 excidium

929 1513 1083 1562 deplorans.
1098 1513 1135 1552 ait
1148 1531 1156 1550 :
1171 1532 1180 1549 ι
1200 1520 1339 1556 Quomodo
1355 1519 1430 1547 sedet
1443 1517 1500 1544 sola
1514 1516 1612 1543 civitas
1635 1513 1711 1547 pit-na

931 1557 1029 1610 populo
1043 1573 1053 1599 i
1068 1572 1140 1599 facta
1157 1572 1198 1597 est
1212 1567 1288 1603 quasi
1306 1565 1385 1594 vidua
1399 1562 1506 1591 domina
1517 1560 1635 1596 gentium
1652 1559 1662 1575 ⁸
1676 1557 1687 1584 ?
1702 1566 1711 1582 ι

932 1603 983 1648 ilbi
1009 1616 1141 1653 propheta
1171 1613 1355 1649 angustiarum
1370 1609 1466 1645 plenus
1481 1607 1576 1634 futura:
1600 1603 1714 1639 captivi-

938 1652 1129 1692 tatisicausam
1145 1664 1207 1696 post
1224 1658 1343 1693 exponit,
1371 1656 1416 1683 Dei
1435 1654 1466 1681 ad
1491 1652 1590 1680 Oscam
1604 1653 1714 1678 senten-

934 1711 977 1739 tiae
991 1709 1169 1737 recordatus:
1191 1715 1201 1732 ‹
1217 1705 1300 1736 Vade.
1323 1709 1399 1730 sume
1413 1701 1459 1728 tibi
1477 1704 1587 1726 uxorem
1601 1695 1718 1723 fornica-

935 1758 1049 1788 tionum,
1078 1758 1106 1781 et
1131 1752 1174 1780 fac
1209 1751 1256 1778 tibi
1288 1749 1357 1776 ﬁlios
1384 1745 1626 1774 iornicationnm:
1654 1739 1716 1774 quia

936 1802 1074 1831 fornicans
1091 1797 1268 1827 fornicabitur
1284 1805 1294 1822 ι
1312 1794 1465 1822 Ιιιιιτὲοτυιιι
1488 1791 1628 1825 Synagoga
1644 1794 1651 1819 ;
1668 1786 1719 1812 ita-

935 1854 987 1883 que
999 1855 1009 1873 ι
1029 1847 1086 1880 ipsa
1099 1852 1152 1871 non
1163 1850 1230 1870 uxor
1239 1848 1295 1868 mea
1308 1848 1315 1868 :
1329 1844 1356 1866 et
1367 1845 1414 1873 ego
1431 1844 1482 1865 non
1495 1835 1535 1861 vir
1549 1833 1607 1868 eius
1620 1839 1666 1858 ero
1679 1831 1717 1858 ⁷.»

936 1909 973 1915 -
999 1903 1008 1919 t
1026 1891 1155 1924 Princeps
1185 1887 1383 1923 provinciarum
1419 1883 1488 1909 facta
1513 1885 1555 1907 est
1583 1878 1633 1907 sub
1671 1875 1722 1903 tri-

939 1941 1004 1968 buto
1017 1939 1039 1965 ⁸.
1053 1947 1062 1963 ι
1084 1934 1226 1964 Pontiﬁcio
1252 1932 1355 1966 pridem
1375 1935 1402 1957 et
1428 1935 1510 1962 regno
1533 1929 1623 1953 aucta.
1653 1927 1723 1949 nunc

939 1985 1038 2022 passim
1068 1980 1208 2010 tributaria
1232 1982 1274 2006 est
1296 1976 1415 2004 ontnimn
1433 1973 1569 2000 nationum
1597 1967 1723 1997 dominis.

943 2042 952 2058 ι
968 2031 1081 2059 Plorans
1109 2026 1223 2062 ploravit
1249 2026 1276 2052 itt
1295 2027 1399 2055 nocte;
1419 2030 1428 2046 ι
1448 2026 1509 2046 nam
1532 2023 1593 2052 qua:
1621 2014 1724 2049 rejecto

942 2059 1231 2111 intelligibili-iustitite
1254 2070 1328 2101 Sole,
1353 2068 1387 2094 ab
1404 2074 1435 2094 ea
1453 2067 1510 2092 luce
1542 2067 1670 2097 prmceps,
1698 2059 1725 2084 in

944 2109 1230 2159 ignoratttimtextebris
1245 2117 1332 2147 sedet,
1347 2121 1395 2141 cur
1406 2114 1432 2140 ιιὶ
1450 2112 1582 2146 ploratum
1599 2109 1662 2134 edat
1679 2112 1726 2139 per

945 2168 1075 2206 noctem?
1091 2176 1100 2192 ι
1119 2166 1153 2193 Ει
1166 2165 1292 2199 Iacrymaa
1306 2161 1364 2195 eius
1377 2159 1402 2187 itt
1421 2156 1540 2185 maxillis
1558 2154 1656 2187 ejus”
1682 2151 1729 2178 llis

1414 2203 1543 2238 propheta
1571 2198 1706 2234 signiﬁcat
1719 2205 1727 2229 ;

948 2262 1011 2297 quia
1031 2260 1101 2287 enim
1127 2261 1186 2285 erat
1210 2253 1312 2283 Christi
1338 2257 1419 2286 genas
1437 2249 1535 2277 ictnra.
1553 2245 1650 2272 merito
1674 2249 1732 2269 ma—

950 2288 1014 2336 nant
1035 2306 1060 2334 ei
1076 2310 1183 2340 quoque
1197 2309 1244 2337 per
1272 2306 1354 2334 genas
1369 2298 1506 2330 iacrymaz.
1528 2302 1537 2318 ε
1554 2291 1611 2319 Non
1625 2294 1667 2317 est
1683 2288 1730 2322 qui

926 2348 934 2358 ’
951 2351 1106 2381 consoletur
1123 2356 1182 2376 eam
1208 2354 1240 2373 ex
1266 2344 1394 2373 omnibus
1415 2341 1507 2368 charis
1520 2339 1579 2373 ejus
1593 2337 1615 2364 ’.
1632 2345 1640 2362 ι
1670 2335 1731 2361 Non

952 2403 1005 2431 est,
1023 2396 1120 2432 inquit,
1136 2395 1181 2430 qui
1199 2400 1247 2428 pro
1266 2399 1297 2419 ea
1323 2391 1485 2424 deprecetur
1515 2393 1522 2412 :
1552 2391 1606 2411 nott
1632 2381 1732 2411 Moses.

953 2428 1004 2479 qui
1018 2451 1033 2470 a
1057 2428 1112 2469 Deo
1126 2428 1269 2474 stipulatus
1297 2437 1333 2464 sit
1347 2444 1355 2462 :
1373 2444 1383 2461 ι
1404 2435 1459 2462 Aut
1473 2431 1580 2459 dimitte
1608 2429 1649 2456 eis
1665 2428 1735 2454 hanc

952 2497 1066 2522 noxam;
1087 2492 1135 2514 aut
1155 2486 1178 2513 si
1200 2492 1252 2513 non
1274 2482 1353 2514 facis,
1381 2480 1440 2508 dele
1463 2485 1506 2506 me
1521 2477 1553 2504 de
1581 2475 1651 2502 libro
1677 2478 1733 2504 tuo,

951 2543 1030 2572 quem
1050 2518 1183 2568 scripsisti
1203 2530 1235 2557 ‘°.
1259 2539 1269 2556 ι
1290 2527 1350 2556 Non
1371 2525 1456 2554 David
1480 2523 1621 2551 clamans:
1649 2529 1659 2545 ε
1679 2518 1735 2552 Ego

952 2590 1011 2610 sutn
1037 2580 1083 2615 qui
1109 2577 1233 2613 peccavi;
1255 2573 1299 2602 isti
1322 2572 1366 2607 qni
1386 2577 1450 2602 oves
1476 2572 1550 2600 sunt.
1575 2565 1638 2601 quid
1663 2563 1736 2590 fece-

953 2612 1053 2655 runt‘l—
1065 2612 1195 2654 vertatur.
1212 2622 1338 2651 obsecro,
1354 2623 1450 2644 manus
1467 2619 1510 2641 tua
1527 2617 1623 2640 contra
1638 2616 1690 2640 me,
1709 2612 1738 2634 ct

953 2677 1046 2701 contra
1067 2671 1176 2698 domum
1203 2666 1288 2702 patris
1314 2663 1366 2692 mei
1383 2661 1416 2688 “.
1436 2670 1446 2687 ι
1476 2659 1528 2686 Sed
1544 2657 1670 2684 eveniunt
1690 2653 1734 2680 illa

413 2773 422 2789 ’
435 2772 501 2800 Dan.
514 2778 551 2803 tx.
564 2769 609 2796 9.4.
647 2768 658 2784 ⁸
670 2767 738 2795 Gett.
749 2773 822 2796 thx.
835 2763 894 2803 10L
917 2761 928 2778 ⁵
939 2761 1055 2803 Dormit.
1066 2758 1111 2789 25.
1123 2755 1217 2803 29.."
1229 2753 1332 2781 Thren.
1346 2751 1404 2783 1.1.
1442 2751 1452 2766 ⁸
1466 2748 1531 2777 tbitl.
1559 2745 1578 2791 "
1589 2745 1657 2774 Osee
1669 2751 1689 2776 ι,
1706 2743 1744 2778 '3;

632 2803 654 2819 “
939 2787 961 2811 ἶι
975 2794 994 2822 ll
1009 2787 1076 2829 Reg.
1089 2787 1163 2824 xxiv.
1177 2790 1219 2818 l7.
1559 2787 1563 2791 '

119 2894 125 2898 ”
168 2901 224 2937 (53)
242 2900 278 2928 De
292 2896 409 2926 Danielis
424 2892 638 2924 hebdomadibus
652 2889 814 2918 Benedictus
827 2885 953 2914 Pcrerins
967 2887 994 2911 et
1007 2878 1198 2910 Gencbrardus
1214 2877 1240 2905 in
1255 2872 1443 2908 Cbronologia.
