1955 3080
204 118 260 153 863

806 117 1018 150 ANDRONICI
1035 118 1208 150 COMNENI

1787 120 1847 151 8ὗὶ

201 176 337 209 Ieremia.
361 183 394 204 ex
420 175 466 203 Dei
493 181 609 210 persona
624 174 812 202 confirmantis
830 182 861 200 ιι
891 174 920 202 Si
937 179 993 201 ste-
1006 173 1032 203 Α
1045 174 1150 208 aﬂlixit,
1168 182 1197 203 ut
1213 186 1222 203 ι
1242 178 1344 210 parvuli
1357 178 1415 211 ejus
1435 178 1508 206 ducti
1524 179 1579 206 sint
1602 179 1628 205 in
1644 178 1844 211 Caplhilalt'tn

202 224 267 252 terit
292 223 379 251 Moses
401 227 428 249 et
453 220 563 248 Samuel
591 229 682 249 coram
714 230 757 249 me
771 222 804 254 ",
831 230 840 247 ι
875 225 907 248 ut
932 225 995 248 ante

203 270 404 305 deprecatores,
431 275 485 295 non
498 267 638 295 exaudiam
653 275 711 295 eos.
729 276 738 293 ι
758 267 812 294 Vite
826 266 890 294 Sion
906 266 996 301 lugent.

203 323 236 342 eo
248 313 319 349 quod
340 320 393 340 non
410 313 476 345 sint,
490 313 535 346 qui
552 313 665 339 veniant
681 312 714 339 ad
725 312 925 340 solemnitatem
939 311 972 338 ¹³.
983 320 992 337 ι

203 361 283 389 Macli
300 360 391 387 verbis
417 364 476 387 esto
503 360 587 387 David
615 365 696 394 atque
722 359 859 392 Jeremia;
875 367 938 386 nam
951 359 996 386 ille

206 406 295 434 exsilii
317 405 471 441 Babylonici
493 405 632 440 providus,
649 413 682 432 ex
709 405 876 438 captivorum
902 405 997 443 praeci-

204 453 246 479 uit
275 459 391 486 persona
409 461 415 478 :
440 461 449 477 ι
469 451 558 486 Super
573 450 682 477 flumina
696 450 841 485 Babylonis
858 450 911 477 illic
925 450 997 477 sedi-

205 505 266 525 mus
301 503 328 525 et
359 497 493 530 ﬂevimtts,
523 504 585 524 cum
612 498 823 523 recordaremur
855 495 931 524 Sion.
966 495 995 523 ln

206 544 334 572 salicibus
348 544 375 571 in
389 544 477 571 medio
489 543 547 577 ejus
562 543 753 577 suspendimus
772 550 874 578 organa
890 548 994 571 nostra.

205 588 275 622 Quia
292 589 347 616 illic
363 589 599 623 interrogaverunt
625 596 683 620 nos,
702 588 746 622 qui
774 589 896 623 captivos
912 589 996 616 duxe-

207 640 268 662 runt
291 642 350 668 nosI
367 635 447 662 verba
460 634 627 662 cantionum.
638 634 672 661 Et
689 634 734 669 qui
745 635 913 662 abduxerunt
923 637 994 662 nos“:

207 681 344 716 llymnum
369 684 477 708 cantate
493 680 571 707 nobis
587 680 619 707 de
631 681 746 708 canticis
770 679 997 714 Sion.Quomodo

207 726 379 754 cantabimus
401 726 537 754 canticum
560 725 665 753 Domini
682 726 707 753 in
727 731 797 753 terra
826 727 912 754 aliena
927 727 993 754 1*?»

212 772 432 807 respondebant:
449 772 495 806 qui
516 771 634 799 fortasse
650 772 765 798 reditum
794 778 947 806 sperarent.
963 766 1014 799 At.

207 817 340 844 Jeremias
361 817 437 854 regni
467 817 617 850 interitum,
640 823 667 844 ct
690 817 818 853 pontificii
845 818 997 853 abrogatio-

208 871 270 890 nem
291 864 421 896 sentiens,
439 863 593 891 Judaeorum
606 864 695 891 reditu
713 863 824 891 Sinnem
840 864 996 899 desperato,

208 913 236 936 et
260 912 388 944 tanquam
407 909 589 940 claudicante,
613 913 726 936 mmstus
745 917 752 936 :
772 918 780 934 ι
801 909 916 942 Lugere,
950 909 998 941 ait,

208 955 267 983 vias
284 955 490 991 Hierosolyma.
508 964 517 982 ι
549 955 626 983 Cur?
641 957 711 987 quod
742 962 832 983 essent
849 957 925 990 nulli,
954 958 999 992 qui

208 1001 352 1028 itineribus
369 1001 402 1028 ad
417 1001 547 1028 solemnia
564 1002 752 1029 convenirent.
779 1012 788 1027 ι
808 1002 906 1029 Omnes
917 1008 1000 1037 portae

209 1047 268 1081 eius
295 1047 440 1074 destructa
457 1048 489 1074 ".
503 1056 512 1074 ι
529 1047 597 1080 Quia
613 1049 685 1075 enim
711 1048 852 1083 Synagnga
870 1049 1000 1076 ducentes

209 1093 242 1120 ad
263 1093 388 1127 pietatem
419 1098 521 1127 portas,
544 1101 604 1129 quae
629 1094 810 1129 intelligentia
845 1094 998 1121 informan-

211 1143 266 1171 tur,
291 1139 341 1166 sibi
360 1139 506 1173 praeclusit,
534 1144 562 1167 ut
580 1141 669 1175 inquit
697 1139 790 1173 lsuias,
819 1141 911 1167 oculos
935 1149 999 1168 suos

210 1184 368 1216 excrcavit,
392 1188 479 1212 etcor
497 1192 576 1212 suum
595 1185 780 1213 demeutavit:
818 1195 827 1211 ι
861 1185 898 1213 Ne
929 1189 998 1214 forte

210 1230 301 1257 videat
319 1230 413 1263 oculis,
437 1237 464 1258 et
492 1231 605 1259 auribus
621 1232 725 1264 audiat,
751 1236 778 1259 ct
793 1232 875 1259 corde
892 1223 940 1260 sui)
956 1234 998 1260 in-

211 1276 323 1310 tclligat.
340 1281 367 1304 ct
383 1281 568 1309 convertatur.
582 1283 609 1305 et
621 1285 714 1306 sanem
733 1286 790 1306 eam
804 1280 853 1306 η.»
872 1280 999 1315 i‘ropter-

211 1329 243 1349 ea
272 1329 324 1349 non
340 1322 439 1350 clausae
465 1324 534 1351 adeo
545 1328 609 1351 sunt
622 1329 718 1359 portae,
735 1326 782 1353 sed
805 1327 998 1354 vnstitatices-

211 1372 317 1394 serunt.

243 1414 421 1442 «Sacerdotes
431 1414 489 1448 ejus
499 1420 646 1450 gementes;
659 1417 770 1445 rmcrito
777 1418 821 1452 qui
833 1418 997 1449 unigenitum

213 1459 261 1487 Dei
279 1459 377 1487 Filium
405 1462 601 1493 contristarint,
625 1463 693 1490 utin
724 1462 869 1497 Evangelia
897 1463 998 1490 confir-

1046 225 1108 248 ante
1123 221 1218 249 facietn
1239 223 1403 251 tribulantis.
1423 233 1432 250 ι
1461 224 1528 257 Quia
1544 225 1615 250 enitn
1640 224 1666 250 in
1696 224 1846 251 Christum

1046 266 1222 301 debaccbata,
1239 269 1357 297 infantes
1385 270 1605 298 Dethleemiticos
1621 271 1846 301 contrucidarnt,

1046 318 1123 340 erunt
1140 313 1166 341 hi
1182 322 1289 349 quoque
1304 316 1413 350 captivi.

1085 367 1095 384 ι
1113 358 1144 385 Et
1158 367 1283 394 egressus
1301 365 1368 388 esta
1388 361 1439 388 ﬁlia
1455 361 1519 388 Sion
1537 363 1626 389 omnis
1653 362 1736 389 decor
1747 363 1842 395 οῙιιςη

1046 411 1106 438 quae
1130 413 1221 433 veram
1254 406 1434 441 maiestatem,
1456 413 1482 434 et
1513 415 1569 442 pra:
1599 409 1739 434 hominum
1765 410 1846 434 natis

1047 450 1134 478 forma
1158 452 1289 486 insignem
1320 458 1454 483 aversata.
1485 453 1605 480 exsulem
1639 455 1664 480 in
1687 453 1846 488 {Egyptutn

1047 497 1211 525 amandarit.
1242 507 1252 524 ‹
1269 498 1345 526 Facti
1359 505 1421 526 sunt
1434 500 1569 534 principes
1581 499 1638 533 ejus
1655 500 1726 526 velut
1737 500 1846 527 arietes

1047 547 1101 566 non
1116 540 1282 567 invenientes
1310 549 1428 575 pascua;
1449 551 1458 567 ι
1478 550 1539 568 naut
1556 550 1616 568 cum
1638 542 1740 568 nollent
1754 541 1843 568 Chri-

1047 585 1082 612 sti
1107 585 1204 613 ovibus
1223 590 1250 613 et
1265 587 1409 620 pecoribus
1433 588 1543 615 accensi
1563 595 1576 614 a
1599 595 1662 614 vero
1679 592 1790 622 pastore
1806 588 1844 614 ad

1047 638 1182 666 perennes
1201 631 1300 660 herbas
1317 633 1407 666 educi,
1428 638 1455 660 et
1479 633 1583 661 celesti
1598 634 1685 660 mulso
1708 639 1844 668 tauquam

1048 685 1118 713 aqua
1139 678 1244 714 irrigui,
1266 679 1291 706 in
1302 679 1413 707 aeternis
1427 680 1571 708 domiciliis
1590 680 1733 714 stabulari,
1750 689 1760 706 ι
1774 680 1846 707 ideo

1049 725 1183 759 principes
1200 725 1259 759 ejus
1278 724 1458 753 velutarietes
1480 734 1532 754 non
1552 726 1720 754 invenientes
1737 734 1846 761 pascua

1049 771 1173 797 abierunt
1192 780 1199 797 :
1221 776 1247 798 et
1264 771 1387 798 abierunt
1403 772 1506 806 absque
1527 772 1686 799 fortitudine
1706 778 1771 799 ante
1797 772 1845 799 fa-

1049 816 1116 842 ciem
1147 816 1335 851 subsequentis
1355 818 1389 844 ".
1405 817 1482 844 »ηοεί
1507 817 1542 845 ad
1559 818 1666 845 Jutleeos
1680 818 1762 846 edicti
1783 826 1846 846 tne-

1053 869 1110 887 nmr
1132 867 1233 894 rvates,
1273 863 1352 890 triste
1384 862 1448 890 illud
1487 864 1647 890 acciuebat:
1668 873 1678 890 ι
1702 863 1845 891 Abierunt

1051 907 1153 940 absque
1191 907 1444 942 fortitudine_ante
1468 909 1564 936 faciem
1595 911 1805 944 subsequentis.
1833 920 1844 936 ι

1051 953 1149 988 quippe
1176 953 1213 980 ait
1241 954 1266 980 iu
1288 953 1409 982 Levitico
1430 955 1523 982 Deus:
1546 964 1555 981 ι
1573 955 1649 988 Quod
1666 957 1688 983 si
1706 964 1759 983 tton
1787 964 1843 983 au-

1052 999 1156 1025 dieritis
1168 1007 1227 1031 me,
1249 1007 1297 1026 nec
1319 999 1438 1027 feceritis
1454 1000 1543 1027 omnia
1561 1000 1685 1029 mandata
1717 1010 1789 1034 mea,
1815 1002 1842 1029 si

1051 1045 1208 1078 sp'everitis
1230 1046 1303 1080 leges
1320 1053 1404 1079 meas,
1425 1051 1452 1072 et
1469 1045 1572 1079 judicia
1589 1054 1647 1074 mea
1663 1052 1844 1082 contempse~

1053 1090 1122 1121 ritis,
1147 1096 1176 1116 ut
1196 1098 1247 1116 nou
1261 1089 1368 1117 faciatis
1388 1097 1420 1117 ea
1435 1098 1495 1121 qua:
1510 1100 1523 1117 ιι
1539 1099 1581 1119 me
1598 1092 1744 1119 constituta
1762 1097 1843 1126 sunt,

1051 1139 1077 1161 et
1091 1137 1124 1161 ad
1146 1135 1250 1162 irritum
1264 1135 1419 1169 perducatis
1439 1141 1546 1169 pactum
1566 1145 1654 1164 meum
1671 1146 1678 1164 :
1695 1146 1745 1174 ego
1764 1146 1841 1172 quo-

1050 1188 1103 1215 que
1123 1182 1178 1208 haec
1206 1180 1302 1207 faciam
1323 1182 1416 1209 vobis:
1443 1182 1565 1209 Visilubo
1586 1191 1632 1211 vos
1652 1185 1783 1212 velociter
1814 1186 1843 1212 in

1050 1223 1180 1260 egestate.
1202 1227 1315 1254 Frustra
1338 1230 1434 1255 seretis
1464 1235 1623 1262 sementem,
1654 1239 1713 1265 qua:
1730 1232 1765 1258 ab
1790 1232 1846 1259 lto-

1051 1273 1138 1300 stibus
1150 1273 1334 1299 devorabilur.
1357 1272 1456 1299 Ponant
1471 1274 1565 1300 faciem
1585 1269 1671 1301 n'teatu
1685 1279 1780 1302 contra
1793 1284 1845 1303 vos

1050 1324 1075 1346 cl
1093 1319 1229 1346 corruetis
1249 1326 1341 1346 corum
1374 1319 1496 1346 hastibus
1525 1321 1632 1351 vestris,
1652 1327 1679 1348 et
1709 1322 1844 1356 subjicie-

1051 1365 1116 1391 utini
1137 1364 1178 1392 bis
1197 1365 1242 1399 qui
1266 1366 1380 1392 oderunt
1403 1373 1460 1391 vos.
1484 1365 1602 1400 Fugietis
1618 1368 1727 1394 nemine
1744 1375 1843 1402 perse—

1050 1416 1169 1444 quente:
1196 1415 1224 1438 et
1255 1416 1392 1438 conteram
1411 1412 1564 1444 superbiam
1584 1412 1690 1440 duritia;
1727 1419 1842 1440 vestrae.

1051 1456 1179 1491 Daboque
1199 1457 1273 1484 vobis
1294 1457 1390 1485 cadum
1418 1458 1534 1492 desuper
1567 1459 1636 1486 sicut
1658 1459 1794 1495 ferrum»;
1813 1465 1843 1488 et

213 1510 269 1533 mal
281 1515 288 1533 ε
301 1516 310 1532 ι
329 1505 427 1534 Tristis
439 1508 578 1535 estanima
594 1515 652 1536 mea
666 1515 752 1543 usque
764 1509 797 1536 ad
813 1509 968 1542 mortem",
986 1518 995 1534 ,
1011 1509 1034 1540 ο
1051 1509 1151 1530 terram
1169 1510 1283 1530 aeneam.
1295 1503 1478 1531 Consumetur
1497 1505 1632 1532 incassum
1649 1506 1725 1533 labor
1737 1512 1840 1539 vester,

211 1557 239 1579 ct
261 1552 323 1580 hinc
349 1557 471 1588 gemunt,
500 1557 527 1581 et
558 1558 687 1581 aeternum
705 1559 822 1589 gement.
847 1563 856 1580 ι
874 1554 998 1591 Virgines

212 1598 272 1632 ejus
296 1599 444 1632 squalidae,
475 1603 500 1627 ct
533 1599 591 1634 ipsa
617 1607 746 1635 oppressa
773 1600 964 1628 amaritudine.
986 1610 995 1628 ι

212 1644 406 1676 Quamobrem,
434 1645 591 1678 propheta?
616 1646 819 1681 quamobrem?
847 1647 910 1682 quia
936 1654 1000 1675 vere

213 1689 352 1725 Virginem
367 1698 399 1718 ac
422 1691 553 1726 Reginam
584 1699 636 1719 non
669 1697 730 1720 sunt
745 1697 896 1729 asseclam.
910 1692 998 1720 tFacti

212 1739 277 1764 sunt
305 1736 396 1764 hostes
419 1737 514 1770 ejusin
534 1741 633 1772 capite,
650 1738 752 1765 inimici
771 1738 830 1773 ejus
846 1738 999 1773 locupletati

212 1783 321 1810 sunt".
347 1792 356 1810 ι
378 1782 446 1820 Νίκη
475 1785 594 1819 quandin
610 1792 624 1811 a
650 1784 707 1812 Deo
739 1785 891 1817 amabatur,
918 1793 1000 1820 regno

213 1833 294 1863 atque
313 1817 426 1864 imperio
442 1817 533 1864 aucta,
551 1830 662 1865 populos
677 1830 728 1857 sibi
740 1830 875 1866 subjicere
888 1837 919 1857 ac
935 1817 1001 1858 diris

212 1876 342 1911 obligare.
366 1876 458 1913 itaque
476 1877 573 1905 scribit
596 1877 642 1905 Dei
666 1885 764 1913 parens
780 1877 863 1905 David
878 1887 884 1905 :
899 1887 908 1904 ι
927 1877 1001 1906 Pone

212 1922 349 1958 principes
375 1930 468 1950 eorum
491 1923 560 1950 sicut
577 1924 657 1957 Oreb,
675 1928 702 1951 et
733 1923 801 1957 Zeb,
819 1927 846 1951 et
859 1923 960 1957 Zebee,
974 1929 1001 1952 et

176 1987 187 1998 ,
214 1966 342 1994 Salmana
371 1975 378 1993 :
404 1974 499 1994 omnes
516 1967 653 2002 principes
684 1974 777 1994 eorum
809 1967 854 2001 qui
888 1966 999 1994 dicunt:

215 2011 378 2039 lltereditate
392 2012 578 2047 possideamus
609 2013 794 2040 sanctuarium
819 2012 864 2040 Dei
880 2013 912 2038 '°.
933 2022 942 2038 ι
967 2012 1002 2040 At

214 2056 258 2084 ubi
285 2057 377 2085 odium
393 2059 474 2092 cepit,
493 2062 575 2093 atque
595 2059 629 2085 ab
642 2058 740 2093 insigni
759 2058 866 2085 vafritie
882 2058 915 2085 ad
949 2059 1000 2086 im-

213 2103 340 2136 pietatem
362 2111 455 2138 porro.
477 2104 553 2139 quasi
574 2104 688 2139 quadam
706 2109 864 2139 tempestate
891 2109 934 2132 est
953 2112 1001 2132 ex-

214 2154 299 2183 trusa,
325 2153 382 2177 tum
410 2157 475 2178 vero
488 2150 637 2178 sacrarium
653 2150 800 2185 profanari,
826 2151 891 2179 urbs
905 2151 999 2184 diripi,

1052 1557 1104 1576 non
1117 1549 1234 1584 proferet
1249 1555 1319 1576 terra
1344 1557 1467 1585 germen,
1483 1558 1532 1578 nec
1550 1545 1661 1579 arbores
1678 1559 1755 1586 poma
1771 1561 1843 1588 pra:-

1052 1596 1162 1623 bebunt.
1196 1595 1396 1631 lmmittamque
1426 1595 1452 1623 in
1475 1604 1522 1624 vos
1555 1597 1656 1625 bestias
1682 1598 1752 1632 agri,
1779 1606 1842 1634 quae

1051 1647 1212 1669 consumant
1226 1649 1273 1668 VOS
1293 1647 1319 1669 et
1340 1649 1435 1675 pecora
1453 1648 1555 1675 veslra,
1571 1649 1599 1671 et
1623 1645 1656 1671 ad
1677 1646 1841 1680 paucitatem

1051 1694 1147 1715 cuncta
1168 1689 1310 1723 redigant;
1326 1689 1474 1724 evaginabo
1487 1694 1548 1724 post
1566 1698 1613 1718 vos
1630 1690 1757 1726 gladium,
1775 1692 1843 1718 crit-

1051 1741 1103 1768 que
1120 1739 1191 1762 terra
1211 1735 1327 1768 deserta,
1341 1740 1367 1762 et
1384 1735 1508 1763 civitates
1529 1741 1625 1764 vestrm
1645 1737 1752 1765 dirutae.
1769 1738 1841 1771 Quia

1052 1788 1098 1808 vos
1114 1780 1271 1808 ambulastis
1300 1785 1392 1808 contra
1426 1789 1491 1808 me:
1517 1787 1544 1810 et
1564 1790 1614 1817 ego
1641 1783 1762 1811 incedam
1791 1785 1842 1811 ad-

1052 1833 1147 1854 versus
1175 1833 1223 1853 vos
1239 1826 1266 1853 in
1286 1825 1376 1854 furore
1395 1828 1544 1855 contrario.
1575 1827 1718 1857 Peccatum
1737 1838 1837 1864 perca-

1051 1872 1088 1900 vit
1115 1871 1274 1902 Jerusalem.
1308 1877 1451 1907 propterea
1482 1874 1616 1903 instabilis
1636 1875 1703 1903 facta
1722 1883 1762 1904 est
1777 1878 1809 1905 ".
1825 1886 1835 1904 ι

1350 1917 1465 1946 CAPUT
1485 1919 1555 1947 XLI.

1105 1963 1210 1991 Christo
1230 1971 1300 1990 mors
1318 1964 1405 1996 illam,
1432 1971 1596 1999 pen-alarum
1625 1968 1782 1995 maximum.

1087 2008 1174 2044 Supra
1198 2009 1254 2042 jam
1285 2010 1401 2043 dixerat,
1423 2018 1482 2037 eam
1509 2012 1639 2040 divinitus
1671 2019 1781 2048 propter
1799 2020 1838 2043 tot

1051 2055 1153 2083 scelera
1182 2055 1319 2089 aﬂlictam,
1336 2064 1409 2083 nunc
1428 2056 1521 2083 addit:
1548 2066 1558 2083 ‹
1581 2057 1725 2086 Peccatum
1743 2067 1840 2093 pecca-

1051 2102 1090 2128 vit
1109 2101 1144 2129 ".
1163 2110 1172 2126 ι
1195 2101 1252 2129 Illic
1289 2101 1387 2136 quippe
1417 2101 1601 2130 lsraelitarum
1635 2111 1667 2132 ex
1693 2105 1839 2134 intervallo

1052 2146 1218 2175 idololatrias
1237 2151 1265 2174 et
1286 2147 1422 2181 vaticidia,
1449 2149 1494 2177 hic
1521 2149 1624 2178 Christi
1646 2158 1738 2179 necem
1756 2153 1839 2188 signi-

213 2195 343 2230 templum
368 2202 382 2223 a
413 2194 595 2224 fundamentis
620 2197 717 2228 everti,
752 2196 918 2231 autlpotius
949 2204 998 2231 pro

1052 2193 1125 2224 licat,
1138 2200 1223 2227 quare
1231 2192 1370 2228 subiungit
1385 2202 1392 2221 :
1409 2202 1419 2219 ι
1440 2193 1462 2222 0
1479 2202 1527 2222 vos
1543 2202 1639 2223 omnes
1655 2196 1700 2231 qui
1714 2199 1838 2227 transitis

213 2240 343 2268 derelicto
361 2241 462 2269 haberi.
490 2241 552 2269 Haec
567 2242 613 2277 qui
632 2245 783 2276 patrarunt,
799 2242 833 2270 iis
850 2249 912 2269 cum
930 2243 998 2270 bene

212 2291 266 2319 est,
287 2291 343 2314 tum
356 2287 388 2315 ad
406 2287 524 2323 majores
542 2287 665 2315 fortunas
686 2295 718 2314 ac
740 2295 852 2323 regnum
868 2287 1003 2315 extollun-

214 2337 267 2359 tur.
298 2331 383 2367 Quod,
399 2333 547 2367 explanans
568 2332 715 2367 Propheta,
736 2333 774 2360 ait
794 2341 801 2360 :
822 2342 831 2359 ι
850 2332 918 2366 Quia
944 2333 1000 2360 Do-

214 2377 304 2404 minus
329 2378 481 2404 humiliavit
506 2385 565 2405 eam
592 2383 704 2413 propter
728 2377 929 2405 multitudinem
947 2378 999 2405 im-

213 2422 344 2457 pietatum
371 2423 430 2456 ejus
457 2423 492 2451 ’°.
511 2431 520 2449 ι
551 2422 619 2450 Nam
651 2430 714 2450 cum
743 2422 883 2458 Synagoga
913 2423 998 2451 Deum

216 2475 400 2502 v--neraretur.
418 2469 624 2506 Mnsenquoqne
636 2470 822 2504 alloquebatur
835 2470 922 2498 Deus:
942 2479 951 2496 ι
967 2470 1000 2497 Et

213 2515 298 2542 suient
314 2514 447 2551 Egyptii,
467 2516 530 2551 quia
552 2522 602 2551 ego
617 2523 676 2543 sum
695 2516 835 2547 Dominus,
849 2521 877 2543 et
892 2524 944 2544 non
958 2521 1000 2544 est

214 2560 282 2587 alius
319 2565 419 2595 praeter
437 2568 480 2589 me
498 2562 532 2589 υ.
553 2571 562 2588 ι
592 2561 686 2589 Caedes
709 2569 774 2589 vero
803 2563 996 2596 prophetarum

214 2606 320 2641 aliaque
341 2606 444 2634 scelera
474 2607 545 2635 Deus
568 2607 724 2642 complexus
757 2608 900 2642 memoria,
935 2616 995 2636 eam

249 2699 270 2714 ”
281 2698 381 2727 Jerem.
392 2707 437 2731 xv,
450 2699 475 2726 ‘l.
515 2701 536 2717 ¹³
547 2700 649 2728 Thren.
663 2709 681 2733 ι,
695 2702 723 2729 ι.

215 2732 243 2768 Ἓξ
264 2733 356 2761 Matth.
382 2742 458 2766 xxvr,
471 2734 516 2765 28.
557 2736 577 2751 ⁸⁸
590 2735 692 2765 Thren.
704 2745 723 2768 ι,
735 2737 761 2764 5.

214 2766 259 2795 59.
296 2768 318 2783 ¹¹
338 2768 439 2796 Thren.
453 2777 472 2802 I,
485 2770 512 2799 6.
549 2770 572 2786 ⁸³
583 2771 669 2798 Levit.
684 2766 757 2804 XXVI,
772 2772 863 2800 ili-35.

762 2702 784 2718 "
795 2701 864 2729 Psal.
877 2710 985 2735 cxxxvt,

774 2737 996 2779 ..“.E’sa'-.ms*'

1054 2721 1060 2728 .
1100 2703 1121 2719 "
1133 2702 1233 2734 Thren.
1246 2710 1265 2733 ι,
1282 2703 1309 2730 4.
1349 2703 1371 2720 ’⁸
1383 2702 1434 2730 lsa.
1447 2711 1484 2735 vt,
1499 2703 1547 2737 10;
1559 2704 1650 2732 Matth.
1663 2704 1834 2737 xtlt,M,15.

1052 2738 1130 2779 2,15.
1149 2736 1306 2779 'i‘hren.
1321 2738 1370 2771 ι,5.
1409 2739 1431 2755 ¹¹
1445 2738 1528 2766 Exod.
1541 2747 1588 2772 vn,
1601 2739 1633 2771 5;
1649 2739 1724 2766 Deut.
1749 2747 1834 2772 um,

903 2773 926 2788 “
938 2772 1039 2800 Thren.
1052 2781 1070 2805 ι,
1083 2773 1110 2800 8.
1149 2774 1171 2789 ’⁵
1182 2773 1247 2801 ibid.
1260 2773 1302 2801 l2.

1052 2246 1100 2274 per
1109 2239 1191 2272 viam,
1209 2247 1218 2264 ι
1232 2238 1335 2266 scilicet
1348 2238 1467 2271 virtutis.
1485 2249 1495 2265 ι
1509 2241 1650 2273 attendite.
1665 2242 1800 2276 etvidete,
1815 2245 1838 2272 si

1051 2283 1198 2316 est'dolor,
1215 2283 1285 2312 sicut
1308 2283 1386 2312 dolor
1399 2292 1496 2313 meus:
1518 2286 1645 2320 quoniam
1674 2288 1838 2317 vindemavit

1051 2338 1104 2365 me,
1117 2330 1259 2358 utiocutus
1272 2335 1315 2358 est
1326 2330 1458 2359 Dominus
1468 2331 1494 2359 in
1508 2339 1550 2359 me
1559 2332 1656 2367 (34)".
1670 2343 1678 2359 ι
1693 2333 1838 2362 Utcondo-
1855 2353 1857 2355 -

1051 2377 1139 2406 lentes
1167 2384 1199 2405 se
1224 2377 1322 2405 intueri
1338 2377 1425 2409 jubet,
1448 2378 1526 2411 quasi
1556 2379 1673 2414 seipsam
1691 2387 1836 2414 accusans,

1051 2423 1126 2451 velut
1150 2423 1177 2450 in
1202 2427 1354 2450 extremum
1392 2423 1481 2451 scelus
1514 2424 1676 2460 prolapsam.
1702 2426 1767 2459 Quae
1797 2432 1836 2454 est

1052 2468 1125 2496 enim
1145 2472 1311 2502 putratorum
1331 2472 1395 2495 ante
1423 2468 1556 2496 scelerum
1574 2470 1607 2497 ad
1628 2470 1729 2498 Christi
1743 2479 1834 2498 necem

1051 2514 1241 2550 comparatio?
1266 2514 1378 2541 omnino
1393 2514 1477 2542 nulla.
1497 2514 1554 2543 iloc
1582 2516 1713 2543 malorum
1731 2518 1837 2545 teterri-

1050 2569 1134 2594 mum,
1160 2560 1212 2587 boc
1226 2567 1382 2595 supremum
1397 2560 1492 2588 vulnus
1511 2565 1563 2589 est.
1584 2561 1672 2594 Quare
1684 2562 1834 2591 ltuutiliavit

1052 2614 1092 2634 me
1114 2616 1123 2633 ι
1144 2606 1273 2634 Dominus
1293 2607 1320 2634 in
1338 2606 1381 2634 die
1397 2607 1444 2634 irae
1461 2608 1561 2636 furoris
1580 2609 1621 2636 sui
1648 2609 1680 2636 de
1700 2609 1830 2637 excelsos

1100 2703 1121 2719 "
1133 2702 1233 2737 Thren.
1246 2710 1265 2733 ι,
1282 2703 1309 2730 4.
1349 2703 1371 2720 ’⁸
1383 2702 1434 2730 lsa.
1447 2711 1484 2735 vt,
1499 2703 1547 2737 10;
1559 2704 1650 2732 Matth.
1663 2712 1722 2737 xm,
1735 2704 1779 2736 id,
1793 2704 1834 2733 l5.

252 2844 307 2880 (34)
320 2845 347 2873 Id
362 2850 413 2880 est,
426 2847 471 2881 qui
485 2852 511 2876 et
524 2848 589 2876 olim
606 2855 653 2876 sua
668 2856 742 2882 voce,
755 2854 781 2876 et
796 2855 854 2884 post
868 2857 914 2884 per
928 2849 1033 2878 divinos
1047 2849 1127 2877 Vates
1144 2849 1251 2879 Judxos
1267 2850 1398 2879 allocutus
1414 2851 1458 2885 sit,
1475 2850 1514 2878 uti
1531 2850 1667 2880 existimo.
