1955 3080
78 157 135 189 865

619 155 814 189 DIALOGUS
833 154 982 185 CONTRA
1003 154 1170 185 JUD.EOS.

1651 158 1705 189 816

76 221 137 240 suo.
164 211 256 239 Vidc:e
289 216 316 239 ut
343 212 444 239 Christi
473 211 575 239 occisia
591 212 724 238 malorum
741 210 864 238 omnium
880 211 902 240 Δ
919 212 972 235 tum
983 208 1014 235 ³³.
1035 218 1045 234 ι
1067 224 1101 229 -
1128 219 1137 235 ι
1160 209 1299 243 Quomodo
1320 211 1423 239 obtexit
1439 211 1554 246 caligine
1572 211 1597 238 in
1617 213 1709 239 furore

76 259 226 286 maximum
256 259 302 286 sil.
320 258 448 293 Equidem
474 262 500 285 et
515 258 591 290 alias,
614 257 712 293 inquit,
745 266 815 294 stnpe
840 259 868 287 in

78 305 162 331 Deum
192 304 328 336 commisi,
349 304 394 331 sed
423 305 555 331 malorum
579 304 713 339 colophon
745 305 795 332 hoc
815 310 867 338 est,

74 357 131 385 quo
153 357 212 376 meo
241 349 358 376 facinore
374 349 506 382 irritatus,
535 355 562 377 et
579 350 772 378 incandesccns
785 349 867 383 Deus,

75 404 121 422 tne
138 404 153 422 e
167 395 275 422 sublimi
295 396 470 430 proculcavit.
486 406 495 421 ι
516 395 589 422 Μίηἰι
610 396 698 431 ignem
716 396 740 422 in
755 396 866 423 ossibus

76 441 158 472 meis,
184 447 210 467 et
224 440 330 467 induxit
347 441 421 468 illum
448 449 529 476 super
546 449 598 469 mc.
616 451 625 468 ›
645 443 702 468 Non
733 441 819 469 solum
837 441 867 468 ﬁ-

75 486 184 518 ultima,
203 491 231 512 ut
249 494 328 521 saepe,
355 487 401 514 sed
435 495 477 514 me
512 488 578 514 adeo
609 491 693 515 totam
721 488 864 515 atubussit.

77 544 88 560 ι
111 534 244 569 Expandit
268 539 325 562 rete
343 535 456 569 pedibus
482 535 558 567 meis,
590 535 723 562 convertit
750 542 794 562 me
820 542 864 561 re-

77 584 208 607 trorsmu.
230 588 238 604 I
270 578 337 606 Rete
364 579 414 606 hoc
443 578 497 605 Titi
533 579 625 612 copias
659 579 791 614 designat,
818 579 864 613 qui

73 623 206 651 vrrriculi
224 624 310 651 instar
329 631 423 651 omnes
456 624 598 652 irretierit.
617 624 686 651 Nam
715 623 767 651 ctsi
796 624 865 658 ignis

74 670 213 696 ﬂammam
231 669 354 696 nonnulli
373 674 528 702 evaserunt,
552 675 580 696 at
605 670 720 697 militum
734 676 864 696 mucrone

72 715 223 750 oppetiere.
244 723 253 740 ι
275 715 369 742 Posuit
384 723 426 742 me
439 715 598 747 desolatam,
617 719 671 742 tota
689 715 732 742 die
747 721 865 742 mmrore

73 759 228 787 confectam
248 760 280 787 “.
300 769 309 785 ι
339 760 421 788 Totos
444 760 502 787 dies
519 762 604 788 aeVum
622 768 703 788 omne
715 760 758 787 hic
785 760 865 787 intel-

75 804 139 838 lige.
162 812 172 829 ‹
195 803 357 836 Desolatam,
379 813 389 830 ι
413 811 460 831 seu
481 804 514 831 ad
533 804 645 830 nihilum
666 804 814 836 redactam,
829 804 863 831 ob

76 848 238 883 imperium;
255 858 264 874 v
288 855 405 876 mcerore
425 847 588 879 confectam,
607 857 616 873 ι
634 848 670 875 ob
692 849 860 875 servitutem.

76 901 87 918 ε
108 893 233 927 Vigilavit
260 900 342 927 super
368 892 525 927 iniquitates
554 900 638 924 meas,
676 893 703 920 in
737 893 862 920 manilms

74 940 131 967 Suis
157 941 363 975 comprehendit
390 947 445 967 mc.
462 949 471 966 ι
501 939 592 974 Ipsum
607 939 744 972 admonui,
760 932 860 974 inquit,

76 991 196 1012 meorum
215 989 278 1011 ante
298 983 460 1016 facinorum,
480 984 539 1010 ideo
551 976 763 1018 circumquaque
776 983 862 1018 copiis

74 1030 164 1057 cincta
186 1029 234 1056 fui.
250 1038 259 1055 ‹
272 1029 542 1065 Ἀςῃτηνεινίιῂιειιιη
563 1037 640 1057 suum
661 1037 743 1064 super
761 1030 860 1057 collum

77 1083 178 1107 metu“,
198 1086 207 1101 ι
230 1076 255 1102 id
271 1080 321 1108 est,
338 1075 475 1102 servitutis
499 1076 564 1110 jugo
584 1075 689 1102 domuit
704 1082 756 1102 me.
785 1084 794 1101 ε
818 1075 860 1102 Ιη-

76 1123 182 1148 ﬁrmata
199 1122 241 1149 est
264 1121 351 1148 virtus
366 1129 436 1154 mea,
454 1122 527 1148 dedit
541 1121 672 1148 Dominus
685 1121 711 1148 in
732 1121 859 1148 manibus

76 1167 143 1194 meis
161 1167 275 1198 dolores,
297 1173 364 1201 quos
383 1174 435 1192 non
462 1171 556 1200 potero
572 1165 692 1203 perferre
708 1166 742 1192 ’⁷.
762 1175 772 1192 ι
793 1164 860 1192 Tra-

75 1213 145 1239 ditos
166 1213 191 1238 iu
204 1219 314 1240 manum
331 1212 450 1244 dol0res,
467 1211 606 1239 servitutis
623 1217 758 1238 aerumnas
770 1216 857 1238 vocat.

77 1265 87 1282 v
111 1255 212 1284 Oculus
238 1264 315 1284 meus
343 1256 456 1284 deduxit
470 1263 565 1291 aquas.
587 1265 596 1282 ι
615 1256 806 1291 Lacrymosdtn
818 1262 860 1283 cst

73 1303 146 1330 cnim
171 1303 299 1338 quid-quid
334 1303 464 1330 servitum
491 1302 608 1329 ducitur.
645 1310 655 1327 ε
679 1301 746 1334 Quia
779 1301 858 1335 longe

75 1348 161 1375 factus
190 1354 231 1375 est
247 1357 261 1375 a
278 1356 320 1375 me
347 1347 500 1375 consolator
515 1348 547 1375 “.
571 1357 580 1373 ι
611 1347 675 1374 Nam
709 1347 859 1375 mellitissi-

76 1402 147 1421 mum
167 1402 254 1422 meum
276 1394 397 1422 solamen
418 1401 431 1420 a
451 1401 493 1421 tne
507 1393 587 1429 rejeci
604 1398 685 1428 atque
702 1393 856 1421 amandavi.

78 1449 88 1465 ‹
110 1440 272 1467 Sacerdotes
305 1440 357 1467 mei
391 1444 419 1467 et
447 1447 526 1467 sencs
552 1441 578 1466 in
611 1441 677 1467 urbe
705 1441 858 1475 consumpti

75 1490 147 1513 sunt.
173 1495 183 1512 ι
201 1486 392 1519 Quamobrem,
414 1491 497 1513 vates.
519 1495 528 1512 ‹
546 1486 613 1519 Quia
635 1486 799 1520 quaesierunt
821 1486 859 1513 ci-

74 1531 136 1559 bum
158 1531 221 1564 sibi,
247 1535 276 1558 ut
292 1531 476 1559 rcfocillarent
500 1531 618 1558 animam
647 1539 723 1558 suam
739 1532 772 1565 ",
792 1541 801 1557 ι
833 1537 858 1558 et
872 1549 895 1581 C

75 1585 127 1605 non
141 1577 314 1607 invenerunt;
331 1577 478 1609 Delicatus,
498 1584 528 1604 ac
542 1576 604 1603 luxu
625 1577 745 1610 perditus
769 1575 858 1603 Israe-

74 1623 146 1655 lites,
171 1622 321 1650 solemnem
341 1623 430 1649 cibum
450 1622 574 1657 vestigat.
591 1631 600 1648 ι
623 1621 806 1650 Conturbatus
818 1626 859 1649 est

74 1674 169 1696 venter
199 1676 284 1702 meus,
305 1669 463 1696 subversum
479 1672 520 1695 est
535 1676 580 1695 ('Ol‘
602 1675 688 1695 meum
704 1667 730 1694 ill
747 1672 860 1694 metuet-

75 1713 133 1748 ipso
141 1713 174 1740 '°.
193 1722 203 1740 ι
218 1713 350 1746 Turbam,
367 1713 465 1748 inquit,
483 1714 610 1740 intestina
626 1717 720 1748 optato
735 1713 796 1740 cibo
811 1711 859 1739 de-

76 1761 212 1793 fraudata,
228 1765 254 1787 et
270 1761 375 1787 animus
392 1765 500 1786 mutans
518 1760 544 1786 in
561 1759 650 1794 priore
668 1763 739 1786 statu
758 1763 858 1786 manet.

75 1805 139 1836 Quae
151 1812 240 1831 rerum
250 1804 389 1831 calamitas
401 1804 479 1831 istam
493 1811 584 1831 vocem
596 1803 731 1838 exprimit.
743 1813 752 1830 ε
762 1805 860 1832 Omnes

75 1850 141 1877 mihi
159 1851 184 1877 in
203 1849 372 1877 inimicitiam
389 1851 451 1877 facti
469 1854 542 1878 sunt.
561 1859 570 1876 ι
589 1849 646 1877 Νοη
664 1850 734 1878 enim
759 1851 859 1879 inimici

75 1897 172 1929 modo,
195 1898 243 1924 sed
267 1897 346 1924 amici
373 1903 480 1931 quoque
505 1895 603 1923 infensi
628 1903 672 1924 me
694 1903 858 1932 oppugnant.

76 1943 249 1970 Exacerbans
265 1942 423 1970 exacerbavi
440 1942 562 1977 spiritum
579 1941 624 1969 Dei
639 1951 646 1969 :
666 1951 675 1968 ι
693 1941 792 1970 Omnes
808 1943 860 1970 ini-

77 1989 137 2015 mici
154 1989 206 2016 mei
222 1989 367 2016 audierunt
381 1988 481 2015 malum
499 1995 598 2020 meum,
611 1987 691 2015 laetati
705 1993 778 2021 sunt,
792 1996 862 2024 quo-

76 2036 148 2062 niam
164 2041 191 2063 tu
207 2035 305 2063 fecisti.
325 2044 336 2062 ι
353 2035 457 2062 Excidii
474 2036 526 2062 mei
541 2034 617 2068 lapso
632 2038 762 2068 tempore,
780 2034 797 2061 ii
816 2034 861 2069 qui

76 2082 261 2108 moliebantur
276 2089 320 2108 me
334 2086 468 2113 evertere,
485 2080 652 2114 triumphant
668 2079 734 2115 (55),
750 2080 862 2106 audien-

79 2131 118 2154 tes
134 2135 148 2153 a
166 2132 212 2154 tuo
227 2127 336 2154 numine
350 2126 483 2161 repulsam
498 2133 540 2153 me
553 2131 580 2153 et
594 2125 724 2160 dcjcctam
738 2126 860 2160 imperio.

78 2181 88 2199 ι
114 2172 258 2200 Adduxisti
284 2174 366 2205 diem,
384 2177 411 2200 et
432 2172 534 2200 vocasti
558 2177 674 2207 tempus.
695 2181 705 2197 ι
728 2171 861 2204 Adducta,

878 878 899 905 Β
917 878 1065 920 Pharaonis
1087 901 1095 920 :

922 261 972 281 suo
986 254 1116 282 Dominus
1133 255 1214 282 filiam
1233 256 1316 282 Sion?
1334 266 1343 282 ι
1363 256 1489 284 lncendio
1504 257 1639 284 exstincta
1654 262 1707 289 est,

921 303 961 326 est
979 300 1050 326 enim
1070 302 1143 333 quasi
1163 301 1290 333 calin-are,
1307 301 1431 328 incendio
1449 302 1593 336 exstingui.
1612 311 1621 328 ‹
1645 302 1709 328 Pio-

916 343 982 378 jecit
996 346 1028 371 de
1043 345 1110 372 cudo
1127 346 1152 372 in
1170 349 1267 372 terram
1285 345 1410 380 iuclytatn
1428 345 1525 377 Israel;
1545 346 1567 362 ³⁵
1580 355 1589 372 ι
1607 354 1623 374 e
1639 347 1707 373 divi-

919 390 961 417 nis
980 391 1106 418 manibus
1123 391 1232 422 amissa,
1247 398 1278 417 ac
1294 398 1343 425 pro
1359 390 1442 418 nihilo
1458 391 1546 419 habita
1562 397 1603 419 est
1619 392 1704 426 gloria

917 435 1082 464 Jndmornm.
1109 446 1118 463 ι
1145 437 1278 464 Ohliviuni
1303 437 1412 464 tradidit
1436 437 1564 464 Dotninns
1588 438 1614 464 in
1640 437 1705 465 Sion

919 480 1092 510 festivitatem
1122 487 1149 510 et
1174 483 1331 510 Sabbatum.
1360 492 1369 508 ›
1399 482 1465 509 Nam
1496 483 1557 516 quia
1586 484 1706 511 medenti

917 524 1044 555 Sabbatis
1059 529 1154 563 Opiﬁci
1170 528 1310 564 Synagoga
1325 528 1492 561 succensuit,
1503 528 1630 563 abrogata
1643 533 1706 556 sunt

917 573 985 600 festa
1000 574 1090 600 omnia
1107 578 1188 608 atque
1204 575 1334 601 Sabbata.
1363 583 1372 599 ‹
1392 573 1424 600 Et
1446 574 1472 600 in
1489 573 1662 608 opprobrium
1679 579 1706 601 et

916 617 1126 652 iudignalioncm
1142 620 1240 646 furoris
1256 621 1296 647 sui
1315 627 1406 654 regem
1421 624 1448 646 et
1461 619 1628 646 sacerdotem
1642 619 1674 646 ".
1694 628 1703 646 ι

916 663 990 696 Quos
1008 664 1054 691 hic
1076 666 1224 692 memorat?
1245 673 1340 701 nempe
1363 666 1493 693 Herodem
1513 669 1541 692 et
1564 665 1705 700 Caipham,

917 710 962 745 qui
979 710 1087 745 quidem
1104 711 1253 746 gloriosum
1268 712 1349 738 Deum
1366 711 1565 738 exacerbarunt
1581 720 1587 737 :
1606 719 1658 742 qua
1677 719 1706 738 re

915 756 1034 783 oﬂ'ensus
1047 764 1158 790 regnum
1174 763 1253 792 atque
1269 757 1449 785 sacerdotium
1464 756 1624 792 repudiavit.
1636 757 1702 784 Nam

914 796 959 836 qui
973 802 998 829 ei
1013 803 1124 837 repudio
1139 791 1219 830 bilem
1231 802 1388 835 movissent,
1401 791 1521 831 destituii
1537 805 1586 839 ipsi
1598 811 1706 839 quoque

915 848 942 874 in
958 848 1033 882 plura
1047 848 1110 875 vitia
1128 849 1280 883 praecipites
1296 849 1369 883 iere;
1388 850 1458 883 passi
1474 849 1602 884 quiddam
1615 850 1703 878 instar

1121 902 1131 919 ί
1155 893 1346 928 lndnravitque
1367 894 1497 922 Dominus
1517 902 1564 922 cor
1583 895 1705 923 Pharao-

916 939 968 971 nis,
987 948 996 965 ι
1013 940 1050 966 ait
1062 938 1201 974 Scriptura
1212 940 1251 974 “;
1264 940 1364 967 etenim
1379 948 1441 968 cum
1459 942 1570 969 minimc
1581 942 1703 969 ﬂectere-

916 989 969 1016 tur,
985 985 1082 1012 merito
1097 985 1256 1014 obﬁrmatus
1273 990 1324 1013 est.

953 1037 962 1054 ‹
981 1028 1088 1062 Repulit
1104 1029 1232 1057 Dominus
1246 1030 1331 1058 altare
1345 1038 1434 1063 suum,
1447 1031 1586 1059 maledixit
1602 1033 1704 1060 sancti-

917 1073 1036 1101 ﬁcationi
1050 1075 1162 1102 suaa".t
1182 1075 1219 1103 Ne
1234 1077 1438 1111 triumphatote,
1455 1077 1549 1111 Judaei,
1566 1080 1603 1105 ait
1616 1083 1701 1113 vates,

914 1120 949 1147 ob
966 1121 1113 1148 sacerdotil
1132 1121 1289 1156 dignitatem
1309 1130 1315 1148 :
1336 1127 1444 1157 propter
1461 1130 1508 1150 vos
1528 1125 1602 1150 enim
1623 1131 1701 1151 suum

914 1165 965 1193 sibi
985 1166 1069 1193 altare
1088 1174 1119 1193 ac
1137 1167 1287 1194 sacrarium
1305 1168 1429 1194 amolitus
1447 1168 1569 1203 projecil,
1586 1176 1700 1203 quorum

914 1210 1003 1237 oblata
1024 1218 1073 1246 pro
1094 1211 1160 1238 diris
1182 1212 1293 1239 haberet
1317 1221 1324 1239 :
1348 1222 1357 1238 ι
1381 1212 1461 1239 Luxit
1482 1214 1658 1246 antemurale,
1675 1218 1703 1241 et

914 1250 1132 1290 murus‘pariter
1154 1257 1300 1290 dissipatus
1321 1262 1373 1284 est.
1391 1257 1490 1285 Deﬁxae
1507 1263 1570 1285 sunt
1587 1258 1613 1285 in
1630 1263 1702 1286 terra

914 1305 1000 1335 porta:
1027 1302 1085 1336 ejus
1116 1309 1122 1328 :
1149 1303 1266 1336 perdidit
1290 1307 1317 1329 et
1340 1303 1470 1330 contrivit
1493 1309 1584 1331 vectes
1610 1303 1667 1338 ejus
1693 1313 1701 1331 :

914 1354 1005 1382 regem
1023 1347 1081 1382 ejus
1099 1352 1126 1374 et
1141 1348 1277 1383 principes
1294 1348 1353 1382 ejus
1371 1350 1396 1375 in
1415 1349 1540 1383 gentibus
1561 1357 1568 1376 :
1591 1357 1643 1377 non
1662 1355 1703 1378 est

913 1392 972 1425 lex,
991 1398 1018 1420 et
1039 1393 1176 1428 propheta:
1199 1394 1256 1429 ejus
1277 1401 1330 1420 non
1353 1394 1512 1422 invenerunt
1532 1395 1665 1423 visionem
1687 1404 1702 1422 a

914 1438 1040 1468 Domino.
1052 1438 1186 1466 Sederunt
1203 1440 1228 1466 in
1244 1445 1327 1473 terra,
1343 1442 1535 1468 cnuticuerunt
1548 1449 1627 1469 senes
1641 1441 1702 1468 ﬁliae

913 1485 978 1512 Sion
1004 1494 1011 1512 :
1036 1490 1245 1520 consperserunt
1269 1485 1360 1513 cinere
1385 1486 1473 1520 capita
1498 1494 1564 1519 sua,
1587 1487 1702 1515 aceincti

912 1535 975 1558 sunt
999 1531 1111 1564 ciliciis,
1128 1530 1285 1565 ahjecerunt
1306 1532 1331 1557 in
1358 1536 1457 1558 terram
1468 1532 1502 1566 ³³,
1520 1541 1529 1557 ι
1557 1532 1701 1567 primarias

913 1576 1032 1611 virgines
1048 1576 1076 1603 in
1092 1575 1254 1604 Jerusalem.
1269 1575 1370 1604 Prioris
1387 1585 1443 1604 suae
1459 1578 1596 1605 servitutis
1615 1579 1702 1614 (Scili-

913 1628 955 1650 cet
969 1623 994 1649 iu
1008 1622 1134 1657 Egypto)
1150 1629 1182 1650 ac
1197 1622 1323 1655 miseriae,
1335 1622 1435 1658 Deique
1449 1624 1606 1658 opitulantis
1619 1625 1701 1652 oblita

912 1675 978 1702 gens
991 1667 1095 1700 Judzea,
1110 1675 1182 1695 nunc
1197 1668 1326 1702 pontificii
1344 1675 1427 1703 regno
1445 1676 1477 1695 ac
1494 1669 1651 1697 celebritate
1672 1679 1701 1698 se

911 1713 1051 1748 jactabat;
1070 1721 1141 1740 nunc
1154 1714 1374 1752 propugnaculis,
1387 1719 1414 1741 et
1427 1714 1501 1742 urbis
1515 1715 1700 1748 munimentis,

913 1767 984 1787 nunc
1004 1761 1157 1795 principum
1180 1760 1317 1794 potentia,
1335 1759 1402 1794 legis
1424 1760 1564 1795 pratsidio,
1582 1763 1700 1797 prophe-

914 1810 1001 1833 tarqu
1026 1806 1192 1838 visionibus,
1214 1807 1382 1834 sacerdotum
1406 1807 1543 1841 ctelibatu;
1567 1808 1701 1836 interdum

913 1852 1085 1886 superbiebat
1105 1859 1212 1886 quoque
1234 1855 1261 1879 et
1283 1851 1420 1886 pontiﬁcio
1440 1853 1541 1880 amictu
1563 1862 1571 1881 :
1594 1861 1698 1887 eorum,

913 1907 993 1934 quam
1018 1906 1080 1926 mox
1103 1899 1232 1933 propheta
1256 1898 1393 1925 interitum
1413 1899 1592 1933 prospiciens,
1610 1902 1701 1928 omnia

914 1945 1085 1979 complexus,
1111 1944 1349 1972 condolentissime
1376 1952 1442 1971 sane
1467 1953 1499 1972 ac
1526 1946 1701 1974 tumstissime

914 1990 1093 2017 calamitatem
1110 1989 1269 2024 exsequitur
1283 1993 1310 2016 et
1323 1989 1470 2024 ampliﬁcat
1487 1998 1496 2020 :
1514 1999 1523 2016 ι
1541 1991 1702 2019 Defecerunt

914 2043 969 2071 prae
993 2036 1119 2070 lacrymis
1142 2034 1214 2062 oculi
1238 2035 1307 2067 mei,
1326 2035 1488 2063 conturbata
1512 2040 1575 2063 sunt
1596 2037 1700 2064 viscera

916 2089 985 2113 mea,
1001 2079 1115 2108 eil'usum
1132 2085 1174 2108 est
1191 2081 1217 2107 in
1234 2084 1305 2107 terra
1323 2081 1406 2108 decus
1422 2088 1521 2108 meum.
1535 2091 1549 2106 ι
1568 2082 1700 2115 Quorsum

915 2126 973 2153 haec
999 2130 1088 2158 vates,
1112 2125 1261 2159 quorsum?
1292 2134 1302 2151 ι
1334 2126 1420 2161 Super
1449 2128 1611 2155 contritione
1641 2128 1701 2156 ﬁlia:

916 2172 1003 2208 populi
1029 2172 1097 2203 tnei,
1113 2179 1173 2198 cum
1198 2172 1326 2200 deﬁceret
1349 2173 1477 2207 parvulus
1501 2178 1530 2201 et
1551 2174 1651 2202 lactens
1675 2177 1700 2202 iu

77 2219 178 2253 inquit,
207 2219 346 2254 Synagoga
376 2218 444 2251 Deo,
470 2218 547 2246 hilari
576 2218 635 2251 die,
663 2218 798 2253 Unigeniti
829 2219 866 2247 tui
883 2225 905 2253 ι)
919 2217 1014 2252 plateis
1028 2216 1153 2251 oppidi...
1169 2216 1291 2251 Virgines
1306 2225 1382 2248 mete,
1396 2222 1423 2244 et
1434 2218 1547 2251 juvenes
1562 2221 1613 2246 mei
1628 2221 1702 2247 abie-

76 2265 213 2298 adventu;
232 2271 373 2300 postquam
397 2272 455 2292 eam
480 2265 601 2293 volentes
626 2264 777 2299 rejecimus,
795 2265 864 2292 diem

76 2310 222 2344 vindicem,
235 2311 335 2338 citasti.
360 2320 369 2336 ι
385 2310 418 2336 Et
428 2310 504 2337 facta:
518 2316 580 2338 sunt
596 2311 690 2338 domus
712 2311 739 2338 in
753 2311 836 2338 me".
853 2317 871 2338 ι·

76 2355 118 2383 Me
133 2357 212 2390 quasi
227 2358 306 2384 domo
320 2357 434 2392 quadam
449 2362 616 2391 comparata,
628 2358 694 2384 adeo
709 2364 741 2384 ac
755 2357 866 2392 perinde

76 2399 195 2429 miseriae
212 2408 275 2430 sunt
291 2410 334 2429 me
351 2403 490 2437 awplexze,
508 2408 536 2430 ut
552 2404 693 2430 continens
710 2403 805 2430 donms
822 2411 864 2436 ea,

75 2457 137 2484 qua:
163 2449 345 2476 continentur.
371 2450 408 2476 Ac
433 2450 549 2477 fortasse
577 2454 604 2477 et
631 2450 681 2476 tale
706 2449 806 2484 aliquid
830 2451 866 2478 sit

76 2494 290 2528 intelligendum.
309 2494 440 2527 Quoniam
464 2493 533 2521 Deus
555 2494 581 2521 in
604 2494 770 2529 Synagogam
792 2495 863 2522 diem

75 2539 211 2566 vindicem
228 2540 323 2567 citavit
339 2548 346 2566 :
365 2548 374 2566 t
395 2538 524 2574 Sepulcra
537 2546 630 2567 eorum
645 2539 739 2566 domus
755 2539 864 2567 illorum

76 2586 103 2613 in
129 2590 260 2613 aeternum
284 2587 406 2619 erunt",
425 2591 454 2613 ut
475 2586 513 2612 ait
534 2585 634 2618 David,
652 2589 680 2613 et
699 2593 706 2612 :
735 2595 744 2611 ι
761 2585 865 2619 Repleti

77 2636 158 2666 sunt,
176 2633 220 2668 qui
242 2632 380 2660 obscurati
401 2637 464 2660 sunt
488 2636 566 2659 terra:
590 2631 714 2659 domibus
734 2631 865 2666 iniquita-

915 2269 977 2291 runt
995 2264 1022 2290 in
1044 2261 1239 2297 captivitatem,
1258 2262 1413 2289 ceciderunt
1435 2263 1461 2290 in
1483 2264 1588 2297 gladio;
1613 2265 1701 2292 inter-

915 2308 1004 2336 fecisti
1022 2309 1048 2335 in
1066 2308 1108 2336 die
1122 2308 1222 2336 furoris
1241 2309 1279 2336 tui
1298 2318 1305 2337 :
1323 2310 1493 2344 percussisti,
1510 2319 1558 2338 nec
1576 2311 1702 2340 misertus

914 2363 954 2383 cs.
969 2355 1077 2383 Vocasti
1096 2356 1171 2389 quasi
1190 2357 1224 2383 ad
1242 2357 1312 2384 diem
1331 2357 1488 2391 solemnem,
1503 2360 1547 2393 qui
1568 2364 1700 2386 terrerent

916 2410 958 2428 me
974 2401 1008 2428 de
1025 2402 1140 2429 circuitu
1150 2402 1183 2430 ³³.
1204 2411 1214 2428 ι
1234 2402 1305 2429 Nihil
1323 2410 1451 2436 parcens,
1469 2404 1555 2439 inquit
1570 2407 1699 2439 propheta

916 2454 947 2475 ex
974 2447 1122 2483 Synagoga:
1145 2455 1261 2482 persona
1288 2449 1321 2476 ad
1347 2449 1447 2482 Deum,
1469 2458 1512 2477 me
1538 2451 1593 2478 coci
1618 2451 1702 2478 instar

917 2493 1044 2526 divisisti,
1059 2499 1168 2521 evocata
1190 2494 1223 2521 ad
1244 2501 1287 2521 me
1307 2495 1425 2529 undique
1441 2495 1594 2523 accolarum
1612 2496 1700 2529 tutba,

918 2538 1041 2566 luctuoso
1063 2539 1129 2566 meis
1150 2539 1193 2566 die
1213 2544 1337 2574 tanquant
1357 2541 1480 2568 solemni.
1500 2549 1509 2567 ι
1531 2541 1565 2568 Et
1583 2549 1635 2568 non
1652 2542 1702 2569 fuit

920 2586 946 2611 in
965 2585 1006 2612 die
1024 2584 1124 2612 furoris
1142 2584 1248 2612 Domini
1267 2585 1313 2620 qui
1335 2585 1475 2621 eﬁ‘ugeret,
1491 2590 1519 2614 et
1535 2585 1702 2621 relinquere-

917 2636 961 2658 tur
972 2631 1005 2658 “.
1021 2639 1031 2657 ›
1052 2629 1141 2665 Usque
1158 2638 1191 2658 co
1207 2631 1302 2658 divinae
1318 2631 1366 2658 irae
1382 2631 1520 2659 exinanita
1537 2631 1587 2659 faex
1603 2638 1654 2665 est,
1671 2636 1702 2660 ut

113 2712 136 2728 "
148 2690 249 2739 Thren).
262 2720 281 2743 t,
297 2712 340 2739 15.
362 2713 384 2729 ³⁷
395 2713 459 2740 ibid.
473 2713 514 2741 M.
543 2712 566 2729 ’⁸
578 2712 641 2740 ibid.
656 2712 700 2740 15.
734 2712 756 2729 ¹⁹
771 2711 833 2739 ibid.
846 2709 875 2737 19

920 2710 943 2726 ³⁸
955 2710 1017 2738 ibid.
1029 2709 1074 2738 20.
1094 2709 1114 2725 ³¹
1131 2709 1195 2739 ibid.
1206 2710 1252 2738 21.
1289 2711 1311 2727 ³¹
1323 2710 1396 2738 Psal.
1408 2714 1500 2744 XLvtu,
1511 2710 1553 2739 12.
1595 2710 1617 2726 ³⁸
1628 2710 1647 2737 Ρ
1664 2711 1699 2738 al.

78 2747 235 2780 uxmﬂt).
274 2747 490 2782 ⁸δἸἸιι-θιι.ιι,1.
526 2747 549 2765 ⁸⁸
569 2748 633 2775 ibid.
657 2747 683 2775 6.

78 2783 124 2816 21,
136 2783 183 2810 22.
222 2782 247 2799 ⁸⁸
260 2782 324 2811 ibid.
336 2782 382 2810 22.

721 2747 744 2764 ⁸⁸
765 2746 849 2774 Exod.
871 2746 1029 2780 tx,passim.
1067 2745 1089 2762 ⁸⁷
1101 2743 1201 2775 Thren.
1215 2753 1246 2780 tl,
1259 2746 1286 2775 7.
1323 2745 1420 2775 l“ibid.
1431 2743 1507 2774 8-10.

1546 2746 1642 2775 "ibid.
1656 2747 1700 2780 11,

132 2862 190 2899 (35)
211 2862 325 2891 Romani
344 2862 551 2899 Hierosolymam
571 2861 741 2896 obsidentes,
757 2864 785 2889 ut
800 2860 927 2889 arbitror.
