1955 3080
108 136 165 169 8ὁ9

657 138 852 171 DIALOGUS
867 140 1017 171 CONTRA
1039 140 1206 173 JUDIEUS.

1683 141 1737 174 870

108 195 285 224 fundamenta
306 196 407 230 ejus".
427 205 436 222 ι
459 195 621 231 Coniplevit,
641 196 666 223 id
689 201 742 230 est,
760 198 851 225 omnia
875 198 901 226 in
916 200 942 230 Α
954 198 1016 225 dum
1035 199 1060 226 in
1079 199 1225 234 Evangelio
1242 206 1318 227 meus
1336 199 1462 227 Salvator
1477 199 1557 227 Jesus
1573 201 1737 229 cOnﬁrmat:

108 249 158 269 eos
176 241 302 268 vaticinia
320 242 477 277 complevit,
495 241 597 269 inanita
617 242 656 269 ira
675 246 803 278 tanquam
821 244 897 278 faece,

107 289 321 322 incandescens;
337 289 425 323 ignem
443 289 576 322 incendit,
590 290 634 325 qui
653 289 764 318 Sionem
782 299 795 318 a
815 291 901 327 stirpe

108 330 230 361 funditus
249 335 408 369 absumpsit.
431 345 440 362 ι
461 335 648 371 chtaverunt
665 336 853 365 adolescentes
871 339 899 366 in

108 379 223 414 plateis,
250 380 343 414 polluti
371 386 436 409 sunt
460 381 487 409 in
514 383 646 418 sanguine
667 391 728 411 cum
753 391 806 411 non
832 392 900 419 pos-

107 425 212 452 svnt".
230 435 238 450 ι
257 424 315 452 Non
329 430 398 458 erat,
410 426 456 461 qui
472 433 518 454 eos
535 431 605 454 terra
621 428 759 461 conderet,
783 429 900 456 tumulus

107 471 205 504 platea:
230 469 307 497 facta:
322 490 329 503 ,
364 471 456 505 itaque
478 479 540 499 cutn
564 472 736 499 vestimentis
761 477 898 506 pntruere.

110 525 121 541 Ι
138 515 303 543 Defecernut
315 516 384 543 oculi
398 517 482 544 nostri
497 516 529 544 ad
543 517 673 543 auxilium
691 522 825 549 nostrum,
838 525 899 544 cum

108 569 178 588 vana
196 566 414 597 respectaretnus
423 561 457 590 ".
477 572 486 589 ι
507 562 689 590 Intermortua
708 563 777 597 apud
795 571 843 590 nos
859 567 902 590 est

110 609 251 643 propheta:
274 608 357 635 David
376 616 427 635 vox
449 609 494 636 illa
517 617 525 635 :
547 609 637 635 nullus
657 609 702 643 qui
722 616 782 636 cum
804 609 901 636 ﬁducia

106 652 197 682 dicat:
212 661 222 678 ι
234 651 350 685 Deus,in
363 652 526 687 adiutorium
540 660 627 680 meum
641 652 764 686 intende;
777 653 900 685 Domine,

107 698 142 726 ad
159 698 340 733 adjuvandum
355 705 397 726 me
408 697 506 726 festina
516 699 550 726 '°.
566 708 576 725 ι
592 713 627 718 -
644 707 654 724 t
673 697 850 733 Respeximus
866 699 900 726 ad

104 750 213 780 gentem
228 752 287 779 qurc
298 745 403 772 salvare
417 752 471 772 non
486 745 635 780 poterat“.
651 754 659 771 ν
675 745 742 778 Quia
761 745 834 772 enim
853 745 899 773 Dei

106 797 208 818 numen
235 795 262 818 et
276 790 405 817 auxiliqu
421 790 574 824 rejecinius,
588 790 648 818 ideo
662 791 689 818 in
705 799 756 818 non
771 791 898 818 defensu-

107 843 165 863 ram
183 842 289 870 gentem
308 837 489 864 intuebamur.
508 846 518 863 ι
538 837 633 865 Facies
651 838 824 865 sacerdotum
845 846 898 865 non

107 882 289 910 erubueruut.
306 892 316 909 ι
335 883 396 916 Dei,
409 883 506 918 inquit,
520 883 736 910 misericordiam
752 883 899 911 sceleribus

106 928 210 955 nostris
233 928 410 961 exclusimus,
428 935 513 960 quare
539 936 589 956 nec
615 930 785 956 sacerdotum
810 929 900 957 vultus

106 975 216 1002 reveriti
239 979 302 1001 sunt
321 975 422 1002 hostes.
443 984 452 1000 ε
473 974 565 1009 Neque
582 983 677 1002 scnunt
696 975 802 1003 miserti
823 979 897 1009 sunt,

105 1021 197 1048 venali
225 1026 287 1048 sunt
312 1022 438 1056 parvulos
459 1027 582 1055 nostros,
600 1030 634 1051 ne
660 1023 731 1051 irent
751 1023 780 1051 in
802 1023 899 1058 plateis

106 1066 209 1094 nostris
220 1067 254 1094 ".
273 1076 283 1092 ›
303 1067 503 1102 Disparuerunt
520 1068 632 1103 vestigia
652 1074 754 1101 nostra,
769 1077 833 1104 ergo
851 1069 898 1098 de-

105 1112 170 1139 iecit
185 1112 313 1146 iniquitas
323 1117 380 1145 tua,
399 1111 454 1139 lilia
473 1112 547 1145 Sion,
564 1113 588 1139 id
606 1117 658 1145 est,
672 1113 770 1147 deleta,
783 1114 899 1148 amplius

104 1157 210 1192 culpam
228 1165 279 1184 non
298 1158 435 1186 admittes.
454 1166 463 1184 t
484 1157 542 1185 Non
562 1159 645 1186 addet
664 1158 794 1187 Dominus
815 1159 896 1193 ultra,

105 1206 136 1230 ut
163 1203 350 1238 transmigrct.
378 1212 387 1229 ι
416 1202 475 1230 Non
505 1208 658 1236 revertere,
682 1203 786 1239 inquit,
812 1211 898 1239 neque

104 1249 222 1284 amplius
247 1249 412 1284 relegabere.
426 1248 515 1283 Atque
539 1250 563 1276 id
586 1257 678 1276 verum
698 1256 768 1282 esse,
783 1249 897 1284 probant

104 1295 245 1329 sequentia
277 1303 285 1322 :
322 1303 331 1320 ι
368 1293 494 1322 Visitavit
525 1294 698 1330 iniquitatem
733 1298 820 1328 tuam,
841 1294 896 1322 ﬁlia

105 1339 210 1373 Edoni;
233 1349 242 1366 ι
265 1347 317 1367 non
336 1340 411 1375 virga
429 1347 506 1373 sane,
521 1346 550 1368 ut
567 1346 628 1368 ante
649 1345 820 1376 persecutus,
835 1348 895 1368 cum

105 1390 133 1413 te
159 1386 298 1421 castigans
328 1390 485 1420 resanaret,
508 1387 555 1413 sed
586 1387 719 1415 occidioni
750 1382 893 1414 mandans.

108 1440 118 1457 ι
147 1430 336 1466 Discooperuit
361 1436 470 1467 peccata
498 1431 585 1465 tua",
610 1441 619 1458 ι
650 1432 676 1459 id
699 1436 758 1466 est,
778 1431 895 1468 explevit

104 1484 213 1504 omnetn
231 1477 420 1512 iramjustam,
437 1479 514 1505 tectis
527 1478 580 1506 tuis
597 1477 757 1512 sceleribus,
771 1483 802 1506 ut
816 1486 894 1514 aquae

105 1523 130 1549 vi
146 1528 174 1550 et
189 1523 265 1558 copia
282 1531 357 1550 mare
373 1524 506 1558 operitur.

143 1568 197 1596 Sed
215 1576 250 1596 ne
267 1571 318 1596 hoc
335 1574 541 1604 argumentum,
557 1570 590 1598 ad
607 1570 758 1598 doctrinam
774 1575 801 1598 et
819 1571 896 1598 insti-

108 1615 241 1642 tutionetn
264 1620 433 1649 susceptum,
448 1616 588 1643 materiam
610 1615 699 1642 luctus
718 1620 745 1643 et
764 1615 898 1643 lamenta-

109 1661 192 1688 tionis
205 1661 360 1694 reddamus,
371 1661 405 1688 ad
421 1661 546 1697 inclytam
563 1666 590 1689 et
602 1662 720 1690 divinam
735 1662 828 1696 gratiae
840 1661 897 1697 (56)

107 1706 281 1740 disciplinam
306 1707 425 1734 orationi
448 1707 628 1742 gubernacula
647 1707 801 1735 ﬂectamus.
816 1707 898 1742 Igitur

106 1752 208 1779 accidit
223 1751 418 1787 Hierosolyma:
434 1753 547 1780 vastitas
565 1760 638 1779 anno
655 1753 689 1780 ab
706 1752 771 1779 orbe
789 1753 898 1780 condito

107 1799 251 1834 quinquies
275 1799 433 1833 millesimo,
449 1798 666 1834 quingentesimo
683 1798 761 1825 tertio
778 1803 804 1826 et
820 1805 899 1825 sexa-

106 1845 209 1879 gesimo
228 1852 235 1871 :
255 1851 340 1879 usque
356 1845 388 1871 ad
407 1849 566 1879 praesentem
583 1852 658 1876 vero,
675 1844 764 1872 sexies
781 1844 899 1875 ,uiillesi-

109 1899 182 1918 nium
217 1891 470 1926 outingentcsimmn
505 1897 631 1918 octavum
666 1894 693 1918 et
722 1890 855 1918 decimum
888 1899 895 1917 ι

108 1937 193 1965 Judaei
211 1938 274 1964 totis
291 1937 363 1964 mille
379 1937 504 1964 ducentis
521 1938 642 1972 quinque
659 1941 688 1965 et
703 1936 896 1972 quinquaginta

109 1984 169 2011 sine
189 1991 271 2018 regno
294 1984 430 2011 exsulant.
446 1982 506 2010 Jam
530 1984 621 2011 tnundi
646 1987 733 2011 status
746 1987 774 2010 et
796 1983 897 2009 incolu-

109 2031 201 2062 mitas,
219 2034 248 2057 ut
264 2030 297 2057 de
314 2030 422 2057 vatibus
439 2029 606 2064 accepimus,
623 2029 656 2056 ab
676 2027 779 2064 Opiﬁce
795 2033 897 2064 septem

109 2076 235 2104 aetatibus
251 2075 385 2109 descripta
400 2079 452 2102 est.
467 2074 544 2106 Quod
561 2079 589 2102 et
605 2073 732 2101 Salomon
749 2075 787 2102 ait
803 2083 811 2102 :
832 2083 841 2100 t
861 2074 898 2101 Da

109 2127 215 2157 partem
231 2127 345 2156 septctn,
357 2128 466 2148 necnon
481 2126 507 2147 et
519 2124 580 2148 octo
589 2119 622 2153 ⁷⁸,
637 2129 648 2146 ι
664 2125 788 2148 octavam
803 2127 900 2148 natans

109 2169 230 2196 futuram
260 2167 333 2194 illam
360 2172 387 2194 et
412 2166 605 2194 immortalem.
630 2165 735 2199 Quibus
762 2165 897 2198 decursis,

954 253 964 269 ί
979 244 1174 273 Prtedicabitur
1187 245 1237 273 hoc
1251 245 1423 280 Evangelinm
1439 246 1465 273 in
1481 246 1607 274 universo
1621 247 1697 279 orbe,
1711 247 1738 274 in

952 289 1138 317 testimonium
1167 290 1293 318 omnibus
1320 292 1445 326 gentibus
1473 301 1480 319 :
1509 297 1535 319 et
1559 296 1624 319 tunc
1647 294 1737 320 veniet

951 336 1152 363 consummatio
1163 336 1197 364 ".
1226 345 1236 362 ι
1265 335 1334 369 Quin
1366 336 1393 363 in
1418 345 1465 363 vos
1492 345 1613 372 quoque,
1636 338 1680 373 qui
1710 343 1739 365 ut

952 381 1125 415 beneﬁcium,
1142 382 1189 409 sed
1206 389 1300 409 revera
1316 389 1418 409 meram
1435 387 1549 416 pestem,
1563 385 1737 418 exspectatis,

953 427 1037 453 multa
1056 427 1159 455 atrocia
1178 427 1249 460 edet,
1266 435 1327 455 cum
1344 427 1386 454 vix
1409 428 1516 455 tandem
1534 429 1736 462 resipiscentes,

953 478 1099 500 nostratem
1117 474 1212 506 Deum,
1225 481 1318 501 verum
1332 473 1481 506 Christum.
1496 474 1629 509 supplices
1643 476 1740 503 adera-

953 523 1009 546 tum
1028 520 1154 552 venietis,
1172 525 1196 547 et
1215 527 1262 555 per
1280 520 1493 554 regenerationis
1514 520 1650 547 lavacrum
1669 521 1740 548 ﬁlio—

952 573 1011 592 rum
1024 565 1069 592 Dei
1084 566 1256 600 adoptionem
1271 566 1418 600 recipietis,
1430 571 1456 592 ut
1469 571 1496 593 ct
1510 566 1590 593 Isaias
1603 570 1735 595 testatur:

955 620 964 638 ε
994 611 1060 639 Cum
1085 612 1224 646 plenitudo
1248 613 1368 647 gentium
1394 612 1546 645 intraverit,
1563 617 1627 639 tunc
1649 613 1738 640 omnis

952 657 1036 685 Israel
1058 658 1249 685 salvahitur".
1268 667 1278 684 i
1302 658 1359 691 Qua
1381 658 1415 685 de
1433 667 1514 685 causa
1533 664 1667 686 veterator
1684 667 1740 694 pra:

951 704 1058 732 steteris
1074 711 1103 731 se
1121 704 1258 731 crudelem
1276 705 1351 731 vobis
1367 705 1506 738 praebet-it,
1522 705 1566 739 qui
1583 712 1636 732 non
1652 705 1740 732 solum

951 750 1012 776 aliis
1036 750 1162 776 omnibus
1186 749 1249 777 odio
1274 750 1323 782 sit,
1347 750 1394 777 Sed
1419 751 1499 778 etiam
1527 751 1612 778 vobis.
1636 751 1685 784 Qui
1712 755 1742 778 nt

952 803 1042 830 regem
1058 801 1086 823 et
1102 794 1263 823 beneﬁcittm
1279 801 1422 823 venturum
1439 795 1597 830 prmstolati,
1613 797 1740 823 damnata

952 841 1083 875 ﬂagitiosa
1111 841 1318 874 inhumanitate,
1337 841 1408 869 illico
1434 842 1570 875 resilietis,
1588 843 1621 869 ad
1645 849 1738 869 verum

950 886 1100 918 Christum.
1118 885 1159 914 cui
1183 886 1297 921 gloriam
1321 886 1455 920 tribuatis,
1471 886 1632 915 conﬁuxuri.
1649 887 1741 921 Neque

953 940 1020 960 vero
1037 932 1087 959 alia
1105 931 1192 967 gratia
1209 932 1298 959 dirum
1316 931 1434 959 hominis
1453 937 1602 960 monstrum
1620 937 1662 960 est
1678 940 1742 960 ven-

949 983 1051 1010 turum,
1068 977 1120 1004 nisi
1139 977 1174 1005 ob
1191 976 1330 1004 hominum
1347 977 1457 1010 delicta,
1475 985 1528 1012 quo
1545 985 1590 1004 eos
1607 981 1696 1010 vexet,
1712 983 1740 1005 et

949 1030 1029 1051 omne
1044 1023 1170 1050 vitiorum
1185 1031 1270 1057 genus
1286 1022 1410 1055 invehat;
1429 1028 1553 1050 caeterum
1569 1031 1653 1050 annos
1670 1024 1739 1050 duos

949 1076 1010 1096 cum
1025 1069 1136 1097 ditnidio
1148 1069 1193 1096 ubi
1209 1076 1298 1096 rerum
1315 1070 1442 1103 potietur,
1454 1070 1686 1097 exterminabitur.
1699 1068 1737 1097 Ea

949 1122 1059 1151 qucque
1076 1115 1270 1150 prophetarum
1286 1116 1408 1142 doctrina
1424 1120 1475 1143 est.

1239 1181 1355 1210 CAPUT
1375 1181 1456 1210 XLII.

1169 1237 1208 1265 De
1224 1237 1380 1265 Antichristi
1394 1238 1518 1265 adcentu.

984 1293 1104 1322 Danielis
1125 1294 1232 1329 quidem
1254 1294 1287 1321 de
1307 1301 1338 1321 eo
1359 1294 1417 1322 haec
1438 1299 1499 1321 sum
1516 1295 1597 1322 verba
1615 1305 1621 1322 :
1644 1295 1739 1324 Veniet

948 1340 1081 1375 impostor
1103 1345 1130 1367 et
1155 1340 1353 1374 cainnmiator,
1381 1350 1390 1366 ι
1422 1341 1453 1367 Et
1475 1345 1585 1368 sanctos
1608 1340 1737 1369 Altissitni

948 1391 1071 1414 conteret
1088 1395 1095 1414 :
1110 1391 1138 1414 et
1153 1386 1259 1421 putabit
1273 1387 1343 1421 quod
1360 1387 1442 1420 possit
1457 1390 1564 1414 mutare
1579 1393 1699 1422 tempora
1712 1392 1739 1414 et

947 1433 1031 1467 leges,
1044 1436 1071 1459 et
1088 1432 1230 1458 tradentur
1246 1432 1272 1458 in
1291 1439 1370 1458 manu
1389 1431 1447 1466 ejus
1466 1439 1551 1466 usque
1568 1431 1600 1458 ad
1619 1437 1736 1467 tempus,

946 1483 973 1506 et
991 1482 1111 1511 tempora
1132 1482 1160 1505 et
1183 1477 1325 1505 ditnidium
1349 1476 1478 1511 temporis
1487 1476 1519 1505 τ’.
1538 1487 1547 1504 ›
1572 1477 1608 1505 De
1633 1477 1737 1506 vafritie

911 1543 933 1572 ο
949 1529 1038 1552 autem
1055 1523 1127 1552 illius
1141 1523 1263 1558 loquitur
1273 1522 1406 1551 Jeremias
1424 1532 1431 1550 :
1454 1532 1463 1549 ι
1483 1522 1617 1551 Clamavit
1631 1525 1736 1560 perdix,

951 1570 1124 1605 congregavit
1140 1577 1200 1605 qua:
1217 1577 1270 1596 non
1288 1570 1390 1604 peperit
1409 1577 1416 1596 :
1434 1568 1536 1596 faciens
1550 1569 1658 1597 divitias
1674 1577 1738 1598 suas

950 1624 1002 1643 non
1025 1623 1086 1642 cum
1107 1615 1211 1650 judicio
1231 1623 1238 1642 :
1263 1616 1289 1642 in
1312 1614 1424 1642 dimidio
1447 1615 1550 1641 dierum
1574 1615 1633 1650 ejus
1652 1616 1738 1643 relin-

949 1666 1032 1696 quent
1046 1669 1119 1695 eum,
1132 1666 1159 1688 et
1174 1662 1200 1688 in
1219 1661 1373 1688 novissimis
1390 1662 1445 1689 suis
1461 1661 1513 1688 erit
1529 1661 1659 1696 insipiens
1669 1661 1704 1689 ⁷⁸.
1723 1671 1731 1687 ι

950 1708 1021 1734 Idem
1039 1715 1146 1735 rursum
1163 1715 1170 1735 :
1191 1715 1200 1732 t
1217 1706 1375 1733 Maledictus
1399 1706 1495 1739 homo,
1512 1707 1557 1741 qui
1580 1705 1690 1733 conﬁdit
1712 1706 1737 1733 iu

949 1753 1073 1787 homine,
1095 1758 1122 1780 et
1149 1752 1223 1786 ponit
1248 1759 1356 1779 carnem
1383 1752 1524 1779 brachium
1553 1759 1648 1785 suum,
1670 1757 1698 1780 et
1724 1759 1738 1778 a

951 1801 1065 1828 Domino
1086 1799 1188 1827 recedit
1205 1806 1253 1826 cor
1269 1798 1338 1832 eius.
1358 1797 1415 1824 Erit
1436 1799 1506 1825 enirn
1529 1797 1606 1832 quasi
1628 1798 1738 1833 myrica:

950 1847 978 1874 in
996 1846 1116 1879 deserto,
1133 1849 1159 1872 et
1174 1852 1228 1871 non
1245 1844 1346 1871 videbit
1361 1851 1421 1871 cum
1436 1844 1541 1870 venerit
1557 1843 1672 1877 bonum;
1690 1844 1738 1871 sed

950 1892 1085 1921 habitabit
1099 1891 1124 1919 in
1141 1890 1264 1918 siccitate
1281 1891 1306 1917 in
1321 1890 1438 1921 deserto.
1452 1889 1479 1916 in
1498 1893 1569 1917 terra
1582 1888 1737 1924 salsuginis,

950 1943 978 1966 et
993 1936 1204 1965 inhabitabili".
1225 1945 1234 1962 ›
1259 1935 1291 1963 Ει
1310 1943 1415 1962 rursum
1439 1944 1446 1963 :
1472 1943 1481 1961 ε
1503 1935 1530 1962 In
1554 1934 1599 1962 illo
1618 1940 1739 1970 tempore

951 1985 1057 2012 dicetur
1072 1983 1170 2019 popqu
1187 1982 1250 2010 huic
1265 1986 1293 2009 et
1306 1980 1456 2008 Jerusalem
1472 1988 1481 2008 :
1497 1979 1615 2014 Spiritus
1635 1981 1739 2008 erroris

950 2030 978 2058 in
1001 2030 1125 2062 deserto;
1146 2028 1189 2055 via
1215 2027 1276 2054 ﬁliae
1296 2026 1388 2062 populi
1411 2027 1479 2058 mei,
1498 2033 1549 2054 non
1571 2026 1605 2053 ad
1626 2032 1738 2060 purum,

951 2082 1040 2110 neque
1055 2075 1088 2102 ad
1107 2078 1246 2101 sanctum.
1263 2072 1380 2107 Spiritus
1397 2071 1553 2104 repletionis
1569 2071 1656 2098 veniet
1673 2069 1739 2097 mihi

951 2123 984 2150 ab
1001 2122 1053 2149 his.
1069 2121 1138 2148 Ecce
1153 2120 1229 2154 quasi
1246 2120 1331 2147 nubes
1348 2118 1487 2150 ascendet,
1501 2123 1527 2144 et
1542 2118 1619 2152 quasi
1638 2122 1739 2151 tempe-

951 2172 1007 2194 stas
1025 2173 1122 2194 currus
1136 2165 1203 2199 ejus,
1229 2164 1378 2192 velociores
1395 2163 1492 2197 aquilis
1508 2164 1569 2197 equi
1586 2163 1643 2196 eius
1660 2171 1667 2188 :
1683 2169 1737 2189 vox

109 2213 223 2240 exsisth
238 2211 309 2240 [teda
324 2212 443 2239 hominis
458 2211 526 2244 lues,
541 2211 616 2243 illex,
628 2217 655 2238 et
668 2211 808 2252 impostor,
820 2218 898 2245 quem

952 2213 1024 2240 enim
1046 2210 1230 2238 annuntiautis
1246 2217 1261 2237 e
1279 2208 1335 2236 Dan
1354 2208 1485 2236 veniet".
1503 2217 1513 2234 ι
1534 2207 1567 2234 Ει
1582 2207 1635 2234 alio
1653 2208 1711 2234 loco
1730 2215 1737 2233 :

111 2267 159 2287 vos
172 2258 310 2287 Christum
327 2263 408 2292 atque
420 2265 509 2293 regem
525 2257 684 2292 perhibetis.
692 2255 786 2284 Veniet
797 2261 897 2289 autem,

110 2313 164 2333 non
184 2311 213 2333 ut
229 2313 305 2333 meus
322 2304 451 2332 Servator
468 2308 550 2338 atque
570 2303 658 2336 Deus,
684 2303 848 2338 redemptor,
864 2310 897 2330 ac

110 2351 205 2379 salutis
226 2351 323 2377 vindex
350 2351 492 2382 humanae;
518 2351 565 2377 sed
594 2355 673 2382 teter,
696 2353 723 2376 et
746 2349 896 2380 infaustus,

110 2397 290 2429 calamitates,
306 2403 447 2431 angorem,
463 2396 532 2423 mala
545 2395 646 2427 omnia,
662 2400 689 2422 et
703 2394 827 2422 miserias
844 2399 898 2421 tra-

111 2443 191 2470 hens.
206 2442 274 2470 Nam
293 2443 362 2469 adeo
378 2442 583 2470 simulacrorum
602 2442 703 2468 cultum
719 2449 773 2468 non
791 2448 899 2475 compe-

111 2493 180 2521 scet,
194 2492 241 2515 aut
255 2489 288 2515 ad
304 2488 349 2515 Dei
369 2488 491 2516 notitiam
510 2492 604 2523 gentes
620 2488 747 2518 adducet,
763 2490 791 2513 ut
806 2490 901 2513 contra

111 2538 138 2560 et
159 2541 280 2561 errorem
303 2533 453 2568 publicare,
470 2537 497 2560 et
520 2537 597 2567 aptos
621 2531 667 2558 Dei
688 2531 788 2558 notitia:
807 2538 901 2558 omnes

112 2584 218 2614 nactus,
233 2579 267 2606 ab
283 2587 315 2606 ea
332 2579 476 2606 demovere
496 2579 530 2606 sit
545 2583 704 2607 conaturus.
722 2578 900 2612 quemadmo-

148 2667 170 2683 "
183 2667 283 2694 Thren.
303 2674 328 2693 tv
340 2666 384 2693 II.

112 2701 138 2719 ‘”
152 2701 242 2729 Eccle.
255 2708 293 2734 ιι,
304 2701 332 2727 2.
386 2701 408 2717 ⁷³
420 2700 513 2727 Matth.
526 2708 601 2732 xxiv,
612 2700 656 2727 II.

422 2665 444 2682 “
457 2666 522 2693 ibid.
534 2665 577 2692 Μ.
598 2664 620 2681 ⁶⁹
634 2665 698 2693 ibid.
714 2666 756 2692 I7.
776 2665 800 2682 ’θ
814 2665 884 2692 Psal.
897 2672 971 2694 thx.
986 2665 1012 2692 I.

711 2701 734 2717 "
749 2701 801 2727 Isa.
814 2708 870 2732 th,
881 2699 932 2733 20;
950 2699 1030 2726 Rom.
1041 2706 1081 2732 ιι,
1091 2698 1137 2725 25.

953 2266 964 2284 ι
981 2257 1004 2284 Α
1020 2257 1075 2286 Dan
1091 2257 1196 2284 auditus
1213 2259 1254 2283 est
1269 2254 1393 2282 fremitus
1409 2261 1540 2288 equorum
1556 2253 1625 2287 ejus,
1642 2261 1656 2279 a
1673 2261 1740 2280 vore

949 2303 1102 2332 hinnituum
1130 2305 1310 2337 pugnatorum
1337 2299 1397 2334 ejus
1424 2302 1559 2326 commota
1583 2302 1625 2326 est
1649 2299 1739 2325 omnis

950 2353 1022 2377 terra
1041 2357 1048 2376 :
1065 2353 1092 2375 et
1104 2351 1235 2374 venerunt
1247 2351 1274 2373 et
1287 2346 1488 2373 devoraverunt
1504 2348 1616 2376 terram,
1631 2348 1657 2370 et
1676 2343 1737 2377 ple-

955 2395 1103 2423 nitudinem
1116 2394 1174 2427 ejus
1187 2401 1194 2420 :
1206 2393 1299 2420 urbem
1311 2396 1338 2419 et
1350 2391 1515 2419 habitatores
1526 2390 1625 2425 ejus".
1640 2399 1649 2415 ι
1661 2389 1740 2422 Qua:-

954 2440 1067 2468 rendum
1087 2444 1181 2466 verum
1205 2441 1257 2469 eSI,
1276 2444 1325 2464 cur
1348 2436 1391 2463 hic
1416 2435 1547 2471 propinata
1570 2433 1648 2468 hujus
1670 2433 1738 2465 Dan,

955 2493 1009 2514 non
1025 2485 1118 2516 semel,
1133 2485 1180 2511 sed
1203 2484 1244 2511 bis
1261 2483 1392 2510 meminit.
1408 2481 1479 2508 Cur?
1494 2481 1531 2507 Ex
1549 2479 1618 2506 tribu
1634 2478 1702 2511 Dan,
1713 2482 1740 2504 et

952 2531 1059 2563 ludam,
1074 2534 1101 2557 et
1117 2528 1314 2556 Antichristutn
1336 2527 1501 2562 prodituros.
1516 2525 1608 2558 Itaque
1624 2523 1656 2550 de
1672 2523 1740 2550 Juda

953 2580 1009 2605 hate
1029 2581 1091 2604 sunt
1107 2575 1214 2603 Israelis
1233 2575 1314 2602 verba
1338 2582 1346 2601 :
1371 2582 1381 2599 ι
1402 2572 1459 2599 Erit
1477 2571 1533 2598 Dan
1555 2569 1709 2604 serpens”.
1727 2577 1738 2594 ι

1049 2664 1070 2680 ’⁸
1084 2662 1186 2690 Thren.
1198 2670 1236 2693 tv,
1249 2662 1291 2689 I7.
1328 2659 1429 2687 "ibid.
1443 2659 1543 2692 l6,18.
1580 2658 1603 2674 ⁷³
1616 2658 1681 2686 ibid.
1694 2658 1739 2685 22.

1187 2697 1210 2713 ⁷⁷
1224 2692 1292 2724 Dan.
1304 2703 1354 2729 vit,
1364 2695 1411 2723 25.
1459 2695 1481 2711 "
1491 2694 1591 2722 Jerem.
1605 2701 1671 2726 xvn,
1692 2692 1737 2720 Il.

113 2736 137 2754 "
148 2737 213 2763 ibid.
225 2736 252 2768 5,
265 2731 292 2763 ϐξ
329 2737 352 2752 ⁸⁸
364 2736 463 2764 Jerem.
477 2742 513 2769 tv,
526 2736 569 2768 II,
583 2731 626 2762 1'2.
664 2735 685 2751 ³¹
698 2734 798 2763 Jerem.
811 2743 868 2769 vtu,
882 2731 929 2763 I6.
962 2734 984 2750 ⁸¹
995 2734 1063 2762 Gen.
1074 2731 1147 2766 xLix,
1160 2731 1203 2760 I7.

151 2816 207 2850 (36)
223 2816 252 2843 ld
268 2820 319 2847 est,
333 2815 496 2849 evangt-licae
513 2815 664 2850 doctrinm;
679 2821 759 2850 omne
775 2819 863 2841 autem
879 2813 906 2841 id
954 2813 1004 2850 sit,
1015 2816 1106 2840 manat
1126 2817 1153 2840 et
1169 2811 1300 2850 decurrit.
1317 2810 1410 2846 gratia:
1429 2813 1544 2845 tempus,
1557 2806 1742 2837 ecclesiastici

117 2846 225 2886 tempus
238 2846 317 2886 quod
326 2858 340 2878 a
354 2846 475 2883 Christo,
487 2850 533 2885 qui
546 2846 672 2878 Mosaicis
686 2849 783 2878 ritibus
795 2856 905 2877 succes-
954 2849 1099 2884 scriptores
1113 2854 1212 2876 vocare
1224 2846 1324 2874 solent.
