1955 3080
254 124 305 158 871

850 124 1065 155 ANDRONICI
1086 122 1258 155 COMNENI

1821 130 1866 163 872

258 185 294 211 De
306 183 474 212 Antichristo
489 182 583 209 scribit
596 181 727 209 .Icrcmias
747 190 753 208 :
775 192 783 208 ι
802 180 858 209 Vox
875 182 1036 209 aummtian-
1050 187 1074 214 Α
1126 180 1172 208 Vir
1189 181 1297 216 quidam
1315 180 1501 215 Christianus,
1517 182 1681 217 parentibus
1701 186 1728 208 et
1743 185 1823 212 atavis
1838 188 1867 214 ab

255 233 290 259 tis
303 239 318 258 e
330 232 386 259 Dan
403 228 531 256 veniet".
552 238 560 254 I

290 275 349 303 Jam
366 275 398 302 de
415 273 583 300 administris
597 279 706 308 quoque
724 272 800 300 lsaire
820 277 859 300 est
875 272 1011 300 sententia
1029 280 1036 299 :

258 331 267 349 ι
289 321 338 354 Qui
356 320 455 356 paratis
472 320 585 347 daemoni
603 327 735 351 mensam,
750 323 777 346 ct
792 318 908 353 impletis
926 317 1039 345 fortuna:

253 368 401 404 potionem,
420 374 513 394 omnes
535 366 560 393 in
576 367 736 393 mactatione
749 364 888 393 cadent“.
902 374 911 391 ι
930 365 963 392 Ει
976 372 1038 392 rur-

255 422 314 441 sum
332 422 338 440 :
358 422 368 438 t
384 413 619 439 Exacerhaverunt
634 411 762 446 Spiritum
780 416 917 443 sanctum;
933 416 960 437 et
975 417 1038 437 con-

255 467 349 487 versus
365 463 406 486 est
420 459 458 485 eis
476 457 502 484 in
517 457 683 484 inimicitiam
694 456 728 482 ".
745 464 754 482 ι
775 455 811 482 De
827 455 935 482 interitu
949 460 1037 482 autem

256 507 337 540 hujus
350 505 502 541 perduellis,
518 504 587 531 idcrtt
607 503 740 530 memoriae
758 502 874 537 prodidit
892 510 899 528 :
922 511 931 527 ι
950 501 978 528 [ιι
996 501 1041 528 die

256 553 300 579 illa
316 552 422 579 inducet
435 551 563 578 Dominus
577 549 694 584 gladium
721 554 842 575 sanctum
853 553 880 575 et
892 555 1016 582 magnum
1031 555 1039 574 :

257 604 284 625 et
303 598 450 625 extendens
472 603 579 624 martum
601 599 693 621 contra
715 595 869 626 draconem,
887 597 1039 628 serpentem

257 649 425 674 tortuosum,
453 641 558 668 occidet
585 640 715 668 Domintts
747 646 834 667 cetum
868 639 912 674 qui
945 643 985 666 est
1013 639 1039 666 in

257 690 323 716 mari
333 688 366 716 ".
388 697 397 714 ι
421 687 454 714 Ει
478 686 560 714 David
582 687 615 714 de
635 694 698 713 vero
721 686 829 713 Christo
852 695 858 713 :
883 695 892 712 ι
919 685 1040 712 Remitti-

258 740 367 762 scentur
382 739 408 761 et
423 737 614 761 convertentur
630 733 662 759 ad
682 732 824 760 Dominum
841 731 958 759 universi
975 731 1041 758 lines

261 787 339 808 terra!
355 789 362 807 :
379 785 405 807 et
419 779 567 807 adorabunt
583 778 609 806 in
625 784 771 813 conspectu
784 777 841 812 ejus
857 777 989 805 universae
1002 776 1043 804 fa-

258 827 339 853 miliai
355 825 473 861 gentium
482 825 515 851 ⁸⁷.
535 834 544 851 ι
560 824 654 852 Videte
670 829 698 851 ut
713 824 814 851 nullum
830 831 939 856 regnum
957 830 1042 856 usque

258 872 291 899 ad
309 860 493 906 exspectatum
509 878 524 897 a
539 871 615 897 vobis
629 869 730 897 rabula:
746 869 889 896 adventum
908 869 1042 902 relinque-
1059 860 1079 889 Β

258 923 311 948 tttr,
325 917 388 951 quin
405 916 542 943 Clnistunt
555 923 647 942 verum
665 914 746 941 Deum
763 920 908 942 verteretur
922 923 928 942 :
947 923 956 939 t
973 914 1040 947 Quia

256 962 361 989 Domini
384 966 425 988 est
446 970 575 996 regnum,
592 967 619 988 et
637 962 693 996 ipse
711 961 895 988 dominabitur
910 962 1040 995 gentium.

257 1005 489 1032 Manducaveruut
525 1009 550 1031 et
587 1006 767 1032 adorarerunt
803 1012 897 1032 omnes
931 1005 1042 1039 pingues

257 1055 335 1077 terra;
347 1049 381 1076 ⁸⁸.
404 1059 414 1076 ι
442 1049 558 1084 Pingues
581 1049 624 1075 hic
649 1050 754 1084 piorum
780 1054 884 1076 mentes
909 1049 1040 1084 appellat;

256 1103 315 1129 qua
328 1101 356 1122 ct
368 1095 492 1123 volucres
507 1099 569 1122 sunt
584 1095 650 1129 (37),
663 1096 809 1122 secundum
826 1095 922 1130 legem,
935 1095 1042 1122 virtuti-

256 1142 306 1168 bus
322 1150 330 1169 :
345 1149 403 1175 qum
418 1140 526 1168 Christo
542 1141 687 1175 supplices,
704 1141 761 1175 ejus
778 1146 806 1168 el
819 1149 927 1168 sacrum
943 1148 1041 1175 corpus

255 1187 369 1222 epnlalae
391 1192 465 1218 srtnl,
489 1192 516 1213 et
537 1188 693 1222 sanguinem
718 1187 856 1214 biberunt.
886 1196 896 1212 ε
916 1187 945 1214 lrt
975 1194 1042 1214 con-

255 1238 347 1267 spectu
368 1232 426 1266 ejus
447 1233 545 1260 cadent
565 1240 670 1264 omnes,
684 1233 729 1267 qui
749 1233 914 1260 descendunt
935 1233 961 1259 in
985 1238 1040 1260 ter-

255 1287 312 1305 ram
323 1279 359 1311 8';
377 1279 483 1305 animos
501 1279 528 1305 in
547 1284 646 1305 tcrrartt
665 1279 861 1306 descendentes
878 1283 966 1311 vocat,
983 1284 1042 1305 stu-

255 1324 299 1350 dio
323 1331 424 1355 rerum,
443 1331 502 1357 qua:
525 1323 637 1350 materia
662 1323 846 1355 continentur,
864 1323 977 1355 deﬁxos.
995 1323 1040 1357 qui

254 1374 317 1396 ante
332 1370 477 1396 adventum
494 1376 602 1403 quoque
618 1369 732 1401 (Zhristi,
746 1377 778 1396 ac
795 1369 974 1403 praesentiant,
991 1375 1041 1396 suo

253 1416 331 1450 quasi
362 1416 476 1450 quodam
508 1415 665 1450 praejudicio
694 1416 814 1442 damnati
844 1415 1039 1443 multabuutur.

257 1471 266 1487 ι
292 1462 322 1488 Ει
340 1463 429 1488 anima
447 1468 505 1488 mea
525 1461 562 1487 illi
579 1463 660 1493 vivet,
677 1466 704 1488 et
721 1469 812 1488 semen
832 1470 920 1489 tnettm
941 1463 1042 1489 serviet

254 1507 347 1543 ipsi".
365 1517 374 1532 ι
395 1507 528 1534 Cuinam?
547 1506 645 1534 Genito
665 1515 697 1534 ex
717 1513 794 1535 utero
813 1512 876 1535 ante
895 1507 1036 1535 luciferum
1050 1529 1072 1558 (Ξ

255 1553 302 1580 Dei
329 1553 415 1586 Filio;
440 1553 484 1587 qui
510 1556 543 1580 ad
571 1558 721 1581 extremum
751 1554 906 1581 incarnatus
935 1559 977 1581 est
1003 1562 1037 1582 ex

254 1598 365 1633 Virgine
383 1608 390 1625 :
411 1607 476 1630 non,
491 1599 610 1634 inquam,
627 1599 726 1626 serviet
743 1600 833 1627 anima
848 1607 907 1627 mea
924 1600 960 1627 illi
974 1600 1041 1628 diris

255 1645 353 1672 devoto
374 1645 524 1679 imposlori,
542 1652 621 1679 quem
644 1645 734 1672 medio
753 1645 812 1680 ejus
834 1650 954 1680 tempore
975 1652 1038 1680 pru-

255 1691 350 1718 dentes
367 1690 530 1726 relinquent,
544 1691 644 1726 egregii
661 1691 789 1719 facinoris
805 1691 945 1726 praamium
962 1699 1041 1719 coro-

252 1743 302 1763 nas
315 1736 341 1762 in
355 1736 425 1764 cosio
439 1737 586 1771 accepturi.

534 1804 649 1833 CAPUT
668 1804 762 1832 XLlll.

499 1871 537 1898 De
553 1872 697 1906 imaginum
715 1873 799 1900 cultu.

290 1925 337 1953 llis
353 1931 379 1953 et
396 1925 529 1954 similibus
547 1927 580 1954 de
597 1927 698 1960 causis,
717 1935 770 1955 non
789 1928 952 1961 idololatria,
968 1931 1039 1965 quod

252 1972 434 2005 existimatis,
453 1973 593 2007 obeundaf,
612 1974 659 2000 scd
685 1973 728 2008 pie
752 1974 914 2009 imaginibus
937 1976 1038 2004 cultum

252 2021 428 2052 pmstamus;
453 2021 493 2043 est
517 2018 605 2049 enim,
634 2017 723 2052 inquit
746 2019 847 2052 David,
870 2029 880 2046 t
909 2019 1040 2049 Mirabilis

256 2061 327 2090 Deus
352 2062 379 2089 itt
404 2063 504 2090 sanctis
525 2063 623 2091 suis".
644 2072 653 2089 ι
673 2062 706 2090 Ει
727 2071 735 2091 ;
762 2073 771 2090 t
794 2064 844 2097 Qui
866 2066 979 2093 oderunt
1002 2071 1038 2099 te,

254 2107 378 2141 Domine,
396 2108 517 2140 oderam,
534 2113 561 2136 et
583 2116 663 2144 super
684 2110 809 2138 inimicos
831 2115 892 2139 tuos
916 2112 1038 2140 tabesce-

254 2151 358 2179 bam“.
373 2162 382 2178 ι
400 2152 466 2179 Nam
485 2157 514 2180 nt
529 2153 581 2180 Deo
596 2153 693 2181 charos
707 2154 834 2189 amplecti
848 2160 874 2183 et
887 2156 977 2183 colere
990 2164 1039 2191 par

1091 227 1176 261 stirpe
1203 227 1353 262 religiosis,
1376 228 1501 262 proxime
1524 227 1680 255 Jutlmorum
1710 228 1865 266 Synagogam

1091 273 1242 306 habitabat,
1260 273 1396 308 praecipuo
1419 278 1546 308 tanquam
1567 274 1735 308 patrirnottio
1756 277 1866 312 allectus,

1090 319 1228 354 descripta
1249 320 1276 347 in
1300 320 1391 347 tabula
1411 319 1549 348 Dominica
1566 320 1656 356 eﬂigie
1675 321 1721 348 Dei
1738 327 1764 349 et
1780 321 1867 352 Serva-

1092 364 1159 392 toris
1181 364 1209 391 in
1233 364 1365 392 viviﬁcam
1386 372 1494 392 crucem
1518 365 1618 399 sutlixi,
1635 373 1697 400 qua;
1716 367 1764 394 sub
1783 370 1866 397 aedium

1091 415 1163 439 tecto
1186 410 1310 438 sublimis
1334 411 1478 446 pendebat.
1494 411 1557 438 In'de
1579 419 1643 438 cum
1666 411 1807 446 aliquando
1825 416 1866 443 mi-

1091 462 1172 490 grare
1189 463 1258 490 opus
1276 455 1398 488 haberet,
1414 461 1556 492 exportata
1572 457 1679 491 reliqua
1698 459 1771 485 omni
1788 461 1866 494 supel-

1092 501 1193 534 lectile,
1210 501 1319 528 unicum
1343 501 1417 528 illum
1441 501 1561 529 divinum
1585 502 1745 529 thesaurum
1766 503 1864 539 elligiem

1093 548 1258 581 Servatoris,
1276 547 1369 575 nescio
1390 548 1471 581 unde,
1487 553 1514 575 et
1530 556 1584 583 quo
1603 549 1696 581 modo,
1715 549 1800 577 divina
1815 552 1865 586 qui-

1093 595 1152 621 dem
1170 599 1245 622 certe
1260 595 1460 628 procuratione,
1476 594 1575 622 oblitus
1589 594 1748 628 reliquerat.
1763 594 1798 622 Ita
1810 597 1866 623 emi-

1092 644 1187 674 grante
1210 640 1272 674 pio,
1292 639 1426 674 extemplo
1451 640 1610 675 immigrans
1632 639 1759 673 Judmus,
1780 641 1866 675 aliquot

1094 691 1153 721 post
1177 686 1274 714 diebus
1298 693 1389 713 mensa
1416 686 1545 713 instructa
1569 688 1701 721 opipara,
1722 695 1864 722 congregem

1092 731 1216 759 Juda-urn
1235 732 1268 759 ad
1286 732 1438 759 convivium
1455 737 1544 759 vocat.
1561 732 1621 765 Quo
1641 739 1783 766 pl'aasuttlf,
1798 735 1865 761 simul

1094 780 1173 804 ambo
1196 777 1248 804 laeti
1274 777 1377 812 epulari
1400 786 1407 804 :
1432 785 1547 811 cumque
1571 777 1715 812 cpnlantcs
1739 787 1784 812 per
1804 784 1866 807 toros

1095 823 1313 855 discumberent,
1339 829 1465 854 meatus,
1489 829 1516 850 ut
1543 831 1602 850 mos
1629 829 1687 856 est,
1706 824 1867 853 famili..rdms

1094 869 1180 896 oculis
1195 869 1221 896 in
1249 875 1348 897 tectum
1366 869 1500 902 Sublatus,
1524 870 1605 896 amici
1623 871 1731 897 donnnn
1751 872 1867 899 turiosius

1095 916 1336 949 circumspectare;
1354 921 1379 942 ct
1393 916 1450 942 acie
1465 916 1490 942 in
1506 916 1652 951 imaginem
1668 917 1785 951 conjecta
1795 936 1802 948 ,
1815 927 1865 945 eunt

1094 968 1164 994 esse,
1178 968 1258 995 quem
1279 961 1396 996 majores
1417 962 1443 988 in
1463 970 1571 990 crucem
1591 962 1713 997 egissent
1730 970 1865 998 perspecto,

1094 1013 1247 1041 quanquam
1273 1005 1371 1033 efferus
1393 1006 1465 1041 jam,
1486 1014 1513 1035 et
1538 1008 1564 1035 itt
1593 1008 1720 1035 tetricum
1747 1014 1864 1040 mutatus,

1094 1051 1178 1078 scetis
1194 1059 1262 1086 pene
1277 1059 1307 1079 ac
1325 1053 1410 1087 rttptis
1426 1054 1522 1087 ilibus,
1539 1059 1630 1083 tatnen
1645 1063 1679 1082 ne
1693 1055 1778 1083 amico
1791 1055 1864 1089 palam

1094 1096 1181 1129 fieret,
1198 1097 1294 1123 iterum
1314 1096 1436 1124 laetitiam
1459 1099 1565 1127 mentiri
1590 1105 1617 1126 et
1640 1100 1748 1134 fingere.
1761 1099 1864 1127 Tandem

1094 1140 1229 1174 impotens
1246 1141 1298 1173 sui,
1313 1147 1338 1167 et
1357 1142 1394 1168 ira
1411 1143 1507 1175 victus,
1526 1144 1597 1177 quod
1615 1145 1745 1171 hactenus
1760 1146 1864 1171 conititur-

1094 1185 1149 1218 bat,
1164 1187 1269 1219 aperire
1290 1194 1418 1214 arcanum
1438 1197 1444 1215 :
1465 1196 1563 1216 vocare
1585 1189 1732 1223 hominem,
1748 1196 1771 1217 et
1787 1191 1862 1217 divina

1093 1229 1180 1265 cmgie
1208 1231 1292 1265 digito
1323 1236 1448 1266 ostensa,
1475 1240 1569 1268 rogare
1600 1235 1679 1268 cujus
1707 1235 1863 1264 simulacrum

1093 1280 1175 1308 esset,
1188 1284 1222 1303 an
1247 1284 1299 1304 non
1322 1276 1464 1311 Nazareni,
1481 1287 1514 1306 an
1538 1287 1592 1306 non
1613 1279 1726 1313 Galilei,
1741 1290 1772 1307 an
1792 1290 1836 1308 non
1851 1290 1862 1308 a

1095 1322 1242 1356 majoribus
1262 1323 1334 1350 cruci
1358 1323 1446 1351 afﬁxi?
1467 1324 1542 1352 Itane
1562 1327 1646 1354 vero?
1676 1328 1768 1362 inquit,
1793 1329 1863 1355 versi-

1094 1368 1181 1402 pellis,
1195 1369 1240 1402 qui
1257 1370 1306 1396 hoc
1321 1370 1380 1397 loco
1392 1371 1440 1403 sis,
1457 1372 1640 1399 Christianam
1656 1382 1760 1409 quoque
1774 1375 1863 1409 religio-

1095 1419 1153 1438 nem
1170 1412 1263 1439 colas?
1278 1413 1324 1440 llle
1338 1413 1415 1448 inops
1430 1415 1546 1447 curtsilii,
1561 1424 1594 1444 ea
1607 1418 1713 1452 quidem
1729 1419 1765 1446 sic
1778 1418 1862 1447 habere

1094 1457 1184 1491 fateri,
1202 1463 1329 1486 caeterum
1347 1459 1550 1488 Christianismi
1567 1463 1674 1490 crimen
1691 1464 1739 1491 sibi
1757 1465 1862 1492 conscire

1096 1503 1213 1537 nullum;
1227 1503 1283 1538 jam
1298 1504 1361 1533 inde
1374 1513 1389 1532 a
1402 1507 1521 1541 proavis,
1531 1513 1560 1535 ul
1571 1509 1629 1543 ipse
1642 1510 1860 1543 uossetJudazum,

1091 1554 1117 1575 et
1131 1549 1255 1577 Mosaicae
1269 1550 1320 1586 legi
1332 1551 1374 1579 vel
1387 1552 1413 1579 in
1426 1552 1561 1580 lanienam
1575 1554 1723 1582 addictum.
1735 1555 1823 1591 Postqu
1833 1565 1860 1583 λιιι

1092 1601 1155 1622 vero
1180 1596 1303 1624 oratione
1328 1604 1382 1625 non
1408 1599 1564 1633 persuadet,
1584 1600 1619 1628 ad
1645 1609 1738 1636 preces
1762 1602 1860 1637 denique

1090 1647 1243 1669 conversus
1263 1642 1403 1676 obtestari,
1420 1651 1453 1672 ne
1472 1644 1624 1682 Synagoga:
1646 1647 1808 1682 patefaceret,
1822 1649 1860 1676 sed

1091 1686 1142 1714 sibi
1166 1687 1216 1715 soli
1239 1688 1365 1717 haberet.
1381 1689 1522 1718 Pollicitus
1539 1699 1617 1727 ergo,
1633 1693 1679 1720 sed
1695 1693 1754 1721 dolo
1770 1698 1794 1721 et
1808 1701 1859 1729 per-

1088 1733 1172 1769 jurio,
1188 1735 1244 1762 abit
1259 1736 1333 1769 inde,
1347 1741 1420 1764 ret-ta
1433 1737 1465 1765 ad
1483 1738 1656 1775 Synagogam
1671 1746 1797 1775 properat,
1811 1748 1859 1776 qua:

1090 1785 1118 1808 et
1133 1781 1283 1816 cujnsmodi
1300 1790 1354 1817 qua
1369 1783 1476 1818 viderit,
1494 1792 1545 1819 qua
1562 1785 1673 1819 dixerit,
1690 1792 1813 1814 recenset.
1826 1785 1857 1814 [ιιι

1090 1826 1124 1854 iis
1139 1827 1248 1861 auditis,
1266 1827 1402 1856 furibundi
1421 1829 1454 1856 ad
1470 1830 1541 1857 aedes
1557 1837 1571 1857 e
1590 1831 1702 1865 vestigio
1719 1832 1855 1859 conrolant.

1093 1871 1142 1900 Ubi
1169 1880 1229 1908 qua:
1256 1873 1459 1908 intellexerant,
1484 1883 1547 1903 vera
1577 1877 1683 1910 vident,
1707 1877 1815 1910 bomirti,
1835 1882 1858 1904 ut

1091 1918 1248 1946 Christiano
1270 1920 1385 1953 scilicet,
1403 1920 1528 1954 illudunt,
1544 1927 1571 1950 et
1590 1923 1778 1951 subsannatum
1797 1930 1856 1951 coam

1091 1965 1211 2000 exigunt,
1223 1973 1254 1992 ac
1267 1966 1449 2000 proscribunt.
1459 1967 1543 1994 Porro
1554 1973 1656 2002 autem,
1666 1976 1723 2004 quin
1733 1968 1757 1996 in
1768 1976 1855 1996 sacram

1090 2018 1122 2038 ac
1141 2011 1257 2038 divinam
1281 2011 1393 2046 efﬁgiem
1416 2013 1573 2046 moliuntur,
1592 2015 1655 2048 quis
1674 2016 1730 2043 sine
1750 2014 1856 2050 lacryrnis

1091 2057 1202 2084 narret?
1227 2057 1370 2092 Dereplam
1395 2058 1421 2085 in
1446 2058 1542 2094 primis
1570 2060 1644 2087 humi
1670 2060 1786 2095 adigunt;
1810 2064 1854 2086 tum

1091 2102 1189 2135 quibus
1208 2102 1340 2137 exemplis
1359 2103 1475 2137 majores
1493 2104 1577 2132 vestri
1600 2113 1686 2132 meum
1702 2105 1801 2137 Jesum,
1816 2104 1854 2130 iis-

1089 2148 1206 2183 demque
1232 2148 1291 2183 ejus
1318 2149 1495 2176 simulacrum
1522 2151 1661 2186 accipiunt
1686 2159 1693 2180 :
1720 2151 1852 2185 insputant,

254 2201 307 2230 cst,
321 2197 357 2225 ita
376 2198 487 2226 infestos
503 2199 622 2226 aversari
639 2203 666 2226 et
683 2200 782 2228 odisse.
794 2200 839 2227 Ait
853 2201 952 2236 quippe
966 2203 1035 2230 idem
1053 2204 1074 2232 ι)
1089 2201 1193 2228 μυεηοε
1214 2199 1241 2221 ει
1258 2194 1352 2229 alapas
1375 2195 1512 2230 iugerum,
1529 2202 1696 2230 scurranlur,
1711 2196 1742 2224 fel
1760 2200 1784 2223 et
1801 2202 1852 2222 ace-

257 2242 391 2278 Propheta
414 2252 422 2271 :
448 2253 457 2269 ι
483 2244 547 2272 Mihi
569 2249 660 2272 autem
684 2245 763 2274 nitnis
785 2246 954 2275 honorificati
976 2252 1039 2276 sunt

252 2290 333 2317 amici
349 2290 396 2322 tui,
413 2290 482 2317 Deus
491 2290 525 2317 ⁸³.
543 2299 553 2317 ›

533 2357 647 2385 CAPUT
666 2358 758 2387 XLIV.

252 2411 380 2447 Exempla
415 2414 467 2440 duo
498 2415 802 2477 perﬁdighriipidworum
835 2418 863 2445 in
896 2418 1037 2453 imaginem

285 2506 377 2541 Beryti
397 2506 440 2542 (ea
460 2505 525 2534 urbs
542 2511 584 2534 est
601 2514 654 2534 non
672 2509 767 2543 procul
785 2509 818 2536 ab
834 2509 930 2537 illustri
943 2511 1038 2538 Antio-

250 2552 324 2587 chia)
350 2552 402 2580 tale
426 2553 563 2588 quoddam
588 2554 709 2582 insolens
732 2555 890 2584 miraculum
914 2557 1037 2592 contigit,

250 2598 403 2632 voluptatis
419 2599 587 2635 terrorisque
604 2599 724 2634 plenum,
738 2606 766 2629 et
781 2602 851 2637 quod
869 2603 962 2632 referri
981 2611 1037 2631 rne-

250 2648 326 2671 reatu
330 2652 352 2672 Γ.

287 2734 311 2750 ⁸³
323 2733 423 2762 Jerem.
434 2744 472 2767 tv,
484 2737 528 2763 15.
565 2735 588 2752 ⁸⁸
600 2736 652 2763 lsa.
664 2744 726 2769 ιη,
739 2737 783 2765 li.

820 2738 844 2755 "
858 2738 910 2766 lsa.
920 2747 995 2773 um,
1009 2740 1052 2768 10.

253 2768 277 2785 ⁸⁹
287 2769 355 2798 ibid.
391 2770 414 2786 "
427 2771 492 2798 ibid.
505 2771 550 2799 51.
589 2771 610 2788 ’¹
623 2772 696 2800 Psal.
707 2768 790 2806 ιριιίι,
802 2773 847 2801 56.
884 2775 908 2790 ⁹²
917 2768 995 2803 ΡειιΙί
1004 2784 1038 2803 xx

1092 2785 1117 2810 ιι,
1128 2768 1175 2805 at.
1211 2778 1234 2794 "
1245 2768 1314 2806 iiith
1322 2768 1366 2807 i7.

1092 2244 1146 2266 tum
1163 2239 1317 2274 propinant.
1330 2239 1432 2267 Aderat
1447 2242 1571 2277 spongia,
1587 2250 1636 2270 nec
1652 2243 1740 2270 deerat
1754 2240 1851 2268 arundo.

1091 2284 1181 2312 Clavis
1195 2293 1292 2313 manus
1314 2286 1450 2322 pedesque
1465 2287 1575 2323 aﬂigttnt
1592 2290 1688 2324 (neque
1701 2288 1766 2315 enim
1780 2295 1792 2313 a
1806 2286 1851 2312 cla-

1091 2331 1133 2357 vis
1147 2330 1323 2367 abstinetur),
1340 2331 1424 2365 spinis
1438 2337 1580 2368 coronant,
1597 2334 1672 2361 hasta
1689 2340 1702 2360 e
1717 2331 1850 2366 latere(heu

1092 2374 1261 2411 proﬂigatam
1282 2377 1309 2404 in
1335 2378 1463 2405 extremis
1487 2379 1658 2414 audaciam!)
1674 2378 1815 2413 sanguinein
1828 2379 1850 2402 et

1092 2429 1190 2455 aquam
1208 2423 1326 2457 prolicit,
1342 2431 1402 2458 qua:
1417 2431 1459 2452 res
1478 2423 1585 2452 Christo
1601 2425 1699 2452 cultum
1715 2431 1743 2450 ac
1758 2420 1850 2450 celebri-

1091 2473 1172 2495 tatem
1192 2470 1308 2503 paravit.
1325 2469 1394 2496 Nam
1415 2475 1561 2505 conspecto
1583 2469 1675 2506 grandi
1695 2474 1719 2496 et
1736 2465 1849 2495 horrcndo

1090 2513 1233 2547 miraculo,
1249 2519 1392 2549 postquam
1407 2516 1581 2551 scaturiginis
1598 2515 1712 2551 periculo
1726 2513 1798 2545 facto,
1811 2518 1849 2538 ex-

1090 2560 1201 2595 ploratae
1214 2561 1295 2588 fidem
1311 2568 1353 2589 res
1368 2562 1466 2594 fecere,
1479 2562 1573 2590 morbo
1588 2562 1658 2589 omni
1673 2564 1747 2595 atque
1757 2557 1846 2592 :egritu-

1091 2607 1155 2634 dine
1172 2607 1304 2641 curanda,
1318 2611 1345 2634 et
1361 2608 1512 2635 drcmonum
1531 2613 1617 2635 turma
1635 2607 1722 2642 procul
1740 2602 1845 2632 arcenda.

1093 2653 1121 2680 in
1144 2652 1290 2687 fugamque
1309 2652 1447 2686 vertenda,
1464 2657 1520 2681 toto
1542 2653 1641 2687 animo,
1656 2657 1707 2679 tota
1725 2654 1802 2678 menta
1817 2646 1844 2673 ad

1657 2744 1679 2761 "
1689 2742 1747 2772 ibid.
1757 2740 1796 2773 29,
1805 2739 1842 2768 ω.

1106 2742 1195 2781 "isti.
1206 2744 1332 2781 navigi.
1341 2780 1354 2781 γ
1376 2745 1398 2761 ⁸⁷
1409 2744 1481 2773 Psal.
1495 2753 1551 2781 ut,
1562 2746 1608 2774 εδ.

290 2834 348 2875 {57)
367 2836 479 2873 Alludit,
494 2839 601 2875 opinor,
615 2841 650 2870 ad
669 2842 730 2872 lsai.
746 2851 792 2880 ιι,
808 2843 834 2874 8.
852 2843 919 2874 Vide
936 2845 1099 2882 Nysscnum,
1114 2846 1151 2876 De
1164 2848 1323 2884 virginitate,
1334 2856 1394 2886 cap.
1408 2850 1451 2879 18.
