1955 3080
184 117 237 148 875

789 117 1003 148 ANDllONlCI
1026 116 1199 148 COMNENI

1765 119 1825 149 826

189 181 239 210 per
255 181 363 210 aquam,
378 173 502 201 vitiorum
520 172 596 208 quasi
613 173 748 208 quoddam
765 182 838 201 Inare
856 174 977 201 llubrnm
991 182 1013 210 Α
1029 174 1192 208 baptismum
1213 174 1362 208 delinquat,
1378 183 1412 202 ne
1431 176 1567 210 desperet,
1582 176 1717 211 siquidem
1738 177 1823 212 igno-

188 222 216 248 in
242 221 343 248 siccum
370 220 487 253 redegit,
513 223 591 254 rupto
618 225 790 254 peccatorum
820 225 973 247 nostrorum

185 265 378 301 chirographo.
394 264 450 292 illic
466 264 540 299 virga
558 264 657 292 refluas
671 265 758 292 undas
769 266 872 300 coegit,
888 265 931 291 hic
947 265 973 291 in

186 311 309 339 Calvaria
346 310 433 337 deﬁxa
456 318 520 337 crux
545 311 677 338 Adamutn
701 315 784 338 totutn
808 310 834 337 in
855 310 972 344 priorem

185 358 351 385 nobilitatem
377 357 494 384 restituit
519 366 526 384 :
552 357 697 389 lsrnciites,
714 357 765 384 nisi
789 356 857 383 mari
881 355 973 382 Rubro

184 403 308 438 trajecto,
328 404 485 438 angelorum
511 412 582 439 pane
605 404 678 431 vesci
701 411 753 431 non
777 408 897 438 poterat;
923 411 972 430 nec

188 457 252 476 vero
270 450 371 477 Christi
390 450 515 485 populus,
532 450 664 485 sanguine
680 454 707 477 et
723 457 792 484 aqua
808 449 867 476 viva
884 454 972 484 potest

184 495 251 527 frui,
270 496 320 522 nisi
342 502 514 530 peccatorutn
537 496 618 522 rubro
640 500 766 530 tanquam
788 499 854 522 testu
875 495 971 522 defun-

181 547 240 570 ctus
250 543 283 569 97.

215 587 277 615 Jun.
301 587 355 615 Cur
381 591 410 614 ut
438 594 489 614 nos
517 586 751 613 circumcisionem
782 593 836 613 uno
863 594 969 622 semper

181 634 300 665 nomine,
319 640 395 666 aeque
417 637 441 659 et
466 639 512 658 vos
535 632 696 665 baptismum
718 639 770 658 non
791 633 905 664 vocatis,
923 633 968 660 scd

182 679 274 706 multis
289 687 321 705 ae
335 677 466 705 diversis?

220 725 332 752 CllltiST.
349 723 479 758 Expedita
496 723 613 752 solutio:
632 724 676 751 ilia
702 732 749 758 per
770 733 852 752 unum
877 725 967 752 Mosmt

181 770 286 803 prodita
305 775 364 802 est,
381 770 438 796 lucc
457 777 470 796 ιι
489 769 584 802 Patre,
599 769 667 796 Filio
686 774 714 797 et
742 770 843 805 Spiritu
864 775 966 797 sancto.

182 815 314 843 Praeterea
343 815 434 842 multis
457 823 487 842 ac
511 815 627 842 diversis
652 815 710 849 ejus
735 815 761 842 in
788 823 836 843 nos
860 816 963 848 oiliciis,

1026 226 1117 248 scctur
1139 221 1162 248 ci
1184 223 1268 248 animi
1290 223 1391 254 scelus,
1411 223 1549 255 vitiosum,
1569 223 1690 257 inquam,
1710 224 1822 259 cogita-

1025 270 1092 299 tum,
1106 271 1134 295 et
1148 268 1356 300 consceleratio,
1373 276 1421 302 per
1434 268 1646 297 confessionem.

1061 313 1113 341 Sed
1125 315 1267 341 audiamus
1296 315 1358 348 quid
1378 315 1460 343 lsaias
1477 316 1569 343 dicat:
1583 325 1593 342 ι
1612 317 1705 343 Faciet
1722 316 1821 344 Domi.

1024 369 1073 389 nus
1091 362 1213 389 Sabaoth
1222 362 1349 390 omnibus
1363 363 1488 395 gentibus
1498 370 1579 397 super
1591 367 1708 391 montem
1720 364 1822 397 istum,

1026 408 1141 435 induent
1164 407 1295 439 itetitiam,
1319 413 1454 442 ungentur
1480 414 1630 443 unguento.
1663 409 1756 436 bibent
1778 411 1824 435 vi-

1023 461 1086 480 num
1107 453 1117 469 ⁸
1134 462 1142 486 ;
1170 463 1179 479 ι
1207 453 1297 488 gaudii
1315 454 1443 480 amicmm
1469 453 1601 488 baptisma
1616 455 1746 487 inuuens;
1763 463 1823 482 ttn-

1022 503 1162 533 guentntn,
1174 502 1176 505 '
1189 498 1260 526 illud’
1279 506 1384 526 sacrum
1401 507 1456 534 quo
1470 500 1597 533 baptizati
1626 500 1819 534 inunguntur;

1025 544 1125 575 vinum,
1140 544 1308 571 Dominicutn
1317 545 1486 580 sanguinem.
1499 545 1530 571 Et
1543 552 1648 572 rursum
1666 553 1674 572 :
1692 555 1700 571 ι
1720 546 1822 572 ΑΙιΙιιει

1023 588 1152 616 Domitius
1165 590 1271 616 sordetn
1285 589 1400 616 illiorqu
1414 593 1440 616 et
1454 589 1569 616 iiliarum
1583 591 1603 616 ⁹.
1621 598 1631 615 ›
1644 590 1676 617 Et
1692 591 1795 617 iternnt
1810 595 1817 612 ἰ

1025 645 1033 660 ι
1055 635 1113 662 Erit
1138 636 1269 669 inaquosa
1282 636 1308 662 in
1327 636 1448 670 paludes,
1468 641 1496 663 et
1512 637 1538 662 in
1548 636 1656 663 sitiente
1671 641 1744 662 terra
1761 637 1820 662 erit

1020 681 1081 708 fons
1107 689 1184 715 aqua:
1198 682 1237 714 ¹⁰;
1267 690 1277 708 ι
1305 682 1433 716 inaquosa
1460 687 1488 708 et
1514 682 1671 713 siticulosa,
1693 683 1817 716 gentium

1019 726 1148 761 populuttt
1180 726 1311 760 appellat;
1334 725 1435 753 fontem
1463 734 1537 759 vero,
1552 734 1657 753 sacrum
1669 727 1817 760 baptisma,

1020 777 1049 799 ut
1065 777 1176 806 apparet
1191 780 1224 799 ex
1236 773 1410 805 sequentibus
1427 780 1433 799 :
1453 781 1461 797 I
1480 771 1513 798 Et
1532 772 1583 799 erit
1596 772 1630 798 ibi
1645 772 1684 798 via
1699 773 1816 802 munda,

1019 823 1046 844 et
1074 818 1117 844 via
1147 823 1240 845 sancta
1268 817 1409 844 vocabitur
1425 817 1457 844 ι’.
1489 826 1498 842 ι
1516 816 1581 849 Quae
1604 817 1660 843 haec
1688 822 1730 843 Cal
1747 817 1790 841 vin
1810 820 1817 840 ξ

184 862 280 887 multas
305 868 411 896 quoque
437 868 469 887 ac
494 861 613 888 diversas
639 860 856 888 nomenclaturas
884 865 965 895 atque
979 849 1003 879 Β
1019 863 1179 898 Evangelica
1191 862 1343 897 disciplina.
1355 862 1413 889 Jam
1430 870 1477 897 per
1487 870 1549 890 eutn
1567 863 1605 889 ait
1621 863 1691 890 Deus
1707 871 1714 889 :
1734 872 1743 888 ι
1756 862 1816 896 Ego

181 906 313 933 beneﬁcia
329 906 454 933 facimus.

460 953 576 981 CAPUT
597 954 688 982 XLVI.

229 1000 329 1033 Quibus
346 999 408 1035 aliIn
424 1001 573 1027 nominibus
590 1001 723 1034 baptisma
741 1001 918 1036 designatum.

220 1047 312 1081 Itaque
326 1046 381 1080 (58)
399 1047 511 1077 donum,
523 1046 623 1079 lumen,
636 1046 780 1081 baptisma,
793 1052 969 1082 unguentum,

180 1093 397 1127 regenerationis
420 1092 569 1124 lavacrum,
590 1093 803 1121 immortalitatis
825 1095 969 1127 amictum,

179 1137 296 1170 signum,
316 1135 433 1163 breviter
454 1136 583 1171 quidquid
606 1142 748 1172 augustum
773 1144 826 1170 est,
845 1139 970 1166 nomina-

180 1190 252 1213 mus,
270 1182 383 1209 vocibus
406 1189 422 1209 θ
445 1182 638 1216 propltetarum
662 1183 782 1210 oraculis
806 1184 967 1218 desumptis.

179 1227 282 1254 Donum
299 1227 324 1254 in
339 1227 444 1262 primis,
457 1232 485 1254 ut
500 1227 583 1255 lsaias
597 1229 696 1256 elatnat
710 1237 717 1256 :
738 1238 747 1255 ι
764 1228 867 1257 Omnes
878 1230 972 1257 sitien-

185 1277 238 1305 tes,
251 1273 340 1300 venite
354 1273 386 1300 ad
401 1280 484 1307 aquas
501 1283 508 1300 :
525 1277 552 1299 et
565 1274 609 1307 qui
624 1281 678 1301 non
695 1274 800 1302 habetis
815 1280 968 1309 argentum,

183 1323 344 1352 properate,
367 1317 449 1344 emite
479 1317 581 1351 absque
610 1322 721 1352 argento
747 1323 774 1346 et
801 1319 887 1353 pretio
897 1318 931 1346 “.
955 1328 970 1342 ι

180 1364 280 1390 [numen
295 1383 303 1396 ,
319 1368 347 1390 ut
363 1363 396 1390 de
412 1370 443 1391 eo
459 1362 542 1390 David
557 1363 686 1397 praedicat
704 1372 711 1390 :
732 1374 746 1387 ι
765 1363 895 1392 Dominus
911 1363 972 1390 illu-

178 1409 289 1436 minatio
318 1417 374 1436 mea
406 1413 433 1436 ct
451 1408 523 1436 salus
541 1416 611 1441 mea,
629 1416 707 1443 quem
732 1409 878 1438 timebo"?
902 1418 913 1436 ι
939 1409 972 1437 ΕΙ.

178 1461 283 1481 rursum
303 1462 310 1481 :
331 1463 340 1480 I
360 1453 489 1481 Dominus
503 1453 636 1481 illuminat
664 1454 759 1481 faciem
772 1455 939 1489 prudentis‘.
958 1463 967 1481 ι

1019 917 1091 942 sum,
1119 916 1170 944 ego
1198 916 1269 940 sutn,
1283 909 1328 942 qui
1358 908 1433 935 deleo
1450 908 1605 942 iniquitates
1626 912 1686 934 tuas
1702 913 1816 941 propter

1019 961 1074 986 tne,
1093 959 1119 981 et
1140 961 1193 981 non
1220 954 1394 981 recordabor.
1406 953 1445 980 'l'u
1462 961 1526 981 vero
1538 958 1681 986 memento,
1697 959 1725 979 et
1742 953 1803 987 judi

1019 1007 1111 1027 cemur
1122 999 1201 1026 simul
1211 1000 1259 1026 “.t
1270 999 1405 1026 Etiterum
1422 1007 1429 1026 :
1445 1008 1455 1024 ι
1469 998 1544 1026 Dabo
1555 1006 1651 1033 aquam
1676 1000 1702 1026 in
1714 998 1761 1025 siti
1779 1000 1816 1025 iis

1019 1045 1065 1079 qni
1095 1044 1233 1072 ambulant
1252 1045 1279 1072 in
1301 1045 1430 1079 inaquosa
1448 1054 1455 1072 :
1472 1051 1499 1072 et
1525 1045 1659 1079 imponam
1679 1044 1814 1079 Spiritum

1019 1098 1109 1118 meum
1134 1098 1216 1126 super
1231 1098 1323 1118 semen
1351 1095 1439 1123 tuum,
1468 1095 1496 1118 et
1514 1090 1715 1118 henedictiones
1735 1097 1814 1118 Ineas

1020 1144 1101 1171 super
1125 1136 1194 1164 ﬁlios
1220 1141 1280 1164 tuos
1298 1136 1331 1164 ".
1351 1145 1361 1162 ι
1380 1136 1412 1163 Et
1424 1137 1539 1163 iterum:
1556 1145 1566 1162 I
1592 1136 1735 1164 tliserator
1748 1136 1813 1163 illo-

1021 1189 1081 1209 rum
1104 1182 1277 1209 miserebitur
1310 1182 1428 1214 iilorum,
1451 1186 1478 1209 et
1502 1189 1550 1216 per
1571 1183 1658 1209 fontes
1678 1189 1813 1216 aquarum

1022 1229 1100 1256 ducet
1130 1229 1190 1255 illos
1203 1228 1234 1254 υ.
1261 1238 1270 1254 ι
1287 1228 1362 1260 Quod
1385 1228 1408 1255 si
1437 1227 1590 1255 Judaeorum
1635 1227 1746 1263 quidam
1777 1227 1814 1254 tl:

1021 1271 1095 1300 Mara
1111 1276 1138 1300 et
1155 1272 1273 1300 fontibus
1288 1273 1315 1300 in
1331 1272 1400 1299 Elim
1419 1272 1453 1304 ",
1471 1273 1528 1299 hate
1544 1271 1702 1306 prophetam
1717 1271 1813 1299 dicere

1020 1319 1190 1350 existimant,
1220 1318 1276 1345 falli
1299 1325 1327 1345 se
1346 1318 1436 1345 sciant
1449 1327 1456 1345 :
1471 1325 1556 1352 neqtte
1575 1317 1645 1345 ettitn
1658 1325 1689 1344 ea
1707 1323 1812 1351 tempe-

1021 1369 1102 1396 state,
1125 1364 1171 1392 sed
1185 1364 1268 1391 multo
1283 1368 1342 1398 post
1353 1364 1436 1391 Isaias
1448 1364 1495 1390 fuit
1512 1372 1519 1390 :
1537 1370 1584 1390 nec
1596 1363 1642 1398 qui
1653 1364 1685 1390 de
1697 1368 1813 1397 praeter-

1021 1410 1067 1439 itis
1082 1410 1160 1443 dicit,
1177 1410 1306 1445 propheta
1327 1410 1464 1439 habendus
1479 1414 1530 1441 est,
1550 1410 1596 1437 sed
1614 1409 1659 1444 qui
1690 1409 1722 1436 de
1735 1408 1795 1435 fuit!
1806 1422 1815 1427 -

1022 1455 1070 1488 ris,
1087 1462 1172 1490 quare
1187 1456 1220 1482 de
1243 1455 1379 1489 baptismo
1391 1456 1464 1489 quod
1490 1454 1665 1489 praesagierit,
1679 1453 1811 1484 ostendit.

178 1499 340 1526 Prudentem
364 1499 475 1526 omnino
496 1499 646 1534 appellans,
660 1500 706 1534 qui
723 1500 776 1527 vim
794 1500 862 1528 sacri
880 1501 967 1536 bapti-
979 1521 1001 1550 α
1021 1503 1092 1538 quod
1106 1503 1161 1530 ait:
1176 1501 1290 1534 «Docet,
1306 1511 1315 1528 I
1329 1510 1380 1529 non
1395 1507 1497 1534 autem,
1511 1503 1596 1529 duxit.

178 1546 272 1573 stnatis
298 1545 405 1574 callent.
428 1544 570 1580 Baptisma
595 1553 660 1573 vero
683 1546 793 1580 dicitur,
812 1551 841 1574 ut
863 1546 889 1574 in
912 1555 966 1582 quo

177 1595 286 1625 peccata
314 1591 498 1624 tumulentur,
524 1592 752 1626 quemadmodum
780 1593 847 1620 mari
873 1593 966 1622 Rubro

177 1636 347 1664 Pharaonem
372 1637 453 1664 tinxit
477 1641 558 1672 atque
584 1638 674 1665 obruit
695 1637 795 1665 Moses.
817 1637 965 1667 Lavacrum

177 1691 209 1709 ex
243 1683 294 1710 hae
325 1683 401 1710 lsaiaa
433 1684 567 1711 sententia
601 1692 609 1711 :
646 1693 655 1710 t
689 1684 849 1717 Lavamini,
874 1685 964 1713 mundi

177 1733 264 1756 estote
272 1730 294 1755 ¹.
313 1737 322 1754 ι
344 1727 517 1764 Unguentum
543 1729 613 1763 quod
629 1728 748 1757 caelestis
763 1729 965 1766 Hierosolymis,

176 1774 314 1808 divinique
334 1774 410 1809 regni
436 1774 555 1801 haeredes
575 1767 753 1802 boc‘inuncti
775 1781 963 1810 agnoscantur.

177 1819 216 1846 ita
239 1820 312 1846 enim
336 1825 361 1846 et
382 1819 478 1846 Elisaeo
500 1818 557 1854 (59)
579 1820 634 1846 vati
657 1820 694 1847 ait
714 1820 784 1849 Deus
806 1832 813 1850 :
843 1831 852 1848 ι
876 1822 967 1857 Unges

176 1864 301 1892 Elisatum
320 1865 480 1900 prophetam
496 1871 545 1899 pro
562 1869 588 1891 te
596 1863 620 1890 ³.
639 1873 649 1890 ι
669 1863 882 1894 lntmortalitatis
898 1867 967 1894 ami-

175 1915 248 1938 ctum
258 1918 385 1938 vocamus
393 1917 425 1937 ex
441 1918 475 1938 eo
488 1909 586 1938 Psallis
601 1910 666 1946 regii
684 1911 790 1939 edicto:
808 1921 817 1938 ί
837 1912 966 1941 Dominus

177 1957 310 1991 regnavit,
327 1957 451 1997 decorem
476 1956 584 1983 indutus
608 1961 649 1984 est
659 1957 681 1984 ⁵.
701 1966 711 1983 ι
736 1956 803 1984 Tum
826 1962 914 1985 autem
937 1963 966 1986 ut

179 2003 306 2030 ostendat
325 2010 401 2037 atque
422 2003 537 2030 amictos
556 2007 582 2030 et
600 2002 701 2031 Christi
720 2003 850 2035 hatredes,
865 2003 939 2031 addit
957 2013 964 2031 :

179 2058 187 2074 ι
211 2049 315 2075 Etenim
337 2048 454 2076 fumavit
472 2048 566 2076 orbem
590 2053 679 2082 terrae,
695 2048 799 2076 scilicet
818 2049 868 2077 hoc
890 2050 965 2084 regio

177 2094 293 2126 amicttt,
321 2094 366 2128 qui
395 2101 448 2121 non
475 2095 716 2122 commovebitur“.
744 2104 754 2121 ι
784 2094 912 2128 Signum,
937 2100 966 2122 ut

180 2142 294 2169 dominii
317 2147 421 2174 notam,
437 2143 666 2176 quemadmodum
687 2143 720 2170 de
742 2150 775 2170 eo
796 2142 880 2170 David
901 2151 966 2178 pro-

177 2187 269 2214 fitetur
284 2196 291 2214 :
311 2196 320 2212 I
340 2187 531 2222 Signatutttest
545 2195 626 2222 super
639 2195 686 2215 nos
702 2187 791 2215 lumen
809 2188 896 2215 vultus
913 2188 964 2221 tui,

181 2233 302 2266 l)oInine,
317 2234 413 2260 dedisti
434 2233 555 2261 laetitiam
576 2233 602 2261 in
623 2234 705 2261 corde
724 2241 784 2261 meo
793 2233 812 2260 ⁸.
831 2243 841 2260 ι
861 2233 965 2267 Quibus

182 2278 271 2306 verbis
293 2286 377 2306 sacrte
399 2279 538 2306 tinctionis
558 2279 611 2306 vim
633 2279 752 2306 declarat
773 2287 782 2304 :
801 2278 858 2306 Non
879 2279 963 2313 ettim,

179 2323 276 2357 inquit,
290 2324 375 2351 solum
393 2329 440 2351 tuo
456 2324 563 2352 nomine
576 2332 624 2352 nos
640 2324 752 2359 signasti
775 2329 802 2352 et
815 2324 965 2358 illustrasti,

185 2370 231 2395 sed
248 2369 319 2395 enim
336 2369 455 2396 animum
471 2377 559 2396 meum
573 2369 708 2403 voluptate
721 2369 834 2396 effecisti
851 2376 859 2396 :
875 2369 899 2396 id
913 2374 965 2402 est,

178 2421 287 2451 omnem
302 2414 438 2448 signatqu
452 2422 528 2442 noxa:
542 2415 619 2442 venia
634 2415 761 2449 dignatus
774 2422 813 2442 es.
827 2414 899 2442 Idem
912 2414 965 2442 alio

177 2459 285 2486 l‘saltnu
304 2469 310 2487 :
333 2469 343 2486 ‹
363 2460 420 2487 Dixi
441 2470 446 2487 :
468 2460 623 2488 Conlitebor
638 2461 780 2488 adversum
800 2468 842 2488 me
860 2461 966 2496 injusti-

179 2505 243 2532 linttt
269 2514 356 2533 meam
379 2506 493 2534 Domino
519 2517 525 2534 :
546 2513 573 2535 et
596 2513 623 2535 ιιι
649 2507 776 2535 remisisti
799 2507 964 2541 impietatem

177 2553 280 2586 peccati
300 2553 380 2580 mei".
400 2563 409 2580 ι
430 2553 487 2582 lloc
504 2555 598 2581 dicens
618 2563 624 2581 :
639 2554 715 2587 Quod
731 2553 753 2581 si
768 2553 829 2588 quis
848 2553 889 2580 vel
905 2556 966 2587 post

1050 1549 1092 1576 Ad
1106 1549 1228 1576 eumdem
1251 1548 1359 1576 modum
1379 1553 1405 1576 et
1425 1547 1549 1575 Michaeas
1567 1556 1574 1574 :
1592 1556 1602 1573 I
1632 1546 1707 1580 Quis,
1727 1546 1810 1578 Deus,

1018 1593 1115 1622 similis
1145 1594 1196 1626 tui,
1209 1594 1256 1629 qui
1275 1593 1366 1621 aufers
1397 1595 1578 1628 iniquitatem,
1592 1599 1618 1621 et
1631 1593 1730 1620 transis
1745 1599 1811 1625 pec-

1017 1643 1108 1666 calum
1130 1639 1305 1673 reliquiarum
1323 1639 1490 1666 ltaareditatis
1517 1639 1592 1666 tuae?
1608 1646 1660 1665 non
1677 1638 1810 1664 immittet

1018 1684 1087 1712 ultra
1101 1684 1220 1713 furorem
1236 1692 1325 1718 suum,
1335 1686 1464 1720 quoniam
1480 1685 1575 1712 volens
1587 1683 1818 1711 misericordiam-

1019 1735 1076 1758 est.
1109 1730 1270 1758 “evertetur
1299 1736 1329 1758 et
1348 1730 1519 1758 miserebitur
1538 1730 1622 1757 nostri
1651 1739 1659 1757 :
1692 1731 1810 1763 deponet

1017 1776 1176 1811 iniquitates
1197 1780 1226 1804 et
1255 1776 1378 1811 projiciet
1401 1776 1427 1803 in
1447 1775 1608 1810 profundum
1633 1775 1717 1802 maris
1742 1774 1776 1800 “.
1795 1783 1805 1799 ι

1016 1821 1099 1850 Joelis
1110 1829 1174 1849 vero
1189 1822 1221 1849 de
1235 1821 1368 1856 baptismo
1376 1822 1432 1848 hzec
1440 1827 1503 1848 sunt
1515 1821 1596 1848 verba
1610 1829 1617 1848 :
1639 1829 1649 1846 ι
1665 1820 1694 1847 in
1707 1820 1750 1847 illa
1764 1820 1809 1846 die

1019 1867 1161 1897 stillabunt
1179 1872 1284 1894 montes
1300 1867 1478 1899 dulcedinem,
1495 1865 1700 1894 eteolleslluent
1712 1865 1782 1892 laete
1800 1873 1808 1893 :

1018 1919 1047 1942 et
1069 1921 1118 1944 per
1139 1920 1234 1941 omnes
1267 1913 1339 1940 rivos
1361 1911 1428 1939 Juda
1449 1913 1526 1939 ibunt
1551 1918 1620 1946 aqua
1634 1920 1642 1938 :
1656 1916 1683 1939 et
1699 1910 1760 1938 fons
1774 1912 1808 1938 de

1018 1960 1098 1987 domo
1123 1958 1228 1986 Domini
1244 1958 1399 1993 egredietur
1423 1958 1455 1984 ".
1473 1967 1481 1983 ι
1511 1958 1579 1990 Quis
1605 1957 1650 1985 hie
1669 1957 1807 1984 estfonse

1019 2005 1066 2032 Dei
1085 2004 1184 2038 templo
1221 2004 1365 2038 prodiens?
1398 2003 1512 2030 Omnino
1539 2003 1566 2030 in
1587 2003 1705 2031 Ecclesia
1729 2009 1808 2030 sacra

1017 2052 1132 2087 piscina,
1156 2058 1208 2085 qua
1236 2050 1336 2078 tinctus
1372 2050 1460 2077 omnis
1479 2049 1649 2077 Christianus
1674 2055 1759 2077 coetus
1781 2050 1807 2076 in

1017 2097 1188 2132 adoptionem
1216 2101 1364 2128 recreatur,
1404 2096 1521 2123 caelestis
1553 2096 1645 2130 glorias
1677 2095 1809 2129 regnique

1017 2142 1118 2170 Christi
1136 2142 1256 2170 hazredes
1271 2142 1417 2176 designati.
1434 2140 1468 2168 Et
1485 2140 1519 2168 de
1538 2141 1632 2167 eodem
1648 2140 1809 2174 baptismate

978 2187 1003 2218 D
1017 2189 1112 2216 scribit
1138 2188 1244 2216 David:
1265 2197 1275 2214 ‹
1304 2186 1361 2214 Vox
1376 2187 1484 2214 Domini
1511 2194 1592 2221 super
1624 2193 1719 2220 aquas,
1737 2185 1808 2212 Deus

1018 2234 1169 2269 maj~statis
1200 2233 1316 2260 intonuit
1343 2242 1349 2260 :
1373 2232 1502 2260 Dominus
1532 2239 1615 2267 super
1636 2239 1720 2266 aquas
1732 2231 1809 2258 mul—

1019 2285 1060 2308 tas
1071 2280 1103 2306 ".
1122 2288 1133 2306 ι
1150 2278 1185 2306 Ει
1216 2286 1326 2306 rursum
1340 2287 1347 2306 :
1363 2287 1372 2304 ι
1383 2278 1507 2312 Amplius
1518 2277 1577 2305 lava
1599 2285 1641 2305 me
1657 2277 1690 2304 ab
1708 2277 1810 2311 iniqui-

1019 2330 1074 2352 tate
1093 2332 1163 2356 Inca.
1196 2330 1223 2352 et
1251 2331 1266 2351 a
1291 2328 1402 2358 peccato
1430 2331 1492 2352 meo
1511 2323 1610 2351 munda
1639 2330 1681 2350 Ine
1698 2322 1730 2348 ".
1749 2331 1759 2347 ι
1775 2322 1810 2349 Et

1021 2370 1100 2405 paulo
1132 2374 1192 2404 post
1212 2377 1219 2396 :
1238 2378 1247 2395 t
1272 2369 1407 2404 Asperges
1436 2375 1479 2396 me
1507 2369 1634 2404 hyssopo,
1655 2372 1681 2396 et
1695 2369 1809 2394 munda-

1021 2416 1093 2443 bor:
1119 2415 1220 2443 lavabis
1247 2422 1300 2448 me,
1317 2420 1345 2442 et
1356 2422 1437 2449 super
1465 2415 1554 2442 nivem
1583 2413 1726 2441 dealbabor
1737 2413 1771 2438 '°.
1794 2421 1805 2438 ι

1021 2461 1091 2493 Quin
1121 2468 1168 2494 per
1190 2459 1357 2487 Ezechielem
1388 2467 1496 2494 quoque
1527 2459 1598 2486 Deus
1636 2458 1807 2485 conﬁrmat:

1026 2514 1036 2532 ι
1053 2505 1194 2533 Elfundam
1209 2512 1289 2540 super
1304 2512 1352 2533 vos
1378 2512 1474 2540 aquam
1490 2506 1628 2536 mundam,
1642 2509 1670 2531 et
1696 2503 1810 2530 munda-

1020 2552 1114 2580 bimini
1132 2552 1166 2578 ab
1177 2551 1302 2578 omnibus
1318 2550 1528 2586 inquinamentis
1544 2550 1641 2578 vestris
1656 2550 1705 2576 "J

166 2626 174 2655 ς
213 2645 234 2660 ³⁷
250 2644 331 2672 Exod.
347 2653 354 2670 I
372 2653 425 2671 xu.
449 2644 486 2659 '”
499 2644 549 2670 lsa.
565 2652 608 2676 ιν,
622 2644 646 2669 l.
685 2644 706 2659 θ’
720 2643 789 2670 Psal.
803 2651 876 2673 XXVI,
892 2643 918 2677 l.
957 2643 964 2658 '

1021 2652 1045 2670 ιι,
1061 2651 1139 2675 ειμι,
1153 2644 1168 2670 8
1217 2645 1226 2658 ¹
1241 2642 1290 2670 lsa.
1305 2651 1324 2673 ι.
1338 2642 1381 2669 16.
1420 2643 1430 2658 ³
1441 2642 1473 2671 lil
1490 2643 1554 2677 Reg.
1567 2650 1624 2675 Ill,
1635 2641 1676 2669 l6.
1714 2641 1725 2657 ⁸
1736 2642 1809 2670 Psal.

178 2687 242 2710 xcn.
256 2681 279 2706 Ι,
319 2680 329 2694 ⁵
341 2679 404 2705 ibid.
442 2679 452 2693 ⁶
464 2678 534 2706 Paul.
549 2674 623 2711 xxxi,
636 2678 662 2706 5.
700 2679 709 2693 ⁷
723 2677 792 2705 Psnl.
806 2686 841 2705 tv.
853 2674 894 2705 7..

180 2715 202 2729 ¹²
220 2716 268 2740 lsa.
290 2721 366 2745 XLIII,
384 2714 428 2740 25.
468 2714 489 2730 ”
503 2713 553 2741 lsa.
573 2722 643 2744 λων,
658 2714 684 2740 5.
724 2714 744 2728 ιδ
757 2713 808 2740 lsa.
824 2720 866 2741 λι.
886 2713 927 2740 l0.

179 2757 219 2780 III,
237 2750 279 2775 l8.
320 2749 340 2764 “
361 2748 431 2776 Psal.
445 2750 579 2781 uvttt,5.
618 2749 638 2764 ”
654 2747 724 2775 l‘sal.
743 2756 767 2780 ι,
789 2748 814 2775 4.

218 2829 274 2865 (58)
290 2828 418 2856 Nazianz.
436 2829 536 2867 videin
554 2829 583 2857 S.
600 2829 747 2865 Daptisma.

929 2678 940 2694 ³
954 2679 1002 2704 lsa.
1019 2686 1082 2710 xxv,
1099 2679 1125 2705 6.
1164 2680 1174 2695 ’
1191 2678 1243 2705 lsa.
1257 2687 1293 2710 tv,
1305 2678 1331 2706 4.

985 2714 1007 2728 ¹⁵
1028 2714 1113 2740 Exod.
1132 2722 1174 2744 xv,
1189 2713 1233 2745 25,
1245 2713 1289 2740 21.

855 2749 876 2764 ²⁰
895 2749 960 2775 ιιλίιι.
978 2748 1004 2775 9.

1659 2678 1678 2693 “

1759 2720 1807 2739 oc.

1759 2720 1809 2741 oet.

1371 2679 1392 2693 ¹⁰
1412 2678 1462 2705 lsa.
1492 2686 1574 2706 xxxv.
1593 2679 1618 2704 7.

1341 2714 1362 2729 "
1376 2713 1455 2741 Mich.
1473 2721 1520 2747 vn,
1545 2713 1588 2746 l8,
1605 2712 1648 2740 l9.

1044 2750 1064 2764 "
1084 2748 1182 2775 Ezeclt.
1201 2756 1292 2779 xxxvt.
1308 2748 1352 2776 ‘25.

1054 2829 1111 2866 (59)
1129 2829 1184 2857 imo
1199 2829 1272 2857 Elim.
