1955 3080
111 206 168 237 {377

646 206 839 237 DIALOGUS
860 207 1008 236 CONTRA
1025 206 1188 237 JUL/‘EOS.

1676 206 1728 236 ets

144 262 203 289 Jaut
219 269 282 287 vero
295 261 320 287 in
336 260 440 288 Mara"
458 268 525 295 aqua
541 267 644 292 amata,
663 266 801 295 peccatum
819 268 896 287 ama-
912 267 934 291 Λ
949 261 1057 295 genitus
1073 260 1119 287 Dei
1133 261 1216 288 Filius
1230 260 1368 287 duodecim
1391 260 1526 295 apostolos
1543 268 1550 286 :
1568 269 1577 286 ι
1594 259 1634 287 Ad
1650 267 1730 294 quetn

107 315 169 334 rum
196 307 318 338 notabat,
344 306 556 340 regenerationis
577 306 683 333 lavacro
705 313 737 332 ac
766 306 896 339 pmniten-

108 354 147 380 tia
163 353 188 379 in
205 352 375 379 dulcedinem
392 351 560 378 vertendum.
580 351 664 378 Porro
694 356 784 377 autent
795 351 896 378 duode-

105 393 159 425 ci'tn
195 397 283 424 fontes
317 397 344 424 in
380 397 447 423 Elim
477 397 509 429 9’,
537 397 675 424 duodecim
713 396 894 430 apostolorum

104 443 237 470 doctrina:
252 450 349 477 aquam
366 442 554 476 designabant,
570 442 717 477 itidemque
729 442 895 476 reliquorum

103 489 277 524 Septuaginta
308 489 413 522 patrum.
442 487 573 514 (Steterunt
591 495 660 515 arcae
687 495 735 522 per
750 487 894 515 Jordanem

105 535 231 569 trajectio
247 542 260 560 a
277 533 377 560 Iudaeis
396 533 478 565 facta,
511 534 580 560 sacri
601 533 726 567 baptismi
739 533 790 558 vim
806 537 895 559 osten—

103 580 146 607 dit
165 589 172 606 ε
190 587 251 606 nam
284 586 331 613 per
343 578 497 605 sacerdotes
514 585 582 612 aqua
606 583 633 604 et
655 577 750 612 spiritu
768 577 893 609 recreati,

103 633 182 660 aeque
197 630 223 652 et
244 632 293 652 ttos
321 629 471 657 peccatum,
501 628 529 650 ut
543 623 621 650 Iesus
635 624 705 650 Iilitts
732 623 804 650 Nave
825 622 895 649 Ieri-

104 673 247 702 chuntem,
262 670 408 696 evertimus
422 677 452 696 ac
466 669 663 703 despoliamus,
680 670 788 696 idenim
811 668 894 702 signi-

103 716 239 750 t-at,qnod
255 716 291 742 ait
311 717 439 751 propheta
456 725 462 742 :
487 726 495 741 ι
514 716 579 748 Quae
597 721 686 742 autem
701 715 891 747 descendebat,

102 762 245 789 descendit
260 763 284 788 iu
301 769 374 788 mare
389 762 488 794 Araba,
502 769 576 788 mare
584 761 658 793 salis,
669 762 755 788 donec
768 761 793 788 in
812 761 892 787 ﬁttetn

102 808 202 834 defecit
217 806 267 841 ¹³“;
289 816 298 833 ι
330 808 355 834 id
371 812 422 838 est.
453 807 558 834 violata:
579 807 641 833 olim
662 807 727 841 legis
752 811 891 841 peccatum

102 854 137 879 ad
164 853 325 880 immensum
358 853 404 880 Dei
428 852 604 879 humanitatis
619 852 727 886 pelagus
745 852 890 886 dilapsum,

103 898 268 930 demanat-it,
290 898 375 925 donec
403 899 510 925 tandem
540 898 701 924 exstinctum
722 902 772 924 est.
795 897 891 924 Sacer-

947 305 1037 332 factus
1048 311 1090 333 est
1105 313 1193 332 sermo
1204 305 1320 338 Domini,
1338 306 1431 337 dicens
1447 315 1454 335 :
1472 306 1554 334 Israel
1565 307 1616 334 erit
1631 314 1730 334 nomen
1751 305 1760 334 .‘.

947 356 1020 378 tuum
1035 351 1086 376 ".3
1104 351 1149 377 Ille
1164 350 1272 384 quidem
1288 351 1390 377 audivit
1409 358 1438 377 se
1452 357 1566 378 mentem
1583 351 1651 384 I'ore,
1671 359 1731 387 qua:

949 396 1032 423 Deum
1059 400 1134 423 esset
1163 396 1251 424 visura
1267 405 1274 422 :
1290 395 1332 423 hic
1347 396 1419 423 Deus
1436 401 1487 428 cst,
1511 405 1589 430 quem
1606 398 1731 425 ccclestes

944 447 1038 468 omnes
1049 446 1151 468 utentes
1164 442 1276 468 adorettt
1289 445 1315 468 et
1330 441 1491 468 collaudcnt.
1506 442 1732 470 EtuA‘Jdﬁcav't

946 486 1058 520 lapides.
1088 487 1230 514 etcuravit
1254 487 1339 513 altare
1364 487 1492 513 dirutum.
1511 496 1520 511 ι
1536 487 1581 513 llle
1612 488 1730 515 dirutum

950 531 996 559 Dei
1017 531 1099 558 altare
1113 532 1263 564 instaurat;
1277 532 1319 558 hic
1335 532 1488 566 ﬁgmentum
1515 539 1592 559 suutn
1614 532 1730 559 lacerum

947 585 995 610 per
1019 578 1168 604 doctrinam
1197 578 1383 612 apostolorum
1413 577 1558 612 componit.
1579 587 1588 603 ‹
1606 577 1733 611 Fecitque

945 631 1021 657 aquae
1044 625 1152 650 ductum
1179 623 1256 658 quasi
1282 631 1330 658 per
1354 623 1421 650 duas
1440 622 1631 649 aratiunculas.
1649 631 1658 648 ι
1677 623 1732 649 Illic

944 671 1039 698 scrobs
1072 679 1135 703 una,
1154 679 1214 705 quae
1238 671 1289 698 duo
1304 675 1362 697 sata
1377 670 1487 696 seminis
1509 675 1627 702 caperet,
1647 669 1690 695 hie
1706 669 1732 695 iu

945 725 997 744 una
1024 725 1135 751 persona
1151 718 1210 744 dua:
1226 722 1339 748 naturae,
1360 716 1448 742 divina
1476 720 1501 741 et
1517 716 1632 742 humana
1652 715 1731 741 simul

943 763 1104 790 exstiterunt
1122 772 1128 789 :
1145 762 1188 789 du
1206 763 1319 790 circuitu
1329 764 1423 790 altaris
1438 763 1479 794 ³⁰;
1497 771 1505 787 ι
1519 769 1591 789 aram
1611 761 1654 788 hic
1671 761 1731 788 Cal-

944 809 1025 836 variae
1037 810 1136 840 locum.
1154 810 1180 836 in
1204 817 1257 843 quo
1273 814 1383 843 augusta
1396 818 1462 836 crux
1481 809 1569 835 dt-lixa
1584 813 1635 838 est,
1652 807 1732 833 intel-

944 854 1006 888 lige.
1033 863 1043 879 ι
1076 854 1107 880 Et
1133 855 1366 888 composuitligua
1382 862 1462 889 super
1488 855 1572 880 altare
1598 852 1669 887 quod
1695 852 1732 878 fe-

944 901 980 927 cit
1011 900 1044 926 ³¹.
1079 909 1088 925 ι
1119 899 1214 934 Ligna,
1246 908 1292 927 seu
1309 901 1412 927 assulas
1431 909 1446 928 e
1471 901 1542 934 ligno
1557 900 1642 927 scisso
1656 905 1732 925 v0tat

104 945 181 971 dotes
197 951 262 971 vero
282 944 308 971 in
322 943 439 972 Iordane
454 944 623 976 resistentes,
639 943 749 977 pedibus
769 948 890 971 extrema
904 941 927 969 Β
943 946 1080 973 hominum
1097 954 1190 979 noxas,
1212 953 1280 980 quas
1295 945 1424 973 Dominus
1444 951 1535 973 noster
1547 947 1618 972 cruci
1638 945 1732 972 aﬁixus

103 998 173 1024 aqua
195 990 298 1022 tinctis,
319 990 483 1024 signiﬁcant,
509 990 616 1024 opinor,
633 996 646 1015 a
663 994 774 1023 peccato
797 989 892 1016 abesse

104 1036 250 1062 nemiuem.
266 1035 342 1069 Quod
362 1042 450 1062 autent
475 1035 621 1062 Iordanem
635 1034 706 1061 Elius
736 1034 835 1062 tnelote
849 1043 892 1062 se.

105 1083 171 1115 incl,
201 1083 314 1110 Elismus
341 1083 382 1110 bis
411 1079 516 1116 trajecit
533 1082 565 1115 ¹⁴,
584 1083 659 1110 trinae
674 1083 700 1110 in
722 1090 798 1110 sacra
816 1082 891 1110 ablu—

106 1131 180 1157 tiouc
198 1129 376 1157 dctnersionis
391 1129 417 1156 in
434 1136 531 1156 nomen
553 1128 603 1156 SS.
621 1129 761 1156 Trinitatis
776 1129 845 1156 vires
864 1133 892 1157 et

104 1175 251 1202 eﬁicaciatn
277 1175 454 1209 pratnotabat.
480 1182 532 1209 qua
562 1176 674 1203 mortale
703 1183 734 1203 ac
761 1176 892 1203 caducum

106 1223 289 1256 incorruptam
315 1221 544 1248 itntnorlalitatcm
585 1221 683 1248 induit.
710 1222 802 1256 Neque
829 1229 892 1248 vero

104 1267 177 1293 aliud
193 1267 259 1294 velle
275 1267 339 1294 ntibi
352 1267 456 1294 videtur
471 1266 600 1299 Naaman,
616 1267 716 1301 septies
733 1268 759 1294 in
774 1266 892 1294 Jordane

103 1313 176 1341 ablui
205 1313 296 1347 jussus
324 1313 358 1345 ⁸⁵,
374 1320 454 1347 quant
475 1313 640 1345 conandum,
660 1317 688 1339 ut
713 1313 738 1339 in
763 1313 814 1340 hac
831 1318 891 1340 latt-

101 1365 183 1392 quam
207 1358 356 1391 septimana
373 1358 425 1384 vita
442 1377 449 1390 ,
466 1358 583 1391 peccatis
608 1358 733 1385 omnibus
751 1358 890 1392 abstersis,

103 1411 151 1438 per
178 1408 280 1437 septem
299 1404 415 1437 Spiritus
441 1404 510 1430 dona
540 1403 589 1430 SS.
613 1403 750 1436 Trinitati,
782 1409 809 1431 et
836 1409 892 1432 tres

103 1449 201 1479 anima:
225 1450 368 1483 potentias,
383 1455 411 1475 et
428 1449 622 1477 elementorum
643 1451 765 1485 corporis
778 1456 892 1486 quater-

105 1495 213 1521 nioncm
236 1495 335 1522 olferas
349 1494 462 1529 integra,
487 1495 638 1522 oblitterata
655 1497 744 1530 priore
761 1497 834 1524 velut
851 1497 891 1524 le-

102 1546 162 1573 pra.
190 1538 258 1571 Quin
279 1538 372 1572 Jacob,
387 1546 486 1574 parens
514 1545 615 1572 vester,
634 1539 729 1568 baculo
746 1540 889 1569 Jordanem

105 1592 159 1610 non
193 1584 249 1619 ipse
277 1588 391 1616 tantum,
404 1584 546 1618 omnisque
565 1585 624 1619 ejus
642 1586 745 1613 familia
762 1588 887 1619 transiit;

106 1630 154 1656 sed
175 1636 240 1656 ores
252 1637 370 1663 quoque,
397 1638 428 1657 ac
444 1630 536 1661 boves,
554 1636 583 1658 ut
595 1632 760 1665 ostenderet,
781 1640 834 1659 non
846 1640 889 1660 so-

102 1674 156 1700 lum
172 1682 187 1701 a
199 1674 253 1701 Dco
268 1676 379 1706 electos.
406 1676 454 1702 sed
466 1676 546 1703 etiam
564 1677 609 1710 qui
634 1677 713 1704 bruta
731 1681 758 1704 et
770 1678 889 1705 amentia

102 1720 206 1747 scelera
231 1725 382 1754 patrareatt,
411 1725 546 1756 purgatos,
563 1722 663 1750 Christi
677 1723 833 1751 coltmrcdes
849 1724 890 1751 ef-

103 1766 202 1792 fectum
222 1765 264 1792 iri.
281 1765 492 1794 llieriehnntinte
527 1774 634 1801 quoque
663 1768 770 1795 steriles
802 1776 889 1802 aquae,

102 1811 159 1837 sale
178 1812 212 1837 ab
230 1811 325 1838 Elisaeo
346 1810 499 1838 fecundam:
509 1812 543 1846 “,
563 1812 680 1847 priorem
692 1812 817 1840 Ecclesia:
836 1819 891 1840 stc-

103 1857 230 1883 rilitatem
260 1856 458 1888 monstrabant,
476 1864 537 1891 Qua:
560 1857 681 1885 habenda
700 1858 795 1886 deinde
812 1858 891 1886 Chri-

106 1907 150 1929 sto
176 1902 228 1928 ﬁde
263 1902 389 1936 ceutuplo
416 1902 506 1936 plures
521 1903 630 1934 liberos,
654 1911 733 1937 quam
748 1910 890 1938 synagoga“:

106 1947 204 1974 marito
222 1952 262 1974 est
292 1951 353 1982 post
386 1948 464 1974 enixa
483 1946 551 1982 (10).
569 1947 665 1975 Verum
683 1952 710 1974 ut
727 1949 843 1982 apertius
856 1948 890 1976 de

103 1991 147 2018 Itis
163 1997 321 2024 statuamus,
337 1992 456 2020 vaticinii
473 1992 553 2020 verba
568 1999 602 2020 ex
614 1992 688 2020 libris
707 1992 808 2029 Regum
828 2002 890 2029 per-

102 2044 262 2073 sequamur.
278 2038 322 2065 Sic
339 2037 410 2065 euitn
426 2038 536 2065 habent.
821 2045 824 2048 λ

378 2083 496 2110 CAPUT
517 2083 608 2111 XLVII

262 2128 330 2156 Elite
355 2137 413 2155 cum
429 2128 531 2156 Christo
559 2130 730 2164 comparatio.

143 2183 153 2199 ‹
168 2173 241 2201 Dixit
265 2174 336 2202 Elias
362 2174 394 2202 ad
413 2175 538 2209 populum
555 2184 562 2202 :
586 2176 713 2202 Accedite
740 2177 772 2203 ad
793 2185 842 2204 me.
857 2177 890 2205 Et

101 2221 220 2247 accessit
249 2220 338 2247 onmis
364 2221 476 2255 populus
502 2221 535 2248 ad
563 2229 624 2248 eum
649 2221 681 2248 ’⁷.
702 2231 711 2246 ι
732 2221 802 2250 Sane
818 2223 890 2251 Elias

880 1606 926 1634 ’C

943 990 970 1017 in
996 998 1025 1018 se
1041 992 1151 1026 recepit,
1180 996 1206 1018 et
1236 991 1281 1025 qui
1305 991 1374 1026 ignis
1404 991 1514 1026 quidam
1532 996 1603 1018 esset
1615 992 1730 1024 divinus,

944 1037 1058 1069 exussit,
1087 1043 1115 1063 ut
1141 1038 1179 1064 ait
1220 1037 1351 1072 propheta
1373 1046 1380 1064 :
1400 1047 1408 1063 I
1443 1037 1598 1071 Languorcs
1624 1042 1732 1064 nostros

944 1083 1002 1118 ipse
1032 1084 1141 1110 luliL".
1160 1093 1169 1109 ι
1184 1099 1219 1104 -
1234 1094 1242 1109 ι
1258 1083 1407 1119 Divisitque
1419 1091 1467 1119 per
1489 1085 1608 1111 membra
1625 1085 1731 1117 bovem,

943 1131 970 1153 et
998 1127 1087 1160 posuit
1112 1135 1193 1161 super
1221 1128 1302 1162 ligna.
1334 1137 1344 1153 ι
1374 1128 1403 1155 Id
1414 1132 1464 1162 est,
1489 1129 1594 1155 vitalem
1612 1129 1636 1155 in
1652 1136 1732 1156 cruce

943 1177 1056 1198 mortem
1072 1172 1200 1198 sustinet.
1220 1173 1242 1207 (1
1252 1173 1284 1199 Et
1296 1173 1332 1199 ait
1349 1182 1355 1200 :
1368 1173 1480 1207 ltnplete
1491 1178 1607 1207 quatuor
1622 1173 1732 1208 hydrias

944 1224 1024 1250 aqua,
1049 1223 1075 1244 et
1107 1217 1210 1244 fundite
1243 1226 1322 1252 super
1348 1219 1546 1250 holocaustum,
1566 1224 1593 1246 et
1607 1227 1685 1252 super
1700 1220 1732 1245 li-

942 1269 994 1297 gna
1009 1263 1041 1289 ³³,
1064 1272 1073 1287 ι
1093 1262 1165 1289 Duas
1180 1264 1325 1298 amphoras
1347 1270 1471 1300 grattam.
1487 1272 1547 1299 qua:
1566 1273 1613 1299 per
1632 1273 1730 1299 aquam

944 1313 971 1334 et
1002 1307 1132 1341 Spiritum
1164 1313 1316 1342 praestetur,
1345 1309 1488 1343 signiﬁcat,
1503 1310 1729 1343 quemadmodum

943 1359 1019 1379 meus
1048 1351 1176 1379 Salvator
1203 1358 1285 1387 atque
1313 1353 1384 1381 Deus
1415 1355 1557 1381 conﬁrmat
1589 1354 1621 1386 ³⁸,
1636 1355 1680 1388 qui
1697 1363 1730 1382 ex

943 1406 1010 1430 aqua
1029 1403 1055 1425 et
1071 1398 1174 1432 Spiritu
1190 1403 1270 1426 natus
1280 1407 1332 1428 non
1347 1399 1391 1432 sil,
1404 1408 1455 1428 nou
1472 1407 1552 1434 posse
1566 1400 1599 1427 ad
1610 1401 1730 1426 divinum

944 1452 1053 1479 regnum
1082 1446 1194 1472 intrare.
1223 1455 1232 1471 ι
1254 1445 1424 1480 Rursumque
1466 1445 1662 1473 dixittEtiatn
1688 1454 1732 1473 se-

941 1491 1030 1518 cundo
1041 1491 1131 1519 facile.
1144 1490 1193 1524 Qui
1203 1498 1268 1520 .cum
1283 1491 1411 1518 fecissent
1428 1493 1557 1524 secundo,
1569 1493 1606 1518 ait
1619 1501 1626 1518 :
1642 1492 1730 1518 Etiam

944 1535 1025 1563 tertio
1051 1535 1076 1562 id
1091 1537 1176 1569 ipsum
1187 1535 1279 1562 facile.
1292 1535 1480 1570 Feceruntque
1497 1537 1575 1564 tertio
1589 1537 1621 1563 ³⁵.
1647 1546 1656 1562 ι
1675 1536 1732 1564 Hoc

943 1575 1093 1608 divinitatis
1124 1581 1298 1616 tergeminam
1337 1581 1505 1615 maiestatem
1531 1583 1658 1619 ostendit,
1692 1583 1731 1609 uti

943 1633 1053 1652 rursutn
1078 1632 1153 1652 meus
1179 1624 1256 1652 Iesus
1279 1625 1418 1659 discipulis
1443 1626 1580 1659 praecepit,
1596 1626 1665 1653 irent
1681 1627 1730 1653 do-

941 1676 1013 1697 ctutn
1031 1678 1125 1697 omnes
1140 1675 1243 1704 gentes,
1257 1677 1358 1704 eosque
1373 1671 1540 1704 baptizarent
1568 1672 1594 1699 in
1621 1673 1730 1700 nomine

941 1716 1038 1748 Patris,
1050 1715 1156 1748 etFilii,
1169 1720 1195 1743 et
1209 1715 1326 1750 Spiritus
1338 1716 1424 1743 sancti
1438 1717 1470 1743 ".
1493 1725 1502 1742 ι
1527 1717 1561 1744 Et
1581 1718 1731 1746 currebant

941 1769 1019 1796 aqua:
1061 1762 1162 1789 circum
1204 1761 1308 1794 altare;
1347 1765 1375 1789 et
1405 1761 1475 1789 fossa
1515 1770 1591 1797 aqua:
1634 1764 1731 1792 ductus

941 1808 1041 1842 repleta
1073 1813 1116 1835 est
1144 1808 1177 1836 ³⁷.
1209 1817 1217 1833 ι
1246 1806 1312 1834 Nam
1344 1808 1463 1842 repletus
1497 1813 1538 1836 est
1569 1809 1642 1837 orbis
1671 1815 1728 1836 ter-

941 1861 1033 1880 rarum
1062 1852 1108 1880 Dei
1125 1860 1208 1888 regno
1229 1858 1309 1887 atque
1325 1853 1421 1886 gloria.
1445 1854 1474 1880 Et
1486 1854 1646 1882 exclamavit
1658 1856 1729 1882 Elias

944 1900 969 1926 in
992 1899 1101 1931 caelum,
1130 1904 1157 1926 et
1171 1899 1239 1926 dixit
1254 1908 1261 1925 :
1274 1907 1285 1925 ι
1311 1899 1423 1927 Domine
1439 1900 1508 1928 Dm:
1538 1901 1685 1934 Abraham,
1702 1907 1730 1929 et

940 1945 1027 1977 Isaac,
1042 1949 1069 1972 et
1085 1944 1176 1977 Isracl,
1193 1945 1290 1979 exaudi
1307 1951 1361 1977 me,
1380 1944 1526 1973 Domine”.
1542 1955 1552 1972 ι
1571 1946 1633 1974 Ilaec
1648 1947 1728 1975 Elias.

941 1991 973 2016 At
989 1990 1150 2025 Uuigenitus
1168 1990 1213 2017 Dei
1230 1990 1315 2017 oculis
1329 1990 1354 2017 in
1369 1991 1468 2018 malum
1483 1991 1611 2026 sublatis,
1629 1992 1730 2019 clama-

940 2037 977 2064 vit
996 2045 1003 2063 :
1020 2045 1030 2062 ι
1055 2036 1148 2069 Pater,
1173 2036 1244 2070 quod
1271 2035 1366 2063 dedisti
1394 2036 1473 2069 tuihi,
1489 2037 1549 2064 volo
1564 2041 1593 2064 ut
1608 2037 1653 2066 ubi
1670 2045 1730 2066 sum

942 2093 1002 2120 rgo,
1027 2090 1054 2113 et
1088 2085 1123 2112 illi
1152 2085 1322 2113 siutmeeum
1339 2104 1346 2117 ,
1375 2091 1406 2113 ut
1447 2086 1557 2114 videant
1579 2086 1730 2116 claritatem

941 2138 1041 2162 meam,
1078 2138 1159 2165 quain
1208 2130 1309 2158 dedisti
1337 2131 1404 2158 mihi
1420 2136 1484 2159 ante
1510 2133 1729 2161 constitutionem

943 2177 1033 2203 mundi
1053 2182 1106 2204 :ut
1135 2177 1190 2204 sint
1210 2184 1303 2208 unum.
1318 2177 1387 2206 Sicut
1418 2184 1445 2206 et
1460 2188 1508 2206 nos
1523 2188 1604 2207 unmn
1625 2187 1729 2207 sumus.

942 2222 1000 2250 Noa
1014 2230 1062 2256 pro
1077 2223 1116 2249 eis
1128 2228 1230 2251 ‘antem
1242 2230 1309 2258 rogo
1327 2228 1441 2257 tantum,
1459 2226 1506 2251 sed
1521 2230 1546 2251 et
1560 2233 1609 2259 pro
1622 2226 1672 2259 eis,
1683 2227 1729 2260 qui

103 2264 156 2289 hac
176 2263 246 2290 obita
275 2263 423 2294 functione,
446 2270 539 2292 coorto
564 2265 642 2300 quasi
660 2267 773 2299 quodam
796 2272 888 2296 terric-
903 2268 928 2297 D
942 2268 1070 2295 credituri
1082 2275 1144 2295 sunt
1156 2276 1204 2303 per
1215 2270 1325 2297 verbum
1337 2277 1431 2296 eorum
1447 2270 1474 2296 in
1489 2277 1531 2297 me
1549 2271 1582 2298 ³⁹.
1608 2280 1617 2296 ι

103 2311 188 2338 motu.
218 2308 293 2341 ignea
320 2309 449 2343 quadriga
471 2309 496 2336 in
513 2309 612 2336 ccelum
626 2310 771 2338 subvectus
781 2316 842 2346 est;
861 2319 890 2340 at

103 2358 198 2379 contra
225 2361 255 2379 ac
269 2353 417 2381 mirabilius
448 2354 535 2388 opifex
549 2354 592 2382 illc
604 2355 675 2388 coeli,
696 2356 830 2385 inclinatis
842 2358 889 2385 be-

104 2398 186 2432 nigne
200 2399 275 2426 crelis
291 2400 445 2434 degressus,
459 2405 486 2426 et
510 2401 623 2427 vehiculi
638 2402 777 2436 cujusdam
793 2404 888 2437 instar,

103 2449 199 2471 natura
233 2450 367 2479 suscrpta,
393 2445 513 2473 studiose
535 2454 628 2474 omnes
655 2448 688 2474 ad
710 2456 739 2476 se
754 2450 889 2477 attrahere

101 2489 194 2523 gestit.
210 2489 302 2524 Itaque
320 2497 326 2516 :
346 2498 355 2515 ι
376 2488 480 2521 Venite,
508 2490 602 2524 iuqttit,
617 2490 649 2516 ad
665 2498 718 2524 me,
736 2499 828 2520 omnes
843 2493 888 2527 qui

102 2533 243 2563 laboratis,
257 2538 283 2560 et
297 2533 399 2560 onerati
419 2533 502 2566 estis;
519 2538 544 2559 et
564 2540 612 2568 ego
629 2534 745 2561 reﬁciam
770 2543 816 2562 vos
826 2535 859 2561 ".
878 2545 887 2562 ι

103 2593 139 2598 —
156 2586 167 2604 ι
196 2578 229 2604 Et
246 2579 304 2605 tulit
325 2578 465 2605 duodecim
486 2578 586 2612 lapides
597 2579 673 2612 juxta
686 2587 827 2607 numerntn
841 2582 890 2608 tri-

104 2626 187 2652 buunt
205 2624 320 2652 ﬁliorum
334 2623 428 2652 Jacob.
445 2633 454 2650 ι
483 2623 556 2651 Elias
570 2625 708 2653 duodecim
730 2634 806 2659 saxa,
831 2629 890 2654 uui-

424 2717 447 2732 "
465 2716 530 2743 Ibid.
545 2715 590 2743 27.

139 2718 163 2733 ’³
181 2716 264 2743 Exod.
281 2724 325 2749 xv,
340 2716 386 2744 23.
424 2717 447 2732 "
465 2716 530 2743 Ibid.
545 2716 590 2743 27.
630 2718 663 2733 ¹³¹
677 2717 759 2745 Josue
787 2726 828 2750 ιιι,
841 2718 883 2745 I6.

103 2762 133 2784 ιι,
147 2752 192 2779 21.
231 2751 253 2766 ¹⁷
266 2751 297 2777 111
314 2751 378 2784 “ex.
405 2759 481 2783 thtt,
499 2752 543 2780 50.
579 2752 604 2767 ³⁸
619 2752 711 2780 Matth.
733 2761 771 2784 xi,
788 2753 832 2780 28.

103 2795 181 2819 xvnt,
197 2786 241 2814 51.
280 2787 301 2802 ³¹
314 2786 364 2813 lsa.
378 2794 435 2815 Lut.
450 2787 475 2813 4.
514 2788 536 2803 ²³
549 2787 582 2814 111
601 2788 665 2820 Reg.
681 2795 755 2819 xvut,
771 2788 814 2814 54.

102 2822 196 2850 18-20.
234 2821 256 2838 ³⁷
271 2821 303 2848 lll
319 2821 383 2856 Reg.
397 2829 475 2855 xvttt,
497 2822 540 2850 55.

139 2917 196 2954 (40)
213 2917 278 2945 Vide
289 2917 365 2945 Isaia:
387 2926 441 2953 Liv,
455 2919 476 2946 Ι.

934 2719 956 2735 ¹⁵
974 2719 1006 2746 IV
1021 2720 1129 2754 “6%.”,
1146 2722 1171 2753 8,
1190 2722 1234 2748 14.

884 2754 907 2791 ’_’
922 2754 956 2781 Ill
975 2755 1041 2789 Reg.
1058 2763 1134 2784 xvut.
1153 2757 1183 2783 3i
1204 2764 1279 2791 seqq.

853 2788 875 2804 "
888 2788 968 2817 Joan.
982 2788 1028 2819 ιιιξ
1041 2791 1069 2817 5.

580 2823 601 2839 ”
618 2823 684 2851 Ibid.
701 2823 746 2850 56.
784 2823 806 2839 ³⁷
820 2823 898 2852 Joau.
913 2832 979 2859 xvtt,
994 2825 1090 2854 21-26.
1126 2826 1147 2842 ⁸ο
1164 2826 1197 2853 lIl
1217 2823 1282 2862 Reig.
1302 2823 1380 2862 xvui,
1403 2828 1447 2858 56.

980 2322 990 2338 ι
1008 2311 1112 2340 Exaudi
1143 2320 1186 2340 me
1206 2313 1286 2340 hodie
1315 2313 1340 2340 in
1357 2314 1429 2348 igne,
1455 2319 1483 2341 et
1500 2315 1587 2341 discat
1614 2315 1729 2350 populus

942 2358 993 2385 iste
1006 2357 1103 2390 omnis,
1115 2358 1177 2391 quia
1200 2361 1228 2385 tu
1248 2357 1322 2386 solus
1332 2359 1460 2386 Dominus
1471 2358 1541 2386 Dcua
1563 2358 1645 2387 Israel
1664 2359 1697 2386 “.
1717 2369 1726 2386 ι

943 2403 1026 2435 Elias,
1047 2403 1092 2438 qui
1123 2403 1203 2430 homo
1216 2408 1286 2436 erat,
1311 2404 1463 2432 exhibendo
1491 2405 1551 2440 igne
1575 2405 1728 2438 exauditus,

945 2449 1040 2481 Deum,
1070 2449 1115 2483 qui
1144 2449 1213 2484 ignis
1239 2450 1347 2484 quidam
1374 2455 1425 2483 est,
1442 2451 1578 2478 hominem
1592 2450 1650 2478 ﬁeri
1667 2458 1744 2484 preu-

945 2498 1023 2520 catur
1039 2502 1045 2520 :
1061 2493 1105 2521 ille
1128 2501 1193 2522 vero
1223 2495 1268 2528 qui
1283 2499 1311 2522 et
1329 2495 1400 2522 Deus
1419 2500 1445 2522 et
1463 2496 1543 2529 ignis,
1569 2496 1649 2523 homo
1673 2496 1729 2523 ﬁeri

943 2543 1081 2574 assumpta
1106 2548 1164 2568 mea
1177 2549 1259 2568 carne
1272 2542 1365 2574 voluit,
1380 2547 1407 2568 ut
1420 2541 1452 2569 ab
1471 2548 1573 2569 attento
1594 2543 1654 2576 igne
1666 2542 1731 2568 Πυν-

944 2589 1018 2611 raret
1035 2593 1042 2611 :
1058 2594 1067 2610 ε
1088 2585 1120 2612 Et
1131 2593 1181 2617 ego
1198 2593 1292 2614 servus
1310 2591 1371 2613 tuus
1379 2586 1411 2613 θ’,
1429 2595 1438 2611 ι
1454 2586 1523 2614 Vere
1537 2587 1570 2613 de
1585 2594 1614 2613 se
1640 2586 1728 2613 Elias:

943 2630 1013 2664 quod
1054 2630 1086 2657 ad
1125 2632 1267 2659 sublimem
1292 2640 1402 2660 sensum
1419 2632 1442 2659 si
1459 2632 1592 2666 trahatur,
1618 2632 1729 2658 nimum

1272 2721 1296 2738 "‘
1312 2722 1344 2749 IV
1359 2723 1424 2757 Reg.
1438 2731 1464 2756 v,
1479 2723 1519 2751 I0.

1334 2758 1356 2773 '°
1371 2757 1438 2785 Ibid.
1454 2759 1498 2786 5‘2.

1123 2791 1146 2808 ³⁵
1160 2792 1192 2818 lIl
1212 2792 1279 2826 Reg.
1293 2800 1368 2824 xvnt.
1385 2793 1429 2820 54.

1570 2725 1592 2740 η
1612 2723 1642 2750 tv
1662 2724 1726 2759 Reg.

1563 2760 1584 2776 ³¹
1608 2759 1641 2787 111
1660 2759 1726 2792 Reg.

1476 2794 1499 2810 “
1517 2794 1612 2823 Matth.
1631 2802 1726 2828 xxvut,

1751 300 1774 319 ρ
