1955 3080
252 149 307 179 879

251 208 339 235 ιιιιά.ιι
364 209 407 236 sit.
422 209 486 236 Nam
509 210 559 238 etsi
576 211 684 245 quidam
705 221 756 240 non
769 213 933 248 dubitarunt,
954 222 1034 250 atque
1050 221 1072 248 Α

250 255 307 280 ausi
334 254 400 281 adeo
422 259 484 281 sunt
513 256 674 285 confirmare
698 267 730 286 ex
748 259 846 288 Christi
863 269 978 295 persona
991 263 1031 289 di-

248 306 332 331 ciuiu,
345 300 463 334 scilicet:
476 310 486 326 ι
503 300 570 334 Quia
584 310 634 337 ego
648 311 743 332 servus
768 310 839 337 tuus,
854 312 880 332 et
897 307 967 334 tilius
981 315 1029 334 an-

245 345 312 372 cilla:
326 350 378 372 ture
395 345 433 372 “z
450 346 476 373 in
489 352 578 374 mente
590 348 653 376 illud
665 349 793 377 habentes
805 360 812 378 :
826 360 836 376 ε
850 350 928 379 Pater
943 353 1028 386 major

245 398 287 416 me
300 394 342 415 est
358 389 390 421 ",
416 399 425 416 ι
448 395 476 417 at
490 391 574 419 multo
583 392 641 427 plus
657 395 769 422 interest
780 396 945 424 discriminis
957 397 1028 425 inter

242 435 389 462 dominium
399 442 426 463 et
433 439 598 470 servitutem,
609 447 689 474 quam
711 448 819 468 causam
832 448 859 468 et
873 448 1024 471 causatum.

242 482 332 513 Quare
345 481 477 510 silendum
491 485 590 519 potius,
604 493 635 512 ac
646 487 870 514 considerandum
881 493 932 520 est,
945 497 1024 522 quam

241 528 387 561 curiosius,
410 537 459 556 nec
484 530 550 556 citra
576 531 724 564 periculum
752 533 920 566 agitandum.
950 544 959 560 ε
991 535 1024 562 Et

240 577 349 606 propter
376 577 401 600 te
421 573 477 600 hinc
488 574 577 600 omnia
594 574 643 601 feci
656 574 689 602 ".
705 584 714 600 i
731 575 844 610 Propter
871 582 908 609 te.
926 578 1022 614 inquit,

241 617 266 642 in
292 624 398 644 crucem
424 625 482 644 sum
507 617 617 645 sufﬁxus
633 627 640 646 :
657 628 668 644 ε
693 619 726 647 Ut
742 628 906 656 cognoscam
922 629 1023 656 te,'so-

240 663 291 688 lum
323 662 404 689 Deum
433 670 535 696 verum,
563 668 591 691 et
614 672 694 699 quem
716 667 811 694 misisti
832 666 922 695 Iesum
942 669 1021 697 Cliri-

237 713 318 734 stum.
345 717 354 734 i
371 708 403 734 Et
419 716 524 736 rursum
541 718 547 736 :
565 719 575 736 ‹
591 710 664 745 Opus
675 714 868 747 consummavi,
891 716 961 748 quod
975 715 1022 742 dc-

237 753 299 779 disti
317 753 392 786 mihi,
406 758 435 780 ut
448 753 544 782 faciam
561 755 596 783 δι.
612 765 621 782 i
640 771 674 776 —
689 765 699 783 ι
720 757 753 784 Ει
768 763 795 784 ιιι
804 761 958 787 convertisti
974 769 1022 789 cor

236 799 326 833 populi
356 799 437 834 hujus
456 805 515 835 post
530 805 554 828 te
578 802 611 829 ‘“.
634 811 643 828 ι
659 801 811 830 Iudaeorum
828 806 976 833 caecitatem
993 811 1020 834 et

235 845 414 880 pervicaciam
443 851 528 880 notat,
557 849 781 882 quemadmodum
806 851 871 877 etin
891 859 972 879 cruce
983 853 1021 879 ait

237 891 382 919 Dominus:
403 901 413 917 ί
437 891 527 925 Pater,
540 893 645 921 dimitte
662 894 715 922 illis
731 904 738 922 :
755 903 807 922 non
826 897 897 924 enim
920 899 1020 931 sciunt,

234 936 297 969 quid
318 936 418 963 faciunt
443 938 543 964 ".—t
564 938 596 966 Et
620 941 716 967 cecidit
729 942 798 976 ignis
822 949 835 969 a
853 941 966 970 Domino
985 943 1020 970 de

234 983 302 1009 melo
320 982 370 1009 ⁵⁷.»
386 983 486 1010 Videtis
503 984 676 1012 humanitatis
686 985 785 1013 Christi
806 987 1019 1015 absolutionem?

231 1028 345 1055 (Ζιιιιῑιιις
371 1028 497 1063 delapsus
510 1029 579 1063 ignis
591 1029 740 1058 divinitatis
755 1033 913 1060 descensum
941 1041 1019 1061 nion-

232 1080 310 1106 s'rai,
340 1074 376 1100 uti
401 1074 510 1108 quidam
525 1075 597 1102 inter
614 1081 720 1104 nostros
741 1078 830 1112 magni
845 1079 961 1106 nominis
977 1079 1018 1106 iti-

232 1120 291 1153 i;tiit
306 1128 313 1146 :
331 1128 341 1144 ί
363 1121 432 1146 Deus
443 1126 535 1147 noster
551 1122 620 1155 ignis
633 1127 691 1156 est;
705 1127 732 1149 et
745 1124 852 1158 quidem
874 1125 943 1158 ignis
953 1132 1018 1152 con-

231 1173 342 1192 sumens
370 1165 394 1182 ι’
412 1175 421 1191 i
438 1165 549 1201 ﬂagitia.
566 1176 576 1192 ι
592 1166 625 1193 Et
634 1167 775 1196 devoravit
798 1170 969 1204 holocausta,
989 1176 1018 1199 et

232 1210 313 1244 ligna,
341 1215 369 1237 ct
396 1217 494 1246 aquam
525 1211 650 1244 allusam,
674 1217 702 1240 et
727 1221 824 1248 aquam
837 1215 862 1242 in
884 1216 973 1242 mari:
990 1221 1017 1243 et

232 1255 345 1290 lapides,
364 1261 391 1284 ct
417 1261 516 1284 terrain
531 1257 610 1286 Iinxit
636 1259 714 1294 ignis.
733 1269 743 1286 ι
773 1260 829 1288 lloc
845 1266 1015 1296 peccatorum

229 1300 440 1327 internecionem
483 1306 563 1335 atque
610 1302 838 1332 oblitterationein
873 1305 1014 1340 designat.

232 1353 242 1370 ε
269 1343 304 1371 Ει
325 1345 422 1372 cecidit
440 1347 527 1373 omnis
542 1348 655 1381 populus
672 1348 700 1376 in
715 1348 810 1376 faciem
828 1358 917 1382 suam,
933 1356 960 1378 et
975 1352 1016 1378 di-

229 1390 267 1416 xit
285 1399 292 1417 :
309 1389 380 1423 Vere
404 1391 533 1419 Dominus
554 1392 625 1420 Deus
651 1393 708 1428 ipse
724 1399 765 1422 est
789 1395 858 1423 Deus
870 1395 904 1422 δ’.
926 1406 934 1421 i
947 1396 1013 1424 Nam

227 1436 298 1463 obita
310 1436 383 1463 vitali
396 1442 490 1470 morte,
502 1439 624 1466 centurio
651 1444 678 1466 et
688 1440 712 1467 ei
724 1445 854 1473 astantes,
870 1441 1013 1469 Dominum

229 1485 349 1509 nostrum
361 1481 451 1510 Iesum
462 1482 601 1511 Christum
619 1491 682 1512 vere
695 1484 739 1512 Dei
756 1485 851 1513 Filium
873 1488 1010 1515 dixerunt.

227 1526 281 1554 Nec
295 1527 331 1554 illi
351 1528 448 1560 solum,
461 1528 507 1556 sed
520 1530 632 1563 apostoli
649 1538 756 1566 quoque
777 1537 837 1567 post
849 1534 1010 1568 supplicium
1025 1556 1047 1568 ,,

190 1586 196 1590 -
226 1573 290 1600 facti
302 1574 523 1602 coiilirmatiores.
541 1575 677 1611 Siquidem
691 1577 729 1604 ait
742 1577 876 1606 dilectus:
894 1589 904 1605 ί
920 1579 1012 1614 Neque

225 1620 297 1646 cnim
317 1619 413 1647 fratres
428 1619 486 1653 ejus
499 1621 644 1649 credebant
659 1623 685 1649 in
701 1630 762 1650 eum
774 1624 808 1652 ⁸ο.
827 1634 836 1651 i
851 1626 920 1659 Quin
936 1628 1010 1656 orbis

225 1666 291 1692 adeo
320 1671 453 1693 terrarum
477 1667 560 1694 multo
585 1669 670 1703 magis
695 1668 830 1705 Uuigeniti
846 1674 1009 1706 praeconium

225 1719 285 1749 quin
303 1711 394 1739 lit-tilia
406 1714 533 1748 suscepit,
543 1718 571 1741 ut
584 1714 656 1742 deeo
672 1716 775 1750 prolixe
785 1722 899 1745 testatur
911 1720 1008 1749 Isaias:

228 1753 237 1782 ἀ
266 1756 449 1784 Ambulabunt
464 1758 491 1784 in
504 1766 534 1785 ea
550 1759 673 1794 (scilicet
693 1760 889 1799 Hierosolyma)
903 1766 1010 1792 redem-

224 1801 261 1836 pti
285 1810 299 1828 a
315 1801 428 1830 Domino
456 1804 586 1838 (pretioso
603 1807 754 1843 sanguine),
776 1812 804 1835 et
819 1816 1010 1839 convertentur

224 1851 251 1874 ct
271 1848 378 1875 venient
389 1848 415 1875 in
438 1847 504 1876 Sion
521 1850 554 1877 '“.
570 1860 580 1876 ι
598 1850 626 1878 ld
639 1857 690 1886 est,
708 1853 742 1881 ab
753 1861 867 1882 erronea
879 1857 1008 1892 supersti-

224 1893 307 1924 tione,
332 1893 385 1921 laeti
401 1898 481 1929 atque
493 1901 605 1924 ovantes
620 1898 653 1925 ad
678 1898 814 1927 Christum
829 1902 946 1936 venient,
960 1910 1009 1938 per

222 1937 281 1971 t'jus
296 1940 521 1967 resurrectionem
539 1942 713 1970 constabiliti.
749 1954 759 1970 ‹
777 1945 810 1973 Et
829 1946 919 1974 laetitia
937 1937 1008 1976 seni-

224 1982 329 2016 piterna
355 1990 436 2017 super
463 1989 544 2019 caput
570 1993 675 2014 eorum.
698 1996 707 2012 i
722 1988 892 2023 Gaudebunt,
909 1991 1007 2026 inquit,

221 2033 301 2060 super
318 2028 456 2061 agnitione
466 2030 507 2056 sui
519 2030 626 2064 capitis,
636 2032 681 2066 qui
701 2031 825 2062 Christus
835 2040 887 2063 est.
905 2046 915 2062 ι
933 2036 1007 2066 Gau-

219 2071 292 2098 dium
311 2077 338 2099 et
361 2072 481 2100 lietitiam
507 2075 688 2104 obtinebunt:
706 2087 716 2104 i
734 2079 759 2106 id
773 2084 825 2112 est,
854 2081 907 2109 laeti
926 2088 1007 2118 atque

219 2115 397 2145 exultabundi
425 2124 587 2149 assertorem
611 2130 689 2150 suum
713 2126 906 2159 praedicabunt.
934 2137 943 2155 ε
963 2115 1006 2156 -Ει

219 2161 304 2196 fugiet
314 2163 389 2191 dolor
398 2169 425 2192 et
440 2167 556 2200 gemitus
567 2168 600 2194 δ’.
619 2178 628 2194 i
653 2169 778 2199 Dolorem
800 2173 901 2201 nullum
925 2180 1005 2211 atque

218 2209 346 2243 gemitum
371 2211 398 2237 in
427 2211 460 2239 iis
489 2213 621 2248 reliquum
642 2216 699 2244 fore
722 2219 874 2252 confirmat,
888 2209 1001 2256 quorum
1018 2223 1040 2252 υ

217 2261 298 2288 super
320 2255 406 2290 capite
434 2257 559 2292 gaudium
573 2267 693 2294 perenne
709 2264 754 2289 sit.
768 2262 824 2291 Nec
842 2255 905 2292 vero
918 2267 1003 2294 otiose

216 2298 304 2325 dixit:
323 2308 332 2325 ε
369 2307 449 2336 super
476 2308 566 2338 caput,
593 2314 602 2330 ι
625 2307 672 2333 sed
695 2313 722 2334 ut
735 2310 859 2342 gaudium
882 2312 1001 2340 omnium

215 2344 375 2377 gaudiorum
403 2347 649 2378 eminentissimum
679 2353 839 2383 declararet.
863 2356 939 2389 Quod
955 2360 1002 2385 ad-

216 2389 255 2415 dit
268 2397 276 2416 :
291 2398 300 2415 t
314 2389 415 2418 Laetitia
427 2393 600 2428 sempiterna,
616 2405 625 2421 i
635 2397 661 2424 id
674 2405 706 2424 eo
718 2401 843 2433 pertinet,
856 2410 888 2429 ne
900 2403 925 2429 id
938 2412 1001 2438 gau-

214 2435 299 2469 dium,
317 2437 451 2471 baptismi,
465 2440 584 2474 iuquain,
607 2445 719 2476 gratiam
738 2448 865 2474 caducam
885 2457 916 2477 ac
926 2435 998 2477 igni-

214 2483 348 2516 porariaiu
378 2486 513 2520 crederes,
537 2489 584 2516 sed
615 2497 732 2524 perenne
753 2501 783 2519 ac
794 2497 996 2530 sempiternum.

214 2527 280 2555 Nam
311 2534 341 2556 iit
362 2531 436 2564 prior
458 2532 577 2562 Adamus
600 2537 719 2564 violanda
745 2538 804 2574 lege
823 2527 996 2576 temporalem

213 2575 289 2602 nobis
313 2582 428 2604 mortem
441 2579 611 2614 conciliavit»;
639 2582 674 2608 ita
689 2588 713 2609 et
725 2583 859 2620 Christus,
872 2575 915 2622 qui
929 2589 997 2617 alter

211 2626 251 2648 est
275 2621 403 2656 Adanitis,
417 2624 475 2652 sine
489 2625 553 2652 vitio
566 2632 734 2662 corporatus,
758 2621 903 2664 perennem
916 2640 996 2670 atque

210 2666 392 2702 incorruptam
422 2670 650 2700 immortalitatem
679 2676 801 2703 contulit.
817 2679 855 2705 Ac
870 2666 993 2710 vclutsc-

242 2779 264 2794 δ’
283 2779 353 2819 ξεν-Ι.
367 2789 431 2815 cxv,
453 2783 495 2811 I6.
532 2784 555 2800 ¹⁸¹
569 2784 646 2813 Joan.
660 2795 716 2819 xiv,
731 2789 776 2817 28.

208 2812 254 2859 ΞἹ.
272 2814 396 2859 θέης.
411 2812 495 2859 ιι⁷ιιιιιἈ
511 2819 566 2859 διεΔ
582 2812 746 2859 ᾖ]ιίᾞῦεῇ

209 2827 254 2839 .u.
294 2827 312 2830 -—
331 2827 396 2843 LUC.
411 2827 486 2849 iniit,
511 2827 556 2846 oo.
594 2827 615 2836 ”
636 2827 746 2859 ttlttcg.
771 2833 847 2858 iti'iit,
866 2827 909 2855 58.

206 2845 234 2873 5.
272 2848 293 2863 "
309 2848 362 2876 lsa.
380 2859 459 2884 inv,
480 2853 506 2880 9.
545 2855 566 2870 "
581 2854 647 2884 ibid.
666 2858 709 2885 10.
761 2859 784 2876 ⁸³
799 2861 886 2885 Galat.

854 158 1064 189 ANDRONICI
1084 161 1256 193 COMNENI

815 2790 838 2807 “
857 2791 889 2818 ΙΙΙ
911 2794 975 2830 Reg.
993 2805 1070 2831 xviii,
1093 2800 1136 2827 56.

820 2833 836 2846 ιι
866 2827 900 2846 KR
950 2831 972 2846 ιο
990 2833 1052 2846 nn...

771 2833 847 2858 iti'iit,
866 2833 909 2855 οδ.
950 2833 972 2846 ⁸⁸
990 2833 1065 2860 Deut.
1080 2842 1122 2867 iv,
1139 2835 1183 2864 24.

761 2859 784 2876 ⁸³
799 2861 886 2890 Galat.
908 2873 946 2899 iii,
972 2866 1017 2894 27.
1069 2870 1091 2885 °‘
1114 2870 1178 2898 Luc.

1818 175 1879 207 £80

1087 221 1203 247 cundum
1226 229 1324 257 corpus
1339 230 1482 254 nascentes
1492 229 1629 257 terrestris
1642 230 1788 265 imaginem
1810 234 1879 261 tuli-

1086 272 1164 298 mus;
1187 267 1226 294 sic
1243 275 1290 301 per
1309 269 1470 303 baptismum
1490 274 1615 306 recreati,
1637 276 1754 304 caelestis
1775 278 1879 314 imagi-

1083 317 1144 336 ncin
1184 311 1345 341 induimus:
1377 323 1387 340 ‹
1417 315 1575 352 Quicunque
1614 321 1686 348 enim
1708 321 1734 348 in
1759 311 1878 351 Christo

1082 355 1208 390 baptizati
1217 359 1295 393 estis,
1306 360 1444 388 Christum
1457 362 1581 392 iuduistis
1594 365 1627 392 ⁵³.
1644 375 1654 392 ι

1115 417 1204 450 Atque
1214 417 1271 444 ha'c
1280 418 1347 446 satis
1359 426 1419 446 esse
1435 420 1468 447 de
1485 421 1617 456 baptismo
1639 423 1775 451 existimo.
1791 424 1875 458 Quod

1078 461 1101 487 si
1126 462 1198 488 enim
1214 470 1246 491 cx
1272 463 1314 490 his
1335 464 1477 492 veritatem
1509 475 1562 494 non
1585 468 1752 502 percepistis,
1780 478 1831 497 iirc
1849 471 1875 497 si

1078 506 1153 540 plura
1173 507 1304 535 addamus
1322 510 1441 543 quidem,
1462 507 1625 547 percipietis.
1652 514 1680 541 Id
1697 516 1764 542 adeo
1778 515 1875 544 Domi-

1078 560 1129 578 nus
1148 552 1315 587 significans,
1339 555 1373 582 de
1394 556 1469 583 vobis
1480 558 1622 586 conﬁrmat
1638 568 1645 586 :
1665 569 1674 585 ε
1692 560 1720 587 Si
1735 560 1826 588 Mosen
1842 568 1873 589 et

1076 598 1223 631 prophetas
1250 607 1302 626 non
1328 602 1451 634 audiunt,
1479 611 1567 638 neque
1595 604 1618 631 si
1631 605 1690 638 quis
1709 613 1742 633 ex
1755 607 1873 634 mortuis

1077 645 1268 677 resurrexerit,
1300 647 1409 674 credent
1424 649 1459 675 ‘“.
1477 658 1486 674 ι
1503 649 1594 684 Itaque
1619 657 1647 678 et
1667 659 1716 679 nos
1746 653 1872 687 disputa-

1076 688 1178 716 tionem
1195 691 1228 717 dc
1237 691 1370 724 baptismo
1381 694 1567 721 terminemus.

1108 745 1170 774 Jun.
1185 747 1285 782 Ecquid
1304 757 1367 776 vero
1378 750 1503 784 prohibet
1530 751 1639 780 Christo
1663 753 1741 780 Iidem
1755 754 1867 787 habere,

1073 798 1191 826 eumque
1209 795 1411 826 verum-Deum,
1428 801 1455 822 et
1468 795 1514 823 Dei
1535 796 1643 831 Filium,
1668 799 1790 832 ejusdem
1802 808 1867 827 cum

1074 836 1154 865 Patre
1178 843 1292 871 naturae,
1314 841 1447 874 confiteri,
1469 847 1549 877 atqtic
1580 843 1688 871 interim
1715 844 1867 872 Mosaicatn

1038 897 1058 924 Β
1074 890 1180 917 quoque
1205 884 1289 918 legent
1321 887 1388 912 tueri
1421 895 1454 913 ac
1477 889 1614 921 retinere;
1643 895 1673 916 ut
1694 891 1719 917 in
1735 893 1866 919 otnnibus

1073 932 1216 962 utrumque
1236 936 1342 957 servem
1366 935 1395 958 et
1426 933 1587 966 amplectar,
1625 934 1732 961 futurus
1745 937 1864 964 duorum

1071 975 1205 1003 bonorum
1230 979 1368 1005 consors?
1390 978 1506 1007 Omnino
1530 980 1628 1007 nullam
1655 989 1687 1008 ca
1712 990 1755 1009 res
1784 983 1865 1010 nobis

1072 1023 1307 1055 reprehensionem
1332 1023 1432 1057 inuret,
1466 1033 1552 1060 neque
1577 1027 1701 1055 dicturus
1726 1029 1863 1063 estquis-

1070 1073 1161 1100 quam,
1182 1069 1253 1102 quod
1267 1068 1368 1096 bonum
1385 1075 1436 1101 est,
1449 1070 1474 1097 id
1483 1071 1582 1098 bonum
1593 1079 1646 1099 non
1665 1080 1737 1100 esse.

1103 1121 1216 1149 Cnnis'r.
1241 1122 1312 1150 Sane
1332 1124 1405 1151 cnim
1436 1125 1553 1160 perbene
1566 1132 1616 1160 est,
1635 1127 1657 1155 si
1674 1136 1726 1154 non
1742 1129 1860 1156 duorum

1069 1167 1159 1200 modo,
1182 1168 1229 1195 sed
1254 1168 1336 1196 etiam
1351 1169 1466 1204 plurium
1498 1171 1628 1199 honorum
1647 1178 1804 1200 consortem
1835 1179 1862 1201 te

1068 1218 1192 1246 praestes.
1217 1212 1269 1241 Sed
1297 1221 1345 1241 nec
1370 1215 1512 1249 utriusque
1533 1217 1655 1244 notitiam
1667 1225 1767 1252 capere
1782 1225 1861 1253 pote-

1068 1258 1130 1290 stis,
1147 1265 1196 1284 nec
1210 1263 1365 1286 sanctorum
1377 1260 1519 1294 quisquam
1536 1261 1561 1288 id
1584 1262 1727 1296 permittit,
1739 1269 1786 1290 aut
1801 1264 1861 1297 ipse

1068 1302 1094 1328 in
1107 1302 1200 1336 primis
1213 1302 1347 1336 Christus,
1360 1300 1436 1338 cujiis
1447 1305 1504 1331 haec
1516 1307 1649 1333 sententia
1658 1312 1701 1334 est
1717 1316 1725 1334 :
1746 1317 1756 1333 ι
1773 1307 1860 1335 Nemo

1065 1353 1155 1382 potest
1164 1348 1268 1376 duobus
1279 1349 1394 1377 dominis
1407 1351 1509 1378 servire
1524 1360 1531 1378 :
1544 1357 1590 1378 aut
1604 1353 1676 1378 enim
1696 1360 1778 1379 unum
1792 1353 1859 1380 odio

1067 1394 1190 1426 habebit,
1219 1398 1246 1421 et
1277 1393 1392 1421 alterum
1419 1395 1586 1430 diliget;aut
1597 1404 1678 1424 unum
1701 1398 1858 1430 sustinebit,

1065 1447 1092 1469 et
1106 1443 1217 1469 alterum
1229 1446 1384 1470 contemnet
1397 1444 1429 1470 ⁵⁵.
1446 1453 1455 1469 ι
1469 1443 1602 1472 Praeterea
1615 1445 1712 1473 bonum
1723 1447 1870 1489 liactcniis‘

1065 1486 1166 1513 bonum
1188 1491 1240 1518 est,
1262 1487 1285 1514 si
1314 1487 1393 1521 alteri
1417 1488 1487 1516 bono
1500 1497 1551 1516 non
1563 1490 1598 1516 sit
1613 1491 1711 1523 fraudi,
1725 1496 1809 1526 atque
1820 1493 1856 1520 ad

1065 1533 1178 1566 potioris
1202 1533 1407 1561 dissolutionem
1433 1540 1628 1570 comparatum.
1641 1536 1688 1563 Sin
1702 1543 1797 1565 contra
1812 1538 1856 1565 fa-

1063 1578 1126 1610 ciat,
1160 1578 1257 1612 poterit
1273 1579 1416 1613 idqttidem
1452 1579 1567 1608 fortasse
1595 1582 1730 1609 nonnullis
1752 1583 1855 1610 bonum

1062 1624 1160 1656 videri,
1186 1624 1289 1652 functio
1312 1630 1385 1652 certe
1396 1633 1565 1660 nequaquam
1579 1627 1649 1654 bona
1668 1633 1718 1656 est.
1740 1628 1809 1655 Nam
1826 1635 1855 1658 et

1063 1670 1239 1704 philosophus
1253 1671 1362 1704 quidam
1375 1671 1474 1698 bonum
1488 1678 1581 1699 censet
1598 1680 1649 1700 non
1664 1679 1725 1701 esse
1739 1673 1854 1705 bonum,

1061 1715 1085 1742 si
1116 1722 1149 1742 eo
1165 1715 1232 1742 bene
1248 1723 1300 1743 non
1326 1716 1449 1751 fungare.
1473 1715 1533 1744 Jain
1558 1725 1621 1744 vero
1639 1722 1667 1745 ut
1689 1725 1743 1744 non
1762 1720 1854 1746 omnis

1063 1760 1195 1788 dissensio
1222 1761 1351 1796 pessima,
1369 1763 1416 1789 sed
1433 1762 1565 1789 interdum
1591 1763 1659 1790 adeo
1674 1763 1774 1796 optima
1790 1769 1831 1790 est
1842 1772 1852 1791 :

1061 1805 1098 1832 ita
1111 1813 1164 1832 non
1176 1806 1264 1833 omnis
1278 1807 1422 1833 concordia
1438 1807 1550 1841 optima,
1570 1807 1635 1842 quin
1648 1812 1675 1834 et
1690 1807 1851 1841 plerumque

1061 1851 1252 1879 nocentissima
1268 1857 1320 1879 est.-
1338 1852 1391 1879 Sed
1411 1852 1508 1886 utcjus
1533 1854 1672 1880 sententiae
1683 1854 1737 1880 vim
1768 1861 1851 1887 aper-

1061 1897 1114 1925 tius
1129 1897 1280 1931 ostendam,
1297 1898 1405 1926 tentabo
1418 1905 1473 1926 rem
1486 1899 1617 1934 exemplis
1629 1899 1779 1927 declarare.

1327 1984 1441 2012 CAPUT
1454 1984 1568 2013 XLVIII.

1176 2065 1252 2101 Legis
1271 2065 1369 2093 Christi
1382 2074 1441 2093 cum
1460 2066 1532 2095 More
1553 2069 1723 2102 comparatio.

1091 2140 1157 2168 Tres
1181 2141 1254 2176 teges
1275 2138 1324 2168 SS.
1342 2140 1483 2169 Trinitatis
1501 2142 1628 2177 majestas
1643 2144 1782 2177 prodidit:
1796 2152 1846 2171 na-

1057 2186 1180 2219 turalem,
1204 2189 1329 2220 scriptam
1367 2192 1394 2214 et
1410 2187 1567 2221 spiritalem.
1591 2187 1687 2215 Earum
1710 2190 1844 2218 naturalis

1055 2232 1140 2258 instar
1150 2236 1191 2258 est
1206 2231 1346 2258 domestici
1360 2231 1440 2266 ignis.
1455 2231 1522 2259 Nam
1538 2241 1598 2260 cum
1619 2233 1692 2268 prius
1709 2234 1735 2261 in
1749 2242 1838 2269 poste-

1055 2276 1157 2302 riorum
1180 2276 1295 2302 duarum
1314 2277 1482 2312 ignoratione
1500 2277 1620 2305 homines
1637 2279 1776 2314 degerent,
1793 2288 1844 2308 ita-

1054 2322 1132 2348 turali
1159 2322 1227 2357 lege,
1238 2323 1314 2357 quasi
1341 2324 1458 2357 quodam
1472 2324 1619 2351 domestico
1630 2325 1700 2358 igne,
1716 2325 1842 2361 aliquan-

1055 2369 1137 2403 tisper
1150 2369 1386 2396 coltustrabauiur.
1405 2369 1583 2397 Deindeedita
1600 2371 1700 2405 scripta
1710 2375 1762 2403 est,
1777 2379 1842 2406 quae
1869 2405 1872 2406 ν

1054 2414 1147 2440 umbra
1180 2414 1301 2447 quaedam
1330 2419 1411 2448 atque
1438 2414 1589 2448 exemplum
1611 2419 1684 2442 esset
1696 2415 1838 2450 spiritalis,

1052 2459 1121 2486 luna:
1160 2464 1314 2492 comparata
1344 2459 1448 2487 lumini.
1472 2458 1596 2486 Caelestis
1622 2465 1711 2487 autem
1734 2461 1778 2487 illa
1810 2467 1838 2489 et

1052 2505 1192 2540 spiritalis,
1223 2510 1304 2539 atque
1330 2513 1344 2531 a
1364 2513 1426 2532 vero
1442 2505 1555 2540 justitiie
1566 2505 1629 2533 Sole
1644 2506 1775 2540 profecta,
1792 2514 1838 2533 su-

1050 2558 1096 2584 per
1107 2550 1189 2577 solent
1206 2549 1314 2580 effulsit,
1332 2555 1359 2576 et
1380 2551 1516 2577 hominum
1533 2556 1637 2577 mentes
1649 2551 1764 2584 quadam
1775 2554 1837 2577 tat.-

1048 2603 1126 2629 quain
1156 2595 1214 2622 luce
1225 2600 1304 2628 atque
1322 2594 1418 2628 iubare
1430 2595 1557 2629 perfudit,
1573 2597 1607 2622 ad
1629 2596 1754 2630 viamque
1765 2597 1836 2624 veri-

1048 2641 1110 2668 tatis
1129 2642 1245 2667 deduxit.
1276 2641 1360 2675 Igitur
1392 2642 1477 2667 bonus
1496 2645 1538 2667 est
1562 2646 1590 2668 et
1615 2642 1780 2670 domesticus
1805 2643 1833 2669 in

1049 2686 1167 2713 tenebris
1180 2694 1312 2720 apparens
1323 2687 1406 2720 ignis,
1422 2689 1467 2715 sed
1483 2688 1577 2716 melior
1589 2689 1674 2722 lunae;
1694 2691 1760 2719 solis
1770 2696 1833 2720 iero

1189 2801 1211 2817 “
1231 2801 1310 2828 Juno.
1347 2811 1412 2831 xvii.
1435 2804 1462 2837 5,
1484 2805 1510 2832 4.
1565 2805 1588 2821 ⁸⁵
1603 2805 1634 2832 tll
1659 2805 1724 2839 lteg.
1752 2814 1832 2836 xviii.

1231 2839 1253 2853 "
1273 2837 1306 2864 ΙΙΙ
1321 2837 1386 2871 Reg.
1399 2847 1476 2871 xvui,
1490 2840 1534 2872 58,
1555 2841 1599 2868 59.
1639 2842 1662 2857 ⁸⁸
1677 2842 1757 2870 Joati.
1782 2849 1831 2871 Vlla

1069 2870 1091 2885 °‘
1114 2870 1178 2898 Luc.
1200 2880 1254 2907 xvi,
1269 2873 1314 2900 5t.
1353 2870 1377 2889 ’δ
1396 2870 1491 2902 Manli.
1507 2870 1544 2908 vi,
1567 2877 1608 2903 lt.
