1955 3080
93 184 147 216 881

624 185 817 215 DIALOGUS
830 184 981 214 CONTRA
999 186 1158 216 JUDAEUS

1665 184 1719 216 882

95 243 188 270 multis
198 243 320 279 partibus
329 243 443 276 clarior,
455 238 555 278 quippe
565 245 885 279 utrumqueobfuseans;
901 247 923 273 Δ
937 245 995 273 dies
1007 246 1127 277 venient,
1142 245 1208 272 dicit
1227 246 1357 273 Dominus
1369 255 1377 273 ;
1392 250 1419 273 et
1439 246 1533 273 feriant
1546 245 1638 272 domui
1652 243 1720 272 Jnda

94 296 222 317 caeterum
249 290 416 324 illejustitiae
436 288 507 317 Solis
522 289 565 316 vel
577 289 666 324 ipsum
685 290 769 317 solem
784 290 887 317 exstin-

95 336 163 369 guit.
182 335 240 363 Nec
251 335 362 369 injuria,
379 334 511 368 siquidem
525 342 593 370 opus
601 342 682 362 omne
705 335 887 370 ceditopiliri.

96 385 134 407 Ac
147 380 373 415 quemadmodum
388 380 444 414 Ml)
455 380 568 408 meridie
576 381 720 413 constanti,
740 381 882 414 splendide

95 425 248 453 collucente
278 425 347 457 sole,
372 425 515 452 domestici
529 426 600 461 ignis
627 433 693 454 usus
707 433 761 454 non
774 426 888 458 est;sie

102 476 278 506 p'-steaquam
296 471 408 505 justiti:
433 470 479 498 Sol
505 470 603 505 illuxit,
634 475 661 499 et
673 472 767 506 gratia;
787 471 888 499 veritas

95 523 136 544 est
157 518 274 550 detecta,
293 522 347 543 tum
363 517 570 549 naturalis,tum
587 518 686 553 scripta
702 517 744 545 lex
770 518 884 552 abroga-

97 569 140 590 t:c.
161 563 201 590 Ad
214 562 338 590 eumdem
349 562 456 590 modum
471 563 556 598 legale
570 563 685 595 Pascha,
701 569 729 590 ut
745 563 887 598 theologus

96 609 209 644 quidam
226 612 334 636 nostras
348 609 396 641 ait,
408 608 523 642 exempli
550 609 702 643 exemplum
714 613 774 636 erat
789 608 886 636 obscu-

96 654 166 681 rius.
193 652 253 680 Jam
282 653 393 686 Paulus,
418 653 469 680 mei
494 653 597 681 Christi
628 661 671 687 os,
689 653 885 687 Benjamiuensi

100 699 174 725 tribu
188 703 274 730 ortus,
287 699 457 733 aliquatenus
473 706 521 726 nos
543 699 645 731 videre,
673 704 700 726 et
715 699 886 734 aliquatenus

97 744 241 770 vaticinari
256 744 420 777 docet"'";
436 750 463 771 at
478 752 538 772 eum
552 745 712 772 successerit
724 744 884 779 perfectum,

97 794 154 816 tum
164 789 337 825 aliquatenus
350 791 400 817 hoc
415 790 530 818 deletum
546 790 591 819 iri.
607 791 699 824 Quare
711 796 741 818 ut
756 792 885 825 perfectae

95 833 169 860 illius
193 839 292 862 nostra:
319 835 523 862 restaurationis
551 836 646 863 umbra
664 843 696 864 ac
717 835 818 871 eﬂigies
831 841 884 868 est,

96 878 228 913 quidquid
248 879 274 906 in
293 880 382 908 medio
403 880 517 915 positum
537 885 591 913 est,
613 882 649 908 ita
663 888 728 909 sane
742 882 846 909 invecta
857 882 883 909 in

96 925 191 951 orbem
223 929 358 952 terrarum
390 926 504 961 spiritali
530 927 600 961 lege,
624 927 696 954 nulla
723 927 777 954 alia
804 934 886 961 porro

99 975 171 1002 opus
186 969 327 999 habemus.
351 969 443 1005 Neque
456 979 520 999 vero
533 973 576 999 vel
600 972 732 999 tantillum
757 972 886 1007 spiritalis

97 1021 112 1040 a
129 1015 230 1048 scripta
246 1016 394 1050 discrepat,
411 1017 477 1050 quin
494 1018 583 1051 potius
601 1018 743 1046 confirmat
758 1026 791 1046 ac
805 1018 886 1046 resti-

99 1059 168 1093 tuit;
186 1061 213 1088 id
229 1062 298 1095 quod
314 1066 428 1090 testatur
441 1069 466 1090 et
482 1064 655 1098 meusJesns,
672 1065 698 1092 in
709 1065 766 1093 hinc
780 1066 884 1093 verba:

101 1114 111 1131 t
131 1105 219 1134 Nolite
247 1114 352 1141 putare,
378 1112 507 1144 quoniam
531 1111 591 1138 veni
606 1111 710 1138 solvere
725 1111 822 1146 legem,
839 1116 885 1138 aut

97 1153 262 1186 prophetas;
289 1161 341 1181 non
371 1155 431 1182 veni
462 1156 578 1188 solvere,
592 1156 638 1184 sed
660 1157 807 1191 adimplere
820 1157 852 1184 ⁵⁸.
871 1166 881 1183 ι

99 1197 190 1232 Atque
207 1203 235 1225 ut
250 1200 407 1235 explicatius
419 1201 543 1234 videatis,
560 1203 626 1237 ipsis
636 1203 725 1230 verbis
739 1203 882 1230 veritatem

97 1247 262 1273 s‘atuamus.
289 1245 359 1280 Ergo
373 1250 400 1273 et
427 1246 506 1274 habet
520 1247 580 1274 lex'.
597 1256 607 1273 t
625 1248 692 1275 Audi
709 1247 792 1275 lsrael
806 1257 814 1275 :
829 1249 883 1276 Do-

98 1288 190 1316 minus
217 1288 287 1316 Deus
314 1294 385 1322 tuus,
414 1291 542 1319 Dominus
559 1300 627 1320 unus
647 1298 696 1320 est.
719 1293 817 1328 Diliges
835 1294 885 1320 Do-

97 1331 201 1359 minum
227 1332 310 1360 Deum
337 1339 410 1361 tuum
426 1343 458 1363 ex
485 1340 539 1363 tota
556 1337 645 1363 anima
660 1343 717 1368 tua,
739 1342 765 1364 et
780 1346 812 1364 ex
828 1342 883 1365 tota

97 1377 253 1405 fortitudine
278 1383 321 1406 tua
346 1385 417 1408 et'ex
447 1386 502 1409 tota
518 1387 607 1409 mente
619 1388 663 1409 tua
681 1383 715 1409 ".
735 1393 745 1409 ι
764 1382 797 1410 Ει
822 1392 882 1411 rur-

97 1431 157 1449 sum
175 1432 182 1451 :
209 1433 218 1449 t
238 1424 336 1459 Diliges
352 1426 504 1459 proximum
515 1431 588 1453 tuum
602 1427 674 1454 sicut
689 1427 803 1462 teipsum
819 1428 852 1454 “.
872 1438 882 1454 ι

97 1468 196 1495 Eadem
227 1468 283 1504 (42)
309 1478 375 1497 sane
405 1470 536 1499 Dominus
557 1476 584 1499 et
610 1472 637 1499 in
678 1473 764 1500 sancti
806 1473 884 1501 Luca:

99 1514 255 1548 Evangelia.
285 1515 377 1550 Neque
403 1516 459 1544 haec
485 1517 581 1550 solum,
597 1518 644 1545 sed
656 1518 729 1545 addit
744 1526 751 1545 :
770 1527 779 1544 ι
796 1518 825 1546 ln
841 1519 883 1547 his

939 289 1028 316 ftedus
1043 297 1160 317 novum:
1176 297 1229 316 non
1248 290 1397 317 secundum
1414 295 1533 324 pectunt,
1549 289 1620 324 quod
1633 289 1721 325 pepigi

938 342 1001 363 cum
1016 336 1137 369 patribus
1158 343 1252 362 eorum
1269 336 1296 362 in
1319 336 1363 363 die
1400 344 1452 370 qua
1476 336 1640 372 apprehendi
1664 342 1729 362 ma-»

939 389 1003 408 num
1020 389 1126 413 eorum,
1154 386 1184 408 ut
1197 384 1338 409 educerem
1355 388 1403 408 eos
1427 381 1461 408 de
1490 385 1566 409 terra
1588 379 1697 416 (Egypti
1713 388 1727 407 ε·

939 431 1046 461 pactum
1063 427 1135 461 quod
1153 427 1258 454 irritum
1275 427 1406 454 fecerunt.
1424 426 1455 453 Et
1469 434 1518 461 ego
1540 426 1645 461 neglexi
1659 433 1718 459 eos,

938 472 1003 500 dicit
1020 473 1159 500 Dominus.
1181 472 1235 500 Sed
1259 472 1310 499 hoe
1322 472 1374 499 erit
1398 476 1516 506 pactum,
1533 472 1603 506 quod
1624 471 1719 498 feriant

937 524 999 545 eum
1019 517 1100 546 domo
1127 517 1232 547 Israel:
1255 518 1320 546 Post
1341 517 1399 545 dies
1417 516 1487 549 illos,
1502 515 1568 544 dicit
1579 516 1738 549 Dominus,-.

938 563 1008 591 dabo
1022 557 1109 598 legem
1127 571 1214 592 nteant
1229 564 1257 592 in
1272 562 1423 591 visceribus
1435 570 1542 595 eorum,
1557 566 1586 589 et
1600 561 1626 588 in
1641 562 1722 589 corde
1737 566 1741 570 λ

937 617 1030 638 eorum
1059 610 1176 638 scribam
1194 617 1277 638 eam:
1300 616 1330 638 et
1343 617 1391 638 ero
1403 610 1444 638 eis
1470 609 1497 636 in
1513 608 1611 640 Deum,
1631 613 1659 637 et
1671 607 1720 642 ipsi

937 660 1016 683 erunt
1029 656 1096 683 mihi
1114 657 1140 683 in
1157 656 1297 691 populum.
1325 656 1360 683 Et
1383 662 1436 683 non
1458 654 1563 682 docebit
1578 653 1649 680 ultra
1680 652 1721 679 vir

936 703 1088 737 proximum
1104 711 1193 735 suum,
1219 707 1247 731 et
1276 703 1318 730 vir
1346 702 1457 732 fratrem
1484 709 1575 732 suum.
1607 701 1721 728 dicens:

936 747 1076 782 Cognosce
1090 747 1254 777 Dominum:
1285 754 1380 775 omnes
1395 747 1468 775 enim
1497 748 1665 780 cognoscent
1678 751 1721 772 me

936 801 952 821 a
967 793 1081 821 minimo
1092 800 1186 820 eorum
1197 800 1284 827 usque
1295 793 1329 820 ad
1344 792 1503 824 maximum,
1521 792 1558 819 ait
1568 791 1699 819 Dominus
1712 798 1720 818 :

936 839 998 873 quia
1012 838 1178 873 propitiabor
1191 838 1326 872 iniquitati
1335 845 1442 871 eorum,
1456 843 1484 865 et
1503 837 1607 872 peccati
1623 843 1718 864 eorum

937 891 990 911 non
1012 884 1186 911 memorabor
1209 883 1327 919 amplius
1342 883 1376 910 “.
1397 891 1414 909 »ι
1432 882 1464 910 Et
1479 889 1528 917 per
1549 881 1718 909 Ezechielem

938 928 1008 956 Deus
1021 937 1029 956 :
1044 938 1054 955 ι
1068 928 1241 957 Recordabor
1254 936 1303 964 ego
1319 928 1388 964 pacti
1407 928 1458 956 mei
1471 933 1559 956 tecum
1578 928 1605 954 in
1627 927 1721 955 diebus

936 975 1124 1004 adolescentia:
1142 980 1215 1002 tum:
1243 979 1271 1003 et
1287 974 1424 1002 suscitabo
1439 973 1486 1001 tibi
1516 977 1624 1007 pactum
1648 980 1721 1001 sem-

935 1022 1071 1056 piternum
1083 1021 1118 1048 “.
1135 1030 1146 1046 ι
1162 1019 1197 1048 Et
1210 1027 1315 1048 rursum
1329 1028 1337 1046 :
1359 1029 1369 1045 ι
1383 1019 1441 1047 Non
1472 1018 1623 1053 iactabitur
1639 1017 1718 1046 dein-

935 1070 998 1101 ceps
1020 1066 1072 1094 hoe
1097 1066 1287 1101 proverbium:
1317 1064 1360 1092 lle
1386 1065 1488 1092 scelera
1522 1068 1664 1098 parentum
1691 1062 1719 1090 in

936 1111 1006 1138 filios
1022 1114 1049 1139 et
1064 1111 1211 1146 abnepotes
1227 1103 1363 1145 persequi,
1393 1109 1440 1137 sed
1454 1108 1500 1143 qui
1517 1115 1597 1135 uvant
1609 1107 1715 1135 ederint

935 1158 1072 1188 acerbam,
1099 1163 1193 1184 eorum
1210 1156 1302 1183 dentes
1324 1155 1470 1189 stupebuut
1482 1154 1515 1180 "’.
1535 1162 1545 1179 ι
1563 1153 1596 1180 Et
1609 1152 1694 1180 Isaias
1709 1160 1716 1178 :

938 1212 947 1229 ι
965 1202 1062 1229 Vetera
1077 1201 1235 1234 ﬂuxerunt;
1262 1208 1331 1229 nova
1355 1207 1464 1236 quoque
1484 1206 1533 1233 ego
1559 1198 1715 1224 annuntio:

935 1253 1080 1283 antequam
1107 1249 1239 1279 oriantur.
1258 1247 1350 1274 audita
1366 1246 1442 1274 vobis
1455 1245 1551 1272 faciam
1571 1243 1604 1270 ³⁸.
1625 1252 1635 1269 ι
1653 1241 1717 1270 Haec

933 1294 1056 1321 elocutus
1070 1293 1202 1328 propheta
1220 1291 1329 1326 subiicit
1343 1300 1350 1320 :
1371 1299 1381 1317 ι
1395 1291 1507 1318 Cantate
1524 1288 1638 1315 Domino
1653 1294 1719 1315 can<

936 1339 1017 1367 ticum
1044 1346 1142 1366 novum
1159 1338 1192 1365 “.
1211 1347 1221 1364 ι
1246 1337 1381 1370 Quoniam
1407 1336 1479 1363 enim
1501 1339 1594 1362 vetera
1627 1332 1717 1360 ﬂuxe-

935 1389 1018 1418 runt;
1046 1389 1073 1413 et
1089 1391 1150 1419 qua:
1176 1384 1291 1412 obscure
1313 1383 1378 1411 olim
1409 1381 1523 1417 figurata
1548 1384 1621 1414 sunt,
1648 1386 1719 1406 nunc

934 1430 1037 1466 liquido
1062 1434 1123 1458 sunt
1138 1430 1267 1466 perfecta.
1293 1438 1303 1455 r
1320 1429 1434 1457 Caritate
1450 1427 1566 1454 Domino
1579 1426 1715 1454 canticum

932 1484 1044 1504 novum.
1063 1485 1073 1502 ι
1089 1476 1160 1503 ldem
1179 1482 1282 1510 porro:
1315 1484 1325 1500 ι
1343 1473 1517 1508 Principatus
1539 1471 1597 1506 eius
1616 1471 1719 1506 glorifi-

935 1527 1011 1550 catur
1038 1529 1130 1556 supra,
1147 1527 1298 1556 nomenque
1315 1520 1374 1553 ejus
1394 1519 1545 1554 glorilieant
1560 1526 1575 1545 a
1600 1518 1718 1545 summi-

101 1560 207 1587 duobus
231 1561 365 1589 mandatis
390 1562 514 1590 universa
543 1563 584 1590 lex
604 1564 702 1598 pendet
717 1569 744 1592 et
765 1565 881 1600 prophe-
895 1572 917 1600 α
936 1571 992 1595 tate
1011 1573 1108 1595 terrae:
1143 1567 1189 1601 qni
1202 1566 1369 1593 descendunt
1396 1566 1422 1593 in
1439 1571 1524 1597 mare,
1541 1569 1566 1591 et
1586 1564 1714 1598 navigant

97 1610 130 1633 ta:
146 1606 178 1633 ".
194 1615 203 1632 ι
220 1606 266 1633 llla
279 1608 390 1643 antiqua
406 1608 470 1636 dicit
486 1608 565 1636 :Non
578 1609 686 1637 occides
703 1619 710 1643 ;
726 1610 879 1639 Christiana

95 1651 177 1678 etiam
201 1659 284 1687 genas
306 1653 456 1681 volentibus
467 1654 548 1682 ferire
573 1656 695 1690 porrigit.
709 1655 776 1683 llla:
795 1666 804 1682 ε
821 1656 880 1684 Non

98 1697 295 1731 mmchaberis;
317 1708 327 1725 ›
345 1699 424 1727 haec:
445 1709 455 1726 ι
478 1699 516 1727 Ne
529 1701 703 1736 concupisces
733 1702 848 1737 quidem.
867 1711 878 1729 ι

95 1745 142 1770 llla
161 1753 188 1770 τι
205 1745 263 1773 Non
277 1746 410 1775 furaberis
424 1749 465 1781 ";
481 1758 490 1775 I
514 1749 570 1776 lnec
586 1749 703 1784 litigare,
719 1755 745 1777 et
761 1751 879 1779 tunicam

96 1791 205 1819 auferre
229 1792 337 1825 volenti,
360 1794 440 1821 etiam
468 1799 555 1829 togam
573 1795 714 1830 permittit.
729 1795 775 1823 llla
797 1797 880 1825 :Non

96 1837 272 1872 concupisces
287 1838 372 1866 aliena
388 1847 396 1872 ;
417 1839 474 1867 hate
491 1848 497 1867 :
514 1840 600 1867 Etiam
613 1840 685 1876 juste
696 1848 773 1876 parta
788 1843 880 1870 dimit-

97 1887 157 1916 tes;
180 1883 224 1910 illa
237 1891 245 1910 :
259 1883 316 1911 Non
332 1885 484 1919 pejerabis;
513 1887 661 1922 spiritualis
678 1887 755 1916 :Nec
768 1896 879 1924 parvum

97 1934 147 1954 nec
171 1935 297 1963 magnum
324 1928 449 1964 iurabis;
466 1937 516 1958 ceu
545 1931 702 1966 iuramento
730 1934 879 1968 periurium

96 1978 216 2001 creante.

133 2018 182 2045 llis
198 2026 231 2046 ac
253 2019 387 2049 similibus
402 2021 434 2049 de
459 2022 548 2049 causis
566 2023 603 2050 ait
622 2022 766 2051 Salvator:
787 2034 796 2050 ι
820 2024 879 2053 Non

97 2064 158 2091 veni
170 2064 274 2092 solvere
285 2066 380 2101 legem,
392 2072 437 2094 aut
450 2069 606 2103 prophetas,
617 2070 663 2096 sed
674 2070 819 2104 adimplere
828 2071 877 2099 “.t

96 2108 125 2136 ιιι
151 2114 209 2142 est,
236 2111 321 2145 tueri,
353 2113 535 2146 eonstahilire,
567 2114 684 2142 firmare.
713 2115 801 2150 Atque
825 2116 881 2144 haec

97 2163 151 2188 quo
173 2155 340 2191 exploratius
379 2165 411 2184 ac
432 2158 560 2186 disertius
586 2160 736 2193 tradamus,
764 2160 881 2195 prophe-

98 2205 187 2227 tarum
217 2203 367 2230 sententias
383 2203 410 2230 iu
424 2203 541 2231 medium
558 2204 739 2238 proferamus.

379 2270 494 2299 CAPUT
510 2270 603 2299 XLIX.

97 2337 246 2371 Prop/retia:
264 2337 296 2364 de
309 2337 431 2365 Iudaica:
451 2338 515 2378 legis
534 2338 716 2374 abrogatione,
739 2347 784 2366 seu
815 2347 877 2366 cor-

407 2380 531 2400 ratione.

134 2432 222 2459 liloses
245 2431 473 2458 Deuteronomio:
493 2440 502 2456 ‹
518 2430 632 2463 Quando
646 2429 879 2465 ingressusfnerts

98 2483 209 2510 terram,
225 2485 306 2512 quam
324 2477 452 2504 Dominus
469 2475 540 2503 Deus
563 2481 624 2503 tuus
636 2477 709 2504 dabit
726 2478 773 2505 tibi
788 2497 796 2510 ,
811 2486 877 2505 cave

98 2532 131 2550 ne
148 2523 249 2550 imitari
266 2523 335 2550 velis
368 2522 584 2550 abominationes
611 2522 717 2550 illarum
747 2523 880 2558 gentium.

98 2569 150 2596 Sed
172 2570 329 2603 prophetam
357 2567 498 2596 suscitabit
514 2568 561 2595 tibi
577 2567 706 2594 Dominus
730 2568 802 2595 sicut
828 2577 880 2602 me,

98 2615 187 2649 ipsum
209 2614 301 2641 audies
330 2615 357 2641 in
373 2614 499 2641 omnibus
513 2613 546 2640 ⁵⁸.
569 2622 578 2639 ι
611 2612 763 2640 Jerentias:
782 2621 791 2638 Ι
814 2613 881 2640 Ecce

134 2703 194 2720 "-"
211 2701 289 2729 lCor
312 2709 371 2732 xm.
385 2701 413 2733 9,
430 2701 472 2733 l_0.
510 2700 533 2716 "
550 2700 645 2726 Matth.
666 2707 690 2731 v,
708 2700 751 2726 17.
789 2699 811 2715 ’ν
827 2698 904 2725 Deut.
920 2706 958 2730 vr,
974 2699 1001 2726 4.
1039 2699 1061 2715 ⁸ο
1075 2699 1161 2726 Levii.
1188 2708 1243 2731 χιιι,
1265 2700 1308 2727 l8.

148 2737 234 2761 Emit.
251 2744 296 2761 xx.
315 2736 392 2761 M-le
406 2745 414 2761 -.
431 2735 522 2761 Matth.
536 2743 562 2761 v.
583 2735 628 2761 27.
644 2734 688 2761 28.
739 2735 761 2750 ⁸⁸
777 2733 870 2760 Μ.ιιιΙι.
887 2742 912 2761 ν.
928 2735 971 2761 1⁵1.
1023 2735 1046 2750 ⁸⁸
1067 2733 1144 2760 Deut.
1161 2742 1236 2761 xvul.
1252 2735 1278 2761 9.
1294 2736 1304 2761 l

97 2740 120 2755 ⁸⁸
148 2737 234 2764 Exod.
251 2744 296 2767 xx,
315 2731 414 2769 144εῇ
431 2731 522 2762 Matth.
536 2743 562 2766 v,
583 2735 628 2765 27,
644 2734 688 2761 28.

935 1613 1011 1646 illud,
1035 1617 1062 1640 et
1092 1611 1186 1639 insulte
1217 1611 1309 1639 multte
1322 1611 1357 1638 '°.
1375 1620 1386 1637 ι
1419 1610 1491 1638 Sane
1515 1610 1617 1637 Christi
1647 1616 1716 1636 nova

934 1658 977 1686 lex
997 1662 1024 1686 et
1047 1665 1155 1686 sursum
1172 1657 1200 1684 in
1224 1657 1312 1689 ctelis,
1340 1661 1366 1683 et
1381 1656 1408 1684 in
1441 1661 1512 1684 terra
1542 1655 1716 1690 praedicatur.

933 1702 1001 1730 Nam
1021 1702 1048 1729 in
1080 1702 1232 1730 Servatoris
1263 1707 1323 1729 ortu
1361 1701 1448 1737 angeli
1479 1709 1539 1728 cum
1563 1701 1718 1735 pastoribus

933 1748 1077 1776 laudantes
1104 1747 1256 1776 canebant:
1280 1757 1290 1774 ε
1316 1746 1407 1775 Gloria
1432 1747 1458 1774 in
1483 1747 1622 1774 altissimis
1650 1747 1715 1780 Deo,

933 1799 961 1822 et
983 1793 1010 1822 in
1025 1798 1096 1821 terra
1115 1801 1167 1829 pax
1194 1793 1348 1821 hominibus
1376 1793 1453 1820 bona;
1476 1793 1627 1821 voluntatis
1646 1793 1679 1819 “.
1703 1801 1713 1819 ι

933 1839 1017 1867 Isaias
1030 1846 1095 1867 vero
1109 1839 1207 1866 iterum
1221 1845 1229 1865 :
1263 1848 1272 1865 ‹
1287 1838 1381 1866 Veniet
1399 1839 1432 1866 de
1446 1838 1511 1866 Sion
1535 1839 1674 1872 liberator,
1688 1843 1716 1866 et

933 1889 1085 1912 revertetur
1112 1886 1147 1913 ab
1161 1884 1296 1919 impietate
1313 1883 1407 1912 Jacob.
1433 1883 1466 1911 Et
1491 1884 1543 1912 hoc
1568 1885 1620 1911 erit
1634 1885 1673 1912 eis
1700 1893 1717 1912 a

933 1938 978 1959 me
992 1934 1190 1962 testamentum,
1211 1937 1271 1957 cum
1289 1937 1380 1957 eorutn
1395 1938 1481 1958 noxas
1511 1931 1646 1958 sustulero
1655 1931 1688 1957 ".
1706 1940 1715 1956 ι

933 1976 1065 2005 Jeremias
1077 1976 1102 2004 ei
1119 1977 1282 2004 sententiae:
1301 1986 1310 2002 t
1335 1976 1384 2004 llic
1398 1982 1438 2003 est
1465 1977 1537 2004 Deus
1556 1981 1660 2009 noster,
1690 1981 1718 2003 et

933 2030 987 2050 non
1006 2023 1184 2050 mstimahitur
1212 2022 1280 2050 alius
1306 2023 1436 2050 adversus
1449 2030 1523 2050 eum.
1542 2022 1590 2049 llic
1608 2022 1717 2049 adiuve-

933 2067 974 2094 nit
997 2074 1103 2094 omnem
1132 2067 1202 2094 viam
1228 2066 1378 2101 disciplinae
1397 2066 1430 2099 ⁷³,
1451 2075 1461 2092 ι
1486 2071 1514 2094 et
1528 2074 1588 2101 quae
1600 2074 1719 2101 sequun-

933 2117 999 2144 tur;
1017 2112 1111 2139 addit:
1128 2121 1137 2137 ε
1165 2111 1214 2138 llic
1234 2112 1303 2138 liber
1329 2113 1521 2139 mandatorum
1544 2111 1605 2144 Dei,
1622 2116 1650 2139 et
1674 2111 1717 2139 lex

934 2166 992 2192 (tua).
1009 2162 1051 2185 est
1070 2158 1096 2184 in
1130 2161 1272 2184 aeternum.
1308 2157 1420 2190 Omnes,
1448 2157 1495 2192 qui
1526 2162 1618 2184 tenent
1644 2165 1717 2190 eam,

934 2204 1093 2238 pervenient
1108 2203 1142 2230 ad
1157 2203 1237 2230 vitam
1251 2203 1314 2237 :qul
1327 2207 1416 2230 autem
1427 2203 1629 2237 dereliquerunt
1642 2211 1715 2236 eam,

895 2244 919 2273 Ι)
933 2249 959 2276 ὶιι
975 2253 1088 2276 mortetn
1107 2249 1139 2276 ".
1160 2257 1170 2275 ι

968 2296 1030 2323 Jun.
1054 2295 1133 2328 Quod
1149 2295 1171 2323 si
1186 2295 1285 2330 scripta
1308 2294 1362 2328 lex,
1389 2295 1612 2329 quemadmodum
1627 2296 1718 2329 perhi-

933 2339 1014 2371 betis,
1038 2339 1107 2366 bona
1136 2346 1191 2366 non
1224 2337 1277 2371 est,
1303 2338 1478 2374 quantobrem
1508 2339 1575 2366 dixit
1604 2339 1718 2367 Moses?

938 2396 948 2412 ι
969 2386 1110 2414 Custodite
1139 2385 1211 2421 leges
1229 2393 1314 2418 meas,
1342 2390 1422 2420 atque
1444 2385 1557 2421 judicia,
1585 2394 1644 2422 qua:
1674 2386 1715 2413 la-

935 2433 1009 2459 cicus
1027 2431 1118 2464 homo,
1136 2431 1207 2458 vivet
1221 2432 1248 2458 in
1267 2432 1306 2459 eis
1320 2431 1366 2459 ⁷⁸“.
1389 2441 1398 2459 ι

969 2478 1079 2504 Cunts'r.
1099 2476 1155 2504 lmo
1182 2484 1246 2504 vero
1263 2477 1332 2504 bona
1358 2481 1438 2505 estet
1453 2478 1596 2511 naturalis,
1611 2478 1716 2506 ctsrri-

935 2528 978 2557 pta
992 2523 1046 2552 lex.
1066 2526 1094 2547 ut
1116 2521 1307 2556 praediximus;
1323 2522 1369 2549 sed
1392 2522 1505 2556 iustitia:
1530 2522 1593 2550 Sole
1608 2529 1714 2556 exorto,

936 2569 976 2595 hre
996 2569 1135 2596 exstinetze
1152 2568 1343 2602 caligaverunt.
1360 2567 1400 2595 0b
1418 2570 1443 2596 id
1468 2569 1539 2596 enim
1570 2577 1622 2596 non
1649 2570 1718 2597 dixit

935 2613 1043 2640 Moses:
1069 2614 1207 2641 Custodite
1229 2614 1312 2648 legem
1334 2621 1383 2642 vos
1400 2615 1469 2641 hanc
1490 2622 1647 2649 perennent.
1669 2616 1715 2642 sed

1360 2701 1381 2717 "
1397 2701 1491 2729 Matth.
1518 2709 1584 2733 xxtt,
1603 2702 1646 2734 39,
1673 2702 1717 2730 60.

1023 2735 1046 2750 ⁸·
1067 2733 1144 2770 Deut.
1161 2742 1236 2770 xvtn,
1252 2735 1278 2766 9,
1294 2735 1337 2762 l5.
1399 2737 1421 2753 "
1439 2736 1539 2764 Jerem.
1565 2733 1647 2770 xxxi,
1671 2738 1715 2768 51.

98 2781 178 2807 seqq.
215 2772 239 2787 “
252 2771 349 2807 Ezech.
371 2779 447 2807 ινιιι,
466 2770 559 2807 5,__2(_)_.
598 2769 862 2807 "_Ezech._xvt;_60.
875 2768 988 2807 ““ilsa.
1001 2776 1069 2807 xw,
1155 2769 1322 2807 inmte.
1353 2771 1383 2807 1°
1397 2770 1462 2800 Ibid.
1482 2772 1522 2805 ll,
1535 2771 1577 2799 12.
1616 2768 1707 2801 ⁷⁸Ἰδιιο

98 2806 186 2841 tntis.
223 2807 246 2822 "
261 2806 314 2833 lsa.
332 2814 386 2839 ux,
409 2806 453 2832 20.

135 2890 192 2927 (il)
212 2889 339 2918 Nazianz.
356 2889 382 2917 in
397 2888 427 2917 S.
444 2887 556 2916 Pascha.

501 2804 524 2820 '”
538 2804 652 2831 Barttch.
674 2812 714 2837 nt,
728 2804 772 2837 36,
793 2804 837 2830 57.
875 2803 896 2819 ⁷⁵
912 2802 1027 2830 Barttch.
1044 2812 1082 2835 tv,
1096 2804 1120 2830 l.

1158 2803 1193 2820 7“
1211 2803 1297 2831 Levit.
1315 2813 1334 2837 t,
1351 2805 1378 2834 5.

972 2885 1028 2922 (ιὲὶ)
1043 2886 1170 2915 Nazianz.
1188 2886 1252 2915 ibid.
1271 2887 1347 2916 257..
