1955 3080
221 129 277 160 883

819 129 1034 162 ANDRONICI
1051 107 1224 161 conuerti

1793 128 1855 162 884

224 186 414 220 temporariam
442 184 546 213 scilicet
585 189 785 219 conservatote,
816 191 843 214 et
866 194 915 221 per
943 192 1003 213 eam
1019 185 1042 213 A
1057 186 1147 220 impiis
1161 186 1337 222 regnantibus
1352 187 1453 214 editum
1468 186 1625 214 vaticinium
1638 186 1794 222 oportebat.
1817 187 1847 214 Id

224 232 330 260 vivetis.
343 231 474 258 Caeterum
487 232 676 266 temporariam
688 232 901 260 conservandam
913 231 1006 264 fuisse,

226 286 324 308 uocem
339 287 398 313 quae
412 282 581 312 sequuntur:
605 286 614 303 1
632 277 793 312 Prophetam
821 278 957 305 suscitabo
968 277 1009 304 eis

225 326 258 353 de
282 324 370 351 medio
394 323 506 350 fratrum
531 327 638 350 tuorum
664 323 778 350 similem
795 322 854 350 tui:
869 327 897 351 et
911 329 1007 356 ponam

224 371 305 397 verba
323 369 352 396 in
369 376 416 396 ore
428 368 497 402 ejus,
531 368 708 404 quueturque
727 369 760 396 ad
776 376 824 396 eos
838 368 1009 402 oninia.quae

224 414 604 449 praeceperoilli,qui‘autem
621 415 703 442 verba
718 415 787 450 ejus,
805 423 864 450 quas
885 414 1010 448 loquetur

203 454 250 488 “in
273 460 382 487 nomine
413 468 485 493 meo,
515 461 610 488 audire
637 461 767 494 noluerit,
796 468 846 496 ego
873 461 943 488 ultor
962 467 1010 487 ex-

224 506 317 534 sistam
331 507 365 532 ".
383 516 393 532 ι
420 507 523 540 Quibus
546 507 636 535 verbis
655 507 707 535 etsi
728 515 744 534 e
768 507 868 534 vestris
889 506 1010 541 plerique

223 557 316 580 Jesum
343 555 426 582 tilium
441 553 516 581 Nave
538 553 651 588 intelligi
675 553 799 585 credunt,
817 553 918 580 frustra
951 551 1011 586 opi-

225 606 334 629 nantur.
347 601 437 636 Neque
449 601 519 627 enim
538 599 618 627 aliam
630 599 715 634 legem
737 599 807 628 illius
819 600 895 627 Nave
913 598 1009 626 edidit.

226 644 278 672 Sed
295 645 422 673 nimirum
442 645 509 679 legis
528 643 742 679 abrogationem,
756 644 912 679 Christique
945 651 1012 671 con-

224 691 396 719 donatiouem
427 690 515 719 Moses
538 689 635 722 edixit,
657 697 720 717 cum
743 691 800 718 ait:
822 689 1011 724 1Propbotam

225 737 368 765 suscitabit
397 736 539 769 Dominus,
554 736 626 764 sicut
650 742 703 770 me,
718 745 728 762 i
753 736 778 763 id
795 740 847 768 est,
862 735 945 763 alium
973 735 1012 762 le-

225 783 391 818 gislatorem,
413 783 460 810 Dei
473 787 500 810 et
515 782 655 810 hominum
671 787 841 818 sequestrum
860 791 867 809 :
893 790 902 807 1
921 780 1010 816 Ipsum

225 828 319 856 audies
332 828 361 845 ἰ
373 837 384 854 ι
398 828 426 856 in
439 828 575 856 omnibus.

543 884 659 913 CAPUT
676 886 707 912 L.

408 941 445 969 De
466 942 613 977 evangelica
635 942 690 977 lege
703 942 837 970 vaticinia.

263 997 364 1025 Videtis
389 998 615 1032 quemadmodum
637 999 724 1027 Moses
751 1007 857 1034 quoque
879 999 945 1036 legis
968 1000 1017 1028 ab-

227 1044 395 1079 rogationem
410 1044 545 1075 Jdutexitf
564 1052 625 1072 nam
649 1045 674 1072 ni
695 1045 852 1080 abroganda
868 1050 929 1073 erat
956 1046 1011 1079 lex,

227 1097 393 1124 nequeopus
407 1095 466 1117 erat
483 1090 551 1117 alius
563 1091 709 1126 legislator,
730 1094 758 1119 et
769 1091 883 1119 dixisset
897 1091 985 1120 Moses
1006 1101 1014 1120 :

227 1135 290 1162 Haec
309 1135 420 1163 immota
451 1136 478 1163 in
492 1140 623 1163 aeternum
646 1136 689 1164 lex
703 1137 793 1164 futura
816 1143 869 1171 est,
888 1139 1016 1171 quemad-

229 1180 338 1207 modum
367 1181 400 1207 de
419 1180 545 1214 spiritali,
564 1180 590 1207 id
612 1185 663 1212 est,
687 1181 842 1216 evangelica
883 1181 1016 1209 Jeremias

227 1225 350 1259 prmdixit
365 1233 372 1251 :
387 1234 396 1251 1
417 1225 466 1253 Hic
482 1226 551 1253 liber
564 1226 750 1253 mandatorum
763 1226 823 1260 Dei,
839 1231 866 1254 et
882 1226 926 1254 lex
957 1234 1017 1261 quae

229 1275 270 1298 est
293 1271 319 1298 in
347 1276 489 1298 aeternum.
513 1280 523 1297 ›
548 1271 675 1305 Idemque
701 1272 734 1298 de
761 1273 877 1298 eadem:
907 1280 917 1298 1
948 1271 1017 1299 Ecce

231 1317 288 1344 dies
316 1316 438 1349 veniunt,
465 1316 532 1344 dicit
558 1316 705 1343 Dominus:
733 1320 761 1343 et
776 1315 916 1344 suscitabo
933 1316 1016 1344 David

228 1369 337 1397 germen
357 1363 481 1397 justum:
504 1366 532 1389 et
545 1363 669 1397 regnabit
688 1361 744 1389 Rex
766 1362 858 1397 justus
883 1362 910 1390 in
933 1366 1013 1389 inter-

229 1417 292 1435 miin
309 1409 343 1436 ".
365 1417 376 1435 ι
402 1408 569 1436 Malachias:
601 1418 609 1434 1
629 1409 738 1435 Urietur
756 1408 835 1436 vobis
856 1408 1015 1436 timentibus

229 1461 326 1481 nomen
343 1461 431 1482 meum
444 1454 489 1481 Sol
506 1454 621 1490 justitia
632 1454 665 1480 7".
678 1463 688 1480 ι
709 1454 810 1481 Isaias:
831 1463 840 1479 1
860 1453 930 1481 Ecce
947 1454 1017 1481 Deus

230 1504 322 1527 noster
346 1500 477 1535 judicium
491 1500 623 1527 retribuet
639 1500 673 1528 τ’.
691 1509 701 1525 ι
730 1500 763 1527 Ει
783 1507 911 1527 rursum:
932 1509 941 1525 1
963 1500 1018 1527 Au-

229 1543 298 1572 feret
318 1545 447 1572 Dominus
476 1545 547 1572 Deus
571 1545 720 1580 lacrymain
738 1544 771 1571 ab
795 1545 868 1572 omni
887 1544 969 1576 facie.
990 1549 1017 1572 et

229 1593 401 1626 opprobrium
417 1593 508 1628 populi
528 1591 568 1619 sui
583 1591 690 1618 auferet
715 1591 747 1618 de
770 1591 896 1618 universa
914 1595 1014 1618 terra.»

265 1636 349 1672 Igitur
373 1641 432 1663 orto
448 1635 566 1670 “iustitiae
591 1633 670 1665 Sole,
698 1641 749 1660 non
772 1633 826 1666 jam
849 1641 930 1667 porro
953 1634 1019 1669 legis

230 1683 370 1717 prmeeptis
399 1682 558 1716 indigemus.
593 1680 681 1713 Quare
711 1683 738 1706 ct
769 1679 837 1706 bona
868 1684 910 1706 est
942 1687 1019 1707 sacra

230 1728 287 1761 lex,
304 1734 384 1762 atque
400 1727 547 1762 prophetae,
562 1730 590 1752 et
603 1726 691 1753 instar
709 1726 819 1754 luminis
830 1731 904 1759 sunt,
920 1731 949 1754 ut
962 1726 1017 1761 jam

231 1775 360 1802 diximus.
371 1773 438 1801 Nam
456 1773 502 1800 Dei
521 1771 651 1803 Verbum,
670 1775 698 1798 et
711 1771 829 1805 Spiritus
847 1777 957 1809 sanctus
972 1780 1019 1808 per

230 1821 374 1856 prophetas
398 1819 567 1854 loquebatur.
590 1816 643 1845 Sed
668 1817 710 1844 bis
736 1818 869 1851 praesidiis
896 1817 1020 1844 homines

228 1866 339 1899 iustitiae
351 1865 421 1891 viam
438 1864 557 1898 reperire
573 1861 762 1897 nequiverunt.
784 1863 819 1890 Ut
840 1863 912 1890 enim
936 1863 1020 1890 stella:

232 1917 312 1947 atque
325 1911 387 1938 luna
409 1917 458 1938 nec
470 1910 638 1944 splendorem
654 1909 753 1936 habent
769 1909 884 1940 luciferi,
901 1917 948 1936 nec
966 1914 1019 1936 tota

233 1963 311 1984 nocte
328 1957 427 1988 lucent,
451 1956 498 1983 sed
522 1962 595 1982 nunc
618 1961 760 1990 apparent,
782 1962 853 1981 nunc
871 1958 1019 1988 teguntur;

232 2009 357 2030 (veterum
367 2002 424 2030 sole
434 2006 529 2029 exorto
538 2001 563 2028 in
579 2001 698 2028 tenebris
710 2005 800 2027 manet
811 2008 899 2031 nrinn.
910 2001 961 2027 n'si
975 2002 1019 2034 qui

233 2048 330 2082 raliget
345 2055 376 2074 ac
389 2048 523 2079 caccutial,
540 2047 574 2073 ita
588 2050 615 2073 et
629 2050 725 2078 coetus,
742 2046 787 2080 qui
800 2045 898 2073 Christi
912 2045 1021 2072 nomine

234 2098 370 2126 censetur,
388 2092 505 2119 divinam
523 2096 616 2118 nactus
633 2091 731 2123 lucem,
752 2098 811 2117 cum
826 2090 937 2125 justitiic
959 2090 1021 2118 Sole

233 2138 342 2166 assidue
357 2138 518 2168 consuescit,
543 2145 593 2165 nec
619 2137 760 2172 quisquam
786 2137 812 2163 in
841 2137 888 2163 Dei
918 2137 1022 2172 ignora-

1061 232 1129 260 adeo
1142 240 1233 260 verum
1246 240 1307 261 esse
1320 240 1354 260 ex
1370 233 1543 268 sequentibus
1558 237 1680 267 apparet.

1100 287 1110 304 1
1127 278 1236 312 Audite,
1248 278 1322 311 caeli,
1334 285 1359 305 ei
1374 278 1487 305 auribus
1497 272 1615 312 percipe,
1627 283 1708 306 terra.
1724 288 1734 304 ι
1757 278 1856 306 Fabri-

1061 330 1121 350 cam
1139 322 1210 350 Deus
1224 326 1336 351 testatus
1351 323 1474 356 invocat,
1500 322 1521 350 si
1546 323 1655 356 quidem
1677 328 1737 350 erat
1757 323 1856 358 ingens

1062 372 1090 395 et
1103 368 1254 396 inauditum
1268 369 1371 396 crimen
1384 367 1485 395 Judaeis
1497 367 1653 402 obiecturus
1665 375 1672 394 :
1693 376 1703 394 1
1718 368 1856 401 Quoniam

1064 413 1194 440 Dominus
1213 413 1316 441 locutus
1332 418 1374 441 est
1390 423 1397 440 ς
1415 412 1505 440 Filios'
1519 414 1639 441 enutrivi
1662 417 1689 441 et
1710 415 1831 441 exaltari
1846 423 1855 448 ;

1063 458 1115 493 ipSi
1129 464 1217 485 autem
1228 463 1388 493 spreverunt
1404 456 1491 491 m‘e",
1509 469 1519 486 ι
1540 460 1582 487 bis
1601 461 1707 493 edictis,
1730 466 1757 488 et
1777 460 1857 488 dere-

1064 504 1179 532 ctionem
1205 504 1343 540 subjiingit
1366 513 1374 532 :
1402 514 1413 531 1
1442 505 1574 539 Cognovit
1596 506 1646 534 bos
1672 514 1858 541 possessorem

1064 557 1154 583 suum,
1169 555 1197 578 et
1216 551 1307 579 asinus
1326 559 1447 586 praesepe
1469 552 1571 579 domini
1587 553 1627 579 sui
1642 562 1649 580 :
1667 552 1751 580 Israel
1765 559 1858 580 autem

1064 603 1107 624 me
1122 603 1175 624 non
1186 597 1322 630 cognovit,
1337 601 1365 624 et
1379 597 1492 632 populus
1506 605 1584 625 meus
1594 605 1648 624 non
1661 598 1793 625 intellexit
1803 599 1856 630 ",i

1064 642 1111 669 sed
1142 641 1229 669 brutis
1264 641 1358 669 bestiis
1390 643 1552 676 stupidiores
1579 647 1642 670 sunt
1684 649 1766 676 atque
1795 643 1861 670 har-

1064 687 1164 715 diores.
1182 697 1191 714 1
1210 687 1256 715 Vae
1277 688 1348 723 genti
1366 688 1520 722 peccatrici,
1536 688 1633 723 popqu
1657 690 1732 724 gravi
1756 690 1862 723 iniqui-

1064 737 1129 766 tate,
1162 734 1257 761 semini
1284 741 1410 768 nequam,
1436 734 1497 762 tiliis
1518 734 1672 767 sceleratis,
1706 743 1716 760 ι
1745 735 1856 770 dignuir

1065 778 1205 813 impietate
1228 783 1257 805 et
1285 778 1426 806 insolentia
1458 779 1586 814 probrum
1622 784 1697 806 vates
1724 780 1861 808 adhibuit.

1068 833 1078 850 1
1096 823 1283 858 Dereliquistis
1305 823 1463 856 Dominum,
1486 824 1587 851 scilicet
1609 823 1717 851 Patrem
1739 844 1747 856 ,
1771 829 1800 851 et
1827 825 1863 851 ad

1066 871 1234 898 iracundiam
1246 870 1402 898 concitastis
1414 875 1537 898 sanctum
1559 869 1641 897 Israel
1657 870 1698 903 υς
1722 879 1732 896 i
1754 870 1863 904 Unige-

1066 916 1151 942 nitum
1166 915 1223 949 ejus
1235 915 1331 942 Filium
1350 915 1477 943 irritastis
1491 924 1499 941 :
1515 915 1665 942 irritatione
1683 922 1748 943 vero
1773 915 1866 950 signi-

1068 962 1130 989 ticat
1151 961 1355 989 incontaminati
1374 960 1496 995 corpmis
1519 959 1691 995 supplicium.
1709 959 1778 992 Quid
1803 968 1866 986 ain-

1066 1006 1138 1040 plius
1163 1004 1297 1032 adtlatis?
1323 1012 1376 1031 non
1407 1005 1521 1038 habent,
1551 1005 1623 1039 quod
1658 1006 1685 1032 in
1719 1003 1862 1031 Christum

1066 1051 1176 1085 gravius
1195 1050 1346 1085 designent.

1105 1104 1115 1122 1
1128 1095 1214 1122 Omne
1225 1100 1303 1128 caput
1317 1094 1481 1129 languidum,
1491 1099 1518 1121 et
1530 1102 1609 1121 omne
1619 1102 1666 1122 cor
1679 1102 1796 1122 mmrens
1808 1094 1863 1121 ιι.»

1068 1142 1125 1169 Hoc
1140 1141 1223 1169 David
1240 1141 1303 1168 olim
1325 1141 1453 1175 propheta
1474 1147 1517 1168 est
1533 1141 1728 1175 interpretatus
1741 1141 1767 1167 in
1785 1141 1860 1168 lianc

1067 1187 1228 1215 sententiam
1247 1195 1254 1213 :
1273 1195 1282 1212 1
1302 1186 1482 1214 Convertctur
1508 1186 1583 1214 dolor
1605 1194 1697 1213 eorum
1723 1187 1751 1214 in
1778 1190 1863 1220 caput

1067 1239 1172 1264 eorum,
1187 1236 1214 1259 et
1227 1231 1253 1258 iii
1268 1231 1396 1259 verti'cem
1410 1233 1530 1266 ipsorum
1552 1231 1679 1267 iniquitas
1693 1239 1786 1261 eorum
1813 1231 1864 1258 de-

1067 1279 1178 1306 scendet
1190 1277 1232 1310 ⁸⁵ς
1253 1286 1263 1303 ›
1291 1277 1367 1311 quasi
1390 1277 1491 1304 diceret
1511 1286 1518 1304 :
1536 1276 1672 1312 Quidquid
1699 1276 1865 1304 lIIOliaminis

1042 1348 1045 1351 .
1068 1325 1095 1352 iii
1109 1324 1190 1351 vestri
1206 1323 1302 1358 capitis
1314 1323 1459 1357 perniciem
1474 1324 1561 1356 cedet,
1578 1329 1721 1357 vestraque
1746 1323 1859 1357 injusti-

1068 1370 1105 1397 tia
1118 1370 1144 1395 in
1159 1374 1277 1396 vestrum
1297 1370 1416 1403 ipsorum
1430 1369 1558 1396 verticem
1579 1369 1741 1395 revolvetur.
1761 1378 1771 1394 1
1798 1368 1862 1394 Non

1068 1415 1150 1442 estin
1164 1416 1204 1442 eis
1218 1421 1306 1448 neque
1324 1414 1430 1446 vulnus,
1450 1422 1538 1449 neque
1561 1415 1638 1441 livor.
1659 1413 1717 1441 Non
1737 1419 1780 1441 est
1802 1421 1864 1440 ina-

1070 1460 1156 1495 lugma
1173 1461 1322 1494 imponere,
1337 1467 1423 1494 neque
1433 1460 1531 1492 oleum,
1547 1467 1632 1494 neque
1649 1460 1780 1494 ligaturas
1792 1460 1828 1486 ".
1850 1469 1860 1485 ι

1069 1506 1165 1533 Totum
1180 1513 1288 1539 corpus.
1305 1505 1402 1540 inquit,
1419 1505 1494 1540 plaga
1512 1510 1563 1537 est,
1591 1513 1623 1533 ac
1645 1506 1759 1539 proinde
1782 1505 1863 1532 incu-

1071 1552 1171 1579 rabile.
1204 1551 1399 1584 Quamobrem,
1433 1559 1449 1578 ο
1476 1551 1630 1585 propheta?
1657 1551 1733 1584 Quod
1764 1550 1865 1577 Filium

1071 1606 1171 1630 meum,
1191 1606 1270 1632 quem
1292 1598 1378 1632 delt-gi
1391 1598 1482 1625 animo
1495 1605 1554 1624 meo
1566 1598 1768 1630 charissimuin,
1784 1605 1864 1632 pere-

1071 1649 1187 1672 merunt.
1204 1644 1296 1678 Itaque
1318 1645 1407 1671 videte
1422 1649 1447 1670 et
1471 1645 1590 1672 divinum
1603 1645 1764 1679 supplicium
1783 1653 1799 1672 1:
1815 1652 1867 1672 ve-

1071 1690 1150 1725 stigio
1172 1696 1365 1724 consequens:
1383 1698 1392 1714 1
1412 1688 1496 1716 Terra
1526 1694 1615 1717 vestra
1643 1689 1761 1721 deserta,
1795 1690 1866 1716 civi-

1073 1740 1143 1762 tates
1172 1740 1269 1762 vestrae
1301 1742 1437 1762 succensae
1465 1735 1519 1769 igni
1543 1744 1551 1762 :
1578 1735 1715 1770 regionem
1743 1740 1864 1762 vestram

1072 1788 1163 1808 coram
1177 1780 1253 1811 vobis
1271 1780 1349 1807 alieni
1363 1780 1503 1812 devorant,
1519 1785 1546 1808 et
1562 1780 1730 1807 desolabitur
1743 1780 1815 1807 sicut
1837 1780 1866 1806 in

1072 1827 1196 1854 vastitate
1215 1826 1317 1854 hostili.
1336 1826 1368 1854 Et
1383 1826 1584 1860 derelinquetur
1605 1827 1657 1854 lilia
1674 1826 1739 1854 Sion
1759 1831 1789 1853 ut.
1805 1835 1867 1853 um-

1073 1872 1212 1899 braculum
1238 1872 1264 1898 in
1280 1872 1368 1902 vinea,
1396 1876 1423 1898 et
1447 1872 1517 1900 sicut
1541 1872 1675 1907 tugurium
1697 1872 1868 1899 iuciicuiiie-

1074 1919 1157 1951 rario,
1171 1923 1198 1944 et
1215 1918 1286 1944 sicut
1298 1917 1393 1944 civitas
1406 1925 1466 1952 quae
1478 1921 1609 1945 vastatur.
1623 1916 1656 1943 Et
1666 1917 1717 1944 nisi
1732 1916 1866 1944 Dominus

1072 1964 1241 1990 exercituum
1259 1962 1412 1996 reliquisset
1434 1962 1512 1989 nobis
1525 1969 1627 1994 semen,
1643 1962 1719 1996 quasi
1743 1962 1865 1989 Sodoma

1073 2008 1229 2041 fuissemus,
1245 2013 1272 2036 et
1285 2008 1359 2042 quasi
1377 2007 1528 2034 Gomori'lia
1541 2008 1644 2035 similes
1659 2015 1780 2034 essemus
1794 2007 1828 2034 ⁸⁷.
1852 2017 1862 2033 ι

1072 2056 1106 2081 At
1119 2055 1242 2088 quamvis
1265 2053 1339 2081 Deus
1363 2053 1491 2080 Israclitis
1513 2061 1605 2080 semen
1632 2054 1764 2088 reliquum
1788 2053 1864 2084 fecit,

1075 2105 1163 2127 tamen
1178 2100 1242 2133 quin
1264 2099 1298 2126 ab
1320 2099 1468 2126 Sodomaeis
1481 2107 1512 2125 ac
1527 2098 1709 2130 Gomorrlimis
1729 2099 1866 2126 damnetu-

1074 2151 1129 2178 tur,
1145 2153 1197 2172 non
1214 2144 1351 2179 eiiugieul.
1367 2145 1455 2179 Atque
1469 2145 1492 2172 ei
1504 2146 1644 2172 sententiae
1658 2153 1810 2172 consonum
1824 2151 1867 2172 est

235 2184 315 2211 tionis
336 2184 454 2212 tenebris
472 2189 607 2216 versatur,
629 2183 674 2218 qui
695 2190 746 2210 non
766 2182 915 2209 voluntarie
931 2190 959 2209 se
975 2184 1020 2210 ab-
1034 2193 1061 2221 ι)
1074 2191 1138 2218 illud
1155 2191 1208 2218 mei
1231 2190 1393 2222 sanioris,
1408 2190 1441 2216 ad
1458 2190 1628 2217 Beihsaidam
1643 2198 1651 2217 ε
1676 2199 1685 2215 ι
1711 2190 1865 2217 iicmissius

232 2231 337 2266 jungat.

536 2276 650 2303 CAPUT
671 2276 712 2303 LI.

236 2334 321 2368 Caput
337 2335 450 2369 primum
466 2333 545 2361 Isaia:
558 2334 688 2368 eleganter
704 2334 730 2359 in
742 2333 850 2359 .Iiiaa-os
862 2338 1023 2366 relarquelur

523 2374 545 2394 et
562 2369 728 2402 explanatur.

286 2433 329 2452 am
345 2424 466 2459 abrogari
483 2431 590 2458 quoque
605 2423 688 2458 legem
706 2423 797 2450 divino
812 2422 918 2449 Numiui
935 2423 1020 2449 visum

235 2470 317 2497 Isaias
338 2469 469 2501 declarat,
497 2469 609 2497 dicens:
630 2478 638 2494 1
658 2468 732 2495 Visio
748 2467 832 2500 Isaiae,
855 2468 900 2494 lilii
926 2469 1018 2499 Amos,

236 2522 316 2548 quam
340 2513 408 2541 vidit
433 2521 513 2548 super
537 2514 631 2540 Judam
659 2519 686 2540 et
713 2513 860 2540 Jerusalem
882 2513 907 2540 in
926 2512 1021 2540 diebus

235 2561 317 2590 Ozite.
333 2560 456 2591 ioatlian.
474 2561 565 2587 Acbaz
580 2565 605 2587 et
624 2560 747 2587 Ezechia:
763 2567 853 2594 regum
873 2558 941 2586 Juda
956 2559 988 2585 '°.
1009 2568 1019 2585 ›

235 2606 348 2632 l‘iorum
361 2613 453 2640 rogum
473 2606 602 2640 propheta
616 2605 748 2636 meminit,
765 2605 910 2632 ostendens
925 2612 976 2631 non
987 2604 1021 2630 ob

237 2651 347 2684 legalem
368 2652 484 2685 aliquam
499 2660 607 2684 noxam,
623 2653 668 2678 sed
686 2651 785 2678 Christi
804 2651 903 2678 caedem
921 2650 1019 2677 divini-

237 2701 279 2723 ius
300 2704 405 2730 pinnam
432 2698 603 2732 irrogandam
621 2706 628 2724 :
648 2705 709 2724 nam
730 2697 750 2723 si
773 2699 881 2730 propter
907 2696 1019 2726 scelera,

270 2767 291 2782 ⁷ο
309 2768 385 2792 lleiit.
403 2775 479 2798 imit,
499 2768 538 2793 I8.
578 2768 598 2782 ⁷⁸
614 2769 690 2795 Deut.
706 2775 780 2797 XVII',
801 2767 839 2792 είς.

236 2800 257 2815 θη
276 2802 324 2827 lui.
341 2809 359 2831 t,
378 2804 399 2827 I.
438 2802 460 2816 ⁸¹
476 2803 539 2828 ibid.
553 2803 578 2828 Ξ.
633 2803 656 2818 ⁹²
674 2803 736 2829 ibid.
751 2803 776 2828 5.
831 2802 852 2817 ⁸³
869 2803 929 2828 ibid.
954 2802 972 2828 ί.

236 2834 256 2849 ’³
272 2835 362 2862 Matth.
374 2842 410 2868 xl,
426 2836 470 2863 ΞΖ.
486 2837 507 2852 ⁸⁹
522 2837 574 2865 Isa.
591 2846 608 2870 i,
629 2838 669 2870 10,
688 2836 728 2863 II.
767 2837 789 2852 “°
806 2837 868 2864 ibid.
893 2837 932 2862 1'2.

879 2767 899 2782 ‘7
920 2766 1018 2792 .i.‘rcm.
1039 2775 1112 2796 xxiii.
1123 2767 1146 2793 5.

1027 2803 1048 2817 ⁵⁴
1067 2803 1129 2829 ιὶιιιΙ,

1075 2238 1126 2263 crit
1136 2236 1259 2264 Sodomis
1274 2234 1478 2267 etGomorrhis,
1490 2243 1572 2270 quam
1590 2235 1636 2262 tibi
1647 2235 1680 2262 ³⁸.
1700 2244 1709 2260 ι
1721 2235 1805 2269 quue
1819 2243 1866 2261 ve-

1076 2291 1134 2310 rum
1147 2290 1207 2310 esse
1220 2290 1235 2309 e
1248 2282 1374 2309 vaticiiiis
1390 2281 1506 2308 oraculis
1520 2281 1565 2308 [iet
1578 2281 1775 2314 ’III-‘Inifesllllll;
1791 2282 1867 2308 addit

1074 2329 1145 2355 enim
1162 2336 1168 2353 :
1189 2337 1198 2353 1
1212 2327 1309 2355 Audite
1321 2327 1432 2354 verbum
1451 2325 1569 2359 Domini,
1580 2326 1715 2360 principes
1732 2326 1868 2353 Sodomo-

1076 2383 1145 2405 rum.
1170 2374 1299 2409 p~-rcipite
1329 2373 1439 2400 auribus
1463 2373 1547 2407 legem
1571 2373 1617 2400 Dei
1636 2373 1731 2403 nostri,
1751 2373 1870 2410 populus

1074 2421 1243 2449 Comorrhm.
1259 2420 1318 2453 Quo
1335 2419 1399 2446 mihi
1417 2419 1614 2446 multitudinem
1631 2419 1802 2446 victimarum
1818 2426 1865 2445 vo-

1073 2472 1203 2498 strarum,
1229 2466 1294 2492 dicit
1317 2465 1464 2492 Dominus?
1485 2465 1647 2500 Sanguinem
1671 2469 1811 2492 taurorum
1839 2470 1868 2491 ct

1075 2513 1210 2541 liircoruin
1241 2513 1328 2543 nolo;
1363 2520 1450 2546 neque
1481 2512 1620 2542 veniatis,
1652 2516 1680 2537 ut
1710 2512 1867 2544 appareatis

1074 2560 1139 2586 milii
1152 2560 1184 2585 λ’.
1202 2569 1212 2585 ι
1233 2559 1345 2591 Videtis,
1359 2558 1478 2585 Jutlzeain
1497 2565 1604 2586 omnem
1621 2557 1745 2584 Sodoma:
1764 2565 1797 2584 ac
1809 2557 1866 2584 Co.

1074 2604 1189 2631 morrliie
1205 2604 1360 2631 nominibus
1372 2603 1522 2632 iiil‘elicitat.
1538 2604 1589 2631 Ubi
1607 2603 1677 2630 enim
1692 2602 1816 2630 Sodomm
1827 2610 1862 2630 ac

1074 2649 1232 2676 Comorrhae
1247 2649 1300 2675 Deo
1313 2649 1408 2675 hostiis
1419 2656 1449 2675 ac
1462 2649 1635 2675 libaminibus
1653 2647 1755 2673 (iebat?
1772 2657 1781 2672 1
1796 2647 1866 2680 Quis

1075 2695 1198 2730 quaesivit
1214 2695 1270 2722 limo
1283 2695 1316 2722 de
1330 2695 1453 2721 manibus
1469 2695 1566 2722 vestris
1577 2695 1621 2720 δοῖ
1640 2704 1648 2719 i
1669 2694 1750 2726 Quasi
1768 2694 1862 2721 dicat:

1656 2767 1679 2782 ⁷ν
1694 2766 1741 2791 Is».
1756 2775 1820 2792 xxv.
1836 2766 1864 2792 8.

1478 2802 1499 2816 λδ
1513 2802 1563 2828 ιδδ.
1582 2810 1601 2832 ι,
1618 2804 1642 2827 ti.
1681 2802 1703 2816 ⁵⁷
1717 2802 1781 2828 ibid.
1803 2802 1866 2828 7-9.

1187 2768 1209 2783 ⁷³
1222 2767 1381 2797 Mul;iuli.iv,
1398 2766 1500 2795 9:15».
1519 2775 1575 2796 illi,
1593 2767 1618 2793 .i.

1210 2802 1231 2817 εδ
1248 2802 1317 2828 I‘:al.
1331 2810 1377 2832 \‘ll,
1398 2802 1439 2829 i7.
