1955 3080
103 168 156 200 885

632 170 825 201 DIALOGUS
840 168 992 199 CONTRA
1008 169 1176 200 JUD/EOS.

1684 165 1737 200 836

101 226 183 255 Nemo
195 232 237 256 est
252 228 299 263 qui
315 228 479 256 sacriﬁcium
496 228 538 257 vel
552 228 585 256 ad
599 228 671 259 hanc
689 229 890 264 abrogationem
907 228 929 256 Α
942 229 1024 264 guine
1049 237 1108 258 uva:
1131 229 1242 265 pallium
1269 235 1348 257 suum
1366 229 1388 263 ⁸,
1408 238 1418 255 ι
1432 228 1459 257 id
1489 233 1543 260 est.
1565 235 1664 263 corpus
1689 233 1738 261 per

104 274 235 305 concitet,
261 274 304 301 vel
328 281 370 301 me
395 274 513 309 instiget.
528 283 538 300 t
558 274 785 303 Calcare'atrium
800 282 889 303 meum

103 327 155 346 non
178 320 321 354 apponetis
338 328 345 347 :
361 320 490 355 quoniam
516 321 647 349 scelerate
668 321 695 349 id
719 321 889 349 inseenditis.

104 363 132 391 Si
145 364 265 392 offeratis
279 365 407 400 similam,
429 374 541 399 vanum,
564 367 706 395 incensum
724 367 891 395 abominatio

105 412 144 435 est
158 409 223 436 mihi
236 409 270 437 ".
290 417 299 435 ι
317 409 387 438 Ecce
401 411 448 445 qui
463 405 550 446 legem
566 419 652 447 nuper
662 416 791 440 sanxerat
808 411 890 444 Deus,

105 455 173 484 idem
187 463 258 484 nunc
273 456 331 492 ejus
348 458 553 493 abrogationem
567 460 694 495 praelinit.
710 459 778 488 Nam
799 460 893 488 incen-

105 509 174 535 sum,
188 503 259 537 quod
273 504 306 530 ad
320 503 470 539 jucundum
487 506 597 533 odorem
618 505 824 539 admovebatur,
840 513 892 534 non

105 548 189 576 solum
205 548 293 576 inanis
307 548 414 578 sumtus
429 550 484 578 Deo
496 550 655 586 deputatur,
666 551 713 579 sed
729 551 810 579 etiam
827 550 892 582 tale.

105 601 120 621 a
135 602 190 630 quo
213 595 360 624 abhorreat
375 604 383 624 :
403 605 413 622 t
429 595 616 630 Neomeniam,
630 601 658 625 et
684 597 894 631 SabbatumJet

106 639 266 668 festivitates
286 641 354 669 alias
377 649 432 670 non
456 641 552 670 feram.
583 652 593 669 ι
623 642 848 679 Quandoquidem
867 644 893 671 in

106 693 193 713 meum
216 687 274 721 pari
297 693 392 714 natura
414 687 512 715 Filium
548 687 759 721 baechabiminl,
782 695 843 717 eam
861 687 896 716 ob

107 738 162 758 rem
188 732 285 758 horum
313 731 453 760 interitum
476 733 616 768 denuntio,
639 740 671 761 ea
695 733 794 761 abhinc
814 740 896 768 porro

106 784 159 804 non
185 777 355 811 probaturus.
375 787 384 805 t
403 778 551 814 Jejunium,
565 784 592 807 et
605 780 702 813 otium,
716 784 742 808 et
752 779 833 808 ferias
850 786 897 807 ve-

105 826 175 850 stras
194 823 251 850 odit
274 824 362 851 anima
385 831 444 852 mea
466 825 499 851 ".
519 834 529 851 »
543 824 614 858 Quid
643 825 680 854 ita
709 825 806 854 vates?
824 825 895 860 quod

106 868 229 902 unigena:
242 868 290 896 Dei
302 869 362 897 Filii
377 870 528 906 ingressum
543 870 570 898 in
585 870 799 907 Hierosolymam
815 878 897 906 super

106 914 178 948 pullo
189 914 308 942 sedentis
323 910 458 943 exsecrati
472 915 601 951 oderunt,
615 916 641 943 in
657 923 711 951 quo
725 917 817 952 potius
829 917 898 945 festo

106 960 222 995 gaudere
233 960 361 989 divinitus
373 966 437 989 sunt
449 962 537 990 edocti
552 970 559 989 :
572 962 704 997 propheta
716 962 787 990 enim
796 962 896 997 inquit:

110 1014 120 1032 ι
139 1005 249 1034 Exsulta
264 1007 340 1041 satis,
367 1007 421 1035 ﬁlia
443 1007 509 1035 Sion
525 1027 534 1041 .
555 1007 712 1042 jubila,fllia
737 1007 897 1036 Jerusalem.

109 1050 176 1078 Ecce
189 1050 246 1077 Rex
263 1056 323 1078 tuus
339 1052 413 1080 venit
425 1052 472 1080 tibi
487 1058 656 1086 mansuetus,
681 1054 832 1081 ascendens
852 1060 898 1081 su-

108 1103 155 1128 per
165 1095 280 1129 asinam,
294 1100 321 1123 et
334 1104 415 1130 super
430 1097 531 1131 pullum
547 1097 630 1124 filium
646 1098 730 1125 asina;
745 1097 778 1125 ".
797 1106 806 1123 ι

146 1150 155 1166 ι
175 1142 249 1169 Facti
267 1142 333 1170 estis
348 1142 413 1169 mihi
427 1143 454 1170 in
471 1142 625 1170 satietatem
635 1143 669 1170 οδ.
688 1151 697 1168 ι
717 1142 752 1170 Ut
764 1142 836 1170 enim
853 1149 899 1170 su-

110 1187 228 1221 perﬂuus
252 1189 278 1214 in
298 1195 413 1222 corpore
433 1189 522 1221 cibus,
545 1189 591 1217 ubi
616 1189 728 1216 satietas
749 1189 832 1224 cepit,
851 1195 899 1223 per

110 1233 239 1260 vomitum
261 1241 278 1261 e
298 1234 438 1262 stomacho
456 1234 483 1261 in
500 1239 598 1262 terram
616 1234 742 1268 ejieitur;
769 1235 804 1261 ita
823 1235 899 1269 equi-

109 1280 169 1306 dem
198 1287 257 1312 vos,
277 1279 495 1314 quandoquidem
518 1281 544 1308 in
571 1281 722 1308 satietatent
745 1281 810 1307 mihi
834 1280 897 1308 facti

107 1325 182 1357 estis,
197 1325 230 1352 de
245 1325 314 1352 meis
329 1325 454 1353 manibus
478 1325 668 1361 projiciemini.
689 1335 699 1351 t
721 1325 897 1362 Nequaquam

109 1370 178 1396 ultra
203 1370 336 1398 dimittam
364 1375 474 1406 peccata
499 1376 599 1399 vestra.
624 1371 691 1399 Cum
719 1371 898 1399 extendet-itis

109 1423 206 1442 manus
231 1420 346 1449 vestras,
372 1421 493 1444 avertant
520 1418 612 1445 oculos
634 1424 710 1445 meos
723 1425 739 1445 a
752 1417 828 1445 vobis
845 1426 852 1445 :
871 1422 898 1444 et

107 1469 168 1488 cum
191 1462 437 1497 multiplicaveritis
458 1464 623 1495 orationem,
649 1471 702 1491 non
726 1464 871 1491 exaudiant
890 1471 896 1490 :

109 1515 205 1535 manus
219 1509 292 1536 enim
308 1514 404 1537 vestras
420 1510 551 1545 sanguine
564 1510 649 1544 plena:
663 1514 726 1537 sunt
739 1511 774 1537 ’⁸.
800 1519 809 1536 ι
827 1510 898 1537 Fru-

942 280 1036 301 necem
1052 273 1078 301 in
1090 273 1218 308 patibulo,
1233 277 1314 308 atque
1325 280 1375 309 per
1387 272 1560 307 sanguinem.
1577 271 1661 306 [gitur
1673 279 1738 306 per-

943 319 1044 348 fectum
1071 325 1113 348 est
1132 319 1166 347 ad
1185 323 1338 347 extremum
1361 319 1471 347 lsraelis
1493 318 1664 352 vaticinium.
1682 317 1737 344 Per

941 365 1030 401 quos?
1041 364 1094 393 Per
1108 364 1252 400 pontifices
1265 368 1345 399 atque
1358 364 1527 396 sacerdotes,
1542 371 1657 399 quorum
1670 362 1707 390 illi
1720 371 1735 390 ιι

942 411 1091 444 Simeonia,
1104 410 1132 438 hi
1148 410 1183 438 ab
1196 410 1318 438 Levitica
1337 409 1416 437 tribu-
1426 409 1562 445 originem
1584 408 1736 437 trahebant.

943 456 994 491 Qui
1011 456 1118 484 demum
1136 461 1162 484 et
1177 455 1334 490 prophetas,
1348 455 1476 483 homines
1491 455 1606 488 scilicet,
1623 454 1736 482 interfe-

943 506 1048 536 cerunt,
1061 505 1090 530 et
1110 501 1251 531 Christum
1274 501 1348 529 velut
1370 505 1479 528 taurum
1505 505 1688 532 encrvarunt;
1711 500 1741 527 iii

944 553 995 581 est.
1016 555 1114 584 corpus
1147 552 1315 583 assumptum
1335 547 1372 575 illi
1405 547 1514 583 quidem
1549 547 1629 575 morti
1653 546 1739 574 demi-

944 599 1048 623 serunt.
1073 594 1169 623 Verum
1184 603 1193 621 ι
1212 593 1353 622 Excitatus
1378 599 1421 623 est
1448 598 1577 629 tanquam
1603 594 1741 621 dormiens

945 640 1086 672 Dominus.
1117 645 1245 675 tanquam
1259 644 1358 675 potens
1371 639 1530 674 erapulatus
1555 646 1571 666 a
1597 639 1662 665 vino
1676 639 1709 671 ’ς
1728 648 1736 663 ι

945 686 1024 721 cujus
1039 693 1161 720 regnum,
1177 685 1327 713 secundttm
1342 684 1501 719 Jeremiam,
1520 684 1593 713 nulla
1610 685 1741 712 memoria

946 731 1164 760 labefactabitur.

981 775 1043 804 Jun.
1063 776 1115 809 Qui
1130 783 1195 805 vero
1211 783 1265 804 non
1280 776 1319 804 ait
1334 784 1342 804 :
1362 785 1372 803 t
1390 775 1625 804 Consummabunt
1642 775 1741 810 iniqui-

948 825 1041 855 tatem,
1057 831 1066 848 ι
1083 822 1130 850 sed
1148 831 1156 849 :
1174 831 1183 848 ι
1201 821 1484 850 Consummaverunt‘i
1502 830 1513 848 ι

983 868 1097 896 Cumsr.
1114 867 1203 895 Dixin‘
1219 868 1410 902 vobis,.crasse
1424 868 1451 894 in
1465 867 1563 895 litteris
1578 874 1685 902 semper
1696 866 1742 894 de-

913 900 935 927 Β
951 914 1032 946 fixos,
1054 921 1191 948 nunquam
1208 913 1236 941 in
1253 900 1371 941 mentem
1384 913 1543 947 penetrare?
1556 900 1666 940 Scilicet
1680 919 1742 939 cum

949 960 1096 995 preplietae,
1108 966 1169 994 qua:
1184 964 1319 988 eventura
1337 963 1439 992 essent,
1456 967 1509 986 non
1532 964 1561 986 ut
1577 958 1678 990 futura,
1694 958 1741 985 sed

948 1005 1022 1033 velut
1048 1004 1191 1040 prtesentia
1213 1009 1366 1038 cernerent,
1394 1005 1428 1032 de
1460 1004 1558 1033 futuris
1580 1004 1692 1038 perinde
1709 1011 1741 1031 ac

949 1051 972 1078 si
997 1057 1167 1087 gererentur,
1193 1052 1424 1088 prtenuntiabant.
1448 1052 1489 1079 lta
1514 1052 1595 1079 etiam
1618 1051 1650 1078 de
1674 1050 1742 1077 Juda

949 1097 1039 1124 dixit:
1059 1106 1068 1122 ι
1086 1097 1198 1126 Catulus
1221 1098 1308 1126 leonis
1317 1097 1387 1125 Iuda
1412 1106 1419 1126 :
1438 1105 1472 1125 ex
1496 1097 1629 1132 germine,
1640 1096 1677 1123 liii
1693 1097 1742 1129 mi,

949 1143 1094 1171 ascendisti
1108 1144 1131 1177 ³;
1148 1148 1191 1172 et:
1204 1153 1214 1170 ι
1231 1143 1291 1172 Non
1301 1144 1432 1172 ascendes
1445 1143 1466 1176 δ,
1484 1152 1493 1169 ι
1509 1143 1598 1171 futura
1615 1147 1743 1176 tanquam

949 1190 1092 1223 prmeentia
1109 1190 1271 1225 praevidens.

985 1234 1038 1263 Sed
1065 1234 1292 1270 iucundissimum
1324 1234 1434 1263 lsraelis
1465 1234 1622 1262 vaticinium
1651 1233 1743 1261 nescio

949 1288 1003 1316 quo
1020 1282 1100 1309 modo
1123 1281 1157 1308 ad
1180 1281 1251 1308 hanc
1275 1280 1486 1315 disputationem
1512 1288 1562 1307 nos
1584 1279 1741 1311 abstraxit;

950 1333 1034 1361 quare
1049 1326 1145 1354 lsaiam
1161 1330 1315 1361 repetamus
1330 1336 1336 1354 :
1355 1335 1365 1352 t
1384 1326 1536 1354 Subvenite
1550 1333 1681 1360 oppresso
1693 1327 1715 1358 ’ς
1730 1335 1741 1351 ι

949 1372 996 1406 qui
1012 1380 1026 1399 a
1045 1372 1177 1407 discipulo
1192 1372 1326 1408 proditus.
1345 1379 1396 1400 nec
1408 1372 1497 1400 scelus
1512 1372 1632 1404 admisit,
1648 1378 1697 1399 nec
1715 1372 1740 1399 in

950 1416 1010 1451 ejus
1025 1424 1072 1445 ore
1090 1418 1215 1445 inventus
1231 1423 1274 1445 est
1285 1418 1371 1446 dolus.
1385 1418 1473 1453 Atque
1488 1417 1513 1444 id
1532 1417 1620 1445 Moses
1634 1424 1743 1452 quoque

949 1472 998 1492 vos
1011 1464 1168 1499 praedocuit,
1191 1464 1325 1498 siquidem
1344 1464 1466 1492 clamat:
1489 1473 1498 1490 t
1519 1463 1678 1491 Maledictus
1698 1463 1743 1497 qui

950 1510 1050 1545 accipit
1065 1517 1189 1542 munera,
1205 1515 1234 1537 ut
1252 1511 1385 1544 percutiat
1405 1510 1523 1538 animam
1539 1509 1679 1544 sanguinis
1700 1510 1742 1536 in-

108 1559 162 1581 stra
196 1555 308 1589 pusthac
331 1555 444 1590 jejunia,
468 1561 494 1583 et
522 1555 651 1589 Sabbata,
685 1561 767 1591 atque
793 1556 896 1584 Pascha
911 1566 932 1595 ς
950 1554 1072 1582 nocentis
1086 1554 1139 1585 ⁸.,ι
1156 1569 1191 1574 -
1210 1564 1220 1580 ι
1237 1555 1360 1583 Judicate
1386 1555 1498 1590 pupillo,
1519 1565 1528 1581 ι
1543 1555 1590 1589 qui
1614 1556 1640 1582 in
1669 1559 1740 1581 terra

107 1600 199 1632 obitis,
216 1608 269 1628 non
284 1601 368 1629 solum
386 1606 496 1637 propter
508 1607 609 1634 vatum,
625 1603 672 1630 sed
690 1603 896 1631 audacissimam

109 1653 217 1680 quoque
228 1647 406 1674 amantissimi
423 1647 631 1682 charissimique
642 1647 702 1674 Filii
720 1655 825 1675 necem.
842 1647 897 1674 lla-

109 1699 162 1726 que
178 1692 275 1720 salutis
288 1693 331 1720 vla
347 1698 471 1728 superest
486 1693 570 1725 nulla,
595 1701 681 1728 neque
698 1694 723 1720 iu
741 1693 798 1728 lege
821 1693 899 1728 quid-

109 1744 189 1770 quam
203 1738 338 1772 praesidii;
358 1739 404 1766 sed
418 1739 440 1766 si
455 1739 526 1766 illius
539 1739 604 1766 olim
622 1739 758 1766 felicitatis
777 1739 898 1766 lueredes

111 1782 168 1810 ﬁeri
199 1784 280 1811 vultis
304 1793 312 1812 :
342 1794 351 1811 ι
373 1785 525 1818 Lavamini,
542 1785 634 1812 mundi
667 1789 764 1818 estote,
795 1784 899 1812 auferte

111 1828 211 1854 malum
228 1829 421 1863 cogitationum
435 1835 586 1858 vestrarum
603 1831 636 1858 ab
647 1830 733 1858 oculis
751 1831 818 1858 meis
829 1831 863 1857 ’⁸.
886 1839 895 1855 ι

109 1874 166 1902 Nec
180 1875 361 1910 legislatorem
378 1884 430 1908 me,
446 1876 513 1911 legis
527 1881 683 1912 tegumenta
700 1877 789 1905 colere
803 1877 828 1904 in
842 1877 901 1904 ani-

110 1928 184 1949 mum
200 1921 330 1950 inducite.
364 1932 374 1949 t
393 1923 492 1951 Discite
516 1925 585 1951 bene
609 1923 718 1956 facere,
739 1933 749 1950 ι
774 1923 820 1958 qui
844 1923 900 1959 jam

110 1967 176 1995 inde
205 1974 220 1994 a
251 1967 324 1995 Mose
351 1970 483 1996 hactenus
511 1969 581 1997 bene
613 1969 716 1998 fecistis
748 1977 900 2004 nunquam.

114 2021 124 2038 ι
142 2013 260 2046 Quaerite
272 2013 402 2048 judicium
415 2015 449 2042 ".
467 2024 475 2040 ι
495 2015 544 2049 Ne,
563 2020 592 2042 ιιι
616 2015 733 2050 ingeniis
751 2016 817 2043 estis
835 2023 900 2042 sau~

111 2059 260 2093 guinariis,
286 2067 345 2094 qua:
368 2059 395 2086 in
422 2061 581 2095 prophetas,
602 2068 633 2088 ea
659 2061 684 2088 in
711 2062 900 2089 eharissimnm

112 2103 204 2129 animo
221 2109 280 2130 meo
299 2102 398 2130 Filium
414 2103 594 2138 designatote,
613 2105 660 2131 sed
680 2103 799 2137 lsraelis,
820 2105 900 2132 vestri

111 2148 396 2181 parentis,verborum
405 2153 568 2176 mementote
580 2158 587 2176 :
601 2158 610 2175 ι
630 2149 722 2177 Simon
734 2155 761 2177 et
771 2149 834 2178 Levi
848 2150 902 2177 fra-

113 2197 180 2225 tres,
205 2198 462 2220 consummaverunt
488 2193 658 2228 iniquitatem
680 2203 687 2220 :
711 2194 736 2221 in
759 2195 901 2222 consilium

949 1605 1054 1636 patrem
1065 1607 1119 1628 non
1137 1599 1242 1628 habuit.
1261 1609 1271 1626 t
1288 1600 1428 1628 Defendite
1444 1600 1554 1628 viduam
1566 1601 1587 1628 ".
1601 1609 1611 1627 ›
1626 1600 1743 1628 Uxorem

948 1647 1077 1674 creditam
1092 1646 1202 1681 Josephi
1230 1646 1334 1681 sponsi.
1355 1656 1364 1672 ι
1384 1646 1417 1673 Ει
1442 1647 1547 1679 venite,
1564 1646 1743 1681 disputemus,

949 1693 1014 1721 dicit
1031 1692 1169 1720 Dominus.
1188 1701 1197 1719 ι
1215 1692 1296 1727 Atqui
1320 1693 1348 1719 in
1370 1693 1490 1720 secundo
1507 1693 1624 1720 adventu
1643 1690 1743 1720 Christi

949 1739 1096 1774 disputatio
1120 1746 1173 1767 non
1198 1743 1250 1767 est.
1274 1738 1345 1772 Quid
1369 1739 1452 1774 igitur
1474 1744 1530 1772 est,
1556 1738 1744 1773 disputemus?

950 1785 1004 1813 Sua
1018 1792 1152 1820 quemque
1167 1785 1334 1814 conscientia
1360 1785 1467 1820 prodat,
1490 1789 1516 1813 et
1543 1785 1588 1819 qui
1613 1784 1744 1819 pra‘clarc

949 1830 1047 1863 currit,
1063 1835 1219 1858 antrorsum
1241 1829 1405 1864 contendat;
1430 1830 1476 1864 qui
1500 1829 1634 1864 peccavit,
1649 1836 1744 1857 emcn-

950 1876 1087 1903 dationem
1100 1875 1267 1910 pcenitudine
1282 1876 1418 1903 ostendat.
1435 1875 1482 1902 llis
1498 1874 1571 1902 enim
1586 1875 1716 1910 perfectis
1735 1884 1742 1902 :

953 1930 962 1947 ι
985 1921 1012 1949 Si
1035 1921 1134 1949 fuerint
1148 1925 1257 1956 peccata
1278 1914 1368 1949 vestra
1382 1926 1412 1949 ut
1429 1922 1583 1954 coccinum,
1601 1921 1677 1956 quasi
1697 1921 1742 1947 nis

951 1966 1151 1993 dealbabuntur
1165 1974 1171 1992 :
1188 1971 1215 1994 et
1230 1967 1253 1992 sl
1268 1965 1369 1993 fuerint
1380 1966 1460 1993 rubra
1474 1965 1553 2001 quasi
1571 1965 1744 1996 vermiculus,

951 2012 1023 2040 velut
1035 2011 1096 2039 lana
1109 2011 1168 2040 alba
1185 2015 1266 2039 erunt
1278 2011 1299 2038 ⁸.
1317 2021 1326 2038 ι
1345 2012 1460 2040 Perinde
1476 2020 1509 2039 ac
1524 2012 1626 2039 diceret
1640 2019 1647 2038 :
1666 2011 1744 2043 Quod

952 2058 975 2086 si
994 2058 1049 2095 (45)
1065 2058 1175 2094 punicei
1199 2059 1266 2087 estis
1285 2064 1407 2093 peccato,
1433 2058 1576 2092 minusque
1598 2058 1745 2092 sanguino-

952 2104 1028 2136 lenti,
1046 2109 1076 2131 ut
1100 2104 1148 2131 nix
1171 2103 1317 2137 albescite;
1344 2104 1384 2131 sin
1408 2108 1482 2131 ostro
1507 2104 1620 2135 similes,
1640 2107 1666 2129 et
1683 2111 1745 2130 san—

953 2150 1033 2185 guine
1049 2150 1131 2184 pleni,
1145 2150 1187 2177 vel
1206 2150 1274 2178 laute
1291 2150 1435 2177 candorem
1452 2149 1614 2184 pra‘vertite.
1632 2148 1697 2175 item
1713 2148 1745 2174 du

954 2203 1024 2223 novo
1046 2195 1156 2223 ftedere.
1175 2204 1185 2221 ι
1209 2195 1271 2222 Haec
1291 2194 1356 2222 dicit
1378 2194 1506 2221 Dominus
1525 2203 1532 2220 :
1557 2192 1745 2221 Servienlibus

111 2245 206 2264 eorum
224 2245 277 2265 non
292 2239 383 2265 veniat
398 2239 487 2265 anima
503 2247 562 2266 mea
576 2247 584 2266 :
601 2244 627 2267 et
651 2239 677 2266 in
693 2241 900 2274 congregatione
917 2240 939 2267 D
954 2242 1018 2270 mihi
1034 2242 1175 2270 vocabitur
1190 2250 1286 2269 nomen
1309 2249 1419 2273 novum,
1444 2242 1485 2267 cui
1505 2239 1680 2267 benedieetur
1695 2247 1743 2267 su>

110 2291 208 2311 eorum
225 2291 277 2310 non
292 2285 457 2311 contendant
469 2286 573 2312 viscera
591 2292 661 2319 mea,
678 2286 739 2319 quia
761 2286 790 2313 in
809 2286 901 2314 furore

111 2336 162 2356 suo
180 2329 375 2357 interfecerunt
390 2329 513 2357 homines
531 2339 540 2355 ι
561 2330 571 2366 (
585 2330 690 2358 scilicet
707 2332 853 2366 prophetas
868 2332 876 2366 )
893 2341 900 2360 :

113 2383 122 2399 ι
146 2378 174 2401 et
198 2374 225 2401 in
240 2374 386 2409 cupiditate
400 2383 448 2403 sua
471 2375 704 2404 subnervavcrunt
733 2381 839 2405 taurum
860 2378 898 2404 "t

112 2418 210 2452 (Deum
237 2423 265 2446 et
290 2420 426 2447 hominem
451 2419 566 2455 Jesuxu).
592 2421 719 2455 idemque
746 2424 902 2451 convocatis

111 2465 171 2491 suis
195 2464 257 2492 filiis
278 2464 361 2492 Jacob
384 2465 441 2492 ait:
465 2475 474 2492 t
497 2466 725 2502 Congregamini;
743 2477 752 2493 ι
769 2475 823 2496 non
846 2476 901 2504 quo

111 2510 147 2536 de
166 2510 315 2538 srelerihus
337 2518 384 2537 vos
409 2518 565 2546 coarguant,
589 2512 648 2544 sed,
663 2521 673 2538 ι
693 2516 722 2540 ιιι
743 2515 899 2542 annuntiem

112 2564 175 2591 quae
191 2563 301 2586 ventura
323 2563 385 2585 sunt
404 2559 479 2586 vobis
502 2559 529 2586 in
552 2559 648 2586 diebus
670 2560 823 2588 novissimis
835 2562 869 2588 ".
888 2570 897 2587 ι

113 2603 154 2630 Ac
171 2604 322 2636 recensitis,
342 2612 402 2639 qua:
427 2604 454 2631 in
478 2603 614 2631 Christum
639 2605 697 2632 ausi
721 2610 785 2633 sunt
806 2605 901 2639 Judzei,

113 2648 213 2675 addit:
234 2658 242 2674 ι
266 2649 380 2677 Lavabit
395 2650 422 2676 in
441 2650 502 2676 vino
518 2649 612 2676 stolam
637 2658 725 2685 suam,
744 2655 771 2678 et
795 2651 821 2678 in
838 2659 902 2678 san-

954 2296 1002 2324 per
1018 2293 1119 2315 terratn
1132 2288 1162 2321 ’;
1181 2297 1190 2314 ι
1216 2287 1375 2315 benedicent
1396 2287 1467 2314 enim
1489 2286 1572 2313 Deum
1592 2293 1696 2318 verum,
1718 2291 1744 2312 et

954 2336 999 2370 qui
1017 2335 1110 2369 jurant
1130 2342 1212 2370 super
1232 2338 1342 2366 terram,
1364 2334 1494 2368 jnrabunt
1519 2332 1604 2360 Deum
1629 2339 1742 2362 verum;

954 2381 1148 2409 oblivisceutur
1174 2380 1245 2407 enim
1273 2380 1453 2407 tribulationis
1478 2378 1578 2413 prioris
1604 2377 1744 2413 (nimirum

955 2428 1087 2455 idolorum
1102 2426 1306 2462 venerationis).
1327 2426 1358 2454 Et
1373 2426 1433 2461 quis
1449 2433 1529 2460 porro
1547 2425 1680 2459 Supremo
1695 2425 1744 2451 cb—

955 2473 1086 2508 ganniat?
1106 2472 1143 2500 De
1166 2472 1291 2507 gentibus
1315 2479 1377 2499 vero
1400 2472 1456 2499 hch
1478 2471 1598 2504 ejusdem
1607 2463 1662 2498 ‘est
1683 2477 1745 2496 sen-

957 2518 1038 2545 tentia
1051 2527 1058 2544 ι
1078 2527 1087 2544 t
1103 2518 1212 2552 Aperite
1228 2523 1331 2553 portas,
1353 2521 1380 2545 et
1395 2516 1562 2549 ingrediatur
1577 2523 1643 2550 gens
1658 2515 1744 2548 justa.

955 2562 1109 2591 custodiens
1123 2563 1264 2590 veritatem
1284 2563 1317 2595 ὀ,
1336 2573 1345 2589 ι
1372 2561 1580 2597 apprehendens
1600 2560 1743 2596 justitiam,

956 2615 1050 2635 amans
1069 2615 1173 2641 pacem,
1189 2608 1316 2642 quoniam
1333 2607 1451 2641 speravit
1466 2607 1491 2633 in
1506 2606 1673 2636 te.Domine.

992 2652 1124 2679 Caeterum
1149 2652 1239 2680 odisse
1266 2653 1349 2679 Deum
1361 2655 1423 2687 post
1447 2652 1551 2679 Christi
1580 2652 1743 2678 adventum.

151 2735 171 2750 "
189 2735 241 2762 lsa.
256 2743 276 2767 I,
291 2735 332 2762 15.
369 2737 393 2752 "
409 2736 473 2763 ibid.
488 2737 531 2764 M.
546 2737 569 2753 "
585 2737 668 2764 Zacli.
682 2745 720 2770 lx,
737 2737 770 2769 9;
789 2737 882 2765 Matth.

952 2760 954 2768 .
971 2739 997 2766 εἰ,
1036 2739 1059 2755 ’⁸
1073 2739 1152 2770 lsa.t,
1170 2740 1211 2766 Μ.
1250 2741 1272 2756 ⁸⁵
1288 2739 1406 2767 ὶὶιίό.15.
1444 2740 1467 2756 ’⁸
1483 2739 1546 2767 ibid.
1558 2738 1600 2766 16.
1638 2738 1662 2755 ⁸⁷
1676 2736 1742 2767 ibid.

116 2771 162 2797 l7.
200 2771 222 2785 ⁹⁸
240 2771 306 2796 Gen.
320 2779 392 2801 thx.
407 2772 432 2802 5,
448 2772 474 2799 fi.
512 2773 534 2788 ⁹⁹
550 2773 613 2799 ibid.
635 2773 681 2800 11.

113 2813 136 2838 ι,
154 2806 196 2832 l7.
237 2805 245 2819 ³
260 2805 335 2832 Deut.
352 2814 396 2837 xx,
411 2806 456 2833 25.
494 2807 504 2822 ⁷
522 2807 571 2834 lsa.
587 2815 605 2839 ι,
624 2807 664 2834 l7.

719 2773 729 2789 ¹
749 2773 814 2800 ibid.
830 2773 873 2799 ll.

154 2875 210 2911 (43)
227 2876 337 2904 Nazian.
352 2877 377 2903 in
400 2876 529 2911 Epip/mn.

912 2774 921 2788 ²
937 2773 1007 2800 Psai.
1025 2781 1128 2806 Lxxvn,
1141 2775 1184 2802 65.
1223 2775 1234 2790 ³
1249 2775 1316 2802 Gen.
1333 2783 1407 2805 χιιι,
1423 2775 1450 2802 9ο

705 2809 715 2823 ⁸
733 2807 797 2834 ibid.
815 2808 856 2834 18.
895 2809 904 2824 ’
919 2808 970 2835 lsa.
985 2817 1047 2841 ων,
1063 2810 1106 2840 lii,
1124 2810 1166 2836 16.

1490 2774 1500 2790 ⁴
1519 2775 1583 2801 ibid.
1601 2774 1625 2800 4.
1665 2774 1675 2788 ⁸
1691 2773 1741 2800 Ιιιειι,

1207 2811 1229 2826 ¹⁰
1246 2810 1298 2837 Ιςιι.
1314 2817 1388 2840 xxu.
1404 2811 1432 2837 2.
