  <div class='ocr_page' id='page_1' title='image "/cluster/home/n/w/nwhite01/storage/ocr_20150623/133/njp.32101007797895/468.png"; bbox 0 0 1955 3080; ppageno 0'>
   <div class='ocr_carea' id='block_1_1' title="bbox 52 120 565 169">
    <p class='ocr_par' dir='ltr' id='par_1_1' title="bbox 52 120 565 169">
     <span class='ocr_line' id='line_1_1' title="bbox 52 120 565 169; baseline -0.018 0"><span class='ocrx_word' id='word_1_1' title='bbox 52 120 129 169; x_wconf 70' lang='lat' dir='ltr'><strong>sea</strong></span> <span class='ocrx_word' id='word_1_2' title='bbox 552 125 565 135; x_wconf 77' lang='lat'><strong><em>&#39;</em></strong></span> 
     </span>
    </p>
   </div>
   <div class='ocr_carea' id='block_1_2' title="bbox 605 126 1150 161">
    <p class='ocr_par' dir='ltr' id='par_1_2' title="bbox 605 126 1150 161">
     <span class='ocr_line' id='line_1_2' title="bbox 605 126 1150 161; baseline -0.007 -1"><span class='ocrx_word' id='word_1_3' title='bbox 605 129 797 161; x_wconf 73' lang='lat' dir='ltr'><strong>DlALOGUS</strong></span> <span class='ocrx_word' id='word_1_4' title='bbox 812 129 962 159; x_wconf 66' lang='lat' dir='ltr'><strong>CONTRA</strong></span> <span class='ocrx_word' id='word_1_5' title='bbox 983 126 1150 158; x_wconf 78' lang='lat' dir='ltr'><strong>JUD/EOS.</strong></span> 
     </span>
    </p>
   </div>
   <div class='ocr_carea' id='block_1_3' title="bbox 1656 112 1709 145">
    <p class='ocr_par' dir='ltr' id='par_1_3' title="bbox 1656 112 1709 145">
     <span class='ocr_line' id='line_1_3' title="bbox 1656 112 1709 145; baseline 0.019 -1"><span class='ocrx_word' id='word_1_6' title='bbox 1656 112 1709 145; x_wconf 82' lang='lat'><strong>890</strong></span> 
     </span>
    </p>
   </div>
   <div class='ocr_carea' id='block_1_4' title="bbox 70 173 1704 230">
    <p class='ocr_par' dir='ltr' id='par_1_4' title="bbox 70 173 1704 230">
     <span class='ocr_line' id='line_1_4' title="bbox 70 173 1704 230; baseline -0.015 -8"><span class='ocrx_word' id='word_1_7' title='bbox 70 195 141 230; x_wconf 85' lang='lat' dir='ltr'><strong>quia</strong></span> <span class='ocrx_word' id='word_1_8' title='bbox 168 194 211 221; x_wconf 77' lang='lat' dir='ltr'><strong>les</strong></span> <span class='ocrx_word' id='word_1_9' title='bbox 235 201 250 220; x_wconf 86' lang='lat' dir='ltr'><strong>a</strong></span> <span class='ocrx_word' id='word_1_10' title='bbox 273 200 317 220; x_wconf 81' lang='lat' dir='ltr'><strong>me</strong></span> <span class='ocrx_word' id='word_1_11' title='bbox 339 191 501 227; x_wconf 69' lang='lat' dir='ltr'><strong>egredietur,</strong></span> <span class='ocrx_word' id='word_1_12' title='bbox 523 194 550 218; x_wconf 89' lang='lat' dir='ltr'><strong>et</strong></span> <span class='ocrx_word' id='word_1_13' title='bbox 570 189 702 225; x_wconf 83' lang='lat' dir='ltr'><strong>judicium</strong></span> <span class='ocrx_word' id='word_1_14' title='bbox 727 197 816 217; x_wconf 81' lang='lat' dir='ltr'><strong>meum</strong></span> <span class='ocrx_word' id='word_1_15' title='bbox 841 189 869 215; x_wconf 89' lang='lat' dir='ltr'><strong>in</strong></span> <span class='ocrx_word' id='word_1_16' title='bbox 883 188 908 218; x_wconf 76' lang='grc' dir='ltr'><strong>Δ</strong></span> <span class='ocrx_word' id='word_1_17' title='bbox 921 193 947 216; x_wconf 84' lang='lat' dir='ltr'><strong>et</strong></span> <span class='ocrx_word' id='word_1_18' title='bbox 962 186 1066 215; x_wconf 83' lang='lat' dir='ltr'><strong>tollcris</strong></span> <span class='ocrx_word' id='word_1_19' title='bbox 1080 186 1113 212; x_wconf 88' lang='lat' dir='ltr'><strong>de</strong></span> <span class='ocrx_word' id='word_1_20' title='bbox 1125 181 1326 218; x_wconf 75' lang='lat' dir='ltr'><strong>dispensatione</strong></span> <span class='ocrx_word' id='word_1_21' title='bbox 1338 184 1383 207; x_wconf 88' lang='lat' dir='ltr'><strong>tua</strong></span> <span class='ocrx_word' id='word_1_22' title='bbox 1398 181 1426 206; x_wconf 89' lang='lat' dir='ltr'><strong>et</strong></span> <span class='ocrx_word' id='word_1_23' title='bbox 1442 176 1474 204; x_wconf 85' lang='lat' dir='ltr'><strong>de</strong></span> <span class='ocrx_word' id='word_1_24' title='bbox 1488 174 1571 212; x_wconf 77' lang='lat' dir='ltr'><strong>gradu</strong></span> <span class='ocrx_word' id='word_1_25' title='bbox 1585 177 1631 200; x_wconf 90' lang='lat' dir='ltr'><strong>tuo</strong></span> <span class='ocrx_word' id='word_1_26' title='bbox 1643 173 1676 198; x_wconf 85' lang='grc'><strong>³⁷.</strong></span> <span class='ocrx_word' id='word_1_27' title='bbox 1693 181 1704 197; x_wconf 74' lang='grc' dir='ltr'><strong>ι</strong></span> 
     </span>
     <span class='ocr_line' id='line_1_5' title="bbox 1234 218 1704 230; baseline -0.021 4"><span class='ocrx_word' id='word_1_28' title='bbox 1234 228 1240 230; x_wconf 69' lang='lat'>.</span> <span class='ocrx_word' id='word_1_29' title='bbox 1365 227 1368 230; x_wconf 98' lang='lat'>.</span> <span class='ocrx_word' id='word_1_30' title='bbox 1447 223 1454 230; x_wconf 91' lang='lat'><em>.</em></span> <span class='ocrx_word' id='word_1_31' title='bbox 1475 223 1494 230; x_wconf 85' lang='lat'><strong><em>..</em></strong></span> <span class='ocrx_word' id='word_1_32' title='bbox 1536 229 1542 230; x_wconf 27' lang='grc' dir='ltr'><em>γ</em></span> <span class='ocrx_word' id='word_1_33' title='bbox 1564 229 1567 230; x_wconf 28' lang='grc' dir='ltr'><em>ν</em></span> <span class='ocrx_word' id='word_1_34' title='bbox 1592 229 1596 230; x_wconf 27' lang='grc' dir='ltr'><em>ν</em></span> <span class='ocrx_word' id='word_1_35' title='bbox 1621 218 1704 230; x_wconf 53' lang='lat' dir='ltr'><strong>mm</strong></span> 
     </span>
    </p>
   </div>
   <div class='ocr_carea' id='block_1_5' title="bbox 72 236 868 276">
    <p class='ocr_par' dir='ltr' id='par_1_5' title="bbox 72 236 868 276">
     <span class='ocr_line' id='line_1_6' title="bbox 72 236 868 276; baseline -0.009 -8"><span class='ocrx_word' id='word_1_36' title='bbox 72 242 168 268; x_wconf 83' lang='lat' dir='ltr'><strong>lucem</strong></span> <span class='ocrx_word' id='word_1_37' title='bbox 190 240 322 276; x_wconf 71' lang='lat' dir='ltr'><strong>gentium.</strong></span> <span class='ocrx_word' id='word_1_38' title='bbox 341 237 547 273; x_wconf 70' lang='lat' dir='ltr'><strong>Appropinquat</strong></span> <span class='ocrx_word' id='word_1_39' title='bbox 571 237 628 264; x_wconf 91' lang='lat' dir='ltr'><strong>cito</strong></span> <span class='ocrx_word' id='word_1_40' title='bbox 651 236 755 271; x_wconf 72' lang='lat' dir='ltr'><strong>iustitia</strong></span> <span class='ocrx_word' id='word_1_41' title='bbox 784 242 868 262; x_wconf 87' lang='lat' dir='ltr'><strong>mea:</strong></span> 
     </span>
    </p>
   </div>
   <div class='ocr_carea' id='block_1_6' title="bbox 73 280 870 318">
    <p class='ocr_par' dir='ltr' id='par_1_6' title="bbox 73 280 870 318">
     <span class='ocr_line' id='line_1_7' title="bbox 73 280 870 318; baseline -0.008 -6"><span class='ocrx_word' id='word_1_42' title='bbox 73 292 103 313; x_wconf 82' lang='lat' dir='ltr'><strong>ct</strong></span> <span class='ocrx_word' id='word_1_43' title='bbox 127 285 284 318; x_wconf 80' lang='lat' dir='ltr'><strong>egredietur</strong></span> <span class='ocrx_word' id='word_1_44' title='bbox 300 284 370 311; x_wconf 90' lang='lat' dir='ltr'><strong>sicut</strong></span> <span class='ocrx_word' id='word_1_45' title='bbox 382 283 440 316; x_wconf 78' lang='lat' dir='ltr'><strong>lux,</strong></span> <span class='ocrx_word' id='word_1_46' title='bbox 456 282 576 309; x_wconf 84' lang='lat' dir='ltr'><strong>salutare</strong></span> <span class='ocrx_word' id='word_1_47' title='bbox 591 289 679 308; x_wconf 88' lang='lat' dir='ltr'><strong>meum</strong></span> <span class='ocrx_word' id='word_1_48' title='bbox 694 289 702 307; x_wconf 94' lang='lat'><strong>:</strong></span> <span class='ocrx_word' id='word_1_49' title='bbox 720 286 746 307; x_wconf 86' lang='lat' dir='ltr'><strong>et</strong></span> <span class='ocrx_word' id='word_1_50' title='bbox 765 280 792 306; x_wconf 91' lang='lat' dir='ltr'><strong>in</strong></span> <span class='ocrx_word' id='word_1_51' title='bbox 809 281 870 307; x_wconf 86' lang='lat' dir='ltr'><strong>bra-</strong></span> 
     </span>
    </p>
   </div>
   <div class='ocr_carea' id='block_1_7' title="bbox 75 326 872 365">
    <p class='ocr_par' dir='ltr' id='par_1_7' title="bbox 75 326 872 365">
     <span class='ocr_line' id='line_1_8' title="bbox 75 326 872 365; baseline -0.009 -6"><span class='ocrx_word' id='word_1_52' title='bbox 75 333 144 360; x_wconf 89' lang='lat' dir='ltr'><strong>chio</strong></span> <span class='ocrx_word' id='word_1_53' title='bbox 168 339 230 358; x_wconf 89' lang='lat' dir='ltr'><strong>meo</strong></span> <span class='ocrx_word' id='word_1_54' title='bbox 253 335 347 365; x_wconf 71' lang='lat' dir='ltr'><strong>gentes</strong></span> <span class='ocrx_word' id='word_1_55' title='bbox 365 331 511 364; x_wconf 82' lang='lat' dir='ltr'><strong>sperabunt</strong></span> <span class='ocrx_word' id='word_1_56' title='bbox 523 329 557 355; x_wconf 83' lang='lat'><strong>&quot;.</strong></span> <span class='ocrx_word' id='word_1_57' title='bbox 574 337 584 353; x_wconf 73' lang='grc' dir='ltr'><strong><em>ι</em></strong></span> <span class='ocrx_word' id='word_1_58' title='bbox 603 327 732 354; x_wconf 67' lang='lat' dir='ltr'><strong>Michteas</strong></span> <span class='ocrx_word' id='word_1_59' title='bbox 747 326 780 353; x_wconf 81' lang='lat' dir='ltr'><strong>de</strong></span> <span class='ocrx_word' id='word_1_60' title='bbox 801 333 872 353; x_wconf 88' lang='lat' dir='ltr'><strong>uovo</strong></span> 
     </span>
    </p>
   </div>
   <div class='ocr_carea' id='block_1_8' title="bbox 78 369 871 419">
    <p class='ocr_par' dir='ltr' id='par_1_8' title="bbox 78 369 871 419">
     <span class='ocr_line' id='line_1_9' title="bbox 78 369 871 419; baseline -0.01 -16"><span class='ocrx_word' id='word_1_61' title='bbox 78 377 199 419; x_wconf 64' lang='lat' dir='ltr'><strong>findere,</strong></span> <span class='ocrx_word' id='word_1_62' title='bbox 218 374 374 409; x_wconf 79' lang='lat' dir='ltr'><strong>Evangelio,</strong></span> <span class='ocrx_word' id='word_1_63' title='bbox 389 373 510 406; x_wconf 86' lang='lat' dir='ltr'><strong>inquam,</strong></span> <span class='ocrx_word' id='word_1_64' title='bbox 527 372 639 402; x_wconf 84' lang='lat' dir='ltr'><strong>Christi.</strong></span> <span class='ocrx_word' id='word_1_65' title='bbox 654 371 692 397; x_wconf 85' lang='lat' dir='ltr'><strong>ait</strong></span> <span class='ocrx_word' id='word_1_66' title='bbox 709 379 717 397; x_wconf 88' lang='lat'><strong>:</strong></span> <span class='ocrx_word' id='word_1_67' title='bbox 732 379 741 395; x_wconf 74' lang='grc' dir='ltr'>ι</span> <span class='ocrx_word' id='word_1_68' title='bbox 758 369 789 396; x_wconf 79' lang='lat' dir='ltr'><strong>Et</strong></span> <span class='ocrx_word' id='word_1_69' title='bbox 801 369 871 396; x_wconf 83' lang='lat' dir='ltr'><strong>erit:</strong></span> 
     </span>
    </p>
   </div>
   <div class='ocr_carea' id='block_1_9' title="bbox 79 413 873 453">
    <p class='ocr_par' dir='ltr' id='par_1_9' title="bbox 79 413 873 453">
     <span class='ocr_line' id='line_1_10' title="bbox 79 413 873 453; baseline -0.01 -6"><span class='ocrx_word' id='word_1_70' title='bbox 79 420 107 447; x_wconf 90' lang='lat' dir='ltr'><strong>lu</strong></span> <span class='ocrx_word' id='word_1_71' title='bbox 125 413 392 453; x_wconf 60' lang='lat' dir='ltr'><strong>novissimoﬂierum</strong></span> <span class='ocrx_word' id='word_1_72' title='bbox 406 417 460 443; x_wconf 86' lang='lat' dir='ltr'><strong>erit</strong></span> <span class='ocrx_word' id='word_1_73' title='bbox 477 424 554 444; x_wconf 84' lang='lat' dir='ltr'><strong>mons</strong></span> <span class='ocrx_word' id='word_1_74' title='bbox 566 415 662 443; x_wconf 87' lang='lat' dir='ltr'><strong>domus</strong></span> <span class='ocrx_word' id='word_1_75' title='bbox 681 413 787 441; x_wconf 84' lang='lat' dir='ltr'><strong>Domini</strong></span> <span class='ocrx_word' id='word_1_76' title='bbox 803 420 873 447; x_wconf 73' lang='lat' dir='ltr'><strong>prat-</strong></span> 
     </span>
    </p>
   </div>
   <div class='ocr_carea' id='block_1_10' title="bbox 79 460 876 502">
    <p class='ocr_par' dir='ltr' id='par_1_10' title="bbox 79 460 876 502">
     <span class='ocr_line' id='line_1_11' title="bbox 79 460 876 502; baseline -0.009 -11"><span class='ocrx_word' id='word_1_77' title='bbox 79 471 196 502; x_wconf 71' lang='lat' dir='ltr'><strong>pamtus</strong></span> <span class='ocrx_word' id='word_1_78' title='bbox 221 466 249 492; x_wconf 88' lang='lat' dir='ltr'><strong>in</strong></span> <span class='ocrx_word' id='word_1_79' title='bbox 279 464 382 491; x_wconf 85' lang='lat' dir='ltr'><strong>vertice</strong></span> <span class='ocrx_word' id='word_1_80' title='bbox 409 463 562 495; x_wconf 87' lang='lat' dir='ltr'><strong>montium,</strong></span> <span class='ocrx_word' id='word_1_81' title='bbox 587 466 615 488; x_wconf 92' lang='lat' dir='ltr'><strong>et</strong></span> <span class='ocrx_word' id='word_1_82' title='bbox 640 460 764 488; x_wconf 74' lang='lat' dir='ltr'><strong>sublimis</strong></span> <span class='ocrx_word' id='word_1_83' title='bbox 793 465 876 494; x_wconf 86' lang='lat' dir='ltr'><strong>super</strong></span> 
     </span>
    </p>
   </div>
   <div class='ocr_carea' id='block_1_11' title="bbox 80 505 874 542">
    <p class='ocr_par' dir='ltr' id='par_1_11' title="bbox 80 505 874 542">
     <span class='ocr_line' id='line_1_12' title="bbox 80 505 874 542; baseline -0.014 -1"><span class='ocrx_word' id='word_1_84' title='bbox 80 514 193 541; x_wconf 78' lang='lat' dir='ltr'><strong>colles:</strong></span> <span class='ocrx_word' id='word_1_85' title='bbox 210 516 237 540; x_wconf 92' lang='lat' dir='ltr'><strong>et</strong></span> <span class='ocrx_word' id='word_1_86' title='bbox 262 511 347 538; x_wconf 80' lang='lat' dir='ltr'><strong>liuent</strong></span> <span class='ocrx_word' id='word_1_87' title='bbox 374 510 407 536; x_wconf 83' lang='lat' dir='ltr'><strong>ad</strong></span> <span class='ocrx_word' id='word_1_88' title='bbox 431 516 493 536; x_wconf 87' lang='lat' dir='ltr'><strong>eum</strong></span> <span class='ocrx_word' id='word_1_89' title='bbox 525 507 614 542; x_wconf 78' lang='lat' dir='ltr'><strong>populi</strong></span> <span class='ocrx_word' id='word_1_90' title='bbox 640 511 667 534; x_wconf 87' lang='lat' dir='ltr'><strong>et</strong></span> <span class='ocrx_word' id='word_1_91' title='bbox 692 505 874 540; x_wconf 70' lang='lat' dir='ltr'><strong>properabant</strong></span> 
     </span>
    </p>
   </div>
   <div class='ocr_carea' id='block_1_12' title="bbox 81 549 874 595">
    <p class='ocr_par' dir='ltr' id='par_1_12' title="bbox 81 549 874 595">
     <span class='ocr_line' id='line_1_13' title="bbox 81 549 874 595; baseline -0.013 -9"><span class='ocrx_word' id='word_1_92' title='bbox 81 564 182 595; x_wconf 73' lang='lat' dir='ltr'><strong>gentes</strong></span> <span class='ocrx_word' id='word_1_93' title='bbox 204 558 306 590; x_wconf 72' lang='lat' dir='ltr'><strong>multm,</strong></span> <span class='ocrx_word' id='word_1_94' title='bbox 332 560 359 584; x_wconf 90' lang='lat' dir='ltr'><strong>et</strong></span> <span class='ocrx_word' id='word_1_95' title='bbox 384 554 496 582; x_wconf 77' lang='lat' dir='ltr'><strong>dicent:</strong></span> <span class='ocrx_word' id='word_1_96' title='bbox 512 552 617 584; x_wconf 83' lang='lat' dir='ltr'><strong>Venite,</strong></span> <span class='ocrx_word' id='word_1_97' title='bbox 634 551 817 579; x_wconf 74' lang='lat' dir='ltr'><strong>ascendamus</strong></span> <span class='ocrx_word' id='word_1_98' title='bbox 839 549 874 576; x_wconf 76' lang='lat' dir='ltr'><strong>ad</strong></span> 
     </span>
    </p>
   </div>
   <div class='ocr_carea' id='block_1_13' title="bbox 83 594 875 634">
    <p class='ocr_par' dir='ltr' id='par_1_13' title="bbox 83 594 875 634">
     <span class='ocr_line' id='line_1_14' title="bbox 83 594 875 634; baseline -0.014 -2"><span class='ocrx_word' id='word_1_99' title='bbox 83 594 208 633; x_wconf 69' lang='lat' dir='ltr'><strong>montem</strong></span> <span class='ocrx_word' id='word_1_100' title='bbox 229 601 344 634; x_wconf 80' lang='lat' dir='ltr'><strong>Domini,</strong></span> <span class='ocrx_word' id='word_1_101' title='bbox 365 606 394 628; x_wconf 84' lang='lat' dir='ltr'><strong>et</strong></span> <span class='ocrx_word' id='word_1_102' title='bbox 410 600 444 627; x_wconf 85' lang='lat' dir='ltr'><strong>ad</strong></span> <span class='ocrx_word' id='word_1_103' title='bbox 458 599 569 626; x_wconf 87' lang='lat' dir='ltr'><strong>domum</strong></span> <span class='ocrx_word' id='word_1_104' title='bbox 587 597 634 624; x_wconf 87' lang='lat' dir='ltr'><strong>Dei</strong></span> <span class='ocrx_word' id='word_1_105' title='bbox 651 596 735 624; x_wconf 87' lang='lat' dir='ltr'><strong>Jacob</strong></span> <span class='ocrx_word' id='word_1_106' title='bbox 746 595 777 622; x_wconf 73' lang='grc'><strong>⁸⁵.</strong></span> <span class='ocrx_word' id='word_1_107' title='bbox 795 604 805 621; x_wconf 76' lang='grc' dir='ltr'><strong><em>ι</em></strong></span> <span class='ocrx_word' id='word_1_108' title='bbox 823 594 875 622; x_wconf 86' lang='lat' dir='ltr'><strong>Ubi</strong></span> 
     </span>
    </p>
   </div>
   <div class='ocr_carea' id='block_1_14' title="bbox 88 642 877 678">
    <p class='ocr_par' dir='ltr' id='par_1_14' title="bbox 88 642 877 678">
     <span class='ocr_line' id='line_1_15' title="bbox 88 642 877 678; baseline -0.015 1"><span class='ocrx_word' id='word_1_109' title='bbox 88 662 99 678; x_wconf 76' lang='grc' dir='ltr'><strong><em>ο</em></strong></span> <span class='ocrx_word' id='word_1_110' title='bbox 131 656 251 678; x_wconf 89' lang='lat' dir='ltr'><strong>montem</strong></span> <span class='ocrx_word' id='word_1_111' title='bbox 277 647 383 675; x_wconf 83' lang='lat' dir='ltr'><strong>Domini</strong></span> <span class='ocrx_word' id='word_1_112' title='bbox 403 655 412 672; x_wconf 71' lang='grc' dir='ltr'>ι</span> <span class='ocrx_word' id='word_1_113' title='bbox 432 650 510 672; x_wconf 80' lang='lat' dir='ltr'><strong>vocat</strong></span> <span class='ocrx_word' id='word_1_114' title='bbox 536 644 704 678; x_wconf 84' lang='lat' dir='ltr'><strong>Deiparam:</strong></span> <span class='ocrx_word' id='word_1_115' title='bbox 725 651 735 668; x_wconf 73' lang='grc' dir='ltr'>ι</span> <span class='ocrx_word' id='word_1_116' title='bbox 764 642 877 669; x_wconf 74' lang='lat' dir='ltr'><strong>Domum</strong></span> 
     </span>
    </p>
   </div>
   <div class='ocr_carea' id='block_1_15' title="bbox 87 689 879 725">
    <p class='ocr_par' dir='ltr' id='par_1_15' title="bbox 87 689 879 725">
     <span class='ocr_line' id='line_1_16' title="bbox 87 689 879 725; baseline -0.013 -1"><span class='ocrx_word' id='word_1_117' title='bbox 87 697 137 724; x_wconf 81' lang='lat' dir='ltr'><strong>Dei</strong></span> <span class='ocrx_word' id='word_1_118' title='bbox 159 696 242 725; x_wconf 87' lang='lat' dir='ltr'><strong>Jacob</strong></span> <span class='ocrx_word' id='word_1_119' title='bbox 261 705 270 721; x_wconf 76' lang='grc' dir='ltr'>ι</span> <span class='ocrx_word' id='word_1_120' title='bbox 289 699 316 722; x_wconf 91' lang='lat' dir='ltr'><strong>et</strong></span> <span class='ocrx_word' id='word_1_121' title='bbox 333 693 443 720; x_wconf 86' lang='lat' dir='ltr'><strong>Davidis</strong></span> <span class='ocrx_word' id='word_1_122' title='bbox 458 692 522 719; x_wconf 82' lang='lat' dir='ltr'><strong>dicit</strong></span> <span class='ocrx_word' id='word_1_123' title='bbox 537 690 685 717; x_wconf 79' lang='lat' dir='ltr'><strong>Bethleem.</strong></span> <span class='ocrx_word' id='word_1_124' title='bbox 708 689 735 715; x_wconf 83' lang='lat' dir='ltr'><strong>ld</strong></span> <span class='ocrx_word' id='word_1_125' title='bbox 761 690 833 715; x_wconf 86' lang='lat' dir='ltr'><strong>enim</strong></span> <span class='ocrx_word' id='word_1_126' title='bbox 851 690 879 714; x_wconf 80' lang='lat' dir='ltr'><strong>et</strong></span> 
     </span>
    </p>
   </div>
   <div class='ocr_carea' id='block_1_16' title="bbox 89 732 878 775">
    <p class='ocr_par' dir='ltr' id='par_1_16' title="bbox 89 732 878 775">
     <span class='ocr_line' id='line_1_17' title="bbox 89 732 878 775; baseline -0.015 -5"><span class='ocrx_word' id='word_1_127' title='bbox 89 744 179 770; x_wconf 82' lang='lat' dir='ltr'><strong>Lucas</strong></span> <span class='ocrx_word' id='word_1_128' title='bbox 192 740 357 775; x_wconf 74' lang='lat' dir='ltr'><strong>evangelista</strong></span> <span class='ocrx_word' id='word_1_129' title='bbox 373 739 453 765; x_wconf 89' lang='lat' dir='ltr'><strong>docet</strong></span> <span class='ocrx_word' id='word_1_130' title='bbox 468 738 496 764; x_wconf 87' lang='lat' dir='ltr'><strong>io</strong></span> <span class='ocrx_word' id='word_1_131' title='bbox 512 737 571 764; x_wconf 69' lang='lat' dir='ltr'><strong>lucc</strong></span> <span class='ocrx_word' id='word_1_132' title='bbox 585 737 689 762; x_wconf 81' lang='lat' dir='ltr'><strong>verba:</strong></span> <span class='ocrx_word' id='word_1_133' title='bbox 709 744 721 760; x_wconf 74' lang='grc' dir='ltr'><strong><em>ι</em></strong></span> <span class='ocrx_word' id='word_1_134' title='bbox 748 732 878 760; x_wconf 77' lang='lat' dir='ltr'><strong>Ascendit</strong></span> 
     </span>
    </p>
   </div>
   <div class='ocr_carea' id='block_1_17' title="bbox 88 779 879 822">
    <p class='ocr_par' dir='ltr' id='par_1_17' title="bbox 88 779 879 822">
     <span class='ocr_line' id='line_1_18' title="bbox 88 779 879 822; baseline -0.015 -4"><span class='ocrx_word' id='word_1_135' title='bbox 88 796 181 818; x_wconf 85' lang='lat' dir='ltr'><strong>autem</strong></span> <span class='ocrx_word' id='word_1_136' title='bbox 209 793 235 816; x_wconf 80' lang='lat' dir='ltr'><strong>et</strong></span> <span class='ocrx_word' id='word_1_137' title='bbox 256 787 358 822; x_wconf 80' lang='lat' dir='ltr'><strong>Joseph</strong></span> <span class='ocrx_word' id='word_1_138' title='bbox 382 786 493 813; x_wconf 76' lang='lat' dir='ltr'><strong>Galiltea</strong></span> <span class='ocrx_word' id='word_1_139' title='bbox 508 786 542 812; x_wconf 79' lang='lat' dir='ltr'><strong>de</strong></span> <span class='ocrx_word' id='word_1_140' title='bbox 565 785 675 812; x_wconf 73' lang='lat' dir='ltr'><strong>civitate</strong></span> <span class='ocrx_word' id='word_1_141' title='bbox 700 781 835 809; x_wconf 78' lang='lat' dir='ltr'><strong>Naaareth</strong></span> <span class='ocrx_word' id='word_1_142' title='bbox 851 779 879 806; x_wconf 77' lang='lat' dir='ltr'><strong>in</strong></span> 
     </span>
    </p>
   </div>
   <div class='ocr_carea' id='block_1_18' title="bbox 87 827 878 864">
    <p class='ocr_par' dir='ltr' id='par_1_18' title="bbox 87 827 878 864">
     <span class='ocr_line' id='line_1_19' title="bbox 87 827 878 864; baseline -0.015 -1"><span class='ocrx_word' id='word_1_143' title='bbox 87 835 211 863; x_wconf 66' lang='lat' dir='ltr'><strong>Judaeum</strong></span> <span class='ocrx_word' id='word_1_144' title='bbox 229 834 367 860; x_wconf 87' lang='lat' dir='ltr'><strong>civitatem</strong></span> <span class='ocrx_word' id='word_1_145' title='bbox 391 831 486 861; x_wconf 84' lang='lat' dir='ltr'><strong>David.</strong></span> <span class='ocrx_word' id='word_1_146' title='bbox 503 838 562 864; x_wconf 62' lang='lat' dir='ltr'><strong>quin</strong></span> <span class='ocrx_word' id='word_1_147' title='bbox 589 833 701 856; x_wconf 76' lang='lat' dir='ltr'><strong>vocatur</strong></span> <span class='ocrx_word' id='word_1_148' title='bbox 718 827 856 856; x_wconf 68' lang='lat' dir='ltr'><strong>Bethleem</strong></span> <span class='ocrx_word' id='word_1_149' title='bbox 870 834 878 852; x_wconf 89' lang='lat'><strong>:</strong></span> 
     </span>
    </p>
   </div>
   <div class='ocr_carea' id='block_1_19' title="bbox 89 873 881 917">
    <p class='ocr_par' dir='ltr' id='par_1_19' title="bbox 89 873 881 917">
     <span class='ocr_line' id='line_1_20' title="bbox 89 873 881 917; baseline -0.015 -7"><span class='ocrx_word' id='word_1_150' title='bbox 89 890 123 910; x_wconf 80' lang='lat' dir='ltr'><strong>eo</strong></span> <span class='ocrx_word' id='word_1_151' title='bbox 137 881 212 917; x_wconf 84' lang='lat' dir='ltr'><strong>quod</strong></span> <span class='ocrx_word' id='word_1_152' title='bbox 225 886 295 908; x_wconf 83' lang='lat' dir='ltr'><strong>esset</strong></span> <span class='ocrx_word' id='word_1_153' title='bbox 311 880 344 907; x_wconf 89' lang='lat' dir='ltr'><strong>de</strong></span> <span class='ocrx_word' id='word_1_154' title='bbox 357 879 439 906; x_wconf 87' lang='lat' dir='ltr'><strong>domo</strong></span> <span class='ocrx_word' id='word_1_155' title='bbox 451 882 478 905; x_wconf 88' lang='lat' dir='ltr'><strong>et</strong></span> <span class='ocrx_word' id='word_1_156' title='bbox 493 876 594 904; x_wconf 77' lang='lat' dir='ltr'><strong>familia</strong></span> <span class='ocrx_word' id='word_1_157' title='bbox 607 875 702 905; x_wconf 81' lang='lat' dir='ltr'><strong>David.</strong></span> <span class='ocrx_word' id='word_1_158' title='bbox 723 879 752 901; x_wconf 89' lang='lat' dir='ltr'><strong>nt</strong></span> <span class='ocrx_word' id='word_1_159' title='bbox 768 873 881 908; x_wconf 73' lang='lat' dir='ltr'><strong>proﬁte-</strong></span> 
     </span>
    </p>
   </div>
   <div class='ocr_carea' id='block_1_20' title="bbox 91 922 767 959">
    <p class='ocr_par' dir='ltr' id='par_1_20' title="bbox 91 922 767 959">
     <span class='ocr_line' id='line_1_21' title="bbox 91 922 767 959; baseline -0.013 -4"><span class='ocrx_word' id='word_1_160' title='bbox 91 933 169 956; x_wconf 85' lang='lat' dir='ltr'><strong>retur</strong></span> <span class='ocrx_word' id='word_1_161' title='bbox 181 935 242 954; x_wconf 89' lang='lat' dir='ltr'><strong>cum</strong></span> <span class='ocrx_word' id='word_1_162' title='bbox 257 926 339 953; x_wconf 84' lang='lat' dir='ltr'><strong>Maria</strong></span> <span class='ocrx_word' id='word_1_163' title='bbox 357 925 517 959; x_wconf 78' lang='lat' dir='ltr'><strong>desponsata</strong></span> <span class='ocrx_word' id='word_1_164' title='bbox 531 923 583 950; x_wconf 89' lang='lat' dir='ltr'><strong>sibi</strong></span> <span class='ocrx_word' id='word_1_165' title='bbox 596 929 679 949; x_wconf 81' lang='lat' dir='ltr'><strong>uxore</strong></span> <span class='ocrx_word' id='word_1_166' title='bbox 691 922 736 948; x_wconf 71' lang='grc'><strong>⁸⁸⁵.</strong></span> <span class='ocrx_word' id='word_1_167' title='bbox 756 929 767 945; x_wconf 76' lang='grc' dir='ltr'><strong><em>ι</em></strong></span> 
     </span>
    </p>
   </div>
   <div class='ocr_carea' id='block_1_21' title="bbox 128 966 883 1005">
    <p class='ocr_par' dir='ltr' id='par_1_21' title="bbox 128 966 883 1005">
     <span class='ocr_line' id='line_1_22' title="bbox 128 966 883 1005; baseline -0.013 -4"><span class='ocrx_word' id='word_1_168' title='bbox 128 972 313 1002; x_wconf 57' lang='grc' dir='ltr'><strong>ὃθάλνάῐὶρίηρ</strong></span> <span class='ocrx_word' id='word_1_169' title='bbox 328 971 429 1005; x_wconf 83' lang='lat' dir='ltr'><strong>scripta</strong></span> <span class='ocrx_word' id='word_1_170' title='bbox 445 974 643 997; x_wconf 81' lang='lat' dir='ltr'><strong>retractemus:</strong></span> <span class='ocrx_word' id='word_1_171' title='bbox 659 977 668 993; x_wconf 77' lang='grc' dir='ltr'>ι</span> <span class='ocrx_word' id='word_1_172' title='bbox 686 966 883 998; x_wconf 80' lang='lat' dir='ltr'><strong>Ascendamus,</strong></span> 
     </span>
    </p>
   </div>
   <div class='ocr_carea' id='block_1_22' title="bbox 92 1012 885 1054">
    <p class='ocr_par' dir='ltr' id='par_1_22' title="bbox 92 1012 885 1054">
     <span class='ocr_line' id='line_1_23' title="bbox 92 1012 885 1054; baseline -0.01 -8"><span class='ocrx_word' id='word_1_173' title='bbox 92 1021 216 1054; x_wconf 73' lang='lat' dir='ltr'><strong>inquam,</strong></span> <span class='ocrx_word' id='word_1_174' title='bbox 230 1019 262 1045; x_wconf 84' lang='lat' dir='ltr'><strong>ad</strong></span> <span class='ocrx_word' id='word_1_175' title='bbox 276 1018 385 1045; x_wconf 90' lang='lat' dir='ltr'><strong>domum</strong></span> <span class='ocrx_word' id='word_1_176' title='bbox 403 1017 450 1044; x_wconf 90' lang='lat' dir='ltr'><strong>Dei</strong></span> <span class='ocrx_word' id='word_1_177' title='bbox 471 1015 566 1047; x_wconf 82' lang='lat' dir='ltr'><strong>Jacob,</strong></span> <span class='ocrx_word' id='word_1_178' title='bbox 591 1019 619 1042; x_wconf 87' lang='lat' dir='ltr'><strong>et</strong></span> <span class='ocrx_word' id='word_1_179' title='bbox 642 1013 751 1041; x_wconf 76' lang='lat' dir='ltr'><strong>docebit</strong></span> <span class='ocrx_word' id='word_1_180' title='bbox 773 1020 825 1040; x_wconf 85' lang='lat' dir='ltr'><strong>nos</strong></span> <span class='ocrx_word' id='word_1_181' title='bbox 850 1012 885 1038; x_wconf 86' lang='lat' dir='ltr'><strong>de</strong></span> 
     </span>
    </p>
   </div>
   <div class='ocr_carea' id='block_1_23' title="bbox 93 1059 886 1096">
    <p class='ocr_par' dir='ltr' id='par_1_23' title="bbox 93 1059 886 1096">
     <span class='ocr_line' id='line_1_24' title="bbox 93 1059 886 1096; baseline -0.011 -3"><span class='ocrx_word' id='word_1_182' title='bbox 93 1067 148 1093; x_wconf 82' lang='lat' dir='ltr'><strong>viis</strong></span> <span class='ocrx_word' id='word_1_183' title='bbox 169 1066 233 1093; x_wconf 77' lang='lat' dir='ltr'><strong>suis.</strong></span> <span class='ocrx_word' id='word_1_184' title='bbox 254 1069 281 1092; x_wconf 83' lang='lat' dir='ltr'><strong>et</strong></span> <span class='ocrx_word' id='word_1_185' title='bbox 303 1064 404 1091; x_wconf 85' lang='lat' dir='ltr'><strong>ibimus</strong></span> <span class='ocrx_word' id='word_1_186' title='bbox 432 1063 459 1089; x_wconf 90' lang='lat' dir='ltr'><strong>in</strong></span> <span class='ocrx_word' id='word_1_187' title='bbox 481 1061 584 1089; x_wconf 86' lang='lat' dir='ltr'><strong>semitis</strong></span> <span class='ocrx_word' id='word_1_188' title='bbox 606 1061 683 1096; x_wconf 80' lang='lat' dir='ltr'><strong>ejus;</strong></span> <span class='ocrx_word' id='word_1_189' title='bbox 703 1070 711 1085; x_wconf 80' lang='grc' dir='ltr'>ι</span> <span class='ocrx_word' id='word_1_190' title='bbox 733 1059 783 1086; x_wconf 65' lang='lat' dir='ltr'><strong>vite</strong></span> <span class='ocrx_word' id='word_1_191' title='bbox 804 1062 886 1092; x_wconf 87' lang='lat' dir='ltr'><strong>atque</strong></span> 
     </span>
    </p>
   </div>
   <div class='ocr_carea' id='block_1_24' title="bbox 94 1103 887 1142">
    <p class='ocr_par' dir='ltr' id='par_1_24' title="bbox 94 1103 887 1142">
     <span class='ocr_line' id='line_1_25' title="bbox 94 1103 887 1142; baseline -0.013 -3"><span class='ocrx_word' id='word_1_192' title='bbox 94 1112 199 1139; x_wconf 52' lang='lat' dir='ltr'><strong>semita!</strong></span> <span class='ocrx_word' id='word_1_193' title='bbox 224 1117 332 1138; x_wconf 84' lang='lat' dir='ltr'><strong>sacrum</strong></span> <span class='ocrx_word' id='word_1_194' title='bbox 357 1108 532 1142; x_wconf 77' lang='lat' dir='ltr'><strong>Evangelium</strong></span> <span class='ocrx_word' id='word_1_195' title='bbox 556 1112 608 1133; x_wconf 85' lang='lat' dir='ltr'><strong>est.</strong></span> <span class='ocrx_word' id='word_1_196' title='bbox 641 1115 650 1132; x_wconf 75' lang='grc' dir='ltr'><strong>ε</strong></span> <span class='ocrx_word' id='word_1_197' title='bbox 669 1106 740 1138; x_wconf 84' lang='lat' dir='ltr'><strong>Quia‘</strong></span> <span class='ocrx_word' id='word_1_198' title='bbox 762 1105 795 1131; x_wconf 84' lang='lat' dir='ltr'><strong>de</strong></span> <span class='ocrx_word' id='word_1_199' title='bbox 820 1103 887 1130; x_wconf 82' lang='lat' dir='ltr'><strong>Sion</strong></span> 
     </span>
    </p>
   </div>
   <div class='ocr_carea' id='block_1_25' title="bbox 97 1150 884 1193">
    <p class='ocr_par' dir='ltr' id='par_1_25' title="bbox 97 1150 884 1193">
     <span class='ocr_line' id='line_1_26' title="bbox 97 1150 884 1193; baseline -0.011 -9"><span class='ocrx_word' id='word_1_200' title='bbox 97 1159 253 1193; x_wconf 68' lang='lat' dir='ltr'><strong>egredietur</strong></span> <span class='ocrx_word' id='word_1_201' title='bbox 268 1157 321 1186; x_wconf 78' lang='lat' dir='ltr'><strong>lex,</strong></span> <span class='ocrx_word' id='word_1_202' title='bbox 336 1159 364 1182; x_wconf 79' lang='lat' dir='ltr'><strong>ct</strong></span> <span class='ocrx_word' id='word_1_203' title='bbox 382 1155 492 1182; x_wconf 82' lang='lat' dir='ltr'><strong>verbum</strong></span> <span class='ocrx_word' id='word_1_204' title='bbox 511 1153 617 1180; x_wconf 76' lang='lat' dir='ltr'><strong>DOmiIIi</strong></span> <span class='ocrx_word' id='word_1_205' title='bbox 629 1153 661 1179; x_wconf 85' lang='lat' dir='ltr'><strong>de</strong></span> <span class='ocrx_word' id='word_1_206' title='bbox 671 1150 823 1178; x_wconf 76' lang='lat' dir='ltr'><strong>Jerusalem</strong></span> <span class='ocrx_word' id='word_1_207' title='bbox 833 1151 884 1176; x_wconf 70' lang='lat' dir='ltr'><strong>&quot;.i</strong></span> 
     </span>
    </p>
   </div>
   <div class='ocr_carea' id='block_1_26' title="bbox 97 1194 889 1236">
    <p class='ocr_par' dir='ltr' id='par_1_26' title="bbox 97 1194 889 1236">
     <span class='ocr_line' id='line_1_27' title="bbox 97 1194 889 1236; baseline -0.015 -4"><span class='ocrx_word' id='word_1_208' title='bbox 97 1205 170 1232; x_wconf 68' lang='lat' dir='ltr'><strong>Ecce</strong></span> <span class='ocrx_word' id='word_1_209' title='bbox 185 1203 265 1230; x_wconf 84' lang='lat' dir='ltr'><strong>ali.:m</strong></span> <span class='ocrx_word' id='word_1_210' title='bbox 282 1202 367 1236; x_wconf 67' lang='lat' dir='ltr'><strong>legem</strong></span> <span class='ocrx_word' id='word_1_211' title='bbox 383 1208 434 1226; x_wconf 87' lang='lat' dir='ltr'><strong>nou</strong></span> <span class='ocrx_word' id='word_1_212' title='bbox 451 1199 486 1226; x_wconf 90' lang='lat' dir='ltr'><strong>ab</strong></span> <span class='ocrx_word' id='word_1_213' title='bbox 500 1199 577 1230; x_wconf 86' lang='lat' dir='ltr'><strong>Sina,</strong></span> <span class='ocrx_word' id='word_1_214' title='bbox 600 1202 628 1223; x_wconf 90' lang='lat' dir='ltr'><strong>ut</strong></span> <span class='ocrx_word' id='word_1_215' title='bbox 647 1197 776 1228; x_wconf 79' lang='lat' dir='ltr'><strong>lllosaica,</strong></span> <span class='ocrx_word' id='word_1_216' title='bbox 792 1195 839 1222; x_wconf 83' lang='lat' dir='ltr'><strong>sed</strong></span> <span class='ocrx_word' id='word_1_217' title='bbox 853 1194 889 1221; x_wconf 80' lang='lat' dir='ltr'><strong>ab</strong></span> 
     </span>
    </p>
   </div>
   <div class='ocr_carea' id='block_1_27' title="bbox 100 1242 890 1283">
    <p class='ocr_par' dir='ltr' id='par_1_27' title="bbox 100 1242 890 1283">
     <span class='ocr_line' id='line_1_28' title="bbox 100 1242 890 1283; baseline -0.013 -7"><span class='ocrx_word' id='word_1_218' title='bbox 100 1249 285 1283; x_wconf 74' lang='lat' dir='ltr'><strong>Hierosolyma</strong></span> <span class='ocrx_word' id='word_1_219' title='bbox 311 1246 482 1282; x_wconf 71' lang='lat' dir='ltr'><strong>prolectant;</strong></span> <span class='ocrx_word' id='word_1_220' title='bbox 505 1243 640 1277; x_wconf 79' lang='lat' dir='ltr'><strong>siquidem</strong></span> <span class='ocrx_word' id='word_1_221' title='bbox 670 1242 714 1268; x_wconf 85' lang='lat' dir='ltr'><strong>illa</strong></span> <span class='ocrx_word' id='word_1_222' title='bbox 742 1247 837 1273; x_wconf 81' lang='lat' dir='ltr'><strong>vetns,</strong></span> <span class='ocrx_word' id='word_1_223' title='bbox 861 1244 890 1267; x_wconf 80' lang='lat' dir='ltr'><strong>et</strong></span> 
     </span>
    </p>
   </div>
   <div class='ocr_carea' id='block_1_28' title="bbox 101 1285 890 1342">
    <p class='ocr_par' dir='ltr' id='par_1_28' title="bbox 101 1285 890 1342">
     <span class='ocr_line' id='line_1_29' title="bbox 101 1285 890 1342; baseline -0.015 -19"><span class='ocrx_word' id='word_1_224' title='bbox 101 1296 212 1342; x_wconf 54' lang='lat' dir='ltr'><strong>Ilignea</strong></span> <span class='ocrx_word' id='word_1_225' title='bbox 227 1293 362 1327; x_wconf 87' lang='lat' dir='ltr'><strong>antiquior</strong></span> <span class='ocrx_word' id='word_1_226' title='bbox 377 1301 384 1319; x_wconf 90' lang='lat'>:</span> <span class='ocrx_word' id='word_1_227' title='bbox 401 1291 458 1318; x_wconf 55' lang='lat' dir='ltr'><strong>ha‘c</strong></span> <span class='ocrx_word' id='word_1_228' title='bbox 471 1296 565 1316; x_wconf 77' lang='lat' dir='ltr'><strong>recens</strong></span> <span class='ocrx_word' id='word_1_229' title='bbox 580 1293 604 1314; x_wconf 88' lang='lat' dir='ltr'><strong>ct</strong></span> <span class='ocrx_word' id='word_1_230' title='bbox 619 1287 730 1314; x_wconf 67' lang='lat' dir='ltr'><strong>Michma</strong></span> <span class='ocrx_word' id='word_1_231' title='bbox 744 1285 890 1320; x_wconf 80' lang='lat' dir='ltr'><strong>posterior,</strong></span> 
     </span>
     <span class='ocr_line' id='line_1_30' title="bbox 229 1330 890 1342; baseline 0 0"><span class='ocrx_word' id='word_1_232' title='bbox 229 1339 236 1342; x_wconf 49' lang='grc' dir='ltr'><strong>μ</strong></span> <span class='ocrx_word' id='word_1_233' title='bbox 359 1338 366 1342; x_wconf 92' lang='grc'>.</span> <span class='ocrx_word' id='word_1_234' title='bbox 403 1337 408 1342; x_wconf 78' lang='grc' dir='ltr'>ι</span> <span class='ocrx_word' id='word_1_235' title='bbox 427 1336 435 1342; x_wconf 66' lang='grc' dir='ltr'>ε</span> <span class='ocrx_word' id='word_1_236' title='bbox 458 1340 462 1342; x_wconf 42' lang='grc' dir='ltr'><em>Α</em></span> <span class='ocrx_word' id='word_1_237' title='bbox 540 1333 563 1342; x_wconf 85' lang='lat' dir='ltr'><strong>II</strong></span> <span class='ocrx_word' id='word_1_238' title='bbox 603 1340 624 1342; x_wconf 24' lang='grc' dir='ltr'><em>κῃ</em></span> <span class='ocrx_word' id='word_1_239' title='bbox 649 1332 713 1342; x_wconf 50' lang='grc' dir='ltr'><strong>νηηὲ</strong></span> <span class='ocrx_word' id='word_1_240' title='bbox 726 1332 747 1342; x_wconf 66' lang='grc'><strong>1-</strong></span> <span class='ocrx_word' id='word_1_241' title='bbox 769 1330 863 1342; x_wconf 63' lang='grc' dir='ltr'><strong>,1,-.-ι</strong></span> <span class='ocrx_word' id='word_1_242' title='bbox 882 1338 890 1342; x_wconf 86' lang='grc'>.</span> 
     </span>
    </p>
   </div>
   <div class='ocr_carea' id='block_1_29' title="bbox 101 1330 891 1375">
    <p class='ocr_par' dir='ltr' id='par_1_29' title="bbox 101 1330 891 1375">
     <span class='ocr_line' id='line_1_31' title="bbox 101 1330 891 1375; baseline -0.015 -7"><span class='ocrx_word' id='word_1_243' title='bbox 101 1330 205 1375; x_wconf 63' lang='lat' dir='ltr'><strong>dc&#39;qua</strong></span> <span class='ocrx_word' id='word_1_244' title='bbox 229 1339 290 1372; x_wconf 73' lang='lat' dir='ltr'><strong>lege</strong></span> <span class='ocrx_word' id='word_1_245' title='bbox 310 1346 342 1364; x_wconf 81' lang='lat' dir='ltr'><strong>ac</strong></span> <span class='ocrx_word' id='word_1_246' title='bbox 359 1336 515 1371; x_wconf 73' lang='lat' dir='ltr'><strong>lcgislatore</strong></span> <span class='ocrx_word' id='word_1_247' title='bbox 540 1333 629 1360; x_wconf 72' lang='lat' dir='ltr'><strong>Moses</strong></span> <span class='ocrx_word' id='word_1_248' title='bbox 649 1332 751 1366; x_wconf 88' lang='lat' dir='ltr'><strong>liquido</strong></span> <span class='ocrx_word' id='word_1_249' title='bbox 767 1330 866 1358; x_wconf 84' lang='lat' dir='ltr'><strong>clamat</strong></span> <span class='ocrx_word' id='word_1_250' title='bbox 882 1338 891 1356; x_wconf 86' lang='lat'>:</span> 
     </span>
    </p>
   </div>
   <div class='ocr_carea' id='block_1_30' title="bbox 104 1375 889 1418">
    <p class='ocr_par' dir='ltr' id='par_1_30' title="bbox 104 1375 889 1418">
     <span class='ocr_line' id='line_1_32' title="bbox 104 1375 889 1418; baseline -0.015 -7"><span class='ocrx_word' id='word_1_251' title='bbox 104 1395 114 1411; x_wconf 74' lang='grc' dir='ltr'><strong>ο</strong></span> <span class='ocrx_word' id='word_1_252' title='bbox 136 1384 298 1418; x_wconf 75' lang='lat' dir='ltr'><strong>Prophetam</strong></span> <span class='ocrx_word' id='word_1_253' title='bbox 321 1379 461 1408; x_wconf 85' lang='lat' dir='ltr'><strong>suscitabit</strong></span> <span class='ocrx_word' id='word_1_254' title='bbox 484 1377 532 1404; x_wconf 86' lang='lat' dir='ltr'><strong>tibi</strong></span> <span class='ocrx_word' id='word_1_255' title='bbox 556 1376 690 1413; x_wconf 77' lang='lat' dir='ltr'><strong>Dominus</strong></span> <span class='ocrx_word' id='word_1_256' title='bbox 714 1375 786 1401; x_wconf 81' lang='lat' dir='ltr'><strong>sicut</strong></span> <span class='ocrx_word' id='word_1_257' title='bbox 800 1381 863 1406; x_wconf 86' lang='lat' dir='ltr'><strong>me;</strong></span> <span class='ocrx_word' id='word_1_258' title='bbox 878 1382 889 1399; x_wconf 70' lang='grc' dir='ltr'><strong>ι</strong></span> 
     </span>
    </p>
   </div>
   <div class='ocr_carea' id='block_1_31' title="bbox 102 1419 892 1459">
    <p class='ocr_par' dir='ltr' id='par_1_31' title="bbox 102 1419 892 1459">
     <span class='ocr_line' id='line_1_33' title="bbox 102 1419 892 1459; baseline -0.014 -3"><span class='ocrx_word' id='word_1_259' title='bbox 102 1431 184 1457; x_wconf 81' lang='lat' dir='ltr'><strong>alium</strong></span> <span class='ocrx_word' id='word_1_260' title='bbox 198 1437 216 1456; x_wconf 92' lang='lat' dir='ltr'><strong>s-</strong></span> <span class='ocrx_word' id='word_1_261' title='bbox 228 1428 300 1455; x_wconf 75' lang='lat' dir='ltr'><strong>ilicet</strong></span> <span class='ocrx_word' id='word_1_262' title='bbox 315 1425 509 1459; x_wconf 73' lang='lat' dir='ltr'><strong>legislanrem.</strong></span> <span class='ocrx_word' id='word_1_263' title='bbox 527 1432 536 1448; x_wconf 81' lang='grc' dir='ltr'>ι</span> <span class='ocrx_word' id='word_1_264' title='bbox 556 1423 584 1449; x_wconf 84' lang='lat' dir='ltr'><strong>Et</strong></span> <span class='ocrx_word' id='word_1_265' title='bbox 602 1428 770 1456; x_wconf 57' lang='lat' dir='ltr'><strong>quotcunque</strong></span> <span class='ocrx_word' id='word_1_266' title='bbox 783 1419 892 1452; x_wconf 74' lang='lat' dir='ltr'><strong>dixerit,</strong></span> 
     </span>
    </p>
   </div>
   <div class='ocr_carea' id='block_1_32' title="bbox 104 1464 893 1506">
    <p class='ocr_par' dir='ltr' id='par_1_32' title="bbox 104 1464 893 1506">
     <span class='ocr_line' id='line_1_34' title="bbox 104 1464 893 1506; baseline -0.011 -7"><span class='ocrx_word' id='word_1_267' title='bbox 104 1474 194 1506; x_wconf 72' lang='lat' dir='ltr'><strong>ipsum</strong></span> <span class='ocrx_word' id='word_1_268' title='bbox 210 1471 325 1498; x_wconf 78' lang='lat' dir='ltr'><strong>audietis</strong></span> <span class='ocrx_word' id='word_1_269' title='bbox 341 1470 374 1495; x_wconf 82' lang='grc'><strong>³⁸.</strong></span> <span class='ocrx_word' id='word_1_270' title='bbox 393 1478 403 1494; x_wconf 76' lang='grc' dir='ltr'><strong><em>ι</em></strong></span> <span class='ocrx_word' id='word_1_271' title='bbox 424 1469 454 1494; x_wconf 83' lang='grc' dir='ltr'><strong>Ει</strong></span> <span class='ocrx_word' id='word_1_272' title='bbox 467 1467 601 1494; x_wconf 82' lang='lat' dir='ltr'><strong>Jeremias</strong></span> <span class='ocrx_word' id='word_1_273' title='bbox 615 1474 623 1492; x_wconf 87' lang='lat'><strong>:</strong></span> <span class='ocrx_word' id='word_1_274' title='bbox 645 1475 654 1491; x_wconf 78' lang='grc' dir='ltr'>ι</span> <span class='ocrx_word' id='word_1_275' title='bbox 677 1464 778 1492; x_wconf 88' lang='lat' dir='ltr'><strong>Omnes</strong></span> <span class='ocrx_word' id='word_1_276' title='bbox 790 1471 893 1498; x_wconf 80' lang='lat' dir='ltr'><strong>cogno-</strong></span> 
     </span>
    </p>
   </div>
   <div class='ocr_carea' id='block_1_33' title="bbox 104 1509 1030 1548">
    <p class='ocr_par' dir='ltr' id='par_1_33' title="bbox 104 1509 1030 1548">
     <span class='ocr_line' id='line_1_35' title="bbox 104 1509 1030 1548; baseline -0.008 -5"><span class='ocrx_word' id='word_1_277' title='bbox 104 1524 182 1546; x_wconf 70' lang='lat' dir='ltr'><strong>set-nl</strong></span> <span class='ocrx_word' id='word_1_278' title='bbox 205 1524 247 1543; x_wconf 76' lang='lat' dir='ltr'><strong>ire</strong></span> <span class='ocrx_word' id='word_1_279' title='bbox 263 1525 277 1542; x_wconf 63' lang='grc' dir='ltr'><strong>τι</strong></span> <span class='ocrx_word' id='word_1_280' title='bbox 295 1516 409 1542; x_wconf 88' lang='lat' dir='ltr'><strong>minimo</strong></span> <span class='ocrx_word' id='word_1_281' title='bbox 431 1521 524 1540; x_wconf 84' lang='lat' dir='ltr'><strong>eorum</strong></span> <span class='ocrx_word' id='word_1_282' title='bbox 549 1519 635 1546; x_wconf 61' lang='lat' dir='ltr'><strong>n»qne</strong></span> <span class='ocrx_word' id='word_1_283' title='bbox 660 1510 693 1537; x_wconf 82' lang='lat' dir='ltr'><strong>ad</strong></span> <span class='ocrx_word' id='word_1_284' title='bbox 718 1509 865 1536; x_wconf 77' lang='lat' dir='ltr'><strong>lnaxiumm</strong></span> <span class='ocrx_word' id='word_1_285' title='bbox 883 1518 890 1536; x_wconf 94' lang='lat'>:</span> <span class='ocrx_word' id='word_1_286' title='bbox 906 1519 929 1548; x_wconf 74' lang='grc' dir='ltr'><strong>ο</strong></span> <span class='ocrx_word' id='word_1_287' title='bbox 945 1516 1030 1541; x_wconf 85' lang='lat' dir='ltr'><strong>tuum,</strong></span> 
     </span>
    </p>
   </div>
   <div class='ocr_carea' id='block_1_34' title="bbox 104 1554 893 1592">
    <p class='ocr_par' dir='ltr' id='par_1_34' title="bbox 104 1554 893 1592">
     <span class='ocr_line' id='line_1_36' title="bbox 104 1554 893 1592; baseline -0.01 -3"><span class='ocrx_word' id='word_1_288' title='bbox 104 1564 168 1590; x_wconf 76' lang='lat' dir='ltr'><strong>idco</strong></span> <span class='ocrx_word' id='word_1_289' title='bbox 182 1570 234 1588; x_wconf 86' lang='lat' dir='ltr'><strong>non</strong></span> <span class='ocrx_word' id='word_1_290' title='bbox 246 1561 352 1587; x_wconf 74' lang='lat' dir='ltr'><strong>docebit</strong></span> <span class='ocrx_word' id='word_1_291' title='bbox 366 1559 436 1585; x_wconf 80' lang='lat' dir='ltr'><strong>ultra</strong></span> <span class='ocrx_word' id='word_1_292' title='bbox 453 1559 497 1585; x_wconf 88' lang='lat' dir='ltr'><strong>vir</strong></span> <span class='ocrx_word' id='word_1_293' title='bbox 513 1557 664 1592; x_wconf 77' lang='lat' dir='ltr'><strong>proximum</strong></span> <span class='ocrx_word' id='word_1_294' title='bbox 679 1563 769 1586; x_wconf 81' lang='lat' dir='ltr'><strong>suum,</strong></span> <span class='ocrx_word' id='word_1_295' title='bbox 780 1554 893 1582; x_wconf 83' lang='lat' dir='ltr'><strong>dicens:</strong></span> 
     </span>
    </p>
   </div>
   <div class='ocr_carea' id='block_1_35' title="bbox 106 1602 894 1642">
    <p class='ocr_par' dir='ltr' id='par_1_35' title="bbox 106 1602 894 1642">
     <span class='ocr_line' id='line_1_37' title="bbox 106 1602 894 1642; baseline -0.013 -7"><span class='ocrx_word' id='word_1_296' title='bbox 106 1610 244 1642; x_wconf 74' lang='lat' dir='ltr'><strong>Cognosce</strong></span> <span class='ocrx_word' id='word_1_297' title='bbox 258 1606 399 1634; x_wconf 77' lang='lat' dir='ltr'><strong>Demittunt</strong></span> <span class='ocrx_word' id='word_1_298' title='bbox 411 1605 445 1631; x_wconf 82' lang='grc'><strong>³¹.</strong></span> <span class='ocrx_word' id='word_1_299' title='bbox 459 1614 469 1630; x_wconf 75' lang='grc' dir='ltr'>ι</span> <span class='ocrx_word' id='word_1_300' title='bbox 482 1603 530 1631; x_wconf 89' lang='lat' dir='ltr'><strong>Cui</strong></span> <span class='ocrx_word' id='word_1_301' title='bbox 545 1603 628 1630; x_wconf 79' lang='lat' dir='ltr'><strong>Isaias</strong></span> <span class='ocrx_word' id='word_1_302' title='bbox 644 1602 728 1635; x_wconf 84' lang='lat' dir='ltr'><strong>probe</strong></span> <span class='ocrx_word' id='word_1_303' title='bbox 742 1605 873 1628; x_wconf 72' lang='lat' dir='ltr'><strong>consonat</strong></span> <span class='ocrx_word' id='word_1_304' title='bbox 885 1608 894 1626; x_wconf 91' lang='lat'>:</span> 
     </span>
    </p>
   </div>
   <div class='ocr_carea' id='block_1_36' title="bbox 111 1647 896 1681">
    <p class='ocr_par' dir='ltr' id='par_1_36' title="bbox 111 1647 896 1681">
     <span class='ocr_line' id='line_1_38' title="bbox 111 1647 896 1681; baseline -0.013 0"><span class='ocrx_word' id='word_1_305' title='bbox 111 1665 121 1681; x_wconf 75' lang='grc' dir='ltr'>α</span> <span class='ocrx_word' id='word_1_306' title='bbox 140 1655 225 1681; x_wconf 82' lang='lat' dir='ltr'><strong>Erunt</strong></span> <span class='ocrx_word' id='word_1_307' title='bbox 240 1656 334 1680; x_wconf 83' lang='lat' dir='ltr'><strong>omnes</strong></span> <span class='ocrx_word' id='word_1_308' title='bbox 348 1651 476 1678; x_wconf 82' lang='lat' dir='ltr'><strong>docibiles</strong></span> <span class='ocrx_word' id='word_1_309' title='bbox 490 1651 539 1677; x_wconf 88' lang='lat' dir='ltr'><strong>Dei</strong></span> <span class='ocrx_word' id='word_1_310' title='bbox 556 1650 589 1676; x_wconf 71' lang='grc' dir='ltr'><strong>η.</strong></span> <span class='ocrx_word' id='word_1_311' title='bbox 610 1659 619 1675; x_wconf 85' lang='grc' dir='ltr'>ι</span> <span class='ocrx_word' id='word_1_312' title='bbox 635 1648 667 1674; x_wconf 82' lang='grc' dir='ltr'><strong>Ει</strong></span> <span class='ocrx_word' id='word_1_313' title='bbox 687 1647 771 1675; x_wconf 82' lang='lat' dir='ltr'><strong>David</strong></span> <span class='ocrx_word' id='word_1_314' title='bbox 788 1655 796 1673; x_wconf 85' lang='lat'>:</span> <span class='ocrx_word' id='word_1_315' title='bbox 814 1655 823 1671; x_wconf 75' lang='grc' dir='ltr'>ι</span> <span class='ocrx_word' id='word_1_316' title='bbox 840 1647 896 1672; x_wconf 78' lang='lat' dir='ltr'><strong>Ho-</strong></span> 
     </span>
    </p>
   </div>
   <div class='ocr_carea' id='block_1_37' title="bbox 109 1691 896 1732">
    <p class='ocr_par' dir='ltr' id='par_1_37' title="bbox 109 1691 896 1732">
     <span class='ocr_line' id='line_1_39' title="bbox 109 1691 896 1732; baseline -0.014 -4"><span class='ocrx_word' id='word_1_317' title='bbox 109 1702 153 1728; x_wconf 87' lang='lat' dir='ltr'><strong>die</strong></span> <span class='ocrx_word' id='word_1_318' title='bbox 164 1701 185 1728; x_wconf 92' lang='lat' dir='ltr'><strong>si</strong></span> <span class='ocrx_word' id='word_1_319' title='bbox 202 1707 295 1727; x_wconf 73' lang='lat' dir='ltr'><strong>voccm</strong></span> <span class='ocrx_word' id='word_1_320' title='bbox 312 1698 371 1732; x_wconf 74' lang='lat' dir='ltr'><strong>eius</strong></span> <span class='ocrx_word' id='word_1_321' title='bbox 393 1696 546 1727; x_wconf 81' lang='lat' dir='ltr'><strong>audieritis,</strong></span> <span class='ocrx_word' id='word_1_322' title='bbox 562 1694 647 1722; x_wconf 83' lang='lat' dir='ltr'><strong>nolite</strong></span> <span class='ocrx_word' id='word_1_323' title='bbox 663 1693 798 1723; x_wconf 75' lang='lat' dir='ltr'><strong>obdurare</strong></span> <span class='ocrx_word' id='word_1_324' title='bbox 813 1691 896 1719; x_wconf 85' lang='lat' dir='ltr'><strong>corda</strong></span> 
     </span>
    </p>
   </div>
   <div class='ocr_carea' id='block_1_38' title="bbox 108 1738 897 1773">
    <p class='ocr_par' dir='ltr' id='par_1_38' title="bbox 108 1738 897 1773">
     <span class='ocr_line' id='line_1_40' title="bbox 108 1738 897 1773; baseline -0.01 -1"><span class='ocrx_word' id='word_1_325' title='bbox 108 1751 195 1773; x_wconf 77' lang='lat' dir='ltr'><strong>vestra</strong></span> <span class='ocrx_word' id='word_1_326' title='bbox 219 1754 227 1772; x_wconf 91' lang='lat'><strong>:</strong></span> <span class='ocrx_word' id='word_1_327' title='bbox 254 1745 321 1772; x_wconf 87' lang='lat' dir='ltr'><strong>sicut</strong></span> <span class='ocrx_word' id='word_1_328' title='bbox 355 1744 381 1770; x_wconf 92' lang='lat' dir='ltr'><strong>in</strong></span> <span class='ocrx_word' id='word_1_329' title='bbox 409 1741 617 1769; x_wconf 82' lang='lat' dir='ltr'><strong>exacerbatione</strong></span> <span class='ocrx_word' id='word_1_330' title='bbox 646 1738 795 1767; x_wconf 85' lang='lat' dir='ltr'><strong>secundum</strong></span> <span class='ocrx_word' id='word_1_331' title='bbox 826 1738 897 1765; x_wconf 92' lang='lat' dir='ltr'><strong>diem</strong></span> 
     </span>
    </p>
   </div>
   <div class='ocr_carea' id='block_1_39' title="bbox 109 1788 899 1820">
    <p class='ocr_par' dir='ltr' id='par_1_39' title="bbox 109 1788 899 1820">
     <span class='ocr_line' id='line_1_41' title="bbox 109 1788 899 1820; baseline -0.011 -1"><span class='ocrx_word' id='word_1_332' title='bbox 109 1792 265 1819; x_wconf 73' lang='lat' dir='ltr'><strong>tentationis</strong></span> <span class='ocrx_word' id='word_1_333' title='bbox 291 1791 317 1816; x_wconf 94' lang='lat' dir='ltr'><strong>in</strong></span> <span class='ocrx_word' id='word_1_334' title='bbox 341 1791 466 1820; x_wconf 77' lang='lat' dir='ltr'><strong>deserto;</strong></span> <span class='ocrx_word' id='word_1_335' title='bbox 484 1788 528 1814; x_wconf 86' lang='lat' dir='ltr'><strong>ubi</strong></span> <span class='ocrx_word' id='word_1_336' title='bbox 552 1790 726 1814; x_wconf 82' lang='lat' dir='ltr'><strong>tcnlaverunt</strong></span> <span class='ocrx_word' id='word_1_337' title='bbox 745 1792 790 1812; x_wconf 91' lang='lat' dir='ltr'><strong>me</strong></span> <span class='ocrx_word' id='word_1_338' title='bbox 808 1788 899 1818; x_wconf 82' lang='lat' dir='ltr'><strong>palres</strong></span> 
     </span>
    </p>
   </div>
   <div class='ocr_carea' id='block_1_40' title="bbox 109 1823 899 1865">
    <p class='ocr_par' dir='ltr' id='par_1_40' title="bbox 109 1823 899 1865">
     <span class='ocr_line' id='line_1_42' title="bbox 109 1823 899 1865; baseline -0.01 -2"><span class='ocrx_word' id='word_1_339' title='bbox 109 1836 241 1864; x_wconf 79' lang='lat' dir='ltr'><strong>vestri&quot;.</strong></span> <span class='ocrx_word' id='word_1_340' title='bbox 271 1845 281 1862; x_wconf 85' lang='grc'><strong>)</strong></span> <span class='ocrx_word' id='word_1_341' title='bbox 311 1836 344 1861; x_wconf 84' lang='lat' dir='ltr'><strong>Et</strong></span> <span class='ocrx_word' id='word_1_342' title='bbox 370 1835 491 1861; x_wconf 86' lang='lat' dir='ltr'><strong>iterum:</strong></span> <span class='ocrx_word' id='word_1_343' title='bbox 509 1842 519 1858; x_wconf 76' lang='grc' dir='ltr'><strong>Ι</strong></span> <span class='ocrx_word' id='word_1_344' title='bbox 552 1832 638 1865; x_wconf 87' lang='lat' dir='ltr'><strong>Quam</strong></span> <span class='ocrx_word' id='word_1_345' title='bbox 663 1829 750 1857; x_wconf 79' lang='lat' dir='ltr'><strong>dulcia</strong></span> <span class='ocrx_word' id='word_1_346' title='bbox 776 1823 899 1856; x_wconf 77' lang='lat' dir='ltr'><strong>faucibus</strong></span> 
     </span>
    </p>
   </div>
   <div class='ocr_carea' id='block_1_41' title="bbox 110 1873 898 1916">
    <p class='ocr_par' dir='ltr' id='par_1_41' title="bbox 110 1873 898 1916">
     <span class='ocr_line' id='line_1_43' title="bbox 110 1873 898 1916; baseline -0.014 -5"><span class='ocrx_word' id='word_1_347' title='bbox 110 1883 178 1911; x_wconf 83' lang='lat' dir='ltr'><strong>meis</strong></span> <span class='ocrx_word' id='word_1_348' title='bbox 196 1881 301 1916; x_wconf 83' lang='lat' dir='ltr'><strong>eloquia</strong></span> <span class='ocrx_word' id='word_1_349' title='bbox 326 1885 384 1912; x_wconf 86' lang='lat' dir='ltr'><strong>tua,</strong></span> <span class='ocrx_word' id='word_1_350' title='bbox 399 1887 481 1914; x_wconf 87' lang='lat' dir='ltr'><strong>super</strong></span> <span class='ocrx_word' id='word_1_351' title='bbox 501 1879 553 1905; x_wconf 85' lang='lat' dir='ltr'><strong>mel</strong></span> <span class='ocrx_word' id='word_1_352' title='bbox 569 1877 610 1904; x_wconf 88' lang='lat' dir='ltr'><strong>ori</strong></span> <span class='ocrx_word' id='word_1_353' title='bbox 636 1884 694 1903; x_wconf 84' lang='lat' dir='ltr'><strong>meo</strong></span> <span class='ocrx_word' id='word_1_354' title='bbox 709 1876 741 1902; x_wconf 70' lang='grc'><strong>³⁵.</strong></span> <span class='ocrx_word' id='word_1_355' title='bbox 762 1884 773 1901; x_wconf 84' lang='grc'><strong><em>›</em></strong></span> <span class='ocrx_word' id='word_1_356' title='bbox 792 1874 823 1901; x_wconf 86' lang='lat' dir='ltr'><strong>Et</strong></span> <span class='ocrx_word' id='word_1_357' title='bbox 843 1873 898 1901; x_wconf 80' lang='lat' dir='ltr'><strong>alio</strong></span> 
     </span>
    </p>
   </div>
   <div class='ocr_carea' id='block_1_42' title="bbox 112 1924 900 1961">
    <p class='ocr_par' dir='ltr' id='par_1_42' title="bbox 112 1924 900 1961">
     <span class='ocr_line' id='line_1_44' title="bbox 112 1924 900 1961; baseline -0.011 -5"><span class='ocrx_word' id='word_1_358' title='bbox 112 1929 192 1957; x_wconf 85' lang='lat' dir='ltr'><strong>loco:</strong></span> <span class='ocrx_word' id='word_1_359' title='bbox 213 1937 222 1954; x_wconf 76' lang='grc' dir='ltr'>ι</span> <span class='ocrx_word' id='word_1_360' title='bbox 246 1927 356 1961; x_wconf 82' lang='lat' dir='ltr'><strong>Eloquia</strong></span> <span class='ocrx_word' id='word_1_361' title='bbox 373 1925 489 1956; x_wconf 88' lang='lat' dir='ltr'><strong>Domini,</strong></span> <span class='ocrx_word' id='word_1_362' title='bbox 514 1924 620 1958; x_wconf 85' lang='lat' dir='ltr'><strong>eloquia</strong></span> <span class='ocrx_word' id='word_1_363' title='bbox 636 1928 714 1950; x_wconf 81' lang='lat' dir='ltr'><strong>casta</strong></span> <span class='ocrx_word' id='word_1_364' title='bbox 731 1931 737 1948; x_wconf 92' lang='lat'><strong>:</strong></span> <span class='ocrx_word' id='word_1_365' title='bbox 756 1925 900 1956; x_wconf 82' lang='lat' dir='ltr'><strong>argentum</strong></span> 
     </span>
    </p>
   </div>
   <div class='ocr_carea' id='block_1_43' title="bbox 113 1971 900 2011">
    <p class='ocr_par' dir='ltr' id='par_1_43' title="bbox 113 1971 900 2011">
     <span class='ocr_line' id='line_1_45' title="bbox 113 1971 900 2011; baseline -0.013 -9"><span class='ocrx_word' id='word_1_366' title='bbox 113 1977 174 2011; x_wconf 69' lang='lat' dir='ltr'><strong>igne</strong></span> <span class='ocrx_word' id='word_1_367' title='bbox 199 1974 408 2004; x_wconf 80' lang='lat' dir='ltr'><strong>examinatum,</strong></span> <span class='ocrx_word' id='word_1_368' title='bbox 442 1971 584 2007; x_wconf 83' lang='lat' dir='ltr'><strong>probatum</strong></span> <span class='ocrx_word' id='word_1_369' title='bbox 620 1974 720 2000; x_wconf 73' lang='lat' dir='ltr'><strong>terrm,</strong></span> <span class='ocrx_word' id='word_1_370' title='bbox 759 1972 900 2001; x_wconf 78' lang='lat' dir='ltr'><strong>purgatum</strong></span> 
     </span>
    </p>
   </div>
   <div class='ocr_carea' id='block_1_44' title="bbox 114 2012 901 2057">
    <p class='ocr_par' dir='ltr' id='par_1_44' title="bbox 114 2012 901 2057">
     <span class='ocr_line' id='line_1_46' title="bbox 114 2012 901 2057; baseline -0.013 -8"><span class='ocrx_word' id='word_1_371' title='bbox 114 2021 266 2057; x_wconf 81' lang='lat' dir='ltr'><strong>septuplutu</strong></span> <span class='ocrx_word' id='word_1_372' title='bbox 282 2021 316 2052; x_wconf 80' lang='grc'><strong>³⁸,</strong></span> <span class='ocrx_word' id='word_1_373' title='bbox 337 2029 345 2045; x_wconf 76' lang='grc' dir='ltr'>ι</span> <span class='ocrx_word' id='word_1_374' title='bbox 365 2019 390 2046; x_wconf 93' lang='lat' dir='ltr'><strong>id</strong></span> <span class='ocrx_word' id='word_1_375' title='bbox 407 2023 458 2050; x_wconf 85' lang='lat' dir='ltr'><strong>est,</strong></span> <span class='ocrx_word' id='word_1_376' title='bbox 476 2016 618 2050; x_wconf 85' lang='lat' dir='ltr'><strong>ejusmodi,</strong></span> <span class='ocrx_word' id='word_1_377' title='bbox 631 2022 692 2049; x_wconf 75' lang='lat' dir='ltr'><strong>qute</strong></span> <span class='ocrx_word' id='word_1_378' title='bbox 713 2014 837 2041; x_wconf 69' lang='lat' dir='ltr'><strong>Mosaicae</strong></span> <span class='ocrx_word' id='word_1_379' title='bbox 851 2012 901 2046; x_wconf 72' lang='lat' dir='ltr'><strong>legi</strong></span> 
     </span>
    </p>
   </div>
   <div class='ocr_carea' id='block_1_45' title="bbox 116 2058 902 2102">
    <p class='ocr_par' dir='ltr' id='par_1_45' title="bbox 116 2058 902 2102">
     <span class='ocr_line' id='line_1_47' title="bbox 116 2058 902 2102; baseline -0.013 -8"><span class='ocrx_word' id='word_1_380' title='bbox 116 2067 282 2102; x_wconf 62' lang='lat' dir='ltr'><strong>praecellant,</strong></span> <span class='ocrx_word' id='word_1_381' title='bbox 301 2064 530 2099; x_wconf 81' lang='lat' dir='ltr'><strong>quemadmodum</strong></span> <span class='ocrx_word' id='word_1_382' title='bbox 551 2061 640 2088; x_wconf 80' lang='lat' dir='ltr'><strong>Moses</strong></span> <span class='ocrx_word' id='word_1_383' title='bbox 659 2061 774 2093; x_wconf 74' lang='lat' dir='ltr'><strong>ipsemet</strong></span> <span class='ocrx_word' id='word_1_384' title='bbox 793 2067 825 2085; x_wconf 86' lang='lat' dir='ltr'><strong>ex</strong></span> <span class='ocrx_word' id='word_1_385' title='bbox 856 2058 902 2085; x_wconf 75' lang='lat' dir='ltr'><strong>Dei</strong></span> 
     </span>
    </p>
   </div>
   <div class='ocr_carea' id='block_1_46' title="bbox 117 2103 904 2147">
    <p class='ocr_par' dir='ltr' id='par_1_46' title="bbox 117 2103 904 2147">
     <span class='ocr_line' id='line_1_48' title="bbox 117 2103 904 2147; baseline -0.015 -8"><span class='ocrx_word' id='word_1_386' title='bbox 117 2118 230 2147; x_wconf 82' lang='lat' dir='ltr'><strong>persona</strong></span> <span class='ocrx_word' id='word_1_387' title='bbox 258 2111 420 2138; x_wconf 82' lang='lat' dir='ltr'><strong>contirmat:</strong></span> <span class='ocrx_word' id='word_1_388' title='bbox 440 2117 448 2133; x_wconf 72' lang='grc' dir='ltr'>ι</span> <span class='ocrx_word' id='word_1_389' title='bbox 464 2107 515 2140; x_wconf 85' lang='lat' dir='ltr'><strong>Qui</strong></span> <span class='ocrx_word' id='word_1_390' title='bbox 541 2110 630 2136; x_wconf 78' lang='lat' dir='ltr'><strong>autem</strong></span> <span class='ocrx_word' id='word_1_391' title='bbox 646 2104 727 2131; x_wconf 86' lang='lat' dir='ltr'><strong>verba</strong></span> <span class='ocrx_word' id='word_1_392' title='bbox 751 2103 820 2137; x_wconf 76' lang='lat' dir='ltr'><strong>ejus,</strong></span> <span class='ocrx_word' id='word_1_393' title='bbox 844 2110 904 2134; x_wconf 75' lang='lat' dir='ltr'><strong>qua:</strong></span> 
     </span>
    </p>
   </div>
   <div class='ocr_carea' id='block_1_47' title="bbox 119 2148 905 2194">
    <p class='ocr_par' dir='ltr' id='par_1_47' title="bbox 119 2148 905 2194">
     <span class='ocr_line' id='line_1_49' title="bbox 119 2148 905 2194; baseline -0.017 -8"><span class='ocrx_word' id='word_1_394' title='bbox 119 2160 244 2194; x_wconf 75' lang='lat' dir='ltr'><strong>loquetur</strong></span> <span class='ocrx_word' id='word_1_395' title='bbox 258 2158 284 2184; x_wconf 92' lang='lat' dir='ltr'><strong>in</strong></span> <span class='ocrx_word' id='word_1_396' title='bbox 301 2156 409 2183; x_wconf 86' lang='lat' dir='ltr'><strong>nomine</strong></span> <span class='ocrx_word' id='word_1_397' title='bbox 425 2161 496 2186; x_wconf 83' lang='lat' dir='ltr'><strong>meo,</strong></span> <span class='ocrx_word' id='word_1_398' title='bbox 516 2152 609 2179; x_wconf 83' lang='lat' dir='ltr'><strong>audire</strong></span> <span class='ocrx_word' id='word_1_399' title='bbox 622 2150 755 2182; x_wconf 87' lang='lat' dir='ltr'><strong>noluerit;</strong></span> <span class='ocrx_word' id='word_1_400' title='bbox 771 2156 821 2183; x_wconf 84' lang='lat' dir='ltr'><strong>ego</strong></span> <span class='ocrx_word' id='word_1_401' title='bbox 834 2148 905 2174; x_wconf 91' lang='lat' dir='ltr'><strong>ultor</strong></span> 
     </span>
    </p>
   </div>
   <div class='ocr_carea' id='block_1_48' title="bbox 118 2184 943 2235">
    <p class='ocr_par' dir='ltr' id='par_1_48' title="bbox 118 2184 943 2235">
     <span class='ocr_line' id='line_1_50' title="bbox 118 2184 943 2235; baseline -0.015 -3"><span class='ocrx_word' id='word_1_402' title='bbox 118 2184 246 2232; x_wconf 68' lang='lat' dir='ltr'><strong>exsistam</strong></span> <span class='ocrx_word' id='word_1_403' title='bbox 264 2203 296 2229; x_wconf 83' lang='lat'><strong>&quot;.</strong></span> <span class='ocrx_word' id='word_1_404' title='bbox 318 2212 328 2228; x_wconf 77' lang='lat' dir='ltr'><strong>i</strong></span> <span class='ocrx_word' id='word_1_405' title='bbox 345 2201 375 2228; x_wconf 85' lang='lat' dir='ltr'><strong>Et</strong></span> <span class='ocrx_word' id='word_1_406' title='bbox 392 2208 440 2235; x_wconf 86' lang='lat' dir='ltr'><strong>per</strong></span> <span class='ocrx_word' id='word_1_407' title='bbox 457 2184 553 2226; x_wconf 80' lang='lat' dir='ltr'><strong>Isaiam</strong></span> <span class='ocrx_word' id='word_1_408' title='bbox 572 2197 662 2224; x_wconf 84' lang='lat' dir='ltr'><strong>Deus:</strong></span> <span class='ocrx_word' id='word_1_409' title='bbox 683 2205 692 2221; x_wconf 74' lang='grc' dir='ltr'><strong><em>ι</em></strong></span> <span class='ocrx_word' id='word_1_410' title='bbox 713 2195 796 2226; x_wconf 84' lang='lat' dir='ltr'><strong>Vade,</strong></span> <span class='ocrx_word' id='word_1_411' title='bbox 815 2195 902 2228; x_wconf 73' lang='lat' dir='ltr'><strong>iugre-</strong></span> <span class='ocrx_word' id='word_1_412' title='bbox 920 2184 943 2212; x_wconf 68' lang='grc' dir='ltr'>θ</span> 
     </span>
    </p>
   </div>
   <div class='ocr_carea' id='block_1_49' title="bbox 120 2241 904 2283">
    <p class='ocr_par' dir='ltr' id='par_1_49' title="bbox 120 2241 904 2283">
     <span class='ocr_line' id='line_1_51' title="bbox 120 2241 904 2283; baseline -0.017 -4"><span class='ocrx_word' id='word_1_413' title='bbox 120 2253 184 2279; x_wconf 87' lang='lat' dir='ltr'><strong>dere</strong></span> <span class='ocrx_word' id='word_1_414' title='bbox 195 2251 228 2277; x_wconf 85' lang='lat' dir='ltr'><strong>ad</strong></span> <span class='ocrx_word' id='word_1_415' title='bbox 246 2257 319 2282; x_wconf 89' lang='lat' dir='ltr'><strong>cum,</strong></span> <span class='ocrx_word' id='word_1_416' title='bbox 329 2249 374 2283; x_wconf 91' lang='lat' dir='ltr'><strong>qui</strong></span> <span class='ocrx_word' id='word_1_417' title='bbox 390 2247 493 2274; x_wconf 90' lang='lat' dir='ltr'><strong>habitat</strong></span> <span class='ocrx_word' id='word_1_418' title='bbox 506 2246 532 2272; x_wconf 91' lang='lat' dir='ltr'><strong>in</strong></span> <span class='ocrx_word' id='word_1_419' title='bbox 547 2243 770 2274; x_wconf 85' lang='lat' dir='ltr'><strong>tabernaculo,ad</strong></span> <span class='ocrx_word' id='word_1_420' title='bbox 785 2241 904 2268; x_wconf 80' lang='lat' dir='ltr'><strong>Sobnam</strong></span> 
     </span>
    </p>
   </div>
   <div class='ocr_carea' id='block_1_50' title="bbox 119 2286 906 2331">
    <p class='ocr_par' dir='ltr' id='par_1_50' title="bbox 119 2286 906 2331">
     <span class='ocr_line' id='line_1_52' title="bbox 119 2286 906 2331; baseline -0.017 -7"><span class='ocrx_word' id='word_1_421' title='bbox 119 2296 292 2331; x_wconf 66' lang='lat' dir='ltr'><strong>praepositum</strong></span> <span class='ocrx_word' id='word_1_422' title='bbox 310 2293 410 2327; x_wconf 87' lang='lat' dir='ltr'><strong>templi.</strong></span> <span class='ocrx_word' id='word_1_423' title='bbox 429 2297 454 2319; x_wconf 87' lang='lat' dir='ltr'><strong>et</strong></span> <span class='ocrx_word' id='word_1_424' title='bbox 471 2291 545 2318; x_wconf 91' lang='lat' dir='ltr'><strong>dices</strong></span> <span class='ocrx_word' id='word_1_425' title='bbox 558 2290 591 2316; x_wconf 85' lang='lat' dir='ltr'><strong>ad</strong></span> <span class='ocrx_word' id='word_1_426' title='bbox 607 2296 670 2316; x_wconf 87' lang='lat' dir='ltr'><strong>eum</strong></span> <span class='ocrx_word' id='word_1_427' title='bbox 685 2297 692 2315; x_wconf 88' lang='lat'>:</span> <span class='ocrx_word' id='word_1_428' title='bbox 712 2287 781 2320; x_wconf 86' lang='lat' dir='ltr'><strong>Quid</strong></span> <span class='ocrx_word' id='word_1_429' title='bbox 801 2286 848 2313; x_wconf 91' lang='lat' dir='ltr'><strong>tibi</strong></span> <span class='ocrx_word' id='word_1_430' title='bbox 863 2289 906 2312; x_wconf 89' lang='lat' dir='ltr'><strong>est</strong></span> 
     </span>
    </p>
   </div>
   <div class='ocr_carea' id='block_1_51' title="bbox 120 2330 905 2375">
    <p class='ocr_par' dir='ltr' id='par_1_51' title="bbox 120 2330 905 2375">
     <span class='ocr_line' id='line_1_53' title="bbox 120 2330 905 2375; baseline -0.018 -5"><span class='ocrx_word' id='word_1_431' title='bbox 120 2342 187 2370; x_wconf 84' lang='lat' dir='ltr'><strong>hic?</strong></span> <span class='ocrx_word' id='word_1_432' title='bbox 205 2341 266 2375; x_wconf 84' lang='lat' dir='ltr'><strong>quia</strong></span> <span class='ocrx_word' id='word_1_433' title='bbox 283 2338 406 2366; x_wconf 81' lang='lat' dir='ltr'><strong>excidisti</strong></span> <span class='ocrx_word' id='word_1_434' title='bbox 424 2337 471 2363; x_wconf 90' lang='lat' dir='ltr'><strong>tibi</strong></span> <span class='ocrx_word' id='word_1_435' title='bbox 489 2337 532 2363; x_wconf 88' lang='lat' dir='ltr'><strong>hic</strong></span> <span class='ocrx_word' id='word_1_436' title='bbox 546 2337 712 2370; x_wconf 82' lang='lat' dir='ltr'><strong>sepulcrum,</strong></span> <span class='ocrx_word' id='word_1_437' title='bbox 736 2330 860 2359; x_wconf 84' lang='lat' dir='ltr'><strong>excidisti</strong></span> <span class='ocrx_word' id='word_1_438' title='bbox 878 2331 905 2356; x_wconf 88' lang='lat' dir='ltr'><strong>in</strong></span> 
     </span>
    </p>
   </div>
   <div class='ocr_carea' id='block_1_52' title="bbox 121 2377 906 2414">
    <p class='ocr_par' dir='ltr' id='par_1_52' title="bbox 121 2377 906 2414">
     <span class='ocr_line' id='line_1_54' title="bbox 121 2377 906 2414; baseline -0.017 0"><span class='ocrx_word' id='word_1_439' title='bbox 121 2386 228 2414; x_wconf 78' lang='lat' dir='ltr'><strong>excelso</strong></span> <span class='ocrx_word' id='word_1_440' title='bbox 245 2383 404 2411; x_wconf 81' lang='lat' dir='ltr'><strong>&#39;memOriale</strong></span> <span class='ocrx_word' id='word_1_441' title='bbox 421 2381 576 2414; x_wconf 80' lang='lat' dir='ltr'><strong>diligenter,</strong></span> <span class='ocrx_word' id='word_1_442' title='bbox 593 2380 620 2406; x_wconf 93' lang='lat' dir='ltr'><strong>in</strong></span> <span class='ocrx_word' id='word_1_443' title='bbox 643 2383 718 2413; x_wconf 81' lang='lat' dir='ltr'><strong>petra</strong></span> <span class='ocrx_word' id='word_1_444' title='bbox 744 2377 906 2403; x_wconf 81' lang='lat' dir='ltr'><strong>tabernacu-</strong></span> 
     </span>
    </p>
   </div>
   <div class='ocr_carea' id='block_1_53' title="bbox 122 2416 912 2459">
    <p class='ocr_par' dir='ltr' id='par_1_53' title="bbox 122 2416 912 2459">
     <span class='ocr_line' id='line_1_55' title="bbox 122 2416 912 2459; baseline -0.015 0"><span class='ocrx_word' id='word_1_445' title='bbox 122 2433 175 2459; x_wconf 87' lang='lat' dir='ltr'><strong>lum</strong></span> <span class='ocrx_word' id='word_1_446' title='bbox 195 2430 260 2458; x_wconf 87' lang='lat' dir='ltr'><strong>tibi?</strong></span> <span class='ocrx_word' id='word_1_447' title='bbox 283 2430 351 2457; x_wconf 85' lang='lat' dir='ltr'><strong>Ecce</strong></span> <span class='ocrx_word' id='word_1_448' title='bbox 366 2428 495 2456; x_wconf 88' lang='lat' dir='ltr'><strong>Dominus</strong></span> <span class='ocrx_word' id='word_1_449' title='bbox 527 2425 646 2453; x_wconf 81' lang='lat' dir='ltr'><strong>Sabaoth</strong></span> <span class='ocrx_word' id='word_1_450' title='bbox 677 2416 765 2458; x_wconf 70' lang='lat' dir='ltr'><strong>ejiciet</strong></span> <span class='ocrx_word' id='word_1_451' title='bbox 779 2427 805 2449; x_wconf 85' lang='lat' dir='ltr'><strong>et</strong></span> <span class='ocrx_word' id='word_1_452' title='bbox 819 2426 912 2448; x_wconf 79' lang='lat' dir='ltr'><strong>cente-</strong></span> 
     </span>
    </p>
   </div>
   <div class='ocr_carea' id='block_1_54' title="bbox 124 2467 910 2508">
    <p class='ocr_par' dir='ltr' id='par_1_54' title="bbox 124 2467 910 2508">
     <span class='ocr_line' id='line_1_56' title="bbox 124 2467 910 2508; baseline -0.017 -2"><span class='ocrx_word' id='word_1_453' title='bbox 124 2486 164 2507; x_wconf 84' lang='lat' dir='ltr'><strong>ret</strong></span> <span class='ocrx_word' id='word_1_454' title='bbox 192 2479 298 2508; x_wconf 86' lang='lat' dir='ltr'><strong>virum;</strong></span> <span class='ocrx_word' id='word_1_455' title='bbox 318 2480 345 2503; x_wconf 87' lang='lat' dir='ltr'><strong>et</strong></span> <span class='ocrx_word' id='word_1_456' title='bbox 373 2474 478 2502; x_wconf 74' lang='lat' dir='ltr'><strong>auferet</strong></span> <span class='ocrx_word' id='word_1_457' title='bbox 506 2472 603 2499; x_wconf 87' lang='lat' dir='ltr'><strong>stolam</strong></span> <span class='ocrx_word' id='word_1_458' title='bbox 629 2476 714 2503; x_wconf 88' lang='lat' dir='ltr'><strong>tuam,</strong></span> <span class='ocrx_word' id='word_1_459' title='bbox 742 2475 769 2496; x_wconf 89' lang='lat' dir='ltr'><strong>et</strong></span> <span class='ocrx_word' id='word_1_460' title='bbox 798 2467 910 2495; x_wconf 67' lang='lat' dir='ltr'><strong>infulam</strong></span> 
     </span>
    </p>
   </div>
   <div class='ocr_carea' id='block_1_55' title="bbox 125 2514 912 2556">
    <p class='ocr_par' dir='ltr' id='par_1_55' title="bbox 125 2514 912 2556">
     <span class='ocr_line' id='line_1_57' title="bbox 125 2514 912 2556; baseline -0.015 -5"><span class='ocrx_word' id='word_1_461' title='bbox 125 2530 209 2556; x_wconf 80' lang='lat' dir='ltr'><strong>tuam,</strong></span> <span class='ocrx_word' id='word_1_462' title='bbox 227 2529 253 2550; x_wconf 87' lang='lat' dir='ltr'><strong>et</strong></span> <span class='ocrx_word' id='word_1_463' title='bbox 269 2528 396 2549; x_wconf 83' lang='lat' dir='ltr'><strong>coronam</strong></span> <span class='ocrx_word' id='word_1_464' title='bbox 419 2524 490 2546; x_wconf 87' lang='lat' dir='ltr'><strong>tuam</strong></span> <span class='ocrx_word' id='word_1_465' title='bbox 511 2517 656 2552; x_wconf 80' lang='lat' dir='ltr'><strong>gloriosam</strong></span> <span class='ocrx_word' id='word_1_466' title='bbox 674 2524 681 2542; x_wconf 92' lang='lat'>:</span> <span class='ocrx_word' id='word_1_467' title='bbox 701 2519 728 2542; x_wconf 89' lang='lat' dir='ltr'><strong>et</strong></span> <span class='ocrx_word' id='word_1_468' title='bbox 748 2514 870 2549; x_wconf 79' lang='lat' dir='ltr'><strong>projicict</strong></span> <span class='ocrx_word' id='word_1_469' title='bbox 885 2517 912 2540; x_wconf 86' lang='lat' dir='ltr'><strong>te</strong></span> 
     </span>
    </p>
   </div>
   <div class='ocr_carea' id='block_1_56' title="bbox 124 2559 913 2604">
    <p class='ocr_par' dir='ltr' id='par_1_56' title="bbox 124 2559 913 2604">
     <span class='ocr_line' id='line_1_58' title="bbox 124 2559 913 2604; baseline -0.018 -7"><span class='ocrx_word' id='word_1_470' title='bbox 124 2571 151 2598; x_wconf 92' lang='lat' dir='ltr'><strong>iu</strong></span> <span class='ocrx_word' id='word_1_471' title='bbox 175 2570 312 2604; x_wconf 78' lang='lat' dir='ltr'><strong>regionem</strong></span> <span class='ocrx_word' id='word_1_472' title='bbox 341 2571 463 2599; x_wconf 70' lang='lat' dir='ltr'><strong>magnam</strong></span> <span class='ocrx_word' id='word_1_473' title='bbox 497 2566 524 2589; x_wconf 85' lang='lat' dir='ltr'><strong>et</strong></span> <span class='ocrx_word' id='word_1_474' title='bbox 546 2562 725 2592; x_wconf 84' lang='lat' dir='ltr'><strong>immensam;</strong></span> <span class='ocrx_word' id='word_1_475' title='bbox 743 2564 770 2586; x_wconf 89' lang='lat' dir='ltr'><strong>et</strong></span> <span class='ocrx_word' id='word_1_476' title='bbox 794 2559 828 2585; x_wconf 90' lang='lat' dir='ltr'><strong>ibi</strong></span> <span class='ocrx_word' id='word_1_477' title='bbox 857 2565 913 2584; x_wconf 86' lang='lat' dir='ltr'><strong>tuo-</strong></span> 
     </span>
    </p>
   </div>
   <div class='ocr_carea' id='block_1_57' title="bbox 126 2604 911 2647">
    <p class='ocr_par' dir='ltr' id='par_1_57' title="bbox 126 2604 911 2647">
     <span class='ocr_line' id='line_1_59' title="bbox 126 2604 911 2647; baseline -0.019 -4"><span class='ocrx_word' id='word_1_478' title='bbox 126 2617 203 2644; x_wconf 79' lang='lat' dir='ltr'><strong>rieris</strong></span> <span class='ocrx_word' id='word_1_479' title='bbox 218 2623 224 2640; x_wconf 92' lang='lat'>:</span> <span class='ocrx_word' id='word_1_480' title='bbox 248 2618 274 2640; x_wconf 85' lang='lat' dir='ltr'><strong>et</strong></span> <span class='ocrx_word' id='word_1_481' title='bbox 289 2611 412 2647; x_wconf 85' lang='lat' dir='ltr'><strong>projiciet</strong></span> <span class='ocrx_word' id='word_1_482' title='bbox 423 2616 533 2636; x_wconf 86' lang='lat' dir='ltr'><strong>currum</strong></span> <span class='ocrx_word' id='word_1_483' title='bbox 552 2612 626 2634; x_wconf 87' lang='lat' dir='ltr'><strong>tuum</strong></span> <span class='ocrx_word' id='word_1_484' title='bbox 642 2605 774 2640; x_wconf 88' lang='lat' dir='ltr'><strong>optimum</strong></span> <span class='ocrx_word' id='word_1_485' title='bbox 792 2604 818 2630; x_wconf 93' lang='lat' dir='ltr'><strong>iu</strong></span> <span class='ocrx_word' id='word_1_486' title='bbox 836 2604 911 2637; x_wconf 77' lang='lat' dir='ltr'><strong>igno-</strong></span> 
     </span>
    </p>
   </div>
   <div class='ocr_carea' id='block_1_58' title="bbox 127 2650 910 2693">
    <p class='ocr_par' dir='ltr' id='par_1_58' title="bbox 127 2650 910 2693">
     <span class='ocr_line' id='line_1_60' title="bbox 127 2650 910 2693; baseline -0.018 -5"><span class='ocrx_word' id='word_1_487' title='bbox 127 2661 248 2693; x_wconf 88' lang='lat' dir='ltr'><strong>miniam,</strong></span> <span class='ocrx_word' id='word_1_488' title='bbox 264 2663 291 2686; x_wconf 89' lang='lat' dir='ltr'><strong>et</strong></span> <span class='ocrx_word' id='word_1_489' title='bbox 302 2658 411 2685; x_wconf 77' lang='lat' dir='ltr'><strong>doutum</strong></span> <span class='ocrx_word' id='word_1_490' title='bbox 423 2654 553 2690; x_wconf 81' lang='lat' dir='ltr'><strong>principis</strong></span> <span class='ocrx_word' id='word_1_491' title='bbox 565 2652 602 2679; x_wconf 89' lang='lat' dir='ltr'><strong>ttti</strong></span> <span class='ocrx_word' id='word_1_492' title='bbox 615 2652 640 2678; x_wconf 88' lang='lat' dir='ltr'><strong>in</strong></span> <span class='ocrx_word' id='word_1_493' title='bbox 655 2650 886 2678; x_wconf 79' lang='lat' dir='ltr'><strong>conculcationem</strong></span> <span class='ocrx_word' id='word_1_494' title='bbox 903 2658 910 2675; x_wconf 89' lang='lat'><strong>:</strong></span> 
     </span>
    </p>
   </div>
   <div class='ocr_carea' id='block_1_59' title="bbox 164 2751 348 2783">
    <p class='ocr_par' dir='ltr' id='par_1_59' title="bbox 164 2751 348 2783">
     <span class='ocr_line' id='line_1_61' title="bbox 164 2751 348 2783; baseline -0.016 -3"><span class='ocrx_word' id='word_1_495' title='bbox 164 2754 187 2770; x_wconf 78' lang='grc'><strong>’⁷</strong></span> <span class='ocrx_word' id='word_1_496' title='bbox 205 2753 258 2780; x_wconf 74' lang='lat' dir='ltr'><strong>lsa.</strong></span> <span class='ocrx_word' id='word_1_497' title='bbox 271 2759 307 2783; x_wconf 75' lang='grc' dir='ltr'><strong>ιι,</strong></span> <span class='ocrx_word' id='word_1_498' title='bbox 322 2751 348 2777; x_wconf 75' lang='grc' dir='ltr'><strong>ι.</strong></span> 
     </span>
    </p>
   </div>
   <div class='ocr_carea' id='block_1_60' title="bbox 129 2781 550 2819">
    <p class='ocr_par' dir='ltr' id='par_1_60' title="bbox 129 2781 550 2819">
     <span class='ocr_line' id='line_1_62' title="bbox 129 2781 550 2819; baseline -0.026 -2"><span class='ocrx_word' id='word_1_499' title='bbox 129 2791 152 2806; x_wconf 76' lang='grc'>³⁵</span> <span class='ocrx_word' id='word_1_500' title='bbox 168 2790 219 2816; x_wconf 88' lang='lat' dir='ltr'><strong>lsa.</strong></span> <span class='ocrx_word' id='word_1_501' title='bbox 234 2795 289 2818; x_wconf 75' lang='grc' dir='ltr'><strong>ων,</strong></span> <span class='ocrx_word' id='word_1_502' title='bbox 301 2781 353 2819; x_wconf 58' lang='grc'>15;</span> <span class='ocrx_word' id='word_1_503' title='bbox 365 2785 444 2812; x_wconf 83' lang='lat' dir='ltr'><strong>Joau.</strong></span> <span class='ocrx_word' id='word_1_504' title='bbox 459 2791 494 2812; x_wconf 82' lang='lat' dir='ltr'><strong>vt.</strong></span> <span class='ocrx_word' id='word_1_505' title='bbox 509 2781 550 2819; x_wconf 58' lang='lat'><strong>45:</strong></span> 
     </span>
    </p>
   </div>
   <div class='ocr_carea' id='block_1_61' title="bbox 140 2818 496 2852">
    <p class='ocr_par' dir='ltr' id='par_1_61' title="bbox 140 2818 496 2852">
     <span class='ocr_line' id='line_1_63' title="bbox 140 2818 496 2852; baseline -0.025 0"><span class='ocrx_word' id='word_1_506' title='bbox 140 2825 183 2852; x_wconf 75' lang='grc'><strong>19.</strong></span> <span class='ocrx_word' id='word_1_507' title='bbox 222 2823 244 2838; x_wconf 84' lang='grc'><strong>³⁷</strong></span> <span class='ocrx_word' id='word_1_508' title='bbox 258 2822 308 2848; x_wconf 66' lang='grc' dir='ltr'>Ιςτι.</span> <span class='ocrx_word' id='word_1_509' title='bbox 323 2829 389 2849; x_wconf 77' lang='lat' dir='ltr'><strong>xvu.</strong></span> <span class='ocrx_word' id='word_1_510' title='bbox 406 2818 496 2845; x_wconf 73' lang='grc'><strong>1516.</strong></span> 
     </span>
    </p>
   </div>
   <div class='ocr_carea' id='block_1_62' title="bbox 133 2856 293 2887">
    <p class='ocr_par' dir='ltr' id='par_1_62' title="bbox 133 2856 293 2887">
     <span class='ocr_line' id='line_1_64' title="bbox 133 2856 293 2887; baseline -0.031 0"><span class='ocrx_word' id='word_1_511' title='bbox 133 2867 210 2887; x_wconf 74' lang='lat' dir='ltr'><strong>cm.</strong></span> <span class='ocrx_word' id='word_1_512' title='bbox 228 2858 252 2886; x_wconf 83' lang='grc' dir='ltr'><strong>ι,</strong></span> <span class='ocrx_word' id='word_1_513' title='bbox 266 2856 293 2883; x_wconf 73' lang='lat'><strong>‘2.</strong></span> 
     </span>
    </p>
   </div>
   <div class='ocr_carea' id='block_1_63' title="bbox 589 2774 883 2805">
    <p class='ocr_par' dir='ltr' id='par_1_63' title="bbox 589 2774 883 2805">
     <span class='ocr_line' id='line_1_65' title="bbox 589 2774 883 2805; baseline -0.01 -1"><span class='ocrx_word' id='word_1_514' title='bbox 589 2779 612 2794; x_wconf 83' lang='grc'><strong>³³</strong></span> <span class='ocrx_word' id='word_1_515' title='bbox 626 2777 697 2804; x_wconf 75' lang='lat' dir='ltr'><strong>Psztl.</strong></span> <span class='ocrx_word' id='word_1_516' title='bbox 718 2783 789 2805; x_wconf 63' lang='grc' dir='ltr'><strong>χειν,</strong></span> <span class='ocrx_word' id='word_1_517' title='bbox 812 2775 838 2805; x_wconf 83' lang='lat'><strong>8.</strong></span> <span class='ocrx_word' id='word_1_518' title='bbox 856 2774 883 2801; x_wconf 75' lang='grc' dir='ltr'><strong>υ.</strong></span> 
     </span>
    </p>
   </div>
   <div class='ocr_carea' id='block_1_64' title="bbox 387 2734 1104 2775">
    <p class='ocr_par' dir='ltr' id='par_1_64' title="bbox 387 2734 1104 2775">
     <span class='ocr_line' id='line_1_66' title="bbox 387 2734 1104 2775; baseline -0.018 -1"><span class='ocrx_word' id='word_1_519' title='bbox 387 2749 409 2765; x_wconf 69' lang='grc'><strong>⁸⁸</strong></span> <span class='ocrx_word' id='word_1_520' title='bbox 426 2747 505 2775; x_wconf 74' lang='grc' dir='ltr'><strong>Μία-11.</strong></span> <span class='ocrx_word' id='word_1_521' title='bbox 518 2754 554 2774; x_wconf 85' lang='lat' dir='ltr'><strong>Iv.</strong></span> <span class='ocrx_word' id='word_1_522' title='bbox 570 2745 596 2770; x_wconf 52' lang='lat' dir='ltr'><strong>&#39;l.</strong></span> <span class='ocrx_word' id='word_1_523' title='bbox 625 2743 657 2758; x_wconf 78' lang='grc'><strong>¹⁸⁴</strong></span> <span class='ocrx_word' id='word_1_524' title='bbox 674 2741 738 2768; x_wconf 73' lang='lat' dir='ltr'><strong>Luc.</strong></span> <span class='ocrx_word' id='word_1_525' title='bbox 756 2748 786 2771; x_wconf 77' lang='lat' dir='ltr'><strong>ll,</strong></span> <span class='ocrx_word' id='word_1_526' title='bbox 802 2740 827 2768; x_wconf 64' lang='lat'><strong>.5.</strong></span> <span class='ocrx_word' id='word_1_527' title='bbox 844 2739 871 2775; x_wconf 74' lang='lat'><strong>5.</strong></span> <span class='ocrx_word' id='word_1_528' title='bbox 893 2737 1017 2775; x_wconf 77' lang='lat' dir='ltr'><strong>&quot;_Mi_ch._</strong></span> <span class='ocrx_word' id='word_1_529' title='bbox 1029 2743 1064 2764; x_wconf 71' lang='lat' dir='ltr'><strong>tv,</strong></span> <span class='ocrx_word' id='word_1_530' title='bbox 1076 2734 1104 2760; x_wconf 64' lang='grc' dir='ltr'><strong>Ξ.</strong></span> 
     </span>
    </p>
   </div>
   <div class='ocr_carea' id='block_1_65' title="bbox 921 2766 1220 2799">
    <p class='ocr_par' dir='ltr' id='par_1_65' title="bbox 921 2766 1220 2799">
     <span class='ocr_line' id='line_1_67' title="bbox 921 2766 1220 2799; baseline -0.03 0"><span class='ocrx_word' id='word_1_531' title='bbox 921 2773 943 2788; x_wconf 70' lang='grc' dir='ltr'><strong>’ν</strong></span> <span class='ocrx_word' id='word_1_532' title='bbox 960 2772 1029 2798; x_wconf 76' lang='lat' dir='ltr'><strong>Psal.</strong></span> <span class='ocrx_word' id='word_1_533' title='bbox 1044 2776 1136 2799; x_wconf 72' lang='lat' dir='ltr'><strong>cunt,</strong></span> <span class='ocrx_word' id='word_1_534' title='bbox 1160 2766 1220 2792; x_wconf 78' lang='lat'><strong>[05.</strong></span> 
     </span>
    </p>
   </div>
   <div class='ocr_carea' id='block_1_66' title="bbox 540 2808 975 2840">
    <p class='ocr_par' dir='ltr' id='par_1_66' title="bbox 540 2808 975 2840">
     <span class='ocr_line' id='line_1_68' title="bbox 540 2808 975 2840; baseline -0.018 0"><span class='ocrx_word' id='word_1_535' title='bbox 540 2815 562 2830; x_wconf 83' lang='grc'><strong>⁸⁸</strong></span> <span class='ocrx_word' id='word_1_536' title='bbox 577 2814 642 2840; x_wconf 82' lang='lat' dir='ltr'><strong>ibid.</strong></span> <span class='ocrx_word' id='word_1_537' title='bbox 657 2811 750 2838; x_wconf 56' lang='lat' dir='ltr'><strong>ﬁll-“2i.</strong></span> <span class='ocrx_word' id='word_1_538' title='bbox 772 2811 794 2826; x_wconf 71' lang='grc'><strong>³⁵</strong></span> <span class='ocrx_word' id='word_1_539' title='bbox 813 2809 862 2834; x_wconf 62' lang='lat' dir='ltr'><strong>liii.</strong></span> <span class='ocrx_word' id='word_1_540' title='bbox 881 2816 935 2837; x_wconf 82' lang='lat' dir='ltr'><strong>Liv.</strong></span> <span class='ocrx_word' id='word_1_541' title='bbox 949 2808 975 2833; x_wconf 72' lang='lat'><strong>‘2.</strong></span> 
     </span>
    </p>
   </div>
   <div class='ocr_carea' id='block_1_67' title="bbox 334 2840 1081 2882">
    <p class='ocr_par' dir='ltr' id='par_1_67' title="bbox 334 2840 1081 2882">
     <span class='ocr_line' id='line_1_69' title="bbox 334 2840 1081 2882; baseline -0.023 1"><span class='ocrx_word' id='word_1_542' title='bbox 334 2840 518 2882; x_wconf 41' lang='lat' dir='ltr'><strong>iiibiﬁfﬂv.</strong></span> <span class='ocrx_word' id='word_1_543' title='bbox 534 2851 560 2877; x_wconf 78' lang='lat'><strong>6.</strong></span> <span class='ocrx_word' id='word_1_544' title='bbox 598 2848 618 2863; x_wconf 69' lang='lat'>“</span> <span class='ocrx_word' id='word_1_545' title='bbox 639 2848 690 2874; x_wconf 60' lang='lat' dir='ltr'><strong>isa.</strong></span> <span class='ocrx_word' id='word_1_546' title='bbox 713 2853 804 2876; x_wconf 71' lang='lat' dir='ltr'><strong>xM‘lll,</strong></span> <span class='ocrx_word' id='word_1_547' title='bbox 825 2844 874 2875; x_wconf 76' lang='lat' dir='ltr'><strong>lti;</strong></span> <span class='ocrx_word' id='word_1_548' title='bbox 895 2843 905 2869; x_wconf 92' lang='grc' dir='ltr'>ι</span> <span class='ocrx_word' id='word_1_549' title='bbox 922 2843 992 2870; x_wconf 74' lang='lat' dir='ltr'><strong>Pctr.</strong></span> <span class='ocrx_word' id='word_1_550' title='bbox 1011 2849 1037 2873; x_wconf 89' lang='lat' dir='ltr'><strong>ll,</strong></span> <span class='ocrx_word' id='word_1_551' title='bbox 1055 2840 1081 2866; x_wconf 85' lang='lat'><strong>6.</strong></span> 
     </span>
    </p>
   </div>
   <div class='ocr_carea' id='block_1_68' title="bbox 920 218 1710 262">
    <p class='ocr_par' dir='ltr' id='par_1_68' title="bbox 920 218 1710 262">
     <span class='ocr_line' id='line_1_70' title="bbox 920 218 1710 262; baseline -0.024 0"><span class='ocrx_word' id='word_1_552' title='bbox 920 235 987 262; x_wconf 84' lang='lat' dir='ltr'><strong>Nam</strong></span> <span class='ocrx_word' id='word_1_553' title='bbox 1000 233 1106 260; x_wconf 80' lang='lat' dir='ltr'><strong>Sobnas</strong></span> <span class='ocrx_word' id='word_1_554' title='bbox 1121 228 1288 258; x_wconf 86' lang='lat' dir='ltr'><strong>tantumdem</strong></span> <span class='ocrx_word' id='word_1_555' title='bbox 1308 231 1350 254; x_wconf 87' lang='lat' dir='ltr'><strong>est</strong></span> <span class='ocrx_word' id='word_1_556' title='bbox 1365 227 1369 249; x_wconf 72' lang='grc' dir='ltr'>ἰ</span> <span class='ocrx_word' id='word_1_557' title='bbox 1383 232 1415 252; x_wconf 87' lang='lat' dir='ltr'><strong>ac</strong></span> <span class='ocrx_word' id='word_1_558' title='bbox 1433 223 1455 252; x_wconf 89' lang='lat' dir='ltr'><strong>si</strong></span> <span class='ocrx_word' id='word_1_559' title='bbox 1468 223 1547 250; x_wconf 86' lang='lat' dir='ltr'><strong>dicas</strong></span> <span class='ocrx_word' id='word_1_560' title='bbox 1562 229 1568 248; x_wconf 93' lang='lat'>:</span> <span class='ocrx_word' id='word_1_561' title='bbox 1588 229 1597 246; x_wconf 71' lang='grc' dir='ltr'><strong><em>ι</em></strong></span> <span class='ocrx_word' id='word_1_562' title='bbox 1621 218 1710 246; x_wconf 74' lang='lat' dir='ltr'><strong>Foras</strong></span> 
     </span>
    </p>
   </div>
   <div class='ocr_carea' id='block_1_69' title="bbox 923 279 1077 307">
    <p class='ocr_par' dir='ltr' id='par_1_69' title="bbox 923 279 1077 307">
     <span class='ocr_line' id='line_1_71' title="bbox 923 279 1077 307; baseline -0.026 0"><span class='ocrx_word' id='word_1_563' title='bbox 923 279 1048 307; x_wconf 81' lang='lat' dir='ltr'><strong>abscede.</strong></span> <span class='ocrx_word' id='word_1_564' title='bbox 1068 286 1077 303; x_wconf 76' lang='grc' dir='ltr'>ι</span> 
     </span>
    </p>
   </div>
   <div class='ocr_carea' id='block_1_70' title="bbox 960 329 1710 373">
    <p class='ocr_par' dir='ltr' id='par_1_70' title="bbox 960 329 1710 373">
     <span class='ocr_line' id='line_1_72' title="bbox 960 329 1710 373; baseline -0.024 0"><span class='ocrx_word' id='word_1_565' title='bbox 960 347 994 373; x_wconf 79' lang='lat' dir='ltr'><strong>At</strong></span> <span class='ocrx_word' id='word_1_566' title='bbox 1008 345 1042 372; x_wconf 86' lang='lat' dir='ltr'><strong>de</strong></span> <span class='ocrx_word' id='word_1_567' title='bbox 1060 350 1128 370; x_wconf 84' lang='lat' dir='ltr'><strong>novo</strong></span> <span class='ocrx_word' id='word_1_568' title='bbox 1146 340 1246 368; x_wconf 89' lang='lat' dir='ltr'><strong>Christi</strong></span> <span class='ocrx_word' id='word_1_569' title='bbox 1268 337 1369 365; x_wconf 67' lang='lat' dir='ltr'><strong>{uadere</strong></span> <span class='ocrx_word' id='word_1_570' title='bbox 1391 334 1486 361; x_wconf 82' lang='lat' dir='ltr'><strong>scribit</strong></span> <span class='ocrx_word' id='word_1_571' title='bbox 1502 339 1584 367; x_wconf 91' lang='lat' dir='ltr'><strong>porro</strong></span> <span class='ocrx_word' id='word_1_572' title='bbox 1598 329 1683 358; x_wconf 79' lang='lat' dir='ltr'><strong>Isaias</strong></span> <span class='ocrx_word' id='word_1_573' title='bbox 1701 336 1710 355; x_wconf 88' lang='lat'><strong>:</strong></span> 
     </span>
    </p>
   </div>
   <div class='ocr_carea' id='block_1_71' title="bbox 926 381 1714 419">
    <p class='ocr_par' dir='ltr' id='par_1_71' title="bbox 926 381 1714 419">
     <span class='ocr_line' id='line_1_73' title="bbox 926 381 1714 419; baseline -0.025 1"><span class='ocrx_word' id='word_1_574' title='bbox 926 402 935 418; x_wconf 73' lang='grc' dir='ltr'>ι</span> <span class='ocrx_word' id='word_1_575' title='bbox 969 392 1003 419; x_wconf 83' lang='grc' dir='ltr'><strong>Ει</strong></span> <span class='ocrx_word' id='word_1_576' title='bbox 1029 391 1082 418; x_wconf 86' lang='lat' dir='ltr'><strong>erit</strong></span> <span class='ocrx_word' id='word_1_577' title='bbox 1111 389 1137 415; x_wconf 92' lang='lat' dir='ltr'><strong>in</strong></span> <span class='ocrx_word' id='word_1_578' title='bbox 1164 387 1207 414; x_wconf 88' lang='lat' dir='ltr'><strong>die</strong></span> <span class='ocrx_word' id='word_1_579' title='bbox 1231 385 1273 412; x_wconf 87' lang='lat' dir='ltr'><strong>illa</strong></span> <span class='ocrx_word' id='word_1_580' title='bbox 1303 393 1310 411; x_wconf 92' lang='lat'><strong>:</strong></span> <span class='ocrx_word' id='word_1_581' title='bbox 1342 381 1453 409; x_wconf 78' lang='lat' dir='ltr'><strong>Vocabo</strong></span> <span class='ocrx_word' id='word_1_582' title='bbox 1481 386 1590 406; x_wconf 87' lang='lat' dir='ltr'><strong>servum</strong></span> <span class='ocrx_word' id='word_1_583' title='bbox 1623 383 1714 404; x_wconf 86' lang='lat' dir='ltr'><strong>meum</strong></span> 
     </span>
    </p>
   </div>
   <div class='ocr_carea' id='block_1_72' title="bbox 924 424 1714 467">
    <p class='ocr_par' dir='ltr' id='par_1_72' title="bbox 924 424 1714 467">
     <span class='ocr_line' id='line_1_74' title="bbox 924 424 1714 467; baseline -0.023 -3"><span class='ocrx_word' id='word_1_584' title='bbox 924 437 1050 467; x_wconf 79' lang='lat' dir='ltr'><strong>Eliacim,</strong></span> <span class='ocrx_word' id='word_1_585' title='bbox 1070 434 1153 461; x_wconf 82' lang='lat' dir='ltr'><strong>lilium</strong></span> <span class='ocrx_word' id='word_1_586' title='bbox 1169 431 1279 463; x_wconf 68' lang='lat' dir='ltr'><strong>llclciat,</strong></span> <span class='ocrx_word' id='word_1_587' title='bbox 1293 433 1320 457; x_wconf 85' lang='lat' dir='ltr'><strong>et</strong></span> <span class='ocrx_word' id='word_1_588' title='bbox 1331 429 1441 456; x_wconf 81' lang='lat' dir='ltr'><strong>induam</strong></span> <span class='ocrx_word' id='word_1_589' title='bbox 1457 425 1533 452; x_wconf 88' lang='lat' dir='ltr'><strong>illum</strong></span> <span class='ocrx_word' id='word_1_590' title='bbox 1550 424 1640 450; x_wconf 80' lang='lat' dir='ltr'><strong>tunica</strong></span> <span class='ocrx_word' id='word_1_591' title='bbox 1657 427 1714 453; x_wconf 82' lang='lat' dir='ltr'><strong>tua,</strong></span> 
     </span>
    </p>
   </div>
   <div class='ocr_carea' id='block_1_73' title="bbox 925 472 1715 516">
    <p class='ocr_par' dir='ltr' id='par_1_73' title="bbox 925 472 1715 516">
     <span class='ocr_line' id='line_1_75' title="bbox 925 472 1715 516; baseline -0.023 -6"><span class='ocrx_word' id='word_1_592' title='bbox 925 488 952 510; x_wconf 89' lang='lat' dir='ltr'><strong>et</strong></span> <span class='ocrx_word' id='word_1_593' title='bbox 966 481 1074 516; x_wconf 75' lang='lat' dir='ltr'><strong>cingulo</strong></span> <span class='ocrx_word' id='word_1_594' title='bbox 1089 485 1136 507; x_wconf 88' lang='lat' dir='ltr'><strong>tuo</strong></span> <span class='ocrx_word' id='word_1_595' title='bbox 1148 476 1305 505; x_wconf 80' lang='lat' dir='ltr'><strong>confortabo</strong></span> <span class='ocrx_word' id='word_1_596' title='bbox 1320 481 1393 506; x_wconf 78' lang='lat' dir='ltr'><strong>eum,</strong></span> <span class='ocrx_word' id='word_1_597' title='bbox 1409 477 1436 499; x_wconf 87' lang='lat' dir='ltr'><strong>et</strong></span> <span class='ocrx_word' id='word_1_598' title='bbox 1460 473 1620 505; x_wconf 85' lang='lat' dir='ltr'><strong>potestatem</strong></span> <span class='ocrx_word' id='word_1_599' title='bbox 1640 472 1715 494; x_wconf 86' lang='lat' dir='ltr'><strong>tuam</strong></span> 
     </span>
    </p>
   </div>
   <div class='ocr_carea' id='block_1_74' title="bbox 927 513 1717 557">
    <p class='ocr_par' dir='ltr' id='par_1_74' title="bbox 927 513 1717 557">
     <span class='ocr_line' id='line_1_76' title="bbox 927 513 1717 557; baseline -0.024 -1"><span class='ocrx_word' id='word_1_600' title='bbox 927 528 998 556; x_wconf 84' lang='lat' dir='ltr'><strong>dabo</strong></span> <span class='ocrx_word' id='word_1_601' title='bbox 1012 513 1040 553; x_wconf 78' lang='lat' dir='ltr'><strong>in</strong></span> <span class='ocrx_word' id='word_1_602' title='bbox 1056 533 1138 553; x_wconf 86' lang='lat' dir='ltr'><strong>manu</strong></span> <span class='ocrx_word' id='word_1_603' title='bbox 1152 522 1210 557; x_wconf 81' lang='lat' dir='ltr'><strong>ejus</strong></span> <span class='ocrx_word' id='word_1_604' title='bbox 1223 529 1232 548; x_wconf 84' lang='lat'><strong>:</strong></span> <span class='ocrx_word' id='word_1_605' title='bbox 1243 525 1270 548; x_wconf 84' lang='lat' dir='ltr'><strong>et</strong></span> <span class='ocrx_word' id='word_1_606' title='bbox 1284 519 1336 547; x_wconf 88' lang='lat' dir='ltr'><strong>erit</strong></span> <span class='ocrx_word' id='word_1_607' title='bbox 1347 518 1423 554; x_wconf 85' lang='lat' dir='ltr'><strong>quasi</strong></span> <span class='ocrx_word' id='word_1_608' title='bbox 1438 521 1513 549; x_wconf 82' lang='lat' dir='ltr'><strong>pater</strong></span> <span class='ocrx_word' id='word_1_609' title='bbox 1530 513 1717 541; x_wconf 80' lang='lat' dir='ltr'><strong>habitantibus</strong></span> 
     </span>
    </p>
   </div>
   <div class='ocr_carea' id='block_1_75' title="bbox 926 558 1717 604">
    <p class='ocr_par' dir='ltr' id='par_1_75' title="bbox 926 558 1717 604">
     <span class='ocr_line' id='line_1_77' title="bbox 926 558 1717 604; baseline -0.025 -2"><span class='ocrx_word' id='word_1_610' title='bbox 926 572 1087 604; x_wconf 76' lang='lat' dir='ltr'><strong>Jerusalem,</strong></span> <span class='ocrx_word' id='word_1_611' title='bbox 1118 575 1145 597; x_wconf 90' lang='lat' dir='ltr'><strong>ct</strong></span> <span class='ocrx_word' id='word_1_612' title='bbox 1170 567 1261 596; x_wconf 91' lang='lat' dir='ltr'><strong>domui</strong></span> <span class='ocrx_word' id='word_1_613' title='bbox 1290 565 1372 593; x_wconf 85' lang='lat' dir='ltr'><strong>Juda.</strong></span> <span class='ocrx_word' id='word_1_614' title='bbox 1394 563 1428 591; x_wconf 81' lang='lat' dir='ltr'><strong>Et</strong></span> <span class='ocrx_word' id='word_1_615' title='bbox 1455 562 1526 589; x_wconf 85' lang='lat' dir='ltr'><strong>dabo</strong></span> <span class='ocrx_word' id='word_1_616' title='bbox 1549 561 1573 586; x_wconf 89' lang='lat' dir='ltr'><strong>ci</strong></span> <span class='ocrx_word' id='word_1_617' title='bbox 1602 558 1717 594; x_wconf 74' lang='lat' dir='ltr'><strong>gloriam</strong></span> 
     </span>
    </p>
   </div>
   <div class='ocr_carea' id='block_1_76' title="bbox 928 603 1717 651">
    <p class='ocr_par' dir='ltr' id='par_1_76' title="bbox 928 603 1717 651">
     <span class='ocr_line' id='line_1_78' title="bbox 928 603 1717 651; baseline -0.024 -5"><span class='ocrx_word' id='word_1_618' title='bbox 928 609 1024 650; x_wconf 80' lang='lat' dir='ltr'><strong>David,</strong></span> <span class='ocrx_word' id='word_1_619' title='bbox 1038 621 1065 645; x_wconf 87' lang='lat' dir='ltr'><strong>et</strong></span> <span class='ocrx_word' id='word_1_620' title='bbox 1077 603 1285 651; x_wconf 74' lang='lat' dir='ltr'><strong>principaliitur,</strong></span> <span class='ocrx_word' id='word_1_621' title='bbox 1301 615 1328 639; x_wconf 89' lang='lat' dir='ltr'><strong>et</strong></span> <span class='ocrx_word' id='word_1_622' title='bbox 1345 617 1397 637; x_wconf 90' lang='lat' dir='ltr'><strong>non</strong></span> <span class='ocrx_word' id='word_1_623' title='bbox 1411 609 1462 635; x_wconf 85' lang='lat' dir='ltr'><strong>erit</strong></span> <span class='ocrx_word' id='word_1_624' title='bbox 1475 607 1520 641; x_wconf 91' lang='lat' dir='ltr'><strong>qui</strong></span> <span class='ocrx_word' id='word_1_625' title='bbox 1535 603 1717 633; x_wconf 87' lang='lat' dir='ltr'><strong>contradicat.</strong></span> 
     </span>
    </p>
   </div>
   <div class='ocr_carea' id='block_1_77' title="bbox 928 648 1718 695">
    <p class='ocr_par' dir='ltr' id='par_1_77' title="bbox 928 648 1718 695">
     <span class='ocr_line' id='line_1_79' title="bbox 928 648 1718 695; baseline -0.024 -2"><span class='ocrx_word' id='word_1_626' title='bbox 928 665 962 692; x_wconf 84' lang='lat' dir='ltr'><strong>Et</strong></span> <span class='ocrx_word' id='word_1_627' title='bbox 978 669 1094 692; x_wconf 86' lang='lat' dir='ltr'><strong>statuam</strong></span> <span class='ocrx_word' id='word_1_628' title='bbox 1107 648 1175 689; x_wconf 35' lang='lat' dir='ltr'><strong>eum&#39;</strong></span> <span class='ocrx_word' id='word_1_629' title='bbox 1185 658 1332 695; x_wconf 86' lang='lat' dir='ltr'><strong>principem</strong></span> <span class='ocrx_word' id='word_1_630' title='bbox 1345 657 1371 683; x_wconf 92' lang='lat' dir='ltr'><strong>in</strong></span> <span class='ocrx_word' id='word_1_631' title='bbox 1390 656 1453 682; x_wconf 89' lang='lat' dir='ltr'><strong>loco</strong></span> <span class='ocrx_word' id='word_1_632' title='bbox 1469 652 1541 680; x_wconf 87' lang='lat' dir='ltr'><strong>lideli</strong></span> <span class='ocrx_word' id='word_1_633' title='bbox 1558 660 1565 678; x_wconf 96' lang='lat'><strong>:</strong></span> <span class='ocrx_word' id='word_1_634' title='bbox 1585 655 1612 678; x_wconf 86' lang='lat' dir='ltr'><strong>et</strong></span> <span class='ocrx_word' id='word_1_635' title='bbox 1625 649 1676 676; x_wconf 90' lang='lat' dir='ltr'><strong>erit</strong></span> <span class='ocrx_word' id='word_1_636' title='bbox 1691 648 1718 674; x_wconf 91' lang='lat' dir='ltr'><strong>in</strong></span> 
     </span>
    </p>
   </div>
   <div class='ocr_carea' id='block_1_78' title="bbox 932 694 1720 745">
    <p class='ocr_par' dir='ltr' id='par_1_78' title="bbox 932 694 1720 745">
     <span class='ocr_line' id='line_1_80' title="bbox 932 694 1720 745; baseline -0.027 -5"><span class='ocrx_word' id='word_1_637' title='bbox 932 712 1029 740; x_wconf 78' lang='lat' dir='ltr'><strong>solium</strong></span> <span class='ocrx_word' id='word_1_638' title='bbox 1046 709 1138 745; x_wconf 78' lang='lat' dir='ltr'><strong>glorizc</strong></span> <span class='ocrx_word' id='word_1_639' title='bbox 1153 694 1249 734; x_wconf 76' lang='lat' dir='ltr'><strong>domus</strong></span> <span class='ocrx_word' id='word_1_640' title='bbox 1266 703 1354 739; x_wconf 86' lang='lat' dir='ltr'><strong>patris</strong></span> <span class='ocrx_word' id='word_1_641' title='bbox 1366 701 1439 736; x_wconf 82' lang='lat' dir='ltr'><strong>ejus;</strong></span> <span class='ocrx_word' id='word_1_642' title='bbox 1458 704 1485 726; x_wconf 91' lang='lat' dir='ltr'><strong>ct</strong></span> <span class='ocrx_word' id='word_1_643' title='bbox 1504 701 1585 725; x_wconf 88' lang='lat' dir='ltr'><strong>erunt</strong></span> <span class='ocrx_word' id='word_1_644' title='bbox 1598 694 1720 730; x_wconf 87' lang='lat' dir='ltr'><strong>penden-</strong></span> 
     </span>
    </p>
   </div>
   <div class='ocr_carea' id='block_1_79' title="bbox 931 741 1719 785">
    <p class='ocr_par' dir='ltr' id='par_1_79' title="bbox 931 741 1719 785">
     <span class='ocr_line' id='line_1_81' title="bbox 931 741 1719 785; baseline -0.025 -1"><span class='ocrx_word' id='word_1_645' title='bbox 931 762 971 784; x_wconf 86' lang='lat' dir='ltr'><strong>tes</strong></span> <span class='ocrx_word' id='word_1_646' title='bbox 997 756 1031 783; x_wconf 89' lang='lat' dir='ltr'><strong>ab</strong></span> <span class='ocrx_word' id='word_1_647' title='bbox 1047 741 1086 782; x_wconf 67' lang='lat' dir='ltr'><strong>eo</strong></span> <span class='ocrx_word' id='word_1_648' title='bbox 1107 752 1201 785; x_wconf 83' lang='lat' dir='ltr'><strong>indie</strong></span> <span class='ocrx_word' id='word_1_649' title='bbox 1224 750 1269 777; x_wconf 86' lang='lat' dir='ltr'><strong>illa</strong></span> <span class='ocrx_word' id='word_1_650' title='bbox 1282 749 1316 775; x_wconf 81' lang='grc'><strong>³⁵.</strong></span> <span class='ocrx_word' id='word_1_651' title='bbox 1335 756 1346 773; x_wconf 88' lang='grc'><strong>›</strong></span> <span class='ocrx_word' id='word_1_652' title='bbox 1370 745 1463 780; x_wconf 82' lang='lat' dir='ltr'><strong>Neque</strong></span> <span class='ocrx_word' id='word_1_653' title='bbox 1487 743 1567 770; x_wconf 82' lang='lat' dir='ltr'><strong>aliter</strong></span> <span class='ocrx_word' id='word_1_654' title='bbox 1592 741 1626 768; x_wconf 92' lang='lat' dir='ltr'><strong>de</strong></span> <span class='ocrx_word' id='word_1_655' title='bbox 1649 746 1719 766; x_wconf 89' lang='lat' dir='ltr'><strong>nova</strong></span> 
     </span>
    </p>
   </div>
   <div class='ocr_carea' id='block_1_80' title="bbox 931 785 1721 830">
    <p class='ocr_par' dir='ltr' id='par_1_80' title="bbox 931 785 1721 830">
     <span class='ocr_line' id='line_1_82' title="bbox 931 785 1721 830; baseline -0.025 0"><span class='ocrx_word' id='word_1_656' title='bbox 931 801 1054 830; x_wconf 73' lang='lat' dir='ltr'><strong>Ecclesia</strong></span> <span class='ocrx_word' id='word_1_657' title='bbox 1070 799 1141 827; x_wconf 86' lang='lat' dir='ltr'><strong>idem</strong></span> <span class='ocrx_word' id='word_1_658' title='bbox 1157 805 1172 824; x_wconf 90' lang='lat' dir='ltr'><strong>a</strong></span> <span class='ocrx_word' id='word_1_659' title='bbox 1191 797 1246 823; x_wconf 88' lang='lat' dir='ltr'><strong>Deo</strong></span> <span class='ocrx_word' id='word_1_660' title='bbox 1269 792 1414 821; x_wconf 84' lang='lat' dir='ltr'><strong>denuntiat</strong></span> <span class='ocrx_word' id='word_1_661' title='bbox 1433 798 1440 817; x_wconf 91' lang='lat'>:</span> <span class='ocrx_word' id='word_1_662' title='bbox 1460 799 1470 816; x_wconf 71' lang='grc' dir='ltr'>ι</span> <span class='ocrx_word' id='word_1_663' title='bbox 1492 787 1614 816; x_wconf 88' lang='lat' dir='ltr'><strong>Dilatabo</strong></span> <span class='ocrx_word' id='word_1_664' title='bbox 1631 785 1721 812; x_wconf 89' lang='lat' dir='ltr'><strong>locum</strong></span> 
     </span>
    </p>
   </div>
   <div class='ocr_carea' id='block_1_81' title="bbox 896 832 1721 882">
    <p class='ocr_par' dir='ltr' id='par_1_81' title="bbox 896 832 1721 882">
     <span class='ocr_line' id='line_1_83' title="bbox 896 832 1721 882; baseline -0.025 -5"><span class='ocrx_word' id='word_1_665' title='bbox 896 857 916 882; x_wconf 73' lang='grc' dir='ltr'><strong><em>Β</em></strong></span> <span class='ocrx_word' id='word_1_666' title='bbox 932 847 1038 876; x_wconf 87' lang='lat' dir='ltr'><strong>tentorii</strong></span> <span class='ocrx_word' id='word_1_667' title='bbox 1052 845 1101 878; x_wconf 85' lang='lat' dir='ltr'><strong>tui,</strong></span> <span class='ocrx_word' id='word_1_668' title='bbox 1117 848 1144 872; x_wconf 86' lang='lat' dir='ltr'><strong>et</strong></span> <span class='ocrx_word' id='word_1_669' title='bbox 1157 842 1233 878; x_wconf 84' lang='lat' dir='ltr'><strong>palos</strong></span> <span class='ocrx_word' id='word_1_670' title='bbox 1245 845 1306 868; x_wconf 89' lang='lat' dir='ltr'><strong>tuos</strong></span> <span class='ocrx_word' id='word_1_671' title='bbox 1322 835 1508 867; x_wconf 83' lang='lat' dir='ltr'><strong>consolidabo,</strong></span> <span class='ocrx_word' id='word_1_672' title='bbox 1520 833 1554 860; x_wconf 84' lang='lat' dir='ltr'><strong>ad</strong></span> <span class='ocrx_word' id='word_1_673' title='bbox 1582 832 1721 860; x_wconf 82' lang='lat' dir='ltr'><strong>dexteram</strong></span> 
     </span>
    </p>
   </div>
   <div class='ocr_carea' id='block_1_82' title="bbox 933 875 1723 922">
    <p class='ocr_par' dir='ltr' id='par_1_82' title="bbox 933 875 1723 922">
     <span class='ocr_line' id='line_1_84' title="bbox 933 875 1723 922; baseline -0.027 0"><span class='ocrx_word' id='word_1_674' title='bbox 933 899 960 922; x_wconf 71' lang='lat' dir='ltr'><strong>et</strong></span> <span class='ocrx_word' id='word_1_675' title='bbox 979 893 1012 921; x_wconf 78' lang='lat' dir='ltr'><strong>ad</strong></span> <span class='ocrx_word' id='word_1_676' title='bbox 1028 892 1167 920; x_wconf 86' lang='lat' dir='ltr'><strong>sinistram</strong></span> <span class='ocrx_word' id='word_1_677' title='bbox 1185 886 1331 915; x_wconf 77' lang='lat' dir='ltr'><strong>extendam</strong></span> <span class='ocrx_word' id='word_1_678' title='bbox 1354 888 1380 910; x_wconf 91' lang='lat' dir='ltr'><strong>et</strong></span> <span class='ocrx_word' id='word_1_679' title='bbox 1405 887 1498 909; x_wconf 86' lang='lat' dir='ltr'><strong>semen</strong></span> <span class='ocrx_word' id='word_1_680' title='bbox 1513 884 1589 906; x_wconf 89' lang='lat' dir='ltr'><strong>tuum</strong></span> <span class='ocrx_word' id='word_1_681' title='bbox 1604 875 1723 904; x_wconf 73' lang='lat' dir='ltr'><strong>haeredi-</strong></span> 
     </span>
    </p>
   </div>
   <div class='ocr_carea' id='block_1_83' title="bbox 933 936 1184 974">
    <p class='ocr_par' dir='ltr' id='par_1_83' title="bbox 933 936 1184 974">
     <span class='ocr_line' id='line_1_85' title="bbox 933 936 1184 974; baseline -0.032 -6"><span class='ocrx_word' id='word_1_682' title='bbox 933 940 999 968; x_wconf 87' lang='lat' dir='ltr'><strong>tabit</strong></span> <span class='ocrx_word' id='word_1_683' title='bbox 1014 942 1108 974; x_wconf 70' lang='lat' dir='ltr'><strong>gentes</strong></span> <span class='ocrx_word' id='word_1_684' title='bbox 1121 936 1154 961; x_wconf 85' lang='lat'><strong>&quot;.</strong></span> <span class='ocrx_word' id='word_1_685' title='bbox 1173 943 1184 960; x_wconf 82' lang='grc'><strong>›</strong></span> 
     </span>
    </p>
   </div>
   <div class='ocr_carea' id='block_1_84' title="bbox 968 991 1724 1035">
    <p class='ocr_par' dir='ltr' id='par_1_84' title="bbox 968 991 1724 1035">
     <span class='ocr_line' id='line_1_86' title="bbox 968 991 1724 1035; baseline -0.028 -1"><span class='ocrx_word' id='word_1_686' title='bbox 968 1008 1003 1034; x_wconf 80' lang='lat' dir='ltr'><strong>Et</strong></span> <span class='ocrx_word' id='word_1_687' title='bbox 1017 1006 1051 1034; x_wconf 85' lang='lat' dir='ltr'><strong>de</strong></span> <span class='ocrx_word' id='word_1_688' title='bbox 1067 1012 1135 1033; x_wconf 82' lang='lat' dir='ltr'><strong>nova</strong></span> <span class='ocrx_word' id='word_1_689' title='bbox 1148 1000 1346 1035; x_wconf 78' lang='lat' dir='ltr'><strong>Hierosolyma:</strong></span> <span class='ocrx_word' id='word_1_690' title='bbox 1360 1006 1370 1023; x_wconf 71' lang='grc' dir='ltr'>ι</span> <span class='ocrx_word' id='word_1_691' title='bbox 1379 995 1545 1026; x_wconf 83' lang='lat' dir='ltr'><strong>liluminare,</strong></span> <span class='ocrx_word' id='word_1_692' title='bbox 1556 991 1724 1020; x_wconf 76' lang='lat' dir='ltr'><strong>illuminarr,</strong></span> 
     </span>
    </p>
   </div>
   <div class='ocr_carea' id='block_1_85' title="bbox 934 1033 1726 1084">
    <p class='ocr_par' dir='ltr' id='par_1_85' title="bbox 934 1033 1726 1084">
     <span class='ocr_line' id='line_1_87' title="bbox 934 1033 1726 1084; baseline -0.027 -4"><span class='ocrx_word' id='word_1_693' title='bbox 934 1051 1103 1082; x_wconf 75' lang='lat' dir='ltr'><strong>Jerusalem;</strong></span> <span class='ocrx_word' id='word_1_694' title='bbox 1121 1048 1184 1084; x_wconf 86' lang='lat' dir='ltr'><strong>quia</strong></span> <span class='ocrx_word' id='word_1_695' title='bbox 1207 1033 1282 1073; x_wconf 75' lang='lat' dir='ltr'><strong>venit</strong></span> <span class='ocrx_word' id='word_1_696' title='bbox 1307 1044 1397 1070; x_wconf 86' lang='lat' dir='ltr'><strong>lumen</strong></span> <span class='ocrx_word' id='word_1_697' title='bbox 1417 1045 1510 1072; x_wconf 85' lang='lat' dir='ltr'><strong>tuum,</strong></span> <span class='ocrx_word' id='word_1_698' title='bbox 1527 1043 1554 1065; x_wconf 77' lang='lat' dir='ltr'><strong>et</strong></span> <span class='ocrx_word' id='word_1_699' title='bbox 1570 1036 1654 1072; x_wconf 68' lang='lat' dir='ltr'><strong>gloria</strong></span> <span class='ocrx_word' id='word_1_700' title='bbox 1673 1033 1726 1060; x_wconf 89' lang='lat' dir='ltr'><strong>Do-</strong></span> 
     </span>
    </p>
   </div>
   <div class='ocr_carea' id='block_1_86' title="bbox 937 1081 1726 1132">
    <p class='ocr_par' dir='ltr' id='par_1_86' title="bbox 937 1081 1726 1132">
     <span class='ocr_line' id='line_1_88' title="bbox 937 1081 1726 1132; baseline -0.025 -6"><span class='ocrx_word' id='word_1_701' title='bbox 937 1099 1001 1127; x_wconf 84' lang='lat' dir='ltr'><strong>mini</strong></span> <span class='ocrx_word' id='word_1_702' title='bbox 1013 1104 1094 1132; x_wconf 80' lang='lat' dir='ltr'><strong>super</strong></span> <span class='ocrx_word' id='word_1_703' title='bbox 1109 1099 1135 1122; x_wconf 90' lang='lat' dir='ltr'><strong>te</strong></span> <span class='ocrx_word' id='word_1_704' title='bbox 1150 1097 1209 1121; x_wconf 83' lang='lat' dir='ltr'><strong>orta</strong></span> <span class='ocrx_word' id='word_1_705' title='bbox 1224 1097 1275 1119; x_wconf 88' lang='lat' dir='ltr'><strong>est.</strong></span> <span class='ocrx_word' id='word_1_706' title='bbox 1293 1089 1360 1122; x_wconf 85' lang='lat' dir='ltr'><strong>Quia</strong></span> <span class='ocrx_word' id='word_1_707' title='bbox 1380 1093 1444 1114; x_wconf 87' lang='lat' dir='ltr'><strong>ecce</strong></span> <span class='ocrx_word' id='word_1_708' title='bbox 1460 1085 1581 1112; x_wconf 69' lang='lat' dir='ltr'><strong>tenebrat</strong></span> <span class='ocrx_word' id='word_1_709' title='bbox 1601 1081 1726 1116; x_wconf 86' lang='lat' dir='ltr'><strong>operient</strong></span> 
     </span>
    </p>
   </div>
   <div class='ocr_carea' id='block_1_87' title="bbox 937 1127 1728 1176">
    <p class='ocr_par' dir='ltr' id='par_1_87' title="bbox 937 1127 1728 1176">
     <span class='ocr_line' id='line_1_89' title="bbox 937 1127 1728 1176; baseline -0.028 -3"><span class='ocrx_word' id='word_1_710' title='bbox 937 1150 1051 1176; x_wconf 84' lang='lat' dir='ltr'><strong>terram,</strong></span> <span class='ocrx_word' id='word_1_711' title='bbox 1066 1147 1093 1169; x_wconf 91' lang='lat' dir='ltr'><strong>et</strong></span> <span class='ocrx_word' id='word_1_712' title='bbox 1107 1141 1196 1174; x_wconf 68' lang='lat' dir='ltr'><strong>caligo</strong></span> <span class='ocrx_word' id='word_1_713' title='bbox 1209 1138 1342 1174; x_wconf 86' lang='lat' dir='ltr'><strong>populos:</strong></span> <span class='ocrx_word' id='word_1_714' title='bbox 1361 1141 1443 1168; x_wconf 83' lang='lat' dir='ltr'><strong>super</strong></span> <span class='ocrx_word' id='word_1_715' title='bbox 1463 1137 1489 1159; x_wconf 91' lang='lat' dir='ltr'><strong>te</strong></span> <span class='ocrx_word' id='word_1_716' title='bbox 1509 1135 1599 1157; x_wconf 84' lang='lat' dir='ltr'><strong>autem</strong></span> <span class='ocrx_word' id='word_1_717' title='bbox 1624 1127 1728 1155; x_wconf 85' lang='lat' dir='ltr'><strong>orietur</strong></span> 
     </span>
    </p>
   </div>
   <div class='ocr_carea' id='block_1_88' title="bbox 939 1172 1728 1220">
    <p class='ocr_par' dir='ltr' id='par_1_88' title="bbox 939 1172 1728 1220">
     <span class='ocr_line' id='line_1_90' title="bbox 939 1172 1728 1220; baseline -0.025 -2"><span class='ocrx_word' id='word_1_718' title='bbox 939 1190 1078 1220; x_wconf 87' lang='lat' dir='ltr'><strong>Dominus,</strong></span> <span class='ocrx_word' id='word_1_719' title='bbox 1097 1192 1124 1214; x_wconf 89' lang='lat' dir='ltr'><strong>et</strong></span> <span class='ocrx_word' id='word_1_720' title='bbox 1140 1172 1225 1220; x_wconf 78' lang='lat' dir='ltr'><strong>gloria</strong></span> <span class='ocrx_word' id='word_1_721' title='bbox 1245 1183 1305 1218; x_wconf 80' lang='lat' dir='ltr'><strong>ejus</strong></span> <span class='ocrx_word' id='word_1_722' title='bbox 1320 1182 1347 1208; x_wconf 84' lang='lat' dir='ltr'><strong>in</strong></span> <span class='ocrx_word' id='word_1_723' title='bbox 1370 1186 1396 1207; x_wconf 88' lang='lat' dir='ltr'><strong>te</strong></span> <span class='ocrx_word' id='word_1_724' title='bbox 1417 1177 1566 1206; x_wconf 81' lang='lat' dir='ltr'><strong>videbitur;</strong></span> <span class='ocrx_word' id='word_1_725' title='bbox 1583 1173 1615 1200; x_wconf 77' lang='lat' dir='ltr'><strong>Et</strong></span> <span class='ocrx_word' id='word_1_726' title='bbox 1629 1172 1728 1199; x_wconf 81' lang='lat' dir='ltr'><strong>ambu-</strong></span> 
     </span>
    </p>
   </div>
   <div class='ocr_carea' id='block_1_89' title="bbox 938 1218 1730 1269">
    <p class='ocr_par' dir='ltr' id='par_1_89' title="bbox 938 1218 1730 1269">
     <span class='ocr_line' id='line_1_91' title="bbox 938 1218 1730 1269; baseline -0.027 -6"><span class='ocrx_word' id='word_1_727' title='bbox 938 1237 1033 1264; x_wconf 86' lang='lat' dir='ltr'><strong>labunt</strong></span> <span class='ocrx_word' id='word_1_728' title='bbox 1047 1237 1140 1269; x_wconf 72' lang='lat' dir='ltr'><strong>gentes</strong></span> <span class='ocrx_word' id='word_1_729' title='bbox 1153 1232 1179 1258; x_wconf 89' lang='lat' dir='ltr'><strong>in</strong></span> <span class='ocrx_word' id='word_1_730' title='bbox 1194 1230 1298 1257; x_wconf 89' lang='lat' dir='ltr'><strong>lumine</strong></span> <span class='ocrx_word' id='word_1_731' title='bbox 1310 1232 1366 1259; x_wconf 84' lang='lat' dir='ltr'><strong>tuo,</strong></span> <span class='ocrx_word' id='word_1_732' title='bbox 1382 1231 1408 1253; x_wconf 87' lang='lat' dir='ltr'><strong>et</strong></span> <span class='ocrx_word' id='word_1_733' title='bbox 1433 1230 1510 1257; x_wconf 68' lang='lat' dir='ltr'><strong>reges</strong></span> <span class='ocrx_word' id='word_1_734' title='bbox 1524 1221 1560 1248; x_wconf 88' lang='lat' dir='ltr'><strong>-iu</strong></span> <span class='ocrx_word' id='word_1_735' title='bbox 1585 1218 1730 1254; x_wconf 68' lang='lat' dir='ltr'><strong>splendore</strong></span> 
     </span>
    </p>
   </div>
   <div class='ocr_carea' id='block_1_90' title="bbox 940 1262 1730 1310">
    <p class='ocr_par' dir='ltr' id='par_1_90' title="bbox 940 1262 1730 1310">
     <span class='ocr_line' id='line_1_92' title="bbox 940 1262 1730 1310; baseline -0.027 -1"><span class='ocrx_word' id='word_1_736' title='bbox 940 1286 1017 1310; x_wconf 85' lang='lat' dir='ltr'><strong>ortus</strong></span> <span class='ocrx_word' id='word_1_737' title='bbox 1043 1278 1092 1306; x_wconf 89' lang='lat' dir='ltr'><strong>tui.</strong></span> <span class='ocrx_word' id='word_1_738' title='bbox 1111 1277 1182 1304; x_wconf 78' lang='lat' dir='ltr'><strong>Leva</strong></span> <span class='ocrx_word' id='word_1_739' title='bbox 1208 1276 1235 1302; x_wconf 89' lang='lat' dir='ltr'><strong>in</strong></span> <span class='ocrx_word' id='word_1_740' title='bbox 1261 1273 1377 1301; x_wconf 85' lang='lat' dir='ltr'><strong>circuitu</strong></span> <span class='ocrx_word' id='word_1_741' title='bbox 1398 1268 1493 1298; x_wconf 85' lang='lat' dir='ltr'><strong>oculos</strong></span> <span class='ocrx_word' id='word_1_742' title='bbox 1520 1271 1591 1296; x_wconf 84' lang='lat' dir='ltr'><strong>tuos,</strong></span> <span class='ocrx_word' id='word_1_743' title='bbox 1616 1268 1644 1291; x_wconf 87' lang='lat' dir='ltr'><strong>et</strong></span> <span class='ocrx_word' id='word_1_744' title='bbox 1668 1262 1730 1289; x_wconf 85' lang='lat' dir='ltr'><strong>vide</strong></span> 
     </span>
    </p>
   </div>
   <div class='ocr_carea' id='block_1_91' title="bbox 940 1308 1731 1363">
    <p class='ocr_par' dir='ltr' id='par_1_91' title="bbox 940 1308 1731 1363">
     <span class='ocr_line' id='line_1_93' title="bbox 940 1308 1731 1363; baseline -0.029 -7"><span class='ocrx_word' id='word_1_745' title='bbox 940 1330 1117 1363; x_wconf 73' lang='lat' dir='ltr'><strong>congregatos</strong></span> <span class='ocrx_word' id='word_1_746' title='bbox 1131 1323 1202 1350; x_wconf 87' lang='lat' dir='ltr'><strong>lllios</strong></span> <span class='ocrx_word' id='word_1_747' title='bbox 1216 1326 1295 1352; x_wconf 83' lang='lat' dir='ltr'><strong>tuos;</strong></span> <span class='ocrx_word' id='word_1_748' title='bbox 1310 1321 1443 1346; x_wconf 84' lang='lat' dir='ltr'><strong>venerunt</strong></span> <span class='ocrx_word' id='word_1_749' title='bbox 1464 1319 1561 1342; x_wconf 84' lang='lat' dir='ltr'><strong>omnes</strong></span> <span class='ocrx_word' id='word_1_750' title='bbox 1576 1311 1623 1337; x_wconf 78' lang='lat' dir='ltr'><strong>lilii</strong></span> <span class='ocrx_word' id='word_1_751' title='bbox 1641 1309 1679 1336; x_wconf 90' lang='lat' dir='ltr'><strong>tui</strong></span> <span class='ocrx_word' id='word_1_752' title='bbox 1696 1308 1731 1335; x_wconf 79' lang='lat' dir='ltr'><strong>de</strong></span> 
     </span>
    </p>
   </div>
   <div class='ocr_carea' id='block_1_92' title="bbox 941 1354 1727 1407">
    <p class='ocr_par' dir='ltr' id='par_1_92' title="bbox 941 1354 1727 1407">
     <span class='ocr_line' id='line_1_94' title="bbox 941 1354 1727 1407; baseline -0.027 -7"><span class='ocrx_word' id='word_1_753' title='bbox 941 1354 1028 1407; x_wconf 59' lang='lat' dir='ltr'><strong>longe.</strong></span> <span class='ocrx_word' id='word_1_754' title='bbox 1042 1354 1070 1398; x_wconf 62' lang='lat' dir='ltr'><strong>et</strong></span> <span class='ocrx_word' id='word_1_755' title='bbox 1085 1369 1147 1396; x_wconf 80' lang='lat' dir='ltr'><strong>ﬁliae</strong></span> <span class='ocrx_word' id='word_1_756' title='bbox 1163 1372 1215 1394; x_wconf 69' lang='lat' dir='ltr'><strong>tuae</strong></span> <span class='ocrx_word' id='word_1_757' title='bbox 1230 1371 1314 1399; x_wconf 84' lang='lat' dir='ltr'><strong>super</strong></span> <span class='ocrx_word' id='word_1_758' title='bbox 1329 1364 1458 1390; x_wconf 86' lang='lat' dir='ltr'><strong>humeros</strong></span> <span class='ocrx_word' id='word_1_759' title='bbox 1469 1358 1652 1394; x_wconf 83' lang='lat' dir='ltr'><strong>portabuntur</strong></span> <span class='ocrx_word' id='word_1_760' title='bbox 1663 1354 1698 1380; x_wconf 73' lang='grc' dir='ltr'><strong>⁵ο.</strong></span> <span class='ocrx_word' id='word_1_761' title='bbox 1716 1361 1727 1379; x_wconf 75' lang='grc' dir='ltr'><strong><em>ι</em></strong></span> 
     </span>
    </p>
   </div>
   <div class='ocr_carea' id='block_1_93' title="bbox 943 1399 1733 1447">
    <p class='ocr_par' dir='ltr' id='par_1_93' title="bbox 943 1399 1733 1447">
     <span class='ocr_line' id='line_1_95' title="bbox 943 1399 1733 1447; baseline -0.027 -1"><span class='ocrx_word' id='word_1_762' title='bbox 943 1399 975 1447; x_wconf 56' lang='grc' dir='ltr'><strong>ἐι</strong></span> <span class='ocrx_word' id='word_1_763' title='bbox 988 1399 1076 1445; x_wconf 66' lang='lat' dir='ltr'><strong>David</strong></span> <span class='ocrx_word' id='word_1_764' title='bbox 1092 1416 1125 1443; x_wconf 84' lang='lat' dir='ltr'><strong>de</strong></span> <span class='ocrx_word' id='word_1_765' title='bbox 1136 1413 1238 1442; x_wconf 87' lang='lat' dir='ltr'><strong>Christi</strong></span> <span class='ocrx_word' id='word_1_766' title='bbox 1253 1409 1372 1439; x_wconf 82' lang='lat' dir='ltr'><strong>Ecclesia</strong></span> <span class='ocrx_word' id='word_1_767' title='bbox 1390 1415 1398 1436; x_wconf 88' lang='lat'><strong>:</strong></span> <span class='ocrx_word' id='word_1_768' title='bbox 1420 1415 1430 1432; x_wconf 72' lang='grc' dir='ltr'>α</span> <span class='ocrx_word' id='word_1_769' title='bbox 1449 1405 1531 1437; x_wconf 83' lang='lat' dir='ltr'><strong>Audi,</strong></span> <span class='ocrx_word' id='word_1_770' title='bbox 1544 1404 1610 1436; x_wconf 82' lang='lat' dir='ltr'><strong>lilia,</strong></span> <span class='ocrx_word' id='word_1_771' title='bbox 1624 1399 1733 1428; x_wconf 80' lang='lat' dir='ltr'><strong>et‘vide</strong></span> 
     </span>
    </p>
   </div>
   <div class='ocr_carea' id='block_1_94' title="bbox 944 1445 1733 1493">
    <p class='ocr_par' dir='ltr' id='par_1_94' title="bbox 944 1445 1733 1493">
     <span class='ocr_line' id='line_1_96' title="bbox 944 1445 1733 1493; baseline -0.028 -1"><span class='ocrx_word' id='word_1_772' title='bbox 944 1470 971 1493; x_wconf 90' lang='lat' dir='ltr'><strong>et</strong></span> <span class='ocrx_word' id='word_1_773' title='bbox 995 1463 1095 1491; x_wconf 83' lang='lat' dir='ltr'><strong>inclina</strong></span> <span class='ocrx_word' id='word_1_774' title='bbox 1122 1466 1217 1487; x_wconf 87' lang='lat' dir='ltr'><strong>aurem</strong></span> <span class='ocrx_word' id='word_1_775' title='bbox 1241 1462 1340 1484; x_wconf 84' lang='lat' dir='ltr'><strong>tuam:</strong></span> <span class='ocrx_word' id='word_1_776' title='bbox 1361 1458 1390 1482; x_wconf 87' lang='lat' dir='ltr'><strong>et</strong></span> <span class='ocrx_word' id='word_1_777' title='bbox 1413 1451 1578 1480; x_wconf 87' lang='lat' dir='ltr'><strong>obliviscere</strong></span> <span class='ocrx_word' id='word_1_778' title='bbox 1604 1445 1733 1481; x_wconf 87' lang='lat' dir='ltr'><strong>populum</strong></span> 
     </span>
    </p>
   </div>
   <div class='ocr_carea' id='block_1_95' title="bbox 1045 1495 1733 1538">
    <p class='ocr_par' dir='ltr' id='par_1_95' title="bbox 1045 1495 1733 1538">
     <span class='ocr_line' id='line_1_97' title="bbox 1045 1495 1733 1538; baseline -0.028 -3"><span class='ocrx_word' id='word_1_779' title='bbox 1045 1517 1056 1535; x_wconf 75' lang='grc' dir='ltr'><strong><em>ι</em></strong></span> <span class='ocrx_word' id='word_1_780' title='bbox 1074 1507 1100 1534; x_wconf 88' lang='lat' dir='ltr'><strong>id</strong></span> <span class='ocrx_word' id='word_1_781' title='bbox 1110 1511 1163 1536; x_wconf 81' lang='lat' dir='ltr'><strong>est,</strong></span> <span class='ocrx_word' id='word_1_782' title='bbox 1180 1503 1279 1538; x_wconf 85' lang='lat' dir='ltr'><strong>impios</strong></span> <span class='ocrx_word' id='word_1_783' title='bbox 1294 1500 1411 1536; x_wconf 72' lang='lat' dir='ltr'><strong>majores</strong></span> <span class='ocrx_word' id='word_1_784' title='bbox 1422 1503 1493 1528; x_wconf 85' lang='lat' dir='ltr'><strong>tuos,</strong></span> <span class='ocrx_word' id='word_1_785' title='bbox 1506 1505 1516 1522; x_wconf 74' lang='grc' dir='ltr'><strong><em>ι</em></strong></span> <span class='ocrx_word' id='word_1_786' title='bbox 1527 1499 1553 1521; x_wconf 89' lang='lat' dir='ltr'><strong>et</strong></span> <span class='ocrx_word' id='word_1_787' title='bbox 1566 1495 1674 1521; x_wconf 89' lang='lat' dir='ltr'><strong>domum</strong></span> <span class='ocrx_word' id='word_1_788' title='bbox 1686 1498 1733 1525; x_wconf 87' lang='lat' dir='ltr'><strong>pa-</strong></span> 
     </span>
    </p>
   </div>
   <div class='ocr_carea' id='block_1_96' title="bbox 946 1538 1734 1585">
    <p class='ocr_par' dir='ltr' id='par_1_96' title="bbox 946 1538 1734 1585">
     <span class='ocr_line' id='line_1_98' title="bbox 946 1538 1734 1585; baseline -0.023 -3"><span class='ocrx_word' id='word_1_789' title='bbox 946 1555 996 1582; x_wconf 80' lang='lat' dir='ltr'><strong>tris</strong></span> <span class='ocrx_word' id='word_1_790' title='bbox 1011 1538 1060 1585; x_wconf 86' lang='lat' dir='ltr'><strong>tui,</strong></span> <span class='ocrx_word' id='word_1_791' title='bbox 1079 1561 1090 1578; x_wconf 74' lang='grc' dir='ltr'><strong>ι</strong></span> <span class='ocrx_word' id='word_1_792' title='bbox 1115 1551 1142 1577; x_wconf 88' lang='lat' dir='ltr'><strong>id</strong></span> <span class='ocrx_word' id='word_1_793' title='bbox 1167 1553 1221 1580; x_wconf 88' lang='lat' dir='ltr'><strong>est,</strong></span> <span class='ocrx_word' id='word_1_794' title='bbox 1245 1547 1354 1574; x_wconf 86' lang='lat' dir='ltr'><strong>nidores</strong></span> <span class='ocrx_word' id='word_1_795' title='bbox 1379 1547 1406 1571; x_wconf 84' lang='lat' dir='ltr'><strong>et</strong></span> <span class='ocrx_word' id='word_1_796' title='bbox 1433 1541 1527 1569; x_wconf 86' lang='lat' dir='ltr'><strong>altaria</strong></span> <span class='ocrx_word' id='word_1_797' title='bbox 1547 1538 1734 1567; x_wconf 82' lang='lat' dir='ltr'><strong>obliviscere:</strong></span> 
     </span>
    </p>
   </div>
   <div class='ocr_carea' id='block_1_97' title="bbox 947 1583 1734 1627">
    <p class='ocr_par' dir='ltr' id='par_1_97' title="bbox 947 1583 1734 1627">
     <span class='ocr_line' id='line_1_99' title="bbox 947 1583 1734 1627; baseline -0.027 0"><span class='ocrx_word' id='word_1_798' title='bbox 947 1607 1009 1627; x_wconf 88' lang='lat' dir='ltr'><strong>nam</strong></span> <span class='ocrx_word' id='word_1_799' title='bbox 1033 1598 1055 1625; x_wconf 90' lang='lat' dir='ltr'><strong>si</strong></span> <span class='ocrx_word' id='word_1_800' title='bbox 1079 1597 1139 1624; x_wconf 68' lang='lat' dir='ltr'><strong>iure</strong></span> <span class='ocrx_word' id='word_1_801' title='bbox 1163 1594 1260 1622; x_wconf 75' lang='lat' dir='ltr'><strong>feceris</strong></span> <span class='ocrx_word' id='word_1_802' title='bbox 1274 1612 1283 1624; x_wconf 85' lang='lat'>.</span> <span class='ocrx_word' id='word_1_803' title='bbox 1308 1600 1317 1617; x_wconf 82' lang='lat' dir='ltr'><strong>t</strong></span> <span class='ocrx_word' id='word_1_804' title='bbox 1334 1588 1513 1621; x_wconf 83' lang='lat' dir='ltr'><strong>Concupiscet</strong></span> <span class='ocrx_word' id='word_1_805' title='bbox 1535 1592 1583 1611; x_wconf 76' lang='lat' dir='ltr'><strong>rex</strong></span> <span class='ocrx_word' id='word_1_806' title='bbox 1608 1583 1734 1609; x_wconf 86' lang='lat' dir='ltr'><strong>decorem</strong></span> 
     </span>
    </p>
   </div>
   <div class='ocr_carea' id='block_1_98' title="bbox 946 1630 1736 1676">
    <p class='ocr_par' dir='ltr' id='par_1_98' title="bbox 946 1630 1736 1676">
     <span class='ocr_line' id='line_1_100' title="bbox 946 1630 1736 1676; baseline -0.025 -4"><span class='ocrx_word' id='word_1_807' title='bbox 946 1649 1024 1672; x_wconf 80' lang='lat' dir='ltr'><strong>tuum</strong></span> <span class='ocrx_word' id='word_1_808' title='bbox 1039 1651 1046 1669; x_wconf 87' lang='lat'>:</span> <span class='ocrx_word' id='word_1_809' title='bbox 1068 1641 1196 1676; x_wconf 80' lang='lat' dir='ltr'><strong>quauiam</strong></span> <span class='ocrx_word' id='word_1_810' title='bbox 1212 1638 1269 1673; x_wconf 85' lang='lat' dir='ltr'><strong>ipse</strong></span> <span class='ocrx_word' id='word_1_811' title='bbox 1286 1640 1328 1664; x_wconf 88' lang='lat' dir='ltr'><strong>est</strong></span> <span class='ocrx_word' id='word_1_812' title='bbox 1341 1634 1472 1662; x_wconf 87' lang='lat' dir='ltr'><strong>Dominus</strong></span> <span class='ocrx_word' id='word_1_813' title='bbox 1490 1631 1562 1658; x_wconf 88' lang='lat' dir='ltr'><strong>Deus</strong></span> <span class='ocrx_word' id='word_1_814' title='bbox 1579 1634 1660 1661; x_wconf 86' lang='lat' dir='ltr'><strong>tuus;</strong></span> <span class='ocrx_word' id='word_1_815' title='bbox 1676 1635 1687 1652; x_wconf 75' lang='grc' dir='ltr'><strong>ι</strong></span> <span class='ocrx_word' id='word_1_816' title='bbox 1708 1630 1736 1653; x_wconf 89' lang='lat' dir='ltr'><strong>et</strong></span> 
     </span>
    </p>
   </div>
   <div class='ocr_carea' id='block_1_99' title="bbox 948 1671 1736 1716">
    <p class='ocr_par' dir='ltr' id='par_1_99' title="bbox 948 1671 1736 1716">
     <span class='ocr_line' id='line_1_101' title="bbox 948 1671 1736 1716; baseline -0.025 0"><span class='ocrx_word' id='word_1_817' title='bbox 948 1671 1085 1716; x_wconf 52' lang='lat' dir='ltr'><strong>adorabis.</strong></span> <span class='ocrx_word' id='word_1_818' title='bbox 1108 1692 1182 1712; x_wconf 84' lang='lat' dir='ltr'><strong>eum.</strong></span> <span class='ocrx_word' id='word_1_819' title='bbox 1213 1671 1302 1716; x_wconf 57' lang='lat' dir='ltr'><strong>Atque</strong></span> <span class='ocrx_word' id='word_1_820' title='bbox 1329 1684 1363 1706; x_wconf 81' lang='lat' dir='ltr'><strong>ut</strong></span> <span class='ocrx_word' id='word_1_821' title='bbox 1388 1676 1549 1712; x_wconf 77' lang='lat' dir='ltr'><strong>explicatius</strong></span> <span class='ocrx_word' id='word_1_822' title='bbox 1582 1671 1736 1700; x_wconf 82' lang='lat' dir='ltr'><strong>ostenderet</strong></span> 
     </span>
    </p>
   </div>
   <div class='ocr_carea' id='block_1_100' title="bbox 947 1715 1736 1769">
    <p class='ocr_par' dir='ltr' id='par_1_100' title="bbox 947 1715 1736 1769">
     <span class='ocr_line' id='line_1_102' title="bbox 947 1715 1736 1769; baseline -0.025 -8"><span class='ocrx_word' id='word_1_823' title='bbox 947 1715 1022 1769; x_wconf 83' lang='lat' dir='ltr'><strong>loqui</strong></span> <span class='ocrx_word' id='word_1_824' title='bbox 1040 1740 1068 1759; x_wconf 87' lang='lat' dir='ltr'><strong>se</strong></span> <span class='ocrx_word' id='word_1_825' title='bbox 1080 1732 1113 1759; x_wconf 87' lang='lat' dir='ltr'><strong>de</strong></span> <span class='ocrx_word' id='word_1_826' title='bbox 1127 1729 1245 1765; x_wconf 78' lang='lat' dir='ltr'><strong>gentium</strong></span> <span class='ocrx_word' id='word_1_827' title='bbox 1256 1715 1388 1756; x_wconf 58' lang='lat' dir='ltr'><strong>Ecclesia.</strong></span> <span class='ocrx_word' id='word_1_828' title='bbox 1404 1722 1479 1750; x_wconf 84' lang='lat' dir='ltr'><strong>addit</strong></span> <span class='ocrx_word' id='word_1_829' title='bbox 1493 1729 1501 1748; x_wconf 92' lang='lat'>:</span> <span class='ocrx_word' id='word_1_830' title='bbox 1522 1729 1538 1746; x_wconf 78' lang='grc' dir='ltr'><strong>ι.</strong></span> <span class='ocrx_word' id='word_1_831' title='bbox 1548 1719 1580 1746; x_wconf 85' lang='lat' dir='ltr'><strong>Et</strong></span> <span class='ocrx_word' id='word_1_832' title='bbox 1596 1718 1656 1745; x_wconf 77' lang='lat' dir='ltr'><strong>lilia:</strong></span> <span class='ocrx_word' id='word_1_833' title='bbox 1671 1715 1736 1750; x_wconf 82' lang='lat' dir='ltr'><strong>Tyri</strong></span> 
     </span>
    </p>
   </div>
   <div class='ocr_carea' id='block_1_101' title="bbox 949 1764 1737 1810">
    <p class='ocr_par' dir='ltr' id='par_1_101' title="bbox 949 1764 1737 1810">
     <span class='ocr_line' id='line_1_103' title="bbox 949 1764 1737 1810; baseline -0.025 -3"><span class='ocrx_word' id='word_1_834' title='bbox 949 1781 975 1807; x_wconf 91' lang='lat' dir='ltr'><strong>in</strong></span> <span class='ocrx_word' id='word_1_835' title='bbox 984 1764 1150 1806; x_wconf 43' lang='lat' dir='ltr'><strong>&#39;muneribus</strong></span> <span class='ocrx_word' id='word_1_836' title='bbox 1161 1776 1184 1791; x_wconf 77' lang='lat'><strong><em>“</em></strong></span> <span class='ocrx_word' id='word_1_837' title='bbox 1196 1783 1206 1810; x_wconf 90' lang='lat'><strong>;</strong></span> <span class='ocrx_word' id='word_1_838' title='bbox 1220 1783 1230 1801; x_wconf 72' lang='grc' dir='ltr'><strong>ι</strong></span> <span class='ocrx_word' id='word_1_839' title='bbox 1247 1773 1335 1809; x_wconf 82' lang='lat' dir='ltr'><strong>Tyrus</strong></span> <span class='ocrx_word' id='word_1_840' title='bbox 1346 1770 1444 1805; x_wconf 84' lang='lat' dir='ltr'><strong>quippe</strong></span> <span class='ocrx_word' id='word_1_841' title='bbox 1458 1768 1578 1802; x_wconf 75' lang='lat' dir='ltr'><strong>gentium</strong></span> <span class='ocrx_word' id='word_1_842' title='bbox 1594 1764 1673 1792; x_wconf 79' lang='lat' dir='ltr'><strong>sedes</strong></span> <span class='ocrx_word' id='word_1_843' title='bbox 1685 1766 1737 1789; x_wconf 82' lang='lat' dir='ltr'><strong>est.</strong></span> 
     </span>
    </p>
   </div>
   <div class='ocr_carea' id='block_1_102' title="bbox 949 1811 1737 1854">
    <p class='ocr_par' dir='ltr' id='par_1_102' title="bbox 949 1811 1737 1854">
     <span class='ocr_line' id='line_1_104' title="bbox 949 1811 1737 1854; baseline -0.025 -1"><span class='ocrx_word' id='word_1_844' title='bbox 949 1827 1021 1854; x_wconf 88' lang='lat' dir='ltr'><strong>Idem</strong></span> <span class='ocrx_word' id='word_1_845' title='bbox 1039 1830 1146 1851; x_wconf 85' lang='lat' dir='ltr'><strong>rursum</strong></span> <span class='ocrx_word' id='word_1_846' title='bbox 1162 1830 1170 1848; x_wconf 89' lang='lat'>:</span> <span class='ocrx_word' id='word_1_847' title='bbox 1189 1829 1199 1846; x_wconf 75' lang='grc' dir='ltr'><strong><em>ο</em></strong></span> <span class='ocrx_word' id='word_1_848' title='bbox 1212 1819 1333 1846; x_wconf 85' lang='lat' dir='ltr'><strong>Laudate</strong></span> <span class='ocrx_word' id='word_1_849' title='bbox 1342 1816 1498 1846; x_wconf 88' lang='lat' dir='ltr'><strong>Dominum,</strong></span> <span class='ocrx_word' id='word_1_850' title='bbox 1511 1819 1607 1839; x_wconf 83' lang='lat' dir='ltr'><strong>omnes</strong></span> <span class='ocrx_word' id='word_1_851' title='bbox 1625 1811 1737 1844; x_wconf 70' lang='lat' dir='ltr'><strong>gentes:</strong></span> 
     </span>
    </p>
   </div>
   <div class='ocr_carea' id='block_1_103' title="bbox 950 1856 1739 1901">
    <p class='ocr_par' dir='ltr' id='par_1_103' title="bbox 950 1856 1739 1901">
     <span class='ocr_line' id='line_1_105' title="bbox 950 1856 1739 1901; baseline -0.027 -2"><span class='ocrx_word' id='word_1_852' title='bbox 950 1872 1059 1899; x_wconf 84' lang='lat' dir='ltr'><strong>laudate</strong></span> <span class='ocrx_word' id='word_1_853' title='bbox 1073 1877 1148 1901; x_wconf 87' lang='lat' dir='ltr'><strong>cum,</strong></span> <span class='ocrx_word' id='word_1_854' title='bbox 1163 1873 1260 1895; x_wconf 86' lang='lat' dir='ltr'><strong>omnes</strong></span> <span class='ocrx_word' id='word_1_855' title='bbox 1272 1863 1378 1900; x_wconf 88' lang='lat' dir='ltr'><strong>populi,</strong></span> <span class='ocrx_word' id='word_1_856' title='bbox 1395 1871 1406 1888; x_wconf 69' lang='grc' dir='ltr'><strong><em>ι</em></strong></span> <span class='ocrx_word' id='word_1_857' title='bbox 1424 1861 1450 1888; x_wconf 88' lang='lat' dir='ltr'><strong>id</strong></span> <span class='ocrx_word' id='word_1_858' title='bbox 1471 1863 1524 1891; x_wconf 84' lang='lat' dir='ltr'><strong>est,</strong></span> <span class='ocrx_word' id='word_1_859' title='bbox 1536 1856 1615 1885; x_wconf 86' lang='lat' dir='ltr'><strong>simul</strong></span> <span class='ocrx_word' id='word_1_860' title='bbox 1632 1860 1739 1885; x_wconf 83' lang='lat' dir='ltr'><strong>omnes,</strong></span> 
     </span>
    </p>
   </div>
   <div class='ocr_carea' id='block_1_104' title="bbox 951 1899 1741 1949">
    <p class='ocr_par' dir='ltr' id='par_1_104' title="bbox 951 1899 1741 1949">
     <span class='ocr_line' id='line_1_106' title="bbox 951 1899 1741 1949; baseline -0.027 -4"><span class='ocrx_word' id='word_1_861' title='bbox 951 1917 1047 1949; x_wconf 66' lang='lat' dir='ltr'><strong>Judaei,</strong></span> <span class='ocrx_word' id='word_1_862' title='bbox 1063 1915 1187 1947; x_wconf 65' lang='lat' dir='ltr'><strong>Gratcus,</strong></span> <span class='ocrx_word' id='word_1_863' title='bbox 1211 1912 1259 1939; x_wconf 88' lang='lat' dir='ltr'><strong>sed</strong></span> <span class='ocrx_word' id='word_1_864' title='bbox 1274 1916 1371 1937; x_wconf 84' lang='lat' dir='ltr'><strong>omnes</strong></span> <span class='ocrx_word' id='word_1_865' title='bbox 1392 1906 1502 1935; x_wconf 88' lang='lat' dir='ltr'><strong>omnino</strong></span> <span class='ocrx_word' id='word_1_866' title='bbox 1518 1908 1612 1939; x_wconf 77' lang='lat' dir='ltr'><strong>gentes</strong></span> <span class='ocrx_word' id='word_1_867' title='bbox 1628 1910 1636 1928; x_wconf 90' lang='lat'><strong>:</strong></span> <span class='ocrx_word' id='word_1_868' title='bbox 1656 1899 1741 1933; x_wconf 88' lang='lat' dir='ltr'><strong>siqui-</strong></span> 
     </span>
    </p>
   </div>
   <div class='ocr_carea' id='block_1_105' title="bbox 952 1945 1740 1994">
    <p class='ocr_par' dir='ltr' id='par_1_105' title="bbox 952 1945 1740 1994">
     <span class='ocr_line' id='line_1_107' title="bbox 952 1945 1740 1994; baseline -0.025 -4"><span class='ocrx_word' id='word_1_869' title='bbox 952 1965 1012 1990; x_wconf 90' lang='lat' dir='ltr'><strong>dcm</strong></span> <span class='ocrx_word' id='word_1_870' title='bbox 1030 1969 1082 1989; x_wconf 91' lang='lat' dir='ltr'><strong>non</strong></span> <span class='ocrx_word' id='word_1_871' title='bbox 1102 1960 1157 1994; x_wconf 72' lang='lat' dir='ltr'><strong>iam</strong></span> <span class='ocrx_word' id='word_1_872' title='bbox 1181 1964 1261 1994; x_wconf 90' lang='lat' dir='ltr'><strong>porro</strong></span> <span class='ocrx_word' id='word_1_873' title='bbox 1284 1952 1457 1984; x_wconf 85' lang='lat' dir='ltr'><strong>circumcisio</strong></span> <span class='ocrx_word' id='word_1_874' title='bbox 1496 1954 1543 1977; x_wconf 84' lang='lat' dir='ltr'><strong>aut</strong></span> <span class='ocrx_word' id='word_1_875' title='bbox 1569 1945 1740 1982; x_wconf 63' lang='lat' dir='ltr'><strong>praputium.</strong></span> 
     </span>
    </p>
   </div>
   <div class='ocr_carea' id='block_1_106' title="bbox 953 1992 1742 2037">
    <p class='ocr_par' dir='ltr' id='par_1_106' title="bbox 953 1992 1742 2037">
     <span class='ocr_line' id='line_1_108' title="bbox 953 1992 1742 2037; baseline -0.028 0"><span class='ocrx_word' id='word_1_876' title='bbox 953 2017 1005 2037; x_wconf 89' lang='lat' dir='ltr'><strong>non</strong></span> <span class='ocrx_word' id='word_1_877' title='bbox 1020 2007 1137 2036; x_wconf 85' lang='lat' dir='ltr'><strong>servitus</strong></span> <span class='ocrx_word' id='word_1_878' title='bbox 1151 1992 1198 2032; x_wconf 80' lang='lat' dir='ltr'><strong>aut</strong></span> <span class='ocrx_word' id='word_1_879' title='bbox 1211 2004 1324 2031; x_wconf 75' lang='lat' dir='ltr'><strong>libertas</strong></span> <span class='ocrx_word' id='word_1_880' title='bbox 1338 2004 1388 2028; x_wconf 82' lang='lat' dir='ltr'><strong>est.</strong></span> <span class='ocrx_word' id='word_1_881' title='bbox 1398 2008 1416 2033; x_wconf 49' lang='grc' dir='ltr'><strong>,ι</strong></span> <span class='ocrx_word' id='word_1_882' title='bbox 1433 1997 1565 2030; x_wconf 81' lang='lat' dir='ltr'><strong>Quoniam</strong></span> <span class='ocrx_word' id='word_1_883' title='bbox 1582 1992 1742 2021; x_wconf 87' lang='lat' dir='ltr'><strong>conlirmata</strong></span> 
     </span>
    </p>
   </div>
   <div class='ocr_carea' id='block_1_107' title="bbox 953 2037 1743 2089">
    <p class='ocr_par' dir='ltr' id='par_1_107' title="bbox 953 2037 1743 2089">
     <span class='ocr_line' id='line_1_109' title="bbox 953 2037 1743 2089; baseline -0.028 -5"><span class='ocrx_word' id='word_1_884' title='bbox 953 2062 996 2085; x_wconf 86' lang='lat' dir='ltr'><strong>est</strong></span> <span class='ocrx_word' id='word_1_885' title='bbox 1022 2061 1104 2089; x_wconf 87' lang='lat' dir='ltr'><strong>super</strong></span> <span class='ocrx_word' id='word_1_886' title='bbox 1133 2059 1184 2079; x_wconf 88' lang='lat' dir='ltr'><strong>nos</strong></span> <span class='ocrx_word' id='word_1_887' title='bbox 1206 2048 1394 2078; x_wconf 84' lang='lat' dir='ltr'><strong>misericordia</strong></span> <span class='ocrx_word' id='word_1_888' title='bbox 1423 2044 1500 2078; x_wconf 70' lang='lat' dir='ltr'><strong>eius;</strong></span> <span class='ocrx_word' id='word_1_889' title='bbox 1522 2050 1532 2067; x_wconf 75' lang='grc' dir='ltr'><strong><em>ι</em></strong></span> <span class='ocrx_word' id='word_1_890' title='bbox 1560 2048 1622 2067; x_wconf 88' lang='lat' dir='ltr'><strong>nam</strong></span> <span class='ocrx_word' id='word_1_891' title='bbox 1651 2037 1743 2065; x_wconf 82' lang='lat' dir='ltr'><strong>omnia</strong></span> 
     </span>
    </p>
   </div>
   <div class='ocr_carea' id='block_1_108' title="bbox 953 2083 1746 2134">
    <p class='ocr_par' dir='ltr' id='par_1_108' title="bbox 953 2083 1746 2134">
     <span class='ocr_line' id='line_1_110' title="bbox 953 2083 1746 2134; baseline -0.029 -3"><span class='ocrx_word' id='word_1_892' title='bbox 953 2102 1067 2134; x_wconf 84' lang='lat' dir='ltr'><strong>Christi,</strong></span> <span class='ocrx_word' id='word_1_893' title='bbox 1081 2105 1108 2127; x_wconf 91' lang='lat' dir='ltr'><strong>et</strong></span> <span class='ocrx_word' id='word_1_894' title='bbox 1132 2100 1158 2126; x_wconf 92' lang='lat' dir='ltr'><strong>in</strong></span> <span class='ocrx_word' id='word_1_895' title='bbox 1182 2097 1307 2124; x_wconf 81' lang='lat' dir='ltr'><strong>omnibus</strong></span> <span class='ocrx_word' id='word_1_896' title='bbox 1331 2093 1477 2126; x_wconf 84' lang='lat' dir='ltr'><strong>Christus;</strong></span> <span class='ocrx_word' id='word_1_897' title='bbox 1492 2100 1502 2117; x_wconf 76' lang='grc' dir='ltr'>ι</span> <span class='ocrx_word' id='word_1_898' title='bbox 1519 2094 1546 2117; x_wconf 88' lang='lat' dir='ltr'><strong>et</strong></span> <span class='ocrx_word' id='word_1_899' title='bbox 1568 2086 1669 2114; x_wconf 83' lang='lat' dir='ltr'><strong>veritas</strong></span> <span class='ocrx_word' id='word_1_900' title='bbox 1693 2083 1746 2109; x_wconf 82' lang='lat' dir='ltr'><strong>Do-</strong></span> 
     </span>
    </p>
   </div>
   <div class='ocr_carea' id='block_1_109' title="bbox 958 2127 1746 2177">
    <p class='ocr_par' dir='ltr' id='par_1_109' title="bbox 958 2127 1746 2177">
     <span class='ocr_line' id='line_1_111' title="bbox 958 2127 1746 2177; baseline -0.029 -1"><span class='ocrx_word' id='word_1_901' title='bbox 958 2149 1023 2177; x_wconf 75' lang='lat' dir='ltr'><strong>mitti</strong></span> <span class='ocrx_word' id='word_1_902' title='bbox 1043 2149 1134 2174; x_wconf 85' lang='lat' dir='ltr'><strong>manet</strong></span> <span class='ocrx_word' id='word_1_903' title='bbox 1149 2144 1175 2170; x_wconf 92' lang='lat' dir='ltr'><strong>in</strong></span> <span class='ocrx_word' id='word_1_904' title='bbox 1193 2147 1325 2170; x_wconf 68' lang='lat' dir='ltr'><strong>aeternum</strong></span> <span class='ocrx_word' id='word_1_905' title='bbox 1335 2139 1378 2166; x_wconf 75' lang='lat' dir='ltr'><strong>&quot;z</strong></span> <span class='ocrx_word' id='word_1_906' title='bbox 1396 2148 1405 2164; x_wconf 75' lang='grc' dir='ltr'><strong>ι</strong></span> <span class='ocrx_word' id='word_1_907' title='bbox 1432 2138 1478 2165; x_wconf 80' lang='lat' dir='ltr'><strong>Dei</strong></span> <span class='ocrx_word' id='word_1_908' title='bbox 1507 2135 1646 2162; x_wconf 82' lang='lat' dir='ltr'><strong>veritatem</strong></span> <span class='ocrx_word' id='word_1_909' title='bbox 1666 2127 1746 2156; x_wconf 86' lang='lat' dir='ltr'><strong>Chri-</strong></span> 
     </span>
    </p>
   </div>
   <div class='ocr_carea' id='block_1_110' title="bbox 957 2181 1748 2227">
    <p class='ocr_par' dir='ltr' id='par_1_110' title="bbox 957 2181 1748 2227">
     <span class='ocr_line' id='line_1_112' title="bbox 957 2181 1748 2227; baseline -0.029 -5"><span class='ocrx_word' id='word_1_910' title='bbox 957 2199 1027 2223; x_wconf 88' lang='lat' dir='ltr'><strong>stum</strong></span> <span class='ocrx_word' id='word_1_911' title='bbox 1045 2191 1171 2227; x_wconf 84' lang='lat' dir='ltr'><strong>appellat,</strong></span> <span class='ocrx_word' id='word_1_912' title='bbox 1186 2195 1234 2215; x_wconf 90' lang='lat' dir='ltr'><strong>ceu</strong></span> <span class='ocrx_word' id='word_1_913' title='bbox 1260 2186 1343 2213; x_wconf 88' lang='lat' dir='ltr'><strong>Deum</strong></span> <span class='ocrx_word' id='word_1_914' title='bbox 1355 2190 1450 2211; x_wconf 90' lang='lat' dir='ltr'><strong>verum</strong></span> <span class='ocrx_word' id='word_1_915' title='bbox 1463 2190 1478 2209; x_wconf 86' lang='lat' dir='ltr'><strong>e</strong></span> <span class='ocrx_word' id='word_1_916' title='bbox 1494 2182 1548 2208; x_wconf 84' lang='lat' dir='ltr'><strong>Deo</strong></span> <span class='ocrx_word' id='word_1_917' title='bbox 1563 2185 1638 2209; x_wconf 80' lang='lat' dir='ltr'><strong>vero,</strong></span> <span class='ocrx_word' id='word_1_918' title='bbox 1651 2181 1748 2210; x_wconf 87' lang='lat' dir='ltr'><strong>quem-</strong></span> 
     </span>
    </p>
   </div>
   <div class='ocr_carea' id='block_1_111' title="bbox 957 2220 1749 2268">
    <p class='ocr_par' dir='ltr' id='par_1_111' title="bbox 957 2220 1749 2268">
     <span class='ocr_line' id='line_1_113' title="bbox 957 2220 1749 2268; baseline -0.027 -1"><span class='ocrx_word' id='word_1_919' title='bbox 957 2220 1101 2268; x_wconf 73' lang='lat' dir='ltr'><strong>admodum</strong></span> <span class='ocrx_word' id='word_1_920' title='bbox 1124 2234 1249 2263; x_wconf 84' lang='lat' dir='ltr'><strong>Christus</strong></span> <span class='ocrx_word' id='word_1_921' title='bbox 1273 2232 1331 2266; x_wconf 89' lang='lat' dir='ltr'><strong>ipse</strong></span> <span class='ocrx_word' id='word_1_922' title='bbox 1358 2230 1392 2257; x_wconf 84' lang='lat' dir='ltr'><strong>de</strong></span> <span class='ocrx_word' id='word_1_923' title='bbox 1417 2236 1446 2256; x_wconf 82' lang='lat' dir='ltr'><strong>se</strong></span> <span class='ocrx_word' id='word_1_924' title='bbox 1469 2227 1630 2254; x_wconf 76' lang='lat' dir='ltr'><strong>conﬁrmat:</strong></span> <span class='ocrx_word' id='word_1_925' title='bbox 1650 2232 1659 2248; x_wconf 73' lang='grc' dir='ltr'>ι</span> <span class='ocrx_word' id='word_1_926' title='bbox 1693 2220 1749 2255; x_wconf 78' lang='lat' dir='ltr'><strong>Ego</strong></span> 
     </span>
    </p>
   </div>
   <div class='ocr_carea' id='block_1_112' title="bbox 958 2264 1749 2315">
    <p class='ocr_par' dir='ltr' id='par_1_112' title="bbox 958 2264 1749 2315">
     <span class='ocr_line' id='line_1_114' title="bbox 958 2264 1749 2315; baseline -0.03 -1"><span class='ocrx_word' id='word_1_927' title='bbox 958 2294 1017 2315; x_wconf 90' lang='lat' dir='ltr'><strong>sum</strong></span> <span class='ocrx_word' id='word_1_928' title='bbox 1042 2284 1097 2314; x_wconf 84' lang='lat' dir='ltr'><strong>via,</strong></span> <span class='ocrx_word' id='word_1_929' title='bbox 1122 2281 1223 2309; x_wconf 86' lang='lat' dir='ltr'><strong>veritas</strong></span> <span class='ocrx_word' id='word_1_930' title='bbox 1243 2283 1271 2306; x_wconf 88' lang='lat' dir='ltr'><strong>et</strong></span> <span class='ocrx_word' id='word_1_931' title='bbox 1291 2277 1347 2305; x_wconf 77' lang='lat' dir='ltr'><strong>vita</strong></span> <span class='ocrx_word' id='word_1_932' title='bbox 1360 2276 1412 2307; x_wconf 65' lang='lat' dir='ltr'><strong>&quot;,t</strong></span> <span class='ocrx_word' id='word_1_933' title='bbox 1427 2274 1460 2301; x_wconf 89' lang='lat' dir='ltr'><strong>de</strong></span> <span class='ocrx_word' id='word_1_934' title='bbox 1480 2279 1567 2306; x_wconf 86' lang='lat' dir='ltr'><strong>coque</strong></span> <span class='ocrx_word' id='word_1_935' title='bbox 1591 2274 1697 2296; x_wconf 88' lang='lat' dir='ltr'><strong>rursum</strong></span> <span class='ocrx_word' id='word_1_936' title='bbox 1715 2264 1749 2291; x_wconf 86' lang='lat' dir='ltr'><strong>ad</strong></span> 
     </span>
    </p>
   </div>
   <div class='ocr_carea' id='block_1_113' title="bbox 960 2311 1751 2360">
    <p class='ocr_par' dir='ltr' id='par_1_113' title="bbox 960 2311 1751 2360">
     <span class='ocr_line' id='line_1_115' title="bbox 960 2311 1751 2360; baseline -0.032 1"><span class='ocrx_word' id='word_1_937' title='bbox 960 2339 1057 2360; x_wconf 87' lang='lat' dir='ltr'><strong>novam</strong></span> <span class='ocrx_word' id='word_1_938' title='bbox 1075 2330 1139 2358; x_wconf 87' lang='lat' dir='ltr'><strong>Sion</strong></span> <span class='ocrx_word' id='word_1_939' title='bbox 1161 2329 1198 2354; x_wconf 85' lang='lat' dir='ltr'><strong>ait</strong></span> <span class='ocrx_word' id='word_1_940' title='bbox 1218 2325 1323 2353; x_wconf 80' lang='lat' dir='ltr'><strong>Isaias:</strong></span> <span class='ocrx_word' id='word_1_941' title='bbox 1341 2331 1351 2348; x_wconf 77' lang='grc' dir='ltr'>ι</span> <span class='ocrx_word' id='word_1_942' title='bbox 1371 2321 1441 2348; x_wconf 81' lang='lat' dir='ltr'><strong>Ecce</strong></span> <span class='ocrx_word' id='word_1_943' title='bbox 1454 2326 1505 2354; x_wconf 77' lang='lat' dir='ltr'><strong>ego</strong></span> <span class='ocrx_word' id='word_1_944' title='bbox 1517 2318 1620 2344; x_wconf 84' lang='lat' dir='ltr'><strong>mittam</strong></span> <span class='ocrx_word' id='word_1_945' title='bbox 1636 2314 1663 2340; x_wconf 91' lang='lat' dir='ltr'><strong>in</strong></span> <span class='ocrx_word' id='word_1_946' title='bbox 1688 2311 1751 2338; x_wconf 82' lang='lat' dir='ltr'><strong>fun-</strong></span> 
     </span>
    </p>
   </div>
   <div class='ocr_carea' id='block_1_114' title="bbox 960 2361 1751 2405">
    <p class='ocr_par' dir='ltr' id='par_1_114' title="bbox 960 2361 1751 2405">
     <span class='ocr_line' id='line_1_116' title="bbox 960 2361 1751 2405; baseline -0.032 0"><span class='ocrx_word' id='word_1_947' title='bbox 960 2375 1094 2405; x_wconf 85' lang='lat' dir='ltr'><strong>damcutis</strong></span> <span class='ocrx_word' id='word_1_948' title='bbox 1109 2374 1176 2401; x_wconf 83' lang='lat' dir='ltr'><strong>Sion</strong></span> <span class='ocrx_word' id='word_1_949' title='bbox 1192 2371 1306 2405; x_wconf 82' lang='lat' dir='ltr'><strong>lapidem</strong></span> <span class='ocrx_word' id='word_1_950' title='bbox 1327 2367 1482 2403; x_wconf 79' lang='lat' dir='ltr'><strong>probatum,</strong></span> <span class='ocrx_word' id='word_1_951' title='bbox 1501 2361 1655 2396; x_wconf 78' lang='lat' dir='ltr'><strong>angularem</strong></span> <span class='ocrx_word' id='word_1_952' title='bbox 1669 2376 1677 2388; x_wconf 90' lang='lat'><strong>,</strong></span> <span class='ocrx_word' id='word_1_953' title='bbox 1689 2362 1751 2390; x_wconf 88' lang='lat' dir='ltr'><strong>prc-</strong></span> 
     </span>
    </p>
   </div>
   <div class='ocr_carea' id='block_1_115' title="bbox 963 2401 1749 2453">
    <p class='ocr_par' dir='ltr' id='par_1_115' title="bbox 963 2401 1749 2453">
     <span class='ocr_line' id='line_1_117' title="bbox 963 2401 1749 2453; baseline -0.031 -4"><span class='ocrx_word' id='word_1_954' title='bbox 963 2423 1080 2449; x_wconf 86' lang='lat' dir='ltr'><strong>tiosum:</strong></span> <span class='ocrx_word' id='word_1_955' title='bbox 1102 2424 1128 2447; x_wconf 89' lang='lat' dir='ltr'><strong>et</strong></span> <span class='ocrx_word' id='word_1_956' title='bbox 1155 2418 1199 2453; x_wconf 89' lang='lat' dir='ltr'><strong>qui</strong></span> <span class='ocrx_word' id='word_1_957' title='bbox 1227 2414 1373 2443; x_wconf 84' lang='lat' dir='ltr'><strong>crediderit</strong></span> <span class='ocrx_word' id='word_1_958' title='bbox 1398 2413 1425 2439; x_wconf 91' lang='lat' dir='ltr'><strong>in</strong></span> <span class='ocrx_word' id='word_1_959' title='bbox 1447 2417 1508 2437; x_wconf 87' lang='lat' dir='ltr'><strong>eum</strong></span> <span class='ocrx_word' id='word_1_960' title='bbox 1531 2414 1583 2434; x_wconf 90' lang='lat' dir='ltr'><strong>non</strong></span> <span class='ocrx_word' id='word_1_961' title='bbox 1601 2401 1749 2432; x_wconf 71' lang='lat' dir='ltr'><strong>confundu-</strong></span> 
     </span>
    </p>
   </div>
   <div class='ocr_carea' id='block_1_116' title="bbox 962 2448 1752 2494">
    <p class='ocr_par' dir='ltr' id='par_1_116' title="bbox 962 2448 1752 2494">
     <span class='ocr_line' id='line_1_118' title="bbox 962 2448 1752 2494; baseline -0.029 0"><span class='ocrx_word' id='word_1_962' title='bbox 962 2471 1006 2494; x_wconf 86' lang='lat' dir='ltr'><strong>tur</strong></span> <span class='ocrx_word' id='word_1_963' title='bbox 1017 2466 1040 2481; x_wconf 73' lang='lat'><strong>“</strong></span> <span class='ocrx_word' id='word_1_964' title='bbox 1058 2475 1066 2491; x_wconf 77' lang='grc' dir='ltr'><strong><em>ι</em></strong></span> <span class='ocrx_word' id='word_1_965' title='bbox 1087 2465 1114 2491; x_wconf 93' lang='lat' dir='ltr'><strong>iu</strong></span> <span class='ocrx_word' id='word_1_966' title='bbox 1129 2468 1271 2490; x_wconf 66' lang='lat' dir='ltr'><strong>aeternum.</strong></span> <span class='ocrx_word' id='word_1_967' title='bbox 1285 2459 1358 2486; x_wconf 84' lang='lat' dir='ltr'><strong>Idem</strong></span> <span class='ocrx_word' id='word_1_968' title='bbox 1373 2456 1407 2483; x_wconf 86' lang='lat' dir='ltr'><strong>ad</strong></span> <span class='ocrx_word' id='word_1_969' title='bbox 1421 2454 1544 2482; x_wconf 86' lang='lat' dir='ltr'><strong>eamdem</strong></span> <span class='ocrx_word' id='word_1_970' title='bbox 1563 2459 1572 2478; x_wconf 84' lang='lat'><strong>:</strong></span> <span class='ocrx_word' id='word_1_971' title='bbox 1589 2458 1599 2475; x_wconf 74' lang='grc' dir='ltr'>ι</span> <span class='ocrx_word' id='word_1_972' title='bbox 1617 2448 1686 2475; x_wconf 84' lang='lat' dir='ltr'><strong>Ecce</strong></span> <span class='ocrx_word' id='word_1_973' title='bbox 1702 2452 1752 2479; x_wconf 75' lang='lat' dir='ltr'><strong>ego</strong></span> 
     </span>
    </p>
   </div>
   <div class='ocr_carea' id='block_1_117' title="bbox 963 2492 1753 2545">
    <p class='ocr_par' dir='ltr' id='par_1_117' title="bbox 963 2492 1753 2545">
     <span class='ocr_line' id='line_1_119' title="bbox 963 2492 1753 2545; baseline -0.029 -7"><span class='ocrx_word' id='word_1_974' title='bbox 963 2517 1086 2545; x_wconf 79' lang='lat' dir='ltr'><strong>przeparo</strong></span> <span class='ocrx_word' id='word_1_975' title='bbox 1100 2508 1148 2535; x_wconf 87' lang='lat' dir='ltr'><strong>tibi</strong></span> <span class='ocrx_word' id='word_1_976' title='bbox 1161 2504 1358 2534; x_wconf 82' lang='lat' dir='ltr'><strong>carbunculum</strong></span> <span class='ocrx_word' id='word_1_977' title='bbox 1381 2500 1499 2535; x_wconf 84' lang='lat' dir='ltr'><strong>lapidem</strong></span> <span class='ocrx_word' id='word_1_978' title='bbox 1517 2502 1602 2526; x_wconf 89' lang='lat' dir='ltr'><strong>tuum,</strong></span> <span class='ocrx_word' id='word_1_979' title='bbox 1616 2497 1642 2521; x_wconf 85' lang='lat' dir='ltr'><strong>et</strong></span> <span class='ocrx_word' id='word_1_980' title='bbox 1660 2492 1753 2518; x_wconf 81' lang='lat' dir='ltr'><strong>funda-</strong></span> 
     </span>
    </p>
   </div>
   <div class='ocr_carea' id='block_1_118' title="bbox 965 2538 1753 2587">
    <p class='ocr_par' dir='ltr' id='par_1_118' title="bbox 965 2538 1753 2587">
     <span class='ocr_line' id='line_1_120' title="bbox 965 2538 1753 2587; baseline -0.028 -4"><span class='ocrx_word' id='word_1_981' title='bbox 965 2561 1056 2584; x_wconf 86' lang='lat' dir='ltr'><strong>tnenta</strong></span> <span class='ocrx_word' id='word_1_982' title='bbox 1085 2558 1129 2580; x_wconf 90' lang='lat' dir='ltr'><strong>tua</strong></span> <span class='ocrx_word' id='word_1_983' title='bbox 1147 2551 1302 2587; x_wconf 86' lang='lat' dir='ltr'><strong>sapphirum</strong></span> <span class='ocrx_word' id='word_1_984' title='bbox 1318 2558 1325 2576; x_wconf 89' lang='lat'><strong>:</strong></span> <span class='ocrx_word' id='word_1_985' title='bbox 1340 2553 1367 2575; x_wconf 89' lang='lat' dir='ltr'><strong>et</strong></span> <span class='ocrx_word' id='word_1_986' title='bbox 1379 2553 1474 2581; x_wconf 87' lang='lat' dir='ltr'><strong>ponam</strong></span> <span class='ocrx_word' id='word_1_987' title='bbox 1494 2538 1693 2578; x_wconf 78' lang='lat' dir='ltr'><strong>propugnacula</strong></span> <span class='ocrx_word' id='word_1_988' title='bbox 1708 2543 1753 2563; x_wconf 82' lang='lat' dir='ltr'><strong>tua</strong></span> 
     </span>
    </p>
   </div>
   <div class='ocr_carea' id='block_1_119' title="bbox 963 2581 1754 2637">
    <p class='ocr_par' dir='ltr' id='par_1_119' title="bbox 963 2581 1754 2637">
     <span class='ocr_line' id='line_1_121' title="bbox 963 2581 1754 2637; baseline -0.027 -10"><span class='ocrx_word' id='word_1_989' title='bbox 1080 2608 1087 2626; x_wconf 90' lang='lat'>:</span> <span class='ocrx_word' id='word_1_990' title='bbox 1106 2603 1137 2631; x_wconf 67' lang='lat' dir='ltr'><strong>et,</strong></span> <span class='ocrx_word' id='word_1_991' title='bbox 1148 2581 1240 2632; x_wconf 62' lang='lat' dir='ltr'><strong>portas</strong></span> <span class='ocrx_word' id='word_1_992' title='bbox 1257 2600 1315 2622; x_wconf 91' lang='lat' dir='ltr'><strong>tuas</strong></span> <span class='ocrx_word' id='word_1_993' title='bbox 1333 2591 1436 2626; x_wconf 83' lang='lat' dir='ltr'><strong>lapides</strong></span> <span class='ocrx_word' id='word_1_994' title='bbox 1449 2586 1586 2623; x_wconf 76' lang='lat' dir='ltr'><strong>chrystalli</strong></span> <span class='ocrx_word' id='word_1_995' title='bbox 1604 2594 1611 2611; x_wconf 88' lang='lat'><strong>:</strong></span> <span class='ocrx_word' id='word_1_996' title='bbox 1629 2588 1655 2611; x_wconf 89' lang='lat' dir='ltr'><strong>et</strong></span> <span class='ocrx_word' id='word_1_997' title='bbox 1670 2581 1754 2608; x_wconf 82' lang='lat' dir='ltr'><strong>ambi-</strong></span> 
     </span>
    </p>
   </div>
   <div class='ocr_carea' id='block_1_120' title="bbox 971 2627 1756 2674">
    <p class='ocr_par' dir='ltr' id='par_1_120' title="bbox 971 2627 1756 2674">
     <span class='ocr_line' id='line_1_122' title="bbox 971 2627 1756 2674; baseline -0.028 0"><span class='ocrx_word' id='word_1_998' title='bbox 971 2653 1025 2674; x_wconf 78' lang='lat' dir='ltr'><strong>tum</strong></span> <span class='ocrx_word' id='word_1_999' title='bbox 1048 2652 1151 2672; x_wconf 88' lang='lat' dir='ltr'><strong>murum</strong></span> <span class='ocrx_word' id='word_1_1000' title='bbox 1175 2647 1250 2670; x_wconf 91' lang='lat' dir='ltr'><strong>tuum</strong></span> <span class='ocrx_word' id='word_1_1001' title='bbox 1272 2639 1374 2674; x_wconf 84' lang='lat' dir='ltr'><strong>lapides</strong></span> <span class='ocrx_word' id='word_1_1002' title='bbox 1398 2637 1511 2665; x_wconf 81' lang='lat' dir='ltr'><strong>electos,</strong></span> <span class='ocrx_word' id='word_1_1003' title='bbox 1529 2636 1554 2660; x_wconf 88' lang='lat' dir='ltr'><strong>ct</strong></span> <span class='ocrx_word' id='word_1_1004' title='bbox 1574 2635 1669 2658; x_wconf 84' lang='lat' dir='ltr'><strong>omnes</strong></span> <span class='ocrx_word' id='word_1_1005' title='bbox 1686 2627 1756 2653; x_wconf 82' lang='lat' dir='ltr'><strong>liiios</strong></span> 
     </span>
    </p>
   </div>
   <div class='ocr_carea' id='block_1_121' title="bbox 1467 2718 1753 2750">
    <p class='ocr_par' dir='ltr' id='par_1_121' title="bbox 1467 2718 1753 2750">
     <span class='ocr_line' id='line_1_123' title="bbox 1467 2718 1753 2750; baseline -0.021 0"><span class='ocrx_word' id='word_1_1006' title='bbox 1467 2725 1489 2741; x_wconf 77' lang='lat'>“</span> <span class='ocrx_word' id='word_1_1007' title='bbox 1504 2723 1604 2750; x_wconf 62' lang='lat' dir='ltr'><strong>Jcrcm.</strong></span> <span class='ocrx_word' id='word_1_1008' title='bbox 1625 2726 1699 2750; x_wconf 72' lang='lat' dir='ltr'><strong>xxvt,</strong></span> <span class='ocrx_word' id='word_1_1009' title='bbox 1726 2718 1753 2745; x_wconf 67' lang='grc' dir='ltr'><strong>ιι.</strong></span> 
     </span>
    </p>
   </div>
   <div class='ocr_carea' id='block_1_122' title="bbox 1549 2757 1756 2783">
    <p class='ocr_par' dir='ltr' id='par_1_122' title="bbox 1549 2757 1756 2783">
     <span class='ocr_line' id='line_1_124' title="bbox 1549 2757 1756 2783; baseline -0.024 0"><span class='ocrx_word' id='word_1_1010' title='bbox 1549 2758 1570 2773; x_wconf 76' lang='grc'>³⁸</span> <span class='ocrx_word' id='word_1_1011' title='bbox 1588 2757 1662 2783; x_wconf 82' lang='lat' dir='ltr'><strong>Dctlt.</strong></span> <span class='ocrx_word' id='word_1_1012' title='bbox 1681 2761 1756 2783; x_wconf 73' lang='lat' dir='ltr'><strong>xvtu,</strong></span> 
     </span>
    </p>
   </div>
   <div class='ocr_carea' id='block_1_123' title="bbox 1644 2788 1756 2815">
    <p class='ocr_par' dir='ltr' id='par_1_123' title="bbox 1644 2788 1756 2815">
     <span class='ocr_line' id='line_1_125' title="bbox 1644 2788 1756 2815; baseline -0.027 1"><span class='ocrx_word' id='word_1_1013' title='bbox 1644 2789 1666 2805; x_wconf 60' lang='grc'><strong>⁸³</strong></span> <span class='ocrx_word' id='word_1_1014' title='bbox 1682 2788 1756 2815; x_wconf 69' lang='lat' dir='ltr'><strong>Paai.</strong></span> 
     </span>
    </p>
   </div>
   <div class='ocr_carea' id='block_1_124' title="bbox 1145 2727 1427 2758">
    <p class='ocr_par' dir='ltr' id='par_1_124' title="bbox 1145 2727 1427 2758">
     <span class='ocr_line' id='line_1_126' title="bbox 1145 2727 1427 2758; baseline -0.007 -2"><span class='ocrx_word' id='word_1_1015' title='bbox 1145 2732 1166 2747; x_wconf 68' lang='grc' dir='ltr'><strong>³ο</strong></span> <span class='ocrx_word' id='word_1_1016' title='bbox 1183 2732 1260 2756; x_wconf 78' lang='lat' dir='ltr'><strong>Dcut.</strong></span> <span class='ocrx_word' id='word_1_1017' title='bbox 1286 2736 1363 2758; x_wconf 76' lang='lat' dir='ltr'><strong>xvm,</strong></span> <span class='ocrx_word' id='word_1_1018' title='bbox 1386 2727 1427 2754; x_wconf 76' lang='lat' dir='ltr'><strong>i3.</strong></span> 
     </span>
    </p>
   </div>
   <div class='ocr_carea' id='block_1_125' title="bbox 1283 2760 1492 2792">
    <p class='ocr_par' dir='ltr' id='par_1_125' title="bbox 1283 2760 1492 2792">
     <span class='ocr_line' id='line_1_127' title="bbox 1283 2760 1492 2792; baseline -0.019 -2"><span class='ocrx_word' id='word_1_1019' title='bbox 1283 2765 1304 2780; x_wconf 83' lang='lat'><em>&quot;</em></span> <span class='ocrx_word' id='word_1_1020' title='bbox 1320 2765 1390 2789; x_wconf 71' lang='lat' dir='ltr'><strong>l‘sm.</strong></span> <span class='ocrx_word' id='word_1_1021' title='bbox 1411 2769 1449 2792; x_wconf 67' lang='grc' dir='ltr'><strong>χι,</strong></span> <span class='ocrx_word' id='word_1_1022' title='bbox 1467 2760 1492 2786; x_wconf 82' lang='lat'><strong>7.</strong></span> 
     </span>
    </p>
   </div>
   <div class='ocr_carea' id='block_1_126' title="bbox 1016 2792 1604 2834">
    <p class='ocr_par' dir='ltr' id='par_1_126' title="bbox 1016 2792 1604 2834">
     <span class='ocr_line' id='line_1_128' title="bbox 1016 2792 1604 2834; baseline -0.024 -3"><span class='ocrx_word' id='word_1_1023' title='bbox 1016 2806 1038 2820; x_wconf 79' lang='lat'>&quot;</span> <span class='ocrx_word' id='word_1_1024' title='bbox 1059 2807 1106 2830; x_wconf 67' lang='lat' dir='ltr'><strong>ha.</strong></span> <span class='ocrx_word' id='word_1_1025' title='bbox 1128 2792 1172 2834; x_wconf 77' lang='lat' dir='ltr'><strong>i_\‘,</strong></span> <span class='ocrx_word' id='word_1_1026' title='bbox 1190 2801 1212 2832; x_wconf 91' lang='lat' dir='ltr'><strong>l,</strong></span> <span class='ocrx_word' id='word_1_1027' title='bbox 1233 2799 1261 2826; x_wconf 69' lang='lat'><strong>‘2.</strong></span> <span class='ocrx_word' id='word_1_1028' title='bbox 1300 2799 1321 2814; x_wconf 69' lang='grc' dir='ltr'><strong>δ’</strong></span> <span class='ocrx_word' id='word_1_1029' title='bbox 1339 2798 1409 2825; x_wconf 73' lang='lat' dir='ltr'><strong>i‘sul.</strong></span> <span class='ocrx_word' id='word_1_1030' title='bbox 1426 2804 1498 2826; x_wconf 56' lang='grc' dir='ltr'><strong>μιν,</strong></span> <span class='ocrx_word' id='word_1_1031' title='bbox 1517 2792 1604 2825; x_wconf 71' lang='lat'><strong>“,13.</strong></span> 
     </span>
    </p>
   </div>
   <div class='ocr_carea' id='block_1_127' title="bbox 1718 73 1740 95">
    <p class='ocr_par' dir='ltr' id='par_1_127' title="bbox 1718 73 1740 95">
     <span class='ocr_line' id='line_1_129' title="bbox 1718 73 1740 95; baseline 0 0"><span class='ocrx_word' id='word_1_1032' title='bbox 1718 73 1740 95; x_wconf 71' lang='grc' dir='ltr'><strong>ο</strong></span> 
     </span>
    </p>
   </div>
  </div>
