1955 3080
195 94 197 97 ’
217 107 267 139 su

797 112 1012 144 ANDRONICI
1024 110 1199 142 COMNENI

1814 106 1894 138 892

219 171 280 191 tuos
295 165 440 201 discipulos
455 167 501 194 Dei
518 175 525 194 :
543 172 570 194 et
586 167 613 194 in
629 167 712 194 multa
729 175 795 202 pace
810 169 855 196 lilii
870 170 919 202 tui,
933 175 960 197 et
973 170 999 197 in
1014 172 1038 200 Α
1053 168 1167 196 ﬁliorum
1186 167 1271 195 Israel
1289 165 1316 194 in
1337 174 1439 195 escam.
1453 165 1487 194 Et
1507 155 1537 194 ut
1556 166 1621 201 quid
1642 164 1806 199 rcspexisti
1845 165 1885 192 in

217 211 320 245 iustitia
334 213 519 245 aadiﬁcaberis,
535 215 631 241 recede
644 214 677 241 ab
692 214 784 248 lttiquo
800 215 831 242 ⁸⁵.
855 225 865 241 ι

257 268 360 296 Videtis
372 273 400 295 ut
411 269 529 306 gentium
544 270 693 298 Ecclesiam
712 271 843 306 propheta
857 271 1007 306 signiﬁcet?

221 322 280 339 naut
299 321 359 340 cum
378 313 586 350 Hierosolymam
603 322 704 347 monet,
719 318 851 344 abstineat
866 325 879 344 a
896 318 1007 346 sceleri-

224 359 283 390 bus,
299 357 454 386 .ludmorum
478 361 646 389 calamitates
665 367 692 389 et
712 363 933 395 interuetiottem,
948 371 1008 398 qua:

222 410 269 428 eos
284 403 421 434 manebat.
439 412 453 430 a
469 405 614 433 sceleribus
631 414 682 434 non
700 408 878 439 abstinentes,
896 409 981 436 innuit
1000 417 1006 436 :

223 457 232 472 ι
252 447 283 474 Et
298 452 386 475 terror
401 457 453 476 non
469 451 696 486 appropinquabit
710 453 756 479 tibi
767 454 800 484 “,
817 462 826 478 ι
845 454 870 480 id
888 459 938 486 est,
951 462 1008 482 sce-

221 493 323 520 leribus
345 494 484 522 abstinens
505 503 603 531 expers
624 498 737 525 terroris
758 498 883 533 agitabis.
904 508 913 525 ι
939 499 1008 527 Ecre

223 539 350 574 proselyti
368 541 497 568 accedent
515 542 547 568 ad
566 546 591 569 te
609 550 657 576 per
674 551 730 575 me;
754 553 764 570 ι
784 552 832 579 per
849 552 903 578 me,
921 545 1007 580 inquit

221 583 360 618 Christus,
374 592 468 620 gentes
484 592 510 614 et
526 587 641 615 diversis
659 589 756 624 linguis
774 590 914 622 loquentes
932 592 964 618 ad
983 596 1008 619 te

192 639 198 643 -
222 631 424 659 commeabunt.
444 641 454 658 ι
474 632 505 660 Ει
520 634 609 660 coloni
626 640 706 662 erunt
723 635 769 668 lui,
787 641 814 663 ct
827 636 858 663 ad
874 641 900 664 te
915 638 1009 666 confu-

222 676 336 708 gient".
351 686 362 703 ι
378 677 444 704 Nam
460 679 485 705 in
501 679 639 707 Dominico
652 681 785 715 supplicio
799 687 903 710 cuncta:
916 690 1008 719 gentes

224 721 436 757 Hierosolymam
460 724 597 757 profectae,
615 733 646 752 ac
667 732 854 761 coutprecata',
873 728 1006 763 hodieque

224 772 407 794 revertuntur.
423 767 476 795 Sed
491 769 544 796 erit
559 770 603 796 hic
617 771 686 806 lapis
700 771 823 810 gentibus
838 773 870 799 ad
888 781 1009 800 resurre-

223 811 352 843 ctionem,
369 812 467 840 Judaais
486 815 519 841 ad
541 816 644 842 ruinam
671 826 678 843 ι
701 818 799 844 etcnint
821 826 852 855 ex
874 822 1010 854 prophette

227 860 317 882 mente
333 863 401 884 unus
420 857 542 893 idemque
560 860 627 894 lapis
643 862 694 888 erit
710 861 875 895 oil‘ensiunis,
892 868 917 890 et
934 870 1009 898 pt-tra

223 901 341 927 scattdali
352 901 384 928 ⁸⁸.

261 955 331 989 Quid
358 958 441 993 igitur
462 960 552 988 dicent
576 964 733 996 aerumnosi,
751 972 812 992 cttm
838 966 969 995 illustrem
995 977 1011 997 θ

224 1001 302 1029 ccelis
324 1003 513 1034 adventantem
534 1006 672 1036 Christum
692 1010 831 1044 videbunt,
846 1014 1011 1049 audientqne

225 1047 252 1073 in
276 1056 380 1076 summa
406 1052 547 1086 majestate
571 1055 695 1083 ail‘antem
723 1057 797 1091 illos,
816 1060 859 1093 qui
886 1068 915 1088 se
939 1047 1011 1089 velut

227 1099 370 1140 augustum
396 1101 422 1124 et
448 1099 602 1133 angularem
629 1101 742 1136 lapident
767 1109 829 1131 sunt
851 1106 1012 1140 alllplciah?

228 1146 239 1164 ε
255 1138 359 1173 Venite,
385 1141 520 1171 benedicti
545 1145 632 1174 Patris
656 1148 718 1179 mei,
736 1150 870 1183 possidete
889 1138 1009 1186 paratum

225 1185 300 1212 vobis
314 1194 423 1220 regnum
434 1188 466 1215 ⁵⁸.
481 1198 490 1215 ι
512 1190 636 1219 Sinistris
649 1201 723 1226 vero,
736 1194 780 1228 qtti
798 1196 822 1221 in
838 1203 932 1222 saxum
947 1197 1010 1224 illud

226 1233 437 1267 impcgeruntxet
453 1235 634 1270 oﬂ‘enderunt,
650 1239 800 1269 dicentem?
819 1252 827 1268 ι
849 1243 981 1271 Discedite
997 1253 1010 1270 a

226 1284 270 1304 tlte
289 1279 424 1308 maledicti
449 1282 475 1308 in
498 1283 586 1318 ignem
612 1290 753 1320 aeternum,
771 1288 816 1322 qtti
838 1293 950 1322 paratus
971 1295 1012 1317 est

226 1322 333 1350 diabolo
357 1329 384 1352 et
405 1327 509 1361 angelis
533 1328 591 1362 ejus
602 1330 636 1357 '°.
663 1339 673 1357 ι
701 1331 842 1364 Quomodo
868 1339 924 1361 tum
950 1335 1011 1363 lacti

228 1370 391 1401 pmnitentes
411 1380 466 1407 prae
487 1374 568 1401 animi
591 1377 712 1411 angustia
733 1382 852 1412 gement,
871 1384 897 1406 et
915 1380 1012 1408 iterum

225 1419 307 1448 atque
324 1415 419 1443 iterum
437 1424 560 1452 repetent
577 1429 583 1447 :
607 1430 617 1446 ‹
636 1420 687 1449 Hie
704 1427 754 1454 est,
771 1430 851 1458 quem
870 1424 1012 1459 aliquando

227 1459 369 1489 habuimus
380 1463 406 1489 in
418 1463 547 1496 derisum,
556 1471 581 1493 et
594 1467 619 1493 in
633 1468 831 1496 similitudinem
845 1470 1011 1505 improperii.

1060 215 1199 241 incensum
1216 221 1315 245 meum,
1330 217 1357 239 et
1370 213 1397 239 in
1413 211 1576 239 sacriﬁcium
1592 218 1680 238 meum
1697 210 1888 244 impudenti

1060 259 1154 286 oculo?
1168 258 1198 285 Et
1209 258 1364 293 gloriﬁeasti
1378 258 1448 285 ﬁlios
1461 263 1521 285 tuos
1533 265 1614 289 super
1624 265 1676 288 me,
1686 256 1888 284 benedicere

1061 305 1094 331 de
1115 303 1262 338 primordio
1283 303 1372 330 omnis
1394 302 1521 330 sacriﬁcii
1543 302 1628 329 Israel
1650 300 1675 329 itt
1699 306 1883 336 conspectu

1062 349 1139 376 meo?
1153 348 1268 383 Propter
1281 349 1332 376 hoc
1349 349 1406 376 hzec
1424 349 1489 376 dicit
1505 349 1634 376 Dominus
1650 348 1720 376 Deus
1739 347 1846 375 Israel
1870 356 1880 374 :

1063 394 1132 424 Dixi,
1151 394 1246 421 domus
1269 398 1325 426 tua,
1342 399 1369 421 et
1393 394 1489 421 domus
1514 393 1602 421 Patris
1629 395 1666 420 tul
1692 393 1881 420 transibunt

1060 446 1150 466 coram
1173 446 1216 466 me
1241 446 1326 473 usque
1350 439 1375 466 in
1401 439 1604 474 sempiternum.
1621 438 1654 465 Et
1677 446 1754 466 nunc
1783 438 1879 464 dicit

1063 484 1191 512 Dominus
1214 493 1221 511 :
1240 484 1414 519 Nequaquam
1436 493 1444 512 :
1466 485 1593 519 quoniam
1614 489 1717 511 tantum
1741 482 1876 518 gloriﬁ—

1062 535 1154 557 cantes
1175 538 1220 558 me
1239 530 1406 564 glorillcabo,
1421 528 1453 558 'et
1475 530 1521 565 qui
1546 530 1649 565 spernit
1670 537 1722 562 me,
1746 530 1876 557 honore

1062 576 1221 610 privabitur.
1234 575 1304 604 Ecce
1315 577 1373 604 dies
1386 579 1507 608 veniunt,
1519 581 1545 604 et
1556 577 1744 605 extertninabo
1758 584 1873 604 semen

1063 627 1148 656 tuum,
1164 629 1192 650 ct
1212 630 1304 651 semen
1326 623 1421 651 domus
1443 624 1529 658 patris
1549 623 1599 656 tui,
1618 627 1644 650 ct
1662 630 1714 650 non
1731 623 1792 650 erit
1814 623 1872 649 tibi

1062 675 1143 695 senex
1157 670 1183 696 in
1199 670 1278 696 domo
1293 677 1352 697 mea
1367 670 1492 697 omnibus
1515 669 1619 696 diebus.
1631 669 1663 696 Et
1676 669 1749 696 \‘irOs
1764 674 1874 695 exter-

1062 714 1171 749 tninabo
1188 715 1222 742 ab
1238 715 1315 742 altari
1334 723 1404 748 meo,
1420 720 1451 743 ut
1468 715 1597 742 deﬁciant
1614 714 1683 742 oculi
1702 722 1818 746 eorum,
1838 719 1872 740 et.

1062 760 1161 787 deﬂuat
1183 761 1272 788 anima
1298 769 1402 788 eorum.
1421 759 1454 788 Et
1474 761 1562 788 omnis
1587 761 1632 795 qui
1661 760 1803 794 supererit.
1829 767 1869 786 ex

1064 806 1144 833 domo
1161 811 1216 839 tua,
1231 807 1327 834 cadent
1344 807 1369 834 in
1387 806 1522 841 romphma
1540 807 1668 833 virorttnt.
1683 805 1716 832 Et
1732 805 1788 832 hoc
1811 805 1868 832 tibi

1028 848 1047 875 Β
1062 852 1180 887 signum,
1194 854 1264 887 quod
1285 853 1374 880 veniet
1395 861 1476 888 super
1498 854 1564 880 duos
1585 852 1654 880 ﬁlios
1675 857 1744 884 tuos,
1764 852 1866 886 Opimi

1061 903 1089 925 et
1103 899 1218 926 Phinees
1232 908 1239 926 :
1257 907 1308 926 una
1323 900 1366 927 die
1381 900 1531 926 morientur
1543 899 1624 926 ambo
1634 899 1667 926 ".
1686 908 1696 925 ι

1100 956 1162 985 ιω).
1178 956 1235 984 Non
1254 957 1280 984 in
1298 958 1421 991 quemvis
1439 957 1579 984 Israelitici
1599 957 1704 991 generis
1721 957 1863 984 sacerdo-

1062 1009 1127 1035 tem,
1141 1005 1187 1031 sed
1204 1004 1229 1030 itt
1246 1003 1306 1030 lleli
1323 1004 1420 1036 solum,
1435 1003 1487 1030 hoc
1502 1003 1619 1031 edictum
1633 1003 1752 1037 expetit.‘

1098 1049 1207 1075 Cnntsr.
1236 1048 1345 1074 Minime
1369 1049 1499 1082 gentium.
1524 1047 1592 1074 Male
1617 1056 1708 1075 sat-ras
1734 1048 1862 1075 Litteras

1062 1095 1221 1129 intelligitis.
1235 1093 1301 1121 Nam
1318 1095 1339 1122 si
1358 1095 1383 1121 in
1400 1095 1458 1121 Iieli
1475 1095 1560 1122 solum
1575 1095 1734 1129 expetebat;
1750 1095 1860 1121 dictum

1061 1141 1179 1174 oportuit
1196 1149 1202 1167 :
1222 1150 1231 1166 ‹
1250 1141 1442 1167 Exterminabo
1456 1149 1548 1168 semen
1564 1147 1648 1168 tuum.
1668 1151 1677 1167 ι
1696 1141 1774 1168 Nune
1790 1148 1860 1167 vero

1062 1179 1137 1213 addit
1152 1196 1158 1213 :
1179 1196 1187 1212 l
1206 1187 1238 1214 Et
1252 1195 1344 1214 semen
1361 1188 1457 1214 domus
1474 1188 1558 1221 patris
1573 1188 1610 1214 tui
1629 1197 1635 1214 :
1653 1197 1661 1213 ι
1679 1187 1856 1222 Levi-procul

1063 1233 1145 1259 dubio
1164 1237 1258 1259 notans
1281 1239 1383 1268 patrem
1406 1233 1500 1260 domtts
1522 1233 1589 1260 lleli.
1607 1232 1669 1260 Ideo
1690 1234 1858 1268 praedixerat

1063 1278 1104 1303 vir
1119 1278 1162 1304 Βιεί
1180 1286 1188 1306 :
1209 1287 1218 1304 t
1237 1279 1308 1313 Elogi
1326 1279 1434 1306 domttm
1453 1281 1537 1314 patris
1556 1279 1594 1306 tui
1611 1286 1642 1306 ex
1661 1280 1788 1306 omnibus
1807 1280 1858 1305 tri-

1063 1322 1149 1350 bubus
1168 1324 1249 1350 Israt-I
1271 1323 1337 1351 mihi
1360 1325 1385 1351 in
1407 1324 1586 1351 sacerdotem.
1603 1333 1613 1350 ›
1631 1324 1719 1356 Quare
1737 1332 1785 1358 pro
1804 1325 1854 1351 de-

1063 1368 1134 1396 lectu
1151 1369 1250 1396 editum
1267 1378 1373 1404 quoque
1390 1375 1431 1397 est
1448 1371 1563 1397 edictum
1578 1380 1586 1404 ;
1603 1371 1736 1405 siquidem
1751 1372 1828 1399 addit
1847 1383 1853 1399 :

1067 1424 1077 1441 ‹
1103 1414 1297 1442 Exterminabo
1321 1423 1414 1442 semen
1439 1416 1536 1443 domus
1558 1417 1658 1451 patris,
1674 1422 1700 1443 et
1722 1425 1774 1443 non
1798 1419 1855 1445 eris

1064 1462 1193 1496 propheta
1212 1462 1238 1488 iu
1256 1461 1336 1488 domo
1354 1469 1412 1488 mea
1430 1462 1554 1489 omnibus
1566 1463 1667 1490 dit-bus.
1691 1472 1701 1488 ι
1720 1463 1775 1496 Qua
1788 1471 1852 1490 sen-

228 1505 282 1533 Nos
299 1507 423 1535 insensati
439 1513 509 1537 vlam
526 1512 595 1539 illius
610 1513 811 1543 :estimabamus
826 1515 970 1550 insaniam,
986 1522 1011 1545 cl

1067 1507 1148 1533 tentia
1165 1507 1346 1534 omnimodam
1362 1507 1532 1534 saeerdotutn
1549 1508 1750 1543 abrogationem
1766 1509 1852 1543 signi-

227 1551 305 1578 tinem
316 1552 384 1580 illius
392 1555 450 1582 sine
459 1555 568 1584 honore.
577 1557 645 1585 Ecce
654 1561 785 1592 quomodo
795 1567 962 1596 computatus
972 1568 1013 1590 cst

227 1596 296 1624 inter
309 1598 376 1628 ﬁlios
390 1599 448 1633 Dei,
459 1607 485 1628 el
500 1602 571 1629 inter
587 1609 693 1632 sanctos
710 1613 770 1633 sors
786 1606 853 1633 illius
870 1608 927 1635 est?
946 1610 1014 1642 Ergo

228 1643 378 1671 erravimus
402 1653 415 1672 a
443 1646 485 1673 via
509 1649 648 1681 veritatis,
665 1656 692 1676 et
712 1651 825 1685 justitite
849 1653 938 1680 lumen
962 1663 1014 1682 non

228 1686 296 1713 luxit
313 1688 398 1716 nobis.
415 1691 518 1718 Lassati
531 1700 623 1720 sumus
640 1694 665 1720 in
682 1695 722 1721 via
741 1695 888 1730 iniquitatis
909 1703 935 1725 et
950 1707 1011 1734 per-

227 1732 335 1760 ditionis
352 1743 360 1761 :
377 1734 445 1762 \‘iam
463 1741 551 1764 autem
568 1737 672 1766 Domini
691 1740 914 1775 ignoravimus".
932 1732 1014 1771 {Sed

230 1784 283 1804 tum
297 1779 336 1805 eis
349 1780 453 1809 inutilis
466 1784 517 1810 erit
530 1783 619 1812 ﬂetus.
631 1785 697 1812 Nam
711 1794 811 1821 sponso
824 1788 851 1815 in
869 1789 1013 1816 thalamum

230 1823 364 1858 ingresso,
374 1827 555 1862 omnibusque
570 1830 692 1858 convivis
706 1838 767 1858 cum
780 1839 813 1860 eo
827 1834 1013 1867 gaudentibus,

230 1869 339 1897 thalami
357 1871 429 1899 fores
446 1873 545 1900 clausas
562 1879 642 1901 erunt
658 1882 750 1909 porro,
767 1881 795 1903 ut
811 1877 876 1904 olim
897 1879 1013 1911 paradisi

229 1914 352 1944 ll-nmueo
371 1925 436 1945 ense
456 1919 599 1946 custoditm
608 1920 641 1948 ".
658 1921 699 1947 Ah
717 1923 824 1956 quoties
843 1924 934 1950 misvri
954 1932 1013 1951 cum

230 1961 356 1996 laerymis
381 1963 563 1991 inclamabunt
585 1974 592 1992 :
617 1975 627 1991 ‹
652 1966 779 2000 Domine,
796 1968 922 2002 Domine,
941 1971 1013 2004 aperi

230 2007 322 2039 nobis;
340 2016 349 2032 ι
369 2008 501 2041 siquidem
518 2013 545 2036 et
559 2017 622 2037 caro
637 2018 666 2038 es
682 2012 714 2038 de
729 2020 810 2040 carne
826 2019 930 2046 nostra,
943 2020 969 2042 et
984 2023 1015 2043 os

232 2052 266 2078 de
279 2053 386 2081 ossibus
403 2055 514 2087 uestris,
526 2056 571 2090 qtti
585 2057 692 2090 quidem
708 2065 740 2084 ex
756 2059 903 2093 majoribus
918 2061 1016 2088 nostris

228 2103 305 2125 ortus
322 2098 421 2126 fueras.
439 2099 491 2127 Sed
508 2108 554 2128 eos
571 2102 638 2132 Rex.
657 2103 780 2138 idemque
798 2105 867 2131 Deus
889 2105 1012 2145 alloque-

231 2147 274 2169 tur
288 2151 295 2169 :
313 2152 322 2168 ε
341 2143 424 2170 Amen
441 2145 500 2172 dico
514 2147 600 2178 vobis,
613 2148 704 2174 nescio
718 2155 763 2175 vos
774 2149 808 2176 ⁵³.
827 2159 836 2174 ι
850 2165 882 2170 -
898 2160 907 2176 ί
925 2143 1016 2179 Disce-

231 2188 284 2215 dite
296 2196 318 2217 .a
340 2197 381 2217 tne
405 2191 450 2224 qui
471 2193 621 2225 operamini
646 2194 858 2228 iniquitatem“.
876 2206 886 2222 ι
910 2196 1014 2224 Etenim
1032 2185 1052 2211 θ

231 2240 277 2258 vos
295 2238 358 2261 ante
376 2239 491 2263 testatus
506 2245 563 2264 sttnt
584 2247 590 2265 :
612 2247 622 2263 α
642 2239 691 2271 Qui
710 2242 846 2275 negaverit
864 2250 905 2269 tne
923 2250 1014 2270 coram

232 2279 396 2313 hominibus,
415 2283 520 2317 negabo
539 2288 566 2311 et
583 2292 633 2320 ego
652 2293 713 2312 eum
734 2294 826 2313 coram
845 2287 926 2315 Patre
943 2296 1014 2320 meo,

230 2325 273 2358 qui
291 2326 315 2351 in
332 2327 408 2355 ctelis
423 2329 504 2356 est".
524 2339 533 2355 ι
551 2330 639 2365 Atque
652 2332 709 2359 haec
723 2333 831 2367 quidem
848 2335 887 2360 sic
903 2334 1014 2362 habent.

264 2370 396 2399 Creterum
413 2373 566 2408 Regnorum
582 2378 684 2412 primus
699 2380 735 2406 ait
753 2388 760 2406 :
782 2389 790 2405 ι
810 2379 888 2407 Venit
904 2380 944 2407 vir
963 2381 1008 2408 Dei

231 2417 264 2442 ad
282 2416 338 2444 lIeli
356 2421 536 2454 sacerdotem,
551 2427 578 2449 et
595 2424 633 2450 ait
647 2424 680 2451 ad
698 2432 758 2451 eum
778 2436 784 2452 :
803 2425 863 2452 ll:rc
881 2426 945 2453 dicit
960 2426 1013 2452 Do-

233 2462 322 2489 minus
344 2464 501 2500 :Numquid
519 2475 570 2495 non
588 2475 679 2503 aperte
697 2471 828 2498 revelatus
846 2479 903 2497 smn
922 2472 1012 2498 domui

231 2512 317 2543 patris
332 2513 388 2538 tui?
401 2518 428 2539 et
442 2513 508 2549 elegi
526 2523 585 2541 eum
598 2523 630 2542 ex
646 2517 770 2544 omnibus
789 2517 911 2544 tribubus
929 2517 1012 2544 Israel

234 2557 298 2583 tnihi
317 2557 343 2584 in
360 2559 537 2591 sacerdotem,
551 2564 579 2586 ut
593 2561 752 2588 ascenderet
767 2562 798 2587 ad
814 2561 899 2588 altare
916 2570 1016 2596 meum,

233 2608 258 2628 (ιι
273 2602 391 2630 adoleret
410 2605 472 2631 tnihi
488 2605 640 2636 incensth
653 2611 679 2633 et
693 2611 810 2640 portaret
825 2608 910 2639 cphod
927 2615 1016 2634 coram

234 2648 296 2675 me?
310 2647 342 2674 Et
356 2648 414 2675 detli
432 2650 520 2676 domui
536 2651 620 2684 patris
636 2651 671 2676 tui
688 2651 789 2682 omnia,
802 2659 860 2684 qum
876 2656 937 2677 sunt
950 2651 1018 2685 ignis

270 2739 292 2754 ⁵⁸
305 2739 355 2766 lsa.
370 2748 423 2772 ιη’,
440 2741 530 2768 11-15.
583 2743 605 2757 ⁸⁵
618 2743 680 2769 ibid.
699 2743 739 2769 Η.
779 2743 799 2758 ⁵⁷
815 2743 878 2769 ibid.
897 2743 937 2769 13.

237 2774 281 2800 Μ,
319 2775 339 2789 ⁶¹
358 2777 419 2808 Sap.
435 2785 459 2805 ν,
474 2777 530 2803 5-7.
569 2778 590 2794 η’
606 2777 673 2804 Ολιῐὶ.
688 2786 730 2807 tlt,
745 2778 788 2804 Ξείν-

239 2815 269 2840 Il,
283 2809 374 2837 “IT-Si.
414 2811 435 2826 ⁵⁷
449 2811 518 2839 I‘sal.
533 2820 614 2843 van,
630 2814 674 2840 Ξῖ.

977 2742 997 2758 ⁸³
1013 2743 1061 2768 lsa.
1076 2751 1134 2773 VIII,
1151 2743 1198 2773 ll;
1222 2742 1297 2768 limo.
1314 2750 1341 2770 κ.
1355 2742 1398 2768 53.

827 2779 850 2793 ⁵³
867 2778 948 2804 Matth
976 2785 1036 2808 xxv,
1053 2777 1152 2810 11,”.

713 2814 736 2829 ⁸⁸
750 2813 819 2839 Psal.
834 2821 941 2845 cxxxv't,
955 2813 986 2846 lt;
1003 2820 1055 2844 cvt,
1070 2812 1096 2839 6.

1067 1554 1145 1587 ﬁcat;
1160 1561 1274 1589 eamque
1289 1554 1465 1588 praesentiens
1478 1559 1505 1581 et
1518 1554 1600 1582 David
1616 1556 1653 1582 ait
1667 1564 1674 1582 :
1691 1565 1701 1581 ‹
1718 1555 1746 1582 In
1760 1555 1849 1583 Eccle—

1065 1599 1113 1625 siis
1136 1598 1288 1625 benedicite
1309 1598 1362 1625 Deo
1386 1598 1497 1626 Domino
1509 1599 1542 1626 ⁵⁷.
1565 1609 1574 1624 ι
1598 1599 1665 1626 Nam
1687 1600 1712 1626 in
1735 1600 1848 1626 Ilosaiet

1065 1643 1123 1677 lege
1143 1650 1196 1670 non
1221 1643 1347 1672 sacerdos
1368 1648 1428 1671 erat
1448 1649 1524 1671 extra
1546 1645 1672 1678 templum
1695 1644 1848 1679 Hierosoly-

1066 1689 1127 1721 mis,
1139 1696 1192 1715 non
1210 1688 1342 1723 pontifex,
1357 1696 1409 1716 non
1426 1689 1585 1721 immolatio,
1600 1697 1653 1717 non
1669 1690 1781 1721 suﬂitus,
1795 1698 1846 1716 non

1065 1731 1254 1765 libamentum,
1269 1734 1334 1767 quin
1352 1738 1379 1760 et
1394 1733 1529 1769 Babylone
1543 1735 1706 1767 exsulantes,
1722 1735 1747 1761 iu
1763 1735 1846 1761 aliena

1068 1782 1139 1804 terra
1161 1778 1216 1805 Deo
1233 1779 1356 1806 carmina
1372 1779 1471 1807 oll'erre
1485 1780 1609 1815 religioni
1628 1781 1800 1809 habebant".
1814 1783 1844 1810 At

1065 1830 1137 1850 nunc
1158 1824 1191 1851 ab
1213 1829 1273 1851 ortu
1296 1830 1323 1852 et
1344 1831 1454 1856 occasu.
1474 1827 1507 1853 ab
1529 1826 1654 1861 aquilone
1677 1831 1756 1861 atque
1778 1829 1843 1854 mari

1064 1874 1157 1896 coacta
1183 1874 1208 1896 et
1232 1871 1404 1898 constabilita
1431 1877 1473 1899 est
1495 1871 1628 1899 Ecclesia.
1653 1871 1756 1906 Ubique
1775 1874 1842 1899 enim

1066 1915 1181 1948 templa,
1198 1916 1371 1949 patriarchae,
1388 1917 1544 1952 pontiﬁces,
1560 1919 1714 1945 sacerdotes
1733 1926 1762 1945 ac
1795 1918 1841 1944 Le-

1066 1960 1129 1986 vitze
1146 1961 1300 1993 frequentes
1315 1970 1322 1987 :
1338 1961 1364 1987 in
1379 1962 1504 1989 omnibus
1519 1970 1570 1996 qua
1587 1962 1663 1992 vicis.
1677 1970 1728 1996 qua
1742 1962 1842 1988 urbibus

1065 2005 1174 2032 assidue
1191 2006 1358 2032 incruentatn
1376 2007 1491 2033 hostiam
1510 2007 1645 2033 imntolari
1662 2015 1765 2038 cernas,
1779 2011 1837 2033 toto-

1065 2057 1116 2083 que
1138 2050 1203 2077 orbe
1226 2056 1357 2078 terrarum
1378 2051 1424 2078 Dei
1443 2060 1540 2079 nomen
1558 2052 1661 2079 laudari
1678 2057 1757 2085 atqtte
1773 2053 1840 2079 cele-

1066 2096 1149 2122 brari.
1389 2099 1396 2111 '

1361 2153 1474 2182 CAPUT
1495 2154 1559 2181 LIV.

1067 2211 1217 2245 Prop/retia:
1240 2211 1271 2238 de
1301 2210 1402 2245 objecta
1431 2211 1502 2252 plebe
1530 2211 1661 2243 Iudaica,
1687 2217 1710 2238 et
1736 2213 1838 2245 gentium

1387 2252 1532 2273 υοειιιιοηε.

1104 2291 1207 2326 Quippe
1230 2291 1267 2318 ait
1288 2299 1338 2326 per
1358 2290 1504 2319 Jeremiam
1525 2291 1597 2319 Deus
1619 2300 1627 2320 :
1651 2302 1660 2317 ι
1687 2292 1757 2319 Dabo
1774 2293 1836 2319 rubi.~

1068 2341 1193 2370 pastores
1205 2336 1279 2370 juxta
1297 2343 1344 2363 cor
1358 2344 1456 2369 meum,
1471 2342 1497 2365 ω
1512 2341 1621 2370 poscent
1637 2344 1685 2364 vos
1701 2338 1803 2364 scicntia
1815 2345 1836 2363 «ιι

1069 2381 1192 2407 doctrina
1204 2380 1236 2407 ιθ.
1257 2389 1266 2405 ι
1285 2379 1316 2406 Ει
1331 2388 1378 2414 per
1394 2381 1507 2407 Isaiam:
1524 2391 1533 2407 ‹
1548 2381 1622 2408 Dabo
1641 2382 1769 2414 principes
1786 2387 1835 2408 tuos

1068 2427 1094 2454 in
1112 2434 1188 2461 pace,
1201 2432 1228 2453 et
1245 2427 1387 2461 episcopos
1406 2433 1466 2454 tuos
1481 2427 1507 2454 in
1522 2427 1672 2461 jnstitia“.
1691 2437 1701 2452 ι
1720 2427 1833 2453 Rursum-

1067 2479 1119 2505 qne
1133 2472 1166 2498 de
1179 2471 1354 2499 credentibus
1368 2471 1468 2498 Judwis
1483 2479 1490 2498 :
1510 2480 1518 2496 ι
1539 2470 1612 2498 Vivet
1629 2471 1655 2497 in
1672 2472 1745 2497 bonis
1759 2472 1834 2498 anima

1069 2519 1169 2545 vestra,
1183 2519 1210 2540 et
1225 2514 1389 2541 constituant
1406 2515 1482 2541 vobis
1500 2519 1689 2542 testamentttm
1707 2521 1832 2542 aeternum.

1067 2564 1161 2586 sancta
1182 2559 1266 2586 David
1286 2560 1373 2586 ﬁdelia
1383 2560 1416 2587 ει.
1439 2569 1448 2586 ι
1472 2560 1542 2586 Idem
1560 2560 1657 2587 iterum
1677 2569 1684 2586 :
1706 2569 1715 2585 ι
1735 2561 1832 2592 Qua-rilr

1069 2605 1227 2636 Dominum,
1251 2611 1277 2632 et
1300 2606 1326 2632 in
1353 2606 1512 2632 inveniendo
1537 2606 1659 2632 invocato
1685 2613 1761 2638 eum;
1781 2607 1831 2639 quia

1073 2651 1184 2677 multum
1207 2651 1320 2677 dimittet
1343 2656 1452 2684 peccata
1472 2655 1570 2677 vestra.
1586 2650 1677 2684 Neque
1697 2651 1764 2677 enim
1780 2656 1829 2677 sum

1438 2741 1458 2756 ⁵³
1476 2741 1567 2767 Matth.
1586 2748 1647 2771 xxv,
1664 2740 1706 2766 5i.
1746 2738 1763 2753 ⁵⁵
1777 2739 1827 2764 ibid.

1479 2777 1500 2791 ⁵⁵
1517 2775 1581 2802 an.
1600 2783 1646 2804 xit.
1662 2775 1686 2801 9.
1725 2771 1827 2805 “Ich.

1479 2818 1511 2836 i2.
1526 2818 1568 2836 ιγ.
1585 2810 1626 2836 l7.
1665 2810 1685 2825 ⁵³
1702 2810 1749 2836 Isa.
1762 2808 1825 2836 Lv.t.‘.

1714 2821 1749 2836 su.
1762 2821 1825 2840 LV,\..

1191 2778 1213 2792 ⁵³
1228 2777 1320 2802 Matth.
1336 2784 1382 2805 vn.
1396 2777 1440 2802 ‘25.

1135 2813 1158 2828 Μ’
1172 2811 1269 2838 .lrretn.
1290 2819 1329 2842 tu,
1346 2811 1386 2839 t5.
1426 2812 1447 2827 ⁵ο
1463 2811 1511 2837 lsa.
1525 2818 1568 2843 ιλ,
1585 2810 1626 2837 t7.
