1955 3080
103 76 169 108 893

631 84 827 115 DIALOGUS
842 84 998 116 CONTRA
1015 85 1180 116 JUD/EOS.

1695 86 1750 119 sat
1779 62 1784 67 ’

107 135 298 170 cogitationes
315 144 393 171 ntere,
410 137 482 166 sicut
497 139 675 174 cogitationes
689 145 802 175 vestrae;
821 149 909 177 neque
923 144 947 173 Α
961 150 993 170 eo
1020 143 1164 178 portabilis
1190 142 1324 178 primitias
1356 145 1383 172 et
1407 136 1659 172 sacrificia’vestra
1670 144 1705 178 7',
1735 150 1745 168 ι

106 182 166 209 via
190 187 300 214 vestras,
321 183 371 210 vim
395 190 478 217 meat,
501 184 565 212 dicit
591 185 732 215 Dominus.
759 187 812 213 Sz-d
839 187 910 214 sicut

109 229 203 256 distat
228 228 326 256 caelum
352 236 368 256 a
393 234 480 263 terra,
499 230 539 258 sic
563 231 647 259 distat
667 232 711 259 via
737 240 795 259 mea
821 240 835 259 a
860 233 912 260 viis

114 274 234 307 vestris,
249 279 277 302 et
292 274 470 310 cogitationes
485 284 551 305 mete
567 284 582 304 a
597 277 724 305 cordibus
738 278 877 309 vestris“.
897 287 907 304 ι

114 319 153 346 Et
170 327 276 348 rursum
294 328 302 347 :
320 329 330 346 ‹
350 320 413 348 Haec
428 321 495 348 dicit
507 322 639 351 Dominus
658 332 666 351 :
684 323 824 352 Custodite
837 324 912 358 judi-

111 366 205 398 cium,
219 370 247 394 et
264 365 344 394 facite
357 366 504 402 justitiam,
520 369 582 403 quia
597 369 673 404 juxta
692 375 732 397 est
749 369 821 397 salus
838 377 910 397 mea.

111 410 221 438 Domus
253 418 314 438 mea
344 412 442 441 domus
471 414 603 442 orationis
634 415 775 442 vocabitur
805 415 910 444 cunctis

109 457 223 491 populis
231 457 265 485 ".
282 467 292 484 ι

155 514 195 542 De
210 515 278 550 legis
291 522 357 543 vero
373 515 551 551 abrogatione
565 517 660 544 Ossam
676 518 836 553 prophetam
851 525 911 546 mo-

110 560 178 587 nuit
195 560 278 594 Deus,
294 561 320 589 in
338 562 408 590 banc
423 562 585 590 sententiam
604 571 611 590 :
635 572 645 590 ι
666 563 750 596 Vade,
766 572 842 592 sume
859 565 909 593 tibi

113 615 232 634 uxorem
254 607 481 642 fornicationum;
506 613 533 637 et
556 609 599 638 fac
622 609 668 638 tibi
693 610 763 638 ﬁlios
786 610 909 638 fornica-

115 651 237 684 tionum,
252 652 315 687 quia
332 653 473 682 fornicans
489 654 668 682 fornicabitur
684 655 861 692 (Syuagoga).
876 656 910 684 Et

115 697 195 729 abiit,
209 702 237 724 et
252 699 356 732 accepit
371 699 473 727 Gomer
488 700 571 728 filiam
587 701 723 729 Debelaim
743 710 750 730 :
769 708 795 730 et
808 709 910 731 conce~

117 744 171 779 pit,
186 749 212 771 et
228 746 332 779 peperit
344 747 368 773 ei
384 747 466 774 ﬁlium
483 756 491 775 :
505 752 533 775 et
547 747 615 776 dixit
631 748 761 775 Dominus
775 749 808 775 ad
822 756 885 776 eum
902 759 909 777 :

119 791 197 818 Voca
213 799 312 818 nomen
330 791 388 826 ejus
403 791 526 820 .lezrahcl
545 804 552 821 :
573 794 699 827 quoniam
717 793 805 821 adhuc
823 793 909 821 modi-

117 842 195 868 cum,
211 840 239 862 et
257 835 374 863 ulciscar
396 838 555 872 sanguinem
577 836 682 865 Jezrael
702 845 783 873 super
803 837 912 865 domum

118 880 190 907 Juda
211 890 219 908 :
237 885 264 909 et
281 882 333 909 crit
350 882 378 910 in
397 883 440 910 die
458 883 514 917 illa,
528 883 668 918 quiescere
686 883 782 911 faciam
801 892 913 919 regnum

122 926 224 955 domus
242 927 326 955 Israel
350 937 357 955 :
378 934 405 956 et
424 933 563 956 conteram
584 936 677 957 arcum
697 928 781 957 Israel
801 929 828 956 in
847 929 915 956 valle

119 971 273 1001 Jezrael“.
301 983 311 1000 ι
339 973 445 1002 Jezrael
469 979 558 1002 autem
586 975 658 1003 ultor
683 975 814 1004 redditur.
843 984 853 1001 ε
880 975 913 1003 Et

120 1020 252 1054 concepit
269 1020 367 1053 adhuc,
382 1024 407 1047 et
425 1021 530 1056 peperit
543 1021 637 1054 ﬁliam,
651 1025 679 1049 et
692 1021 761 1048 dixit
773 1022 798 1049 ei
818 1030 825 1049 :
840 1021 913 1050 Voca

121 1073 220 1095 nomen
236 1065 295 1100 ejus
318 1066 428 1099 Absque
458 1067 662 1095 misericordia:
675 1068 735 1102 quia
751 1076 802 1095 nou
819 1068 913 1096 addam

122 1110 196 1137 ultra
211 1110 335 1138 misereri
350 1111 440 1139 domui
455 1111 549 1145 Israel,
563 1113 609 1140 sed
625 1113 772 1140 adversans
787 1114 914 1141 adversa-

123 1156 177 1183 bor
192 1156 228 1184 ei.
244 1157 278 1183 Et
293 1157 440 1185 ablactavit
453 1166 524 1192 eam,
539 1166 598 1193 quae
612 1163 668 1186 erat
684 1159 792 1194 Absque
809 1160 914 1187 miseri-

124 1201 236 1234 cordia;
254 1206 280 1228 et
295 1201 418 1237 concepit
432 1202 519 1230 adhuc
535 1208 561 1230 et
575 1204 678 1238 peperit
690 1204 787 1232 ﬁlium.
801 1205 834 1233 Et
847 1205 915 1232 dixit

122 1246 195 1273 Deus
212 1256 219 1274 :
235 1247 307 1274 Voca
338 1256 434 1275 nomen
461 1248 520 1283 ejus
547 1248 603 1276 Non
620 1249 734 1284 populus
747 1258 836 1284 tneus;
852 1251 914 1285 quia

122 1300 173 1319 vos
198 1300 251 1319 non
278 1293 392 1327 populus
417 1301 504 1327 meus,
523 1300 550 1322 et
573 1303 622 1330 ego
646 1303 698 1323 non
725 1303 773 1324 ero
793 1297 914 1324 vester“

124 1338 230 1372 (Deus).
248 1347 257 1364 ι
282 1338 357 1365 ldetn
381 1339 413 1366 de
433 1339 573 1375 Synagoga
593 1350 600 1368 :
623 1349 631 1366 t
652 1340 775 1370 .ludicate
800 1347 913 1370 matrem

123 1388 256 1415 vestram,
269 1383 390 1418 judicate
406 1393 413 1411 :
430 1386 557 1419 quoniam
575 1387 634 1421 ipsa
651 1395 703 1415 non
719 1396 787 1416 uxor
802 1397 874 1423 mea,
888 1396 915 1417 et

125 1437 176 1464 ego
199 1437 252 1456 non
269 1430 310 1457 vir
327 1429 385 1464 ejus
397 1431 430 1458 “.
451 1440 460 1457 ι
482 1432 594 1467 Aliaque
615 1441 669 1460 non
689 1441 774 1468 pauca
796 1436 846 1463 sub
867 1436 914 1464 Dei

962 189 1117 218 Salomonis
1138 188 1267 224 templum
1289 196 1400 224 prorsus
1420 189 1549 218 innuens.
1563 189 1597 217 At
1615 189 1662 218 ubi
1677 198 1750 219 nunc

962 234 1042 262 hodie
1071 234 1201 270 templum
1227 234 1312 262 illud?
1337 235 1383 262 ubi
1411 235 1571 271 pontiﬁces?
1594 236 1751 264 sacerdotes

963 281 1029 308 ubi?
1047 281 1091 308 ubi
1109 280 1155 315 qui
1172 280 1329 308 sacerdotes
1349 285 1450 316 ungant
1464 285 1492 310 et
1508 282 1686 317 inaugurent!
1703 281 1751 310 ubi

961 335 1045 356 cornu
1066 326 1137 355 olei?
1154 326 1219 360 Quae
1234 326 1277 354 lex
1295 325 1414 354 Massica
1432 326 1561 361 profanos
1579 328 1704 363 permisit
1721 328 1748 354 in

961 374 1118 401 sacerdotes
1146 372 1320 406 consecrari,
1345 372 1482 407 illegitime
1512 378 1589 400 extra
1621 374 1749 409 templum

963 418 1242 455 Hierosolymitanum
1255 419 1282 446 in
1294 419 1482 447 communibus
1494 419 1596 447 aedibus
1607 420 1752 448 collectos?

962 464 1074 492 Habetis
1094 472 1158 493 ecce
1177 464 1290 500 proiecti
1312 465 1458 493 sacerdotii
1479 470 1648 500 argumenta.
1663 466 1753 498 Quare

961 509 986 537 si
1011 510 1137 538 sacerdos
1161 517 1214 537 non
1239 515 1298 543 est,
1315 516 1410 538 omnes
1432 509 1514 544 igitur
1535 508 1622 537 Judaei
1645 510 1752 537 adulte-

961 560 1066 588 rantur,
1085 560 1166 590 atque
1187 563 1220 583 ex
1242 555 1376 582 adulterio
1400 559 1558 588 nascuntur,
1576 562 1639 589 ergo
1661 555 1749 588 spurii

960 607 1070 634 omnes,
1089 606 1117 628 at
1138 601 1247 636 spurius
1270 608 1304 628 ex
1325 600 1384 635 lege
1405 600 1488 628 Mosis
1511 601 1543 628 ad
1567 601 1751 628 saeerdotiutu

961 653 1014 674 non
1038 646 1191 674 asciscitur.
1209 646 1241 674 Et
1257 647 1359 682 alioqui
1374 647 1502 674 sacerdos
1519 647 1598 682 plane
1615 647 1716 674 dicitur
1732 654 1747 673 a

961 693 1046 720 sacris
1070 692 1214 725 faciundis,
1232 693 1259 721 id
1282 697 1334 726 est,
1351 692 1514 720 mactandis.
1533 693 1581 720 Sin
1607 693 1694 720 hostia
1720 696 1749 718 et

961 746 1038 766 saera
1058 745 1112 766 non
1133 738 1202 771 sint,
1219 745 1269 766 nec
1287 738 1416 766 sacerdos
1434 738 1542 773 quidem
1563 742 1616 768 est.
1639 737 1692 765 nisi
1709 736 1754 772 qui

962 784 1030 813 falso
1049 785 1178 812 sacerdos
1196 785 1248 812 dici
1267 784 1397 820 postulet.
1412 783 1505 819 Itaque
1521 784 1543 812 si
1562 783 1644 816 Oziae,
1660 791 1755 818 quam-

968 831 1009 858 vis
1034 831 1107 866 regie
1130 829 1253 864 inuncto,
1270 829 1437 858 thuribulum
1460 829 1588 857 tractanti
1610 830 1680 857 Deus
1702 837 1754 856 tton

968 876 1133 911 pepercit",
1147 880 1251 902 tantum
1266 874 1338 910 quod
1353 874 1530 902 sacerdotalis
1544 882 1596 902 non
1612 878 1694 906 esset,
1707 873 1755 901 sed

968 927 994 950 ct
1008 922 1109 957 lcpram
1129 922 1252 954 immisit,
1266 926 1294 949 et
1308 920 1465 956 propltetias
1480 928 1513 948 eo
1529 920 1674 955 superstite
1689 927 1755 947 cort-

969 969 1063 1002 tinuit;
1081 977 1140 1004 quae
1157 974 1313 1004 quantaque
1329 968 1400 996 mala
1417 975 1465 996 eos
1481 975 1534 995 non
1552 971 1694 998 maneant,
1710 966 1754 1001 qui

968 1022 1108 1042 sacrorum
1145 1019 1277 1047 exsortes,
1296 1014 1322 1041 in
1347 1021 1424 1041 sacra
1447 1012 1585 1045 invadant,
1603 1017 1630 1040 et
1653 1011 1755 1038 Pascha

969 1064 1049 1096 atque
1073 1061 1140 1088 festa
1164 1063 1268 1096 agitare
1290 1065 1367 1088 extra
1391 1059 1663 1095 Hierosolytnitanum
1685 1063 1754 1085 tem-

968 1104 1040 1140 plum
1059 1105 1205 1139 inccptcnt,
1224 1105 1309 1140 legem
1325 1105 1462 1134 custodire
1478 1105 1512 1140 (si
1531 1103 1636 1139 superis
1654 1103 1752 1137 placet)

968 1150 1075 1178 interim
1091 1159 1121 1178 se
1132 1151 1280 1186 jactantes?

1003 1207 1064 1235 .lun.
1080 1208 1208 1242 Ereptum
1226 1207 1305 1236 nobis
1318 1207 1487 1243 pontiﬁcium
1501 1207 1578 1242 juxta
1593 1213 1626 1235 ac
1643 1213 1753 1241 regnum

968 1253 1140 1286 conﬁtemur,
1157 1254 1212 1287 jam
1239 1254 1301 1281 inde
1325 1254 1359 1282 ab
1384 1261 1417 1281 eo
1441 1259 1577 1288 tempore,
1596 1261 1650 1288 quo
1674 1253 1755 1280 tantis

969 1307 1096 1334 urgemur
1118 1300 1197 1327 malis
1218 1308 1232 1325 a
1254 1299 1317 1327 Tito
1338 1298 1521 1326 Romanorum
1544 1300 1666 1333 principe
1689 1297 1755 1325 sub-

969 1348 1037 1380 acti;
1052 1351 1078 1375 et
1093 1347 1205 1375 omnino
1224 1347 1340 1374 fortasse
1356 1350 1413 1379 est,
1430 1352 1460 1374 ut
1477 1353 1526 1374 nos
1548 1345 1614 1380 legis
1631 1345 1756 1372 custodes

970 1393 1120 1428 decipiant,
1138 1401 1170 1420 ne
1185 1393 1362 1428 prmrogativa
1378 1392 1488 1420 honoris
1502 1391 1686 1420 deturbentttr.
1702 1390 1754 1417 Sed

969 1446 1088 1470 oramus,
1103 1444 1128 1466 et
1145 1439 1248 1467 Christi
1268 1439 1398 1474 supplicia
1422 1439 1499 1466 nobis
1519 1438 1650 1469 edissere,
1666 1441 1692 1463 ct
1708 1435 1754 1470 qui

127 1482 242 1509 persona
268 1475 410 1509 iracunda,
427 1477 554 1511 propheta
583 1477 737 1512 denuntiat,
765 1481 843 1514 quale
865 1482 916 1509 hoc
929 1488 952 1518 α
969 1484 1002 1511 de
1023 1485 1076 1516 Itis,
1090 1484 1176 1519 deque
1195 1484 1254 1518 ejus
1274 1483 1476 1512 resurrectione
1493 1483 1675 1510 vaticinentur
1689 1488 1755 1516 pro-

127 1524 171 1546 est
188 1529 194 1547 :
213 1529 223 1546 ι
240 1520 289 1547 Vir
302 1529 355 1549 non
371 1522 443 1549 eruit
454 1530 513 1549 eam
527 1523 560 1550 de
574 1531 653 1551 manu
669 1532 725 1552 utea
746 1534 752 1552 :
769 1530 795 1552 et
808 1534 918 1554 cessare

129 1565 228 1594 faciam
256 1576 335 1596 omne
362 1569 487 1604 gaudium
516 1570 591 1603 ejus,
617 1571 815 1600 solemnitatem
843 1563 916 1608 ejus,

128 1613 298 1640 neontcniant
324 1615 397 1648 ejus,
417 1614 564 1649 Sabbatutn
591 1617 663 1650 ejus,
683 1622 709 1643 et
732 1619 824 1646 omnia
849 1620 917 1648 festa

130 1664 252 1692 tempora
278 1659 337 1694 ejus
363 1669 369 1687 :
395 1665 421 1688 et
445 1661 560 1688 visitabo
585 1670 666 1698 super
685 1671 743 1691 eam
766 1665 823 1693 dies
843 1666 917 1693 Ban-

129 1703 217 1731 littt".
239 1713 247 1730 t

164 1761 197 1787 Et
209 1761 242 1788 de
256 1762 405 1790 incredulis
415 1762 516 1791 Iudaeis
527 1764 651 1792 Christus
666 1774 673 1793 :
691 1775 700 1792 t
717 1766 818 1795 Mittam
833 1775 917 1802 super

129 1815 176 1834 cos
190 1811 247 1834 rete
264 1815 351 1834 mettm
371 1816 380 1835 :
397 1813 426 1835 ut
443 1809 564 1837 volatilia
583 1811 656 1843 εαξη,
670 1812 811 1840 detraham
822 1801 891 1842 illos
907 1823 914 1842 :

132 1851 278 1885 corripiatn
292 1859 338 1879 eos
353 1853 378 1879 in
394 1854 484 1881 audita
497 1855 678 1884 tribulationis
693 1865 797 1886 eorutn.
808 1859 853 1886 Vae
865 1861 914 1893 eis,

131 1897 257 1930 quoniam
274 1898 428 1926 resilierunt
442 1907 456 1926 a
470 1907 525 1928 me.
537 1901 686 1930 Meticulosi
703 1909 774 1937 sunt,
788 1906 915 1939 qttoniatn

128 1942 210 1979 impie
230 1950 344 1979 egerunt
365 1945 391 1972 in
412 1954 465 1974 me.
481 1947 537 1982 Ego
560 1956 623 1976 vero
646 1951 746 1977 redemi
767 1959 813 1978 eos
836 1960 842 1978 :
865 1952 914 1986 ipsi

129 1998 193 2018 vero
222 1991 301 2018 locuti
333 1996 395 2020 sunt
419 1999 512 2020 contra
541 2001 584 2022 me
609 1997 747 2023 mendacia
773 2005 781 2023 :
812 2001 839 2024 et
862 2006 914 2025 non

129 2036 315 2063 clamaverunt
330 2038 363 2065 ad
381 2045 424 2065 me
441 2039 524 2066 corda
538 2048 633 2068 eorum
650 2050 657 2074 ;
674 2042 720 2068 sed
736 2042 804 2068 mala
821 2048 915 2070 contra

131 2090 172 2109 me
189 2083 395 2117 cogitaverunt:
411 2085 511 2112 idcirco
528 2086 668 2114 tradentur
681 2087 706 2113 in
722 2087 888 2122 gentibus“.
902 2098 911 2114 ι

130 2129 213 2155 Amos
240 2129 295 2156 haec
323 2130 441 2157 minatur
463 2139 471 2159 ε
503 2141 512 2157 ‹
544 2131 613 2159 Ecce
642 2133 774 2160 mandabo
799 2141 864 2167 ego,
888 2139 916 2160 ct

133 2173 285 2199 concutiant
302 2174 326 2200 itt
340 2174 466 2202 omnibus
481 2175 606 2209 gentibus
621 2175 728 2203 domuut
745 2176 836 2208 lsraei,
849 2177 918 2203 sicut

131 2220 282 2246 concutitur
297 2220 415 2247 triticum
432 2220 458 2248 iu
476 2222 565 2248 cribro
583 2230 591 2248 :
607 2226 634 2249 et
648 2229 699 2249 non
716 2223 794 2249 cadet
810 2223 916 2257 lapillus

131 2272 210 2298 super
223 2269 332 2292 terram.
346 2265 372 2292 In
386 2266 473 2300 gladio
487 2268 635 2294 morientur
646 2275 744 2295 omnes
762 2273 916 2302 peccatores

133 2309 221 2343 populi
242 2311 292 2338 mei
303 2311 335 2338 ".
353 2321 362 2337 ι
382 2311 490 2339 Davidis
505 2320 612 2348 quoque
628 2313 684 2340 haec
700 2313 834 2341 Sententia
851 2317 892 2341 est
909 2323 915 2340 :

133 2366 142 2381 ι
163 2356 330 2384 Sacerdotes
351 2358 388 2384 tui
408 2359 555 2386 induentttr
570 2359 710 2393 justitiam,
729 2366 754 2386 et
771 2360 858 2387 sancti
877 2361 914 2387 ttti

131 2401 348 2430 etsuitstbttnt".
367 2412 376 2429 ι
393 2404 421 2431 ld
436 2405 506 2437 quod
522 2405 553 2432 de
568 2405 689 2440 gentium
704 2405 824 2432 Ecclesia
837 2406 915 2438 (Ιιχῐι,

131 2452 158 2473 ttt
172 2447 302 2475 futurutn.
318 2448 384 2475 Nam
400 2450 422 2476 si
437 2449 470 2476 de
485 2448 625 2485 Synagoga
643 2460 650 2478 ε
669 2460 679 2477 ι
698 2451 786 2478 lndttti
803 2456 873 2482 sunt.
890 2457 916 2479 et

131 2494 276 2525 exsultant,
294 2503 303 2519 ι
321 2494 422 2521 dictum
439 2496 593 2529 oportebat.

164 2537 222 2564 .latu
249 2546 327 2571 vero,
346 2539 389 2565 ubi
415 2547 486 2566 nunc
509 2539 662 2567 Iudaeorum
689 2548 733 2568 res
757 2541 862 2572 divina,
884 2550 915 2569 ac

132 2583 238 2610 lbatio?
254 2584 390 2618 Siquidem
409 2585 629 2618 Deuteronomio,
644 2586 709 2613 Mosi
725 2587 796 2614 Deus
813 2596 915 2621 prmce-

143 2631 167 2654 Ili.
183 2637 189 2655 :
209 2639 218 2654 ι
235 2629 289 2655 Non
305 2628 388 2657 facies
403 2630 487 2657 altare
502 2631 528 2657 in
545 2632 617 2658 omtti
636 2633 704 2664 loco,
718 2641 803 2666 neque
820 2633 915 2660 alien:-

132 2675 164 2700 tis
181 2675 326 2706 sacriﬁcia;
343 2676 389 2702 sed
408 2676 432 2702 itt
453 2676 510 2702 loco
528 2684 605 2710 quem
626 2677 737 2711 elegerit
755 2678 883 2705 Dominus
903 2689 909 2705 ε

431 2764 452 2778 ⁶³
470 2765 516 2790 [ιιι.
534 2772 586 2796 t.\'t,
602 2765 627 2794 1,
642 2765 667 2791 7.

337 2800 358 2814 δ’
375 2800 455 2826 Amo:
477 2807 514 2831 ts,
528 2799 554 2825 9.

167 2765 188 2780 δ’
215 2771 243 2790 sa
268 2771 311 2797 er,
329 2764 353 2795 7,
368 2765 393 2789 ὃ.

133 2807 180 2830 ut,
199 2798 239 2830 1'2,
259 2799 297 2826 li.
337 2800 358 2814 δ’
375 2800 455 2826 Amo:
477 2807 514 2831 ts,
528 2799 554 2825 9.
593 2800 614 2814 7"
631 2799 702 2826 Paul.
720 2808 811 2832 cum,
825 2801 850 2828 9.

705 2765 728 2780 “
743 2765 804 2791 Ose.
820 2773 839 2794 ι,
854 2766 909 2793 1-5.
926 2768 947 2782 ⁵⁵
963 2767 1028 2794 ibid.
1041 2768 1097 2794 (5-9.
1126 2769 1147 2783 ⁵⁵
1166 2768 1234 2794 Osee.
1250 2777 1278 2799 ll,
1297 2769 1338 2794 Η).

889 2802 910 2817 ⁷⁸
924 2802 1001 2828 Deut.
1020 2810 1067 2835 liti,
1082 2802 1126 2829 27.

969 1530 1068 1565 pheta.

1269 1595 1382 1624 CAPUT
1401 1595 1457 1624 LV.

1006 1664 1155 1698 Propltett'a:
1171 1664 1201 1691 de
1217 1663 1315 1691 Clit-isti
1328 1669 1410 1690 morte
1425 1668 1502 1697 atque
1519 1663 1715 1690 resurrectione.

1005 1721 1117 1749 Cunts'r.
1134 1720 1280 1748 Sciendum
1296 1721 1322 1747 in
1340 1719 1436 1755 primis
1454 1724 1504 1751 est,
1523 1720 1593 1753 quod
1611 1727 1682 1754 satpe
1698 1719 1752 1752 jant

969 1766 1106 1799 diximus,
1130 1771 1256 1794 naturam
1274 1766 1391 1793 divinam
1408 1772 1564 1800 oppressum
1583 1765 1724 1799 tyrannide
1740 1773 1754 1791 a

969 1810 1077 1838 diabolo
1090 1811 1183 1838 videre
1197 1817 1273 1837 suum
1288 1811 1444 1845 figmentum
1463 1809 1661 1843 non'potuisse,
1674 1809 1756 1844 igitur

968 1856 1056 1882 visum
1080 1859 1121 1882 est
1143 1854 1229 1886 Patri,
1248 1859 1278 1881 ut
1299 1862 1364 1881 suus
1389 1854 1439 1880 sibi
1456 1853 1617 1887 Uuigenitus
1639 1854 1754 1880 animant

969 1904 1050 1934 atque
1072 1907 1169 1934 corpus
1193 1907 1224 1927 ex
1248 1907 1354 1933 semper
1370 1899 1479 1932 Virgine
1496 1898 1578 1925 Maria
1596 1898 1755 1932 susciperet,

969 1947 1175 1980 impertuutattts
1193 1951 1273 1979 atque
1289 1945 1457 1977 inconfusus,
1476 1945 1598 1979 citraque
1616 1948 1755 1978 peccatum

968 1992 1104 2026 perfeettts
1137 1991 1217 2018 homo
1247 1990 1341 2022 ﬁeret,
1371 1998 1424 2017 tton
1461 1990 1560 2016 antisso
1591 1989 1662 2023 quod
1696 1994 1755 2015 erat

969 2037 1105 2072 (videlicet
1117 2036 1315 2071 immutabilis),
1328 2036 1375 2063 sed
1390 2039 1529 2070 assumpto
1542 2035 1612 2070 quod
1630 2041 1682 2060 non
1697 2039 1755 2061 erat

970 2087 1075 2118 (utpote
1098 2072 1254 2117 humanus),
1269 2089 1323 2115 quo
1341 2089 1388 2115 per
1407 2085 1530 2108 naturam
1549 2084 1669 2108 nostram
1689 2080 1755 2106 mori

971 2133 1073 2163 posset,
1087 2132 1114 2155 et
1129 2135 1177 2161 per
1192 2127 1355 2154 ineﬁ‘abilcm
1371 2126 1669 2162 ct'incomprchensam
1687 2126 1755 2153 divi-

934 2167 956 2195 Ι)
971 2176 1095 2205 nitatem,
1109 2181 1202 2200 omnes
1219 2174 1382 2204 viviﬁcaret,
1397 2177 1477 2206 atque
1493 2180 1507 2198 a
1525 2172 1623 2199 diaboli
1642 2172 1755 2198 nexibus

970 2222 1130 2249 absolveret.
1145 2220 1212 2247 Natu
1227 2225 1255 2247 et
1269 2220 1321 2246 vivi
1337 2227 1385 2252 per
1402 2219 1461 2253 ejus
1474 2226 1508 2245 ex
1525 2217 1637 2252 Virgine
1652 2223 1754 2249 ortum,

970 2273 1024 2292 non
1047 2265 1148 2300 peccati
1173 2264 1262 2292 solum
1284 2263 1464 2298 chirographo
1488 2263 1606 2294 liberati,
1623 2264 1668 2289 sed
1689 2263 1754 2289 ado-

970 2311 1062 2345 ptione
1088 2311 1168 2337 etiam
1195 2314 1259 2337 sunt
1282 2308 1384 2341 affecti,
1402 2313 1429 2336 et
1454 2312 1620 2335 mortuorum
1647 2308 1755 2340 animm,

972 2363 1032 2390 quae
1050 2355 1120 2390 apud
1138 2354 1240 2382 inferos
1257 2354 1429 2385 tcttebantur,
1443 2360 1490 2388 per
1507 2354 1566 2388 ejus
1582 2354 1755 2381 resurrectio-

971 2408 1049 2433 nem,
1067 2408 1082 2428 e
1106 2393 1202 2427 diaboli
1227 2401 1352 2427 manilius
1376 2401 1490 2434 clapsm,
1509 2407 1621 2435 regnum
1645 2399 1755 2427 cmlcste

971 2447 1157 2474 obtinuerunt.
1174 2446 1206 2473 Ut
1227 2447 1298 2473 ettint
1320 2447 1372 2474 duo
1393 2451 1457 2473 sunt
1475 2450 1562 2478 ortus,
1578 2446 1618 2473 sic
1640 2447 1753 2473 duorum

971 2493 1054 2525 salus,
1071 2493 1204 2525 vivorum,
1222 2493 1342 2527 inquam,
1360 2500 1392 2519 ac
1413 2496 1590 2524 mortuorum,
1609 2497 1753 2526 procurata

968 2544 1020 2566 est.
1036 2539 1099 2567 llaec
1114 2539 1247 2573 passionis
1264 2539 1412 2566 necessitas
1429 2538 1495 2571 fuit;
1514 2546 1575 2565 nam
1594 2539 1645 2566 nisi
1664 2539 1753 2573 paSsio

968 2585 1074 2617 fuisset,
1088 2593 1160 2612 tttors
1175 2589 1265 2612 secula
1284 2593 1335 2612 non
1350 2590 1432 2616 esset,
1447 2592 1506 2620 quae
1520 2585 1542 2612 si
1560 2585 1630 2612 haud
1647 2585 1753 2612 evenis-

968 2636 1019 2664 set,
1035 2632 1187 2658 humanitas
1204 2633 1292 2657 omnis
1307 2639 1337 2658 ex
1353 2632 1450 2658 diaboli
1468 2636 1600 2666 potestate
1616 2631 1682 2666 eripi
1699 2639 1750 2658 non

966 2683 1081 2712 poterat.
1099 2678 1237 2712 Siquidem
1257 2683 1284 2704 ut
1301 2683 1440 2712 peccatum
1457 2679 1540 2705 veteri
1560 2679 1663 2706 Adatuo
1679 2678 1750 2713 juste

1378 2770 1398 2785 ⁵⁷
1417 2769 1481 2795 Ηήιί.
1499 2769 1601 2801 11,15.

1167 2804 1189 2818 ⁷³
1207 2802 1228 2829 ll
1244 2803 1331 2830 Paral.
1350 2812 1422 2836 xxvi,
1438 2805 1470 2831 16
1486 2812 1560 2839 seqq.

1641 2771 1663 2786 (⁷⁸
1682 2769 1750 2797 05M)
