1955 3080
205 120 258 152 895

783 116 994 147 ANDRONICI
1012 116 1185 147 COMNENI

1786 115 1860 147 896

206 178 324 199 mortem
337 173 470 200 concivit:
487 172 522 199 ita
536 177 562 199 ct
575 178 642 199 novo
654 170 767 202 Adamo,
778 170 878 198 insonti
892 177 924 197 ac
936 170 995 197 sine
1009 173 1029 199 A
1047 171 1122 198 ribus
1144 171 1214 198 misit
1236 177 1288 203 me,
1305 161 1402 198 sanare
1423 171 1553 198 contritus
1574 171 1669 204 corde,
1682 171 1860 206 praedicare

207 219 292 250 vitio,
312 219 429 252 irrogata
458 224 531 245 mors
551 217 624 252 juste
648 216 759 243 admissi
781 216 994 250 chirographum

210 264 346 290 dissolvit.
363 264 455 297 Itaque
478 263 608 296 benignus
632 262 677 289 ille
703 261 783 294 Dens,
799 263 832 288 de
855 261 994 287 hominum

206 309 291 335 salute
313 316 419 342 semper
436 308 580 338 sollicitus.
597 315 650 334 non
681 313 810 334 aeternam
835 309 912 333 modo
929 306 991 333 nni-

210 354 292 388 gnniti
311 354 371 381 Filii
389 362 420 381 ex
439 358 515 381 utero
533 360 595 381 ante
611 354 765 381 Luciferum
780 353 994 388 generationem,

208 407 255 433 per
279 401 424 434 prophetas
450 401 559 434 pranliei
583 408 614 427 ac
637 399 768 434 divulgari
795 399 923 430 indulsit,
947 399 994 425 sed

207 446 289 471 ctiam
315 447 542 480 quemadmodum
568 453 682 480 corpore
702 454 734 472 ex
757 453 863 480 semper
886 445 996 479 Virgine

209 491 292 517 Maria
316 497 472 526 assumpto,
490 493 557 519 duas
580 497 690 518 naturas
715 491 830 524 unierit,
848 492 996 525 miracula,

208 536 359 569 ingressum
375 538 508 565 illustrem
521 543 546 564 et
562 538 707 565 adventum
721 537 934 573 Hierosolymam
949 546 996 565 su-

209 591 258 616 prr
275 583 359 610 asina:
377 583 462 617 pullo,
478 583 669 618 proditionem,
686 583 858 618 supplicium.
876 591 996 617 crucem,

209 629 375 662 sepulturam
386 649 393 661 ,
409 630 645 656 resurrectionem
657 650 664 662 ,
690 629 839 657 inferorum
866 630 995 664 direptio—

211 682 284 706 tn-nt,
300 675 393 701 mortis
408 675 557 707 interitum,
573 675 598 702 ili
616 676 698 703 caelos
714 683 868 708 ascensum,
881 675 997 709 denique

211 725 226 743 δ
244 709 346 745 ιιέιιτὶε
361 727 532 752 consessum;
549 725 578 746 nt
591 720 616 746 in
634 727 686 754 quo
701 720 758 748 haec
771 720 860 746 omnia
877 720 995 754 perfecta

208 764 348 797 videretis,
361 773 422 792 enm
445 765 611 799 unigenitum
627 774 688 794 esse
703 766 748 793 Dei
763 766 861 794 Filium
878 767 996 799 seiretis,

209 810 255 844 qui
279 815 305 837 et
327 810 383 845 jam
407 813 522 844 venerit,
540 817 566 840 et
590 821 696 840 rursum
722 813 838 848 gloriose
862 813 997 840 rediturus

209 857 255 887 sit,
272 856 317 884 Dei
335 857 455 890 nomine,
473 858 562 885 Patris
577 859 692 892 scilicet,
704 859 773 886 vivis
788 865 869 893 atque
883 859 996 886 mortuis

209 900 300 933 index,
314 902 384 928 idem
400 902 527 930 Dominus
541 908 567 930 et
580 908 740 938 prtepotens,
752 908 779 930 et
794 903 862 936 Rex,
873 909 899 931 et
914 905 994 937 Deus,

209 945 350 973 divinitate
366 951 448 981 atque
464 955 545 982 regno
561 948 640 975 tinent
655 949 802 976 nesciente.

246 991 330 1025 igitur
352 998 435 1019 testes
455 1000 560 1025 eorum,
577 1002 636 1028 qua:
659 995 785 1028 diximus,
800 996 946 1029 prophetas
968 997 995 1024 in

210 1037 329 1064 medium
352 1038 535 1066 conferamus.
561 1040 598 1066 De
621 1041 761 1068 immensis
784 1040 886 1068 Christi
912 1043 995 1069 mira-

211 1082 280 1108 culis
302 1083 375 1110 velut
399 1084 425 1110 iu
451 1089 607 1113 transcursu
628 1086 728 1113 clamat
751 1087 832 1115 Isaias
855 1095 861 1113 :
888 1097 898 1113 ι
921 1088 998 1115 Tunc

215 1128 372 1161 aperientur
385 1130 455 1156 oculi
471 1138 614 1164 eiecerunt,
630 1137 656 1158 et
672 1139 750 1158 aures
763 1133 904 1160 surdorum
921 1140 997 1168 pate-

211 1174 278 1201 buut
299 1183 307 1202 :
332 1180 396 1203 tttnc
417 1177 496 1204 saliet
516 1178 584 1204 sicut
605 1186 702 1205 cerrus
719 1179 842 1210 claudus,
859 1185 885 1207 et
905 1186 997 1214 aperta

213 1220 265 1246 erit
278 1220 368 1255 lingua
385 1223 562 1250 mutarunt”.
580 1231 588 1248 ι
605 1238 640 1244 -
656 1233 665 1249 ι
683 1224 761 1255 Tum,
782 1234 792 1250 ι
810 1225 857 1257 ait,
873 1227 999 1260 quando?

213 1265 293 1299 Cum,
309 1271 338 1293 ut
355 1267 464 1295 Davidis
483 1269 564 1296 verba
583 1268 673 1296 ferunt
691 1278 699 1296 :
721 1280 730 1295 α
752 1270 857 1298 Veritas
873 1271 907 1298 de
927 1276 998 1299 terra

213 1316 272 1339 orta
297 1312 394 1345 fuerit,
412 1318 439 1340 et
458 1313 562 1347 iustitia
585 1315 618 1342 de
640 1316 717 1342 cmlis
742 1318 958 1351 prospexerit";
986 1327 996 1344 ι

213 1355 331 1389 δεὶῐὶοδι,
348 1358 418 1385 Deus
432 1359 514 1386 homo
527 1358 616 1391 Iesus,
633 1365 662 1387 ut
677 1361 729 1388 alio
745 1362 804 1389 loco
819 1363 888 1389 idem
903 1364 1001 1397 praedi-

214 1409 258 1431 cat
272 1413 280 1431 :
300 1413 309 1429 α
327 1403 436 1431 Orictur
452 1405 479 1431 in
495 1405 589 1432 diebus
605 1406 664 1440 eius
677 1407 780 1441 iustitia
795 1413 822 1435 et
834 1410 998 1437 abundantia

214 1449 332 1483 pacis".
359 1458 370 1474 ι
397 1449 483 1484 Ergo,
505 1458 566 1477 cum
592 1457 622 1477 ex
649 1451 757 1479 Davndis
780 1454 928 1485 sententia,
953 1455 998 1482 Dei

213 1494 333 1526 "ustitia,
353 1494 507 1529 nnigenitus
527 1496 586 1530 ejus
618 1497 718 1529 Filius,
734 1505 750 1525 e
771 1498 848 1526 ctelis
871 1500 999 1532 exsistet.

216 1545 272 1567 tum
293 1545 319 1567 et
343 1540 449 1568 Veritas
472 1549 487 1568 e
514 1547 584 1568 terra
607 1543 724 1576 orictttr,
744 1544 769 1570 id
793 1549 850 1576 est,
865 1545 998 1574 divinitati

215 1586 288 1612 unita
314 1588 505 1621 ptrVeamdem
530 1588 696 1623 hypostasim
722 1598 801 1623 caro,
819 1596 848 1618 ut
873 1592 999 1620 universa

215 1636 305 1656 vatum
324 1632 453 1665 pnesagia
472 1632 497 1658 in
516 1632 603 1660 lucent
622 1633 808 1667 proferantur,
825 1641 900 1663 certo
920 1641 1001 1671 atque

216 1676 356 1710 explorate
372 1677 504 1711 completa
518 1685 549 1705 ac
564 1678 695 1713 perfecta.
708 1678 775 1706 Nam
792 1685 821 1706 ut
836 1681 934 1709 visibili
951 1683 1002 1710 hoc

216 1721 328 1749 lucifero
343 1728 448 1754 exorto,
463 1723 553 1750 omnia
570 1725 597 1750 in
615 1725 734 1752 tenebris
751 1729 854 1753 occulta
870 1727 1001 1762 detegun-

218 1773 271 1800 tnr,
287 1767 327 1795 sic
343 1768 456 1802 jnstitite
477 1769 539 1796 Sole
559 1770 666 1797 coalitus
683 1766 824 1806 degresso,
839 1777 937 1800 cuneta
957 1774 1001 1801 illa

218 1819 308 1840 vatum
331 1814 451 1841 involuta
476 1816 545 1842 dicta
566 1816 642 1843 fuere
663 1817 807 1851 illustrata,
823 1824 850 1846 et
873 1824 1001 1854 tanquam

215 1867 294 1886 suum
311 1865 410 1887 statum
427 1861 561 1894 praedicta:
574 1862 696 1889 veritatis
710 1870 838 1897 accepere
851 1864 920 1899 (1M).

254 1905 281 1931 Id
298 1906 364 1932 adeo
381 1906 462 1933 David
480 1906 506 1933 in
521 1906 578 1933 Ittec
592 1907 673 1933 verba
693 1917 700 1935 :
723 1918 732 1933 ε
750 1909 853 1935 Etenim
873 1910 1002 1937 Dontinus

219 1951 292 1978 dabit
321 1952 523 1986 benignitatem.
553 1961 563 1977 ι
595 1952 680 1979 Porro
712 1953 816 1980 Domini
846 1954 1001 1989 benignitas

219 1997 329 2023 omnino
349 1997 504 2031 unigenilus
524 1999 617 2024 aeterni
638 1998 726 2025 Patris
749 1998 832 2026 Filius
853 2005 892 2027 est
915 2009 922 2027 :
947 2010 956 2026 ι
976 2007 1002 2028 et

220 2048 292 2068 terra
306 2048 400 2069 nostra
415 2042 489 2069 dabit
504 2043 620 2070 fructum
635 2045 753 2072 suum”.
773 2054 782 2070 I
798 2046 970 2078 Assumptutn
986 2055 1001 2074 a

219 2088 288 2116 Filio
309 2096 340 2114 ex
363 2088 434 2115 lutea
456 2096 487 2115 ac
508 2089 630 2116 terrestri
652 2094 745 2117 natura
766 2098 865 2125 corpus
886 2093 1001 2120 fructum

218 2135 293 2164 edet,
321 2133 452 2160 luculenta
481 2135 606 2162 miracula
637 2144 644 2161 :
677 2144 685 2160 I
715 2135 822 2163 Justitia
850 2143 913 2165 ante
940 2147 999 2166 etnn

1047 218 1162 252 captivis
1182 217 1380 247 remissionem.
1395 221 1419 243 et
1436 217 1514 244 catcis
1531 217 1617 243 visum
1626 217 1661 244 ".
1681 226 1690 242 ι
1708 216 1789 244 Idem
1812 217 1858 244 de

1047 263 1175 297 apostolis
1191 273 1198 290 :
1216 273 1224 288 ι
1244 263 1271 289 In
1287 263 1381 290 dIt‘IJUS
1396 262 1459 295 illis,
1473 263 1499 288 in
1515 263 1612 297 quibus
1627 262 1857 296 appreltendeitt

1047 311 1139 337 decem
1166 308 1287 336 lto'inines
1313 317 1344 336 ex
1372 309 1498 336 omnibus
1523 308 1621 340 linguis
1646 309 1790 344 gentium,
1820 312 1856 335 et.

1048 356 1253 390 apprehendent
1285 355 1417 381 fimbriam
1451 355 1502 382 viri
1534 354 1638 386 Judmi,
1667 354 1797 382 dieentes
1841 363 1853 381 :

1047 401 1147 428 Ibimus
1169 401 1325 432 vobiscum;
1351 400 1500 426 audivimus
1520 399 1593 427 enim
1613 399 1739 434 quoniam
1763 399 1854 425 Deus

1047 447 1185 474 vobiscum
1209 447 1291 473 est”.
1313 455 1323 471 ›
1348 446 1378 473 Et
1399 446 1458 480 quis
1481 450 1521 473 est
1541 450 1630 472 autem
1654 446 1694 472 vir
1713 445 1852 475 Iudaeus,

1048 493 1098 519 nisi
1117 492 1185 519 Deus
1201 492 1281 519 homo
1295 491 1393 519 Jesusi
1406 497 1498 518 decem
1515 498 1580 518 vero
1595 491 1731 523 homines,
1747 491 1849 518 divini

1048 537 1161 571 apostoli
1177 542 1238 563 sunt
1266 545 1297 564 ac
1312 537 1446 572 discipuli.

1081 583 1143 612 Jun.
1164 583 1195 610 Et
1219 591 1268 610 cur
1289 588 1378 610 autem
1404 591 1455 610 non
1472 583 1540 610 dixit
1560 590 1568 609 :
1587 582 1684 610 Decem
1708 583 1848 610 homines

1047 637 1080 658 ex
1099 629 1218 656 tribubus
1233 629 1332 656 Israel?
1347 630 1394 657 sed
1408 638 1415 656 :
1432 638 1443 655 ι
1463 637 1496 656 ex
1514 629 1638 656 omnibus
1656 629 1753 662 linguis
1769 636 1849 663 gen-

1048 675 1132 702 tium?
1147 685 1156 701 ι
1172 675 1292 710 Apostoli
1305 675 1375 702 enim
1389 682 1481 702 omnes
1496 682 1528 702 ex
1544 674 1665 702 tribubus
1678 673 1846 700 Iudaeorum

1048 727 1136 748 01³3111.

1083 769 1196 796 Cnntsr.
1225 767 1333 796 Scilicet
1364 768 1494 802 praescius
1523 772 1614 799 vates,
1642 767 1780 799 futurum,
1814 770 1848 792 ut

1050 814 1170 848 neglecta
1196 814 1350 841 Iudaeorum
1379 814 1538 848 Synagoga,
1562 819 1699 846 pra-conos
1727 811 1848 838 cunctis

1051 861 1175 896 gentibus
1197 861 1303 891 ﬂerent,
1319 862 1369 887 hoc
1392 865 1494 886 tantum
1516 866 1583 893 opus
1603 858 1720 893 prtetulit
1740 857 1845 884 tribui.

1049 906 1116 933 Nam
1131 905 1356 940 quemadmodum
1373 905 1418 939 qui
1433 904 1510 931 fratri
1530 910 1620 931 semen
1637 902 1759 934 suscitat,
1776 907 1848 935 pro-

1050 952 1103 979 lem
1118 952 1324 986 haudquaquam
1342 958 1419 978 suam
1433 951 1542 984 deputat
1558 957 1565 976 :
1583 956 1669 982 neque
1683 948 1754 974 enim
1772 947 1844 979 sibi,

1050 997 1097 1025 sed
1115 1002 1178 1024 ante
1193 1004 1222 1024 se
1235 996 1312 1023 fratri
1328 996 1439 1031 stirpem
1454 996 1596 1027 inStaurat,
1609 993 1659 1020 etsi
1677 1001 1707 1020 ex
1727 1000 1760 1019 eo
1775 999 1846 1026 pro-

1050 1042 1089 1069 les
1110 1047 1234 1075 suscepta
1251 1049 1304 1067 non
1321 1041 1356 1068 sit
1373 1049 1379 1066 :
1398 1040 1433 1066 ita
1451 1044 1478 1066 ct
1493 1040 1519 1066 in
1543 1038 1672 1074 apostolis
1692 1037 1844 1072 propheta,

1051 1089 1125 1116 illam
1159 1088 1193 1115 ab
1221 1086 1323 1115 ludatis
1355 1087 1478 1120 stirpitus
1511 1085 1642 1120 originem
1672 1091 1721 1118 pro
1751 1083 1844 1110 nihilo

1051 1136 1163 1168 ducens,
1178 1141 1271 1161 eorum
1293 1133 1382 1168 potius
1401 1140 1464 1167 erga
1485 1137 1589 1167 gentes,
1605 1135 1633 1157 ut
1648 1131 1687 1157 sic
1704 1130 1839 1160 dixerim,

1051 1182 1241 1216 paternitatem
1256 1185 1382 1214 tanquam
1400 1179 1533 1205 illustrem
1546 1181 1586 1204 est
1599 1176 1748 1210 amplexus.
1762 1175 1842 1202 Sane

1051 1227 1200 1255 Corinthiis
1223 1226 1363 1255 scribens.
1388 1224 1487 1252 clamat
1513 1223 1612 1250 Paulus
1641 1231 1648 1249 :
1677 1231 1686 1247 ε
1714 1221 1782 1248 Nam
1810 1221 1841 1247 in

1052 1274 1161 1301 Christo
1176 1272 1241 1300 Jesu
1259 1279 1305 1307 per
1323 1270 1495 1305 Evangelium
1517 1277 1567 1302 ego
1587 1276 1633 1296 vos
1654 1267 1745 1303 genui.
1760 1267 1841 1302 Rogo

1052 1327 1116 1354 ergo
1131 1326 1188 1351 vos,
1204 1319 1353 1345 imitatores
1369 1317 1420 1344 mei
1435 1319 1519 1343 estote
1527 1315 1561 1342 “.
1580 1324 1589 1341 ι

1089 1364 1191 1392 Deinde
1211 1372 1264 1390 non
1285 1364 1426 1399 ignorabat
1447 1362 1594 1396 propheta,
1613 1359 1684 1391 fore,
1703 1364 1732 1385 ut
1752 1358 1839 1384 Para-

1053 1408 1114 1435 cleti
1131 1408 1248 1441 Spiritus
1263 1407 1349 1434 sancti
1365 1406 1481 1432 adventu
1507 1409 1533 1431 et
1549 1403 1726 1438 inspiratione
1741 1409 1840 1429 omnes

1053 1455 1174 1481 omnium
1191 1454 1308 1488 gentium
1322 1451 1426 1486 linguas
1441 1455 1522 1485 atque
1534 1449 1704 1484 diSciplinam
1721 1448 1838 1482 apostoli

1057 1506 1166 1534 repente
1181 1498 1280 1530 edocti,
1293 1498 1348 1524 suis
1364 1497 1461 1532 linguis
1475 1504 1568 1524 omnes
1582 1497 1718 1524 erudirenl
1730 1502 1838 1532 gentes.

1086 1544 1146 1571 Jun.
1162 1545 1194 1570 At
1207 1551 1255 1571 cur
1270 1551 1320 1570 non
1335 1542 1474 1570 duodecim
1487 1542 1563 1574 dixitl
1579 1543 1625 1569 Sed
1640 1552 1646 1569 :
1672 1551 1681 1568 ι
1697 1537 1808 1569 decem?
1825 1551 1837 1568 ι

1053 1591 1190 1625 Siquidem
1213 1589 1313 1616 Christi
1330 1588 1466 1624 apostolos
1482 1581 1624 1616 duodecim
1640 1595 1700 1615 esse
1717 1595 1766 1623 pro
1784 1597 1838 1615 nu-

1053 1643 1127 1663 mero
1142 1635 1357 1669 patriarcharum
1373 1634 1525 1661 didicimus.

1087 1681 1199 1708 Cntus'r.
1225 1679 1323 1710 Recte,
1347 1683 1375 1706 et
1399 1683 1428 1705 ut
1456 1686 1505 1713 par
1527 1682 1582 1710 est,
1607 1677 1758 1705 dubitastis.
1784 1677 1838 1704 Sed

1053 1727 1191 1761 explorate
1204 1725 1281 1752 vobis
1297 1725 1439 1752 tenendutn
1453 1729 1494 1752 est
1509 1733 1516 1751 :
1534 1723 1627 1751 Isaiam
1643 1723 1699 1759 (45)
1714 1731 1746 1751 ex
1765 1725 1836 1751 tribu

1051 1773 1191 1807 Beniamin
1220 1775 1247 1799 et
1264 1771 1319 1798 Dan
1336 1770 1466 1797 oriundos
1483 1769 1618 1804 apostolos
1636 1769 1687 1797 hoc
1704 1777 1752 1796 suo
1767 1769 1836 1796 vati-

1053 1820 1124 1848 cinio
1145 1827 1197 1846 non
1218 1818 1378 1853 prodidisse.
1395 1817 1434 1843 Ac
1452 1817 1551 1843 tribum
1569 1816 1676 1850 quidem
1694 1815 1834 1850 Benjatnin

1054 1865 1172 1895 reticuit,
1189 1862 1259 1898 quod
1282 1870 1360 1890 tuens
1379 1861 1505 1888 Salvator
1521 1862 1548 1888 in
1569 1869 1680 1895 corpore
1698 1861 1767 1895 apud
1785 1869 1836 1888 nos

1054 1910 1164 1943 degens,
1181 1915 1228 1942 pro
1249 1915 1278 1934 se
1299 1907 1411 1941 loquens
1431 1915 1473 1939 os,
1487 1913 1612 1940 magnum
1631 1905 1704 1932 illum
1722 1906 1834 1932 Paulum

1053 1961 1106 1981 non
1130 1953 1282 1987 conspexit.
1301 1951 1358 1978 Dan
1380 1959 1444 1979 vero
1465 1951 1562 1978 tribum
1584 1950 1691 1977 silentio
1711 1951 1833 1983 transiit,

1053 2000 1088 2027 ob
1106 1999 1272 2026 nasciturum
1291 2005 1323 2024 ex
1342 2005 1371 2024 ea
1390 1996 1484 2024 Iudam
1506 1997 1680 2032 proditorem,
1698 1997 1734 2023 uti
1757 2005 1833 2024 mens

1053 2046 1137 2073 Deum
1159 2045 1253 2072 videns
1272 2044 1335 2070 olim
1357 2036 1487 2071 divinavit
1506 2043 1532 2069 in
1555 2043 1624 2070 hanc
1645 2043 1803 2069 setttentiatit
1825 2051 1833 2069 :

1056 2101 1066 2116 ι
1087 2091 1145 2118 Fiet
1161 2091 1217 2117 Dan
1233 2090 1343 2117 coluber
1359 2090 1385 2116 iu
1399 2089 1453 2122 via,
1469 2094 1586 2116 cerastes
1601 2089 1627 2115 in
1642 2089 1749 2120 semita,
1765 2097 1835 2115 mor-

1054 2137 1120 2164 dens
1140 2136 1253 2170 nngulas
1271 2136 1348 2170 equi;
1373 2144 1384 2161 ι
1408 2134 1586 2170 corporalem,
1602 2141 1636 2161 eo
1657 2139 1727 2169 typo,
1743 2141 1833 2161 necent

219 2179 382 2212 ambulabit,
399 2188 408 2203 ι
423 2179 448 2206 id
462 2185 500 2206 est
512 2200 519 2212 ,
543 2180 690 2213 immensa,
712 2186 738 2208 et
763 2183 890 2216 opinione
917 2184 1001 2218 major
1014 2187 1041 2216 1)
1056 2181 1131 2208 nobis
1145 2181 1260 2208 innuens
1278 2189 1285 2208 ι
1306 2190 1315 2206 ι
1334 2179 1370 2208 Ut
1383 2181 1460 2207 cadat
1474 2187 1602 2207 ascensor
1617 2178 1675 2212 ejus
1691 2179 1804 2211 retro",
1822 2188 1831 2204 ι

219 2225 399 2257 Immanitas,t
412 2231 436 2252 et
452 2232 531 2261 ponet
546 2228 571 2254 in
589 2229 628 2253 ria
645 2235 752 2262 gressus
767 2229 881 2263 ejus".i
899 2229 1003 2258 Videtis

218 2278 299 2297 unam
317 2271 342 2298 in
358 2272 460 2298 duabus
477 2273 580 2300 naturis
596 2274 755 2307 personam?
769 2275 819 2302 Per
833 2284 844 2301 ί
861 2277 1001 2304 veritatem

218 2323 244 2343 et
256 2316 388 2351 justitiam
407 2327 416 2343 ι
431 2318 564 2353 Propheta
581 2325 702 2346 ttaluratn
720 2320 863 2347 humanam
877 2322 955 2348 simul
972 2331 1003 2349 ac

218 2363 334 2390 divinam
342 2363 508 2398 signiﬁcans,
518 2373 570 2391 non
580 2365 646 2391 dixit
657 2373 679 2392 :t
693 2365 774 2392 Ponet
786 2368 811 2393 iu
821 2367 874 2398 via,
882 2376 891 2392 ι
901 2367 1004 2395 scilicet

219 2408 420 2440 miraculorum,
431 2418 440 2434 ι
456 2417 565 2442 gressus
578 2417 702 2441 earum,»
715 2412 760 2438 sed
775 2411 801 2438 in
820 2419 871 2439 una
885 2419 1001 2446 persona

221 2462 231 2480 α
247 2462 356 2490 gressus
371 2455 440 2490 ejus.
457 2464 468 2481 ›

257 2502 328 2529 Idem
349 2511 454 2530 rursum
474 2511 482 2529 :
503 2512 511 2529 ι
531 2503 601 2529 Misit
618 2503 731 2530 Verbum
749 2510 838 2535 suum,
854 2508 879 2530 et
896 2505 1002 2532 sanavit

219 2556 266 2575 cos
290 2557 298 2576 ι
321 2553 346 2576 et
365 2549 463 2583 eripuit
483 2557 531 2576 eos
553 2550 586 2576 de
607 2548 806 2576 interitionibus
827 2557 922 2576 eorum
931 2550 965 2576 ⁷⁸.
988 2558 999 2576 ι

221 2595 304 2622 Isaias
325 2603 390 2623 vero
408 2596 508 2623 clamat
529 2605 536 2623 ε
560 2605 569 2621 ι
590 2595 709 2629 Spiritus
728 2595 832 2622 Domini
852 2603 933 2630 super
949 2604 1002 2629 me,

219 2649 252 2669 eo
268 2641 339 2676 quod
356 2642 461 2669 unxerit
479 2642 607 2668 Dominus
623 2648 676 2668 tne.
692 2640 883 2675 Evangelizarc
900 2649 1002 2676 paupe—

257 2731 280 2747 ⁷⁸
295 2731 347 2758 lsa.
361 2739 442 2763 xxxv,
456 2732 482 2759 5.
521 2733 543 2749 "
556 2731 626 2759 Psal.
644 2741 753 2764 uutv,
768 2732 810 2760 I2.

849 2733 873 2749 "'
887 2732 958 2760 Psal.
972 2740 1045 2765 Lxxt,
1063 2732 1089 2759 7.

1056 2228 1196 2254 divinitate
1213 2227 1338 2254 allectum
1356 2234 1453 2260 corpus
1466 2226 1492 2253 in
1509 2232 1603 2253 recens
1616 2224 1723 2259 Iosephi
1740 2233 1832 2251 tuonu-

1056 2279 1174 2301 mentum
1192 2273 1303 2300 salutem
1321 2276 1482 2306 exspectans
1499 2272 1620 2305 Domini;
1639 2271 1764 2298 nitnirum
1786 2271 1832 2298 tri-

1056 2320 1171 2347 duauam
1188 2319 1424 2346 τθδιιῐι-ρειῑοηεηι.

1091 2365 1167 2398 Quod
1185 2372 1250 2391 vero
1264 2372 1356 2392 omnes
1374 2364 1482 2391 Christo
1495 2363 1582 2392 obitas
1603 2363 1753 2390 functiones
1773 2370 1832 2396 pro-

1056 2411 1143 2445 phetae
1161 2411 1318 2442 nuntiarint,
1336 2410 1450 2437 ostendit
1470 2410 1521 2437 mei
1539 2410 1689 2437 Servaloris
1706 2408 1830 2435 Hieroso-

1057 2458 1155 2493 lymam
1181 2458 1322 2490 adventus,
1340 2458 1373 2484 de
1395 2465 1449 2492 quo
1470 2457 1588 2483 omnium
1611 2457 1734 2491 princeps
1758 2455 1831 2481 Israel

1056 2504 1093 2531 ait
1106 2513 1113 2533 :
1130 2514 1138 2530 ι
1155 2504 1274 2539 Alligans
1285 2504 1317 2531 ad
1331 2506 1410 2531 vitem
1423 2504 1525 2531 asinam
1538 2511 1626 2535 suam,
1636 2508 1662 2529 et
1675 2502 1708 2529 ad
1725 2501 1830 2528 ltelieeut

1057 2549 1158 2585 pullum
1173 2550 1256 2577 asinae
1268 2550 1368 2578 sua”.
1386 2560 1396 2575 ι

1093 2596 1206 2628 Videtis,
1223 2602 1252 2623 nt
1266 2597 1394 2631 abrogata
1411 2597 1468 2631 lege
1485 2596 1702 2631 propagationem
1719 2594 1830 2628 gentium

1056 2643 1189 2678 propheta
1203 2643 1355 2676 significet?
1370 2642 1436 2669 Nam
1450 2650 1511 2670 cum
1526 2642 1601 2671 dicit.
1623 2651 1632 2667 ι
1647 2641 1752 2668 asinum
1764 2638 1805 2666 viti
1820 2648 1829 2664 ι

1459 2732 1480 2747 ⁷⁷
1496 2731 1560 2757 ibid.
1578 2730 1621 2757 Η.

1127 2733 1150 2748 ⁷⁸
1166 2731 1238 2759 Psal.
1253 2739 1362 2762 Luxtv.
1379 2732 1422 2759 l3.
1459 2732 1480 2747 ⁷⁷
1496 2731 1560 2757 ibid.
1578 2730 1621 2757 Η.
1659 2730 1681 2746 ⁷⁸
1695 2728 1766 2757 Ρεςιι.
1781 2736 1830 2761 crt,

221 2766 267 2792 20.
305 2766 327 2781 ⁷¹
343 2766 396 2793 Isa.
412 2775 467 2799 ωλι,
482 2767 507 2794 l.
546 2767 569 2783 ⁸⁸
585 2766 700 2795 Zachar.
716 2775 777 2802 vttt,
793 2768 838 2796 25.
877 2768 899 2784 δι
915 2767 923 2794 l
940 2768 1005 2795 Cor.
1021 2776 1057 2800 tv,
1073 2767 1117 2800 I5,
1133 2767 1176 2794 I6.
1214 2767 1236 2782 “
1251 2767 1319 2794 Gen.
1336 2774 1409 2800 nix,
1426 2766 1469 2794 I7.
1507 2766 1530 2806 ν
1546 2765 1611 2793 ibid.
1628 2765 1671 2793 II.

262 2821 318 2857 (Η)
342 2823 575 2859 Ἀποκᾳτάστασιν
587 2823 693 2852 ἔλαϐον.

1094 2824 1321 2859 (ἀωῖιδςιῃηνὶληιι.
