1955 3080
110 170 164 201 891

111 271 290 298 stabilitatem
306 276 396 304 notat;
411 279 498 305 neque
509 272 581 299 enim
596 272 662 307 legis
673 273 814 307 disciplina
829 274 902 300 orbis

112 322 248 345 terrarum
264 316 480 349 administratur,
492 317 540 344 sed
555 316 648 345 ludam
663 319 762 349 Solum,
774 318 901 352 exiguum

111 363 173 397 ejus
193 367 371 397 segmentum.
388 361 422 388 At
434 370 496 389 cum
519 363 578 390 ait:
609 372 619 389 ἰ
643 363 725 390 asina:
745 363 846 397 pulhmt
870 364 903 390 ad

112 407 227 435 belic‘em
248 407 321 439 vilis,
341 417 350 433 I
377 415 423 434 seu
445 408 479 434 ad
503 408 613 435 brachia
637 408 744 440 vitium,
759 413 901 441 a-ternum,

112 461 146 481 ac
168 454 298 486 sublime,
316 459 344 481 et
369 459 424 481 toto
448 454 514 481 orbe
538 460 712 490 pervagatum
738 457 903 488 prtecouiuut

112 500 248 535 designat,
261 499 392 534 siquidem
408 499 486 527 helici
503 508 550 528 seu
563 501 659 527 vitium
673 501 793 528 brachiis
806 501 904 528 similis

111 550 158 574 est
171 546 216 573 illa
233 546 307 573 orbis
322 545 476 573 conversio.
492 546 531 573 Ac
547 546 579 573 de
594 546 636 573 his
650 546 780 574 Servatur
794 554 904 581 quoque

111 592 149 620 ad
164 590 336 628 Synagogam
354 592 511 626 respiciens,
527 599 607 626 quam
626 593 710 619 asinae
725 595 902 626 comparavit,

112 645 164 672 per
190 637 398 665 similitmlinem
432 641 547 665 testatur
577 646 584 664 :
617 647 628 663 ‹
660 636 746 666 llonto
775 638 905 672 plantavit

114 684 234 718 vineam,
253 693 262 709 ι
280 687 308 711 et
323 691 383 718 qua:
397 689 549 718 sequuntur
557 683 581 699 ⁸⁸

152 752 193 779 Ad
212 751 316 787 pullum
334 759 398 780 vero
419 752 543 787 loquens,
557 753 602 787 qui
620 757 662 779 est
677 759 763 780 novus
779 753 902 787 populus,

113 799 154 826 ait
175 808 183 825 :
206 808 216 824 ι
237 798 294 834 Ego
314 805 375 825 sum
395 799 468 830 vltis,
484 806 532 826 vos
553 799 679 833 palmites
700 807 707 825 :
730 798 810 826 Pater
827 806 903 826 tnens

113 843 234 878 agricola
258 849 300 871 est
321 844 356 870 ".
385 853 395 869 ι
422 842 450 870 Id
472 844 541 871 adeo
563 851 655 870 verum
679 851 755 876 esse,
772 843 903 878 majorum
921 851 941 878 Β

114 894 267 916 vestrorum
283 896 440 924 responsum
452 887 706 916 demonstrat.Nam
721 897 737 916 a
752 889 806 917 Deo
820 890 903 916 inter-

114 935 202 970 rogati
222 944 229 962 :
251 944 261 960 ‹
284 935 349 962 Cum
366 935 469 962 venerit
488 935 617 962 Dominus
631 935 726 967 vincat,
742 936 805 970 quid
822 935 903 963 faciet

113 981 242 1015 agricolis
265 980 335 1008 illis?
355 981 438 1008 Aiunt
458 980 495 1007 illi
517 990 525 1009 :
549 979 634 1008 Malos
655 977 726 1008 male
746 981 853 1016 perdet;
875 985 902 1008 et

114 1027 223 1052 vincam
241 1033 317 1052 suam
337 1026 436 1053 locabit
453 1026 515 1053 aliis
535 1026 673 1061 agricolis.
687 1027 733 1061 qui
751 1028 861 1055 reddent
877 1028 902 1056 ei

113 1071 233 1099 fructum
263 1072 430 1106 temporibus
458 1071 560 1099 suis".
589 1081 599 1098 ι
627 1072 771 1107 Sophonia:
794 1081 902 1108 quoque

114 1118 173 1144 tunc
184 1121 247 1144 sunt
264 1117 366 1144 verba:
389 1126 398 1142 ε
419 1115 523 1149 Gaude,
541 1116 595 1144 tilia
613 1116 689 1151 Sion,
702 1118 830 1152 praedica,
848 1119 902 1146 lilia

113 1163 276 1195 Jerusalem,
292 1162 408 1195 exsulta,
424 1167 452 1189 et
471 1162 606 1190 delectare
625 1162 658 1190 de
679 1166 735 1190 toto
747 1164 828 1191 corde
843 1168 899 1198 ttto,

115 1209 170 1235 tilia
187 1208 349 1236 Jerusalem.
367 1208 488 1236 Abstulit
505 1207 637 1236 Dominus
655 1208 811 1243 iniquitates
829 1214 901 1243 tuas,

113 1255 229 1282 redemit
246 1259 274 1281 te
290 1255 324 1281 de
342 1261 422 1282 manu
441 1253 615 1282 inimicorum
637 1257 758 1288 tuorum,
776 1255 902 1290 regnabit

113 1299 248 1328 Dominus
264 1301 290 1328 in
304 1300 391 1328 medio
406 1299 487 1327 tui".
507 1309 517 1326 ι

149 1369 295 1396 Zacharias
310 1368 384 1396 addit
397 1377 420 1396 :t
438 1368 530 1396 Gaude
544 1369 729 1402 vehementer,
743 1367 797 1397 lilia
811 1369 892 1402 Sion.

117 1414 245 1449 praedica,
261 1413 313 1440 lilia
326 1412 476 1440 Jerusalem
492 1421 578 1441 :ecce
603 1413 660 1440 Rex
676 1418 738 1441 tuus
764 1415 836 1442 venit
852 1415 901 1443 tibi

111 1460 219 1494 justus,
236 1463 264 1486 et
290 1458 413 1492 salvans,
429 1459 488 1493 ipse
514 1462 686 1488 mansuetus.
701 1463 729 1486 et
751 1459 902 1488 ascendens

637 170 830 201 DlALOGUS
847 170 998 201 CONTRA
1022 170 1186 200 JUlLEOS.

113 225 280 261 (alligatam)
297 225 501 260 temporariam,
514 233 546 252 ac
559 233 627 261 pene
642 227 741 253 nullam
758 226 905 262 Syuagogzn
922 237 943 264 Α

1679 169 1733 198 κίὶδ

1252 227 1365 254 ιζιένυῖ
1385 227 1451 255 LVI.

1128 273 1250 299 Paulum:
1273 275 1404 300 secundus
1426 274 1575 308 rzponitur.

994 317 1048 346 Sed
1065 319 1191 353 quoniam
1207 327 1291 353 super
1305 320 1386 345 asina:
1402 320 1473 353 pullo
1489 321 1638 351 sedentem,
1652 325 1678 345 ct
1695 319 1741 346 Ι)νὶ

955 364 1053 393 Filium
1077 373 1155 396 esse,
1173 370 1202 392 et
1228 366 1310 392 Deum
1333 373 1444 395 verum.
1463 371 1490 392 ct
1514 367 1601 393 omnis
1625 367 1742 394 universi

957 417 1063 444 regem,
1084 411 1207 437 \aticinis
1232 411 1273 437 usi
1299 411 1457 443 sententiis,
1476 413 1657 442 ostendimus,
1677 420 1741 447 age,

958 455 1091 489 supplicia
1104 463 1211 490 quoque
1224 455 1325 482 Christi
1340 456 1563 490 contemplemur,
1572 461 1599 483 et
1612 456 1741 490 ﬂagitiosa

956 500 982 526 in
1001 507 1063 527 eum
1081 500 1192 527 consilia
1211 507 1288 534 teque
1309 508 1323 526 c
1341 504 1432 526 vatum
1453 501 1561 534 scriptis
1583 504 1741 535 comprobe-

956 552 1026 577 tnus.
1038 553 1053 572 a
1069 545 1168 573 Davide
1181 546 1282 573 exorsi.
1295 545 1381 580 Igitur
1393 545 1514 572 futurum
1533 551 1658 581 tanquam
1674 555 1741 582 prae-

955 597 1017 617 sens
1040 591 1225 625 prospiciens.
1242 591 1277 618 ait
1297 591 1430 625 Propheta
1450 599 1457 618 :
1479 601 1489 618 ι
1511 592 1600 625 Quare
1619 592 1740 619 fremue-

956 640 1019 663 runt
1041 641 1149 671 gentes;
1174 642 1204 664 et
1225 638 1317 672 populi
1342 639 1449 672 (gentes
1471 639 1608 666 Romanos
1629 646 1740 669 vui-aus,

957 682 1082 716 populos,
1095 682 1251 709 Juda‘orutn
1268 684 1365 718 tribus)
1384 685 1505 711 meditati
1523 690 1584 711 sunt
1602 685 1709 718 inania?
1728 695 1738 710 ο

955 727 1071 754 Omnino
1096 736 1172 760 sane,
1193 729 1290 762 inquit,
1309 730 1450 756 adversum
1477 730 1616 756 Chtistum
1641 730 1741 757 frustra

955 772 1151 798 tumultuantur
1181 777 1262 807 atque
1283 775 1413 809 cogitant.
1445 784 1455 800 ε
1491 776 1640 802 Astitcruut
1663 783 1741 809 reges

958 823 1036 845 terra:
1057 817 1168 851 (Pilatus
1196 819 1299 846 scilicet
1326 825 1408 854 atque
1442 820 1584 853 Herodes),
1598 826 1625 848 et
1640 822 1741 855 princi-

957 872 1004 898 pes
1018 868 1205 891 convenerunt
1220 864 1247 890 in
1264 872 1362 898 unum;
1384 875 1392 890 ι
1411 865 1551 900 pontiﬁces
1565 874 1598 892 ac
1613 866 1741 893 saretdo—

954 916 1006 943 tes,
1022 911 1133 945 pariter,
1150 910 1241 943 simui,
1257 911 1352 938 eadem
1376 917 1466 939 mente
1486 916 1513 938 et
1529 912 1643 939 consilio
1661 921 1672 938 ε
1689 915 1739 938 ad-

953 963 1048 983 versus
1066 955 1209 983 Dominuut
1237 960 1266 983 et
1283 958 1411 983 adversus
1430 956 1568 984 Christum
1588 957 1658 991 ejus,
1677 966 1686 982 ι
1710 962 1740 984 ut

952 1009 1014 1029 eum
1031 1001 1205 1029 interfit-iant.
1222 1011 1232 1028 t
1253 1002 1443 1036 Dirumpamus
1460 1003 1564 1030 vincula
1580 1010 1694 1035 comm,
1711 1009 1741 1030 et

952 1048 1123 1082 projieiamus
1131 1048 1229 1076 anobis
1239 1048 1333 1083 jugmn
1348 1049 1511 1083 ipsorum":
1529 1058 1539 1074 ι
1558 1054 1739 1077 consentanea

954 1093 1081 1121 Ilosaicis
1096 1095 1176 1122 dictis
1190 1094 1274 1121 David
1288 1094 1422 1129 loquitur;
1438 1102 1500 1121 nam
1517 1100 1547 1121 ut
1559 1095 1605 1122 ille
1617 1096 1650 1122 de
1662 1096 1740 1130 opm.

952 1139 996 1166 cio
1007 1139 1155 1171 disserens,
1165 1147 1247 1166 unam
1261 1140 1427 1166 voluntatem
1443 1138 1493 1166 SS.
1503 1139 1642 1166 Trinitatis
1656 1140 1741 1174 signi-

953 1185 1039 1212 ﬁcans
1056 1184 1142 1219 inquit
1159 1193 1166 1211 :
1188 1193 1197 1210 ι
1219 1183 1362 1211 Faciamus
1383 1184 1519 1211 hominem
1539 1184 1574 1210 ad
1595 1184 1739 1218 imaginem

951 1235 980 1258 et
997 1231 1202 1258 similitudinem
1222 1235 1344 1258 nostram
1352 1231 1394 1264 ’S;
1419 1239 1429 1256 ι
1452 1231 1488 1257 ita
1508 1235 1536 1258 et
1555 1231 1600 1258 hic
1619 1231 1739 1265 gentium

952 1284 985 1303 ac
1002 1276 1161 1311 populorum
1178 1276 1299 1311 cogitata
1314 1281 1342 1303 et
1356 1277 1500 1308 tumultus,
1513 1281 1635 1303 astantes
1652 1283 1739 1309 teges.

952 1323 1114 1357 optimatum
1131 1323 1234 1354 pariter
1246 1327 1421 1354 conventum,
1434 1322 1502 1353 haec,
1516 1321 1637 1355 inquam,
1648 1323 1740 1363 pruni:

951 1367 1053 1395 docens
1068 1367 1232 1399 consentire,
1246 1366 1284 1393 ait
1299 1375 1307 1394 :
1327 1376 1337 1392 ‹
1359 1366 1548 1401 Dirumpamus
1564 1367 1670 1394 vincula
1691 1374 1740 1394 eo-

952 1421 1022 1445 rum,
1037 1418 1065 1440 et
1077 1412 1252 1447 projieiamus
1269 1420 1282 1438 a
1297 1413 1376 1439 nol-is
1387 1412 1480 1447 jugqu
1495 1412 1626 1447 ipsorum.
1643 1422 1653 1438 ι
1668 1413 1739 1445 Quin

951 1464 981 1485 ut
997 1458 1098 1485 clarius
1117 1463 1202 1490 esset,
1218 1463 1300 1491 atque
1317 1458 1438 1492 apertius
1455 1461 1526 1492 quod
1545 1458 1622 1489 dicit,
1637 1459 1711 1485 addit
1727 1470 1736 1486 :

115 1513 200 1540 super
216 1504 383 1538 suhjugalcm
400 1510 427 1532 et
440 1504 542 1538 pulluut
559 1511 657 1530 novum
666 1503 701 1531 “.
718 1513 728 1530 ι
745 1504 832 1539 Atque
845 1506 902 1532 haec
914 1518 938 1549 ο
956 1513 965 1530 t
983 1503 1034 1536 Qui
1050 1505 1154 1531 habitat
1168 1505 1195 1530 in
1211 1504 1298 1536 cmlis,
1316 1513 1326 1529 ο
1343 1505 1426 1531 Pater
1439 1505 1572 1537 videlicet,
1587 1514 1598 1530 ι
1616 1505 1741 1532 irridebit

113 1553 223 1586 quidem
247 1551 393 1578 Zacharias
417 1551 450 1577 ad
473 1549 639 1581 Jerusalem,
657 1550 691 1576 ad
715 1549 812 1577 Filium
834 1558 898 1578 vero

114 1598 198 1625 David
221 1605 229 1624 :
257 1605 268 1623 ι
294 1597 380 1624 Sedes
402 1601 459 1629 tua,
477 1596 556 1627 Deus,
572 1596 599 1623 in
621 1596 749 1623 sarculum
773 1597 863 1625 s:eeuli
888 1605 898 1625 :

112 1644 189 1679 virga
199 1642 365 1674 dircctiouis,
380 1642 453 1676 virga
471 1642 545 1677 regni
563 1641 660 1669 tui".t
680 1642 711 1669 Et
725 1643 758 1669 ad
777 1651 874 1677 pueros
890 1652 897 1671 :

115 1699 126 1716 ι
140 1689 270 1720 Laudato,
278 1689 364 1723 pueri,
377 1688 557 1714 Dominum".
571 1696 581 1712 ι
594 1687 629 1714 At
639 1688 713 1722 pueri
727 1696 735 1715 z
751 1697 760 1714 ε
773 1687 897 1716 Hosatma

113 1735 183 1763 Filio
196 1735 279 1762 David
298 1743 304 1762 :
323 1733 480 1760 benedictus
493 1733 537 1768 qui
555 1734 628 1760 venit
642 1733 668 1760 in
684 1734 792 1761 nomine
807 1734 899 1761 Demi-

115 1782 187 1808 ni".
209 1791 218 1806 ι
245 1781 308 1807 Inde
331 1781 362 1806 ad
384 1779 527 1806 Dominum
547 1778 644 1805 iterum
662 1778 766 1807 Psaltes
784 1779 873 1814 regius
890 1789 898 1807 :

116 1837 128 1854 ι
146 1827 185 1854 Ex
201 1835 248 1854 ore
265 1825 407 1852 infantium
424 1831 451 1852 et
466 1825 620 1851 lactentium
639 1824 775 1858 perfecisti
793 1824 898 1851 lamletn

112 1874 230 1901 tuam".
247 1882 256 1898 ο
272 1871 401 1899 Dominus
415 1872 447 1897 ad
465 1870 592 1905 populutn
609 1878 616 1897 :
634 1879 644 1895 ι
661 1869 747 1897 Sinite
762 1871 897 1904 parvulos,

111 1924 141 1946 et
157 1919 239 1945 nolite
253 1925 300 1945 eos
315 1916 458 1952 prohibt-re
472 1916 504 1943 ad
522 1923 563 1942 me
576 1915 668 1942 venire
677 1915 711 1942 ".
732 1924 741 1941 ι
760 1915 898 1950 Siquidem

113 1963 277 1991 Elisabethtc
305 1969 397 1989 vocem
431 1966 495 1988 sunt
523 1960 626 1993 secuti;
657 1967 721 1986 nam
752 1960 796 1986 illa
825 1960 864 1986 ait
890 1969 897 1987 :

116 2019 126 2036 ι
149 2009 309 2036 Benedictus
325 2008 428 2034 fructus
441 2006 542 2034 ventris
560 2006 638 2033 tui".
659 2014 669 2031 ι
689 2005 720 2033 lli
736 2013 768 2032 ex
786 2014 818 2033 ea
836 2011 900 2034 nato

115 2055 265 2082 arciamant
292 2063 299 2081 :
333 2062 343 2078 ι
374 2052 534 2079 Benedictus
562 2051 607 2086 qui
634 2051 708 2078 venit
734 2052 760 2078 in
790 2052 900 2080 nomine

112 2100 230 2128 Domini.
249 2108 258 2125 ι
281 2098 304 2126 0
325 2103 467 2133 parentum
488 2097 723 2132 ingratitudinetn!
745 2104 762 2123 ο
784 2096 898 2124 filiorum

112 2145 323 2181 gratitudinemi
356 2144 402 2170 lilii
434 2148 521 2170 vestes
555 2149 619 2169 suas
653 2141 861 2169 substernebant
889 2150 898 2169 :

113 2197 242 2227 parentes
258 2191 318 2225 ejus
334 2194 424 2217 vestes
442 2188 639 2224 partiebantur.
656 2186 693 2214 Illi
714 2196 724 2213 ι
743 2187 869 2215 llosanna
887 2197 897 2213 ι
915 2191 941 2221 ι)
954 2188 999 2215 ille
1022 2188 1222 2222 inaspectabilis
1240 2189 1325 2215 factus
1343 2188 1393 2214 fuit
1407 2189 1581 2223 aspectabilis
1603 2199 1611 2216 :

112 2238 265 2269 canebant;
294 2237 320 2263 lii
348 2245 357 2261 ι
385 2234 567 2269 Cruciﬂgatur
593 2243 602 2260 ι
634 2233 796 2261 clamabant.
823 2233 900 2269 Sapit

112 2283 202 2311 infans
221 2287 301 2314 aetas;
321 2286 348 2308 et
365 2281 410 2316 qui
429 2281 528 2307 stultos
547 2287 609 2307 esse
630 2286 729 2314 pueros
754 2279 898 2313 perhibue-

113 2333 192 2361 runt,
214 2327 418 2355 stultescobant.
442 2325 559 2360 Eratque
586 2330 641 2352 tum
670 2324 807 2356 insolens,
833 2328 859 2351 et
882 2331 898 2351 a

112 2381 207 2402 natura
233 2375 384 2401 abhorrens
411 2372 594 2407 spectaculum
620 2371 728 2403 videre,
751 2370 897 2404 lactentes,

111 2425 228 2447 matrum
249 2418 319 2445 ulnis
336 2422 429 2444 vectos
447 2415 575 2448 infantes,
591 2415 653 2442 hinc
673 2414 819 2442 mamillatn
842 2418 898 2441 tra-

110 2472 197 2497 ctare,
212 2465 285 2491 ill‘mc
304 2468 369 2490 nato
386 2470 400 2490 e
419 2462 529 2496 Virgine
549 2461 601 2488 Deo
618 2460 711 2495 palmae
728 2468 819 2487 ramos
835 2469 899 2495 pro-

110 2512 236 2543 tendere;
250 2515 277 2537 et
290 2510 334 2544 qui
350 2509 391 2535 Iac
404 2513 555 2535 maternum
569 2507 718 2538 traherent,
729 2505 897 2533 Dominicum

109 2562 272 2592 praeceptum
291 2555 389 2583 tenello
405 2563 451 2582 ore
468 2553 622 2585 cﬂnndere;
642 2553 799 2587 priusquam
816 2552 897 2578 verba

108 2605 184 2633 effari
207 2609 327 2638 possent,
347 2603 401 2629 Deo
424 2600 506 2628 verbo
529 2599 661 2633 explicate
684 2598 866 2624 acclamantes
886 2604 895 2624 :

110 2661 119 2677 t
150 2650 275 2678 llosanna
297 2649 323 2676 in
345 2647 506 2678 excelsis";
531 2654 540 2670 ι
565 2644 643 2679 quasi
666 2643 796 2674 dicerent,
816 2641 894 2669 Salva

108 2705 170 2731 nos,
184 2697 229 2732 qui
247 2697 274 2722 in
292 2695 353 2722 altis
367 2693 484 2724 habitas,
499 2695 526 2718 ct
539 2689 649 2717 humilia
667 2688 779 2722 respicis
787 2688 820 2714 “.

142 2787 166 2804 ⁸⁸
182 2785 247 2813 Luc.
265 2791 311 2815 xx,
327 2783 358 2815 9;
375 2781 469 2809 Matth.
484 2787 541 2815 ut,
557 2778 608 2815 53._
626 2777 663 2815 _"
677 2776 754 2815 doan.
770 2783 815 2815 xv,
832 2776 859 2804 ί.

107 2811 278 2851 εΙιδτῘιιξνς).
305 2811 339 2834 ’⁸⁹
352 2811 424 2844 l’sal.
438 2823 510 2846 κων,
524 2814 550 2851 ἶ.
579 2813 611 2851 _'_°
626 2812 775 2851 Ps_a_l.ncx_u,
792 2811 817 2838 l.

105 2857 131 2874 ’δ
145 2856 211 2883 an.
228 2863 246 2886 I,
261 2853 305 2880 42.

108 2893 116 2908 ¹
131 2891 205 2920 Paul.
226 2897 305 2920 δην,
320 2888 363 2915 l0.

908 2777 932 2793 ι·
947 2777 1040 2804 Matth.
1055 2784 1112 2809 ut.
1128 2776 1173 2811 to,
1191 2776 1234 2803 tt.

872 2812 894 2828 ἰ
911 2811 1006 2840 Matth.
1035 2820 1090 2844 ut,
1105 2812 1133 2840 9.

344 2853 366 2869 "
383 2852 464 2879 Marc.
480 2858 516 2882 ιι,
531 2850 557 2883 9,
575 2848 618 2876 10.
656 2848 679 2864 ’⁸
692 2846 761 2874 Psal.
778 2854 845 2880 cm,
861 2846 886 2879 ὅ,
903 2847 930 2874 6.

952 1558 998 1577 eos
1013 1559 1020 1576 :
1034 1555 1060 1577 et
1074 1550 1202 1577 Dominus
1216 1550 1392 1578 subsannabit
1405 1558 1414 1580 :
1431 1559 1441 1576 ι
1456 1550 1559 1578 scilicet
1581 1551 1680 1582 Filius,
1691 1551 1740 1586 qui

953 1596 1022 1622 inter
1041 1603 1102 1627 eos,
1119 1603 1168 1623 ceu
1189 1596 1350 1627 damnatus,
1365 1586 1468 1628 astitit,
1486 1596 1597 1623 minime
1630 1598 1739 1624 interim

952 1647 1063 1676 paterno
1085 1642 1146 1668 sinu
1167 1642 1294 1668 extorris.
1313 1651 1322 1668 ‹
1348 1641 1424 1668 ‘l‘unc
1446 1642 1569 1676 loquetur
1587 1642 1621 1669 ad
1641 1650 1690 1669 eos
1711 1643 1738 1670 iu

952 1688 991 1713 ira
1003 1695 1050 1713 sua
1072 1695 1081 1713 :
1094 1691 1127 1713 .ct
1144 1687 1170 1713 in
1188 1687 1277 1714 furore
1296 1694 1346 1715 suo
1364 1687 1534 1714 conturbabit
1550 1694 1607 1714 eos.
1620 1696 1630 1712 ι
1648 1687 1738 1720 Tunc;

952 1733 1080 1768 quando?
1096 1733 1161 1759 Cum
1176 1733 1259 1760 Judex
1275 1733 1426 1765 advenerit,
1441 1733 1568 1760 omnibus
1584 1733 1738 1760 calestihus

953 1779 1038 1814 copiis
1051 1780 1178 1812 stipatus,
1193 1779 1260 1805 vivis
1276 1787 1307 1806 ae
1324 1779 1436 1806 mortuis
1447 1778 1493 1814 jus
1506 1778 1636 1806 dicturus.
1653 1787 1664 1805 ε
1683 1778 1740 1814 Ego

951 1831 1042 1853 autem
1062 1827 1224 1853 constitutus
1244 1833 1303 1851 sum
1325 1824 1380 1852 Rex
1401 1826 1435 1852 ab
1454 1824 1534 1857 eo”;
1559 1834 1569 1850 ι
1591 1825 1678 1852 oratio
1696 1830 1740 1852 est

951 1871 1030 1906 digna
1060 1872 1132 1903 Deo,
1158 1875 1185 1898 et
1213 1871 1307 1905 regia,
1331 1875 1359 1897 et
1384 1869 1484 1897 Christi
1511 1872 1592 1897 etiam
1621 1870 1741 1898 hominis

953 1923 1072 1950 perenne
1092 1916 1209 1942 iunuens
1227 1922 1357 1950 regnum;
1376 1915 1442 1942 dicit
1457 1914 1528 1941 enim
1549 1922 1556 1941 :
1577 1923 1588 1946 ι
1609 1914 1737 1949 licgnabit

954 1960 1083 1987 Dominus
1106 1960 1131 1986 in
1153 1959 1262 1992 lancula,
1281 1959 1350 1985 Deus
1375 1965 1448 1991 tuus,
1472 1959 1548 1987 Sion.
1567 1959 1653 1994 Super
1673 1960 1737 1987 Sion

954 2010 1071 2032 utentem
1098 2010 1220 2032 sanctum
1246 2005 1335 2039 ejns'.
1361 2014 1370 2030 ο
1399 2005 1528 2032 Sanctum
1554 2011 1671 2032 montcut
1695 2006 1730 2032 hit

955 2050 1091 2086 Virginem
1112 2058 1144 2078 ac
1165 2050 1309 2085 Deiparam
1331 2051 1456 2086 intellige.
1473 2051 1507 2078 Ut
1529 2051 1600 2077 cnim
1622 2050 1691 2078 Deus
1709 2056 1736 2078 tn

951 2097 1018 2124 Sina
1040 2097 1206 2124 descemlens
1229 2103 1391 2131 conspectus
1415 2102 1457 2124 est
1483 2104 1498 2123 a
1522 2097 1609 2130 Mosa,
1631 2097 1671 2125 sic
1695 2098 1739 2124 ille

954 2143 1110 2170 incarnatus
1123 2151 1154 2170 ex
1168 2142 1288 2177 Virgine,
1299 2149 1474 2170 conversatus
1487 2147 1528 2170 est
1540 2151 1600 2170 cum
1615 2144 1738 2177 homine;

1635 2198 1644 2215 ε
1666 2189 1739 2217 Prat-

952 2234 1046 2260 dicaus
1072 2237 1238 2268 praeceptum
1265 2233 1388 2264 Domini.
1416 2243 1426 2260 ι
1456 2233 1481 2260 id
1507 2239 1562 2266 cst,
1588 2235 1738 2268 interpres,

953 2283 982 2306 ut
1006 2278 1096 2306 Patris
1123 2279 1256 2306 beneﬁcio
1278 2279 1414 2313 prophetae
1437 2278 1500 2306 olim
1525 2279 1707 2313 prtedixerunt
1730 2287 1739 2308 ε

955 2334 964 2350 ί
992 2324 1121 2352 Dominus
1143 2324 1210 2351 dixit
1235 2324 1267 2350 ad
1296 2332 1353 2356 me;
1381 2332 1391 2362 φ
1416 2324 1462 2358 qui
1487 2324 1553 2350 mihi
1580 2323 1660 2351 Pater
1684 2329 1738 2357 est,

951 2371 1098 2398 secundum
1117 2370 1236 2397 divinam
1253 2376 1395 2402 naturam,
1412 2370 1537 2404 idemque
1553 2369 1624 2397 Deus
1640 2377 1738 2397 secun-

951 2417 1014 2443 dum
1037 2423 1145 2442 carnem
1169 2419 1356 2450 assumptam:
1375 2424 1384 2441 ‹
1402 2415 1484 2442 Filius
1509 2423 1584 2443 meus
1607 2423 1637 2444 es
1660 2420 1706 2447 tu,
1725 2425 1735 2442 ι

951 2461 1130 2489 eharissimus
1162 2465 1225 2488 ante
1255 2460 1354 2488 stccula
1384 2460 1450 2488 citra
1479 2460 1581 2488 ﬂuxum
1613 2461 1678 2488 mihi
1708 2468 1737 2489 es

951 2507 1045 2535 Filius.

990 2562 999 2578 ι
1019 2554 1073 2588 Ego
1090 2553 1170 2580 hodie
1185 2553 1263 2588 genui
1281 2558 1316 2580 te.
1336 2561 1345 2578 ι
1365 2552 1449 2586 Quem
1465 2560 1497 2580 ex
1514 2558 1591 2581 utero
1607 2557 1670 2580 ante
1682 2552 1737 2580 Lu-

951 2598 1063 2625 cifermn
1079 2598 1170 2632 genui,
1185 2598 1316 2625 hodierno
1331 2598 1374 2625 die
1392 2603 1564 2632 corporatum
1581 2605 1612 2625 ex
1630 2597 1735 2632 Virgine

949 2643 1059 2678 prodire
1079 2643 1169 2675 volui;
1192 2650 1279 2677 neque
1301 2643 1372 2670 enim
1397 2643 1466 2670 alius
1487 2643 1575 2670 fuerat
1596 2643 1639 2675 ille
1657 2647 1737 2677 atque

950 2688 1019 2715 alius
1050 2692 1094 2720 tu,
1120 2687 1166 2715 sed
1195 2686 1283 2720 idem,
1310 2695 1379 2714 unus
1409 2694 1441 2714 ex
1469 2687 1571 2714 duabus
1598 2688 1701 2715 uatttris
1726 2709 1731 2714 .

1289 2777 1311 2792 ⁸⁷
1325 2776 1442 2810 δονιιοη,
1456 2783 1498 2806 Ill,
1514 2776 1555 2807 lt,
1572 2777 1614 2804 l5.
1653 2775 1675 2792 "
1687 2775 1736 2803 Za‘

1462 2812 1486 2828 ”
1500 2811 1654 2874 {villulam
1668 2811 1735 2873 τὲ.

1566 2855 1614 2874 sa.
1631 2854 1663 2874 tt.
1694 2861 1703 2865 -
1726 2865 1734 2873 .

1566 2854 1614 2875 sat.
1631 2854 1663 2879 tt,
1678 2854 1734 2873 ι-υ.

1184 2812 1206 2827 ⁹²
1222 2811 1293 2839 Psal.
1309 2818 1367 2844 vui,
1381 2811 1408 2839 5.

979 2847 1001 2863 ³⁷
1015 2847 1087 2875 Psal.
1104 2855 1134 2881 ll,
1151 2847 1206 2875 1-3.
1257 2846 1279 2863 ’⁸
1293 2845 1360 2874 Gen.
1378 2854 1398 2880 t,
1413 2845 1457 2874 26.
