1955 3080
219 163 271 198 889

222 275 303 295 tuam.
322 277 329 292 ι
350 266 423 292 Solet
440 265 522 293 David
541 273 600 300 qua:
619 269 680 292 strnt
695 264 842 299 Uuigeniti.
857 266 890 291 ad
911 264 956 290 Dei
976 271 1007 290 ac

223 314 310 340 Patris
324 312 488 338 voluntatem
505 316 585 346 atque
600 315 759 345 potestatem
774 317 912 341 revocare,
928 317 962 336 ne
975 309 1008 335 ab

224 358 354 393 iruperitis
372 357 426 385 Deo
448 357 601 385 contrarius
619 358 776 384 crederetur
794 366 801 384 :
825 365 834 382 ι
851 355 1010 390 Etposses~

224 406 327 430 sionem
348 409 419 430 luam
439 403 571 430 terminos
587 408 681 436 terra;
703 412 712 428 ι
729 402 773 436 qui
790 409 896 428 sacrum
915 409 1011 427 nomen

224 450 341 476 ferentes
360 454 445 481 tuuru,
460 456 507 484 per
525 453 550 476 te
564 451 669 483 jurcnt.
686 457 695 473 ε
718 447 803 480 Reges
824 454 871 473 eos
894 446 921 473 in
938 447 1011 480 virga

223 495 374 528 ferrea';)
400 500 534 529 ser-pirum
567 502 612 520 seu
642 493 714 528 \irga
751 492 838 519 ferrea
867 492 1014 519 divinitatis

225 540 373 575 potentiam
397 540 541 575 significat.
555 539 620 565 Nam
638 544 779 573 paternum
799 538 849 564 hoc
867 545 915 572 per
931 536 1014 564 Davi-

226 587 284 612 dem
293 586 393 613 dictum
403 586 566 613 confirmans
577 592 651 611 meus
664 585 791 611 Servator
800 584 837 610 ait
847 590 874 610 :r
888 584 944 618 Ego
955 591 1014 610 sum

227 636 319 665 pastor
334 632 428 663 bonrrsI
444 635 471 657 et
486 638 535 665 ego
555 638 671 664 agnoseo
693 638 758 658 oves
773 638 858 662 meas,
873 635 900 658 et
915 638 1014 665 cogno-

227 682 305 704 scunt
320 685 361 704 me
375 685 449 703 mere.
462 677 537 703 Sicut
550 677 622 704 novit
639 685 680 703 me
694 675 784 709 Pater,
795 681 823 703 et
836 684 885 711 ego
899 683 1016 712 agnosco

231 722 336 749 Patrem
352 731 358 750 :
372 729 396 749 et
409 723 525 749 arriruanr
540 730 626 749 meam
640 730 710 756 pono
723 729 771 756 pro
783 723 877 750 ovibus
890 723 957 749 meis
966 722 987 749 '.
1003 731 1012 747 ›

228 784 261 789 -
277 778 285 794 ι
302 769 441 803 Tanquam
455 775 502 796 vas
516 768 587 802 figuli
602 768 756 804 confringes
769 776 825 796 eos.
838 778 847 794 ι
865 768 912 796 llis
925 768 1017 796 verbis

230 820 286 841 tum
305 815 442 842 hominum
460 815 580 842 declarat
595 814 741 850 opificium,
756 814 828 850 quod
844 822 959 850 magnus
976 814 1018 841 ille

230 863 326 896 ﬁgulus
355 863 422 888 Deus
448 861 549 889 cffiuvit
589 869 620 888 ac
650 861 758 889 molitus
788 866 844 895 est;
876 867 930 889 tum
955 869 1019 888 vero

811 160 1024 191 ANDRONICI
1038 158 1211 188 COMNENI

222 234 230 250 ί
259 222 368 250 l‘ostula
394 229 407 247 a
430 226 482 252 me,
503 223 529 245 ct
552 218 621 246 dabo
644 219 692 246 tibi
716 223 810 253 gentes
831 219 1014 245 luereditatern
1031 219 1051 246 Α
1069 220 1148 242 vocat
1166 215 1329 241 horrendam
1349 213 1422 239 illam
1442 211 1603 238 sententiain

1807 153 1869 185 900

1625 219 1632 237 :
1653 219 1662 235 ι
1687 209 1829 237 Discedite
1851 219 1868 238 a

1065 270 1118 294 me,
1136 261 1284 291 maledicti,
1302 259 1327 285 iu
1349 259 1437 293 ignem
1461 263 1601 290 a‘tcrnuru,
1618 259 1663 292 qui
1686 262 1799 292 paratus
1821 262 1869 283 est

1067 307 1174 334 diabolo
1189 311 1215 334 et
1231 306 1334 340 angelis
1351 305 1408 339 ejus
1418 305 1455 337 ”;
1477 313 1486 330 ι
1505 311 1586 338 quam
1604 309 1632 331 et
1646 310 1709 330 ante
1725 303 1869 338 judicium

1065 354 1250 388 unusquisque
1271 353 1424 386 recogitans
1438 371 1446 384 ,
1463 359 1495 378 ac
1516 359 1564 379 sua
1587 352 1671 385 ipsius
1692 351 1870 378 conscientia

1066 401 1164 431 victus,
1174 400 1285 426 horret:
1302 408 1311 424 ‹
1326 398 1401 425 Beati
1412 405 1506 424 omnes
1517 397 1562 432 qui
1574 397 1712 424 conﬁdunt
1725 398 1750 423 in
1763 398 1841 424 eo”.
1855 408 1865 422 ι

1070 445 1206 480 Propheta
1225 444 1371 470 humanam
1390 448 1514 470 naturaru
1531 443 1556 469 in
1573 444 1639 470 duas
1657 445 1774 478 partitus
1792 445 1867 475 vias,

1067 491 1177 517 damnat
1198 490 1368 527 pcrvicaees;
1393 492 1420 516 at
1442 488 1501 522 pios
1527 489 1731 523 morigerosque
1753 489 1866 524 pietati,

1069 537 1223 570 iucorrtrpta
1238 544 1269 561 ac
1283 534 1393 570 perenni
1408 534 1574 561 beatitudine
1589 534 1680 562 afﬁcit.

1104 583 1294 610 Couscntauea
1312 582 1384 608 l’atri
1402 586 1428 608 et
1443 580 1569 608 Salomon
1586 580 1738 607 Judmurum
1757 580 1869 607 scclcn

1073 629 1225 663 publicatis,
1240 629 1277 655 ait
1297 638 1302 654 :
1325 637 1334 653 t
1355 627 1487 654 Dixerunt
1503 627 1653 661 cogitantes
1670 627 1739 660 apud
1759 635 1789 653 se
1809 635 1866 652 non

1071 679 1144 703 recte
1168 683 1175 702 :
1197 673 1392 708 Opprimamus
1412 673 1528 708 justum,
1547 673 1673 706 quoniam
1695 673 1801 698 irrulilis
1825 678 1871 698 est

1072 721 1161 753 nobis,
1177 725 1203 747 et
1218 720 1372 746 contrarius
1389 723 1430 746 est
1444 716 1573 752 operibus
1591 718 1700 747 nostris.
1716 723 1740 745 et
1757 718 1870 753 impro-

1072 772 1149 802 perat
1163 767 1240 793 nobis
1253 770 1364 800 peccata
1380 766 1457 800 legis,
1469 770 1493 792 et
1508 764 1629 792 diffamat
1645 764 1671 790 in
1687 771 1735 791 nos
1749 768 1870 798 peccata

1073 812 1220 847 disciplina:
1232 811 1488 839 uostraa.Prornittit
1498 818 1527 838 se
1539 810 1679 837 scientiam
1693 810 1737 837 Dei
1751 810 1871 839 habere,

1073 864 1100 886 et
1124 858 1220 886 Filium
1247 858 1293 885 Dei
1321 865 1350 885 se
1377 858 1506 884 nominat.
1535 856 1632 883 Factus
1661 860 1702 882 est
1728 856 1809 882 nobis
1841 855 1871 881 in

228 906 381 933 Judat'orum
404 907 617 933 internecionem
636 911 663 934 et
679 907 828 934 interitum.
844 906 909 933 Tam
928 906 1017 939 facile,
1036 899 1055 928 Β
1073 905 1271 932 traductionem
1294 903 1486 938 cogitationum
1515 906 1679 929 nostrarum.
1699 901 1798 928 Gravis
1823 906 1871 927 est

231 952 329 987 inquit,
347 953 469 985 eullides,
488 953 533 986 qui
559 957 584 979 te
609 956 638 979 ut
657 952 781 986 opificem
804 960 835 979 ac
860 953 941 979 Derrru
965 959 1018 978 non

230 1003 403 1029 venerantur.
421 999 467 1025 sed
488 1006 590 1025 rnerurn
613 999 749 1025 hominem
778 1000 892 1031 ducunt,
906 1000 1020 1026 salutari

236 1048 321 1070 morte
345 1049 369 1070 te
391 1044 554 1075 multantes,
568 1051 647 1077 quam
667 1044 763 1078 figulus
781 1044 940 1071 fabricatum
960 1053 973 1071 a
993 1052 1022 1073 se

235 1098 267 1116 ac
295 1090 493 1116 couior'matum
525 1089 616 1117 ﬁctile.
643 1089 678 1117 Ut
702 1090 772 1116 enim
805 1090 938 1124 pecudes,
963 1097 1022 1124 quae

233 1134 350 1168 pastoris
374 1141 466 1160 vocem
491 1138 573 1167 atque
594 1133 701 1160 sibiltrm
726 1138 890 1167 sequuntur,
909 1139 936 1161 ct
958 1135 1022 1161 \‘iri-

234 1180 313 1206 dilurs
339 1184 485 1213 pascuntur
513 1179 623 1211 herbis,
650 1185 678 1206 et
705 1179 899 1214 liquidissirnos
930 1185 1023 1214 potant

236 1225 344 1257 latices;
364 1232 423 1259 quae
439 1232 503 1251 vero
522 1233 535 1252 a
555 1230 662 1259 pastore
679 1225 823 1259 resiliunt,
842 1226 904 1252 feris
927 1226 1024 1260 praeda:

237 1275 316 1302 sunt;
339 1270 376 1296 ita
399 1275 502 1297 traettrs
526 1278 621 1298 ourucs
644 1271 749 1298 cunctis
772 1276 905 1298 terrarum
926 1272 1024 1299 finibus

236 1316 393 1350 quicunque
415 1316 465 1342 mr-i
490 1315 548 1342 Filii
569 1324 661 1344 vocem
685 1317 805 1350 audient,
823 1317 849 1344 in
871 1318 1025 1346 cmlestibus

235 1362 398 1396 REIL‘I'tlisqlle
418 1362 526 1389 sedibus
547 1363 643 1398 degerit
660 1370 692 1390 ac
715 1368 837 1398 pascenl,
852 1369 878 1391 et
896 1364 928 1391 ad
947 1372 1025 1391 secu-

236 1415 283 1434 ras
301 1415 396 1435 amnes
414 1409 575 1436 nutrieutur.
589 1410 624 1435 At
638 1409 681 1443 qtri
698 1409 757 1444 ejus
769 1417 862 1436 vocem
880 1410 1025 1444 negligent,

240 1452 325 1479 attriti
344 1461 375 1479 ac
391 1454 481 1485 deleti,
498 1454 588 1480 infami
606 1453 678 1488 lupo,
694 1454 812 1486 diabolo,
828 1454 1025 1489 relinquentur.

279 1509 288 1524 ι
307 1499 341 1525 Et
356 1506 438 1532 mrrrc,
469 1506 556 1534 teges,
573 1499 743 1535 iutelligite‘.
761 1509 770 1526 i
789 1501 888 1528 Christi
907 1505 1026 1536 potesta-

241 1549 306 1577 tem,
325 1544 564 1578 resurrectionem,
583 1549 663 1579 atque
682 1551 795 1579 regnum
818 1551 880 1573 ante
902 1550 1027 1573 accurate

239 1594 383 1617 exsecutus
397 1589 543 1623 Propheta,
558 1589 706 1624 intelligere
722 1598 752 1617 ea
768 1597 875 1626 quoque
890 1595 1024 1618 terrarum

241 1643 319 1671 rcges
337 1636 413 1670 jubet
428 1643 461 1663 ac
478 1636 613 1663 hortatur.
632 1644 641 1661 ‹
663 1636 815 1663 Erudirrrini
834 1637 878 1671 qui
898 1636 1026 1671 judicans

243 1686 342 1709 terram
359 1691 365 1708 :
384 1690 393 1707 ι
408 1681 624 1716 quandoquidem
639 1681 758 1717 judicum
771 1682 905 1714 Judicem,
916 1683 1026 1709 deorum

244 1727 340 1760 Deum,
357 1733 475 1754 vestrum
495 1735 528 1755 ac
546 1728 628 1755 totius
644 1727 735 1755 mundi
752 1727 852 1763 Regem
869 1728 1028 1755 Dominum-

241 1780 294 1808 que
315 1773 489 1807 exspectatis,
508 1773 604 1800 discite
626 1780 731 1807 omnes,
746 1773 792 1808 qui
809 1773 843 1801 de
862 1774 987 1805 terrenis,
1002 1778 1029 1801 et

241 1825 348 1846 terrena
362 1819 501 1853 iudicatis,
513 1819 645 1853 judicare,
656 1826 687 1846 ac
700 1819 744 1853 jus
756 1823 784 1846 ct
795 1827 901 1853 aequum
915 1819 1004 1847 facere
1020 1829 1027 1847 :

243 1874 253 1891 1
279 1865 304 1892 in
329 1873 382 1900 quo
412 1865 483 1892 enim
502 1864 703 1898 jndicaveritis,
717 1864 903 1898 judicabimini
927 1874 934 1892 :
956 1866 1028 1893 etin

241 1919 293 1945 qua
307 1918 432 1938 mensura
449 1911 535 1938 mensi
548 1910 663 1943 fueritis,
678 1910 836 1937 rernetietur
848 1910 923 1938 vobis
932 1911 953 1937 '.
972 1920 981 1936 ι
994 1926 1029 1931 -

245 1966 255 1982 ι
279 1956 384 1983 Servite
406 1955 519 1984 Domino
541 1956 569 1983 in
591 1957 703 1989 timore,
719 1961 747 1983 et
766 1956 898 1984 exsultate
920 1956 943 1984 ei
967 1964 1027 1985 cum

243 2007 374 2034 tremore;
395 2011 404 2027 ›
425 2002 496 2036 quod
512 2002 534 2029 si
551 2002 643 2030 timide
657 2009 690 2029 ac
703 2002 806 2037 trepide
822 2002 906 2030 Deum
922 2003 1028 2036 coletis,

242 2048 411 2082 postmodum
427 2055 486 2074 cum
500 2054 533 2075 eo
547 2052 678 2075 mternum
694 2048 882 2082 exsultabitis;
899 2056 971 2076 nunc
987 2048 1027 2075 la-

244 2093 359 2128 crymosi
375 2097 499 2121 serentes
513 2102 520 2121 :
537 2099 564 2120 at
578 2098 632 2120 tum
649 2093 713 2120 lauti
727 2098 877 2121 vestrorum
890 2093 1028 2121 fructuum

246 2139 412 2167 millcnarias
428 2140 526 2167 aristas
544 2141 674 2172 messuri,
691 2139 901 2174 comportandas
919 2140 944 2167 in
962 2140 1028 2168 hor-

244 2193 289 2212 rea
303 2185 435 2213 ewlestia.
453 2195 462 2211 ‹
478 2186 680 2221 Apprehendite
694 2185 863 2220 disciplinam
873 2186 895 2218 ⁸,
910 2195 919 2212 ι
935 2185 962 2213 id
976 2190 1027 2217 est.

1074 951 1151 978 nobis
1174 950 1256 978 etiam
1279 950 1313 977 ad
1334 949 1491 981 videndum,
1508 949 1636 983 quoniam
1661 948 1804 975 dissimilis
1828 953 1874 973 est

1073 997 1133 1024 aliis
1156 997 1211 1023 vita
1232 995 1315 1028 illius,
1332 1000 1360 1022 et
1381 996 1531 1022 immutata:
1552 1000 1613 1022 sunt
1636 995 1684 1021 via:
1706 994 1772 1027 ejus.
1789 994 1871 1020 Tarr-

1073 1050 1153 1077 quam
1177 1049 1294 1077 nugaces
1313 1042 1441 1069 aestimati
1465 1049 1560 1068 sumus
1579 1041 1612 1067 ab
1634 1040 1689 1071 illo,
1703 1046 1729 1067 et
1745 1040 1872 1066 abstinet

1074 1097 1104 1117 se
1116 1097 1132 1116 a
1145 1089 1195 1116 viis
1206 1088 1315 1120 nostris,
1328 1092 1455 1122 tanquam
1469 1087 1503 1114 ab
1516 1086 1703 1117 immunditiis,
1716 1091 1741 1112 et
1755 1085 1871 1118 pra~fr-rt

1075 1136 1224 1163 novissima
1241 1135 1387 1170 jtlstorum,
1404 1140 1431 1161 et
1447 1134 1578 1168 gloriatur
1594 1133 1700 1159 Patrem
1718 1140 1746 1159 se
1765 1132 1872 1158 habere

1075 1182 1172 1209 Deum.
1189 1181 1335 1208 Videamus
1350 1187 1416 1214 ergo
1433 1180 1456 1206 si
1474 1186 1613 1207 sermones
1632 1178 1702 1205 illius
1721 1179 1777 1205 veri
1798 1179 1868 1206 sint.

1075 1235 1102 1255 et
1124 1232 1260 1255 tentemns
1279 1234 1339 1260 qua:
1357 1230 1471 1254 ventura
1492 1230 1557 1254 sunt
1579 1225 1628 1252 illi.
1644 1224 1816 1252 Contumelia
1842 1229 1871 1250 ct

1077 1278 1212 1301 tormento
1236 1274 1434 1307 interrogemus
1456 1280 1529 1302 cum.
1547 1277 1576 1298 ut
1596 1271 1713 1298 sciamus
1735 1277 1870 1297 reveren-

1077 1319 1141 1345 tiam
1157 1319 1227 1354 cjus,
1241 1323 1267 1345 et
1279 1319 1423 1352 probemus
1436 1317 1594 1352 patientiam
1610 1317 1690 1344 illius.
1703 1315 1791 1342 Morte
1808 1321 1867 1341 tur-

1077 1365 1189 1399 pissima
1213 1365 1425 1392 condemnemus
1446 1371 1508 1391 eum
1531 1371 1539 1389 :
1561 1363 1613 1390 erit
1632 1363 1703 1389 enim
1725 1367 1868 1396 respectas

1078 1419 1110 1438 ex
1127 1410 1298 1438 sermonibus
1316 1409 1397 1437 illirrs.
1415 1409 1478 1436 il:ec
1496 1409 1696 1443 cogitaverunt,
1711 1413 1736 1434 et
1754 1415 1870 1434 errave—

1078 1460 1140 1484 runt
1159 1465 1166 1483 :
1184 1456 1328 1483 excarcavit
1346 1455 1417 1482 enim
1441 1455 1499 1482 illos
1519 1455 1622 1481 malitia
1644 1461 1747 1481 eorum.
1767 1454 1799 1479 l~.t
1818 1461 1869 1479 ne.-

1078 1502 1200 1529 Scierunt
1215 1506 1387 1528 sacramenta
1403 1500 1465 1533 Dei,
1481 1507 1566 1535 neque
1585 1500 1787 1534 judieaverunt,
1803 1499 1868 1532 quia

1080 1551 1107 1575 lu
1123 1554 1152 1575 es
1167 1547 1238 1574 Deus
1255 1546 1338 1578 solus,
1352 1545 1399 1580 qui
1413 1546 1475 1572 vitae
1492 1551 1519 1572 et
1535 1545 1630 1572 mortis
1647 1544 1730 1571 habes
1747 1550 1869 1578 potesta-

1080 1597 1132 1621 tem
1152 1601 1159 1619 :
1178 1597 1205 1620 et
1221 1592 1308 1620 salvas
1325 1592 1351 1618 in
1372 1596 1492 1626 tempore
1510 1591 1703 1622 tribulationis,
1720 1594 1747 1617 et
1762 1591 1866 1618 liberas

1080 1639 1113 1666 ab
1129 1638 1204 1665 omni
1221 1636 1291 1664 malo
1309 1646 1316 1665 :
1333 1637 1461 1671 quoniam
1480 1636 1540 1671 pius
1554 1641 1582 1663 et
1597 1635 1763 1667 misericors,
1777 1640 1803 1661 et
1820 1635 1868 1662 das

1079 1684 1194 1720 gratiam
1216 1684 1319 1711 sanctis
1340 1683 1405 1715 tuis.
1419 1687 1446 1710 et
1461 1683 1487 1709 in
1506 1681 1619 1709 brachio
1637 1686 1683 1708 tuo
1699 1681 1804 1708 resistis
1821 1688 1868 1708 su-

1079 1729 1171 1763 perbis
1181 1729 1213 1756 “.
1230 1738 1240 1754 ι

1116 1775 1148 1802 Ει
1160 1783 1207 1810 per
1219 1774 1364 1802 Jeremiam
1379 1773 1504 1802 Christus
1518 1773 1639 1808 pradicit
1653 1781 1661 1799 :
1679 1782 1688 1798 ι
1705 1773 1760 1808 Ego
1773 1777 1865 1799 autem

1079 1822 1149 1850 sicut
1164 1829 1249 1856 agnus
1267 1821 1408 1852 innocens,
1422 1819 1519 1846 ductus
1540 1819 1572 1845 ad
1593 1818 1798 1851 immolandum,
1813 1825 1866 1845 nou

1080 1867 1275 1900 cognoscebam
1298 1874 1306 1893 :
1327 1865 1392 1900 quia
1415 1865 1604 1900 cogitaverunt
1624 1871 1706 1899 super
1728 1871 1771 1891 me
1791 1863 1865 1897 cogi-

1082 1914 1211 1946 tationem
1235 1912 1346 1944 malam,
1369 1911 1489 1939 dicentes
1515 1918 1524 1938 :
1547 1909 1657 1942 Vertite,
1678 1915 1705 1937 et
1728 1910 1869 1937 mittamus

1080 1961 1180 1995 lignum
1202 1959 1228 1986 in
1250 1965 1347 1993 partem
1361 1957 1431 1992 ejus,
1446 1961 1475 1983 et
1490 1956 1636 1983 eradamus
1656 1963 1718 1983 eum
1738 1956 1772 1983 de
1795 1959 1867 1983 terra

1080 2004 1245 2036 viventium,
1270 2008 1297 2030 et
1322 2009 1421 2030 nomen
1447 2001 1507 2036 ejus
1533 2010 1586 2029 non
1614 2007 1780 2029 memoretur
1806 2009 1865 2028 ani-

1080 2050 1193 2087 plius”.
1214 2058 1222 2075 ι
1239 2064 1274 2069 -
1291 2058 1299 2074 ι
1319 2048 1433 2084 Lignum
1449 2058 1458 2075 ι
1477 2049 1610 2084 Propheta
1628 2048 1743 2083 appellat
1757 2048 1866 2074 vitalem

1081 2105 1206 2130 crucem;
1227 2106 1236 2122 ί
1258 2103 1366 2131 panem,
1385 2107 1394 2122 ι
1420 2096 1569 2128 Christum.
1585 2095 1623 2122 uti
1644 2095 1677 2122 de
1695 2102 1725 2122 se
1744 2094 1868 2122 Christus

1081 2143 1225 2171 confirmat
1246 2152 1254 2169 :
1282 2152 1290 2168 ι
1318 2142 1374 2178 Ego
1397 2149 1457 2170 sum
1479 2141 1556 2175 panis
1577 2140 1665 2173 vivus,
1679 2141 1724 2175 qui
1745 2140 1781 2167 de
1801 2141 1869 2167 cmlo

1081 2189 1207 2217 descendi
1218 2188 1251 2215 ¹⁶.
1272 2197 1281 2214 ι

243 2231 276 2256 ad
291 2229 394 2264 frugem
411 2231 540 2266 suscipite
555 2230 673 2257 divinam
690 2230 859 2264 doctrinam;
878 2230 916 2258 ait
930 2230 1003 2258 enim
1020 2239 1027 2258 :
1045 2233 1068 2263 ι)
1117 2234 1203 2261 David
1220 2240 1330 2268 quoque
1345 2233 1378 2260 de
1395 2231 1508 2264 insanis,
1523 2235 1551 2259 et
1565 2231 1685 2267 pessimo
1699 2231 1814 2258 consilio
1827 2232 1868 2257 in-

246 2285 255 2302 ι
274 2275 307 2303 Et
321 2276 463 2312 disciplina
483 2282 527 2303 tua
545 2278 663 2304 correxit
679 2283 722 2304 me
739 2277 765 2303 in
780 2276 860 2303 finem
880 2285 887 2304 :
906 2281 933 2304 et
948 2277 1031 2304 disci-

242 2322 315 2357 plina
333 2327 377 2349 tua
395 2329 438 2349 me
456 2322 610 2350 docebit’.»
631 2322 664 2349 Et
678 2330 785 2350 rursum
803 2321 874 2349 LXX
890 2331 897 2349 :
914 2331 923 2348 ι
943 2322 1030 2350 Disci-

245 2367 318 2403 plina
335 2367 441 2395 Domini
459 2367 546 2401 aperit
561 2375 641 2395 aures
655 2367 765 2400 meas“;
786 2379 795 2393 ι
814 2372 895 2402 atque
910 2367 1005 2395 iterum
1022 2377 1029 2395 :

245 2423 255 2440 ι
281 2414 424 2448 Castigans
444 2412 586 2447 casrigavit
607 2419 649 2440 me
669 2413 810 2446 Dominus,
826 2417 853 2441 et
874 2413 954 2441 morti
976 2421 1030 2442 non

247 2459 356 2486 tradidit
372 2466 414 2486 rue
423 2459 444 2486 '.
462 2467 472 2484 ι
487 2473 522 2478 -
541 2467 550 2483 t
566 2456 605 2485 Ne
622 2458 729 2492 quando
745 2458 876 2486 irascatur
888 2458 1030 2491 Dominus,

242 2510 270 2533 et
286 2506 403 2540 pereatis
420 2505 454 2532 de
468 2505 509 2531 via
526 2504 597 2538 justa
609 2504 642 2529 ‘°.
663 2514 672 2529 ι
693 2502 760 2531 Iram
778 2504 892 2538 appellat
911 2511 1034 2533 remune-

241 2550 357 2578 rationis
377 2551 470 2584 dicm;
491 2550 580 2584 perire
593 2550 626 2576 de
646 2549 686 2576 \‘ia
705 2550 788 2583 justa,
803 2550 928 2579 excidere
948 2555 990 2578 est
1004 2558 1035 2578 ac

245 2595 372 2623 frustrari
406 2596 500 2624 dextra
532 2595 631 2629 judicis
665 2595 839 2628 assistentia,
865 2604 916 2631 qua
948 2602 1036 2629 sancti

245 2649 339 2670 omnes
356 2649 388 2669 ac
402 2640 467 2676 justi
487 2642 621 2670 fruentur.
639 2650 648 2666 ε
669 2641 736 2668 Cum
759 2642 892 2669 exarserit
911 2643 938 2669 in
957 2643 1032 2671 brevi

244 2687 285 2714 ira
311 2686 414 2720 ejus“.
442 2696 452 2713 ι
482 2687 660 2723 Repentinam
686 2687 830 2714 vindictam
856 2695 887 2716 ac
912 2688 1029 2717 furorem

275 2765 285 2779 ¹
300 2764 372 2792 Psal.
389 2772 421 2798 tt,
436 2765 465 2797 7,
479 2765 506 2792 8.
545 2766 555 2782 ³
571 2767 652 2794 Joan.
667 2775 695 2800 tt,
712 2766 757 2800 Η,
775 2766 818 2794 15.

241 2800 250 2815 ³
264 2800 315 2831 lia,
331 2807 357 2832 ιι,
374 2799 400 2826 5.
440 2801 450 2816 ⁸
466 2800 537 2827 Psal.
552 2809 624 2829 cxvrt
649 2801 675 2829 8.
689 2799 692 2800 ⁷
716 2802 737 2817 ¹⁰
751 2799 823 2830 Psal.
841 2810 868 2831 n.
888 2802 930 2828 l2.

242 2833 337 2870 12:22;
352 2834 483 2870 Eccli._n,
501 2835 542 2870 l5,
556 2837 599 2864 Η.
638 2837 659 2852 ’⁸
673 2835 774 2865 Jcrcm.
789 2845 826 2870 xr,
841 2837 884 2870 i9,
899 2836 944 2865 20.

243 2867 263 2883 ¹⁹
276 2867 329 2894 lsa.
341 2874 427 2899 sun.
441 2868 483 2897 i5.

856 2767 867 2782 "
883 2766 954 2795 PSaI.
970 2777 1002 2800 tr,
1019 2769 1063 2796 10.
1112 2770 1123 2785 ⁸

856 2810 868 2831 i.
888 2802 930 2828 12.
971 2803 991 2819 ²¹
1008 2804 1072 2831 iltirl.
1087 2805 1129 2833 15.

997 2839 1018 2854 ¹⁶
1032 2839 1110 2867 .Ioan.
1127 2848 1164 2873 vr,
1179 2840 1225 2867 ιΗ.

1082 2281 1195 2309 structis
1211 2279 1250 2307 ait
1266 2287 1274 2307 :
1295 2288 1304 2305 ι
1325 2277 1453 2307 Fructum
1469 2286 1566 2308 eorum
1581 2280 1615 2305 de
1632 2282 1703 2305 terra
1720 2278 1827 2312 perdes,
1842 2282 1868 2305 et

1082 2333 1177 2354 semen
1197 2331 1292 2353 eorum
1309 2332 1325 2352 a
1343 2324 1407 2352 ﬁliis
1424 2324 1564 2352 hominum
1583 2331 1591 2350 :
1607 2323 1733 2358 quoniam
1750 2323 1868 2350 declina-

1081 2374 1179 2398 verunt
1195 2370 1222 2398 in
1246 2375 1271 2398 te
1291 2369 1374 2403 mala,
1390 2370 1578 2405 cogitaverunt
1595 2369 1719 2401 consilia,
1734 2376 1795 2402 qure
1814 2375 1865 2394 non

1081 2420 1228 2450 potuerunt
1242 2416 1363 2444 stabilire
1378 2425 1385 2443 :
1400 2416 1527 2451 quoniam
1543 2423 1626 2450 pones
1638 2422 1684 2442 eos
1699 2414 1823 2446 dorsum;
1840 2414 1865 2440 iu

1084 2462 1205 2498 reliquiis
1219 2462 1274 2490 tuis
1290 2462 1456 2497 praeparabis
1469 2461 1570 2488 vultum
1586 2467 1678 2493 eorum
1690 2459 1723 2491 ",
1745 2468 1754 2484 ι
1775 2459 1800 2485 id
1817 2463 1865 2492 est,

1085 2508 1112 2535 in
1131 2515 1265 2543 perennes
1281 2512 1363 2543 atque
1378 2507 1538 2535 interminos
1555 2506 1690 2534 cruciatus
1703 2505 1864 2533 abeuntium,

1083 2552 1236 2582 Job‘etiam
1264 2562 1272 2581 :
1298 2562 1308 2578 ι
1335 2553 1407 2580 Deus
1430 2553 1527 2588 impios
1549 2560 1602 2580 non
1623 2551 1720 2582 salvat.
1738 2560 1748 2577 ι
1772 2551 1864 2578 [ΑΧΧῖ

1088 2608 1097 2625 ι
1118 2607 1151 2626 eo
1168 2599 1238 2633 quod
1257 2599 1403 2627 noluerunt
1423 2598 1494 2626 scire
1516 2597 1658 2625 Doruinum
1670 2596 1702 2624 ι’.
1720 2605 1731 2623 ι
1756 2596 1836 2623 Isaias
1856 2604 1863 2622 :

1088 2654 1098 2670 ι
1121 2644 1223 2672 Vanum
1257 2649 1299 2672 est
1328 2643 1471 2672 consilium
1507 2648 1614 2679 patrum
1646 2647 1797 2671 vestrorum
1808 2643 1860 2669 ι’.»

1086 2691 1159 2718 luem
1177 2697 1283 2718 rursum
1301 2699 1308 2716 :
1328 2699 1337 2716 ε
1354 2689 1400 2718 Ve
1423 2690 1468 2718 filii
1484 2689 1648 2723 desertores,
1660 2689 1726 2717 dicit
1742 2689 1864 2718 Dominus

1112 2770 1123 2785 "
1140 2769 1234 2797 Matth.
1249 2777 1296 2801 vn,
1311 2771 1336 2797 l.
1390 2770 1400 2786 ⁸
1416 2769 1485 2797 Psal.
1503 2777 1532 2799 tr,
1551 2769 1593 2796 1‘2.

1631 2770 1640 2784 '
1655 2769 1725 2796 Psal.
1744 2777 1807 2799 xm,
1821 2769 1859 2796 56.

1169 2805 1189 2820 ¹¹
1206 2804 1300 2832 Matth.
1318 2812 1381 2836 xxv,
1396 2805 1442 2831 42.

1481 2805 1502 2820 ¹³
1517 2804 1588 2831 Psal.
1605 2804 1687 2835 ΝΛΞ.
1726 2803 1746 2818 ’⁸
1755 2805 1817 2835 Sap.
1832 2811 1859 2834 ti.

1277 2840 1298 2855 ”
1314 2840 1384 2867 f‘sal.
1400 2848 1446 2874 xx,
1464 2840 1507 2873 Il,
1523 2840 1566 2867 12.
1619 2839 1639 2855 ⁸⁸
1653 2838 1703 2866 Job
1730 2846 1823 2872 “ut,
1835 2839 1860 2866 6.
