1955 3080
67 158 119 190 901

591 163 730 193 DIALOG
738 163 783 193 US
796 162 948 193 CONTRA
969 163 1137 194 JUDEOS.

1649 168 1704 199 90?.

67 220 99 241 ut
115 214 243 242 faceretis
256 215 412 249 consilium,
427 220 454 244 ut
468 225 519 244 non
536 225 567 244 ex
584 225 626 244 inc
642 226 647 244 :
665 224 691 244 et
706 219 863 245 ordiremini
879 218 903 247 A
919 227 927 243 t
951 218 1024 245 Mula
1045 220 1108 245 Iiaut
1132 219 1202 246 labia
1223 219 1325 252 dolosa,
1342 229 1400 256 qum
1416 221 1563 256 loquuntur
1577 222 1706 248 adversus

69 259 167 292 telam,
182 265 210 287 et
226 268 280 286 non
299 268 346 295 per
364 259 494 295 Spiritum
513 263 641 289 meum".
661 272 671 288 ›
692 262 838 290 Zacharias
856 273 862 289 :

71 314 80 330 ε
103 304 167 331 Ιιωα
182 304 248 332 dicit
265 304 392 332 Duniinus
408 315 414 332 :
432 306 488 341 Ego
505 314 557 334 non
576 315 684 342 parcam
697 308 766 334 ultra
784 316 865 342 super

68 350 228 377 habitantes
256 356 357 377 terram
386 360 394 379 :
421 359 484 379 ecce
513 361 563 387 ego
591 355 695 380 tradam
722 355 863 388 homines,

69 403 293 431 unumquemque
318 396 344 423 in
368 404 448 424 manu
473 399 587 432 proximi
611 399 664 431 sui,
686 405 711 426 et
735 400 760 426 in
782 408 862 427 tnanu

70 442 145 476 regis
158 442 199 469 sui
217 451 224 468 :
241 445 269 468 et
286 441 430 469 concident
444 451 500 475 eos,
515 449 540 470 et
554 452 607 470 non
621 452 712 471 eruam
731 446 765 472 de
782 453 863 472 manu

69 495 168 514 eorum
185 496 191 514 :
205 492 233 515 et
247 495 357 522 pascam
375 496 440 516 oves
456 490 599 517 occisionis
616 491 641 517 in
658 490 862 520 Chanaanitide.

72 532 107 559 Et
124 540 265 560 assumant
283 534 348 561 inihi
365 535 432 561 duas
444 535 535 570 virgas
553 545 560 563 :
577 544 658 563 unatn
672 537 764 564 vocavi
782 538 864 565 Deco-

70 586 129 605 retn
155 588 162 606 :
190 584 217 606 et
240 579 353 606 alterum
378 581 483 608 vocavi-
501 581 671 610 Funicuium.
696 584 729 610 Et
754 591 862 618 pascam

69 632 147 651 oves.
164 625 198 651 Et
222 626 342 652 auferam
368 631 423 653 tres
444 633 569 661 pastores
589 629 614 655 in
635 637 727 656 mense
748 638 816 664 uno;
837 635 864 658 et

74 671 246 705 ingravescel
271 672 362 699 anima
387 681 445 701 mea
472 682 553 709 Super
578 684 626 703 eos
652 684 659 703 :
683 676 814 711 siquidem
836 681 863 705 et

69 717 169 744 anima:
183 726 276 744 eorum
294 720 433 754 rugiebant
446 728 528 754 super
543 729 584 749 me
594 722 628 749 ¹¹.
646 732 655 748 ι

358 765 473 793 CAPUT
493 766 571 794 LVII.

72 807 196 836 f’salmus
215 818 259 836 χχι
273 811 304 837 de
321 811 422 838 Christi
435 820 549 846 persona
561 813 692 849 eleganter
703 815 861 849 explicatur.

108 853 193 881 David
215 864 222 881 ί
244 864 253 880 t
272 856 518 885 Circutudcderunt
534 866 576 885 me
592 859 667 885 vituli
687 861 774 893 multi,
791 861 859 888 tauri

70 900 186 934 pingues
206 900 368 929 obsederunt
393 904 474 929 me“.
496 913 506 929 ›
532 904 563 930 Et
586 913 692 932 rursum
719 915 726 932 :
752 915 761 932 t
789 907 860 934 Dixit

69 946 202 980 insipiens
220 948 246 973 in
260 947 342 975 corde
357 956 417 982 suo,
430 948 487 976 Non
503 955 543 976 est
557 950 644 978 Deus:
664 954 781 986 corrupti
797 957 860 980 sunt

69 997 96 1019 et
115 993 311 1020 abominabiles
329 994 393 1022 facti
411 1001 474 1022 sunt
496 996 522 1022 in
544 997 641 1024 studiis
661 998 716 1025 suis
738 1007 745 1026 :
765 1006 859 1026 omnes

68 1037 283 1072 declinaverunt,
303 1041 384 1067 simul
411 1041 520 1069 inutiles
545 1043 608 1070 facti
633 1049 712 1077 sunt;
738 1052 792 1072 non
818 1050 860 1073 est

68 1084 113 1118 qui
133 1084 216 1112 faciat
233 1085 343 1119 bonum,
358 1095 410 1114 non
431 1093 473 1115 est
491 1097 576 1124 usque
595 1091 629 1118 ad
652 1098 733 1118 unum
743 1093 776 1119 ’³.
794 1101 803 1118 ι
825 1093 858 1120 Et

68 1129 168 1156 iterutn
187 1139 194 1158 :
213 1140 222 1157 ι
239 1131 345 1160 Inimici
360 1134 412 1160 niei
428 1135 546 1162 animant
565 1143 652 1163 mt'am
671 1137 857 1166 circumdede-

68 1181 134 1203 runt
151 1185 158 1204 :
179 1177 284 1212 adipem
304 1187 381 1206 suum
401 1181 605 1213 coucluserunt.
623 1191 654 1210 os
672 1191 765 1211 eorum
783 1185 857 1212 Iocu-

69 1226 126 1248 tum
145 1228 187 1250 est
206 1224 371 1258 superbiam.
388 1225 566 1261 Projieicntcs
588 1236 630 1255 me
647 1236 719 1256 nunc
738 1230 856 1257 circum-

71 1268 206 1296 dederunt
224 1277 283 1302 me;
306 1271 398 1299 oculos
416 1279 480 1299 suos
499 1278 651 1301 statuerunt
669 1275 806 1303 declinare
828 1277 854 1303 in

68 1318 180 1341 terram.
195 1315 380 1351 Susceperunt
395 1325 439 1345 me
454 1318 525 1346 sicut
543 1318 585 1347 leo
604 1325 715 1354 paratus
734 1322 766 1348 ad
787 1330 856 1357 prte-

68 1359 144 1393 dam,
157 1365 184 1388 et
197 1362 267 1389 sicut
283 1363 387 1391 catulus
405 1364 491 1393 leonis
507 1366 633 1394 habitans
646 1367 672 1394 in
686 1368 784 1396 abditis
792 1369 825 1397 “.
841 1379 851 1396 ι

70 1405 103 1432 Et
119 1407 198 1440 paulo
217 1413 275 1442 post
295 1417 302 1435 :
322 1418 331 1434 ε
348 1408 470 1437 Saturati
490 1416 554 1438 sunt
568 1411 640 1445 filiis,
655 1418 682 1440 et
697 1414 856 1444 dimiserunt

67 1451 196 1486 reliquias
225 1461 291 1482 suas
323 1456 443 1490 parvulis
469 1458 572 1485 suis”.
601 1467 610 1484 ι
640 1459 727 1495 Atque
752 1461 815 1489 alibi
845 1471 852 1490 :

69 1505 79 1522 ε
99 1497 270 1532 Aperuerunt
284 1507 365 1535 super
383 1509 427 1529 me
444 1509 474 1530 os
493 1510 581 1537 suum,
598 1504 668 1532 sicut
685 1505 727 1532 leo
742 1507 853 1542 rapiens

66 1547 95 1570 ct
115 1545 267 1578 rugiens".
285 1555 295 1572 ›
320 1546 392 1574 Idem
415 1555 448 1575 ex
468 1548 549 1576 Pilati
571 1558 687 1585 persona
710 1560 717 1579 :

66 1589 215 1618 Ecclesium
241 1593 463 1628 malignantium,
486 1600 513 1622 et
533 1603 595 1623 cum
617 1597 708 1632 impiis
732 1606 784 1627 non
805 1607 855 1627 se-

65 1635 144 1662 debo.
161 1636 268 1664 Lavabo
287 1638 357 1666 inter
387 1644 515 1668 nocentes
546 1649 639 1669 manus
658 1651 732 1672 meas
740 1645 774 1672 ¹⁷.
790 1654 799 1671 ι
823 1645 853 1673 Et

65 1681 100 1708 de
119 1682 292 1716 pontiﬁcibus
314 1693 322 1712 :
347 1693 356 1710 ε
376 1685 405 1713 In
427 1693 541 1720 quorum
559 1689 684 1717 manibus
699 1690 855 1724 iniquitates

63 1733 143 1762 sunt,
167 1729 262 1756 dextra
289 1726 386 1758 eorum
417 1732 517 1766 repleta
544 1739 585 1761 est
612 1736 811 1765 muneribus“.
842 1747 852 1764 ι

65 1773 162 1801 lterum
184 1780 311 1810 tanquam
332 1784 397 1804 voce
416 1779 506 1806 carnis
524 1789 532 1807 :
556 1789 566 1806 ε
587 1780 628 1808 Ne
647 1782 791 1810 tradideris
811 1791 854 1811 me

66 1821 92 1847 in
107 1821 214 1849 animas
227 1822 416 1851 tribulantium
432 1831 488 1858 me,
501 1826 629 1860 quoniam
647 1827 853 1856 insurrexerunt

63 1867 90 1894 in
108 1875 151 1894 me
165 1872 250 1895 testes
269 1869 355 1904 iniqui
365 1870 397 1898 ".
417 1879 427 1896 ι
452 1871 486 1899 Et
504 1872 536 1899 de
554 1872 698 1902 Pharisaais
716 1875 852 1904 Christum

61 1918 159 1945 capere
183 1914 344 1941 conantibus
369 1924 376 1942 ε
404 1924 414 1942 ‹
434 1915 486 1949 Qui
507 1916 654 1951 loquuntur
675 1926 768 1955 pacem
790 1929 853 1949 cum

61 1955 185 1991 proximo
206 1966 269 1992 suo,
284 1959 354 1986 male
375 1966 467 1989 autem
493 1961 520 1989 in
543 1964 672 1992 cordibus
691 1973 797 1993 eorum.
814 1966 853 1994 Da

60 2002 126 2036 illis,
137 2002 261 2036 Domine,
272 2005 420 2034 secundum
441 2014 522 2041 opera
540 2016 648 2043 eorum;
664 2014 691 2038 et
705 2012 851 2041 secundum

59 2048 209 2083 nequitiam
221 2050 444 2080 adinventionum
456 2054 575 2088 ipsorum
588 2064 596 2083 :
608 2058 757 2085 secundum
769 2066 851 2093 opera

63 2102 192 2122 manuum
217 2103 311 2124 eorum
334 2098 423 2126 tribue
448 2098 517 2132 illis,
540 2101 621 2128 redde
645 2103 849 2131 retributionem

58 2147 154 2168 eorum
180 2141 247 2176 ipsis
275 2150 283 2170 :
310 2143 437 2178 quoniam
466 2152 519 2172 non
545 2146 737 2175 intellexerunt
769 2156 851 2183 opera

58 2185 177 2219 Domini,
191 2187 259 2214 etin
273 2188 403 2222 operibus
419 2196 548 2217 manuum
569 2191 628 2225 eius
637 2191 670 2219 ³⁰.
687 2202 697 2219 ι
715 2192 762 2220 Dei
779 2193 849 2222 facta

884 1966 1051 1999 ’faciebant,
1068 1962 1113 2001 qui
1135 1966 1291 2000 quatrebant
1314 1966 1432 1993 animam
1459 1973 1546 1993 meam
1569 1976 1576 1993 :

915 263 1016 297 justum
1034 264 1202 297 iniquitatem
1213 265 1246 292 ³³.
1266 275 1274 290 ι
1294 267 1410 293 Rursum
1425 267 1497 294 velut
1513 275 1527 293 a
1543 274 1658 302 corpore
1672 269 1704 294 ad

916 310 1082 337 diiinitalem
1103 319 1109 337 :
1133 320 1142 336 ι
1163 310 1312 338 Exsultatio
1328 320 1398 346 nica,
1422 321 1485 340 erue
1502 321 1544 340 me
1557 321 1571 340 a
1587 314 1706 340 circum-

916 356 1041 382 dantibus
1057 364 1100 382 me
1110 356 1144 383 ³⁸.
1163 366 1172 383 ι
1191 357 1221 383 Et
1236 357 1358 385 iniectus
1374 357 1399 384 in
1417 358 1585 393 Synagogam
1604 359 1704 386 Christi

916 407 983 427 nece
1012 400 1141 428 infatuem
1171 410 1178 428 :
1209 411 1218 427 ι
1249 402 1456 430 Confundantur
1481 409 1507 431 et
1534 410 1705 432 revertantur

916 446 996 473 simul
1021 447 1066 481 qui
1090 453 1214 481 quasrunt
1235 448 1353 474 animam
1377 456 1463 476 meam
1488 456 1705 477 :com'mtwtnr

916 498 1065 520 retrorsum
1080 499 1108 522 et
1122 501 1299 522 revereantnr
1312 495 1357 530 qui
1373 495 1464 522 volunt
1481 496 1546 522 mihi
1563 497 1632 523 mala
1642 498 1674 524 ".
1692 506 1701 522 ι

915 539 943 566 In
965 539 1049 568 falsos
1071 549 1179 576 quoque
1202 547 1284 570 testes
1305 544 1361 569 haec
1385 542 1542 576 pronuntiat
1566 552 1572 568 :
1599 552 1608 568 ι
1635 542 1704 570 Sor-

915 593 1010 622 gcntes
1030 595 1114 617 testes
1134 590 1230 624 iniqui,
1246 598 1305 624 (tum
1324 589 1479 625 ignorabam
1500 590 1704 623 interrogabant

916 642 974 666 mc;
993 635 1180 662 retribuehant
1196 636 1262 662 mihi
1281 636 1349 663 nuda
1365 644 1412 669 pro
1429 636 1518 667 benis,
1532 635 1702 662 sterilitatem

915 680 1014 707 anian
1031 681 1138 708 mete".
1158 691 1167 707 ν
1187 681 1218 708 Iit
1234 682 1328 708 iterum
1351 691 1357 708 :
1380 690 1388 706 ι
1411 681 1466 708 Non
1486 681 1704 714 supcrgandt‘ant

917 727 995 757 mihi,
1011 727 1056 760 qui
1073 727 1253 754 adversantur
1269 727 1333 753 mihi
1349 727 1449 761 inique,
1465 727 1510 760 qui
1530 727 1644 754 oderunt
1661 734 1703 752 me

914 772 1008 807 gratis,
1025 777 1052 798 et
1071 777 1193 798 annuunt
1214 772 1299 799 oculis
1324 782 1331 800 :
1356 773 1482 806 quoniam
1507 773 1571 799 mihi
1593 772 1699 806 quidem

914 818 1026 852 pacifica
1049 818 1238 853 loquebantur,
1256 823 1283 845 et
1303 819 1328 846 in
1349 818 1489 846 iracundia
1507 818 1583 846 dolos
1601 819 1702 853 cogita-

914 864 978 890 bant
988 864 1020 890 ³⁷.
1038 873 1046 888 ι
1434 871 1438 875 ”

948 910 1006 936 .Iam
1035 911 1098 937 illud
1123 919 1177 945 quo
1203 911 1324 938 referes?
1353 921 1362 937 t
1389 911 1553 938 Considerat
1576 916 1701 946 peccator

912 955 1024 991 justum,
1039 960 1066 983 et
1079 957 1174 991 quaerit
1190 957 1353 984 mortificare
1367 964 1427 984 eum
1443 967 1449 983 :
1465 957 1592 984 Dominus
1609 962 1699 983 autem

914 1010 967 1029 non
982 1002 1153 1037 derelinqnct
1167 1012 1227 1031 cum
1245 1005 1270 1031 in
1289 1004 1415 1031 manibus
1430 1003 1488 1036 eius
1503 1012 1510 1031 :
1524 1011 1574 1030 nec
1587 1004 1699 1030 damna-

911 1049 950 1076 bit
965 1055 1039 1083 eutn,
1053 1057 1113 1077 eum
1131 1050 1296 1085 jndicahitur
1310 1050 1346 1076 illi
1360 1050 1391 1076 ³⁸.
1411 1059 1419 1075 ι
1441 1049 1573 1076 Ctelcium
1593 1050 1649 1075 lucc
1666 1048 1700 1075 de

910 1095 1021 1124 Christo
1042 1104 1049 1123 :
1073 1106 1082 1122 (
1099 1095 1295 1124 Benedieentes
1312 1096 1338 1123 ei
1358 1096 1552 1123 hmreditahunt
1571 1100 1668 1121 terram
1691 1104 1698 1122 :

912 1142 1106 1169 maledicentes
1120 1147 1209 1168 autent
1224 1141 1248 1168 ei
1263 1141 1478 1175 dispar-ibunt".
1496 1150 1505 1166 ι
1526 1140 1609 1167 Dictis
1625 1140 1700 1167 Isaac

911 1190 1094 1213 consentanea
1120 1186 1225 1213 locutus
1249 1190 1292 1213 est
1311 1185 1407 1212 David.
1425 1185 1471 1212 lile
1494 1186 1565 1212 enim
1592 1187 1698 1220 prospi-

911 1233 1002 1266 ciens,
1025 1233 1096 1267 quod
1121 1240 1155 1259 ex
1179 1232 1264 1266 stirpe
1284 1231 1366 1259 Iacob
1389 1233 1555 1266 exspectatio
1580 1233 1698 1266 gentium

909 1274 1037 1307 Christus
1052 1279 1171 1306 oriturus
1186 1283 1266 1310 esset,
1283 1279 1321 1305 sic
1340 1280 1469 1312 praescius
1486 1278 1575 1305 aiebat
1590 1287 1597 1305 :
1618 1287 1627 1303 α
1648 1279 1698 1310 Qui

911 1325 1084 1353 maledixerit
1103 1325 1163 1357 tibi,
1179 1325 1213 1351 sit
1232 1324 1276 1350 ille
1296 1324 1455 1351 maledictus
1479 1333 1484 1351 :
1507 1329 1533 1350 et
1550 1325 1595 1358 qui
1617 1324 1699 1351 bene-

910 1371 1010 1399 dixerit
1025 1371 1084 1403 tibi,
1099 1370 1332 1398 benedictionibus
1347 1369 1526 1403 repleatur“.
1543 1379 1553 1395 )
1569 1370 1603 1396 At
1617 1370 1698 1396 David

908 1421 1002 1444 noster
1022 1425 1028 1444 :
1054 1426 1063 1442 ε
1084 1416 1280 1444 Benedicentes
1301 1417 1324 1442 ei
1348 1414 1548 1442 htcreditabunt
1569 1420 1667 1442 terratn
1689 1435 1698 1448 ,

908 1463 1103 1490 maledicentes
1128 1467 1221 1489 autem
1248 1462 1273 1489 ei
1298 1461 1511 1496 disperibnnt“.
1541 1470 1549 1487 I
1577 1461 1698 1494 Quorum

909 1509 1053 1536 verborum
1073 1509 1131 1536 haec
1151 1507 1286 1536 sententia
1306 1513 1368 1534 est:
1388 1506 1618 1539 Quemadmodum
1641 1512 1697 1534 tum

743 1561 753 1578 ε
777 1552 853 1582 0divi
868 1562 892 1592 α
908 1555 959 1583 soli
979 1561 1011 1582 ex
1028 1553 1113 1581 Jacob
1134 1554 1201 1586 nali,
1219 1560 1273 1580 non
1291 1560 1355 1580 vero
1377 1553 1459 1580 etiam
1479 1560 1511 1579 ex
1532 1551 1614 1584 Esau,
1633 1560 1695 1587 pro-

906 1599 1018 1627 missam
1037 1604 1135 1626 terram
1153 1598 1322 1632 occupabant
1341 1605 1348 1624 :
1367 1598 1403 1624 ita
1421 1605 1491 1624 nunc
1507 1604 1614 1631 quoque
1632 1597 1694 1628 soli,

906 1645 953 1680 qui
973 1644 1084 1672 Christo
1107 1645 1176 1672 bene
1198 1644 1303 1677 volunt,
1318 1643 1420 1677 absque
1442 1643 1475 1670 iis
1495 1643 1540 1676 qui
1562 1643 1630 1669 male
1651 1650 1698 1668 vo-

907 1691 976 1722 lunt,
993 1690 1132 1717 cmlcstetn
1156 1697 1187 1716 ac
1207 1697 1352 1724 perennem
1377 1688 1587 1723 Hierosolymam
1611 1689 1698 1723 possi-

905 1735 1019 1762 dehunt.

941 1779 1059 1808 Rursum
1077 1780 1161 1808 David
1184 1789 1191 1808 :
1218 1789 1227 1806 ι
1248 1779 1416 1815 Multiplicati
1435 1784 1499 1808 sunt
1516 1781 1561 1814 qui
1582 1780 1704 1806 oderunt.

908 1835 952 1855 me
970 1827 1072 1861 inique,
1086 1826 1131 1861 qui
1149 1826 1304 1854 retribuunt
1318 1827 1387 1853 mala
1404 1833 1452 1861 pro
1468 1827 1555 1859 bonis,
1572 1826 1697 1853 detrahe-

908 1873 972 1901 bant
990 1873 1071 1906 mihi,
1088 1873 1216 1908 quoniam
1234 1873 1371 1908 sequebar
1387 1872 1534 1900 bonitatem
1545 1873 1584 1905 ";
1605 1881 1614 1898 ι
1634 1880 1696 1906 quae

905 1926 939 1947 ex
959 1919 1096 1954 Unigeuiti
1111 1919 1159 1947 Dei
1174 1918 1234 1947 Filii
1248 1926 1363 1954 persona
1376 1918 1452 1947 dicit.
1466 1918 1568 1947 Ibidem
1583 1928 1590 1947 :
1608 1929 1619 1946 ε
1635 1918 1694 1947 Vim

1600 1970 1626 1993 et
1648 1966 1694 2001 qui

906 2013 1079 2048 inquirebant
1100 2011 1170 2038 mala
1198 2011 1284 2044 mihi,
1306 2010 1390 2039 locuti
1416 2016 1479 2039 sunt
1501 2012 1648 2045 vanitates,
1667 2017 1695 2040 ει

908 2059 984 2086 dolos
1009 2063 1063 2085 tota
1088 2058 1132 2085 die
1153 2058 1361 2085 meditabantur.
1378 2057 1433 2093 Ego
1455 2052 1543 2086 aurem
1566 2064 1692 2092 tanquam

902 2106 1003 2132 surdus
1019 2112 1073 2132 non
1092 2104 1249 2137 audiebam,
1263 2109 1291 2132 et
1305 2104 1376 2133 sicut
1391 2110 1483 2133 mutus
1500 2113 1552 2132 non
1569 2106 1693 2140 aperiens

902 2159 933 2178 os
949 2158 1027 2178 suum
1046 2159 1054 2177 :
1072 2155 1097 2177 et
1115 2150 1203 2177 factus
1220 2158 1280 2178 sum
1298 2151 1370 2178 sicut
1393 2151 1474 2179 homo
1496 2160 1548 2178 non
1568 2152 1693 2184 audiens,

902 2201 931 2224 et
953 2204 1004 2223 non
1029 2196 1131 2223 habens
1154 2196 1181 2223 in
1204 2203 1251 2223 ore
1276 2203 1325 2224 suo
1347 2196 1552 2231 redargutiones
1563 2197 1596 2225 ⁸³.
1620 2206 1629 2223 ι
1653 2198 1692 2224 Ae

57 2235 86 2257 et
99 2237 183 2265 opera
198 2240 339 2266 manuum,
351 2239 432 2262 vocat
448 2235 611 2264 ineffabilem
627 2238 661 2264 ad
676 2245 725 2266 nos
738 2239 851 2268 descen-
864 2230 891 2260 Ῐ)
905 2241 969 2270 talia
995 2241 1103 2276 quidem
1129 2241 1164 2268 de
1193 2241 1300 2269 silentio
1327 2230 1438 2268 Christi,
1455 2242 1581 2275 patientis
1607 2241 1692 2270 David

57 2283 132 2308 sum,
146 2282 175 2305 et
194 2278 268 2307 orbis
286 2284 421 2308 terrarum
439 2281 556 2309 salutem
575 2290 607 2310 ex
626 2283 756 2312 immensa
774 2286 851 2313 boni-

58 2326 115 2350 tate
130 2323 269 2351 collatam.
284 2324 356 2352 Idem
372 2333 481 2354 rursum
497 2335 505 2354 :
523 2336 533 2354 ε
550 2327 637 2364 Super
649 2337 744 2358 omnes
761 2331 850 2360 inimi-

55 2375 106 2396 cos
126 2376 200 2396 meos
219 2369 309 2398 factus
335 2377 396 2398 sum
414 2373 604 2407 opprobrium,
619 2379 645 2402 et
664 2375 761 2403 vicinis
783 2378 850 2405 meis

55 2414 182 2446 valde,et
197 2415 277 2444 timor
291 2416 365 2444 notis
378 2417 445 2445 meis
453 2417 486 2445 “.
502 2427 512 2444 ι
529 2419 598 2453 Quid
609 2419 657 2453 ita,
669 2428 686 2447 ο
697 2420 850 2457 Propheta?

59 2467 69 2483 ‹
91 2458 223 2491 Quoniam
248 2461 338 2489 audivi
357 2462 584 2497 vituperationem
604 2466 750 2494 multorum
773 2475 846 2496 com-

56 2505 221 2532 morantinm
248 2506 277 2534 in
300 2507 419 2536 circuitu
443 2517 450 2536 :
475 2509 503 2536 in
530 2517 563 2538 eo
587 2511 650 2539 dum
672 2514 849 2542 convenirent

56 2550 150 2583 simul,
168 2553 293 2587 accipere
310 2554 432 2582 animam
450 2563 539 2584 meam
559 2557 694 2585 consiliati
712 2564 775 2587 sunt
783 2561 816 2588 ¹¹.
834 2569 844 2587 ι

92 2595 152 2622 1am
168 2597 295 2631 injustam
309 2598 412 2627 Christi
427 2607 532 2634 necem,
544 2606 572 2629 et
583 2602 608 2630 ei
624 2601 723 2630 frustra
738 2611 847 2640 compa-

55 2646 144 2669 ratam
163 2643 285 2671 fraudem
305 2645 486 2680 prospiciens,
506 2647 645 2674 scribit‘in
665 2647 722 2676 haec
740 2649 822 2677 verba
840 2659 847 2678 :

344 2749 366 2765 ¹¹
381 2749 496 2777 Zachar.
510 2756 547 2780 si.
564 2749 622 2777 6-8.

335 2785 357 2800 ¹⁷
373 2785 445 2812 I’sal.
459 2792 522 2817 xxv,
537 2784 564 2817 5,
581 2784 608 2812 6.

91 2748 116 2765 ὀ
132 2748 184 2775 Isa.
200 2756 264 2778 xxx.
279 2749 305 2776 1.

55 2785 80 2800 ¹¹
91 2783 165 2810 Psal.
181 2791 238 2816 xxt,
254 2783 296 2811 14.

56 2854 79 2870 ³⁸
96 2853 168 2880 I‘sal.
186 2861 279 2885 xsxvt.
294 2854 339 2887 52,
356 2854 400 2882 33.

661 2750 684 2786 ξ’
697 2750 767 2786 Psal.
783 2758 842 2786 xm,
857 2752 883 2779 I.

647 2785 749 2821 “iibid.
767 2785 811 2814 I0.
834 2785 872 2802 "'
888 2786 961 2814 Psal.
980 2795 1011 2820 ll,
1030 2788 1056 2821 ϐ,
1073 2789 1116 2816 II.

56 2818 102 2846 12.
139 2819 161 2834 ³¹
177 2819 243 2846 ibid.
259 2819 302 2846 Η.
341 2819 365 2835 ⁸³
378 2819 450 2847 Psal.
466 2828 530 2850 xxx.
545 2820 590 2846 19.
627 2820 650 2836 ³⁸
666 2820 737 2848 Psal.
755 2829 828 2853 xxxr,
839 2822 865 2849 I.

439 2855 461 2871 ³⁸
477 2855 544 2882 ibid.
558 2855 604 2882 22.
642 2854 665 2871 ‘°
679 2854 748 2884 Gen.
764 2864 847 2890 vxvn,
860 2857 905 2885 29.

904 2287 1032 2323 prodidit.
1045 2286 1123 2314 Nunc
1139 2286 1332 2321 evangelistam
1347 2286 1487 2314 videamus
1506 2296 1513 2314 :
1536 2296 1546 2313 ι
1565 2286 1598 2314 Ει
1613 2287 1692 2316 .lcsus

906 2340 967 2360 cum
981 2336 1156 2360 accusaretur
1167 2339 1181 2358 a
1193 2331 1364 2366 principibus
1378 2332 1550 2360 sacerdotum
1563 2338 1591 2361 et
1603 2333 1693 2362 senio-

901 2378 993 2410 ribus,
1011 2377 1077 2405 nihil
1096 2377 1251 2412 respondit;
1270 2382 1300 2404 ut
1321 2378 1465 2404 miraretur
1480 2385 1580 2413 praeses
1598 2380 1684 2406 vehe-

904 2428 1020 2451 menter.
1032 2422 1108 2451 Tunc
1123 2423 1189 2450 dicit
1202 2423 1241 2450 illi
1257 2423 1360 2450 Pilatus
1377 2431 1385 2450 :
1402 2422 1466 2451 Mihi
1482 2431 1535 2451 non
1553 2424 1691 2460 loqueris?

902 2469 980 2498 Jesus
994 2475 1085 2497 autem
1104 2468 1254 2496 tacebat“.
1273 2477 1283 2494 ι
1303 2468 1439 2496 Consonat
1455 2469 1548 2497 Davidi
1566 2474 1592 2497 et
1607 2470 1689 2499 Isaias

902 2517 930 2545 in
953 2516 1023 2544 hanc
1046 2515 1209 2543 sententiam
1232 2523 1239 2541 :
1267 2524 1277 2540 ι
1304 2515 1364 2550 Ipse
1387 2520 1496 2549 propter
1516 2515 1688 2543 afﬂictionem
1710 2539 1712 2541 .

901 2568 954 2587 non
972 2559 1059 2595 aperit
1073 2566 1104 2587 os
1121 2566 1211 2587 suum.
1226 2557 1303 2586 Sicut
1317 2559 1375 2587 ovis
1391 2559 1424 2587 ad
1441 2559 1576 2588 victimam
1592 2561 1690 2589 ductus

900 2610 952 2637 est,
965 2611 993 2633 et
1008 2605 1081 2632 sicut
1096 2611 1181 2640 agnus
1201 2611 1291 2632 coram
1311 2605 1438 2633 tondente
1454 2610 1543 2632 mutus
1553 2625 1561 2638 ,
1575 2606 1614 2633 sic
1634 2615 1687 2634 non

901 2652 987 2686 aperit
1008 2651 1081 2679 os".
1099 2659 1108 2676 ι
1133 2650 1206 2678 Idem
1230 2657 1336 2677 rursum
1359 2658 1390 2677 ex
1410 2658 1526 2685 persona
1546 2651 1635 2680 Patris
1654 2653 1688 2681 de

920 2752 1025 2788 "ribid.
1049 2761 1079 2784 tt,
1095 2754 1139 2782 15.
1193 2754 1216 2770 ’⁸
1232 2753 1303 2782 Psal.
1321 2762 1376 2788 xvt,
1392 2755 1469 2783 9-H.
1521 2756 1544 2772 "
1558 2756 1624 2784 ibid.
1641 2759 1684 2786 14·

1155 2789 1178 2805 ³ο
1192 2788 1264 2817 Psal.
1281 2797 1365 2824 nvu,
1381 2790 1408 2823 2,
1423 2790 1450 2818 4.
1488 2791 1508 2807 ⁸¹
1527 2791 1598 2819 Psal.
1615 2800 1686 2820 xxx.

1157 2824 1185 2852 5.
1235 2824 1269 2852 ³⁸.
1285 2825 1351 2853 ibid.
1369 2826 1413 2853 II.
1465 2827 1486 2843 "
1501 2826 1564 2854 ibid.
1583 2827 1625 2855 19.
1639 2829 1683 2855 20.

1261 2843 1269 2852 .
1285 2834 1351 2853 ωιο.
1369 2834 1413 2853 n.
1465 2834 1484 2843 --
1501 2834 1564 2854 tutu.
1583 2834 1625 2859 ‘IU,
1639 2834 1683 2855 au.

1312 2861 1335 2877 "
1350 2860 1421 2889 Psal.
1449 2869 1553 2894 xxsvn,
1578 2862 1623 2894 2|,
1639 2864 1684 2890 22.

915 2822 938 2837 "
954 2822 1025 2851 Psal.
1051 2832 1144 2857 nxrv,
1157 2824 1185 2852 5.

956 2857 978 2895 _"
994 2857 1067 2886 Psal.
1095 2867 1191 2895 auvt,
1214 2859 1261 2889 ‘22.

55 2888 78 2905 "
92 2889 160 2917 ibid.
178 2887 222 2924 15,
241 2890 284 2918 14.
322 2884 345 2907 ⁵³
360 2884 454 2919 Matth.
471 2897 554 2924 nm,
570 2890 614 2926 I2,
628 2890 676 2926 I4;
692 2890 774 2934 Marc.
792 2884 855 2927 xv,"

917 2893 940 2910 "
953 2884 1080 2931 bantur.
1095 2884 1121 2923 ῖ
