1955 3080
271 190 441 218 immaculata
462 190 588 224 passione
607 187 666 222 ejus
687 199 694 215 -.

274 244 361 268 meus,
377 241 403 262 et
423 235 599 267 exaltabitur,
613 239 640 262 et
661 235 856 270 glorilicabitttr
878 234 964 261 valde.
983 233 1060 270 Sicut

275 284 423 318 stupebnnt
437 289 519 316 super
533 286 559 308 te
574 282 666 314 multi;
681 282 719 308 sic
734 281 847 316 ingloria
862 281 914 308 erit
927 280 961 307 ab
973 281 1061 306 homi-

271 329 349 355 nibus
370 327 473 362 species
494 333 554 359 tua,
573 331 599 354 et
619 327 703 362 gloria
727 332 770 353 tua
790 334 804 352 a
823 326 886 352 ﬁliis
907 326 1058 353 hominum.

270 374 317 401 Sic
336 375 505 401 mirabuntur
521 378 613 408 gentes
633 373 722 400 multa:
738 381 819 407 super
834 380 879 404 eo,
894 376 922 399 et
937 373 1059 398 contine-

271 421 337 446 bunt
352 427 427 454 rcges
440 427 471 446 os
487 427 563 446 suum
583 428 590 447 :
606 419 667 454 quia
683 419 780 454 quibus
795 425 846 444 non
860 422 902 444 est
914 417 1062 444 annuntiaq

271 469 327 490 tum
345 465 376 491 de
391 472 434 496 eo,
450 465 595 497 videbunt;
615 469 642 491 et
658 465 702 498 qui
721 471 773 490 non
790 464 943 505 audierunt,
960 463 1058 490 intelli-

268 515 334 543 gent
344 510 376 538 “.
395 519 403 536 ι
421 511 453 537 Et
468 511 519 537 alio
534 510 593 537 loco
608 519 615 537 :
633 518 643 536 ε
660 510 789 536 Dominus
802 511 846 536 dat
859 510 923 536 milii
938 510 1056 544 linguam
1077 540 1082 546 .

271 556 428 590 disciplinae,
442 561 470 582 ιιι
483 556 564 582 sciam
579 555 685 588 quando
698 559 821 589 oporteat
834 555 907 589 loqui
921 556 1031 582 verbum
1048 564 1056 581 :

270 601 374 627 addidit
397 601 462 627 mihi
488 607 582 627 aurem
608 600 642 626 ad
666 600 842 632 audiendum,
860 607 888 627 ct
911 600 1055 634 disciplina

271 646 375 672 Domini
394 646 479 679 aperit
494 653 574 673 aures
592 653 668 673 meas
684 654 692 673 :
711 653 761 681 ego
777 651 868 673 autem
886 654 938 673 non
957 654 1054 678 renuo.

270 699 356 725 neque
377 691 544 718 contradieo.
562 691 676 718 Dorsutn
699 700 788 720 meum
806 693 868 720 dedi
888 693 921 719 ad
939 693 1053 727 ﬂagella,

267 742 294 763 et
317 744 400 771 genas
422 745 497 765 meas
518 738 551 765 ad
572 738 664 774 alapas
688 749 695 766 :
718 744 745 766 et
767 739 862 766 faciem
888 747 975 766 meam
1000 748 1053 767 non

267 784 353 810 averti
375 792 390 810 a
416 785 573 812 confusione
596 791 734 820 sputorum
748 786 781 812 "".
804 795 814 812 ι
846 785 930 813 David
955 794 1019 814 vero
1043 794 1052 813 :

269 839 279 854 ι
303 831 381 856 Arttit
403 835 528 865 tauquam
551 836 618 859 testa
643 832 728 859 virtus
749 837 862 864 tnea,.et
881 832 970 867 lingua
993 840 1052 859 mea

271 877 384 904 adlucsit
402 877 524 905 faucibus
543 879 625 912 meis;
643 883 670 905 et
687 879 714 906 in
733 879 870 912 pulverem
892 879 988 906 mortis
1007 879 1052 907 de-

269 922 370 949 duxisti
386 931 428 950 me
437 923 469 950 δθ.
487 933 497 949 ι
513 924 583 951 ldem
600 925 670 951 velut
683 934 697 950 ιι
710 932 825 958 corpore
837 926 869 951 ad
884 925 1052 954 divinitatem

268 969 420 1001 copulatam
441 978 448 996 ;
470 978 478 994 t
498 970 566 996 Erue
582 979 596 996 a
613 970 938 1003 iramea,Deus,animam
954 980 1053 1006 meam,

266 1018 295 1039 et
313 1013 346 1040 de
369 1022 449 1040 manu
473 1016 549 1042 canis
567 1017 675 1042 unitatn
697 1024 784 1043 meam
797 1017 828 1043 δ’.
849 1026 859 1042 ι
884 1017 917 1044 Ει.
939 1017 1022 1046 Isaias
1045 1028 1053 1046 :

269 1068 279 1083 ι
304 1058 389 1085 llomo
408 1059 433 1086 iu
457 1060 532 1095 plaga
554 1063 667 1095 positus.
683 1067 709 1088 et
726 1063 816 1089 sciens
837 1062 1020 1091 inﬁrmitatent
1044 1074 1058 1092 τ

266 1104 332 1137 quia
351 1112 444 1131 aversa
461 1112 502 1132 est
521 1107 604 1133 facies
620 1106 690 1141 ejus.
705 1108 840 1141 despecta,
852 1113 880 1135 et
897 1117 949 1136 non
969 1117 1053 1144 repu-

268 1155 335 1177 tata.
352 1151 404 1177 Isle
418 1157 530 1185 peccata
547 1157 638 1179 nostra
654 1158 752 1186 portat,
765 1159 794 1180 et
806 1161 855 1188 pro
870 1156 949 1182 nobis
960 1156 1031 1182 dolet
1044 1166 1051 1183 :

266 1204 294 1223 et
312 1205 360 1224 nos
376 1199 558 1232 reputavimns
575 1207 636 1225 etim
651 1207 712 1227 esse
729 1201 755 1226 in
773 1201 877 1233 labore,
889 1205 918 1228 et
931 1202 958 1229 in
976 1202 1053 1237 plaga

266 1251 282 1269 a
305 1242 369 1275 Deo,
381 1249 408 1270 et
429 1244 453 1270 in
474 1243 629 1272 alllictione.
646 1244 706 1280 Ipse
727 1250 815 1272 autem
833 1247 989 1275 vulneratus
1008 1253 1053 1276 est

266 1293 376 1324 propter
400 1295 508 1323 peccata
532 1295 636 1323 ucstra,
649 1295 677 1318 et
700 1291 853 1319 inﬁrmatus
875 1296 919 1319 est
941 1298 1052 1328 propter

268 1335 427 1369 iniquitates
454 1340 573 1363 nostras.
601 1336 697 1364 Livore
724 1337 784 1372 ejus
814 1345 865 1365 nos
890 1339 978 1365 sanati
1006 1346 1053 1365 su-

234 1414 240 1419 _
267 1388 327 1407 mus
335 1381 369 1407 '°.
388 1391 396 1406 ι
417 1382 498 1408 Amos
511 1382 642 1416 propheta
656 1383 720 1410 dicit
735 1393 742 1410 :
762 1393 772 1409 ε
793 1383 846 1412 Pro
861 1390 974 1418 argento
988 1392 1054 1412 ven-

267 1427 392 1454 diderunt
403 1427 552 1461 justum“.
568 1438 578 1454 ι
595 1428 742 1456 Zacharias
753 1437 785 1456 ex
802 1437 916 1464 persona
928 1431 1028 1458 Christi
1042 1440 1051 1458 :

268 1482 280 1497 ι
307 1472 499 1507 Appenderunt
523 1476 673 1501 mercedem
703 1482 789 1502 meam
818 1476 927 1511 triginta
954 1483 1052 1510 argen-

848 131 1056 164 ANDRONICI
1071 131 1242 162 COMNENI

719 199 728 214 ι
752 189 820 216 Ecce
841 189 974 223 intelliget
992 195 1059 223 puer
1073 190 1094 218 Α
1109 191 1199 217 esset;
1219 183 1378 218 poenitentia
1399 183 1495 211 ductus
1515 183 1606 210 retulit
1622 183 1732 218 triginta
1751 187 1915 217 argcnteos

1857 129 1914 159 905

1112 231 1281 266 principibus
1296 230 1468 256 sacerdotum
1483 233 1510 256 et
1523 229 1687 261 senioribus,
1699 230 1798 258 dicens
1815 239 1822 256 :
1841 230 1916 258 Pec-

1112 278 1183 309 cavi,
1202 276 1313 303 tradens
1331 277 1490 310 sanguinem
1505 275 1607 309 justum
1625 285 1633 303 :
1649 281 1677 303 et
1689 277 1786 304 abiens
1805 277 1916 312 laqueo

1109 329 1140 350 se
1159 322 1338 356 suspendit".
1358 331 1367 346 ι
1388 321 1453 354 Quae
1473 323 1564 348 omnia
1583 322 1713 356 Propheta
1735 323 1819 358 longe
1843 330 1913 352 ante

1110 369 1275 403 prmsagieus
1300 368 1375 394 addit
1400 376 1408 394 :
1439 377 1448 393 ι
1479 368 1558 394 Fiant
1579 369 1638 395 dies
1663 369 1722 403 ejus
1746 370 1854 403 pauci,
1882 376 1911 398 et

1107 415 1291 449 episcopatum
1313 414 1373 449 ejus
1395 415 1510 449 accipiat.
1527 414 1637 441 alter".
1658 424 1667 440 ι
1690 415 1762 442 Cur?
1791 424 1803 441 ι
1833 416 1909 448 Quia

1108 466 1266 494 persecutus
1288 466 1329 487 est
1352 461 1486 487 hominem
1508 461 1627 494 inopem.
1643 464 1670 487 et
1690 462 1865 493 mendicItm,
1884 467 1910 489 ct

1107 511 1298 540 compunctum
1327 507 1407 533 corde
1437 506 1644 533 mortiﬁcare“.
1678 516 1688 532 I
1720 507 1791 535 Vere
1827 510 1907 535 enim

1108 542 1243 587 inopsest
1255 553 1386 580 Dominus
1399 558 1491 580 noster
1502 554 1581 581 Iesus
1596 555 1723 583 Christus
1739 565 1746 582 :
1764 564 1830 583 nam
1852 557 1906 583 nisi

1112 599 1270 634 temperiem
1293 604 1413 626 nosuam
1435 600 1495 635 (seu
1516 607 1614 634 corpus
1633 601 1768 632 nostrum)
1792 603 1906 628 tuendi-

1107 650 1213 679 casset,
1229 653 1364 679 nunquam
1379 653 1429 673 nos
1445 645 1503 679 ejus
1516 647 1657 674 divinitate
1669 647 1745 674 dilati
1763 655 1902 675 essemus.

1114 692 1206 725 Quare
1220 699 1280 719 cum
1296 692 1418 726 proditor
1429 692 1570 721 divinitate
1585 694 1675 727 augeri
1691 696 1903 728 contempserit,

1103 737 1163 772 iure
1181 739 1208 765 in
1228 746 1290 765 eum
1314 737 1396 764 infert
1412 737 1545 771 Propheta
1567 747 1574 765 :
1596 748 1606 765 ι
1626 739 1657 766 Ει
1672 740 1765 766 dilexit
1783 741 1903 767 maledi-

1104 785 1234 816 ctionem,
1247 789 1273 812 et
1293 785 1383 811 veniet
1401 784 1427 811 ei
1448 793 1455 811 :
1476 790 1504 810 et
1523 785 1609 812 noluit
1628 786 1862 818 benedictionem,
1876 792 1904 813 ct

1106 830 1276 866 elongabitur
1294 831 1329 858 ab
1349 838 1382 858 eo
1392 831 1426 858 ⁶¹.
1447 840 1457 857 ›
1484 831 1521 858 lta
1548 838 1596 858 suo
1617 839 1728 858 munere
1752 832 1904 859 abdicatus

1107 881 1160 910 est,
1172 884 1259 911 eoque
1270 878 1406 909 abdicato,
1417 877 1547 904 suil'ectus
1560 877 1696 910 blattbias,
1709 878 1902 912 apostolomm

1104 926 1206 950 coetum
1221 922 1340 956 explevit
1348 923 1383 950 ⁸³,
1398 923 1552 950 Salomonis
1567 931 1674 958 quoque
1691 924 1747 950 haec
1760 924 1796 950 de
1812 932 1847 951 ro
1862 930 1902 951 est

1105 969 1241 995 sententia
1258 977 1266 994 :
1287 977 1297 994 ι
1318 968 1366 995 Vir
1382 969 1513 1003 insipiens
1530 968 1585 1004 (ίὸ)
1604 976 1630 996 et
1645 969 1757 1003 iniquus
1774 969 1901 996 amlmlat

1106 1015 1164 1041 vias
1189 1022 1242 1041 non
1269 1015 1353 1042 bonas
1380 1023 1389 1042 :
1417 1015 1505 1042 innuit
1525 1015 1624 1046 oculis,
1643 1014 1779 1049 signiﬁcat
1805 1021 1899 1042 autent

1106 1060 1191 1093 pede,
1217 1060 1296 1087 ducet
1325 1060 1435 1086 nutibus
1466 1061 1622 1094 digitorum.
1652 1061 1819 1089 Pcrversum
1852 1069 1899 1089 tor

1105 1105 1256 1132 fabricatur
1272 1106 1354 1132 mala.
1371 1106 1423 1132 Per
1439 1107 1551 1134 vitiosas
1568 1107 1636 1138 vias,
1653 1109 1803 1142 proditoris
1822 1113 1897 1135 notat

1105 1152 1260 1186 ingenium;
1280 1160 1327 1187 per
1341 1153 1481 1179 oculorum
1497 1158 1602 1185 nutum,
1617 1154 1649 1180 ad
1664 1154 1808 1188 pontiﬁces
1823 1155 1895 1182 defe-

1103 1200 1223 1225 ctionem
1245 1203 1273 1225 et
1292 1198 1539 1232 conspirationem;
1562 1206 1608 1233 per
1626 1199 1731 1233 pedem,
1748 1200 1895 1233 proditoris

1103 1244 1288 1276 celeritatem;
1311 1251 1360 1279 per
1379 1244 1454 1280 digiti
1475 1244 1660 1276 micationem,
1675 1245 1815 1272 occultam
1837 1246 1895 1280 ejus

1103 1290 1248 1317 Val'ritiem.
1274 1290 1366 1324 Neque
1393 1298 1457 1317 vero
1485 1290 1529 1317 his
1558 1295 1704 1318 contentus
1731 1298 1894 1323 veterator,

1103 1337 1187 1363 etiam
1206 1336 1381 1363 l'raudulemo
1401 1336 1493 1363 osculo
1514 1336 1610 1363 herum
1631 1337 1761 1372 prodidit.
1778 1342 1896 1364 testatus

1101 1382 1212 1413 Judaeis.
1226 1383 1270 1409 cui
1285 1383 1409 1409 suavium
1425 1384 1513 1414 daret,
1527 1390 1587 1409 eum
1604 1389 1676 1414 esse,
1692 1382 1896 1415 prehenderem

1104 1428 1240 1455 hominem
1250 1428 1283 1454 “.
1301 1437 1311 1453 ι
1331 1427 1380 1454 llis
1395 1435 1457 1454 vero
1473 1428 1592 1461 Sapiens
1607 1428 1665 1455 hac
1680 1428 1793 1462 subjici!
1810 1437 1817 1454 :
1839 1437 1850 1453 ι
1868 1426 1895 1454 lu

1102 1475 1178 1502 omni
1196 1479 1327 1509 tempore,
1339 1474 1385 1509 qui
1403 1474 1466 1501 talis
1482 1479 1535 1506 est,
1550 1474 1718 1501 turbationes
1735 1473 1817 1500 affert
1827 1474 1896 1500 ciri-

264 1523 324 1545 tcos
332 1519 366 1545 ⁵¹.
384 1528 394 1544 ι
414 1518 444 1546 Et
464 1519 594 1547 Jeremias
613 1520 759 1555 (referente
770 1526 864 1548 sancto
883 1521 1019 1557 Matthzeo)
1039 1525 1082 1556 :c
1097 1521 1158 1547 tati.
1183 1530 1193 1547 ι
1213 1519 1284 1548 Vere
1297 1521 1369 1548 enim
1392 1520 1522 1554 insignem
1542 1520 1682 1547 tumultum
1698 1527 1728 1546 ac
1744 1520 1893 1555 perniciem

268 1574 279 1590 ι
309 1565 479 1599 Acceperunt
505 1566 615 1600 triginta
638 1571 794 1602 argenteos,
813 1567 930 1602 pretium
953 1575 1051 1602 appre-

265 1612 343 1644 tiati,
360 1619 438 1644 quem
457 1611 678 1646 appretiaverunt
694 1620 709 1639 a
726 1613 787 1640 liliis
803 1613 885 1640 Israel
905 1622 912 1640 :
932 1619 959 1641 et
971 1615 1053 1641 dede-

265 1662 327 1683 runt
353 1664 401 1684 eos
428 1658 454 1684 in
484 1665 577 1691 agrum
604 1657 693 1692 ﬁguli,
721 1659 792 1685 sicut
818 1658 959 1685 constituit
986 1659 1051 1686 tuihi

265 1702 435 1730 Dominus“.
456 1712 465 1729 ι
489 1702 574 1730 David
598 1704 631 1731 de
654 1704 792 1737 proditore
813 1713 821 1730 :
849 1714 859 1730 ‹
882 1705 933 1737 Qui
955 1705 1053 1732 edebat.

264 1757 360 1782 panes,
375 1750 557 1784 magnilieavit
574 1757 655 1784 super
670 1757 712 1777 me
727 1750 978 1785 supplantationem
987 1751 1021 1778 ⁸⁸.
1038 1759 1048 1777 υ

263 1794 298 1821 Et
318 1795 401 1822 lsaias
421 1803 430 1822 :
456 1805 466 1821 ‹
491 1795 537 1823 Vae
560 1796 652 1830 iniquo
672 1805 680 1822 :
705 1796 773 1822 mala
796 1796 945 1823 secundum
968 1804 1052 1830 opera

266 1849 394 1869 manuum
417 1842 476 1877 ejus
496 1842 622 1869 accident
643 1842 709 1869 ei".
729 1851 739 1867 ι
763 1842 796 1869 Et
817 1842 899 1869 David
923 1842 1018 1869 iterum
1041 1850 1050 1870 :

268 1895 279 1911 ι
303 1886 375 1913 Dixit
388 1886 504 1921 iniustus
517 1893 545 1913 nt
557 1886 698 1920 delinquat
713 1886 740 1912 in
754 1887 900 1920 semetipso
916 1895 922 1913 :
941 1894 993 1914 nou
1009 1880 1051 1914 est

265 1933 347 1959 timor
361 1933 407 1959 Dei
423 1937 485 1959 ante
500 1932 594 1959 orulos
609 1932 668 1965 eius
677 1932 711 1958 ".
729 1941 739 1957 ι
757 1931 935 1964 Quamobrem
951 1933 1048 1960 Vates:

266 1987 277 2002 ι
297 1978 428 2010 Quoniam
448 1978 541 2005 dolose
558 1977 614 2011 egit
632 1978 658 2004 in
678 1982 824 2011 conspectu
844 1977 914 2011 ejus.
928 1982 956 2004 ut
974 1978 1049 2006 inve-

264 2023 355 2049 niatur
378 2023 508 2057 iniquitas
521 2023 580 2058 ejus
594 2023 627 2050 ad
640 2023 731 2049 odium
739 2023 774 2048 ³⁷.
789 2032 799 2048 ι
818 2023 889 2050 Sane
903 2024 978 2050 dolos
991 2031 1049 2051 ver-

262 2069 344 2100 savit,
362 2073 455 2095 contra
477 2074 530 2095 tam
551 2073 673 2096 sanctam
694 2068 890 2095 institutionem
910 2072 936 2095 et
951 2069 1050 2096 doctri-

265 2122 346 2146 nam,
360 2119 388 2141 et
409 2115 501 2143 odium
528 2114 651 2142 exercuit
674 2114 701 2141 in
726 2114 838 2141 virtutes
860 2119 888 2141 (ιι
909 2115 1047 2142 miracula.

263 2159 368 2186 Invenit
392 2159 578 2194 iniquitatem;
600 2160 706 2188 scilicet
727 2160 863 2195 ingenium
889 2168 999 2191 avarum
1021 2165 1049 2188 et

264 2204 479 2237 sanguinarium.
504 2204 595 2237 Quare
620 2204 718 2232 merito
743 2204 908 2238 imprecatur
930 2205 955 2231 ei
982 2204 1047 2232 Pro-

264 2249 343 2283 pheta
363 2258 369 2275 :
390 2257 400 2273 ι
421 2248 560 2275 Constitue
577 2256 658 2283 super
672 2255 734 2275 ettm
752 2252 934 2282 peccatorum,
948 2252 977 2275 et
991 2248 1048 2275 dia-

264 2294 341 2320 bolus
362 2299 413 2320 stet
434 2302 449 2319 ει
474 2294 575 2320 dextris
595 2294 672 2328 ejus:
696 2302 704 2318 ι
724 2293 940 2328 quandoquidem
959 2299 1049 2321 astare

265 2339 402 2366 Servattn-i
420 2339 451 2365 ad
470 2338 594 2365 (lt-atram
611 2339 678 2366 odit.
698 2348 708 2365 ι
728 2338 793 2365 Cum
809 2339 956 2373 judicatnr,
969 2344 1049 2365 exeat

263 2384 468 2416 condemnatus,
491 2393 501 2410 ο
526 2385 743 2418 quandoquidem
768 2384 794 2411 in
817 2384 927 2411 ferendo
945 2384 1049 2418 judicio

263 2438 423 2458 consessum
438 2438 537 2458 exosus
553 2436 604 2464 est,
618 2439 676 2458 eam
694 2432 729 2458 ob
747 2439 802 2458 rem
817 2431 954 2465 judicatus
970 2431 1049 2459 abeat

265 2479 418 2506 damnatus.
436 2488 446 2504 ι
472 2478 504 2505 Et
525 2479 612 2506 oratio
635 2479 694 2513 ejus
717 2479 763 2506 ﬁat
783 2479 809 2506 in
833 2479 1016 2514 peccatum".
1034 2488 1044 2505 ι

268 2531 364 2559 preces
379 2524 496 2559 appellat
508 2525 727 2559 intempestivam
744 2526 888 2559 proditoris
904 2525 1049 2560 paenitudi-

265 2577 337 2600 nem.
352 2576 379 2596 ttt
396 2576 437 2597 cst
451 2571 520 2605 apud
545 2570 736 2604 evangelistam
754 2570 906 2597 Mattbazum
922 2579 928 2598 :
945 2580 956 2596 ‹
973 2569 1049 2597 Tunc

264 2615 359 2642 videns
380 2615 480 2648 Judas,
504 2616 550 2650 qui
573 2623 635 2642 cum
660 2615 769 2643 tradidit
783 2635 790 2647 ,
813 2615 883 2649 quod
906 2616 1049 2642 damnatus

302 2673 325 2688 ⁸⁸
341 2672 391 2699 Isa.
407 2681 454 2704 ut,
471 2673 562 2700 l3—l5.
600 2674 621 2689 ιτ
638 2673 688 2700 Isa.
701 2681 727 2704 ι,
742 2673 801 2700 ι-ῧ.

263 2708 287 2723 ³·
303 2707 416 2734 Zachar.
433 2716 469 2740 st,
486 2708 528 2735 12.
566 2707 589 2723 ⁸³
606 2708 700 2735 Matth.
719 2716 802 2740 uvu,
818 2708 845 2735 9.

266 2740 288 2756 “
302 2742 373 2768 Psal.
387 2750 463 2771 cvm.
477 2743 544 2774 6,-7.
581 2743 604 2759 ⁵⁰
620 2743 713 2770 Matth.
729 2750 813 2775 xxv",
837 2742 895 2770 5—5.

264 2775 289 2790 “
303 2776 382 2802 Prov.
397 2784 434 2808 tn,
452 2777 494 2809 l2,
509 2778 554 2805 l3.
590 2779 613 2794 ⁸⁸
629 2778 693 2805 ibid.
710 2777 753 2810 14,
768 2778 810 2804 l5.

857 2673 879 2688 ⁸³
894 2673 963 2700 Psal.
994 2680 1050 2705 ut,
1066 2672 1110 2699 l6.

882 2708 905 2723 “
923 2707 996 2734 l’sal.
1011 2716 1056 2739 ιιι,
1071 2707 1114 2734 ιι).

946 2743 969 2757 ⁸⁸
984 2741 1057 2769 Psal.
1075 2748 1141 2769 cvm
1151 2761 1159 2773 .
1173 2741 1201 2768 8.

848 2778 871 2793 ⁸⁸
884 2777 935 2805 Isa.
953 2785 1014 2810 xu,
1029 2777 1073 2810 l3,
1086 2777 1129 2804 Η.

1104 1566 1299 1601 Hierosolymis
1322 1566 1398 1594 Judx
1422 1565 1537 1600 proditio
1549 1566 1632 1592 dedit.
1667 1574 1677 1590 ‹
1704 1565 1822 1599 Propter
1844 1566 1892 1593 hoc

1103 1612 1241 1646 extemplo
1254 1612 1327 1639 venit
1342 1612 1456 1645 perditio
1473 1611 1567 1646 ipsius,
1583 1610 1731 1642 intercisio,
1747 1617 1776 1637 et
1790 1611 1892 1637 contri-

1104 1657 1142 1683 tio
1157 1656 1315 1683 insanabilis
1322 1657 1356 1684 ⁵⁵.
1373 1665 1383 1681 ι

1138 1702 1208 1735 Quin
1232 1705 1259 1729 ct
1281 1701 1364 1729 Isaias
1385 1702 1423 1728 ait
1447 1711 1455 1730 :
1477 1711 1487 1727 ‹
1511 1701 1568 1734 Εμο
1588 1694 1724 1729 suscitabo
1746 1709 1809 1729 eum
1830 1709 1889 1728 cum

1101 1750 1208 1785 justitia
1235 1757 1323 1784 regem
1349 1758 1357 1776 :
1382 1753 1409 1776 et
1433 1756 1529 1777 omnes
1553 1750 1603 1776 vite
1628 1750 1698 1776 illius
1722 1753 1813 1776 recte.
1832 1748 1888 1783 Ipse

1100 1795 1247 1823 aedilicabit
1265 1794 1403 1822 civitatem
1427 1801 1531 1826 meatu,
1548 1798 1575 1821 et
1595 1794 1777 1828 captivitatem
1799 1793 1888 1828 populi

1109 1841 1162 1868 mei
1182 1844 1332 1871 convertet,
1347 1848 1400 1867 non
1416 1848 1477 1867 cum
1496 1840 1594 1874 pretio,
1609 1847 1697 1874 neque
1713 1847 1776 1866 cum
1795 1846 1889 1866 mune-

1105 1887 1192 1914 ribus.
1212 1896 1221 1912 ι
1247 1887 1280 1913 Et
1302 1886 1399 1914 iterum
1423 1895 1430 1913 :
1457 1896 1466 1912 ι
1494 1887 1565 1913 Dixit
1586 1886 1714 1913 Dominus
1733 1884 1856 1912 Sabaoth
1879 1894 1886 1912 :

1102 1932 1247 1960 [.aboravit
1273 1931 1422 1968 Egyptns.
1439 1937 1471 1960 'et
1494 1933 1638 1966 negotiatio
1661 1932 1836 1966 Ethiopum,
1862 1937 1888 1959 ct

1101 1979 1209 2006 Sabbsei
1232 1979 1281 2006 viri
1304 1979 1403 2006 excelsi
1427 1981 1460 2006 ad
1482 1985 1508 2006 te
1527 1980 1690 2011 transibunt,
1703 1983 1731 2006 et
1751 1979 1790 2005 tui
1811 1983 1889 2005 erunt

1100 2026 1184 2057 servi,
1196 2030 1224 2052 et
1239 2030 1300 2059 post
1312 2030 1339 2052 te
1353 2030 1504 2060 sequentur
1517 2026 1598 2052 vincti
1614 2025 1737 2055 manicis,
1747 2029 1776 2052 et
1789 2025 1889 2051 transi-

1101 2071 1168 2098 bunt
1179 2071 1211 2097 ad
1225 2075 1297 2101 te,et
1311 2071 1462 2097 adorabunt
1475 2075 1514 2102 te;
1531 2071 1658 2105 quoniam
1673 2070 1698 2097 in
1713 2075 1739 2098 lc
1752 2070 1821 2097 Deus
1833 2075 1884 2101 est.

1099 2123 1128 2145 et
1146 2124 1201 2144 non
1217 2122 1260 2144 est
1277 2116 1348 2144 Deus
1367 2117 1470 2151 absque
1489 2117 1559 2144 te“.
1577 2126 1586 2142 ι
1608 2116 1674 2150 Qut:
1693 2121 1887 2143 commemorat

1103 2167 1187 2194 vates,
1204 2167 1234 2190 ut
1247 2170 1339 2190 verum
1355 2162 1438 2189 Deum
1452 2170 1514 2190 esse
1526 2162 1666 2190 Christum
1685 2162 1814 2190 credatis.

1381 2228 1496 2257 CAPUT
1514 2229 1603 2257 LVlll.

1103 2285 1140 2312 De
1153 2285 1266 2313 Sabbato
1280 2285 1445 2317 Iudaeorum,
1456 2292 1479 2313 et
1493 2286 1633 2313 Dominim
1647 2286 1865 2313 Christianorum.

1135 2341 1197 2368 Jun.
1218 2341 1400 2374 Quamobrem
1417 2348 1464 2368 vos
1481 2342 1609 2368 honorem
1627 2347 1653 2368 et
1667 2342 1780 2376 gratiam
1797 2341 1886 2367 Domi-

1103 2388 1171 2414 nicas
1189 2387 1336 2419 tribuistis,
1351 2395 1431 2422 quam
1454 2388 1522 2421 apud
1542 2394 1592 2414 nos
1615 2386 1760 2414 Sabbatum
1778 2386 1883 2413 habuit?

1136 2433 1248 2460 Cumsr.
1264 2432 1345 2461 Certe
1365 2433 1449 2460 multo
1467 2433 1572 2466 aequius
1592 2440 1654 2460 esse
1673 2437 1795 2458 sanctam
1816 2433 1883 2459 hanc

1102 2478 1269 2505 Dominiratn
1291 2485 1345 2512 pra:
1366 2483 1455 2505 vestro
1475 2477 1595 2505 Sabban
1617 2477 1760 2509 honorari,
1778 2478 1878 2504 abunde

1100 2529 1143 2551 est
1164 2524 1234 2551 unde
1257 2529 1417 2556 statuamus,
1435 2531 1488 2551 non
1512 2531 1546 2550 ex
1570 2524 1669 2551 nostris
1691 2523 1777 2550 solum
1800 2524 1879 2549 sacris

1103 2569 1295 2601 voluminibus,
1309 2569 1354 2596 sed
1369 2577 1403 2597 ex
1420 2570 1479 2604 ipso
1496 2571 1565 2597 adeo
1581 2569 1671 2596 divino
1687 2569 1803 2601 opiﬁcio.
1818 2568 1877 2594 Nam

1102 2616 1126 2642 si
1145 2615 1292 2649 requietem
1310 2616 1435 2648 colimus,
1450 2622 1551 2650 quanto
1570 2615 1656 2650 magis
1675 2621 1786 2649 operum
1805 2621 1879 2640 etor-

1165 2671 1188 2687 “
1204 2672 1267 2699 ibid.
1282 2671 1327 2700 2i.
1383 2673 1407 2688 '°
1421 2673 1471 2700 lsa.
1486 2680 1551 2705 ιιιι,
1567 2672 1626 2700 3-5.

1167 2706 1191 2722 ⁸⁸
1214 2707 1262 2734 lsa.
1282 2715 1323 2739 ut,
1341 2708 1384 2735 ll.
1436 2709 1459 2724 "
1473 2707 1545 2735 Psal.
1563 2715 1644 2740 xxxv,
1660 2707 1687 2734 l.

1251 2742 1272 2758 ⁶¹
1290 2742 1357 2770 ibid.
1386 2743 1429 2770 l7.
1482 2743 1504 2758 ⁸³
1519 2743 1583 2772 ibid.
1600 2742 1643 2770 l6.

1680 2672 1703 2689 ³³
1717 2672 1799 2698 Amos
1812 2680 1837 2700 ιι,
1852 2671 1876 2698 6.

1737 2707 1761 2722 "
1777 2707 1836 2733 ibid.
1851 2707 1877 2732 ‘2.

1694 2742 1718 2758 "
1731 2742 1792 2768 Act.
1807 2750 1825 2774 t,
1838 2741 1878 2768 2t}.

303 2853 360 2886 (ιδ)
380 2853 506 2881 Nazianz.
520 2855 640 2883 imitatur
655 2857 816 2892 iu_magnum
841 2855 973 2884 Basiliam
991 2858 1035 2891 l2,
1046 2858 1092 2892 36,
1104 2863 1131 2886 et
1143 2858 1217 2887 alibi.
