1955 3080
105 144 160 176 905

646 148 840 180 DIALOGUS
859 147 1009 180 CONTRA
1029 151 1197 182 JUDIEOS.

1678 157 1730 189 $06

101 202 197 230 dium!
218 203 313 238 Neque
329 204 400 232 enim
419 209 560 240 propterea
578 205 752 235 honorandus
767 211 809 235 est
822 206 894 234 Ada-
907 208 933 239 Α
945 207 1131 243 libamentum,
1147 218 1200 238 non
1217 211 1332 244 Pascha,
1343 208 1403 240 ‘non
1416 212 1525 240 festum.
1540 212 1637 241 Merito
1652 214 1733 250 igitur

102 257 176 281 mus,
189 249 260 284 quod
277 250 400 278 violando
415 253 550 286 praecepto
565 258 680 280 mortem
695 252 808 280 incurrit
821 252 895 288 (nam

103 294 129 322 id
153 295 261 330 quidem
277 301 317 323 est
332 297 504 332 extremum),
529 297 575 325 sed
610 298 682 333 quod
705 298 822 332 primum
847 297 895 326 Dci

103 341 231 369 manibus
245 341 332 370 factus
347 347 400 375 est,
415 347 497 378 atque
512 341 656 371 formatus.
673 343 740 371 Nam
758 351 821 372 ecce
836 345 894 372 haec

102 387 213 421 quidem
231 394 272 415 est
289 388 469 416 conformatio
486 388 592 423 divina;
615 390 698 418 altera
717 397 782 418 vero
805 395 894 418 trans-

103 434 211 469 gressio
228 435 357 462 humana.
889 469 891 471 ι

141 480 201 509 Jam
226 487 328 517 quanto
349 483 507 512 hominibus
528 485 587 512 sine
607 485 808 519 comparatione
827 492 895 520 prm-

103 534 178 556 stant
193 530 296 563 divina,
309 537 464 566 quantoque
480 538 521 560 est
535 533 695 568 principium
712 532 765 574 ﬁne
780 533 895 574 honora-

105 575 158 601 tius
175 575 321 610 (siquidem
339 576 402 604 illud
419 578 571 607 molitionis
582 586 662 606 causa
679 583 730 610 est,
745 572 788 606 liic
804 572 894 605 rerum

103 620 259 648 moliturum
288 623 459 658 dissolutio),
478 629 553 652 tanto
579 629 621 651 est
645 631 752 659 quoque
776 624 896 652 Sabbato

102 666 236 694 illustrior
259 671 286 695 et
307 669 448 703 augustior
467 669 618 697 Dominica.
637 669 771 697 Prazterea
794 671 895 698 consti-

102 717 162 740 tuto
185 714 321 748 principio
344 715 415 750 cogit
432 717 580 744 necessitas
598 717 678 744 ﬁnem
697 716 824 751 consequi
842 725 850 744 ξ
868 721 896 744 at

103 761 187 788 tinent
208 768 268 788 esse
290 761 424 795 principio
445 770 498 790 non
519 768 656 796 exstante,
672 763 792 791 insolens
810 769 852 790 est
868 768 895 790 et

103 806 268 834 inauditum.
286 806 399 835 Praestat
414 808 498 842 igitur
514 809 633 837 Sabbato
649 808 799 841 Dominica,
815 809 894 843 idque

100 859 134 879 ex
151 853 184 879 iis
198 860 257 887 quae
273 853 387 881 dicimus
400 854 451 881 erit
466 855 595 890 apertius.

140 898 274 927 Vicesima
301 900 394 935 quinta
421 901 521 928 mensis
546 901 628 929 Nisan
651 901 691 936 (ut
716 909 764 929 vos
787 900 894 929 Hebraei

101 945 224 978 vocatis,
247 946 327 974 nobis
348 954 414 975 vero
440 946 552 974 Martius
565 948 631 981 est),
659 948 730 975 Deus
755 947 892 982 opiﬁcium

102 992 204 1027 cepit;
235 992 373 1020 tricesima
399 993 556 1021 universum
583 993 634 1021 hoc
661 1001 741 1022 omne
768 995 891 1029 perl’ecit,

104 1038 244 1066 tricesima
266 1039 364 1073 prima,
380 1047 440 1074 quae
463 1047 477 1066 a
499 1044 589 1074 coepto
610 1039 717 1074 opiﬁcio
737 1045 894 1068 numeratur

101 1083 230 1117 septima,
246 1083 388 1118 requievit.
402 1084 441 1111 Ac
456 1083 544 1111 videte
559 1091 627 1111 sane
641 1084 744 1111 exitum
759 1085 892 1112 veritatis.

109 1129 140 1156 In
157 1129 208 1156 hac
225 1129 409 1157 Israelitarum
428 1137 461 1157 ex
478 1129 595 1165 Ευριο
613 1129 686 1164 fuga,
701 1135 728 1157 et
744 1129 770 1156 in
788 1129 894 1158 Chana-

106 1182 194 1203 naaam
220 1175 348 1203 transitus
374 1175 501 1210 corttigit;
520 1175 547 1203 in
573 1175 625 1203 Itac
650 1176 792 1210 promissae
816 1180 894 1204 terra:

100 1220 209 1248 sortitio
234 1225 261 1248 et
282 1221 420 1257 ingressus
438 1220 498 1248 fuit.
528 1221 557 1248 In
583 1221 634 1248 Itac
650 1220 761 1248 Gabriel
779 1221 894 1249 archan-

103 1267 180 1302 gelus
200 1267 302 1303 Virgini
325 1274 356 1295 ac
377 1267 498 1301 Dciparac
515 1267 568 1294 laeti
588 1267 674 1294 nuntii
692 1268 772 1294 verba
791 1267 892 1300 attulit,

101 1321 164 1348 qua:
189 1313 323 1348 extemplo
348 1318 377 1340 et
397 1312 499 1341 Christi
524 1321 573 1348 pro
598 1313 675 1342 nobis
703 1314 763 1340 sine
788 1313 894 1341 semine

103 1363 252 1394 conceptus
268 1362 296 1386 et
311 1366 412 1386 arcana
435 1358 588 1386 lncarnatio
607 1363 649 1386 est
666 1363 779 1391 secula;
798 1359 823 1386 in
843 1358 893 1387 hac

105 1403 165 1439 cjus
185 1411 217 1432 ex
239 1404 354 1432 mortuis
378 1403 559 1437 resurrectio;
583 1411 614 1431 ac
631 1403 776 1431 verisimile
796 1408 850 1436 est,
866 1403 893 1431 in

103 1450 156 1478 hac
169 1455 196 1478 et
209 1457 380 1479 communem
393 1450 514 1478 omnium
528 1454 651 1477 nostrum
666 1449 892 1478 resurrectionem

101 1496 233 1528 futuram,
249 1504 310 1524 cum
333 1498 359 1524 in
379 1498 461 1523 vitam
484 1496 616 1524 restitutis
636 1495 774 1524 Christum
794 1496 892 1523 iterum

101 1550 132 1570 se
155 1542 324 1570 tremendum
349 1542 491 1577 praebebit,
508 1546 536 1569 et
554 1541 740 1576 incorruptum
763 1540 891 1575 judicium

101 1587 254 1618 exercebit,
271 1586 406 1622 simulque
428 1586 539 1622 grandis
559 1586 652 1614 arcani
673 1586 840 1621 inspectores
860 1593 893 1614 ac

102 1639 254 1667 praecones,
272 1632 355 1660 divini
371 1632 494 1667 apostoli,
510 1632 536 1659 in
545 1632 688 1660 duodecim
703 1632 812 1659 sedibus
822 1632 893 1667 judi-

101 1677 197 1705 caudis
227 1677 372 1705 duodecim
406 1677 565 1706 lsraeliticis
597 1677 720 1705 tribubus
749 1677 891 1705 sedehunl.

103 1723 238 1751 Caeterum
268 1723 417 1750 desiturum
448 1723 609 1758 quandoque
636 1722 797 1756 Sabbatum,
823 1722 894 1750 Deus

103 1769 260 1796 Ahrahamo
280 1773 371 1796 vestro
391 1768 498 1804 parenti
519 1768 627 1803 aperuit
653 1768 679 1795 in
703 1768 761 1796 haec
782 1768 863 1796 verba
885 1777 891 1795 :

107 1825 116 1841 ι
136 1815 175 1842 Tu
189 1823 254 1850 ergo
267 1816 404 1843 custodics
420 1820 525 1851 pactum
544 1823 645 1848 meum,
657 1819 686 1842 et
699 1822 792 1843 semen
807 1820 893 1850 tuum,

104 1863 131 1890 in
152 1863 340 1898 generationes
359 1870 422 1890 suas
434 1863 477 1896 ’τε
497 1871 506 1888 ›
527 1867 555 1890 et
572 1862 668 1890 iterum
686 1869 694 1888 :
715 1869 725 1887 ι
744 1860 895 1888 Circumci-

104 1909 184 1936 detur
197 1915 231 1936 ex
248 1907 324 1936 vobis
338 1915 417 1936 omne
433 1908 611 1936 masculinum
630 1907 657 1935 in
677 1906 894 1942 generationibus

101 1955 201 1982 vestris
210 1955 250 1987 ‘l;
267 1963 277 1981 ι
299 1954 396 1982 ibidem
415 1960 423 1984 :
447 1963 456 1980 α
479 1953 569 1981 Infans
583 1958 645 1981 Octo
660 1953 763 1981 dierum
775 1953 896 1980 circum-

101 2002 209 2029 cidetur
229 2009 237 2028 :
257 2001 363 2035 eritque
385 2005 493 2035 pactutn
516 2008 605 2027 meum
629 2000 701 2027 inter
718 2007 761 2027 me
780 2004 807 2027 et
823 2000 895 2027 inter

103 2055 162 2080 ros,
175 2048 201 2074 in
216 2048 440 2083 generationibus
455 2047 553 2074 vestris
563 2046 596 2073 θ’.
612 2054 621 2071 ι
639 2045 741 2073 Videtis
755 2053 816 2072 cum
832 2051 893 2073 ortu

102 2095 215 2122 fu-deris
248 2095 329 2122 etiam
358 2092 517 2121 interitum?
550 2091 607 2119 Non
630 2092 701 2119 enim
720 2092 812 2119 dixit:
839 2092 895 2119 Iloc

101 2141 155 2168 erit
168 2141 274 2175 signum
291 2139 362 2167 inter
387 2147 430 2166 me
444 2144 471 2166 et
482 2138 553 2165 inter
567 2144 614 2164 vos
631 2137 657 2164 in
672 2141 779 2171 pactum
796 2137 895 2171 sempi-

102 2191 210 2213 ternum
231 2185 298 2219 (47).
329 2184 422 2218 Neque
443 2183 468 2211 id
488 2182 573 2211 semel
591 2182 669 2214 dixit,
697 2182 743 2209 sed
770 2186 811 2208 ter
829 2189 895 2216 qua-

946 260 1043 284 octavo
1068 256 1112 284 die
1138 257 1261 284 instituta
1287 257 1460 287 circumcisio
1481 264 1539 294 est,
1564 268 1613 288 ceu
1639 265 1734 288 sancto

946 306 1027 336 atque
1052 302 1166 335 mundo;
1196 311 1257 330 natu
1286 303 1311 330 in
1335 303 1455 332 Levitico
1479 311 1606 338 ocla\us,
1623 311 1735 335 sanctus

946 352 1029 382 atque
1058 349 1175 376 mundus
1201 354 1328 381 vocatur.
1355 349 1467 377 alteram
1493 352 1553 379 novi
1581 352 1690 381 foederis
1719 361 1733 380 a

946 391 1056 421 Christo
1076 396 1200 430 patrandi
1223 395 1309 430 legem
1331 395 1478 431 designans
1495 407 1502 424 :
1521 408 1529 424 ‹
1547 399 1654 434 Septem
1675 399 1733 427 dies

948 439 994 466 tibi
1015 445 1042 467 et
1063 441 1122 473 bos,
1140 447 1167 469 et
1183 441 1350 476 jumentum.
1368 447 1395 470 et
1417 443 1581 477 mancipium
1603 445 1733 478 servient,

946 490 1043 513 octavo
1062 485 1145 514 libera
1164 489 1300 515 erunt"°'.
1320 498 1329 514 ›
1353 488 1392 516 En
1415 494 1541 516 octavum
1561 489 1631 517 diem
1652 491 1734 518 liber-

948 531 1022 564 tatis,
1039 525 1098 566 (μιαί
1113 538 1235 560 sanctam
1252 534 1419 562 Dominicam
1437 539 1581 570 prmuotal,
1595 544 1647 570 qua
1667 537 1735 565 Deus

947 580 1041 604 noster
1055 577 1291 606 Christus‘orhem
1309 585 1439 607 terrarum
1453 588 1467 606 a
1481 578 1581 607 diaboli
1596 580 1736 609 fraudibus

947 621 1082 650 liberavit.

981 668 1041 696 Jam
1066 678 1130 698 vero
1149 672 1304 700 universum
1330 674 1380 701 hoc
1406 678 1509 709 septem
1546 675 1611 703 aevis
1637 675 1737 702 durare

944 713 1050 748 iussum
1073 720 1125 749 est,
1147 721 1259 744 auctore
1287 717 1455 746 Salomone:
1475 729 1485 745 ‹
1506 719 1543 747 Da
1562 725 1666 755 partem
1691 727 1736 747 se-

947 763 1032 793 ptem,
1050 768 1100 788 nec
1116 769 1169 789 non
1182 766 1210 790 et
1226 768 1289 790 oelo
1303 763 1337 791 ".
1355 773 1365 789 ι
1384 763 1411 791 Id
1423 765 1497 799 quod
1513 769 1539 792 et
1560 773 1672 801 magnus
1691 765 1737 792 ille

947 801 1083 839 apostolus
1096 805 1208 839 Paulus,
1226 807 1327 835 Christi
1350 816 1391 840 os,
1408 809 1454 844 qui
1475 809 1501 836 in
1520 810 1629 836 tertium
1646 816 1733 843 usque

948 849 1048 877 coelum
1065 853 1234 886 conscendit,
1251 858 1365 881 testatur
1386 854 1413 881 in
1441 854 1498 882 haec
1514 855 1594 882 verba
1611 863 1618 881 :
1641 863 1650 881 ι
1667 854 1735 881 Cum

912 882 934 910 Β
950 895 1093 923 tradiderit
1119 882 1232 932 regnum
1250 898 1305 926 Deo
1327 904 1353 926 et
1378 900 1451 927 Patri
1476 900 1560 928 Filius
1573 901 1607 932 ",
1631 905 1686 928 tum
1708 905 1738 928 et

947 939 1004 975 ipsa
1026 945 1151 969 creatura
1181 941 1342 970 liberabitur
1363 951 1377 970 a
1405 945 1538 972 servitute
1563 945 1597 972 ”.
1615 955 1624 970 ι
1654 944 1736 980 Igitur

946 987 1064 1013 nondum
1080 988 1192 1022 cognito
1208 988 1252 1016 die
1265 995 1375 1022 octavo,
1396 989 1459 1024 jure
1477 990 1611 1025 septimus
1627 991 1736 1018 coleba-

948 1035 1000 1064 tur,
1016 1036 1046 1058 ut
1059 1031 1191 1067 feriatus;
1211 1042 1272 1062 nam
1296 1039 1324 1062 et
1350 1036 1468 1064 instante
1489 1036 1544 1070 illa,
1572 1042 1600 1064 at
1616 1038 1735 1065 nondum

946 1082 1080 1112 praesente
1094 1083 1174 1107 attate
1187 1085 1293 1114 octava,
1310 1086 1414 1116 septem
1433 1082 1562 1110 duntaxat
1579 1084 1735 1112 hominibus

946 1127 1041 1152 aetates
1055 1131 1196 1160 putantur.

981 1168 1212 1201 Quemadmodum
1227 1174 1317 1198 autem
1333 1178 1391 1199 aevo
1415 1171 1459 1200 illo
1479 1177 1576 1202 octavo
1594 1174 1675 1209 (quod
1693 1174 1737 1201 fu-

947 1217 1037 1240 turum
1052 1218 1104 1246 est,
1120 1220 1148 1242 et
1164 1223 1301 1250 nunquam
1317 1216 1437 1253 ﬁnietur)
1454 1226 1506 1245 non
1519 1219 1575 1252 jam
1593 1227 1674 1253 porro
1690 1227 1735 1247 se-

946 1264 1019 1295 ptem
1047 1260 1256 1294 przecedentium
1275 1263 1406 1291 memoria
1424 1263 1476 1290 ulla
1491 1270 1606 1300 agetur;
1625 1265 1665 1293 sic
1679 1265 1736 1293 Do-

947 1306 1061 1339 ninica,
1082 1306 1127 1341 qui
1144 1312 1258 1335 octavus
1278 1307 1413 1335 libertatis
1433 1309 1491 1337 dies
1516 1314 1568 1342 est,
1590 1316 1735 1345 praesente.

947 1351 1058 1379 Sabbati
1089 1352 1196 1380 actione
1229 1360 1297 1388 opus
1324 1359 1366 1381 est
1393 1354 1478 1383 nulla.
1508 1355 1647 1391 Siquidem
1674 1365 1735 1384 (um

946 1398 1070 1426 servituti
1088 1399 1241 1434 subjacerct
1253 1407 1340 1435 genus
1353 1401 1512 1434 humanum.
1535 1403 1692 1431 necessario
1709 1408 1738 1432 et

947 1444 1066 1472 Sabbsto
1075 1452 1143 1481 opus
1152 1450 1221 1478 erat,
1231 1445 1442 1482 fessisexiguam
1456 1448 1605 1483 requietem
1619 1439 1733 1478 ferente.

946 1491 982 1519 At
994 1491 1038 1519 ubi
1060 1491 1116 1526 jam
1142 1492 1198 1519 dies
1222 1496 1334 1520 octavus
1353 1492 1478 1521 libertate
1499 1494 1590 1522 omnia
1614 1495 1736 1529 donavit,

946 1537 1040 1571 ecquis
1057 1537 1183 1572 deinceps
1201 1545 1267 1565 usus
1281 1538 1317 1565 sit
1333 1538 1461 1573 septimi?
1475 1539 1515 1568 Ac
1539 1539 1562 1567 si
1576 1539 1652 1573 libet,
1669 1548 1737 1569 con-

947 1583 1066 1611 siderate
1095 1584 1240 1618 diligenter
1261 1585 1489 1620 quemadmodum
1521 1593 1582 1614 cum
1606 1593 1737 1621 parentes

946 1630 1029 1657 vestri
1046 1637 1146 1657 manna
1161 1631 1187 1657 in
1200 1630 1308 1658 deserto
1325 1631 1513 1665 vescebantur,
1530 1637 1559 1660 ut
1578 1633 1616 1660 sit
1628 1632 1712 1661 David
1727 1644 1734 1661 :

949 1684 958 1701 ι
976 1675 1076 1703 Panem
1093 1676 1250 1712 angelorum
1267 1677 1439 1705 manducavit
1452 1678 1534 1706 homo
1547 1679 1588 1712 ’δε
1606 1687 1616 1704 (
1631 1681 1737 1708 caeteris

947 1722 1043 1750 diebus
1059 1722 1128 1758 frugi
1144 1726 1171 1749 et
1184 1722 1257 1749 utilis
1273 1727 1332 1750 erat
1347 1731 1455 1750 mannze
1481 1723 1614 1757 collectio,
1641 1733 1693 1752 non
1708 1726 1736 1754 in

946 1768 1095 1796 crastinum
1115 1775 1165 1803 pro
1179 1767 1292 1796 Iudaica
1314 1768 1433 1803 ingluvie
1454 1777 1580 1803 manens,
1607 1771 1655 1798 sed
1676 1779 1738 1805 qua:

947 1815 1014 1843 satis
1024 1820 1097 1843 esset
1114 1815 1211 1843 diurno
1223 1814 1353 1842 alimento
1371 1823 1378 1843 :
1397 1816 1468 1850 quod
1491 1816 1514 1844 si
1533 1816 1654 1845 Sabbato
1670 1818 1734 1852 quis

947 1861 1103 1896 collegerat,
1114 1861 1237 1888 inutilem
1249 1868 1362 1896 prorsus
1371 1862 1505 1890 sentiebat
1515 1870 1636 1898 operam.
1649 1863 1735 1892 Caete-

947 1914 1007 1934 rum
1024 1914 1057 1933 ex
1070 1914 1123 1941 quo
1140 1906 1260 1935 cmlestis
1275 1906 1320 1935 ille
1334 1907 1424 1942 panis,
1446 1915 1525 1942 quem
1545 1914 1574 1936 ut
1587 1909 1733 1938 carbonem

947 1951 1030 1979 Isaias
1040 1953 1189 1987 perspexit,
1198 1956 1225 1980 et
1232 1959 1248 1980 a
1257 1952 1493 1988 cherubinoxﬂ'),
1501 1954 1547 1988 qui
1561 1953 1664 1990 forcipe
1672 1963 1735 1983 eum

946 2006 979 2026 ex
995 2005 1042 2026 ara
1054 2004 1219 2033 sumpserat,
1235 2003 1388 2031 contactus,
1402 2001 1450 2026 abs
1462 1999 1576 2028 Domino
1588 2001 1644 2029 Deo
1657 2009 1738 2031 exer-

947 2044 1050 2072 cituum
1071 2044 1174 2072 audivit
1195 2053 1202 2072 :
1231 2054 1240 2071 l
1258 2045 1329 2073 Ecce
1353 2046 1428 2082 tetigi
1454 2047 1505 2075 hoc
1528 2047 1600 2075 labia
1628 2053 1692 2082 tua,
1710 2053 1738 2076 et

947 2089 1087 2117 auferetur
1102 2090 1234 2125 iniquitas
1248 2097 1305 2124 tua,
1320 2095 1349 2118 et
1365 2096 1505 2126 peccatum
1527 2098 1602 2122 tuum
1619 2095 1735 2122 munda-

948 2135 1021 2162 bitur
1045 2135 1088 2168 ”;
1104 2144 1113 2161 ι
1136 2142 1170 2162 ex
1195 2143 1263 2170 quo,
1295 2137 1417 2172 inquam,
1444 2138 1566 2172 caelestis
1590 2139 1635 2167 ille
1659 2141 1736 2175 panis

948 2180 1115 2216 benignitate
1127 2182 1221 2209 sterni
1239 2181 1328 2210 Patris
1338 2202 1346 2215 ,
1361 2187 1389 2210 et
1404 2183 1489 2210 sancti
1507 2184 1626 2219 Spiritus
1639 2193 1690 2221 ope
1707 2187 1734 2215 in

104 2230 297 2267 terque.Unde
310 2229 556 2264 cOnstatjudicium
573 2229 624 2256 hoc
639 2235 726 2262 neque
740 2228 766 2254 in
780 2229 892 2255 alteram
910 2237 932 2264 υ
950 2232 1051 2254 terram
1075 2225 1226 2260 descendit,
1253 2226 1292 2253 uti
1317 2227 1350 2253 de
1370 2234 1400 2253 se
1424 2226 1482 2261 ipse
1503 2228 1603 2256 clamat
1624 2239 1632 2257 :
1653 2239 1663 2256 ι
1679 2230 1737 2265 Ego

102 2285 223 2310 aetatem,
240 2285 328 2313 neque
346 2278 379 2305 ad
391 2282 513 2304 extrema
533 2282 619 2310 usque
631 2275 819 2308 statuendum;
836 2274 894 2307 sed,

945 2279 1004 2300 sum
1018 2271 1106 2306 panis,
1120 2271 1164 2306 qui
1179 2271 1211 2298 de
1219 2271 1287 2298 cmlo
1299 2271 1478 2303 descendi”;
1495 2281 1504 2298 ι
1517 2280 1551 2300 ex
1561 2281 1593 2301 eo
1608 2281 1658 2302 nec
1669 2275 1738 2302 Sab-

102 2325 227 2359 Quandiu
239 2325 330 2352 animo
341 2331 401 2352 meo
412 2322 568 2354 colluhebit,
579 2321 765 2356 posteritatem
775 2325 894 2348 vestram
943 2318 1036 2346 batum
1051 2318 1091 2351 Iit,
1106 2325 1156 2345 nec
1169 2318 1259 2353 quies,
1289 2325 1339 2346 nec
1356 2318 1443 2346 tenuis
1454 2323 1481 2345 et
1493 2319 1588 2355 exigua
1603 2321 1669 2354 vita,
1684 2329 1735 2349 nec

105 2377 229 2400 rectores
245 2376 327 2406 atque
343 2377 422 2406 reges
435 2369 545 2396 habere.
558 2367 598 2394 0b
614 2367 638 2394 id
652 2367 777 2402 praesagit
792 2366 874 2393 Israel
888 2375 895 2393 :

105 2428 115 2445 ι
136 2418 195 2446 Non
211 2419 319 2446 deﬁciet
335 2417 390 2444 dux
406 2423 440 2443 ex
453 2415 522 2443 Juda
533 2435 541 2447 ,
554 2419 580 2441 et
597 2414 723 2449 princeps
742 2413 775 2440 de
793 2412 897 2440 femore

102 2465 174 2500 ejus,
188 2465 274 2492 donec
290 2464 411 2496 veniant,
424 2469 485 2497 quae
500 2460 616 2496 reposita
633 2464 714 2491 sunt;
730 2463 758 2486 ct
772 2459 829 2493 ipse
843 2459 895 2486 erit

101 2510 271 2545 exspectatio
293 2510 417 2544 gentium
429 2508 463 2534 “'.
489 2517 498 2533 ι
526 2507 561 2533 At
585 2505 631 2533 ubi
653 2504 727 2532 venit
754 2504 894 2536 Christus,

104 2564 158 2584 non
180 2557 236 2591 jam
261 2556 377 2590 amplius
405 2554 468 2582 huic
490 2551 658 2588 generationi
680 2550 895 2578 circumcisionis

103 2606 236 2629 statutum
251 2601 338 2628 fmdus
351 2601 441 2631 durat,
456 2606 508 2626 non
523 2597 690 2627 vaticinium,
703 2604 756 2623 non
770 2603 894 2631 regnum,

103 2655 157 2675 non
171 2647 351 2682 pontiﬁcium,
367 2653 420 2672 non
438 2643 597 2676 Sabbatum,
613 2649 666 2669 non
680 2641 824 2676 jejunium,
841 2649 894 2669 non

138 2717 160 2733 ⁸⁷
173 2717 242 2745 Gcn.
259 2725 328 2749 xvtt,
345 2716 371 2744 9.
422 2716 443 2733 ⁸⁸
457 2716 523 2742 ibid.
540 2714 583 2741 I0.
631 2713 652 2749 ε’
666 2712 732 2740 ibid.
749 2712 792 2749 I2.

102 2752 152 2779 ⁷⁸1
177 2755 241 2779 Cor.
264 2761 311 2783 xx,
333 2753 378 2778 ‘24.
417 2753 440 2767 "
460 2751 538 2778 Itum.
555 2757 613 2782 vui,
631 2748 677 2775 21.

101 2797 119 2819 x
134 2798 161 2821 ν,
176 2789 214 2815 l8.
253 2788 275 2803 7‘
289 2789 372 2815 Exod.
388 2795 449 2819 xxv,
463 2787 507 2812 50.

156 2878 215 2913 (I7)
234 2877 264 2904 Et
282 2881 372 2902 tamen
390 2875 451 2903 ibid.
470 2874 570 2901 dicitur
583 2873 644 2900 bis:
663 2879 687 2899 ν.
700 2871 715 2896 7
729 2876 755 2898 et
769 2871 812 2898 15.

249 2925 384 2955 ΡΑτιιαι..
402 2922 460 2952 (in.
481 2919 648 2950 CXXXIII.

843 2712 866 2728 '°
880 2711 947 2740 Gen.
968 2720 1040 2744 uix,
1068 2711 1109 2737 l0.

715 2749 736 2763 τι
752 2747 826 2775 Psal.
841 2755 942 2780 tum,
960 2747 1006 2774 ‘25.

945 2363 1085 2390 moderata
1102 2363 1232 2398 partitio,
1255 2363 1302 2390 sed
1324 2363 1397 2390 otnni
1416 2363 1482 2390 hora
1504 2364 1628 2392 Christus
1653 2372 1735 2394 atter-

946 2418 1007 2438 nam
1021 2418 1051 2438 ac
1067 2417 1213 2443 perennem
1231 2409 1312 2435 vitam
1329 2409 1386 2436 suis
1403 2409 1512 2436 fatnulis
1525 2409 1649 2444 largitur.

1237 2454 1354 2482 CAPUT
1375 2453 1442 2482 LIX.

1013 2500 1093 2528 I’anis
1115 2500 1302 2534 propositionis
1314 2519 1322 2533 ,
1339 2506 1415 2535 typus
1432 2502 1547 2536 corporis
1564 2502 1673 2530 Christi.

984 2547 1054 2581 Quin
1070 2552 1097 2574 et
1111 2547 1189 2581 panis
1204 2552 1232 2573 et
1248 2547 1352 2581 viuum,
1366 2555 1425 2581 qua:
1446 2547 1598 2582 proferebat
1619 2548 1733 2576 Melchi-

950 2593 1049 2620 sedet,“
1064 2592 1098 2625 ⁸η,
1116 2597 1143 2619 ct
1160 2594 1237 2628 panis
1260 2592 1464 2627 propositionis,
1482 2601 1550 2628 quos
1569 2594 1618 2622 soli
1642 2601 1735 2622 sacer-

949 2642 1024 2668 dotes
1047 2638 1164 2666 edcbant
1185 2639 1228 2672 ",
1252 2639 1375 2674 corporis
1398 2646 1430 2666 ac
1463 2639 1604 2674 sanguinis
1634 2639 1736 2668 Christi

1161 2710 1194 2726 ⁷⁶⁶
1207 2709 1293 2737 Levit.
1309 2718 1386 2743 xxtu,
1407 2709 1454 2737 36.
1506 2710 1530 2726 “
1549 2710 1637 2739 Eccle.
1655 2719 1691 2743 υ,
1708 2711 1737 2739 2.

1046 2747 1067 2762 ⁷³
1083 2746 1133 2773 lsa.
1157 2754 1192 2777 γι,
1209 2745 1233 2772 7.
1289 2746 1312 2762 ⁷⁸
1329 2745 1406 2773 Joan.
1431 2754 1467 2789 vi,
1479 2745 1524 2779 AI,
1539 2745 1584 2773 51.
1630 2746 1652 2762 ⁷⁷
1666 2745 1738 2775 Gen.

978 2870 1046 2907 (ΛΤ)
1060 2870 1213 2906 Scraphim.
