1955 3080
245 109 296 139 1)(ιῖ

848 107 1004 138 ANDRON
1010 107 1061 138 ICI
1077 107 1249 139 COMNENI

1807 108 1864 141 903

244 165 409 193 sacriﬁcium
424 165 632 200 prarsignabanl.
655 164 723 193 Nam
737 166 788 194 etsi
811 167 929 201 majores
945 167 1026 194 vestri
1042 171 1064 199 Α
1079 174 1132 202 que
1149 168 1222 194 enim
1237 166 1319 194 ullum
1333 167 1423 196 scelus
1438 172 1480 195 est
1493 167 1541 196 Dei
1567 167 1761 203 benignitatem
1780 176 1866 203 supc-

243 219 338 246 panetn
353 209 438 242 illuni,
456 211 500 246 qui
516 211 610 237 umbra
626 211 746 245 quaedam
760 217 786 239 et
803 211 940 247 exemplar
952 217 1025 238 esset

241 258 429 289 comederunt,
443 260 470 283 at
487 256 663 284 nihilominus
675 265 768 284 eorttm
782 258 902 285 membra
918 258 1026 284 accide-

242 305 316 333 runt,
337 301 363 328 in
380 301 527 329 solitudine
539 302 577 334 7';
593 302 637 337 qui
653 310 720 330 vero
740 303 790 330 hoc
809 310 878 338 pane
894 303 1022 335 vescitur,

239 346 303 381 quid
329 353 343 374 a
369 354 398 373 se
419 351 580 381 accepturus
604 348 657 381 sit,
686 348 801 383 ipsemet
825 348 953 375 Servator
976 348 1019 375 do-

239 395 282 419 cet
308 392 334 419 in
360 392 430 420 hanc
457 394 646 421 sententiam:
675 394 750 427 «Qui
775 395 919 421 manducat
937 401 1022 421 meam

238 445 359 469 carnem,
378 442 405 464 et
430 438 497 466 bibit
519 447 606 467 meum
634 440 803 474 sanguinem,
830 440 912 467 habet
929 441 1022 475 Z_vitam

238 486 367 510 mternam
388 483 423 511 ⁸⁸.
439 493 448 509 ι
477 484 658 517 Quamobrem
684 485 782 513 clamat
810 486 895 514 Isaias
924 496 931 514 :
965 496 974 512 ι
990 487 1023 513 Et

237 528 289 554 erit
305 529 330 556 in
348 529 391 556 dic
417 529 472 562 illa,
501 530 578 557 radix
594 529 680 562 Iesse,
708 535 734 558 et
745 531 790 565 qui
816 532 965 567 consurgit,
993 537 1024 559 ut

237 574 362 610 princeps
382 575 544 610 sitgentium
558 584 565 608 ;
582 576 607 602 in
624 577 682 611 ipso
701 583 794 612 geulcs
809 578 958 611 sperabunt
975 586 981 604 :
995 582 1023 605 et

236 618 290 645 erit
307 619 415 653 requies
431 618 489 652 ejus
506 619 592 646 honor
613 619 647 646 ".
668 630 678 646 ι
698 621 729 648 Et
742 629 801 654 qua:
815 622 867 648 alia
887 627 978 649 autem
996 623 1020 650 ei

237 665 345 699 requies
371 664 433 697 erit,
461 668 542 699 atque
569 665 666 698 honor,
691 674 771 701 quam
798 668 830 694 ad
855 675 952 695 arcana
975 669 1019 695 illa

235 709 325 736 divina
343 713 370 736 et
385 709 483 736 munda
504 717 564 737 cum
581 711 679 739 timore
700 717 727 739 et
752 713 866 740 horrore
882 722 1018 748 accessu,

235 755 408 790 ctperceptio
420 756 558 790 (eorum)?
574 755 644 784 Idem
658 758 718 785 alibi
733 767 740 785 :
755 767 764 784 ι
782 758 865 786 Periit
884 760 1018 794 princeps,

236 801 282 835 qui
298 802 618 834 conculcahatterram”,
635 813 644 829 ι
658 804 813 838 scilicetqui
825 812 873 832 nos
888 805 1017 840 supplan-

236 852 273 874 tat
289 847 430 882 malignus,
446 848 479 875 de
492 856 545 883 quo
559 854 586 877 et
604 857 679 877 meus
695 849 826 878 Dominus
850 851 888 877 ait
905 860 912 878 :
931 860 940 877 ι
960 850 1015 877 Ve-
1032 842 1056 872 Β

235 892 274 918 nit
305 892 430 927 princeps
458 893 550 920 mundi
577 895 667 930 hujus,
693 900 720 922 et
742 895 768 922 in
791 903 834 923 me
857 904 909 923 non
937 897 1020 925 habet

234 937 380 970 quidquam
397 938 428 964 ¹¹³.
444 947 453 963 ι
467 952 499 958 —-
512 947 522 964 ι
535 938 735 973 Dirigeturcum
747 941 931 968 misericordia
941 942 1019 970 thro-

234 989 285 1008 nus
298 982 356 1016 ejus
364 982 399 1015 ",
419 991 428 1007 ι
449 983 534 1010 honor
552 984 676 1012 videlicet
692 986 758 1020 lapsi
769 987 876 1014 Adami.
891 988 936 1014 Est
946 989 1017 1015 enini

234 1027 346 1053 thronus
372 1028 482 1055 honoris
513 1029 629 1063 signum.
655 1030 689 1057 At
706 1038 759 1065 quo
778 1037 854 1066 pacto
872 1033 1020 1069 dirigetur?

236 1081 245 1097 r
262 1072 312 1100 Per
325 1073 430 1100 viscera
447 1073 641 1102 misericordia:
655 1075 703 1103 Dei
718 1077 802 1104 nostri
817 1077 852 1106 ⁸³.
867 1088 876 1104 ι
893 1079 925 1105 Ει
943 1080 1020 1106 sede-

233 1118 271 1144 bit
295 1125 376 1152 super
397 1118 473 1146 illum
495 1127 558 1146 cum
582 1121 698 1148 veritate
722 1123 748 1149 in
771 1123 945 1151 tabernaculo
967 1125 1020 1152 Da-

234 1164 287 1195 vid,
323 1164 349 1190 id
374 1169 426 1197 est,
454 1172 565 1193 consors
596 1167 681 1194 tribus
720 1176 753 1194 ac
783 1169 873 1204 gloriae
892 1171 1018 1204 perennis

233 1208 354 1241 sedebit;
370 1219 378 1234 ι
389 1209 515 1243 judicans
529 1215 555 1238 et
569 1212 863 1246 exquirensjudieium,
879 1219 904 1241 et
917 1214 1018 1242 faciens

232 1253 450 1281 misericordiam
478 1255 512 1283 °‘.
530 1265 539 1281 ι
567 1256 737 1285 Zacharias:
758 1267 767 1283 ι
790 1258 902 1287 Venicnt
926 1262 1017 1296 populi

229 1298 322 1330 multi,
342 1303 368 1326 et
384 1304 478 1334 gentes
500 1301 632 1335 plurimm,
648 1306 676 1328 ut.
696 1308 819 1337 quaerant
841 1303 938 1332 faciem
964 1305 1016 1332 Do~

234 1345 298 1372 mini
314 1345 345 1373 ἔτ.
366 1355 374 1371 ι
390 1361 425 1366 -
436 1355 444 1371 ι
462 1346 490 1373 Ιιι
503 1347 546 1374 dic
562 1347 616 1381 illa,
630 1348 694 1375 dicit
711 1349 849 1382 Dominus,
865 1350 1017 1385 disperdatn

233 1391 340 1419 nomina
357 1391 489 1418 idolorum
506 1392 538 1418 de
556 1397 637 1425 terra,
652 1398 678 1420 ct
694 1401 746 1421 tton
767 1395 820 1422 erit
837 1395 906 1422 ultra
922 1403 1016 1423 eorutn

233 1438 363 1464 memoria
389 1436 422 1464 ".
446 1445 455 1462 ι
486 1436 518 1463 Ει
543 1437 626 1466 Isaias
653 1447 660 1466 :
684 1448 694 1464 ι
711 1439 757 1466 Die
784 1440 827 1467 illa
857 1441 942 1469 ﬁdens
966 1443 1018 1469 erit

233 1482 314 1509 ltomo
336 1482 362 1509 in
378 1490 410 1509 eo
443 1484 487 1517 qui
515 1483 579 1510 fecit
603 1492 662 1511 emn
679 1493 686 1512 :
704 1485 774 1512 oculi
798 1491 888 1514 autem
906 1488 965 1523 ejus
989 1490 1015 1514 in

235 1533 357 1555 sanctum
377 1528 459 1555 Israel
477 1529 654 1556 intuebuntur
671 1530 703 1556 9’.
720 1540 728 1555 ι

271 1573 360 1608 Atque
392 1573 448 1601 lucc
466 1580 559 1602 sancta
583 1578 741 1603 mcouomim
771 1578 872 1605 CliriSti
900 1585 1000 1606 arcana

232 1619 370 1651 notabant,
397 1620 496 1654 quilms
525 1622 706 1656 percipiendis
739 1624 829 1657 ipsum
863 1625 1016 1653 Scrvatoris

225 1665 332 1693 Christi
358 1673 466 1693 sacrum
501 1674 600 1702 corpus
624 1670 828 1705 pretiosumque
857 1673 1014 1707 sanguinem

231 1712 404 1746 percipimus,
424 1718 452 1740 ut
468 1715 500 1740 ab
518 1721 549 1741 eo
564 1715 652 1742 edocti
668 1722 763 1743 suatus
780 1724 787 1743 :
809 1726 819 1742 ε
833 1717 882 1749 Qui
901 1720 1015 1745 mandu-

231 1761 276 1784 eat
291 1765 376 1784 meam
394 1765 517 1791 carnem,
540 1764 566 1786 et
592 1760 659 1787 bibit
685 1768 775 1787 meum
801 1762 970 1797 sanguinem,
989 1764 1014 1790 in

231 1809 275 1828 me
288 1806 388 1835 manet,
405 1807 433 1829 et
448 1810 497 1838 ego
515 1803 542 1830 itt
560 1804 606 1831 illo
626 1805 660 1832 ’°.
680 1814 688 1830 ι
715 1805 832 1833 Rursum
849 1808 882 1833 ad
899 1808 1016 1842 discipu-

233 1846 290 1873 los:
308 1855 319 1872 ι
336 1847 457 1881 Accipite
468 1853 494 1875 et
508 1849 640 1876 contcdite
654 1859 660 1877 :
677 1851 727 1878 hoc
743 1856 897 1886 cstcorpus
912 1861 1013 1882 meum.

228 1891 289 1918 IIoc
303 1893 382 1919 l‘acite
396 1893 422 1919 in
440 1901 525 1920 meam
551 1897 834 1923 commemorationem
853 1898 886 1924 ⁸³.
908 1907 917 1923 ι
935 1899 1016 1926 Simi-

233 1939 293 1964 liter
309 1943 336 1965 et
349 1939 381 1966 de
395 1939 479 1966 calice
495 1940 581 1967 dicit:
600 1951 608 1967 ι
627 1941 715 1969 Bibite
730 1951 762 1970 ex
779 1944 830 1970 hoc
845 1952 950 1972 omnes.
968 1946 1015 1974 llic

232 1989 274 2010 cst
286 1985 357 2010 enim
373 1986 484 2019 sanguis
514 1994 590 2014 meus
615 1989 677 2014 novi
709 1991 874 2023 testamenti,
906 1993 949 2025 qui
968 2000 1015 2026 pro

234 2029 309 2056 vobis
323 2036 349 2056 et
363 2037 411 2064 pro
422 2031 517 2058 multis
533 2031 687 2060 ellundetur
699 2035 724 2061 Ill
752 2037 937 2064 remissionem
955 2047 1016 2073 pec-

231 2076 403 2102 catorum".
421 2085 430 2102 ι
461 2076 512 2104 Sed
539 2078 597 2106 lucc
613 2081 678 2108 satis
701 2087 764 2109 sunt
777 2083 809 2110 de
835 2083 957 2119 principe
983 2093 1015 2113 ac

232 2121 325 2155 regina
341 2121 466 2156 dierum;
484 2131 554 2151 nuttc
571 2126 704 2154 orationis
727 2135 804 2154 arent
831 2131 863 2156 ad
890 2138 1014 2158 resurre-

1077 220 1150 240 rans.
1167 212 1199 240 Et
1211 219 1270 248 post
1283 219 1367 248 pauca
1383 223 1390 240 :
1411 223 1421 239 ‹
1441 213 1473 240 Et
1489 213 1602 248 populus
1619 216 1664 249 qui
1681 215 1835 247 creabitur,
1851 224 1862 240 ι

1078 259 1182 286 scilicet
1197 268 1245 294 per
1262 260 1444 295 evangelicam
1467 260 1628 293 doctrinam,
1647 269 1656 286 t
1672 261 1792 288 laudabit
1807 261 1865 288 Do—

1078 306 1222 333 mittunt".
1237 316 1246 332 ι
1260 306 1331 333 Idem
1347 314 1452 333 rursuut
1467 315 1473 333 :
1488 315 1498 332 ι
1511 306 1698 334 Verumtamen
1710 307 1780 335 Deus
1794 308 1867 334 redi-

1076 357 1129 379 met
1145 353 1262 379 animam
1287 360 1372 379 meam
1389 353 1422 379 de
1440 360 1518 379 manu
1537 353 1625 385 interi,
1648 361 1708 380 cutn
1725 354 1866 388 acceperit

1075 406 1118 426 me
1134 399 1168 431 ",
1186 408 1195 424 ι
1214 399 1239 425 id
1253 403 1305 430 est,
1321 406 1381 425 cum
1399 405 1536 434 assumpto
1549 407 1609 426 meo
1629 403 1863 434 temperamento,

1074 449 1100 470 et
1124 444 1150 470 in
1176 451 1290 478 corpore
1321 449 1435 471 tnortem
1460 445 1608 478 sustinens,
1636 453 1723 471 meam
1752 453 1866 479 quoque

1073 490 1192 517 animam
1215 490 1249 517 ab
1266 489 1373 523 inferis,
1391 496 1421 517 ut
1445 496 1616 523 ceterorum,
1633 491 1794 523 vindicabit,
1813 500 1865 526 pro

1073 544 1127 571 quo
1139 541 1166 563 et
1181 536 1263 563 Isaias
1281 536 1369 564 facit:
1392 545 1401 562 t
1425 536 1579 571 Resurgth
1593 537 1701 569 mortui,
1718 543 1744 564 et
1757 545 1859 572 exper-

1072 583 1221 615 giscentur,
1240 583 1286 616 qui
1304 582 1330 609 in
1350 583 1543 615 monumentis,
1567 587 1594 609 et
1618 582 1780 610 laetabuntur
1812 584 1860 618 qui

1071 633 1134 656 aunt
1148 629 1175 655 in
1193 635 1265 655 terra
1280 629 1316 656 ".
1332 638 1341 655 ι
1368 629 1557 656 Praanuntians
1578 630 1713 663 publicam
1737 637 1863 657 resurre-

1071 675 1190 702 ctionem
1219 674 1345 709 princeps
1367 674 1491 702 Christus
1517 675 1660 708 Dominus,
1683 683 1716 702 ex
1745 676 1863 702 mortuis

1071 710 1160 747 factus
1179 725 1221 747 est
1234 721 1443 758 primogcttitus.

1108 776 1117 792 ι
1136 765 1321 799 Lzl-tabuntur,
1344 767 1464 801 inquam,
1480 766 1524 801 qui
1550 771 1611 794 sunt
1628 766 1654 793 in
1672 771 1742 793 terra
1759 777 1766 794 :
1786 776 1796 792 ι
1815 775 1861 794 ros

1071 812 1154 845 enim,
1176 813 1220 846 qui
1240 819 1254 838 a
1281 817 1318 844 te,
1342 813 1448 839 sanatio
1463 817 1515 839 est.
1539 812 1572 839 Et
1588 813 1648 846 quis
1671 813 1739 839 alius
1765 818 1858 840 autent

1071 864 1115 884 ros
1131 857 1264 884 medicina
1282 861 1324 884 est
1340 857 1428 890 nobis,
1445 865 1526 892 quarti
1542 858 1612 884 sacri
1630 858 1755 891 baptismi
1774 866 1860 892 aqua,

1071 903 1143 929 unde
1173 903 1327 936 expiamur,
1358 907 1385 929 et
1414 902 1602 929 illustramur?
1629 902 1738 930 «Terra
1766 908 1860 928 autem

1071 949 1214 983 impiorum
1231 949 1321 976 cadet.
1341 957 1350 974 ι
1371 949 1518 983 Impiorum
1535 954 1618 982 terra,
1641 949 1723 976 rebus
1739 949 1860 976 terrenis

1070 995 1187 1022 delenita
1201 995 1240 1022 vis
1256 1001 1282 1022 et
1300 1000 1394 1022 natura
1409 1001 1461 1027 est,
1479 1003 1538 1030 quae
1550 995 1649 1029 spretis
1664 995 1764 1022 divinis
1775 995 1863 1029 jussis

1070 1048 1084 1067 a
1102 1040 1156 1068 Deo
1171 1045 1305 1074 separata,
1317 1048 1379 1068 cum
1393 1041 1539 1068 inferorum
1552 1041 1670 1076 principe
1682 1041 1806 1067 habitare
1818 1046 1861 1068 est

1070 1087 1196 1114 damnata
1214 1096 1220 1114 :
1237 1094 1297 1121 quin
1318 1093 1344 1114 et
1364 1087 1448 1114 Deum
1475 1087 1610 1114 hominem
1630 1094 1719 1113 coram
1738 1094 1861 1121 pt'aaseno

1071 1136 1123 1158 tem
1140 1139 1226 1166 neque
1246 1132 1364 1167 agnovit,
1383 1140 1470 1166 neque
1491 1132 1626 1159 adoravit.
1642 1131 1709 1158 Nam
1729 1131 1859 1159 Christus

1070 1178 1096 1204 in
1115 1178 1204 1209 terris,
1226 1183 1252 1204 et
1269 1178 1339 1212 apud
1357 1185 1405 1204 nos
1426 1177 1548 1204 homines
1563 1184 1655 1211 agens,
1683 1184 1735 1204 non
1757 1184 1858 1204 omnes

1069 1225 1180 1251 otttnino
1194 1224 1323 1255 servavit,
1341 1223 1388 1250 sed
1403 1230 1450 1250 eos
1466 1223 1512 1257 qui
1531 1230 1560 1250 se
1576 1222 1658 1249 Deum
1672 1228 1858 1257 agnoscerent

1069 1277 1099 1296 ac
1117 1270 1320 1304 proﬁterentur.
1338 1268 1375 1296 Ita
1391 1274 1417 1296 et
1435 1271 1503 1304 apud
1519 1269 1631 1302 inferos,
1655 1277 1683 1296 sc
1702 1277 1858 1304 agnoscen-

1069 1319 1119 1347 tes,
1135 1321 1216 1350 atque
1231 1319 1258 1341 ut
1275 1314 1358 1342 Deum
1374 1321 1526 1348 veneratus,
1546 1315 1699 1350 sospitavit,
1713 1315 1739 1341 in
1755 1315 1858 1341 vitam-

1068 1365 1120 1392 que
1138 1359 1256 1385 restituit
1279 1359 1350 1393 :qui
1379 1359 1405 1385 id
1431 1360 1541 1386 minime
1566 1359 1703 1391 fecissent,
1727 1367 1775 1387 eos
1791 1368 1856 1387 cum

1069 1403 1175 1430 Orcinis
1203 1403 1349 1438 spiritibus
1378 1405 1498 1440 reliquit.
1529 1405 1622 1440 Itaque
1640 1409 1668 1432 ct
1698 1405 1783 1432 David
1816 1408 1856 1433 sic

1068 1450 1181 1477 ell‘atur:
1195 1460 1204 1476 ι
1218 1451 1417 1478 Convertantur
1427 1457 1582 1486 peccatores
1596 1453 1622 1479 in
1632 1453 1779 1483 infernum,
1793 1462 1852 1480 om-

1070 1502 1116 1522 nes
1141 1501 1243 1530 gentes,
1270 1504 1329 1531 qua:
1347 1497 1543 1524 obliviscuntur
1568 1497 1650 1524 Deum
1667 1499 1700 1525 θ’.
1722 1509 1731 1525 ι
1754 1499 1787 1526 Ει
1807 1507 1856 1532 per

1068 1540 1234 1568 Ezechielem
1246 1543 1359 1569 mortuis
1374 1543 1410 1569 ait
1421 1542 1505 1570 Deus:
1523 1553 1532 1569 ‹
1545 1543 1613 1571 Ecce
1629 1551 1677 1578 ego
1693 1546 1786 1579 aperio
1799 1553 1854 1572 me-

1068 1588 1169 1614 morias
1191 1593 1296 1616 vestras
1318 1596 1324 1616 :
1348 1594 1373 1615 et
1399 1590 1525 1616 retineam
1543 1597 1590 1616 vos
1607 1590 1639 1616 de
1657 1591 1790 1623 sepulcris
1807 1598 1852 1617 ve»

1068 1634 1140 1663 stris,
1162 1634 1257 1667 populi:
1287 1634 1332 1666 nti,
1363 1639 1390 1661 et
1417 1635 1585 1662 introducam
1615 1643 1661 1662 vos
1692 1636 1717 1662 iu
1747 1641 1853 1663 terram

1068 1679 1147 1705 I>l'll"I
1162 1688 1168 1711 ;
1187 1684 1213 1706 et
1230 1680 1401 1715 cognoscetis
1417 1681 1542 1714 quoniam
1559 1689 1608 1715 ego
1634 1689 1694 1708 sutn
1719 1680 1854 1708 Dominus

1068 1730 1166 1756 vester,
1186 1733 1385 1760 cumaperuet'o
1398 1726 1517 1760 sepulcra
1534 1732 1635 1759 vestra,
1648 1732 1675 1754 ιιι
1690 1728 1803 1754 elocant
1821 1730 1854 1754 tle

1067 1771 1197 1805 sepulcris
1219 1771 1344 1805 populum
1372 1779 1480 1803 meum;
1503 1776 1528 1798 ct
1543 1772 1610 1798 dabo
1623 1772 1745 1805 spiritunt
1764 1780 1852 1799 meum

1068 1819 1093 1844 in
1115 1818 1188 1844 vobis
1202 1821 1228 1843 ct.
1248 1818 1342 1844 vivetis
1367 1817 1400 1844 ⁸⁸.
1419 1827 1428 1842 ι
1449 1817 1517 1850 Quin
1540 1823 1567 1844 et
1583 1817 1643 1845 Orci
1660 1818 1852 1851 direptionem,

1067 1867 1094 1888 et
1114 1863 1268 1889 vastitatem
1300 1862 1451 1896 prmvideus
1481 1863 1581 1890 clamat
1601 1862 1684 1890 David
1712 1871 1720 1890 :
1751 1873 1760 1889 ι
1782 1864 1854 1891 Deus

1066 1915 1188 1935 conteret
1204 1910 1297 1935 dentes
1315 1917 1408 1936 eorum
1429 1910 1455 1935 in
1476 1917 1522 1936 ore
1541 1910 1658 1944 ipsorqu
1673 1919 1680 1937 :
1698 1911 1784 1937 molas
1798 1910 1853 1936 lec-

1068 1963 1130 1981 nuut
1146 1954 1296 1988 confringet
1311 1954 1442 1982 Dominus
1458 1954 1492 1982 ".
1513 1964 1521 1980 )
1543 1955 1576 1982 Et
1592 1955 1663 1983 Job:
1682 1965 1691 1980 ι
1708 1955 1780 1988 Tibi,
1799 1955 1854 1982 Do-

1067 1999 1151 2030 mine,
1166 1998 1325 2032 apcrinntur
1351 2003 1423 2024 metu
1449 2004 1533 2032 porta:
1551 1999 1655 2032 tttortis,
1673 2003 1699 2026 ct
1722 2000 1853 2027 ianitores

1067 2045 1167 2071 intenti
1184 2044 1305 2071 videntes
1318 2049 1342 2071 te
1355 2045 1503 2071 timuerunt
1522 2045 1542 2072 ί.
1561 2055 1570 2071 ι
1589 2044 1692 2073 Isaias:
1711 2055 1720 2071 ι
1737 2046 1853 2073 Domine

1067 2092 1148 2124 Deus,
1163 2091 1317 2125 gloriﬁcabo
1336 2095 1372 2123 te,
1401 2091 1518 2119 laudabo
1538 2099 1634 2119 nomen
1665 2097 1752 2125 tuum,
1782 2099 1854 2127 quo-

1067 2139 1138 2165 niam
1161 2137 1248 2164 l'ccisti
1275 2137 1458 2169 admirabilia,
1480 2137 1623 2165 consilium
1649 2138 1791 2172 antiquum
1808 2146 1854 2165 ve-

232 2167 330 2194 ctionis
348 2167 556 2201 disputationem
573 2178 772 2205 convertamus,
785 2181 815 2200 ac
836 2182 942 2202 rursum
961 2185 1014 2204 tua:

1070 2192 1126 2210 rum
1144 2192 1150 2209 :
1167 2183 1229 2217 quia
1244 2183 1359 2218 posuisti
1378 2183 1501 2210 civitates
1518 2184 1543 2210 iu
1559 2183 1715 2214 tumultum,
1727 2184 1853 2210 civitates

232 2215 338 2243 caneris
351 2217 476 2245 onntibus
495 2218 622 2246 Davidem
640 2225 865 2256 contemplemur.

522 2275 638 2303 CAPUT
666 2277 720 2304 LX.

357 2317 394 2344 De
409 2318 504 2346 Christi
520 2328 536 2346 α
561 2323 671 2348 mortuis
685 2325 882 2352 resurrectione.

269 2369 279 2386 ι
295 2361 334 2387 Tu
350 2369 499 2397 exsurgens
526 2364 700 2393 misereberis
717 2367 792 2400 Sion,
821 2369 883 2403 quia
911 2373 1016 2404 tempus

233 2405 379 2433 ntiserendi
397 2407 466 2441 ejus,
486 2409 550 2442 quia
576 2411 649 2437 venit
670 2416 784 2446 tempus.
813 2423 821 2438 ι
840 2414 871 2440 Et
892 2415 989 2441 ibidem
1007 2425 1012 2441 :

234 2460 244 2477 ι
264 2451 421 2480 ιΕιΙὶϋοειΜι
438 2453 568 2482 Dominus
585 2455 662 2489 Sion,
678 2462 704 2484 et
728 2459 864 2486 videbitur
887 2460 914 2486 in
930 2461 1015 2495 gloria

231 2504 280 2523 sua
296 2506 302 2524 :
327 2499 444 2532 respexit
462 2500 488 2526 Ill
504 2502 653 2528 orationem
669 2504 821 2530 humilium.
841 2514 850 2530 ι
872 2505 1016 2538 Quorum?

231 2542 282 2574 Qui
297 2542 332 2569 ob
347 2542 449 2578 ﬂagitia
466 2545 624 2579 mancipati,
641 2546 731 2573 divina
748 2548 932 2575 misericordia
949 2557 1016 2583 opus

232 2588 343 2616 habent.
378 2599 386 2615 ι
406 2589 439 2616 Ει
451 2598 503 2618 ιιυιι
520 2591 622 2626 sprevit
644 2600 751 2626 precem
767 2601 858 2620 eormn
874 2594 908 2622 ".
925 2604 934 2620 ι
961 2595 1015 2622 Nc—

265 2670 289 2706 ‘f'
305 2669 442 2706 "ebl‘JIl,
461 2672 504 2699 l7.
542 2673 653 2701 "Joan.
669 2681 704 2706 ιι,
739 2675 783 2702 56.

227 2703 340 2741 ﬁlms.
352 2713 371 2737 t,
388 2705 431 2732 78.
469 2707 491 2722 ⁶⁶
504 2707 554 2734 lsa.
577 2716 631 2741 xvr,
646 2709 672 2736 6.

232 2740 254 2755 ¹¹
269 2739 364 2778 Matth.
385 2748 457 2778 xxvi,
482 2742 528 2768 "26.
577 2744 598 2759 ⁸¹
612 2739 675 2771 ibid.
689 2753 774 2778 xxvtt,
787 2748 832 2772 28.

233 2781 306 2811 xxvi,
322 2774 364 2801 ID.
416 2776 437 2790 "
449 2777 468 2802 I’
485 2779 519 2803 al.
537 2786 573 2811 ix,
589 2778 632 2804 Ill.

235 2809 247 2833 l
270 2815 345 2842 seqq.

835 2676 857 2691 ‘“
876 2676 929 2704 lsa.
954 2685 990 2708 xi,
1014 2678 1055 2706 l7.

729 2710 751 2726 ⁸⁷
776 2711 890 2738 Zacltar.
916 2720 972 2744 VIN,
987 2715 1030 2740 :22.

885 2747 906 2763 "
921 2747 991 2774 I’sznl.
1005 2756 1039 2778 Cl,
1055 2748 1147 2775 14-18.

680 2781 703 2796 ’⁸
716 2780 814 2808 Ezccb.
832 2789 934 2814 χχχιιι,
958 2785 998 2815 ιιι,
1017 2784 1056 2810 t5.

1067 2230 1194 2261 mttnitas,
1208 2234 1238 2255 ut
1257 2230 1385 2257 caderent
1403 2229 1580 2256 fundamenta
1595 2237 1701 2261 earum,
1726 2230 1851 2257 civitates

1068 2274 1213 2308 impiorum
1232 2274 1258 2300 in
1280 2278 1411 2301 retentum
1430 2275 1627 2301 vastahuntur:
1644 2280 1787 2310 propterea
1805 2275 1852 2302 bc-

1068 2323 1174 2348 ttedicet
1189 2321 1237 2348 tibi
1256 2321 1370 2356 populus
1392 2329 1505 2355 pauper,
1523 2327 1550 2348 et
1571 2322 1693 2348 civitates
1710 2322 1850 2350 hominum

1068 2369 1195 2404 iniuriam
1212 2369 1419 2401 sustinentium,
1438 2373 1464 2395 te
1489 2369 1651 2396 timentium.
1678 2369 1760 2396 Fuisti
1780 2371 1856 2396 enim

1069 2415 1140 2442 omni
1157 2414 1259 2440 civitati
1277 2414 1370 2441 humili
1393 2414 1539 2440 auxiliator
1550 2415 1570 2440 ¹.
1589 2424 1598 2439 ι
1622 2408 1729 2448 Impios,
1744 2417 1852 2449 opinor,

1068 2463 1202 2487 dtemoues
1233 2465 1322 2492 vocat,
1355 2460 1451 2494 oppida
1479 2460 1593 2492 munita,
1615 2461 1676 2487 Orci
1704 2462 1805 2495 regiam
1825 2468 1853 2488 ct

1069 2507 1163 2533 tnortis
1177 2505 1331 2538 domicilia;
1344 2514 1357 2532 ιι
1370 2506 1470 2540 quibus
1484 2507 1588 2538 inopes,
1602 2513 1627 2533 et
1639 2515 1691 2533 non
1702 2508 1851 2541 plenissimi

1069 2553 1189 2579 nzoribus
1217 2560 1278 2579 eum
1307 2553 1406 2579 virtute
1431 2552 1583 2587 conjunctis
1606 2553 1796 2580 detinebantur
1821 2561 1852 2580 ac

1067 2596 1284 2631 possidebautur.
1305 2596 1400 2631 Inopes
1416 2598 1487 2624 euitn
1499 2603 1559 2624 sunt
1573 2606 1667 2625 omnes
1687 2599 1733 2633 qui
1745 2599 1852 2625 virtutis

1624 2679 1648 2694 ⁸⁵
1670 2678 1722 2706 Isa.
1747 2687 1804 2713 xvi,
1824 2679 1850 2706 5.

1353 2715 1441 2740 "lsa.
1455 2721 1521 2746 xvtt,
1536 2714 1561 2740 7.
1599 2713 1623 2729 ὀ
1646 2713 1726 2741 Joan.
1750 2722 1787 2744 vi.
1806 2715 1850 2741 5U.

1403 2749 1425 2764 "
1442 2749 1510 2775 Psal.
1534 2757 1644 2780 Lt'xxrv,
1669 2750 1710 2777 l6.
1763 2750 1786 2765 "
1800 2748 1849 2777 I51.

1409 2783 1479 2811 'Job
1502 2791 1604 2816 xxxvii,
1627 2785 1652 2811 7.
1703 2783 1776 2811 ’Isa.
1797 2792 1850 2817 xxi,

1102 2678 1124 2694 ⁸⁷·
1139 2677 1189 2705 lsa.
1205 2686 1258 2710 xvi,
1270 2679 1298 2705 4.
1335 2678 1357 2694 ⁵³
1370 2678 1448 2705 Juan.
1462 2686 1517 2711 xw,
1532 2679 1577 2705 50.

1080 2713 1102 2728 ⁸⁸
1117 2714 1180 2740 Ibid.
1198 2721 1258 2745 χιιι,
1271 2714 1298 2741 2.

1080 2748 1147 2775 l—lti.
1192 2748 1292 2776 “ibid.
1308 2748 1350 2775 l9.

1106 2785 1127 2799 “
1149 2783 1218 2811 Psal.
1239 2791 1316 2818 Lvtu,
1331 2785 1356 2811 7.
