1955 3080
166 109 184 142 9
190 110 219 141 )9

709 113 772 143 DIA
778 111 902 142 LOGUS
915 111 1068 142 CONTRA
1084 114 1101 144 J
1107 115 1248 146 UD.EOS.

1736 116 1787 148 910

163 173 231 200 opes
246 173 299 193 non
310 165 443 195 obtinent.
459 165 553 202 Itaque
567 171 642 195 vates
657 169 882 203 gratulabundus,
896 174 948 194 tton
963 168 985 196 A
1001 168 1138 203 dentper:
1157 175 1184 198 et
1198 170 1308 206 spiritus
1325 179 1378 198 non
1387 175 1444 198 crat
1455 171 1479 198 in
1490 171 1539 199 eis.
1551 171 1584 198 Et
1595 171 1662 199 dixit
1677 171 1711 199 ad
1726 180 1786 200 me:

164 211 236 240 Orco
258 213 343 240 solum
363 220 376 239 a
403 212 511 240 Christo
526 213 643 247 direpto,
674 215 721 241 sed
749 214 829 241 ctiam
857 213 950 240 muni-

164 256 264 283 mentis
278 256 337 290 ejus
353 255 474 283 funditus
492 257 609 289 evenis,
622 257 657 284 ait
672 266 679 284 :
705 267 713 284 t
733 257 819 285 Fuisti
837 257 952 284 auxilia-

167 307 211 329 tor
228 302 302 328 omni
320 302 424 329 civitati
443 303 549 336 humili,
566 313 576 328 ι
593 304 619 330 id
634 308 685 334 est.
704 303 800 330 anima:
816 303 949 335 contritzc,

164 348 235 382 quod
270 352 296 375 et
325 347 408 374 David
437 348 578 382 proﬁtetur
606 356 613 375 :
645 358 654 374 ι
673 348 727 376 Cor
754 348 898 375 contritum
925 351 951 375 et

166 393 348 424 Itumiliatum,
360 393 440 426 Deus,
452 400 504 420 non
521 393 653 427 despicies
664 394 686 420 ⁸.
697 402 707 418 ι
719 392 784 420 Nam
795 392 903 419 Christo
918 392 950 418 ad

166 439 269 465 inl‘cros
282 439 477 471 descendente,
495 446 548 466 non
563 444 721 466 sanctorum
734 439 831 466 animm
845 442 950 465 tantum

165 483 288 511 liberata:
302 488 365 510 sunt
383 484 454 515 inde,
473 484 519 511 sed
536 491 630 511 omnes
643 485 710 512 adeo
722 483 799 518 prius
809 484 836 511 in
851 481 950 511 diaboli

164 537 269 559 errore.
288 533 314 556 et
333 529 544 555 simulacrorum
557 529 630 556 cultu
652 529 812 557 servitutem
830 529 952 556 servien-

165 581 217 608 tes,
232 575 304 602 aucti
320 575 458 610 agnitione
471 574 528 607 Dei,
558 575 672 602 salutem
703 581 767 602 sunt
792 575 948 602 consecuti:

165 629 249 655 quare
271 627 296 649 et
313 621 413 656 gratias
427 622 553 656 agebant,
567 620 651 649 Deum
674 621 827 649 laudantes.
845 621 905 649 Jam
923 627 951 649 et

167 667 215 694 Dei
232 667 321 694 Patris
335 675 384 702 per
397 667 508 699 Isaiam,
523 667 580 694 hazc
597 671 661 694 sunt
675 667 707 695 ad
728 667 825 694 Filium
839 669 922 695 verba
943 677 948 694 :

168 722 178 739 ι
196 713 330 747 Tempore
353 718 464 747 accepto
481 713 606 740 exaudivi
631 717 667 746 te,
685 717 712 741 et
736 714 762 741 in
786 714 830 741 die
854 713 952 740 salutis

165 760 310 788 auxiliatus
321 767 380 787 sum
395 760 452 793 tui;
467 764 491 787 et
510 760 568 787 dedi
583 764 608 787 te
629 760 656 787 in
678 764 868 788 testamentum
887 768 952 795 gen—

167 807 246 838 tium,
263 811 292 832 ut
307 806 488 832 constitueres
502 809 614 838 terram,
625 810 652 833 et
665 805 818 840 possideres
834 806 951 833 haeredi-

1004 214 1140 250 Propbeta
1156 223 1238 251 super
1250 218 1384 251 spiritum,
1397 219 1540 253 propheta,
1551 218 1594 244 ﬁli
1610 218 1739 250 hominis,
1757 223 1784 246 et

1004 260 1047 288 dic
1062 261 1168 296 spiritui
1187 272 1192 289 :
1212 262 1274 290 Iirec
1289 264 1354 291 dicit
1370 265 1520 293 Dominus:
1537 265 1555 291 Λ
1575 269 1690 299 quatuor
1707 265 1788 299 spiri-

1004 305 1075 334 tibus
1094 306 1149 341 (48)
1170 307 1241 338 veni.
1268 311 1294 334 et
1325 307 1430 336 insullia
1459 309 1486 336 itt
1511 315 1632 337 mortuos
1655 310 1742 341 istos,
1760 313 1788 336 et

1003 351 1105 380 vivant.
1122 352 1155 379 Et
1178 353 1347 388 prophetavi,
1367 354 1437 381 sicut
1464 360 1629 389 prmccperat
1657 355 1733 382 mihi.
1756 355 1789 382 Et.

1003 397 1145 433 ingressus
1162 398 1188 425 in
1204 406 1250 426 eos
1265 402 1307 426 est
1324 399 1454 433 spiritus;
1468 405 1494 427 et
1513 401 1642 429 vixerunt
1656 420 1664 433 ,
1688 406 1714 427 et
1732 405 1787 428 ste-

1003 448 1094 470 terunt
1122 444 1148 470 in
1175 445 1289 478 pedibus
1306 445 1374 478 suis,
1393 447 1572 480 congregatio
1594 447 1676 474 multa
1696 447 1787 473 nimis.

1003 487 1036 515 Et
1050 487 1158 516 locutus
1174 495 1216 516 est
1233 489 1364 517 Dominus
1376 490 1408 516 ad
1424 498 1476 523 me,
1492 491 1586 517 dicens
1600 501 1606 518 ε
1632 491 1682 518 Fili
1702 491 1789 518 homi—

1002 533 1056 566 nis,
1083 541 1144 561 ossa
1168 535 1225 562 hare
1250 536 1339 562 omnis
1365 536 1461 563 domus
1484 535 1566 563 Israel
1585 542 1627 563 est
1650 545 1657 563 :
1688 542 1714 563 et
1738 537 1788 570 ipsi

1005 579 1100 605 dicttnt
1117 587 1124 606 :
1144 579 1225 607 Arida
1250 579 1319 607 facta
1338 585 1401 608 sunt
1424 587 1484 607 ossa
1505 585 1610 613 nostra,
1627 581 1707 615 periit
1726 589 1789 614 spes

1004 629 1108 657 nostra,
1132 625 1322 654 dissonuimus.
1340 626 1485 659 Propterea
1502 627 1661 659 vaticinare,
1676 632 1702 654 et
1722 627 1787 654 dic:

1005 668 1069 696 Ilmc
1095 670 1160 697 dicit
1187 671 1315 699 Dominus
1341 680 1348 700 :
1374 671 1444 698 Ecce
1459 679 1509 706 ego
1531 673 1624 707 aperio
1643 673 1790 700 memerias

1009 720 1113 742 veSIras
1132 723 1139 741 :
1155 719 1182 742 et
1208 715 1334 742 reducam
1357 724 1403 743 vos
1420 717 1451 742 dc
1467 717 1599 751 sepulcris
1616 717 1725 749 vestris,
1741 724 1791 750 po-

1007 759 1069 794 pule
1087 761 1134 794 mi,
1159 766 1186 788 et
1202 761 1372 788 introducam
1396 770 1444 789 vos
1462 763 1487 789 in
1507 767 1607 789 tcrram
1632 763 1716 790 Israel
1738 762 1758 789 ".
1778 771 1788 789 ι

1003 804 1058 832 lIoc
1070 805 1220 832 Ezechielis
1227 806 1386 833 vaticinium
1395 807 1573 841 romplevisse
1586 816 1675 834 mcum
1688 807 1791 841 Iesum,

166 856 235 878 tates
250 852 371 879 desertas
383 851 405 884 δ,
421 861 431 877 )
450 859 499 886 per
514 852 635 880 desertas
652 852 824 879 lttcreditates
850 851 951 879 inl‘eros
968 841 990 870 Β
1004 850 1084 878 docet
1107 851 1274 886 evangelista
1301 851 1326 878 in
1348 851 1406 879 hch
1431 851 1513 879 verba
1529 861 1535 879 :
1557 862 1566 878 ι
1586 853 1619 880 Et
1641 860 1703 880 ecce
1720 857 1791 879 terra

165 897 321 930 signiﬁcans
334 917 342 929 ,
360 903 427 931 quos
443 896 553 923 omnino
568 897 689 924 desertos
705 901 785 931 atque
800 901 892 924 vastos
905 897 953 924 Ita-

167 942 227 969 buit
242 942 378 969 Christus.
405 942 475 974 Quin
495 947 526 969 ut
541 943 692 970 orationem
708 942 876 978 exploratam
892 942 953 970 red-

169 988 256 1021 deret,
274 987 413 1022 suhjungit
427 996 434 1014 :
454 997 463 1014 ι
481 987 577 1015 Dicens
595 988 636 1015 his
649 989 694 1023 qui
711 989 737 1016 itt
750 989 866 1016 vinculis
878 994 952 1022 sunt,

167 1035 265 1068 Exite;
281 1039 307 1063 et
327 1035 370 1063 his
397 1035 443 1070 qui
466 1036 491 1062 itt
519 1035 650 1069 tenebris,
676 1040 706 1063 ut.
726 1036 879 1064 revelentur
901 1037 923 1064 '.
941 1045 951 1063 ι

167 1079 253 1108 Oseas
267 1081 350 1114 addit,
363 1086 491 1116 tanquam
510 1089 540 1109 se
553 1082 728 1109 hortarentur
742 1087 771 1110 et
786 1082 955 1116 impellerent

168 1127 286 1154 invicem
312 1127 434 1154 dicentes
451 1135 458 1154 :
486 1127 607 1154 «Eamus
625 1132 652 1155 et
670 1133 838 1155 revertamur
854 1130 886 1155 ad
903 1129 955 1155 Do-

170 1174 270 1200 minum
285 1173 367 1200 Deum
387 1177 521 1206 nostrum,
544 1174 607 1208 quia
625 1174 683 1209 ipse
701 1173 765 1201 fecit
784 1182 833 1202 nos
851 1179 878 1202 et
894 1182 956 1202 sau-

168 1219 297 1246 ctilicabit
313 1227 361 1246 nos
375 1224 434 1253 post
445 1219 503 1246 dies
511 1219 578 1246 duos
589 1220 609 1246 '.
623 1229 631 1246 ι
644 1219 755 1247 Sentitis
774 1221 930 1255 prophetam
944 1221 957 1247 'l

167 1264 290 1292 Primum
314 1265 431 1292 divinam
450 1271 573 1292 natttram
589 1265 704 1293 inuuens
717 1266 752 1292 ait
766 1274 774 1293 :
794 1275 803 1292 ι
820 1266 879 1300 Ipse
894 1265 957 1293 fecit

169 1317 221 1338 nos
239 1319 247 1338 :
267 1319 275 1336 ι
293 1314 348 1337 tum
364 1315 453 1337 autem
465 1311 632 1344 corporalem
644 1310 745 1338 Christi
758 1316 870 1338 tnortem
887 1319 957 1346 prac-

168 1357 276 1391 sagicns
291 1364 297 1383 :
315 1365 324 1382 ι
337 1355 400 1383 Post
410 1356 478 1384 duos
495 1357 562 1388 dies,
572 1357 667 1390 inquit,
680 1356 856 1384 sanctilicabit
871 1365 930 1391 nos,
944 1367 953 1384 ι

169 1401 234 1428 illud
249 1401 359 1428 omnino
371 1406 401 1428 ιιι
424 1401 600 1435 praeteritum,
620 1402 669 1428 hoc
694 1405 722 1427 tit
755 1401 893 1434 futurum;
910 1402 957 1429 de-

168 1447 252 1482 nique
265 1452 294 1474 ut
312 1452 455 1481 utrumque
468 1446 634 1478 ostenderet,
650 1447 778 1473 audacter
791 1446 884 1473 addit:
903 1456 912 1472 ‹
929 1445 957 1473 1η

172 1493 216 1520 die
235 1493 314 1520 tertio
330 1500 505 1526 resurgentus
518 1496 546 1519 et
566 1492 688 1519 vivemus
711 1499 773 1519 cum
791 1499 834 1520 eo.
854 1501 864 1518 ›
893 1491 957 1519 Eze-
971 1510 992 1538 α

169 1539 242 1566 chicl
258 1539 339 1565 etiam
359 1537 499 1564 declarans
516 1537 562 1564 Dei
577 1536 802 1570 magnitudinem,
815 1543 847 1563 ac
861 1543 957 1570 quem-

175 1583 322 1610 admodum
340 1590 388 1609 sua
407 1582 459 1609 sibi
480 1581 599 1616 paranda
625 1582 827 1608 resurrectione
844 1581 954 1615 polleat,

173 1636 226 1655 non
244 1628 277 1655 de
288 1627 397 1655 Christo
412 1628 502 1659 modo,
519 1627 566 1654 sed
582 1627 615 1654 de
629 1626 756 1654 omnibus
772 1633 878 1661 quoque
895 1634 956 1653 cum

173 1681 205 1701 eo
215 1673 294 1700 simul
305 1673 474 1700 redivivi5cst
484 1673 654 1700 vaticinatus.
665 1672 797 1699 Caeterum
805 1672 849 1706 qui
858 1672 957 1699 multos

172 1720 306 1747 suscitare
335 1725 433 1754 potest,
466 1723 568 1754 quanto
587 1719 673 1753 magis
692 1718 810 1752 seipsum
837 1717 957 1751 poterit?

175 1767 259 1800 Igitur
273 1767 373 1794 diserte
388 1767 488 1793 clamat
503 1775 510 1793 :
529 1776 537 1791 ι
553 1765 635 1792 Facta
654 1769 695 1791 est
709 1772 790 1798 super
803 1772 845 1791 me
861 1772 957 1791 manus

176 1812 283 1839 Domini
299 1820 306 1840 :
322 1816 350 1838 et.
369 1811 460 1839 eduxit
480 1819 521 1838 me
537 1812 563 1838 itt
589 1810 684 1845 spiritu
699 1810 806 1837 Domini
823 1815 849 1836 et
868 1810 959 1845 posuit

175 1866 217 1884 me
235 1857 260 1884 in
278 1858 365 1884 medio
380 1857 467 1891 campi
483 1865 490 1884 :
507 1862 533 1884 et
550 1857 593 1883 hic
605 1861 663 1883 erat
676 1856 772 1890 plenus
794 1856 895 1882 ossium
910 1856 960 1882 ho-

175 1903 278 1930 minum
293 1912 299 1929 :
315 1908 341 1929 et
357 1902 539 1928 circumduxit
555 1909 597 1928 me
612 1908 694 1935 super
708 1908 737 1927 ea
755 1908 802 1935 per
817 1907 909 1935 gyrum
931 1901 959 1928 in

176 1949 292 1976 circuitu
309 1957 315 1974 :
333 1953 360 1975 ct
377 1955 440 1975 ecce
455 1947 537 1974 multa
553 1947 634 1974 nimis
653 1954 733 1979 super
747 1946 843 1973 facient
859 1946 958 1980 campi,

177 1994 251 2020 arida
270 1993 456 2020 vehementer.
486 1992 518 2018 Iit
534 1992 602 2018 dixit
620 1992 652 2019 ad
678 1999 720 2018 me
736 2000 743 2019 :
761 1991 810 2018 Fili
832 1991 958 2024 lmminis.

177 2040 199 2067 si
215 2039 306 2068 vitant
321 2047 382 2066 ossa
402 2038 479 2065 lucc?
495 2037 589 2065 Etdixi
613 2047 619 2064 :
638 2038 759 2067 Domine,
785 2038 910 2070 Domine,
932 2042 959 2065 tu

178 2086 247 2112 nosti
263 2086 329 2112 lucc.
348 2084 381 2112 Et
393 2085 459 2111 dixit
473 2085 504 2110 ad
520 2091 561 2110 me
577 2092 583 2110 :
602 2083 650 2110 Fili
675 2083 802 2115 hominis,
830 2084 960 2118 propheta

178 2139 259 2166 super
276 2138 334 2158 ossa
352 2131 402 2158 ista
423 2138 430 2162 ;
447 2134 473 2156 et
489 2130 563 2156 dices
580 2129 620 2156 cis
640 2137 647 2156 :
664 2128 731 2156 Ossa
757 2130 844 2162 arida,
871 2130 961 2157 audite

1005 902 1077 924 tnota
1095 903 1149 928 est.
1177 901 1204 925 et
1230 903 1314 932 petrae
1340 898 1434 925 scism:
1461 904 1536 930 sunt,
1561 904 1588 926 et
1615 903 1791 925 monumenta

1003 949 1096 978 aperta
1109 947 1182 975 sntit,
1203 948 1229 971 et
1245 944 1326 971 multa
1345 952 1459 978 corpora
1477 949 1646 975 sanctorum,
1664 944 1709 978 qui
1726 944 1793 970 dor-

1007 990 1135 1023 mierant,
1150 995 1337 1018 surrexermtt.
1354 989 1386 1017 Et
1408 997 1538 1018 exeuntes
1558 991 1591 1017 de
1606 989 1790 1017 monumentis

1010 1041 1071 1071 post
1093 1038 1319 1064 resurrectionem
1346 1037 1414 1072 ejus,
1445 1042 1580 1064 venerunt
1604 1037 1631 1064 in
1668 1041 1791 1064 sanctam

1005 1082 1166 1114 civitatem,
1214 1087 1241 1109 et
1280 1086 1460 1117 apparuerunt
1496 1081 1621 1109 multis“.
1646 1090 1655 1108 ι
1708 1081 1793 1108 Isaias

1006 1135 1117 1162 quoque
1146 1128 1292 1156 ostendens
1321 1127 1538 1163 Hierosolymam
1562 1133 1623 1163 post
1657 1129 1792 1155 excidium

1006 1183 1116 1202 rursum
1126 1174 1256 1201 illustrem
1266 1174 1397 1206 futuram,
1407 1182 1526 1208 sacram,
1536 1179 1643 1202 auctatn
1655 1175 1792 1207 thesauro.

1007 1218 1053 1245 Dei
1070 1219 1186 1246 hominis
1196 1217 1259 1245 Iesu
1287 1219 1411 1253 sepulcro
1427 1239 1435 1252 ,
1461 1219 1579 1246 clamat:
1606 1228 1615 1245 ι
1632 1219 1796 1254 Aperientur

1007 1269 1091 1299 portm
1110 1269 1162 1291 tua:
1183 1271 1313 1298 semper:
1330 1265 1374 1292 die
1393 1272 1425 1292 ac
1446 1269 1526 1293 nocte
1549 1273 1601 1293 non
1621 1266 1794 1297 clattdentur,

1008 1315 1037 1337 ttt
1066 1311 1238 1338 introdttcant
1264 1311 1297 1337 ad
1325 1316 1350 1338 te
1379 1311 1568 1338 fortitudinem
1601 1312 1741 1346 gentium,
1768 1317 1796 1339 et

1008 1364 1087 1391 rcges
1103 1364 1207 1388 carum,
1223 1356 1268 1391 qui
1294 1356 1445 1384 adducendi
1472 1361 1546 1384 sunt.
1564 1358 1664 1384 Gentes
1681 1357 1752 1383 cnim
1769 1362 1797 1384 et

1008 1410 1096 1436 reges,
1113 1402 1158 1435 qui
1185 1409 1237 1429 non
1254 1402 1374 1428 servient
1402 1401 1461 1434 tibi,
1486 1401 1625 1436 peribunt,
1652 1407 1678 1428 et
1702 1406 1796 1436 gentes

1009 1447 1154 1475 solitudine
1168 1447 1362 1474 desolabuntur
1380 1447 1402 1474 ’.
1419 1456 1428 1473 ι
1455 1447 1560 1475 Videtis
1583 1453 1613 1474 ut
1639 1447 1671 1475 de
1687 1447 1797 1474 Christo

1010 1493 1168 1520 vaticinium
1185 1492 1240 1520 sit?
1255 1493 1319 1526 Quae
1331 1493 1404 1520 enim
1421 1501 1497 1528 gens,
1514 1499 1560 1520 aut
1576 1493 1620 1526 qui
1637 1501 1684 1520 rex
1701 1493 1796 1519 lliero—

1008 1538 1118 1573 solyma:
1134 1538 1255 1570 St‘l'VIVII,
1270 1543 1316 1564 aut
1331 1538 1444 1572 supplex
1460 1537 1578 1564 accidit?
1606 1537 1686 1564 Addit
1705 1546 1712 1565 :
1734 1547 1743 1563 (
1763 1537 1796 1565 Et

1008 1584 1094 1618 gloria
1121 1583 1216 1610 Libani
1231 1583 1262 1609 ad
1284 1587 1308 1610 te
1323 1583 1414 1610 veniet
1427 1583 1453 1610 in
1467 1583 1616 1618 cyparisso,
1632 1587 1658 1609 et
1679 1584 1752 1617 pino,
1769 1588 1797 1610 et

1008 1629 1088 1655 cedro
1100 1627 1190 1657 simul,
1208 1632 1237 1654 ιιι
1254 1626 1422 1661 gloriﬁcetur
1438 1627 1513 1654 locus
1531 1631 1642 1654 sanctus
1661 1634 1753 1654 meus:
1770 1631 1797 1654 et

1009 1674 1097 1702 locum
1119 1673 1217 1708 pedum
1237 1680 1358 1699 meorttm
1382 1672 1539 1707 gloriﬁcaho
1554 1672 1588 1699 ¹⁰.
1605 1681 1614 1698 ι
1637 1672 1792 1705 Expiicato,

1009 1720 1078 1756 quod
1093 1719 1278 1754 Hierosolyma
1300 1723 1432 1750 maneret,
1450 1718 1593 1750 beneﬁcio,
1609 1719 1696 1753 aperit
1709 1723 1736 1745 et
1749 1726 1797 1745 au-

1009 1771 1131 1797 ctorem;
1150 1765 1226 1800 quasi
1250 1765 1352 1791 diceret
1373 1773 1379 1791 :
1401 1763 1469 1791 Cutn
1489 1764 1514 1791 in
1534 1763 1599 1797 piuo
1614 1768 1640 1791 et
1655 1764 1748 1795 cedro,
1764 1771 1796 1790 ac

1009 1819 1147 1847 cupresso,
1175 1819 1206 1838 ex
1231 1811 1328 1846 quibus
1352 1810 1481 1838 fabricata
1519 1815 1578 1837 erat.
1603 1818 1681 1842 crux,
1712 1810 1794 1836 Deum

1011 1858 1144 1885 horninem
1155 1857 1245 1884 Jcsutn
1257 1856 1391 1889 videritis,
1402 1860 1456 1882 tum
1467 1856 1500 1883 ab
1513 1857 1610 1883 eohmc
1622 1856 1710 1883 omnia
1723 1855 1797 1883 llent.

1009 1906 1047 1931 Ae
1065 1904 1152 1930 videte
1167 1903 1334 1936 superiorum
1350 1910 1383 1930 ex
1409 1902 1441 1929 iis
1467 1909 1525 1935 quac
1550 1905 1714 1936 sequuntur,
1736 1909 1798 1928 scu-
1845 1908 1851 1915 υ

1011 1950 1120 1977 tentiam
1140 1958 1145 1975 :
1167 1958 1176 1974 ι
1193 1947 1224 1975 Et
1247 1948 1324 1974 ibunt
1338 1948 1370 1974 ad
1385 1952 1411 1975 te
1427 1948 1552 1974 timentes
1567 1947 1611 1973 lilii
1629 1954 1733 1976 eorum.
1751 1947 1798 1981 qui

1012 2001 1036 2024 te
1052 1995 1261 2023 humiliaverunt
1272 1995 1304 2020 ”.
1323 2004 1331 2020 ι
1347 1993 1499 2028 Intelligitis
1518 1998 1670 2020 accuratam
1684 1993 1800 2027 prophe-

1014 2046 1046 2068 tat
1057 2041 1221 2075 diligentiam
1231 2040 1242 2066 Ἰ
1252 2039 1318 2066 Nam
1331 2039 1402 2073 quod
1413 2039 1489 2071 dicit,
1500 2038 1653 2073 ltujusntodi
1666 2043 1707 2065 est
1722 2047 1727 2064 :
1747 2038 1801 2065 Ro-

1013 2095 1162 2118 manorttml
1179 2086 1222 2121 qui
1231 2091 1255 2112 te
1265 2085 1366 2120 pridem
1378 2085 1541 2116 aliiixerunt,
1551 2085 1661 2119 posteri,
1673 2083 1802 2111 formido-

1013 2133 1063 2160 losi
1077 2141 1107 2160 ac
1119 2136 1265 2160 trementes
1274 2132 1351 2158 modo
1359 2132 1391 2158 ad
1402 2130 1578 2159 teconliuent.
1593 2130 1639 2157 «Et
1649 2130 1801 2157 adorabunt

177 2177 289 2204 verbum
307 2176 423 2203 Domini.
454 2175 516 2202 Ilrcc
531 2175 597 2202 dicit
612 2175 739 2202 Dominus
754 2176 864 2202 ossibus
880 2175 940 2203 istis
954 2185 960 2203 :
978 2180 1000 2207 ι)
1015 2178 1126 2212 vestigia
1141 2177 1238 2211 pedtttn
1261 2181 1368 2202 tuorum
1380 2197 1387 2208 ,
1407 2176 1453 2209 qui
1471 2175 1651 2202 detrahebant
1675 2174 1731 2208 (49)
1751 2174 1798 2200 tibi

179 2222 249 2249 Ecce
263 2229 312 2256 ego
329 2221 412 2247 all'ero
427 2228 509 2254 super
533 2227 581 2248 vos
604 2220 730 2253 spiritum
757 2221 818 2247 vita:
829 2241 836 2253 ,
853 2225 880 2248 et
894 2221 963 2248 dabo

178 2275 262 2302 super
277 2275 324 2294 vos
337 2274 446 2297 nervos,
463 2270 491 2293 et
502 2265 626 2292 inducam
644 2273 726 2300 super
739 2273 787 2293 vos
801 2274 921 2300 carnem,
938 2271 964 2294 ct

179 2315 324 2341 extendant
338 2321 418 2347 super
431 2321 479 2340 vos
492 2312 601 2347 pellem,
616 2317 642 2340 et
657 2313 726 2339 dabo
738 2313 861 2346 spiritum
875 2320 963 2338 meum

180 2359 206 2385 iu
227 2358 319 2386 vobis:
337 2364 364 2384 et
379 2358 474 2384 vivetis
489 2367 496 2384 :
512 2363 540 2384 et
563 2357 734 2393 cognoscetis
754 2357 882 2391 quoniam
913 2365 963 2391 ego

179 2413 240 2432 sum
258 2405 401 2431 Dominus.
417 2404 446 2430 Et
465 2404 636 2439 prophclavi,
654 2404 723 2430 sicut
741 2403 868 2437 priecepit
885 2404 961 2430 tnihi.

182 2451 214 2477 Et
238 2451 309 2477 facta
331 2454 375 2476 est
397 2457 459 2482 vox,
481 2457 540 2476 cum
559 2457 608 2483 ego
619 2449 826 2482 prophetarem;
852 2455 879 2475 et
900 2457 964 2476 ecce

182 2496 331 2523 commotio
347 2504 354 2522 :
373 2499 400 2521 et
414 2495 579 2522 accedebant
597 2502 659 2521 ossa
676 2494 791 2520 invicem
812 2494 843 2520 ad
856 2493 964 2527 junctu-

183 2550 240 2568 ratn
259 2549 347 2569 suam.
370 2540 401 2567 Et
422 2541 473 2567 vidi
490 2549 496 2567 :
512 2545 538 2567 et
566 2547 629 2566 ecce
656 2547 736 2573 super
769 2547 799 2565 ca
827 2540 900 2566 ucrvi
938 2545 965 2566 et

183 2597 279 2617 carnes
294 2589 473 2621 oriebantur;
492 2593 519 2615 et
535 2586 810 2621 ascendebantsuper
826 2593 857 2612 ea
881 2587 964 2621 pelles

218 2692 228 2707 ³
239 2691 310 2719 Psal.
332 2699 359 2722 L,
374 2691 417 2718 19.
454 2690 464 2706 ⁸
478 2689 530 2716 Isa.
544 2695 619 2716 XLIX.
635 2687 661 2714 8.
699 2688 709 2704 '
722 2687 787 2716 ibid.
802 2689 829 2715 9.

184 2726 229 2754 52,
266 2727 277 2742 ⁹
291 2726 342 2753 Is:t.
356 2733 400 2757 1.x,
411 2725 455 2758 11,
473 2724 515 2752 12.
556 2723 577 2739 ¹⁰
591 2723 656 2750 ibid.
672 2723 716 2750 I5.
755 2723 775 2739 “
790 2723 856 2751 ibid.
871 2723 913 2750 14.

223 2816 280 2851 (18)
292 2815 340 2842 Μ».
356 2816 490 2851 περάτων.

868 2689 878 2703 ⁸
891 2687 954 2715 Ose.
970 2695 1007 2719 vt,
1023 2687 1080 2714 1-3.

954 2723 974 2738 ¹¹
986 2722 1052 2750 ibid.

1019 2225 1056 2258 (et
1073 2222 1217 2250 irritabant
1236 2228 1261 2249 te
1276 2222 1320 2255 ”).
1339 2231 1347 2247 1
1368 2221 1435 2248 Nam
1453 2227 1508 2247 tttm
1525 2222 1632 2254 quidem
1649 2220 1684 2247 oh
1700 2219 1800 2246 Christi

1017 2269 1128 2297 necandi
1141 2268 1230 2295 scelus
1247 2267 1342 2294 incola:
1366 2267 1403 2293 tui
1430 2266 1602 2300 imploratqu
1617 2266 1800 2292 Romanorum

1016 2322 1158 2351 prmtorem
1179 2315 1211 2340 ad
1230 2314 1364 2340 insaniam
1379 2313 1463 2347 magis
1478 2312 1662 2346 instigarunt;
1683 2316 1710 2337 at
1728 2318 1802 2338 nunc

1017 2365 1192 2396 posteaquam
1215 2359 1276 2386 vita:
1295 2358 1397 2386 fontem
1423 2359 1449 2385 in
1474 2362 1582 2392 pectore
1608 2358 1801 2384 scaturieutem

1019 2411 1094 2433 tenes
1120 2414 1126 2432 :
1160 2414 1168 2430 ι
1187 2403 1346 2431 Adorabunt
1368 2403 1481 2438 vestigia
1508 2404 1606 2438 pedum
1633 2407 1738 2429 tuorum
1756 2402 1802 2436 qui

1019 2451 1163 2479 irritabaut
1186 2455 1222 2478 te.
1252 2450 1283 2476 Et
1307 2449 1449 2476 vocaberis
1473 2449 1570 2476 civitas
1597 2448 1714 2479 Dotnini,
1737 2446 1801 2474 Sion

1019 2498 1107 2525 sancti
1125 2496 1205 2523 Israel
1224 2504 1231 2522 :
1247 2502 1296 2529 pro
1310 2503 1353 2526 co,
1371 2495 1441 2529 quod
1460 2494 1531 2520 fuisti
1549 2494 1676 2520 derelicta
1701 2498 1727 2519 et
1741 2492 1802 2520 odio

1021 2543 1111 2569 habita
1133 2542 1164 2567 ”.
1184 2550 1193 2566 ι
1211 2540 1357 2567 Observate
1371 2540 1563 2573 lpropheticatn
1583 2544 1712 2565 mentem.
1731 2538 1800 2564 Cum

1019 2588 1053 2615 ob
1071 2587 1243 2615 interfectum
1256 2585 1395 2613 Christum
1410 2585 1516 2619 captiva
1530 2593 1561 2611 ae
1579 2584 1687 2611 deserta
1706 2583 1801 2616 lueris,

1123 2684 1244 2712 'Ezeclt.
1269 2690 1371 2715 xxxvu,
1392 2681 1470 2710 142.

1090 2721 1112 2737 ¹³
1125 2721 1189 2747 ibid.

1508 2681 1518 2697 ⁸
1531 2681 1626 2708 Matth.
1657 2687 1741 2712 xxvu,
1756 2679 1801 2712 51,

1057 2811 1112 2844 (69)
1125 2809 1338 2843 παρυξύναντις.
