1955 3080
134 58 183 89 HI

135 121 189 141 tum
208 112 305 140 merito
321 112 406 146 magis
421 111 466 139 Dei
481 112 545 139 urbs
559 111 702 143 vocabere.
719 112 790 147 quod
809 112 918 140 vitalem

137 164 249 186 mortem
266 159 291 185 in
309 163 333 185 te
351 157 421 186 Deus
436 158 516 185 homo
529 157 607 184 .lesus
620 157 760 185 dormieril
774 167 780 185 :
796 167 804 184 ι
821 158 853 186 Ει
866 166 919 185 non

140 211 198 233 erat
217 204 263 240 qui
284 204 462 231 auxiliaretur
479 202 525 230 libi
542 203 574 235 “,
593 213 602 229 ι
624 208 722 237 praeter
737 210 779 231 me
803 203 918 233 scilicet,

139 253 183 287 qui
196 253 221 279 iu
239 257 264 279 te
281 258 340 278 sum
354 249 533 277 exanimatus.
554 259 562 275 ι
589 249 622 277 Ει
645 257 742 284 ponam
758 254 784 277 te
800 249 920 276 exsulta-

137 299 236 325 tionem
253 302 392 329 auem-am,
404 295 532 331 gaudium
549 296 752 330 generationum
769 296 922 330 generatio-

137 343 214 370 nibus
240 342 272 369 ”.
290 351 299 366 ι
323 341 396 368 Idem
422 346 449 368 et
476 341 621 376 Deiparcns
653 341 734 368 David
761 341 919 372 ostendens,

138 389 172 415 ait
192 398 199 415 :
219 398 228 414 ‹
245 388 301 415 Nisi
319 388 449 415 Dominus
464 388 623 415 custodierit
641 388 791 420 civitatem,
819 386 918 413 frustra

137 435 228 467 vigilat
254 434 300 468 qui
325 434 443 461 custodit
477 441 535 461 eam
555 433 584 460 “.
604 442 612 458 ι
636 448 666 452 -
695 441 704 459 σ
723 432 754 458 Εἴ
778 438 858 467 5"8‘35
879 431 921 458 ³³⁸

137 479 277 512 gentium;
293 488 301 504 ι
323 478 536 506 collaudalionen
553 485 584 505 ac
595 478 672 504 fidem
691 477 830 512 gentilium
846 480 921 504 vales

137 525 235 556 innuit,
256 534 263 550 ι
280 529 304 552 et
318 525 425 552 divitias
441 531 533 558 regum
544 523 678 550 comedes.
696 532 705 548 ι
722 521 795 558 Opus
816 530 919 558 regum,

138 577 182 598 aut
201 571 235 598 ab
253 571 314 598 aliis
336 571 416 597 allata
445 577 570 601 munera,
595 574 642 596 aut
667 569 881 596 confractionem
895 573 920 595 et

137 616 344 643 simulacrorum
358 616 521 650 ejectionem-
541 615 671 649 propheta
689 614 844 648 signiﬁcat:
863 622 872 638 ι
889 612 922 640 Ει

137 663 217 694 scies,
235 662 296 695 quia
310 669 359 696 ego
377 661 516 691 Dominus,
531 661 576 695 qui
602 660 675 687 salvo
689 665 726 692 te,
742 664 770 687 et
784 659 829 694 qui
855 665 921 686 eruo

138 714 164 735 te
181 709 251 735 Deus
266 707 347 734 Israel
364 707 396 734 ".
412 715 421 732 ι
437 721 471 726 -
490 716 498 731 ι
513 705 736 740 Quandoquidem
759 713 812 736 me,
834 703 922 739 inquit

137 761 185 788 per
200 753 357 785 .leremiam,
379 751 520 780 beneficiis
537 751 627 779 affecti
650 760 702 779 non
723 755 919 786 cognoverunt,

749 56 960 88 ANDRONICI
976 57 1149 89 COMNENI

1707 55 1763 87 9I2

974 112 1038 144 lem,
1054 111 1257 146 corruptionein
1281 115 1326 138 aut
1344 110 1528 138 interitionem
1545 110 1613 146 (49‘)
1636 112 1763 147 cil'ugisse

973 164 1084 189 remur;
1101 156 1141 183 sin
1155 163 1202 183 vos
1221 155 1330 188 tenetis,
1347 156 1437 183 doceri
1453 156 1580 190 petimus.

1007 202 1119 230 CIIIIIS'I'.
1133 201 1162 229 In
1188 201 1245 228 haec
1267 201 1318 228 tria
1343 202 1488 228 humanam
1516 206 1639 228 naturam
1662 202 1763 236 partita

972 254 1015 276 est
1036 249 1082 276 Dei
1107 248 1274 284 prevideutia
1294 257 1301 274 :
1321 248 1348 274 in
1383 255 1485 280 semen,
1517 248 1766 282 augmentationcm

973 303 1020 323 seu
1037 295 1225 326 nutritionem,
1246 298 1272 321 et
1297 293 1323 320 in
1350 297 1448 319 statum
1466 293 1658 321 cousistentiae.
1677 294 1764 327 Quam

971 343 1006 367 ob
1022 348 1131 368 causam
1150 340 1200 366 tria
1222 345 1329 374 quoque
1343 346 1374 365 ex
1392 343 1452 365 nata
1471 343 1677 372 consequuntur
1694 347 1763 366 con—

973 386 1055 413 traria
1077 394 1084 413 :
1105 392 1190 416 mors,
1205 384 1354 419 corruptio,
1368 385 1500 411 iutcritio.
1515 384 1579 417 Quze
1593 392 1637 412 res
1655 385 1768 413 evidens

972 437 1013 458 est
1039 439 1070 459 ex
1096 430 1271 462 funeralibus,
1295 437 1362 464 quas
1385 430 1504 463 ohimus,
1530 429 1617 458 feriis.
1641 430 1708 458 Nam
1738 431 1766 458 in

973 481 1059 504 morie
1080 476 1256 511 sepulturam,
1271 477 1296 503 itt
1319 476 1472 511 corruptela
1494 477 1589 503 tertias
1603 483 1670 510 quas
1684 485 1767 504 voca-

973 532 1033 551 mus
1049 523 1139 555 ferias.
1166 523 1190 549 iu
1214 523 1293 550 tertia
1321 523 1552 557 quadragenarias
1573 523 1690 550 obimtts.
1707 523 1763 550 No-

973 569 1110 596 vendiales
1130 568 1203 596 enirn
1220 569 1370 595 animarum
1395 568 1585 596 inslaurationi
1606 570 1766 604 cxcogitatm

973 620 1045 642 sunt.
1063 614 1144 649 Igitur
1157 614 1265 649 quidam
1289 618 1352 641 ante
1366 614 1464 649 legem,
1480 619 1507 642 et
1523 614 1549 641 in
1567 614 1634 650 lege,
1649 619 1677 642 et
1702 620 1769 650 post

973 662 1069 697 legem,
1088 662 1121 688 ob
1142 667 1313 697 praestantem
1329 661 1355 688 iu
1370 661 1452 688 Deum
1471 669 1590 690 amorem
1614 670 1696 697 supra
1715 671 1768 690 na-

972 711 1059 733 turam
1085 705 1190 739 luctati,
1212 705 1413 740 corruptionem
1438 713 1490 733 nou
1520 711 1672 739 senserunt,
1692 713 1768 733 mor-

973 756 1029 779 tem
1048 751 1132 787 passi.

137 800 235 834 “‘le
257 803 282 826 εί
307 799 437 826 semul“:
456 798 560 825 Π¹¹¹¹ῑ³¹ί
576 803 742 833 cognoscam
755 797 786 824 ³⁸·
806 806 815 822 ’
838 796 922 824 1330b
936 804 961 834 Β
1012 807 1144 835 Caeterum
1163 814 1239 835 meus
1257 806 1382 835 Salvator
1398 811 1478 842 atque
1492 807 1563 834 Deus
1574 812 1688 834 mortem
1704 814 1770 842 pas-

139 852 206 872 vero
224 846 259 871 ita
285 845 404 879 loquitur
423 853 430 872 :
452 854 460 870 ι
480 843 651 872 Recumbeus
670 843 804 875 dorntisti,
819 847 847 869 ut
868 842 921 875 leo,

139 896 167 917 et
192 892 268 926 quasi
288 891 394 919 catulus
412 891 517 918 leonis:
540 890 819 924 quissuscitabiteum
845 888 890 914 "1?
911 897 920 914 ι

137 933 170 961 Et
199 934 233 961 de
262 935 393 962 confectis
416 942 532 962 maerore
558 935 655 961 animis
686 934 780 960 scribit
808 933 891 960 David
915 942 923 960 :

141 990 149 1005 ι
170 980 361 1008 Clamaverunt
376 981 409 1007 ad
427 980 568 1007 Dominum
589 987 649 1007 cum
667 979 873 1012 tribularentur,
897 984 925 1007 et

139 1028 171 1059 de
185 1027 394 1054 necessitatibus
406 1034 498 1054 eoruut
513 1026 614 1060 eripuit
627 1034 686 1060 eos,
699 1026 826 1053 sedentes
843 1025 869 1052 in
883 1030 923 1052 te-

139 1073 228 1100 nebris
251 1077 278 1100 et
294 1073 389 1100 ttntbr'a
407 1073 513 1104 mortis,
531 1073 638 1100 vinctos
659 1072 684 1099 in
707 1071 881 1099 mendicitate
897 1075 925 1098 et

141 1118 213 1145 ferro
231 1119 265 1149 ’°.
284 1128 293 1144 ι
315 1119 403 1152 inopia
425 1118 470 1145 Dei
486 1118 599 1150 uotitim,
619 1118 690 1146 ferro
704 1117 922 1149 simulacrorum,

137 1164 226 1191 cultus
236 1165 346 1191 duritie.
357 1164 389 1192 Et
399 1164 497 1192 ibidem
513 1173 540 1190 ε(
555 1163 740 1192 Ροι-ιιιεανιειιε
749 1163 888 1196 contrivit,
897 1167 924 1190 et

140 1215 229 1249 vectes
244 1210 346 1237 ferreos
368 1209 502 1244 confregit
520 1210 554 1237 “.
569 1219 578 1236 ι
601 1210 633 1236 Ει
655 1209 738 1237 Isaias
754 1209 826 1236 velut
840 1216 856 1236 a
879 1209 925 1235 Di-

141 1256 255 1282 viuitate
268 1255 301 1282 ad
317 1255 470 1289 copulatum
489 1262 549 1282 cum
569 1262 600 1282 ea
626 1261 723 1289 corpus
740 1263 747 1281 :
768 1263 777 1280 ι
796 1253 842 1281 Sic
857 1253 924 1281 dicit

136 1300 268 1328 Dominus
290 1300 360 1328 Deus
372 1299 482 1328 Christo
499 1308 557 1328 tneo
575 1310 581 1328 :
607 1299 814 1335 Apprehendam
832 1301 926 1327 dexte-

139 1355 197 1375 ram
211 1348 280 1383 ejus,
296 1353 323 1375 et
343 1349 483 1376 exaudiam
499 1355 579 1376 eum:
597 1354 658 1374 ante
676 1347 771 1374 faciem
787 1346 845 1380 ejus
857 1354 924 1382 gen-

139 1399 178 1422 tes
203 1398 231 1422 et
255 1394 438 1422 fortitudinem
468 1402 558 1429 regum
584 1394 750 1429 disrumpam
773 1403 780 1421 :
805 1395 923 1429 aperiam

138 1445 202 1466 aute
217 1447 277 1467 eum
292 1440 400 1474 januas,
418 1445 444 1468 et
461 1441 586 1468 civitates
601 1448 652 1468 non
675 1440 848 1468 claudentur.
867 1440 923 1476 Ego

138 1491 201 1513 ante
217 1491 241 1513 te
264 1487 317 1518 ibo,
335 1491 362 1514 ct
389 1490 495 1513 montes
510 1486 702 1522 complanabo,
726 1490 818 1519 portas
841 1493 926 1513 a‘reas
940 1487 962 1517 c

141 1536 292 1563 conteram,
310 1536 336 1558 ct
359 1536 450 1558 vectes
468 1531 572 1559 ferreos
586 1531 757 1566 confringatn
772 1531 805 1557 ¹¹.
825 1540 834 1557 ι
846 1531 878 1558 Ει
894 1532 927 1559 de

141 1577 293 1604 animarum
329 1585 361 1605 ex
397 1577 492 1604 inferis
524 1577 683 1605 liberatione
717 1578 754 1605 ita
787 1576 926 1605 Nahuut:

140 1632 152 1648 ‹
168 1623 256 1651 Portae
273 1623 413 1651 civitatum
440 1629 540 1660 apertae
565 1627 629 1652 sunt
644 1633 650 1650 :
670 1628 697 1651 et
715 1624 817 1658 regalia
833 1625 926 1652 conci-

140 1669 248 1701 derunt,
264 1674 292 1697 et
305 1670 458 1698 substantia
477 1670 593 1697 revelata
611 1675 654 1697 est
671 1670 788 1704 (scilicet
810 1669 857 1697 Dei
881 1671 929 1698 ho-

143 1715 223 1742 minis
233 1715 349 1751 Cltristi)
364 1720 391 1743 et
404 1716 510 1743 ancilla:
523 1716 580 1749 ejus
595 1715 763 1743 ducebantur
775 1715 810 1748 ",
823 1725 832 1742 ι
858 1716 929 1743 sicut

141 1760 274 1787 columba:
288 1760 397 1796 (animae
415 1766 572 1788 sanctorum
586 1759 632 1787 Dei
649 1760 767 1787 hominis
782 1760 846 1787 Jesu
862 1760 928 1787 divi«

141 1806 225 1833 nitate
241 1806 372 1840 affectat);
392 1807 492 1841 quibus
505 1807 579 1835 addit
594 1806 675 1834 Isaias
693 1815 699 1833 :
727 1815 735 1831 ι
751 1805 800 1838 Qui
822 1805 928 1833 habita-

143 1853 176 1880 tis
190 1853 215 1879 in
231 1853 341 1888 regione
357 1857 383 1880 et
396 1853 490 1879 umbra
507 1853 614 1885 mortis,
627 1851 717 1879 lumen
731 1851 833 1878 lucebit
847 1858 929 1885 super

141 1905 188 1925 vos
204 1898 238 1931 ",
257 1907 266 1924 ι
286 1898 372 1925 lucem
394 1897 534 1932 appellans
565 1897 675 1929 Filium,
707 1903 735 1924 ut
751 1903 785 1923 ex
809 1903 929 1929 evange-

143 1944 205 1971 lista
221 1944 376 1975 didicimus,
393 1950 424 1969 ex
449 1950 565 1977 persona
580 1942 682 1969 Christi
697 1942 823 1970 dicente:
845 1950 854 1966 ι
871 1942 928 1975 Ego

142 1997 200 2015 sum
220 1989 264 2015 lux
281 1988 372 2015 mundi
389 1996 396 2016 :
415 1988 461 2023 qui
480 1988 604 2023 sequitur
618 1995 671 2018 me,
689 1994 742 2013 nou
767 1986 886 2014 ambulat
902 1987 928 2013 in

143 2036 274 2069 tenebris,
287 2036 335 2063 sed
362 2035 474 2073 habebit
493 2037 583 2062 lumen
604 2035 664 2062 vita:
681 2035 715 2062 "‘.
731 2044 740 2060 ι
759 2035 828 2067 Quin
851 2035 930 2062 Chri-

142 2088 200 2109 stus
218 2083 275 2116 ipse
290 2089 337 2115 per
354 2081 483 2108 Davidcm
501 2081 574 2108 velut
587 2088 601 2108 a
616 2088 730 2115 corpore
745 2081 778 2107 ad
801 2080 884 2108 Deum
902 2079 929 2108 et

143 2129 252 2156 Patrem
270 2127 370 2154 clamat
385 2135 392 2154 :
411 2136 420 2152 ι
438 2127 575 2160 Quoniam
603 2134 656 2154 non
681 2125 853 2161 derelinques
867 2126 927 2153 ani-

143 2182 214 2201 mam
231 2181 319 2201 meam
336 2173 361 2200 in
379 2173 487 2200 inferno
509 2181 516 2199 :
541 2180 591 2200 nec
612 2172 690 2199 dabis
713 2177 836 2200 sanctum
853 2177 928 2199 tuum

144 2219 237 2247 videre
252 2219 455 2253 corruptionem
471 2218 504 2245 ".
521 2227 534 2244 θ
559 2217 637 2251 Agite
654 2225 729 2249 vero,
744 2217 808 2252 qttid
825 2217 859 2244 de
878 2217 930 2244 hoc

144 2271 240 2293 sancto
253 2264 499 2299 censetis?ecquid
516 2265 588 2291 enim
607 2269 716 2291 sanctus
730 2262 820 2291 omnis
834 2270 929 2290 corru-

144 2310 240 2343 ptelam
257 2317 310 2336 non
334 2310 540 2345 sensitiApage
555 2309 603 2337 sis.
619 2308 692 2337 Unus
716 2309 848 2336 duntaxat
868 2315 931 2336 vere

144 2362 254 2384 sanctus
273 2361 299 2383 et
315 2364 329 2382 a
350 2357 404 2384 Deo
419 2356 532 2389 electus,
553 2360 580 2383 et
596 2355 642 2390 qui
661 2356 862 2391 corruptionem
877 2362 930 2385 non

144 2403 254 2435 viderit,
269 2402 380 2430 Cltistus
393 2406 447 2430 est.

406 2447 484 2476 CAP.
503 2446 658 2475 LXI-LXII.

251 2495 370 2522 Christus
388 2501 507 2522 mortuus
523 2494 715 2527 corruptionem
731 2493 833 2528 eﬁ‘ugit.

179 2551 240 2580 .luo.
267 2549 322 2578 Nos
351 2551 459 2585 quidem
492 2550 625 2578 neminem
653 2549 790 2576 hominem
821 2553 931 2574 morta-

180 2631 202 2646 ”
218 2630 324 2661 Isa.1.x,
337 2629 380 2655 15.
420 2629 441 2645 ’⁵
454 2628 520 2655 ibid.
560 2628 581 2644 "
595 2628 664 2656 Psal.
677 2635 767 2659 cxxvr,
785 2628 809 2654 1.

147 2673 198 2696 ενι,
214 2665 307 2696 10,13.
368 2665 390 2680 ²¹
403 2664 474 2690 Psal.
497 2670 551 2695 ενι,
565 2663 608 2690 16.
671 2663 693 2679 ¹¹
706 2664 759 2690 Isa.
782 2670 843 2694 ην,
859 2663 918 2690 1-3.

145 2701 167 2716 ⁸⁸
182 2701 251 2727 Psal.
266 2700 369 2732 xv,10.
411 2699 433 2714 ’⁷
449 2698 527 2726 Joan.
545 2706 572 2731 ιι,
588 2699 632 2726 18.

183 2781 251 2811 (ω’)
270 2781 424 2809 Διαωθοοὰν
442 2780 627 2808 καταφθοράν.

850 2628 870 2643 ¹⁷
883 2627 931 2654 Isa.
944 2634 988 2654 Lx.
1001 2626 1044 2653 16.

670 2698 693 2714 ’⁸
708 2697 800 2725 Matth.
819 2706 885 2731 χχιι,
902 2696 947 2725 29.

975 861 1021 881 sus
1039 857 1080 880 est
1094 858 1205 888 propter
1218 860 1316 888 corpus
1326 874 1333 886 ,
1352 853 1423 888 quod
1439 861 1470 880 ex
1482 860 1551 888 puro
1563 853 1684 887 virginali
1699 861 1768 880 san-

975 899 1065 934 guine,
1079 897 1209 926 testauda:
1223 898 1335 926 omnino
1354 899 1476 925 humana:
1489 905 1545 925 suae
1564 902 1666 924 natura!
1676 917 1683 930 ,
1700 905 1769 924 con-

976 946 1067 973 traxit.
1082 944 1148 972 Nam
1166 945 1188 973 si
1201 945 1235 972 ob
1244 949 1382 979 peccatum
1399 944 1426 971 in
1436 943 1530 971 orbem
1543 949 1677 971 terrarum
1693 951 1769 972 mors

977 991 1085 1024 invasit,
1111 998 1209 1026 expers
1225 995 1314 1017 autem
1328 989 1431 1025 peccati
1445 989 1571 1017 Christus
1583 993 1634 1020 est,
1651 997 1702 1016 nott
1718 991 1770 1017 Ita-

975 1037 1077 1065 buisset
1091 1038 1117 1065 in
1128 1044 1161 1064 eo
1176 1036 1263 1064 locum
1277 1044 1360 1069 mors,
1377 1035 1427 1063 nisi
1447 1036 1523 1071 jussa
1536 1036 1687 1070 paruisset;
1703 1043 1769 1064 cur-

975 1084 1127 1119 ruptionem
1154 1090 1220 1111 vero
1248 1087 1293 1110 aut
1318 1081 1464 1117 perniciem
1483 1089 1656 1117 nequaquam
1681 1082 1770 1109 sensit

975 1129 1143 1156 Dominicum
1158 1134 1266 1163 corpus,
1281 1135 1343 1155 cum
1359 1134 1412 1155 nec
1431 1131 1507 1155 satus
1522 1126 1632 1162 quidem
1654 1130 1681 1154 et
1705 1134 1769 1154 cor-

975 1182 1057 1208 porea
1084 1174 1206 1209 voluptas
1230 1173 1417 1207 przecesserit;
1436 1179 1524 1207 neque
1551 1172 1576 1200 iu
1601 1172 1675 1200 vitiis
1700 1180 1769 1200 con-

975 1224 1079 1254 ceptus,
1108 1227 1195 1254 neque
1228 1220 1254 1246 in
1277 1219 1395 1254 peccatis
1420 1219 1526 1250 enixus,
1559 1223 1589 1246 ut
1612 1219 1649 1246 ait
1663 1218 1768 1251 David;

975 1265 1110 1301 siquidem
1128 1266 1172 1293 ubi
1190 1266 1249 1293 haec
1266 1269 1340 1297 sunt,
1365 1265 1519 1292 necessario
1535 1269 1562 1292 et
1577 1265 1714 1299 corruptio
1739 1269 1769 1292 et

976 1313 1109 1347 pernicies
1139 1316 1353 1347 consequuntur.
1387 1310 1517 1338 Servator
1551 1314 1641 1338 autem
1672 1311 1768 1337 mundi

976 1358 1069 1386 volens
1083 1357 1196 1393 benigne
1206 1358 1354 1384 humanum
1373 1364 1458 1392 genus
1478 1362 1598 1388 servare,
1614 1355 1684 1383 ultro
1701 1355 1769 1383 sub-

976 1405 1007 1432 iit
1032 1405 1183 1436 interitum,
1199 1403 1225 1431 id
1251 1403 1321 1438 quod
1344 1403 1377 1430 de
1389 1410 1418 1430 se
1432 1403 1489 1438 ipse
1503 1405 1638 1436 testatum:
1667 1411 1677 1428 ι
1689 1401 1771 1429 Pote-

977 1456 1072 1480 statem
1090 1451 1176 1478 habeo
1195 1449 1310 1484 ponendi
1321 1450 1451 1481 animant,
1465 1453 1491 1476 et
1504 1453 1662 1484 potestatem
1678 1448 1769 1476 habeo

978 1498 1076 1525 iterum
1091 1496 1212 1524 sumendi
1230 1503 1289 1524 eam
1301 1496 1335 1528 "’,
1353 1504 1362 1521 ι
1381 1500 1462 1530 atque
1478 1495 1504 1522 id
1520 1495 1621 1522 factum
1636 1499 1678 1522 est
1692 1499 1767 1529 post,

979 1550 1008 1571 ut
1027 1543 1153 1571 omnibus
1168 1542 1279 1570 omnino
1294 1541 1390 1569 Adami
1407 1541 1532 1576 posteris,
1546 1546 1676 1575 quantum
1691 1541 1718 1568 in
1734 1548 1771 1568 eo

980 1594 1074 1622 esset,
1108 1589 1262 1616 libertatem
1288 1592 1424 1622 qumeret
1458 1587 1545 1614 soluta
1574 1587 1695 1621 corporis
1720 1587 1770 1615 da-

979 1635 1128 1668 mnatione,
1145 1634 1171 1662 in
1196 1634 1255 1668 ipso
1270 1641 1386 1669 corpore
1398 1633 1533 1661 exstincta
1551 1638 1649 1661 morte.

1261 1702 1376 1731 CAPUT
1393 1701 1486 1730 LXIII.

1015 1760 1148 1788 Gltristum
1161 1765 1217 1795 post
1233 1761 1446 1787 resurrectionem
1462 1759 1558 1793 edisse,
1572 1763 1597 1786 et
1612 1759 1639 1788 in
1654 1759 1732 1787 mlo:

1291 1795 1453 1822 ascendisse.

1014 1853 1075 1883 Jun.
1106 1853 1287 1888 Quamobrem
1315 1860 1396 1884 vero,
1422 1859 1511 1887 quove
1525 1857 1604 1886 pacto
1630 1851 1769 1879 Christum

981 1902 1150 1933 redivivum,
1169 1904 1198 1927 et
1224 1900 1423 1934 incorruptum,
1454 1906 1541 1933 neque
1572 1898 1627 1932 jam
1657 1898 1770 1925 caducis

980 1952 1104 1984 egentem
1134 1947 1214 1978 cibis,
1242 1954 1349 1974 rursum
1374 1947 1536 1978 comedisse,
1564 1953 1597 1973 ac
1625 1945 1651 1972 in
1685 1944 1772 1972 ccelos

980 1999 1147 2028 assumptum
1161 1993 1274 2020 dicitis?
1296 1993 1370 2020 ltaue
1383 1992 1506 2019 homines
1519 1999 1627 2026 quoque
1640 1996 1698 2025 post
1712 1991 1770 2027 (50)

979 2040 1206 2067 resurrectionem
1231 2039 1366 2074 publicam
1391 2038 1489 2073 epulati
1507 2037 1534 2064 in
1551 2037 1634 2064 C(EIOS
1651 2037 1771 2072 denique

981 2086 1188 2114 conscenderit?

1017 2132 1128 2160 CIIRIST.
1147 2132 1183 2159 De
1205 2132 1248 2160 Itis
1263 2139 1328 2159 sane
1343 2140 1419 2159 mnus
1443 2130 1571 2159 Servator
1588 2135 1690 2158 certam
1705 2137 1772 2156 scn-

984 2178 1096 2206 tentiam
1114 2178 1193 2205 dixit.
1209 2177 1273 2205 Nam
1294 2177 1444 2211 majoribus
1468 2178 1567 2204 vestris
1586 2176 1772 2211 quaerentibus

984 2231 1045 2251 eum
1062 2224 1096 2251 de
1112 2223 1274 2258 quibusdatn
1299 2227 1403 2257 septem
1431 2222 1582 2254 fratribus,
1607 2221 1652 2254 qui
1675 2228 1772 2247 omnes

986 2278 1067 2297 uuam
1085 2277 1197 2297 uxorem
1216 2269 1360 2301 duxerant,
1376 2273 1405 2295 ut
1419 2268 1495 2294 fratri
1509 2274 1601 2294 semen
1619 2266 1773 2293 excitarent

984 2317 1133 2345 secundum
1151 2316 1249 2349 legem,
1269 2315 1346 2349 cujus
1365 2322 1398 2341 ex
1423 2319 1524 2348 septem
1541 2318 1623 2344 esset,
1639 2313 1664 2338 iu
1678 2319 1773 2338 resur-

985 2361 1127 2389 rectione?
1142 2371 1151 2387 ι
1167 2360 1285 2393 Erratis,
1303 2360 1404 2394 inquit,
1422 2360 1574 2386 nescientes
1601 2357 1769 2392 Scripturas,

984 2416 1071 2443 neque
1084 2409 1210 2435 virtutem
1226 2406 1273 2434 Dei
1285 2416 1292 2434 :
1306 2406 1333 2433 in
1346 2404 1648 2439 resurrectiot'te_neque
1656 2404 1771 2435 nubent,

985 2461 1073 2488 neque
1104 2454 1251 2485 nubentur,
1283 2452 1330 2480 sed
1359 2455 1439 2478 erunt
1466 2450 1536 2477 sicut
1564 2448 1652 2482 angeli
1679 2447 1724 2475 Dei
1743 2448 1770 2474 in

984 2500 1054 2528 ctelo
1069 2500 1102 2527 ³⁸.
1121 2510 1129 2526 ι
1149 2498 1281 2527 Caeterum
1296 2498 1368 2533 quod
1382 2497 1455 2525 dubii
1473 2496 1544 2524 scire
1566 2494 1699 2530 quaeritis,
1715 2500 1771 2529 quo

985 2551 1065 2582 pacto
1078 2551 1138 2581 post
1159 2545 1388 2573 resurrectionem
1411 2542 1570 2576 comederit,
1586 2541 1663 2568 facile
1686 2545 1771 2576 atque

1083 2626 1104 2642 "
1114 2624 1214 2652 Jerem.
1229 2631 1302 2656 uxr,
1316 2622 1361 2648 δι.
1400 2621 1421 2637 ¹⁵
1433 2620 1499 2648 Gen.
1512 2628 1584 2656 sua,
1595 2619 1622 2647 9.
1661 2619 1684 2635 '°
1694 2619 1769 2656 P-iaj.

977 2662 1001 2678 "
1013 2661 1121 2688 Nahum
1147 2669 1177 2691 ιι,
1190 2660 1257 2687 6.7.
1297 2654 1334 2673 ”⁸
1348 2657 1400 2685 lsa.
1412 2664 1450 2688 ts,
1464 2656 1492 2683 2.
1529 2654 1770 2689 ".loan.vnt,12.

1017 2777 1073 2808 (50)
1089 2775 1218 2803 Nazianz.
1236 2774 1262 2803 in
1280 2774 1414 2806 Epiphan.
1432 2774 1496 2804 255,
1510 2772 1556 2801 52.
