1955 3080
145 211 174 240 Ἥ
183 211 199 241 3

708 215 899 245 DIALOGUS
917 214 1066 245 CONTRA
1085 213 1250 245 ΙυῡίΕΟΞ.

1725 218 1777 250 91ί

146 268 285 301 explorate
306 275 338 296 ex
361 270 394 297 iis
416 278 476 306 qua
492 271 603 304 tenetis,
621 277 647 299 et
661 274 833 306 questionem
848 281 931 308 expe-
947 276 970 303 Α
987 272 1089 300 Deinde
1104 273 1206 302 Christi
1224 275 1444 308 praepotentium;
1469 281 1615 310 rerumque
1637 274 1775 309 gestarum

145 313 230 347 diam,
246 319 273 341 et
284 316 441 349 scrupulum
459 317 616 346 dissolvam.
631 318 764 347 Nimirum
779 326 809 348 ut
823 320 931 354 epulata

145 362 188 384 est
202 363 295 386 sancta
310 358 442 394 Trinitas,
460 362 575 390 invitata
595 364 629 391 ab
646 363 802 391 Abrahamo
819 365 934 399 patriar—

145 404 251 435 eha,ut
265 405 323 440 ejus
348 405 488 434 facultates
507 408 658 443 absumpsit
685 409 765 444 ignis,
789 417 850 437 cum
872 410 933 444 qui—

146 448 206 475 dem
222 449 323 477 solidas
343 451 449 480 hostias
471 453 601 482 dissecuit
625 455 740 487 medias,
754 460 781 482 et
797 455 823 482 in
845 455 931 482 frusta

143 494 265 529 redegit;
287 503 351 523 aves
371 505 423 524 non
441 498 587 532 disseruit,
604 500 650 527 sed
667 500 776 528 caelitus
799 499 870 534 ignis
883 500 931 527 de-

145 538 239 573 lapsus
258 543 427 576 consumpsit
440 544 479 576 ";
496 545 722 578 quemadmodum
744 550 771 573 et
795 546 860 574 Elia
875 553 931 573 utc-

145 586 230 612 moria
246 594 306 613 cum
321 587 503 618 ineendiarias
516 591 649 623 victimas,
664 591 783 626 etligna,
795 597 821 619 et
833 600 930 626 squam

144 630 172 657 in
196 633 293 661 scrobe
309 639 336 661 et
360 635 471 663 humum
497 637 591 664 lambit
614 638 684 674 ignis
697 639 730 666 ³⁸.
748 638 807 666 Jam
825 646 890 666 vero
903 643 931 666 ιιι

143 676 172 703 in
195 678 280 706 caelos
302 682 501 714 ascenderit,et
516 683 660 711 immortali
680 683 754 711 Patri
774 684 870 712 dexter
885 692 930 712 se-

143 721 219 755 deat,
234 731 396 759 rursumque
409 726 435 753 in
454 734 537 755 carne
548 728 704 763 judicandis
721 729 791 756 vivis
806 737 837 756 ac
857 737 930 756 mor-

144 768 200 794 tuis
213 773 342 797 venturus
366 771 412 804 sit,
429 773 565 807 prophetae
591 773 635 801 hic
652 781 770 809 quoque,
791 782 845 802 non
869 782 929 809 ego,

143 815 222 841 vobis
238 816 354 848 prodent
370 818 521 846 veritatem.
535 818 619 853 Igitur
632 819 717 846 Isaias
737 819 851 852 Christi,
866 828 929 847 eum

143 867 258 893 corpore
290 868 431 889 ascensum
460 864 571 896 videns,
598 869 625 891 et
652 865 690 892 rei
716 865 929 900 magnitudinem

143 908 255 937 stupens
275 912 306 932 ac
324 906 478 939 demirans,
493 907 614 935 clamat:
631 917 641 934 ι
659 908 726 942 Quis
749 914 791 936 est
806 909 867 943 iste,
883 910 927 944 qui

988 317 1198 351 magnitudinem
1221 319 1335 344 miratus
1356 318 1456 345 infert:
1477 329 1487 344 ε
1506 319 1563 345 Non
1584 318 1703 353 legatus,
1723 325 1774 344 non

987 362 1109 396 angelus,
1123 362 1169 389 sed
1184 362 1241 395 ipse
1256 352 1387 391 Dominus
1401 363 1515 390 salvavit
1533 371 1581 390 eos
1593 363 1626 390 δ’.
1644 372 1653 389 ι
1672 362 1777 389 Zacha-

988 407 1060 434 rias:
1076 417 1085 433 ι
1107 407 1170 435 Haec
1192 408 1257 435 dicit
1283 408 1414 436 Dominus
1431 416 1438 435 :
1457 409 1526 436 Ecce
1554 411 1612 437 dies
1635 410 1710 436 venit
1725 417 1732 435 :
1747 413 1775 435 et

987 453 1097 480 stabunt
1115 455 1196 488 pedes
1212 453 1271 488 ejus
1289 454 1315 480 in
1331 453 1374 481 die
1389 454 1432 480 illa
1450 462 1531 488 super
1550 459 1667 482 montem
1679 453 1769 481 Oliva-

989 507 1048 525 rutn
1065 499 1099 527 ⁸³.
1119 509 1128 525 ι
1144 500 1230 527 Pedes
1246 507 1310 527 vero
1323 500 1368 527 Dei
1381 500 1538 534 nominans,
1552 507 1604 526 non
1620 504 1771 531 actuosam,

985 552 1046 579 quae
1068 553 1082 571 a
1108 546 1222 580 pedibus
1247 551 1346 578 manat,
1374 546 1421 573 Dei
1449 545 1605 573 facultatem
1635 544 1770 578 intelligit,

985 590 1209 625 quemadmodum
1230 590 1310 618 David
1328 597 1386 616 eam
1404 597 1464 624 qua:
1476 598 1491 616 τι
1508 589 1631 616 mattibus
1649 588 1772 622 proficis-

984 636 1064 665 citur.
1096 643 1191 664 manus
1211 636 1354 669 appellarit
1375 637 1415 663 Itis
1432 636 1521 662 verbis
1548 645 1554 662 :
1578 643 1587 660 ε
1607 634 1702 661 Manus
1718 639 1769 661 tua:

985 681 1106 707 fecerunt
1118 689 1170 713 nte,
1182 686 1208 708 et
1221 682 1425 715 plasmaveruut
1438 689 1480 708 me
1490 681 1523 712 “.
1539 689 1549 706 ι
1568 680 1615 707 sed
1627 687 1772 714 corporeus

984 726 1065 757 pedes
1082 726 1263 760 signiﬁcavit;
1280 733 1341 753 nam
1365 733 1425 752 eam
1448 727 1483 753 ob
1505 733 1575 758 rem,
1596 730 1624 752 et
1648 725 1718 752 diem
1746 730 1773 750 ct

984 771 1081 799 Oliveti
1108 776 1226 798 montem
1256 773 1490 804 commemoravit,
1517 775 1547 798 ιιι
1575 771 1730 803 humanam,
1746 774 1772 797 et

983 817 1056 844 velut
1085 817 1318 851 circumscriptam
1350 816 1452 844 Christi
1479 821 1604 844 naturam
1629 815 1770 843 iudicaret.

984 861 1067 889 David
1084 869 1192 896 quoque
1203 862 1304 889 Christi
1321 869 1336 888 a
1354 861 1468 890 mortuis
1484 861 1723 891 resurrectionem.
1741 867 1772 887 ac

983 913 1043 942 post
1056 914 1114 934 eam
1129 908 1155 934 in
1170 907 1255 935 ctelos
1277 915 1431 940 ascensum,
1446 911 1474 934 et
1494 908 1553 940 eius
1567 906 1644 941 quasi
1661 906 1772 933 restitu-

142 950 216 976 venit
228 950 261 977 de
280 950 375 984 Edom,
394 952 476 979 rubor
501 953 616 981 vestium
636 955 669 982 de
686 953 770 981 Bosor
782 954 793 981 ?
807 955 846 982 sic
872 955 926 982 for-
943 963 964 992 ιι
978 953 1078 980 tionem
1093 953 1120 980 in
1137 953 1270 988 integrum
1281 953 1375 980 volens
1399 960 1479 987 quam
1493 952 1669 986 liquidissime
1678 957 1771 980 osten-

141 1001 234 1021 mosus
261 996 288 1022 in
316 996 383 1023 stola
411 997 453 1023 "l
471 1007 480 1023 ι
499 997 650 1032 Intelligitis
671 1000 780 1026 vatem?
806 1000 871 1027 Cum
900 1001 926 1027 in

141 1037 242 1066 Christi
258 1039 453 1068 humanitatem
484 1043 648 1074 intueretur,
665 1044 790 1071 ruborem
813 1044 929 1071 vestium

140 1083 210 1117 ejus,
226 1089 254 1112 ct
269 1085 302 1113 de
325 1085 421 1119 Bosor,
445 1088 522 1120 dixit.
538 1089 610 1123 quod
630 1095 690 1117 erat
711 1089 812 1117 carnis.
830 1089 864 1117 At
886 1090 929 1117 uhi

141 1129 168 1156 in
184 1130 302 1158 divinam
321 1137 445 1160 natttram
463 1134 634 1169 perspicaces
654 1135 754 1162 tuentis
776 1135 870 1163 oculos
884 1142 929 1162 re-

141 1175 214 1210 iecit,
231 1177 269 1204 ait
286 1185 293 1204 :
310 1186 319 1204 ι
341 1177 386 1206 Sic
398 1178 535 1207 formosus
558 1181 584 1207 in
607 1180 696 1208 stola?
714 1191 723 1206 ι
743 1180 812 1208 Tum
837 1186 927 1208 autent

141 1227 172 1249 ut
186 1223 346 1257 apertiorem
371 1226 523 1252 orationem
539 1226 676 1258 redderet,
692 1227 764 1254 velut
777 1235 793 1254 ί
815 1227 869 1254 Deo
884 1227 932 1254 ho-

142 1267 225 1300 mine,
243 1268 340 1296 addit:
360 1278 370 1295 (
389 1270 446 1304 Ego
470 1271 516 1305 qui
542 1271 638 1305 loquor
658 1271 803 1306 justitiam,
817 1277 846 1300 et
860 1272 931 1306 judi-

140 1312 243 1339 dicium
264 1313 403 1342 salutaris.
419 1324 428 1340 ι
459 1315 594 1343 Justitiam
629 1315 745 1351 (loquor)
775 1321 804 1344 ut
828 1318 872 1352 qui
898 1317 931 1344 ad

142 1357 278 1385 hominum
292 1359 404 1387 salutem
419 1360 499 1388 homo
511 1362 598 1389 factus
612 1362 674 1393 sim.
691 1363 736 1397 qui
752 1370 765 1389 a
779 1363 932 1391 simulacris

141 1403 314 1437 obsistentes,
328 1411 354 1432 et
370 1406 402 1432 iis
426 1407 573 1440 praestitam
602 1408 760 1442 religionem
784 1414 866 1443 atque
884 1409 932 1437 bo—

143 1456 235 1475 norem
263 1450 296 1477 ad
327 1458 420 1478 verum
447 1451 530 1479 Deutn
564 1453 772 1481 transtulerunt.
797 1454 931 1482 iudicium

142 1494 280 1527 salutaris,
305 1500 335 1522 ιιι
358 1497 404 1531 qui
425 1497 496 1524 Deus
518 1498 649 1531 existens.
660 1499 787 1527 omnibus
803 1505 932 1528 venturus

141 1539 235 1573 judex,
255 1540 306 1567 sim
332 1549 553 1577 unumquemque
571 1551 619 1578 pro
634 1544 691 1570 suis
712 1543 792 1572 factis
809 1551 933 1572 remune-

144 1590 230 1613 ratus.
249 1585 298 1613 Cui
315 1587 455 1615 sententia:
467 1594 619 1616 consonant
637 1589 680 1616 illa
698 1590 826 1618 Davidis:
841 1600 850 1617 ι
866 1591 932 1626 Spe-

981 1001 1055 1032 dere,
1080 998 1150 1026 inter
1174 1006 1203 1026 se
1229 999 1382 1026 dubitantes
1407 998 1500 1031 copias
1514 998 1638 1026 caelestes
1656 998 1769 1031 inducit;

981 1052 1145 1079 carmenque
1163 1053 1211 1080 per
1234 1045 1476 1080 interrogationem
1498 1044 1580 1071 simul
1603 1052 1635 1071 ac
1657 1052 1771 1079 respon-

981 1089 1083 1117 sionem
1096 1090 1226 1117 detexens
1237 1089 1277 1116 sic
1290 1089 1387 1116 ell'atur
1402 1098 1409 1116 :
1427 1098 1436 1114 ι
1455 1088 1577 1115 Attollite
1591 1092 1681 1122 portas
1696 1081 1782 1122 prin:

982 1135 1057 1168 cipes
1073 1139 1177 1162 vestras
1189 1155 1197 1167 ,
1213 1139 1241 1161 et
1257 1134 1400 1162 elevamini
1417 1137 1500 1166 θοι-ιω
1511 1133 1662 1165 mteruales,
1678 1137 1705 1160 et
1728 1132 1772 1159 itt-

982 1180 1075 1207 troihit
1089 1186 1135 1207 rex
1159 1180 1252 1214 gloria:
1264 1179 1298 1206 “.
1318 1189 1328 1206 ι
1347 1179 1431 1213 Igitur
1447 1179 1472 1206 hi
1495 1178 1686 1206 ascendentem
1709 1184 1770 1204 cum

982 1231 1095 1258 corpore
1121 1223 1268 1258 gloriosum
1295 1223 1378 1252 Deum
1404 1223 1564 1257 conspicati,
1587 1227 1614 1250 et
1644 1222 1770 1250 insolenti

983 1269 1139 1304 spectaculo
1166 1269 1295 1304 perculsi,
1325 1276 1442 1304 rogare:
1463 1278 1472 1295 ι
1489 1269 1554 1301 Quis
1576 1273 1619 1296 est
1646 1269 1696 1294 iste
1724 1270 1769 1295 rex

982 1314 1096 1349 gloriae?
1116 1324 1126 1341 ι
1142 1314 1180 1342 Illi
1195 1319 1291 1342 contra
1311 1314 1474 1348 respondere
1488 1323 1495 1341 :
1511 1324 1520 1339 ι
1541 1314 1670 1341 Dominus
1693 1314 1771 1341 fortis

982 1364 1010 1387 et
1025 1366 1133 1394 potens,
1154 1360 1284 1387 Dominus
1311 1363 1406 1394 potens
1432 1360 1458 1386 in
1483 1359 1575 1392 prmiio
1591 1359 1627 1391 “,
1651 1369 1660 1384 ι
1676 1363 1769 1386 contra

983 1409 1110 1438 mortem,
1127 1405 1238 1436 inferos,
1252 1409 1280 1432 et
1291 1404 1439 1437 diabolum;
1458 1405 1561 1431 calcata
1582 1404 1654 1432 enim
1672 1410 1768 1434 morte.

983 1450 1095 1485 direptis
1108 1450 1212 1482 inlcris,
1229 1449 1314 1477 fracto
1329 1449 1447 1482 diabolo,
1471 1453 1500 1476 ut
1526 1448 1596 1477 Deus
1609 1448 1686 1475 fortis
1700 1455 1772 1476 nunc

983 1496 1121 1528 ascendit;
1140 1504 1204 1531 ergo
1219 1506 1229 1522 ‹
1243 1495 1358 1523 attollite
1373 1500 1465 1530 portas
1477 1494 1611 1530 principes
1624 1499 1738 1527 vestras,
1756 1503 1765 1519 ›

983 1542 1174 1577 Angelicarutn
1193 1546 1357 1576 potestatum
1381 1540 1506 1573 Domino,
1521 1540 1692 1575 gloriosoque
1709 1547 1771 1574 rege

985 1589 1129 1620 intraturo,
1149 1588 1175 1616 id
1195 1593 1246 1620 est,
1261 1596 1322 1616 cum
1337 1595 1452 1623 corpore
1471 1587 1525 1614 Deo
1540 1591 1566 1614 et
1581 1586 1655 1614 l‘atri
1671 1595 1684 1613 a
1705 1587 1770 1614 dex-

141 1631 233 1658 ciosus
250 1631 334 1659 forma
350 1641 403 1667 pra:
421 1633 482 1661 ﬁliis
496 1635 633 1661 hominum
643 1635 711 1661 “-“.
729 1644 738 1661 ι
757 1635 791 1662 Et
811 1635 906 1663 iterum
922 1645 928 1663 :
942 1631 965 1662 C
982 1635 1032 1662 tris
1045 1641 1195 1662 assessuro.
1211 1634 1283 1661 Idem
1301 1641 1406 1661 rursum
1424 1633 1457 1660 de
1472 1631 1566 1659 eodem
1582 1633 1743 1659 ascendente
1757 1640 1765 1658 ;

145 1684 154 1701 ι
173 1676 244 1703 Deus
262 1677 359 1711 judex,
383 1679 482 1712 justus,
507 1678 598 1711 fortis,
621 1686 648 1708 et
672 1681 777 1715 patiens
792 1681 824 1707 ³⁷.
844 1692 852 1708 ι
871 1681 925 1710 Sed

143 1721 225 1750 Isaias
240 1723 332 1751 volens
345 1724 454 1758 insuper
471 1726 642 1759 apertissime
660 1727 814 1760 ostendere,
828 1736 929 1764 nequa-

141 1776 222 1802 quam
241 1769 322 1796 alium
343 1777 418 1803 esse,
440 1771 485 1806 qui
502 1771 534 1799 de
548 1772 616 1810 0(1le
629 1772 797 1801 descendens
809 1795 817 1807 ,
834 1782 929 1809 passus

141 1820 169 1841 et
181 1815 302 1849 sepultus
322 1816 425 1845 inferos
444 1818 598 1852 spoliasset,
614 1823 640 1846 et
658 1819 741 1846 alium
763 1820 808 1854 qui
828 1824 928 1847 eterra

143 1860 168 1887 in
188 1861 272 1888 malos
285 1862 456 1895 eveheretur,
475 1863 716 1898 interrogationem
739 1864 802 1892 facit
815 1865 849 1892 ad
865 1864 931 1892 Ser-

142 1911 283 1934 vatorem:
301 1916 311 1933 ε
328 1907 416 1940 Quare
445 1909 526 1936 rubra
554 1914 617 1937 sunt
638 1910 796 1938 vestimenta
819 1915 881 1943 tua,
903 1915 930 1938 et

143 1953 298 1980 indumenta
324 1959 368 1980 tua
399 1954 468 1982 sicut
494 1955 528 1982 de
560 1955 666 1983 calcato
694 1956 842 1989 torculari,
858 1956 930 1991 pleni

142 1998 322 2031 percalcatae?
338 1998 427 2032 Quare
449 2007 514 2043 ergo
538 2005 580 2029 est
607 2002 717 2029 rubrum
742 2001 928 2030 indumentum

143 2049 231 2076 tuum,
243 2045 440 2072 etvestimenta
465 2050 508 2072 tua
533 2046 602 2073 sicut
620 2046 782 2073 ealcautium
797 2047 823 2074 iu
841 2051 930 2074 torcu-

144 2088 194 2115 lari
207 2088 250 2115 ⁸⁸2
263 2098 272 2114 ι
285 2089 372 2123 Atque
386 2089 430 2116 ille
445 2089 552 2123 quidem
575 2095 650 2125 rogat
670 2090 697 2117 in
717 2091 790 2117 hunc
811 2092 929 2124 modum,

145 2133 320 2169 imitatusque
338 2134 476 2162 Christum
506 2135 659 2168 Dominum,
677 2135 725 2169 qui
748 2136 799 2163 sibi
827 2136 878 2170 ipsi
903 2141 930 2163 et

144 2179 297 2212 sacriﬁcus,
321 2185 349 2207 et
372 2180 536 2207 sacrilicium
563 2179 630 2213 fuit,
654 2188 754 2216 rogans
773 2181 930 2216 respondet,

144 2224 294 2251 orationem
306 2225 420 2260 fingens,
435 2225 512 2259 quasi
529 2224 573 2251 ille
586 2225 773 2260 responderet.
789 2225 859 2260 Ergo
873 2226 921 2253 ait:

147 2280 157 2297 ς
177 2271 309 2298 Toreular
322 2271 424 2298 calcavi
442 2270 525 2303 solus,
537 2276 564 2298 et
582 2272 615 2298 de
632 2271 757 2307 gentibus
770 2280 822 2298 non
837 2277 878 2299 est
891 2273 930 2300 vir

144 2324 249 2344 mecum
265 2317 298 2344 ³¹.
315 2326 324 2342 ι
341 2317 408 2344 Nam
426 2321 455 2344 ut
467 2318 492 2344 ei
506 2321 628 2352 tempore
643 2317 777 2351 passionis
795 2325 848 2345 non
864 2325 931 2352 opus

143 2367 204 2390 crat
215 2363 356 2390 duodecim
372 2363 522 2398 legionibus
541 2363 699 2398 angelorum
717 2363 835 2399 (poterat
856 2364 929 2392 enim

144 2409 186 2436 vel
199 2409 274 2436 solus
289 2417 318 2437 se
332 2416 512 2444 propugnare,
527 2414 554 2436 et
569 2414 682 2436 mortem
699 2409 827 2443 effugere,
845 2410 868 2438 si
884 2419 931 2437 von

146 2455 254 2487 luisset,
271 2456 446 2490 quantumvis
459 2455 605 2482 humanum
621 2455 747 2489 quiddam
765 2455 930 2489 loqueretur:

146 2510 156 2526 ί
180 2500 260 2528 Pater
274 2500 321 2533 mi,
340 2500 362 2527 si
381 2499 509 2534 possibile
535 2504 594 2532 est,
614 2504 734 2526 transeat
753 2508 767 2526 a
792 2507 833 2527 me
854 2500 926 2527 calix

144 2547 216 2574 iste:
235 2550 421 2573 verumtamen
449 2553 502 2572 non
535 2545 603 2572 sicut
627 2552 676 2580 ego
695 2545 766 2577 volo,
788 2546 834 2574 sed
861 2547 931 2573 sicut

144 2593 202 2619 tu“
217 2601 241 2619 ιι
254 2593 289 2619 ita
301 2592 345 2620 hic
355 2599 462 2627 quoque
473 2591 593 2618 torcular
605 2591 718 2618 calcavit
731 2591 816 2624 solus,
831 2592 930 2619 nullius

144 2645 161 2665 e
175 2637 304 2673 gentibus
317 2644 385 2672 opus
400 2636 512 2664 habens.
529 2636 564 2663 At
585 2636 611 2663 in
627 2643 753 2669 ascensu,
767 2637 838 2671 quod
857 2637 927 2664 idem

145 2683 232 2711 Isaias
247 2690 353 2710 rursum
376 2686 501 2714 testatur,
519 2691 528 2707 ι
545 2681 640 2708 Decies
661 2687 774 2708 centena
789 2682 883 2715 millia,
902 2687 929 2710 et

144 2729 244 2757 millies
259 2735 373 2757 centena
391 2727 475 2755 millia
490 2728 624 2755 serviliter
635 2728 659 2755 ei
676 2727 900 2755 ministrabant”.
915 2737 923 2754 ι

182 2829 206 2844 ”
222 2828 291 2856 Gen.
309 2836 386 2859 xvnt.
402 2828 428 2857 5.
441 2827 467 2854 4.

147 2871 226 2896 uin,
239 2864 267 2890 '2.
305 2863 328 2879 "
342 2863 406 2889 ibid.
422 2864 449 2890 ὅ.
487 2863 509 2879 ⁵⁸
523 2862 617 2889 Matth.
636 2870 708 2890 xxu.
724 2863 769 2890 59.

149 2907 241 2929 tzxvttt.
257 2896 301 2926 65.
354 2898 376 2914 “
395 2897 465 2924 Psal.
483 2905 560 2928 χχιιι,
580 2898 646 2925 7.9.
700 2896 723 2914 “
743 2897 847 2930 ibid.8,
865 2897 906 2925 10.

151 2933 173 2947 "‘
186 2933 246 2960 [δεθί
270 2941 328 2965 xtv,
344 2934 360 2959 6
409 2933 428 2948 ⁵⁸
446 2932 516 2960 l‘sztl.
537 2940 609 2964 xvut,
625 2933 651 2964 Γ,
666 2932 690 2959 7.

507 2827 530 2843 ⁸⁸
543 2827 652 2862 ltlncg.
663 2835 739 2858 xvm,
754 2827 798 2855 58.
836 2827 858 2843 ιι
876 2828 925 2857 lsa.
940 2836 1020 2858 unt.
1032 2829 1056 2856 l.

808 2862 828 2877 “
850 2863 915 2890 Dan.
938 2871 986 2895 νιν,
1004 2864 1047 2890 Η.
1086 2863 1109 2879 δ’
1131 2863 1180 2889 lsa.

819 2897 847 2930 8,
865 2897 906 2925 10.
956 2899 977 2914 ⁸⁷
996 2899 1066 2926 Psal.
1081 2899 1181 2931 “1,12

982 1691 992 1707 ε
1012 1681 1138 1708 Exaltare
1153 1689 1233 1716 super
1247 1680 1344 1713 caelos,
1358 1680 1439 1712 Deus,
1458 1685 1485 1707 et
1500 1681 1526 1706 iu
1540 1687 1645 1706 onmem
1669 1685 1769 1706 terram

978 1727 1062 1762 gloria
1076 1731 1121 1753 tua
1127 1726 1162 1758 ⁸⁷,
1173 1726 1300 1761 quoniam
1313 1726 1482 1761 magnilicata
1493 1730 1535 1753 est
1546 1732 1630 1760 usqtte
1642 1724 1674 1751 ad
1685 1724 1769 1752 oculos

980 1772 1163 1799 misericordis
1176 1776 1221 1798 tua
1240 1781 1247 1805 ;
1261 1776 1289 1799 et
1304 1779 1387 1807 usque
1403 1771 1435 1798 ad
1449 1772 1533 1799 ttubes
1545 1772 1642 1799 veritas
1656 1771 1741 1803 tua",
1756 1780 1766 1797 ι

979 1817 1056 1852 quasi
1070 1818 1173 1845 diceret
1188 1826 1195 1844 :
1220 1816 1298 1844 Nunc
1311 1817 1366 1852 jatn
1383 1825 1477 1845 omnes
1493 1821 1582 1844 vatum
1599 1817 1764 1852 prccsagitio-

980 1870 1028 1890 nes
1038 1866 1101 1890 sunt
1113 1862 1264 1898 completas.
1281 1863 1349 1890 Ante
1369 1862 1442 1889 enim
1463 1867 1524 1889 tuus
1548 1862 1574 1888 iu
1597 1867 1698 1888 terram
1719 1861 1768 1888 ad-

979 1911 1098 1941 ventus,
1114 1915 1130 1935 e
1156 1907 1278 1942 virginali
1305 1907 1436 1941 sanguine
1462 1907 1584 1941 corporis
1607 1907 1766 1941 assumptio,

980 1954 1130 1987 miracula,
1146 1954 1300 1982 Judmorum
1328 1954 1455 1987 ludibria,
1481 1962 1545 1981 crux
1560 1974 1567 1986 ,
1593 1953 1766 1987 supplicium.

980 2009 1065 2032 mors,
1082 2000 1235 2036 sepultura,
1251 1999 1313 2027 Orci
1334 1999 1467 2035 direptio,
1485 2000 1581 2027 mortis
1603 1999 1766 2031 internecio,

981 2052 1042 2082 post
1058 2047 1176 2074 triduum
1192 2054 1226 2074 ex
1242 2046 1357 2074 mortuis
1381 2047 1563 2079 resurrectio,
1581 2053 1653 2073 nunc
1669 2050 1694 2073 te
1710 2047 1769 2080 glo-

981 2092 1052 2119 riose
1074 2091 1205 2124 redivivo,
1233 2091 1418 2119 misericordia
1442 2095 1486 2118 tua
1511 2098 1597 2125 usque
1625 2091 1658 2117 ad
1683 2091 1767 2118 ρατιοε

981 2136 1152 2170 magnificata
1170 2137 1229 2169 est‘,
1246 2141 1273 2163 et
1300 2144 1386 2170 usque
1413 2136 1447 2163 ad
1470 2136 1555 2163 nubes
1584 2136 1684 2163 veritas
1711 2141 1766 2163 tua.
1799 2141 1805 2148 '

981 2182 1060 2210 Unde
1075 2187 1102 2210 et
1125 2182 1203 2209 belus
1227 2187 1332 2216 gratum
1358 2189 1467 2209 carmen
1497 2181 1611 2208 Domino
1635 2181 1767 2215 Propheta

981 2229 1128 2255 dccanlaus
1141 2228 1174 2253 al)
1195 2228 1312 2254 humana
1330 2231 1423 2254 natura
1441 2226 1511 2258 (erat
1525 2228 1596 2254 enim
1611 2227 1654 2254 illa
1669 2227 1768 2253 misere

984 2272 1108 2307 paradiso
1125 2273 1265 2299 exturbata
1277 2291 1285 2303 ,
1304 2278 1375 2297 nunc
1390 2271 1498 2305 egregia
1516 2271 1618 2298 Christi
1644 2271 1768 2304 benigni-

984 2323 1039 2346 tate
1067 2317 1232 2349 rcvocanda,
1255 2318 1328 2344 clad
1344 2316 1494 2351 majestatis
1524 2315 1648 2344 dextram
1672 2317 1767 2343 aeterni

982 2365 1073 2393 Patris
1090 2364 1257 2398 collocanda)
1272 2373 1278 2391 :
1298 2374 1307 2390 ι
1326 2364 1392 2397 Quis
1406 2363 1540 2398 loquetur,
1562 2364 1658 2399 inquit,
1672 2369 1766 2398 poten-

983 2409 1035 2436 tias
1047 2409 1165 2441 Domini.
1178 2413 1206 2436 et
1220 2409 1327 2436 auditas
1344 2407 1425 2436 faciet
1437 2414 1531 2436 omnes
1545 2408 1639 2436 laudes
1649 2408 1760 2443 ejus"?i

982 2455 1015 2483 Et
1031 2456 1127 2483 iterum
1142 2464 1148 2482 :
1170 2464 1179 2480 ι
1195 2454 1322 2482 Ascendit
1339 2454 1410 2482 Deus
1435 2454 1462 2481 in
1475 2454 1572 2489 jttbilo,
1594 2460 1622 2482 et
1637 2454 1766 2481 Dominus

982 2500 1008 2527 in
1021 2506 1089 2527 voce
1105 2499 1176 2527 tubze
1192 2499 1226 2526 ὀ.
1246 2508 1255 2525 ι
1274 2498 1343 2526 Alibi
1358 2508 1365 2526 ι
1385 2507 1394 2524 ι
1414 2498 1442 2525 ln
1459 2498 1515 2526 sole
1532 2498 1620 2533 posuit
1639 2499 1766 2525 taberna-

985 2546 1072 2573 culum
1091 2554 1179 2579 suum,
1197 2555 1206 2571 ›
1224 2553 1283 2573 cum
1302 2553 1416 2580 corpore
1435 2545 1649 2580 assumptionem
1664 2544 1767 2578 signiti-

984 2601 1065 2625 caus;
1084 2597 1112 2620 ct
1139 2592 1309 2627 paulopost:
1328 2601 1338 2617 ί
1367 2592 1390 2618 A
1415 2598 1525 2619 summo
1551 2591 1620 2618 coelo
1647 2588 1768 2625 egressio

982 2639 1051 2673 ejus,
1064 2643 1091 2666 ct
1106 2646 1237 2666 occursus
1251 2638 1309 2674 ejus
1321 2645 1406 2672 usque
1420 2637 1453 2664 ad
1475 2645 1609 2664 summum
1630 2636 1688 2670 ejus
1707 2636 1740 2664 τί.
1754 2646 1762 2662 ι

982 2686 1085 2720 Quibus
1107 2686 1196 2714 verbis
1222 2686 1354 2720 duplicem
1370 2686 1530 2713 descensum
1543 2692 1558 2712 e
1573 2685 1649 2712 ctelis
1667 2685 1693 2711 in
1712 2689 1763 2711 ter-

980 2734 1084 2761 ram,et
1094 2729 1145 2756 sub
1156 2734 1266 2761 terram,
1278 2736 1439 2764 rursumque
1448 2737 1479 2757 ex
1491 2729 1526 2757 iis
1539 2729 1564 2756 in
1575 2729 1659 2756 celos
1668 2737 1764 2756 ascen-

1094 2827 1319 2861 ""°Psal.xuv,
1340 2829 1367 2856 5.
1406 2827 1427 2844 ³⁷
1445 2827 1513 2856 Psal.
1534 2837 1580 2861 ut,
1598 2829 1639 2855 l2.
1678 2829 1700 2844 "
1716 2830 1766 2858 lszi.

1086 2863 1109 2879 δ’
1131 2863 1180 2889 lsa.
1197 2871 1272 2891 unt.
1291 2864 1317 2891 9.
1357 2864 1378 2879 "
1390 2863 1504 2890 Zachar.
1521 2872 1574 2891 xtv.
1592 2864 1618 2890 -t.
1657 2864 1679 2880 “
1695 2863 1753 2891 Psal

1243 2884 1347 2926 ".Psal.
1375 2906 1438 2930 (ΝΠ,
1462 2899 1488 2925 6.
1538 2884 1640 2926 “‘l'sal.
1667 2907 1709 2932 cv,
1739 2901 1764 2926 1’.
