1955 3080
152 213 206 244 915

770 212 977 244 ANDRONIC‘.
989 209 1157 241 COMNENl

1736 199 1790 231 916

152 281 225 305 sum,
238 277 265 300 et
282 271 374 308 gloriae
389 271 586 306 potestatisqne
607 272 779 299 traditionem
797 275 871 299 notat
886 280 892 297 :
910 271 946 297 ita
960 269 985 299 Α
1000 270 1115 297 mutabis
1131 276 1177 296 eos
1189 288 1195 300 ,
1213 272 1239 295 et
1255 266 1452 294 mutabuntur:
1471 268 1499 290 tu
1517 268 1606 289 autem
1633 259 1703 287 idem
1724 259 1785 293 ips-

161 319 234 346 enim
248 322 275 344 et
289 316 453 344 dilectnsille
461 316 626 350 evangelista
641 317 678 344 ait
691 326 713 343 τι
725 316 810 343 Nemo
822 315 943 343 ascendit

155 363 182 390 in
207 362 318 393 caelum,
335 361 386 388 nisi
402 361 447 396 qui
463 361 604 389 descendit
619 363 651 390 de
664 361 744 395 ctelo,
760 361 846 388 Filius
858 360 943 387 homi-

155 411 207 440 nis.
219 409 264 442 qtti
280 410 356 436 estin
366 409 435 435 coelo
451 410 484 436 ".
499 409 532 437 Et
543 409 576 436 de
587 414 742 442 sanctarum
752 408 901 434 animarum
912 413 944 433 cx

154 454 249 481 inferis
266 454 437 487 liberatione,
461 458 542 489 atque
555 454 692 488 Unigeniti
705 461 829 485 ascensu,
844 458 871 480 et
886 460 945 480 ses-

154 501 230 526 sione
244 500 277 527 ad
291 499 429 526 dexteram
440 500 528 527 Patris
541 499 702 532 vaticinans,
712 503 739 525 et
748 499 781 525 ob
794 505 884 524 curam
897 497 946 524 ho-

155 539 427 580 noremqueltumano
438 545 528 580 generi
543 546 691 580 praestitum
703 544 736 570 ab
752 543 855 577 Opifice
866 547 893 570 et
908 547 947 570 lo-

156 592 210 618 tius
220 591 337 618 ttniversi
349 585 524 625 procuratore
534 590 709 617 vehementer
717 590 854 617 exsultans
862 597 893 617 ac
905 598 948 624 ga-

155 637 240 671 visus,
256 637 363 672 inquit:
395 646 404 662 ‹
420 637 547 663 Dominus
571 637 706 671 regnavit,
726 637 849 663 decorem
866 636 946 662 indu-

163 688 205 710 tus
218 687 259 710 est
274 683 308 715 ⁵³,
322 691 330 708 ι
349 682 536 709 excellentiam
547 682 669 716 corporis
683 690 714 709 ex
732 682 841 709 interitu
852 686 878 709 et
888 686 947 717 post

158 728 294 755 interitum
318 728 375 761 cjns
397 727 627 754 immortalitatem
641 727 677 754 ita
694 735 802 754 vocans.

193 774 280 808 Atque
293 773 317 800 id
334 774 369 800 ita
384 779 444 800 esse
457 780 488 799 ex
501 772 679 807 sequentibus
695 772 784 799 verbis
797 773 947 807 planiorem

161 820 294 846 habebitis
305 819 437 846 dictorum
459 826 578 850 sensum,
599 819 636 845 ait
656 819 747 845 enim:
766 827 773 843 t
792 817 882 844 Induit
897 818 948 844 Do-

158 865 247 892 minus
272 865 460 892 fortitudinem
476 886 483 898 ,
502 869 528 892 et
550 864 690 898 praecinxit
717 871 746 891 se
768 862 867 889 virtu'te
883 863 917 889 ⁸⁵.
936 872 945 888 ι

158 911 196 937 Ac
215 910 315 944 videte,
331 915 359 937 nt
378 911 434 937 haec
453 911 485 937 de
507 909 680 944 inseparabili
701 913 840 941 assumpto
863 907 946 937 dicat.

159 962 248 990 neque
266 963 338 982 nunc
354 960 399 982 aut
415 955 519 990 pridem
533 955 636 982 viribus
651 954 743 980 induta
756 957 796 980 cst
813 952 945 979 Divinitas
962 954 982 981 Β

158 1008 247 1036 neque
271 1001 297 1028 in
322 1006 460 1036 posterutn
479 1000 627 1032 induetur;
647 1000 693 1026 sed
716 1004 779 1026 ante
795 998 904 1031 saecula,
920 1004 946 1024 rt

158 1054 243 1080 nunc,
260 1051 286 1074 et
302 1047 406 1073 cttnctis
424 1047 533 1081 insuper
548 1045 647 1073 futuris
659 1045 764 1072 saeculis
788 1045 879 1072 induta
894 1049 944 1070 est.

158 1090 252 1125 Neque
267 1091 325 1126 ipsa
346 1090 432 1117 solum
450 1097 497 1125 per
519 1097 547 1117 se
573 1090 661 1117 valida
678 1095 731 1122 est,
755 1090 800 1116 sed
823 1089 947 1115 omnibus

159 1137 220 1164 aliis
235 1144 341 1171 quoque
356 1137 449 1163 eadem
466 1143 494 1162 ιιι
508 1136 625 1168 valeant,
643 1136 766 1170 largitur.
783 1135 840 1168 Qua
864 1135 896 1162 de
919 1132 947 1161 re

160 1182 280 1210 Danielis
298 1183 428 1210 sententia
455 1182 511 1209 haec
526 1187 588 1209 est:
608 1191 617 1207 t
636 1181 669 1208 Et
693 1189 756 1209 ecce
780 1181 857 1216 quasi
880 1180 947 1207 visio

159 1228 209 1256 ﬁlii
233 1228 368 1256 hominis:
384 1233 412 1255 et
432 1228 519 1255 erexit
544 1235 586 1255 me
611 1235 692 1262 super
715 1234 801 1262 genua
826 1234 897 1259 mea,
921 1231 947 1252 et

160 1281 242 1309 super
266 1272 378 1307 vestigia
400 1272 497 1307 pedum
518 1279 662 1304 tneorutn;
683 1274 710 1298 et
735 1271 803 1297 dixit
830 1271 862 1297 ad
884 1277 946 1296 mc:

161 1319 284 1347 Viriliter
307 1326 367 1354 age,
392 1324 419 1345 ct
441 1317 620 1345 confortare:
641 1321 670 1344 et
699 1318 762 1344 dum
794 1317 949 1351 loqueretur

163 1371 268 1393 mecum
282 1383 291 1397 ,
311 1363 477 1391 confortatus
492 1370 550 1390 sum
563 1363 597 1389 ".
614 1371 623 1388 )
641 1362 703 1389 Haec
719 1362 773 1398 ill_e.
806 1362 860 1389 Nos
874 1360 948 1396 psal-

163 1418 269 1438 morum
292 1409 412 1436 Carmina
433 1412 596 1443 repetamus.
611 1417 623 1443 μ
639 1407 734 1435 Parata
750 1411 792 1434 est
810 1407 887 1434 sedes
903 1411 947 1433 ttta

163 1464 196 1484 ex
211 1461 274 1483 tune
288 1457 323 1489 ⁸⁸,
337 1465 346 1482 ›
363 1455 490 1490 quando?
506 1462 540 1483 ex
556 1463 608 1490 qtto
621 1454 760 1482 moliendae
777 1458 857 1488 atque
870 1452 951 1480 fabri—

164 1501 258 1528 candae
285 1500 374 1527 omnis
398 1504 530 1527 creaturae
554 1499 628 1526 Patri
653 1506 766 1527 consors
798 1498 886 1525 factus
909 1503 949 1524 es.

165 1547 304 1588 Siquidem
328 1546 486 1574 oeconomiae
502 1550 553 1573 tuae
569 1552 684 1578 arcana,
701 1545 735 1572 ab
747 1545 819 1571 omni
843 1544 951 1571 teterni-

165 1597 221 1620 tate
232 1593 393 1627 prarstituta,
411 1593 542 1619 extremis
554 1592 719 1625 temporibus
734 1596 795 1618 sunt
820 1590 949 1624 perfecta.

162 1638 256 1672 Addit,
273 1643 301 1665 ut
316 1638 467 1665 orationem
482 1637 625 1665 illustret:
643 1646 653 1663 ¢
673 1637 693 1663 A
705 1637 802 1664 saeculo
817 1622 843 1662 tu
859 1643 888 1663 es
900 1636 948 1662 ".I
966 1622 986 1653 Ο

163 1684 198 1711 Et
221 1684 302 1719 paulo
325 1689 403 1718 post:
418 1692 427 1709 t
452 1672 619 1711 'l‘estimonia
647 1687 692 1710 tua
715 1682 856 1710 credibilia
882 1682 952 1709 facta

164 1734 227 1757 sunt
253 1729 382 1763 nimis",
399 1739 408 1756 ι
429 1730 455 1757 id
482 1734 534 1762 est,
564 1730 617 1757 lixa
649 1735 675 1757 et
689 1729 876 1757 irrevocabilia
910 1734 954 1756 tua

164 1780 311 1810 praecepta,
329 1776 407 1809 qttale
424 1779 483 1808 est,
497 1775 568 1810 quod
590 1774 802 1802 Denteronomio
829 1774 894 1801 Mosi
918 1775 955 1801 ait

164 1821 237 1848 Dens
253 1830 260 1848 :
280 1831 289 1847 ‹
307 1821 443 1848 Descende
470 1825 497 1848 et
519 1825 674 1848 contestare
705 1820 830 1855 populum
849 1819 882 1852 ιν,
901 1828 910 1845 ι
928 1823 956 1845 ιιι

123 1900 128 1905 ⁸
164 1871 294 1895 accurate
308 1867 451 1894 observent
468 1867 659 1902 mysteriontm
691 1873 738 1894 seu
754 1871 953 1900 praceptorum

166 1914 299 1941 rationem
315 1923 321 1940 :
340 1922 350 1939 ι
370 1913 481 1940 ῡοιιιυιη
501 1919 573 1940 tuam
590 1914 667 1940 decet
682 1911 835 1940 sanctitudo
855 1913 881 1938 in
897 1912 955 1938 lon-

165 1959 313 1995 gitudinem
327 1958 432 1986 dierum
449 1960 483 1987 °°.
501 1969 520 1985 ιι
532 1959 644 1986 Domum
662 1959 708 1988 Dei
725 1958 843 1993 intelligo
856 1957 955 1984 divini-

165 2010 222 2032 tate
245 2005 371 2032 atiectum
392 2005 531 2032 Christum
553 2010 724 2041 assumptum
739 2013 746 2031 :
761 2005 913 2032 sanctitudo
929 2008 956 2031 et

167 2051 309 2085 longitudo
327 2051 445 2084 dierum,
461 2056 503 2078 est
525 2051 654 2086 perennis
667 2055 824 2086 aeternaque
839 2051 955 2077 duarum

166 2100 324 2124 naturarum
346 2097 421 2129 unio,
438 2105 498 2132 qua:
518 2098 659 2125 discidium
684 2097 717 2125 sit
740 2104 864 2131 passura.
882 2096 954 2123 ldem

169 2150 298 2170 rursum:
320 2152 329 2168 ι
351 2143 588 2179 Aununtiaverunt
606 2143 668 2170 cmli
683 2142 815 2176 justitiam
836 2141 910 2175 ejus,
930 2146 956 2168 ct

128 2211 131 2214 r
166 2189 292 2216 viderunt
302 2196 396 2215 omnes
407 2189 497 2223 populi
514 2189 625 2223 gloriam
639 2189 736 2223 ejus“.
752 2197 761 2214 ι
775 2188 806 2215 Ει
819 2188 956 2215 adoranti-

167 2236 217 2262 bus
234 2235 330 2261 Filium
350 2234 461 2269 angelis,
481 2236 518 2261 ait
532 2244 539 2262 :
556 2244 566 2261 ι
582 2235 700 2262 Adorate
715 2242 787 2266 eum,
801 2241 894 2262 ontnes
908 2229 954 2260 an:

995 323 1035 347 es,
1051 320 1077 343 et
1093 315 1156 342 anni
1176 315 1213 341 tui
1230 321 1281 341 non
1300 313 1426 340 deﬁcient
1441 310 1474 336 “.
1492 319 1501 335 ι

1030 361 1173 396 Prophetas
1193 362 1276 386 Amos
1293 354 1356 385 bazc'
1369 361 1431 384 sunt
1446 355 1548 382 verba:
1568 364 1577 379 ε
1597 353 1646 386 Qui
1670 350 1790 378 aediﬁcat

997 405 1023 434 in
1040 406 1109 434 ctelo
1133 405 1319 432 ascensionem
1347 409 1434 433 suam,
1460 405 1488 427 et
1511 399 1684 427 securitatem
1708 402 1789 423 suam

999 459 1080 486 super
1103 455 1204 478 terram
1231 449 1347 475 fundat:
1374 446 1418 480 qui
1433 449 1511 472 vocat
1528 449 1624 477 aquant
1651 440 1736 468 maris
1763 442 1792 464 et

997 498 1110 526 etl'nndit
1129 504 1189 523 eam
1215 502 1298 528 super
1322 492 1418 520 faciem
1435 496 1526 523 terrae,
1551 488 1681 515 Dominus
1697 484 1791 512 omni-

998 549 1094 575 potens
1109 550 1205 570 nomen
1225 541 1249 568 ei
1265 541 1298 567 ".
1316 549 1325 565 ›
1339 538 1387 566 Est
1402 542 1490 564 autem
1506 535 1574 569 quod
1591 533 1658 560 dicit
1668 531 1791 566 ejusmo-

998 577 1023 618 di
1038 599 1045 617 ς
1060 590 1132 616 Deus
1149 587 1193 615 ille
1207 587 1389 620 omnipotens,
1405 581 1591 610 universitatis
1609 579 1790 607 architectus.

998 635 1049 671 qui
1065 635 1191 661 reductas
1215 632 1297 658 totius
1320 635 1399 657 terra:
1430 635 1515 662 aquas
1539 626 1566 653 in
1597 623 1790 658 conceptacula

998 669 1121 717 quaedam
1138 679 1235 714 coegit,
1256 677 1416 712 degentibus
1442 675 1468 702 in
1494 679 1566 700 terra
1593 671 1649 707 (5|)
1663 691 1670 703 ,
1686 670 1746 704 ipse
1764 669 1791 695 in

999 735 1080 755 carne
1095 727 1205 761 degens,
1218 724 1393 752 securitatem
1417 728 1506 752 suam,
1521 726 1581 754 quae
1599 725 1660 744 vera
1677 720 1718 743 est
1742 722 1790 741 re-

999 774 1074 809 ligio,
1092 772 1202 800 molitus
1214 771 1284 798 fuit:
1300 769 1397 796 solium
1414 774 1479 794 vero
1496 772 1573 792 suum
1592 764 1618 790 in
1636 762 1705 790 caelo
1719 761 1791 791 tixit,

1001 807 1098 846 notans
1123 817 1334 851 assumptionetn
1365 814 1428 847 (qna
1454 815 1609 845 assumptus
1638 809 1664 835 in
1690 807 1793 835 coelum

998 866 1073 892 sedet
1092 865 1125 891 ad
1142 863 1187 891 Dei
1206 862 1294 889 Patris
1309 858 1457 893 dextram).

1273 945 1389 976 CAPUT
1410 947 1498 974 LXIV.

1178 1019 1214 1045 De
1232 1018 1331 1046 C/Irislt'
1345 1021 1458 1045 secundo
1477 1017 1602 1045 adventu.

1032 1088 1217 1115 Cousentanea
1247 1091 1309 1113 sunt
1347 1085 1392 1112 illa
1425 1093 1432 1113 :
1457 1094 1466 1110 ι
1492 1083 1524 1110 Ει
1552 1082 1674 1110 ascendit
1709 1089 1797 1115 super

997 1133 1153 1164 Cherubim,
1169 1138 1195 1160 et
1213 1132 1311 1159 volavit
1336 1139 1416 1165 super
1441 1137 1543 1165 pennas
1573 1134 1714 1156 ventorum
1728 1127 1763 1154 ".
1782 1136 1793 1152 ι

999 1182 1086 1215 Atque
1101 1180 1162 1207 alibi
1179 1188 1185 1205 ε
1204 1187 1213 1204 t
1243 1178 1378 1208 Exaltare,
1405 1177 1529 1208 Domine,
1554 1176 1580 1202 in
1606 1175 1706 1201 virtute
1734 1178 1795 1205 tua,

999 1227 1168 1254 cantabimus
1192 1230 1218 1252 et
1243 1225 1388 1260 psallemus
1412 1224 1526 1251 virtutes
1547 1227 1606 1249 tuas
1619 1222 1652 1249 °".
1680 1231 1688 1247 I
1709 1220 1797 1247 Porro

1000 1265 1089 1299 aufem
1120 1272 1152 1299 de
1175 1272 1294 1299 secundo
1318 1270 1418 1298 Christi
1442 1269 1556 1296 adventu
1581 1276 1629 1303 per
1653 1267 1796 1294 Michrcam

1001 1320 1067 1347 Filio
1091 1320 1128 1347 ait
1149 1320 1241 1347 Deus:
1261 1329 1270 1346 (
1290 1319 1376 1353 Surge
1402 1323 1428 1345 et
1458 1317 1554 1344 tritura
1580 1316 1665 1350 :quia
1690 1321 1795 1341 cornua

1001 1371 1043 1393 tua
1060 1373 1156 1400 ponam
1177 1365 1277 1398 ferrea,
1293 1370 1318 1391 et
1341 1364 1453 1399 ungulas
1474 1367 1534 1389 tttas
1559 1369 1656 1396 ponant
1685 1368 1794 1387 aureas-

1000 1415 1027 1437 et
1052 1411 1219 1438 eomminues
1248 1409 1359 1444 populos
1389 1408 1486 1435 multos
1508 1408 1549 1440 ης
1577 1416 1585 1432 ι
1610 1411 1637 1433 et
1665 1406 1762 1434 iterum
1786 1413 1794 1430 :

1004 1467 1013 1484 ‹
1034 1457 1122 1490 Surge
1135 1457 1256 1491 judicare
1281 1455 1351 1490 apud
1374 1459 1480 1481 montes
1501 1457 1551 1481 :et
1573 1452 1684 1479 audiant
1708 1450 1795 1478 colles

1001 1510 1094 1530 vocem
1113 1507 1196 1528 tuam.
1209 1501 1316 1534 Audite,
1334 1505 1454 1531 montes,
1481 1499 1611 1534 judicium
1634 1497 1754 1529 Domini,
1770 1500 1798 1523 et

1001 1548 1095 1581 valles,
1111 1552 1138 1575 et
1156 1548 1327 1574 fundamenta
1344 1550 1443 1577 terrae;
1457 1545 1518 1579 quia
1533 1543 1662 1578 jttdicium
1678 1541 1796 1569 Domino

1003 1596 1133 1622 adversus
1152 1593 1277 1628 populum
1299 1599 1395 1623 suum;
1412 1596 1440 1617 et
1463 1597 1523 1617 cum
1549 1588 1629 1616 Israel
1656 1587 1797 1623 indicabi—

1007 1646 1051 1668 tur
1065 1641 1097 1668 εν.
1118 1650 1127 1666 ›
1145 1639 1197 1667 Per
1211 1639 1308 1667 lsaiam
1322 1646 1388 1665 vero
1405 1636 1475 1664 Deus
1493 1636 1531 1664 sic
1546 1644 1553 1662 :
1572 1644 1582 1661 ‹
1601 1634 1710 1661 Justitia
1737 1641 1800 1660 mea

1007 1694 1059 1714 non
1079 1681 1249 1721 elonéabitur
1266 1693 1272 1712 :
1291 1689 1315 1711 et
1340 1683 1466 1715 salutem,
1481 1689 1540 1716 qua:
1565 1688 1579 1707 a
1602 1688 1644 1707 me
1666 1684 1717 1711 est.
1741 1684 1800 1705 tar-

1006 1732 1071 1759 dare
1085 1739 1139 1759 non
1156 1731 1251 1758 faciant
1268 1731 1302 1756 ⁷⁰.
1322 1739 1331 1756 ι
1355 1729 1526 1763 Sopltonias:
1545 1737 1554 1753 t
1574 1726 1678 1753 Timete
1698 1732 1712 1751 a
1729 1724 1801 1751 facie

1008 1777 1112 1804 Domini
1139 1776 1184 1803 Dei
1193 1788 1203 1808 -,
1219 1777 1280 1811 quia
1301 1782 1385 1810 prope
1404 1778 1446 1802 est
1460 1774 1518 1800 dies
1537 1771 1640 1800 Domini
1655 1771 1690 1797 '".
1709 1779 1718 1795 ι
1738 1769 1797 1795 Za-

1006 1823 1114 1851 charias
1130 1831 1137 1850 :
1154 1832 1164 1849 c
1185 1822 1248 1849 Haec
1273 1822 1338 1848 dicit
1363 1821 1493 1848 Dominus
1513 1818 1682 1852 omnipotens
1707 1815 1803 1844 :Ecce

1009 1869 1064 1902 Vir,
1081 1869 1177 1897 Oriens
1200 1875 1297 1895 nomen
1325 1867 1383 1902 ejus
1408 1874 1416 1895 :
1437 1870 1463 1893 et
1484 1865 1517 1892 ab
1540 1863 1714 1892 inferioribus
1741 1862 1802 1895 ipse

1006 1918 1120 1947 orietur,
1133 1919 1159 1941 et
1175 1914 1278 1941 sedebit
1293 1920 1373 1947 super
1384 1913 1480 1940 throno
1497 1919 1545 1939 suo
1555 1911 1588 1936 ".
1605 1919 1614 1936 ι
1632 1909 1716 1936 Isaias
1731 1915 1800 1935 vero

1007 1961 1102 1987 iterum
1119 1968 1125 1986 :
1147 1969 1156 1985 (
1173 1958 1284 1986 lndntus
1306 1962 1347 1985 est
1367 1958 1499 1992 justitiam
1518 1955 1594 1990 quasi
1625 1954 1747 1984 loricam.
1769 1959 1798 1980 et

1007 2008 1096 2042 posuit
1114 2006 1217 2042 galeam
1231 2006 1257 2032 itt
1275 2005 1362 2039 capite
1377 2012 1386 2031 :
1401 2008 1429 2030 et
1454 2001 1634 2030 circumdatus
1654 2004 1697 2027 est
1718 1999 1802 2026 vesti-

1006 2057 1099 2080 mento
1123 2045 1248 2078 vindictae
1259 2071 1266 2083 ,
1279 2050 1404 2084 etpallio
1420 2048 1488 2081 zeli,
1517 2047 1595 2082 quasi
1612 2046 1800 2073 retributurus

1008 2098 1212 2125 retributionem
1234 2095 1408 2130 opprobriqu
1429 2093 1591 2121 adversariis
1613 2091 1678 2123 suis,
1693 2095 1720 2117 et
1735 2089 1801 2117 vin-

1008 2142 1105 2170 dictam
1138 2140 1259 2168 hostibus
1281 2140 1337 2167 suis
1360 2148 1367 2167 :
1393 2138 1488 2166 insulis
1516 2138 1600 2164 vicem
1631 2136 1733 2163 reddet.
1764 2134 1799 2162 Et

1009 2188 1139 2214 timebunt
1154 2187 1197 2220 qui
1221 2187 1255 2212 ab
1283 2185 1428 2221 Occidente
1453 2191 1549 2210 nomen
1576 2181 1691 2213 Domini,
1708 2185 1736 2207 et
1751 2180 1800 2214 qui

1009 2234 1041 2261 ab
1067 2238 1127 2260 orttt
1152 2232 1215 2260 solis
1243 2239 1340 2258 nomen
1363 2230 1420 2264 ejus
1445 2229 1586 2264 inclytum.
1605 2227 1700 2254 Veniet
1729 2226 1803 2253 enim

166 2283 217 2319 geli
236 2283 294 2318 ejus
306 2284 339 2310 “.
358 2293 368 2310 ι
390 2285 425 2311 At
441 2282 521 2318 Filio,
540 2284 584 2318 qui
601 2284 745 2311 adoretur:
768 2292 776 2308 ι
793 2282 877 2310 Sedes
898 2286 953 2314 tua,
971 2289 993 2318 υ
1008 2279 1085 2312 quasi
1108 2277 1204 2305 fluvius
1218 2277 1351 2304 violentus
1367 2276 1406 2302 ira
1421 2275 1480 2310 ejus
1497 2283 1503 2301 ;
1517 2274 1606 2300 veniet
1620 2280 1680 2299 cum
1695 2272 1801 2298 furore.

167 2331 249 2364 Deus,
270 2331 296 2357 in
322 2331 450 2358 saeculum
475 2330 577 2367 saeculi,
594 2331 667 2365 virga
693 2329 862 2362 directionis,
877 2328 952 2363 virga

168 2377 244 2412 regni
260 2377 309 2404 tui.
327 2377 451 2404 Dilexisti
465 2376 610 2410 jusﬁtiam,
627 2382 653 2404 et
668 2375 749 2403 odisti
765 2375 953 2409 iniquitatem:

168 2428 310 2458 propterea
333 2423 413 2450 unxit
437 2428 463 2449 te
489 2423 568 2454 Deus,
596 2422 666 2449 Deus
689 2426 761 2454 tuus,
777 2421 836 2448 olco
858 2420 956 2448 izetitiaz

168 2476 223 2503 prae
248 2469 420 2496 consortibus
442 2467 496 2494 tuis
508 2468 548 2500 °‘-,
565 2475 574 2493 ι
599 2472 625 2494 et
644 2471 682 2498 tu,
708 2467 752 2501 qtti
781 2473 852 2493 nunc
875 2473 957 2492 carne

169 2515 280 2542 vestitus
297 2514 329 2541 ad
345 2513 442 2540 ctelum
459 2512 621 2548 regretleris,
643 2521 651 2537 t
671 2511 749 2538 lnitio
765 2517 803 2544 tu,
832 2510 955 2543 Domine,

169 2566 269 2588 terram
296 2559 427 2591 fundaSti,
444 2563 471 2585 et
498 2565 580 2593 Opera
608 2565 736 2584 manuum
765 2562 869 2583 tuarum
894 2561 957 2583 sunt

169 2605 230 2633 caeli
247 2612 255 2632 :
275 2605 324 2639 ipsi
344 2605 471 2640 peribunt
488 2607 514 2630 tu
532 2607 621 2629 autem
646 2607 798 2636 permanes,
821 2605 848 2627 et
862 2606 956 2626 omnes

169 2651 241 2679 sicut
253 2651 445 2678 vestimentum
458 2652 640 2680 velerascent,
658 2652 685 2674 et
700 2647 770 2674 sicut
790 2645 955 2681 opertorium

1009 2324 1041 2350 Et
1061 2324 1148 2350 \‘enict
1168 2331 1200 2350 ex
1222 2322 1286 2349 Sion
1313 2322 1356 2356 qui
1378 2321 1484 2350 liberat,
1505 2324 1532 2346 et
1552 2321 1655 2344 avertet
1679 2316 1804 2349 impieta-

1010 2375 1048 2397 tes
1060 2377 1073 2395 a
1089 2363 1183 2400 .Iac'ob,
1201 2369 1268 2395 dixit
1287 2366 1416 2394 Dominus
1441 2364 1611 2398 omnipotens
1625 2362 1658 2387 ⁷³.
1672 2370 1680 2386 ι
1699 2360 1732 2386 Et
1749 2360 1804 2386 Da-

1009 2416 1053 2442 vid
1068 2422 1076 2441 :
1098 2425 1106 2440 t
1126 2415 1255 2448 Exsurge,
1274 2412 1396 2444 Domine,
1410 2411 1436 2437 in
1461 2411 1499 2436 ira
1525 2414 1579 2441 tua,
1597 2412 1624 2434 et
1641 2406 1763 2434 exaltare
1776 2405 1804 2431 in

1011 2461 1108 2488 finibus
1133 2459 1303 2486 inimicorum
1330 2463 1457 2484 tuorum:
1481 2460 1507 2482 et
1535 2460 1661 2488 exsurge,
1686 2452 1801 2479 Dotnitte

1012 2507 1082 2534 Dens
1095 2514 1178 2538 meus,
1193 2505 1219 2531 in
1232 2509 1363 2538 pra-cepto
1374 2503 1443 2537 qttod
1466 2500 1611 2531 mandasti,
1626 2504 1653 2526 et
1665 2505 1801 2533 synagoga

1011 2553 1170 2588 populorum
1188 2550 1365 2578 circumdabit
1387 2554 1413 2576 te
1426 2557 1436 2576 :
1455 2553 1481 2575 et
1497 2552 1606 2582 propter
1626 2546 1695 2572 hanc
1720 2545 1747 2571 in
1766 2544 1804 2570 al-

1012 2604 1069 2626 tum
1084 2599 1246 2632 regredere:
1265 2595 1392 2623 Dominus
1406 2594 1509 2629 judicat
1532 2592 1646 2627 populos
1662 2590 1695 2616 ⁷⁸.
1713 2599 1723 2615 ›
1737 2589 1805 2617 Vide

1011 2648 1040 2671 ut
1055 2648 1115 2678 apta
1125 2647 1151 2669 et
1161 2641 1309 2676 composita
1326 2640 1360 2668 sit
1375 2639 1518 2667 sententia.
1532 2637 1669 2671 Explicata
1686 2635 1804 2669 primum

205 2722 228 2739 “
241 2721 321 2749 Joan.
340 2730 386 2752 ut.
413 2722 454 2748 15.
503 2721 525 2737 ⁵³
555 2719 626 2748 Psal.
652 2728 718 2750 xett.
746 2720 770 2746 Ι.
833 2718 856 2734 ⁵⁸
873 2716 938 2744 ibid.

1005 2717 1027 2734 ⁵⁸
1043 2715 1111 2742 Dan.
1123 2722 1159 2752 Kx,
1185 2712 1237 2752 16"
1251 2712 1387 2752 _l_8.n19.._
1401 2710 1436 2752 ,ξεί
1450 2709 1521 2752 ξ’δθι.
1532 2716 1594 2752 seu;
1610 2707 1638 2752 ‘2‘:
1729 2705 1803 2752 ibid.

171 2755 194 2772 '”
340 2740 470 2783 .;;‘E;l’)tl.
491 2740 626 2788 xta-‘21..."
646 2740 828 2782 ‘zvl’ls’alr'xcu.
845 2740 938 2788 5:13"
948 2751 1018 2788 Psal.
1033 2740 1323 2788 xcvtg.i6.'_n“_'_ibit_t.'8.
1401 2744 1477 2788 Psah
1490 2751 1563 2788 xptv,
1578 2743 1652 2788 71-8..
1690 2740 1802 2788 “J’lsa‘l.

171 2775 334 2823 c-,'"2'é'5°3-
565 2775 607 2806 ’δέ
627 2775 697 2817 Ρεθί
845 2775 900 2824 vi?
915 2775 1176 2824 Pdifiiitié'u
1194 2782 1292 2824 Μῖιιιὶξἰ
1308 2789 1345 2824 t'v,
1362 2781 1405 2824 μ’).
1417 2822 1435 2824 μ
1455 2779 1480 2824 δῖ
1494 2778 1573 2824 liticlt.
1592 2785 1627 2810 Vl,
1642 2777 1666 2803 l.
1711 2775 1734 2792 ⁷⁸
1748 2775 1802 2803 lsa.

171 2813 303 2857 ἱῖνιξῖδ.
341 2813 544 2861 ’ῖὲςῖιῖιιῗῇῖιζ
582 2813 831 2856 "stemma?
852 2813 947 2850 "tsaJ

1005 2843 1011 2856 ,
1033 2813 1074 2854 t'7,
1096 2819 1138 2850 ts.
1156 2825 1232 2853 seqq.
1272 2817 1294 2833 τι
1312 2816 1383 2843 Psal.
1399 2822 1447 2847 vn,
1465 2813 1480 2839 7
1494 2815 1521 2842 9.

210 2909 266 2945 (Si)
281 2908 457 2943 imperfectus
471 2913 498 2936 et
514 2908 645 2936 obscurus
661 2915 767 2936 sensus.
