1955 3080
174 136 228 166 919

787 133 1000 164 ANDRONICI
1019 131 1191 163 COMNENI

1747 132 1804 163 920

175 198 265 220 tentur
280 192 354 225 caeli,
373 196 401 219 et
422 190 538 218 exsultet
554 195 625 218 terra
642 199 649 218 :
664 195 869 220 commoveatur
886 197 960 217 mare
975 193 998 221 Α
1013 188 1071 216 fore
1083 208 1090 221 ,
1115 183 1146 216 et
1165 193 1336 223 peceatorem
1365 188 1392 216 in
1415 189 1557 225 aeternum)
1584 189 1802 218 comburendum

174 243 202 266 et
214 239 355 274 plenitudo
372 237 432 272 eius
449 245 456 264 :
472 237 626 272 gaudebunt
641 237 740 272 campi,
760 242 789 264 et
801 237 891 264 omnia
903 243 963 271 quae

176 285 202 311 in
218 285 257 312 eis
271 288 344 311 sunt.
363 282 438 310 Tunc
454 281 629 310 exsultabuut
643 283 733 310 omnia
747 282 817 316 ligna
834 281 962 309 silvarum

164 338 190 357 ιιι
207 330 274 356 facie
291 327 410 361 Domini,
428 327 492 362 quia
508 328 599 355 venit:
617 328 744 363 quoniam
757 327 832 355 venit
843 327 965 361 judicare

177 382 287 401 terram.
310 373 448 401 Judicabit
463 373 556 400 orbem
574 379 652 401 terra;
669 375 695 400 in
713 374 850 407 aequitate,
874 377 899 400 et
916 380 964 406 po-

175 420 252 453 pulos
269 420 295 445 in
313 419 427 446 veritate
445 427 493 446 sua
506 419 540 446 ".
561 428 570 444 ι
591 419 678 452 ltauc,
700 418 796 446 vates?
817 425 877 445 cum
893 425 965 445 mor-

177 465 243 493 tales
255 472 349 492 omnes
364 465 475 492 horrere
489 469 572 499 atque
586 465 619 491 ad
635 464 682 491 Dei
694 469 833 499 aspectum
850 468 965 491 tremere

175 510 220 536 alii
238 511 378 545 propheta:
393 511 555 546 pradicant,
569 515 596 537 tu
612 510 722 543 omium,
743 514 853 543 terram,
868 510 964 542 saltus,

175 562 258 591 atque
274 556 358 585 colles
375 557 494 592 gaudere
511 564 543 584 ac
557 564 640 583 ovare
648 556 743 584 canis?
760 555 841 589 Sane,
860 556 964 590 inquit:

175 602 243 630 Nam
261 604 373 630 veniens
390 603 462 631 Deus
484 603 517 630 iis
533 603 579 637 qui
593 610 622 630 se
645 607 675 629 ut
697 603 780 629 Deum
795 602 964 637 agnoverint,

176 653 205 676 et
217 655 351 684 praecepta
367 648 545 681 servaverint,
560 648 802 680 immortalitatem,
817 655 964 683 perennem

176 695 272 727 vitam,
290 700 372 730 atque
391 702 503 730 regnum
520 695 668 730 largietur;
691 695 762 722 dicet
776 695 846 722 enim
865 703 871 720 :
887 704 896 720 ‹
914 694 966 722 Ve-

176 740 246 773 nite,
262 740 393 768 benedicti
411 739 500 768 Patris
519 741 581 773 mei,
598 740 733 775 possidete
745 746 867 774 paratum
884 740 959 767 vobis

177 792 291 820 regnum
311 792 326 812 a
343 785 538 813 constitutione
556 786 648 813 mundi
661 785 696 813 "’.
712 794 721 811 ›
739 785 814 817 Quod
835 785 856 812 si
873 792 967 812 omnes

178 831 277 866 campi,
295 831 455 865 cunctaeque
479 831 592 859 arbores
612 831 751 858 silvestres
773 831 927 865 gaudebunt
940 835 968 857 et

1013 238 1150 263 servatum
1167 235 1223 270 (55)
1244 235 1277 262 iri
1291 235 1314 263 ‘.
1333 244 1343 261 ι
1360 234 1394 262 Ει
1409 234 1435 262 id
1451 235 1561 270 quidem
1576 235 1711 271 integrum
1727 244 1806 263 man-

1014 287 1117 312 surum,
1139 285 1166 307 et
1189 285 1359 314 peceatorem
1386 281 1412 308 in
1435 285 1565 309 a-ternum
1589 281 1804 309 comburendum

1014 331 1179 352 reservatum
1198 326 1242 353 iri.
1267 325 1342 353 Licet
1364 326 1414 360 ipsi
1443 325 1509 353 illud
1532 326 1604 360 quod
1632 334 1685 354 non
1703 326 1806 354 confu-

1014 368 1070 397 rnat
1085 371 1153 406 (55),
1164 376 1190 398 et
1200 379 1307 404 semper
1323 371 1349 398 in
1358 371 1465 399 flamma
1475 372 1602 404 retineat,
1612 378 1804 407 argumentum

1014 417 1112 444 salutis
1133 422 1160 444 et
1178 417 1347 445 remissionis
1374 417 1549 444 arbitrentur.
1579 418 1606 445 Si
1631 425 1696 444 vero
1721 418 1807 445 dictis

1015 461 1100 488 sancti
1116 461 1192 488 Pauli
1210 462 1248 489 sic
1268 463 1457 495 adversantur,
1474 468 1512 495 et,
1539 467 1568 490 ut
1582 471 1635 490 non
1651 462 1804 497 oportebat,

1015 507 1220 541 contradicant,
1256 512 1346 536 tamen
1383 516 1397 535 a
1435 513 1529 536 sancto
1565 509 1665 536 Davide
1709 510 1806 536 redar-

1016 557 1143 587 guuntur.
1163 553 1210 581 Sic
1226 554 1298 581 enim
1324 554 1381 589 ipse
1405 555 1497 582 docuit
1525 561 1635 589 aperte,
1664 555 1805 583 confusio-

1016 604 1132 632 nem,et
1154 600 1400 634 conturbationem,
1428 605 1454 629 et
1482 601 1509 628 in
1538 601 1672 629 infernum
1689 609 1807 629 conver—

1016 644 1121 672 sionem
1150 646 1344 679 Sempiternam
1373 646 1453 679 fore,
1486 647 1601 674 mendax
1628 652 1670 674 est
1696 647 1806 675 illorum

1017 689 1184 725 exspectatio
1207 690 1321 725 alicujus
1342 692 1386 719 vel
1413 692 1558 721 levissime
1577 692 1748 721 cessationis.
1773 693 1808 720 Et

1017 737 1071 764 alio
1086 737 1189 772 psalmo
1205 737 1311 772 quidem
1327 738 1393 766 dicit
1408 748 1413 764 :
1430 748 1439 764 ι
1456 739 1587 772 Quoniam
1599 740 1719 775 probasti
1741 747 1804 772 nos,

1017 783 1186 819 Deus:igne
1210 791 1260 811 nos
1279 785 1444 812 examinasti
1469 785 1541 812 sicut
1566 786 1737 812 examinator
1762 792 1809 811 ar-

1020 834 1129 866 gentum
1145 838 1152 856 :
1170 829 1302 858 induxiin
1320 838 1370 857 nos
1388 831 1414 857 in
1429 830 1567 865 laqueum,
1588 831 1701 865 posuisti
1721 830 1811 858 tribu-

177 877 296 903 ovabunt
307 896 315 909 ,
334 881 362 903 at
378 876 404 903 in
419 876 509 910 priore
527 876 655 908 adventu,
671 881 733 902 tunc
748 875 819 902 enim
830 874 966 909 gaudium,
985 862 1005 890 Β
1020 875 1135 903 lationes
1151 875 1177 902 in
1194 876 1276 903 dorso
1293 881 1404 909 nostro;
1421 876 1572 911 imposuisti
1587 877 1710 904 homines
1724 885 1810 912 super

179 926 207 949 ct
217 922 371 949 ovationem
383 922 474 948 omnia
490 927 566 948 nacta
579 926 641 948 sunt
656 926 798 949 :cteterum
810 921 837 947 in
849 920 968 947 secundo
991 917 1001 927 ⁸

178 966 242 1000 justi
258 966 392 993 duntaxat
408 965 442 993 iis
457 965 605 1000 potientur.
619 964 759 1000 Siquidem
775 963 968 996 exsecrabiles,

179 1017 261 1046 atque
287 1012 313 1038 in
341 1011 504 1038 exteriorem
531 1011 618 1045 ignem
645 1011 789 1043 abeuntes,
820 1010 967 1044 ingentem,

179 1056 397 1089 intolerabilem,
423 1057 586 1084 acerrimam
616 1056 811 1083 ustulationem
840 1055 967 1083 sentient.

180 1102 273 1135 Quare
291 1111 351 1130 cum
378 1103 454 1136 dicit,
487 1112 495 1129 ι
514 1102 584 1136 Quia
604 1102 689 1134 venit,
709 1111 718 1127 ι
737 1102 853 1137 priorem
868 1102 969 1128 adven-

181 1154 240 1176 tum
258 1149 410 1185 siguilicat;
429 1157 491 1177 cum
509 1149 621 1184 repetit,
651 1157 661 1175 t
681 1148 814 1181 Quoniam
837 1149 911 1174 venit
927 1147 972 1182 ju-

181 1196 272 1222 dicare
299 1192 412 1229 terraui,
430 1205 440 1222 I
470 1195 585 1223 alterum
616 1198 815 1229 repraesentat,
846 1201 899 1228 quo
917 1201 971 1220 non

181 1242 295 1268 libertas
313 1243 394 1276 atque
418 1241 502 1275 salus,
523 1241 570 1269 sed
597 1240 735 1268 damnatio
758 1247 789 1268 ac
810 1240 971 1274 supplicium

181 1293 287 1322 agetur.
306 1287 373 1313 Nam
401 1287 515 1315 Creator
543 1292 570 1314 et
597 1286 728 1313 Dominus
749 1294 811 1313 cum
839 1285 972 1313 inclinans

181 1334 266 1362 caelos
288 1335 438 1375 descendit,
463 1342 495 1362 ac
517 1334 711 1369 benignitatem
735 1341 812 1362 suam
827 1334 971 1368 probavit;

183 1389 239 1410 tum
263 1383 297 1410 de
322 1383 499 1418 humanitate,
522 1387 578 1409 tum
602 1382 637 1409 de
651 1382 754 1417 judicio
771 1386 885 1409 testatus
901 1385 966 1408 est:

185 1429 219 1456 de
233 1428 276 1455 illa
293 1436 354 1456 cum
370 1429 407 1456 ait
421 1437 428 1456 :
444 1437 452 1454 ι
471 1428 521 1461 Qui
531 1428 615 1456 credit
628 1428 655 1455 in
666 1435 719 1460 me,
730 1427 836 1455 etiamsi
851 1432 973 1454 mortuus

183 1474 277 1508 fuerit,
293 1474 366 1501 vivet
383 1483 389 1501 :
407 1479 435 1501 et
452 1475 540 1501 otiinis
563 1474 608 1508 qui
636 1474 703 1500 vivit
720 1477 747 1500 et
765 1473 854 1500 credit
871 1473 898 1499 in
915 1479 970 1505 me,

1021 921 1108 956 capita
1121 925 1229 949 nostra.
1245 921 1433 949 Transivimus
1448 930 1497 957 per
1513 923 1600 957 ignem
1616 928 1644 951 et
1659 931 1769 958 aquam,
1782 928 1812 951 et
1844 926 1847 928 '

1020 968 1151 995 induxisti
1179 975 1229 995 nos
1246 968 1272 995 iu
1291 968 1495 1004 refrigerium".
1513 977 1523 994 ι
1545 969 1597 996 Sed
1623 969 1666 996 hic
1691 974 1810 997 tantum.

1021 1014 1079 1042 Non
1096 1015 1167 1042 enim
1183 1015 1233 1042 nisi
1249 1015 1334 1042 solam
1349 1015 1490 1049 praesentis
1506 1015 1568 1043 vitae
1585 1016 1811 1050 inaequalitatem.

1021 1065 1048 1087 et
1066 1060 1245 1087 humanarum
1270 1068 1361 1088 rerum
1384 1060 1600 1094 conversionem,
1622 1069 1659 1095 aq
1671 1061 1812 1088 vicissitu-

1022 1107 1112 1134 dinem
1129 1107 1162 1134 iis
1179 1107 1268 1135 verbis
1290 1107 1449 1135 declaravit.
1474 1107 1524 1135 llic
1546 1115 1639 1136 eorum
1662 1109 1813 1143 perniciem

1022 1150 1191 1185 exploratius
1217 1148 1418 1184 demonstrans,
1436 1152 1549 1180 subdit:
1566 1161 1576 1179 ι
1594 1151 1628 1180 Ει
1646 1157 1815 1188 cognoscant

1023 1197 1086 1231 quia
1110 1204 1208 1224 nomen
1226 1198 1274 1225 tibi
1299 1198 1451 1225 Dominus:
1467 1203 1494 1225 tu
1514 1198 1588 1226 solus
1608 1199 1768 1227 Altissimus
1784 1201 1812 1226 in

1023 1242 1095 1268 omni
1118 1246 1191 1269 terra
1204 1242 1227 1268 ⁸.
1246 1251 1255 1268 ι
1277 1242 1316 1269 Tu
1330 1242 1404 1269 solus
1420 1250 1564 1277 supremus
1584 1250 1624 1276 es,
1646 1243 1690 1276 qui
1705 1243 1780 1270 solus
1797 1250 1815 1271 e

1023 1287 1158 1321 supremis
1167 1288 1344 1319 descendisti.
1357 1288 1484 1323 solusque
1494 1289 1561 1315 citra
1576 1293 1717 1323 peccatum
1730 1288 1815 1317 homo

1023 1333 1122 1366 factus,
1137 1333 1171 1361 ab
1186 1333 1260 1361 omni
1277 1335 1431 1361 atternitate
1447 1333 1578 1361 Dominus
1601 1339 1627 1360 et
1646 1333 1729 1361 totius
1746 1335 1814 1361 uni-

1024 1379 1095 1407 versi
1109 1387 1156 1407 rex
1172 1384 1254 1415 atque
1266 1379 1336 1407 Deus
1349 1387 1389 1408 es.
1402 1380 1542 1408 Consonat
1556 1379 1650 1406 Davidi
1665 1380 1698 1407 de
1707 1386 1815 1408 aeterno

1023 1426 1156 1461 supplicio
1167 1431 1194 1453 et
1206 1426 1293 1454 lsaias
1308 1435 1315 1454 :
1334 1435 1344 1452 ι
1361 1425 1458 1453 Veniet
1479 1425 1568 1453 omnis
1585 1432 1659 1458 caro,
1673 1431 1703 1453 ut
1715 1426 1814 1453 adoret

1024 1471 1051 1498 in
1072 1476 1219 1506 canspectu
1251 1477 1311 1498 meo
1340 1471 1367 1498 in
1394 1471 1554 1503 Jerusalem,
1580 1471 1645 1498 dicit
1669 1472 1812 1499 Dominus.

184 1527 237 1545 non
252 1519 381 1545 morietur
393 1519 556 1545 inmternum
567 1518 601 1544 νε.
617 1527 626 1543 ι
644 1517 762 1544 Tandem
775 1517 839 1544 alibi
854 1517 972 1544 declarat
985 1536 1006 1565 Ο
1026 1516 1058 1543 Et
1079 1516 1262 1551 egredientur,
1291 1522 1317 1544 et
1341 1517 1472 1544 videbunt
1496 1517 1630 1544 cadavera
1657 1517 1813 1548 hominum,

183 1564 377 1599 benignitatem
395 1572 401 1591 :
419 1572 428 1589 ι
444 1563 502 1591 Non
515 1564 573 1591 veni
586 1571 683 1590 vocare
697 1563 799 1597 justos,
817 1563 864 1590 sed
875 1570 972 1597 pecca-

186 1617 258 1637 iores
275 1610 309 1636 ad
324 1610 512 1644 pmnilentiam
524 1611 558 1636 σθ.
579 1619 587 1635 ι
610 1609 647 1637 Dc
661 1609 763 1644 judicio
780 1615 862 1644 agens
879 1609 915 1636 ita
928 1609 971 1636 lo-

183 1656 296 1690 quitur:
317 1665 326 1681 ι
346 1656 374 1683 Si
393 1663 446 1683 non
464 1656 610 1689 venissem,
625 1660 653 1683 et
670 1656 775 1682 locutus
795 1655 906 1682 fuissent
921 1655 970 1686 eis,

189 1706 332 1736 peccatum
345 1710 398 1730 non
415 1703 563 1730 haberent:
582 1710 653 1729 nunc
666 1707 756 1729 autem
772 1701 973 1729 excusationem

184 1756 238 1775 t.on
255 1749 355 1775 habent
375 1749 408 1776 de
428 1753 539 1783 peccato
560 1749 629 1776 suo'
646 1756 653 1781 ;
669 1757 679 1774 ι
698 1754 725 1775 et
750 1755 857 1774 rursum
874 1755 882 1776 :
898 1756 906 1773 ι
924 1746 975 1779 Qui
1007 1751 1010 1754 ‘

184 1801 229 1820 me
243 1794 382 1829 negaverit
396 1801 488 1821 coram
504 1793 667 1826 hominibus,
685 1793 788 1828 negabo
804 1797 832 1820 et
846 1800 895 1827 ego
911 1800 972 1819 emn

185 1831 280 1865 coram
301 1838 381 1866 Patre
399 1846 478 1872 meo,
501 1839 546 1873 qui
571 1839 596 1865 in
621 1838 697 1866 ctelis
713 1839 787 1865 est“.
805 1847 814 1863 ι
837 1838 925 1872 Atque
947 1837 976 1864 id

185 1891 282 1911 verum
297 1891 359 1912 esse
373 1883 490 1911 Ostendit
505 1882 587 1911 Vates
602 1892 609 1910 :
629 1892 637 1908 ι
658 1882 863 1910 Conl‘undautur
882 1889 977 1909 omnes

186 1933 231 1967 qui
250 1933 365 1959 adorant
377 1930 523 1964 sculptilia,
547 1936 575 1957 et
591 1930 637 1964 qui
661 1929 811 1964 gloriantur
826 1929 851 1955 in
865 1928 977 1957 simula-

186 1977 243 2005 cris
258 1977 316 2014 suis
326 1977 348 2004 ³.
366 1985 375 2002 ι
393 1975 519 2010 Idemque
532 1976 564 2003 de
579 1976 686 2010 perdite
698 1975 836 2002 sceleratis
850 1983 857 2001 z
874 1984 883 2001 ι
896 1968 978 2009 lnlple

186 2022 273 2050 facies
288 2029 382 2049 eorum
402 2020 561 2056 ignominia,
578 2027 605 2048 et
626 2024 745 2055 quaerent
765 2027 863 2048 nomen
886 2025 973 2054 tuum,

187 2067 314 2094 Domine.
339 2065 509 2094 Erubescant
531 2071 557 2092 et
579 2067 773 2092 conturbantur
796 2065 823 2091 in
849 2066 977 2093 saeculum

189 2113 280 2141 saeculi
296 2121 305 2140 ε
323 2118 350 2139 et
364 2111 567 2139 confundantur
583 2117 609 2139 et
625 2115 737 2146 pereant
748 2111 769 2137 ⁸.
788 2120 798 2136 ι

226 2159 328 2186 Ducem
345 2164 434 2186 autem
450 2165 591 2193 pmuarum
613 2158 692 2184 tinem
708 2158 776 2191 fore,
803 2162 829 2184 et
849 2158 978 2194 piaculari

188 2205 251 2240 igne
266 2208 375 2239 peccata
394 2208 582 2238 consumptum
602 2204 634 2230 iri
647 2203 815 2237 existimant,
830 2211 861 2233 ac
876 2204 916 2231 sic
930 2203 978 2231 de-

191 2251 281 2286 nique
291 2250 323 2277 ad
338 2257 483 2284 perennem
498 2249 580 2276 vitam
592 2255 673 2284 atque
687 2249 851 2285 voluptatem
864 2250 985 2288 transire_

157 2296 366 2332 'exspectaut,
383 2296 611 2331 interpretatione
630 2296 701 2324 illius
720 2296 796 2323 Pauli
817 2297 977 2324 sententiae:

197 2352 206 2368 ι
228 2342 296 2375 Quia
316 2342 342 2369 in
359 2342 420 2377 igne
432 2341 613 2375 revelabitur;
630 2347 656 2368 et
679 2343 893 2377 uniuscujusque
913 2349 982 2378 opus

191 2389 273 2424 quale
291 2390 337 2421 sit,
358 2388 428 2424 ignis
456 2387 610 2423 probabit‘:
632 2389 654 2415 si
676 2389 753 2423 cujus
776 2396 844 2423 opus
870 2389 982 2422 arserit,

192 2434 385 2464 dctrimentum
406 2434 545 2469 patietur:
562 2434 620 2475 ipse
641 2439 731 2462 autem
749 2434 839 2462 salvus
857 2435 920 2467 erit,
942 2435 983 2463 sic

192 2488 282 2509 tamen
294 2482 372 2516 quasi
384 2488 431 2515 per
442 2481 532 2515 ignem
542 2481 565 2507 ⁵.
579 2489 587 2505 ι
603 2480 658 2508 Sed
669 2480 727 2516 (52)
739 2481 811 2508 enim
825 2481 982 2514 neutiquam

192 2525 384 2560 suppliciorum
414 2525 495 2553 ﬁnem
525 2525 580 2552 haec
606 2529 741 2558 astruuut,
765 2527 812 2553 sed
827 2531 920 2553 contra
933 2533 983 2560 po-

193 2571 248 2600 tius
272 2579 367 2600 eorum
393 2576 586 2606 augmentum;
614 2574 652 2606 (et
682 2572 708 2599 id
738 2572 846 2606 quidem
879 2580 986 2606 semper

952 2138 994 2148 v-

1025 1563 1070 1596 qui
1092 1562 1262 1596 praevaricati
1284 1563 1389 1590 suntin
1411 1571 1464 1591 mc.
1492 1563 1598 1591 Vermis
1622 1565 1693 1592 enim
1716 1572 1813 1591 eorum

1025 1616 1077 1636 non
1098 1610 1240 1642 morietur,
1256 1614 1285 1636 et
1300 1610 1370 1645 ignis
1384 1617 1476 1637 eorum
1490 1618 1544 1638 non
1563 1612 1751 1646 exstinguetur
1766 1620 1773 1638 :
1786 1617 1816 1639 et

1024 1661 1102 1682 erunt
1125 1657 1150 1683 in
1171 1656 1302 1684 visionem
1325 1657 1397 1684 omni
1422 1657 1531 1685 carni’.
1550 1667 1560 1683 ι
1586 1658 1678 1685 Daniel
1701 1666 1815 1693 quoque

1025 1700 1056 1729 id
1076 1703 1200 1737 eumdem
1227 1703 1334 1730 modum
1363 1703 1396 1731 de
1423 1705 1575 1731 aeternitate
1595 1705 1812 1739 suppliciorum:

1031 1759 1040 1775 ι
1061 1749 1136 1776 Multi
1151 1750 1184 1776 de
1201 1749 1242 1776 his
1262 1749 1307 1783 qui
1326 1750 1464 1777 dormiunt
1479 1750 1505 1777 in
1527 1756 1605 1777 terrae
1618 1750 1738 1785 pulvere,
1753 1750 1815 1779 evi-

1027 1795 1168 1830 gilahuut:
1186 1795 1231 1822 alii
1247 1795 1274 1822 in
1289 1795 1372 1822 vitam
1387 1801 1528 1828 aeternam,
1555 1801 1582 1823 ct
1604 1796 1648 1823 alii
1671 1797 1698 1823 in
1713 1804 1816 1831 oppro-

1027 1842 1115 1869 brium
1140 1847 1168 1869 et
1191 1841 1376 1869 confusionem
1411 1847 1550 1870 tetermun.
1578 1842 1611 1869 Et
1636 1842 1817 1877 intelligentes

1027 1888 1168 1924 fulgebunt
1187 1889 1264 1922 quasi
1285 1889 1412 1923 splendor
1427 1889 1591 1916 firmamenti
1607 1897 1614 1915 :
1637 1893 1664 1916 et
1683 1889 1715 1915 de
1733 1888 1816 1923 justis

1029 1934 1150 1968 plurimi,
1166 1935 1241 1969 quasi
1262 1933 1346 1961 stellae
1362 1934 1389 1961 in
1405 1934 1514 1965 saecula,
1535 1938 1562 1961 et
1580 1933 1647 1961 ultra
1661 1934 1693 1961 ‘°.
1709 1943 1718 1960 ι
1736 1934 1826 1966 Quod'

1029 1977 1126 2008 si'haac
1151 1980 1277 2007 vaticinia
1297 1980 1368 2007 dicta
1395 1980 1489 2007 insane
1514 1979 1649 2007 ardebunt
1673 1984 1816 2011 evertere,

1031 2026 1136 2052 Domini
1157 2030 1230 2052 certe
1247 2025 1393 2060 exploratis
1418 2019 1508 2053 verbis
1531 2026 1751 2057 continebuntur,
1768 2033 1818 2052 ne-

1030 2071 1118 2106 gantis
1141 2071 1271 2106 majorem
1291 2079 1351 2098 esse
1379 2071 1444 2098 hero
1471 2079 1592 2104 servum,
1619 2076 1666 2098 aut
1688 2075 1820 2104 prastare

1032 2116 1192 2150 discipulum
1209 2117 1347 2150 magistro.
1362 2115 1409 2142 llle
1423 2116 1495 2143 enim
1511 2116 1619 2150 proprie
1639 2121 1665 2142 et
1681 2123 1743 2142 vere
1757 2122 1819 2142 ma-

1032 2159 1116 2194 gister
1130 2164 1180 2191 est,
1199 2160 1243 2193 qui
1271 2160 1316 2185 Dei
1341 2164 1369 2186 et
1393 2158 1484 2188 Patris
1507 2159 1689 2192 voluntatem,
1716 2160 1759 2186 tui
1776 2165 1820 2188 est

995 2221 1019 2249 ι)
1035 2210 1180 2240 potestate,
1196 2211 1222 2232 et
1238 2205 1350 2238 honore,
1364 2210 1445 2240 atque
1460 2211 1556 2232 natura
1571 2213 1630 2240 par,
1647 2213 1699 2233 non
1712 2210 1818 2233 tantum

1033 2250 1126 2278 auditu
1145 2251 1258 2278 edoctus
1275 2250 1417 2285 discipulis
1437 2251 1566 2285 prodidit.
1591 2251 1655 2284 Quae
1669 2256 1712 2278 est
1726 2256 1820 2278 autem

1033 2295 1137 2330 liquida
1155 2295 1309 2323 Servatoris
1323 2296 1478 2323 sententia?
1498 2305 1507 2322 t
1525 2296 1558 2323 Et
1579 2297 1653 2324 ibunt
1669 2297 1694 2323 bi
1711 2296 1737 2323 in
1754 2304 1822 2331 sup-

1034 2340 1143 2375 plicium
1155 2346 1286 2368 aeternum
1300 2342 1343 2377 (de
1355 2342 1479 2369 sontibus
1494 2343 1616 2378 loquens)
1630 2343 1714 2378 :justi
1728 2348 1819 2370 autent

1037 2387 1063 2414 in
1080 2387 1163 2414 vitam
1180 2393 1310 2415 aaternam
1324 2388 1356 2415 “.
1375 2397 1384 2414 ›
1407 2389 1440 2415 Et
1455 2389 1580 2416 Miclizeas
1594 2397 1601 2415 :
1619 2399 1628 2415 ι
1651 2389 1719 2417 Ecce
1736 2390 1822 2421 venit,

1037 2434 1105 2461 dicit
1116 2434 1247 2461 Dominus
1263 2434 1436 2469 omnipotens
1451 2443 1458 2462 :
1475 2440 1503 2462 et
1519 2435 1579 2469 quis
1592 2435 1736 2462 sustinebit
1749 2435 1823 2462 diem

1037 2472 1168 2514 adventus
1183 2479 1253 2514 ejus,
1270 2485 1316 2507 aut
1342 2481 1404 2515 quis
1440 2480 1511 2508 ferre
1534 2481 1636 2516 poterit
1660 2486 1689 2507 ut
1710 2480 1824 2515 aspiciat

1037 2526 1121 2553 eum?
1139 2527 1202 2561 quia
1219 2526 1277 2560 ipse
1294 2527 1456 2561 ingreditur,
1475 2527 1553 2562 quasi
1572 2527 1641 2561 ignis
1658 2527 1824 2560 conﬂatoris,

1038 2577 1066 2598 τι
1094 2572 1169 2606 quasi
1199 2573 1283 2600 herba
1304 2572 1463 2600 lavantium.
1494 2573 1607 2600 Sedebit
1636 2573 1768 2606 conﬂatis,
1795 2579 1824 2600 et

214 2662 253 2691 ."
272 2661 347 2688 Psal.
370 2669 432 2694 xcv,
451 2661 495 2694 ll,
513 2662 558 2688 12.
596 2661 617 2677 ’⁷
637 2636 731 2688 hiauit.
755 2668 820 2694 xxv,
841 2662 886 2688 54.
925 2661 948 2678 ³³
966 2680 971 2689 .

1025 2672 1042 2691 ι.
1060 2671 1090 2695 11,
1107 2663 1211 2695 25,26.
1261 2666 1284 2682 τι·
1304 2664 1398 2692 Matth.
1421 2644 1466 2695 ii,
1491 2664 1535 2692 ιδ.
1587 2665 1593 2680 ι
1615 2663 1693 2692 Joan.
1710 2670 1756 2696 xv,
1776 2663 1823 2691 22.

195 2698 206 2712 '
224 2697 317 2723 Matth.
339 2705 366 2727 χ.
388 2697 432 2724 35.
471 2697 482 2712 ³
496 2696 568 2724 Psal.
585 2704 657 2729 χοι-ι,
674 2697 698 2722 7.

197 2732 241 2763 Η,
262 2732 304 2758 η.
348 2731 443 2759 “Ps-al.
465 2739 570 2765 Lxxxn,
601 2732 644 2758 t9.
682 2731 692 2746 ⁹
709 2731 761 2758 lsn.
783 2739 854 2764 vai,
871 2733 915 2759 25.

307 2809 447 2850 interpres
466 2812 557 2838 omisit
575 2812 608 2839 η
624 2812 718 2839 lineas.

237 2843 292 2878 (53)
313 2845 349 2869 '1":
364 2843 442 2872 σᾶῡν.

747 2696 758 2712 ⁸
776 2696 848 2723 Psal.
869 2705 969 2729 Luxu,
992 2699 1035 2724 l7.

956 2733 976 2749 ¹⁰
993 2733 1060 2761 Dan.
1077 2742 1126 2767 xu,
1141 2734 1169 2767 ‘2,
1191 2735 1218 2761 ὅ.

1080 2699 1091 2714 ⁸
1113 2699 1122 2725 l
1139 2699 1202 2726 Cor.
1221 2707 1263 2732 Ill,
1282 2700 1323 2729 15,
1348 2700 1391 2726 Ην.
1431 2700 1441 2715 ⁸
1461 2699 1527 2726 ἱιιίιΙ.
1554 2699 1598 2727 15.

1645 2699 1655 2715 ⁷
1675 2698 1748 2726 Psal.
1762 2706 1826 2733 va,

1258 2736 1279 2751 ἰ
1301 2734 1395 2762 Matth.
1412 2742 1475 2767 xxv,
1494 2735 1536 2762 46.
1813 2749 1820 2752 -

1079 2813 1134 2848 (54)
1155 2812 1202 2840 Vel
1219 2813 1290 2841 forte
1306 2819 1456 2842 wnsuntat.
