1955 3080
143 130 193 163 921

674 134 868 167 DlALOGUS
887 135 1041 167 CONTRA
1054 134 1220 167 JUDEOS.

1713 139 1766 171 92'2

141 178 288 214 emundant
310 188 378 215 sicut
404 192 566 224 argentum,
593 192 620 216 et
642 189 713 217 sicut
740 198 835 218 aurum
861 192 894 219 ".
917 201 926 218 ι
944 196 967 225 Α
981 192 1117 220 incoctum
1133 200 1139 218 :
1156 196 1182 219 et
1207 191 1288 218 Immo
1312 191 1398 226 magis
1426 191 1574 220 honoratus
1595 193 1660 225 erit,
1679 201 1761 228 quam

141 233 219 267 Quod
233 233 270 260 illi
288 233 396 261 Davidis
412 235 548 268 geminum
564 238 606 262 est
622 244 630 262 :
647 245 656 262 ι
674 235 745 270 Ignis
762 241 826 264 ante
839 237 927 272 ipsum

139 280 287 315 przecedet,
320 284 348 307 et
383 280 561 308 inﬂammabit
595 281 621 308 in
653 282 770 310 circuitu
802 283 929 312 inimicus

139 326 199 360 ejus
212 326 245 353 ".
263 335 273 351 ι
292 325 423 353 Salomon
440 326 477 352 ita
500 333 556 353 rem
577 327 705 362 proponit
722 336 729 355 :
748 337 758 354 ‹
778 328 854 356 Tunc
869 334 926 356 sta-

140 371 285 405 buntjusti
305 372 330 398 in
358 379 453 407 magna
471 373 624 399 constantia
643 373 775 401 adversus
799 381 856 406 eos,
881 375 926 409 qui

137 425 168 443 se
178 418 445 451 angnstiavcrunt,ct
457 418 500 452 qui
519 418 687 446 abstulerunt
700 419 804 447 labores
819 428 925 448 eormn.
941 413 943 415 ’

137 463 268 490 Videntes
286 462 465 490 turbabuntur
483 465 581 491 timore
596 464 729 497 horribili,
744 470 771 493 et
787 466 927 494 mirabun-

137 516 182 536 tur
200 511 226 537 in
243 506 410 537 su‘bitatioue
426 510 571 544 insperatae
585 511 681 539 salutis
695 511 727 540 “.
745 521 755 538 ι

172 571 306 598 Cmterum
326 569 409 596 David
427 577 478 596 non
500 569 632 603 judicium
657 570 747 602 modo,
769 572 816 599 sed
836 571 925 599 locum

135 617 206 644 adeo
216 616 311 651 judicii
325 615 456 650 prodidit,
470 616 495 642 in
514 616 572 643 hmc
589 617 669 644 verba
684 625 690 644 :
707 625 716 643 ι
736 617 853 645 Lzetatus
865 626 925 646 sum

134 663 164 690 in
191 664 233 690 his
257 670 318 697 qua:
345 662 416 690 dicta
442 668 506 689 sunt
525 662 602 695 mihi,
631 663 658 690 in
686 663 794 690 domum
820 663 925 691 Domini

135 708 260 735 ibimus:
277 708 389 735 Stantes
413 712 493 735 erunt
513 708 594 743 pedes
617 709 701 736 nostri
729 710 754 736 in
781 710 858 736 atriis
874 710 926 737 tuis

134 752 288 781 Jerusalem
305 761 312 780 :
327 753 488 786 Jerusalem,
513 762 573 789 qua:
596 755 750 782 aediﬁcatur
774 760 802 782 ut
816 755 924 788 civitas,

133 799 215 835 cujus
244 799 419 835 participatio
446 800 506 833 ejus
538 801 564 827 in
594 801 726 835 idipsum;
757 801 821 828 illuc
852 802 924 828 enim

131 847 317 873 aseenderunt
336 847 433 878 tribus,
460 847 547 874 tribus
574 847 705 880 Domini,
739 848 922 875 testimonium

983 236 1050 271 lapis
1063 236 1098 263 de
1112 235 1223 270 Suphir.
1235 235 1341 262 Caelum
1353 236 1425 263 enim
1442 236 1637 272 indignabitur,
1654 242 1681 266 et
1693 243 1766 266 terra

978 283 1182 311 concutietura
1210 281 1396 309 fundamentis
1419 284 1486 317 suis,
1513 288 1622 318 propter
1646 285 1766 312 furorem

980 330 1029 357 ira:
1046 329 1151 357 Domini
1170 330 1300 363 Sabaoth,
1320 330 1345 357 in
1360 330 1404 357 die
1418 329 1475 362 illa,
1499 338 1559 365 qua:
1579 333 1767 366 supervenerit
1780 329 1798 351 ³-

980 375 1057 402 l'uror
1065 375 1178 410 ejus’°.n
1192 375 1251 403 Alio
1263 375 1321 402 loco
1333 375 1371 402 sic
1383 375 1453 402 idem
1467 375 1560 402 isthme
1572 377 1764 411 prosequitur:

982 430 992 447 ι
1012 421 1166 456 Consurgct
1189 421 1318 449 Dominus
1343 421 1462 448 Sabaoth
1491 422 1516 448 in
1542 423 1610 449 valle
1633 423 1764 451 Gabaon:

978 475 1040 495 cum
1061 467 1153 494 furore
1169 467 1251 494 faciet
1270 474 1350 502 opera
1375 474 1435 500 sua,
1457 467 1644 495 amaritudinis
1663 477 1763 504 opera:

979 513 1056 540 furor
1083 513 1141 548 ejus
1172 513 1261 541 alieno
1296 518 1399 546 utetur,
1437 518 1465 541 et
1495 514 1646 541 amaritudo
1680 517 1766 544 aliena

978 563 1006 586 et
1038 566 1085 586 vos
1110 559 1194 586 nolite
1221 560 1318 593 lmtari,
1348 567 1435 595 neque
1458 560 1645 588 eonforlentur
1659 562 1765 590 vincula

978 609 1068 632 vestra
1086 613 1092 631 :
1110 606 1173 640 quia
1194 610 1399 633 consummatas
1421 610 1448 633 et
1468 607 1639 634 abbreviatas
1661 615 1705 635 res
1719 616 1767 635 au-

977 652 1031 679 divi
1048 659 1063 679 a
1082 651 1196 680 Domino
1227 652 1358 684 Sabaoth,
1381 659 1449 687 quas
1475 652 1596 680 facturus
1621 658 1661 680 est
1686 660 1767 687 super

977 705 1086 726 omnem
1104 703 1204 726 terram
1217 699 1250 725 “.
1271 708 1280 725 ι
1300 699 1330 726 Et
1349 698 1437 733 capite
1454 690 1578 734 sequenti
1595 700 1652 727 lucc
1667 700 1764 729 habet:

980 751 990 769 ι
1008 743 1074 771 Cum
1090 744 1210 771 viderint
1223 751 1305 780 opera
1330 752 1407 777 mea,
1432 745 1642 773 sanetiﬂcabunt
1666 754 1764 774 nomen

977 797 1079 823 meum,
1097 794 1124 818 et
1149 791 1360 818 sanctiﬁcabunt
1381 797 1502 818 sanctum
1528 792 1612 826 ipsius
1633 792 1716 820 Jacob
1739 799 1767 820 et

976 834 1060 863 Deum
1085 836 1169 863 lsrael
1195 837 1329 864 timebunt
1339 838 1373 864 “.
1398 846 1408 864 ι
1441 839 1524 865 Amos
1552 838 1608 865 hmc
1633 838 1764 872 reliquit:

132 892 228 926 Israel,
253 894 286 920 ad
313 893 494 920 conﬁtendum
520 894 623 921 nomini
644 894 748 921 Domini
764 904 771 922 :
786 895 849 929 quia
869 895 922 922 illic
940 871 990 929 B,‘
1009 881 1060 915 Qui
1074 882 1191 910 amne“
1205 883 1233 910 in
1257 883 1327 910 “9'0
1357 883 1542 929 ³⁵θθ¹¹⁵Ῑ⁰¹¹ίῗ¹η
1566 891 1653 916 suam!
1680 889 1706 911 θί
1724 892 1767 912 se‘

132 939 265 966 sederunt
283 939 309 966 in
322 939 437 973 judicio,
454 939 532 966 sedes
549 947 634 974 super
648 941 756 966 domum
773 941 856 967 David
869 941 918 968 η.)

131 984 166 1011 Et
185 984 290 1012 Isaias:
310 994 319 1010 ‹
339 984 415 1012 Tunc
445 986 527 1013 stabit
552 986 578 1013 in
602 985 704 1021 judicio
729 986 868 1020 Dominus,
894 991 922 1015 et

129 1034 235 1058 statuet
253 1030 285 1058 ad
306 1031 439 1065 judicium
465 1031 592 1066 populum
608 1040 698 1060 suum.
715 1031 772 1067 Ipse
792 1033 921 1061 Dominus

130 1076 311 1112 adjudicium
330 1077 420 1104 veniet
438 1085 498 1104 cum
523 1077 676 1104 senioribus
701 1077 800 1112 populi,
818 1082 844 1105 et
859 1086 920 1105 cum

131 1123 302 1158 principibus
324 1124 383 1157 cjus
395 1122 427 1150 ".
445 1132 454 1148 ι
475 1123 508 1150 Et
522 1131 631 1150 rursum
649 1131 656 1150 :
677 1133 686 1149 ‹
706 1123 767 1160 ΙΙβο
785 1125 852 1151 dicit
870 1124 920 1152 Do-

133 1169 233 1196 minus.
262 1169 308 1196 Die
334 1168 378 1195 illa
406 1167 545 1195 illuceseet
575 1168 645 1195 Deus
669 1168 695 1195 in
721 1169 833 1196 consilio
858 1175 919 1195 cum

129 1214 218 1248 gloria
245 1220 325 1246 super
349 1217 463 1245 terram,
490 1218 518 1240 ut
536 1213 639 1240 exaltet
656 1217 684 1240 et
703 1213 836 1247 glorilicet
852 1213 920 1240 resi-

128 1259 215 1285 duum
232 1257 326 1285 Israel.
342 1258 375 1284 Et
390 1259 454 1291 erit,
468 1258 538 1292 quod
554 1257 685 1292 reliqumn
702 1257 784 1285 fuerit
799 1259 825 1285 in
841 1257 917 1292 Sion,

127 1309 155 1331 et
171 1304 242 1338 quod
257 1304 421 1330 remanserit
436 1303 462 1330 in
475 1303 639 1336 Jerusalem,
651 1304 738 1330 sancti
751 1305 920 1331 vocabuntur

127 1357 226 1377 omnes
245 1350 338 1384 scripti
357 1350 390 1377 ad
409 1350 490 1377 vitam
512 1350 538 1377 in
553 1349 716 1377 Jerusalem.
735 1350 832 1377 Abluet
846 1351 917 1378 enim

128 1394 263 1422 Dominis
275 1396 382 1422 sordem
395 1395 512 1422 liliorum
525 1401 551 1423 et
565 1395 680 1421 ﬁliarum
696 1395 773 1427 Sion,
784 1401 811 1423 et
821 1403 919 1423 emun-

126 1440 204 1467 dabit
219 1441 380 1475 sanguinem
397 1442 429 1468 de
441 1441 530 1468 medio
544 1448 639 1467 eorum
656 1441 681 1467 in
698 1441 795 1476 spiritu
810 1441 916 1476 iudicii,

127 1491 157 1513 et
173 1486 271 1520 spiritu
302 1486 498 1514 combustionis
510 1486 542 1514 "’.
559 1495 567 1511 ι
583 1486 632 1514 Ubi
665 1494 713 1521 per
742 1487 795 1514 duo
816 1487 917 1519 judicia

131 1532 280 1565 requietem
294 1538 374 1567 atque
386 1533 644 1567 pmnamsignilicat.
661 1532 715 1566 «.Et
726 1534 816 1560 veniet
829 1534 919 1560 Domi-

131 1583 232 1610 nus,et
242 1578 294 1604 erit
306 1579 394 1606 onmis
414 1578 489 1605 locus
510 1579 609 1605 montis
624 1578 701 1612 Sion,
715 1584 742 1606 et
755 1580 844 1606 omnia
859 1587 918 1614 quae

130 1622 158 1650 in
177 1623 291 1650 circuitu
306 1623 363 1659 ejus
387 1628 460 1656 sunt,
478 1624 650 1652 obumbrabit
671 1626 756 1652 nubes
772 1632 820 1658 per
836 1625 917 1659 diem,

128 1673 157 1696 et
170 1673 298 1703 tanquam
318 1670 403 1703 fumo,
416 1674 442 1697 et
456 1670 515 1697 luce
532 1670 602 1705 ignis
614 1671 726 1697 ardente
742 1678 789 1704 per
802 1676 919 1714 nouam,

89 1715 93 1718 ’
127 1722 156 1745 et
174 1719 247 1745 omni
268 1718 353 1754 gloria
371 1723 538 1754 protegetur.
567 1717 599 1745 Et
624 1719 676 1746 erit
701 1718 727 1745 in
746 1719 871 1746 umbram
885 1720 918 1746 ab

127 1769 195 1791 aestu
215 1771 263 1798 per
279 1763 361 1795 diem,
387 1768 412 1790 c‘t
436 1764 463 1791 in
486 1765 696 1798 protectionem,
713 1768 740 1791 et
763 1763 918 1791 in‘abscon-

128 1809 235 1836 sionem
262 1809 295 1835 ab
320 1809 466 1844 asperitate
486 1814 513 1837 et
530 1809 618 1844 pluvia
634 1810 666 1837 ".
687 1819 696 1835 ι
714 1818 723 1834 ‹
742 1809 775 1836 Et
791 1810 917 1836 humilia-

130 1856 203 1882 bitur
219 1853 310 1887 homo,
325 1860 352 1881 ct
364 1855 580 1882 dchonorabitur
594 1855 645 1887 vir,
662 1860 689 1882 et
699 1855 769 1882 oculi
788 1855 918 1883 sublimes

130 1901 364 1931 humiliabuutnr;
382 1905 410 1927 et
431 1901 595 1928 exaltabitur
614 1901 743 1929 Dominus
758 1900 877 1929 Sabaoth
891 1901 916 1928 in

129 1948 239 1983 judicio,
251 1953 279 1976 et
289 1947 360 1975 Deus
371 1952 482 1975 sanctus
493 1946 689 1981 glorilicabitur
700 1941 731 1974 in
743 1947 850 1981 justitia
864 1947 916 1986 ".3

129 1997 162 2023 Ει
184 1996 270 2023 alibi:
287 2005 296 2021 ι
315 1995 400 2029 Prope
425 2000 467 2022 est
494 1995 551 2026 dies
574 1994 691 2026 Domini,
713 1999 741 2020 et
761 1994 888 2021 contritio
901 2001 917 2021 a

129 2042 183 2069 Deo
195 2041 295 2068 veniet.
322 2042 437 2075 Propter
458 2040 508 2067 hoc
529 2040 617 2066 omnis
633 2047 729 2066 manus
745 2039 917 2072 dissolvetur,

130 2091 158 2114 et
173 2087 262 2114 omnis
280 2085 368 2112 anima
395 2085 514 2112 hominis
537 2084 702 2112 lormidabit.
724 2083 919 2111 Turbabuntur

131 2132 226 2168 legati,
242 2135 271 2158 et
286 2131 393 2158 dolores
412 2138 458 2157 eos
472 2130 610 2159 tenebunt,
624 2129 700 2164 quasi
719 2129 841 2156 mulieris
855 2136 919 2164 par-

131 2177 262 2204 turientis
276 2186 283 2204 :
302 2181 329 2203 ct
344 2175 526 2202 condolehunt
541 2173 609 2201 alter
626 2174 658 2201 ad
680 2174 807 2206 alterum,
822 2179 850 2201 et
861 2177 920 2200 stu-

130 2223 243 2257 pebuut,
264 2228 291 2248 et
307 2220 403 2248 faciem
428 2227 504 2247 suam
525 2219 603 2254 quasi
621 2217 740 2251 ﬂamma,
764 2219 918 2246 mutabunt.
937 2223 959 2251 ι)

129 2269 201 2295 Ecce
218 2268 289 2294 enim
302 2267 360 2294 dies
380 2265 489 2293 Domini
502 2266 575 2293 venit
591 2265 761 2298 insanabilis,
777 2265 878 2292 furm'is
891 2269 918 2292 et

129 2315 189 2345 irae,
208 2314 240 2340 ad
254 2314 406 2347 ponendum
421 2313 513 2339 orbem
530 2316 608 2338 terra».
625 2310 774 2344 desertum,
785 2316 811 2337 et
823 2318 919 2345 pecca-

131 2365 205 2385 tores
225 2359 377 2392 perdendos
391 2365 424 2384 ex
442 2365 484 2384 eo.
505 2356 596 2384 Stellae
614 2358 686 2384 enim
703 2355 762 2383 εωιὶ
777 2360 804 2383 et
823 2355 917 2388 Orion,

129 2411 156 2432 et
170 2405 261 2431 omnis
276 2408 389 2431 ornatus
405 2403 478 2436 coeli,
494 2410 547 2430 non
564 2403 668 2430 dabunt
678 2402 785 2435 lumen;
803 2407 830 2430 et
842 2402 918 2430 obte-

131 2450 319 2478 nebrabuntur
331 2449 439 2476 oriente
453 2449 528 2480 sele;
552 2452 576 2475 et
593 2448 654 2475 luna
671 2455 724 2475 non
742 2449 919 2476 dabitdumeu

130 2505 223 2525 suum.
240 2496 273 2523 Et
293 2495 427 2523 mandabo
442 2495 576 2522 universae
593 2499 671 2522 terra:
690 2487 771 2527 malai,
788 2495 919 2530 et-impiis

132 2548 243 2580 peccata
261 2550 355 2570 eorum
371 2550 380 2569 :
394 2546 422 2569 et
442 2541 551 2576 perdam
575 2533 729 2575 superbiam
751 2540 916 2584 iniquorum,

131 2595 159 2618 et
179 2588 369 2619 contumeliam
395 2586 573 2621 superborum
596 2586 756 2613 humiliabo.
782 2585 918 2623 Et_erunt

132 2636 181 2673 qui
199 2633 320 2663 ἀει-ειμιιὶ
337 2633 446 2664 fuerint,
468 2632 593 2660 honorati
619 2631 705 2666 magis
721 2639 803 2667 quam
819 2639 917 2659 aurum

171 2746 193 2762 ι’
209 2744 264 2772 lmo
279 2742 393 2769 Malach.
411 2748 453 2774 ιιι,
468 2740 496 2767 2.
537 2739 558 2755 "
573 2738 646 2767 Psal.
661 2746 735 2771 xcvu,
753 2739 781 2766 ὅ.

136 2781 192 2810 Lis.
233 2778 255 2794 ’⁸
275 2778 344 2805 Ibid.
363 2777 390 2807 5,
407 2776 435 2804 6.
483 2776 503 2791 "
523 2775 575 2802 Isa.
593 2782 621 2808 ν,
643 2774 687 2806 45,
704 2774 748 2802 16.

135 2809 218 2845 Amos
236 2821 272 2845 Ix,
290 2814 318 2840 ιι.
369 2812 393 2828 ιδ
413 2811 471 2838 Joel
491 2818 521 2843 ιι,
538 2810 583 2837 δι.
635 2810 660 2826 ιι
676 2809 761 2845 Soph.
782 2809 875 2845 ιιι-1,

135 2853 162 2880 5.
202 2851 224 2867 ι»
240 2849 311 2877 Psal.
336 2855 398 2880 xcv,
418 2847 462 2875 15.
501 2846 523 2862 ³ο
538 2845 617 2874 Joan.
637 2852 693 2878 stv,
709 2845 736 2872 6.

820 2737 843 2754 ’⁵
857 2738 922 2773 Sap.
940 2745 968 2772 ν,

799 2774 823 2790 ¹⁰
842 2773 971 2806 lsa.snt,
1020 2774 1096 2801 6-15.
1135 2775 1157 2790 ἰ

802 2829 810 2841 ,
830 2809 875 2835 t7.
928 2809 952 2825 ³⁸
965 2808 1043 2838 Joau.
1059 2817 1099 2842 ιιι,
1120 2810 1165 2838 59.

777 2845 798 2861 ¹¹
817 2844 867 2871 Isa.
887 2852 915 2878 tt,
937 2845 981 2878 Η,
1000 2845 1028 2872 ι.

977 929 1121 956 curitatem
1155 936 1231 956 suam
1261 936 1343 963 super
1367 933 1468 956 terram
1501 928 1595 956 fundat
1619 937 1626 956 :
1649 930 1694 963 qui
1721 937 1768 956 vo-

975 978 1020 1000 cat
1046 981 1144 1009 aquam
1171 976 1265 1007 maris,
1292 979 1321 1003 et
1347 974 1460 1002 eﬂ‘undit
1482 982 1542 1002 eam
1568 982 1650 1010 super
1668 974 1766 1002 faciem

975 1024 1055 1048 terra:
1068 1020 1101 1047 ’³.
1121 1029 1130 1047 ι

1011 1075 1109 1104 Nolate
1124 1076 1268 1112 diligenter
1283 1081 1442 1112 conceptam
1459 1077 1568 1105 inverso
1583 1077 1679 1105 ordine
1699 1085 1763 1105 sen-

976 1122 1101 1149 tentiam.
1130 1121 1197 1148 Nam
1220 1122 1291 1156 quod
1319 1123 1396 1155 dicit,
1417 1123 1568 1156 huiusmodi
1591 1123 1763 1151 est:0tnni--

974 1174 1070 1204 potens
1086 1168 1149 1202 ille,
1175 1173 1202 1195 et
1225 1169 1346 1196 universi
1371 1169 1480 1197 molitor
1507 1169 1588 1201 Deus,
1612 1170 1658 1204 qni
1683 1170 1766 1198 maris

975 1221 1063 1249 aquas
1080 1214 1107 1241 in
1126 1214 1208 1241 totius
1224 1218 1302 1242 terra:
1318 1214 1405 1241 solum
1422 1214 1544 1247 ell'undit,
1562 1215 1595 1242 ad
1612 1219 1764 1254 extremum

974 1259 1003 1287 in
1020 1265 1120 1287 terram
1143 1267 1220 1287 suam
1243 1260 1420 1288 stabilitatem
1438 1260 1568 1296 defigens,
1585 1261 1610 1288 id
1626 1266 1680 1291 est,
1695 1260 1764 1287 citra

974 1311 1116 1341 peceatum
1134 1305 1214 1332 homo
1230 1305 1319 1333 fartus
1335 1306 1411 1341 (nam
1426 1307 1562 1333 stabilitas
1574 1306 1609 1333 sit
1628 1306 1691 1333 Filii
1705 1313 1766 1332 cor-

974 1349 1041 1384 pus)
1070 1351 1237 1384 incarnatus,
1265 1354 1293 1378 et
1314 1355 1457 1378 contracto
1482 1358 1597 1385 corpore
1623 1351 1693 1378 inter
1717 1358 1766 1379 nos

973 1402 1068 1423 servos
1089 1400 1225 1427 versatus,
1255 1404 1318 1424 suos
1344 1396 1371 1423 in
1393 1397 1462 1423 caelo
1485 1397 1586 1431 gradus
1610 1397 1763 1424 aediﬁcavit.

973 1439 1031 1467 Joel
1048 1448 1054 1467 :
1075 1449 1084 1465 ι
1103 1439 1149 1467 Sol
1165 1446 1339 1468 convertetur
1356 1441 1381 1468 in
1398 1441 1535 1474 tenebras,
1549 1447 1574 1469 et
1589 1442 1651 1469 luna
1664 1442 1689 1468 in
1703 1450 1765 1469 san-

974 1486 1093 1519 guinem,
1120 1492 1267 1522 antequam
1294 1487 1385 1514 veniat
1409 1488 1465 1514 dies
1483 1487 1587 1514 Domini
1606 1495 1718 1523 magnus
1737 1492 1765 1515 et

974 1532 1098 1560 illustris.
1123 1533 1155 1560 Et
1175 1534 1226 1560 erit
1247 1542 1254 1561 :
1281 1533 1378 1560 Omnis
1403 1534 1447 1568 qui
1474 1534 1642 1561 invocarerit
1666 1543 1762 1561 nomen

974 1577 1091 1610 Domini,
1111 1579 1201 1606 salvus
1217 1578 1315 1606 erit".
1333 1588 1342 1604 ι
1366 1579 1397 1606 Et
1418 1587 1464 1613 per
1480 1579 1646 1614 Supltoniaxn
1672 1580 1760 1607 Deus:

975 1634 984 1650 c
1005 1624 1154 1652 'l‘ribulabo
1171 1625 1304 1656 homines.
1323 1630 1348 1651 et
1364 1625 1541 1652 ambulabunt
1564 1630 1592 1652 ut
1609 1626 1684 1658 caaci,
1697 1626 1760 1660 quia

974 1670 1088 1697 Domino
1106 1672 1332 1705 peccaverunt".
1350 1680 1358 1695 ι
1379 1670 1509 1705 Equidem
1523 1679 1574 1697 non
1594 1671 1661 1698 dixit
1675 1672 1762 1704 Deus;

954 1716 1034 1754 .quia
1051 1717 1118 1743 mihi
1144 1721 1336 1750 peccaverunt,
1359 1717 1406 1743 sed
1432 1716 1557 1749 Domino,
1579 1717 1682 1744 scilicet
1698 1717 1764 1744 clla-

971 1763 1081 1791 rissimo
1106 1762 1186 1789 Filio.
1209 1761 1302 1796 Itaque
1327 1767 1353 1789 et
1381 1761 1510 1789 Dominus
1545 1770 1621 1790 meus
1646 1764 1762 1797 majores

970 1814 1076 1836 vestros
1102 1809 1244 1843 alloquens
1267 1808 1305 1835 ait
1323 1816 1330 1836 :
1351 1817 1360 1833 ‹
1379 1808 1409 1835 In
1426 1808 1558 1843 judicium
1580 1816 1630 1841 ego
1647 1809 1672 1836 in
1690 1809 1773 1836 hunc.

971 1853 1102 1880 mundum
1119 1852 1180 1880 veni
1197 1861 1205 1878 τ
1223 1851 1310 1885 utqui
1326 1859 1378 1878 non
1400 1852 1501 1881 vident.
1520 1852 1641 1886 videant,
1664 1857 1691 1880 et
1714 1853 1760 1888 qui

970 1898 1073 1931 vident,
1098 1898 1162 1925 caeci
1188 1897 1298 1925 ﬁant".
1321 1906 1330 1923 ι
1351 1896 1504 1926 Jeremias:
1523 1906 1533 1923 ι
1548 1897 1650 1932 Aspexi
1676 1906 1762 1933 super

972 1949 1071 1971 terram
1085 1952 1091 1970 :
1104 1949 1131 1970 et
1145 1950 1209 1970 ecce
1224 1942 1290 1970 nihil
1307 1951 1314 1970 :
1332 1943 1397 1970 etin
1416 1942 1534 1976 coelum;
1554 1947 1580 1970 et
1603 1952 1654 1970 non
1677 1948 1755 1970 erant

972 1989 1073 2016 lumina
1095 1989 1163 2023 ejus,
1195 1993 1222 2015 et
1248 1988 1302 2014 vidi
1331 1992 1453 2021 montes;
1477 1993 1504 2015 et
1523 1996 1586 2015 ecce
1605 1993 1683 2015 erant
1707 1994 1761 2017 tre‘

971 2040 1088 2068 mentes,
1100 2039 1127 2062 et
1138 2042 1235 2062 omnes
1250 2034 1332 2062 colles
1346 2034 1468 2062 turbatos
1480 2043 1494 2061 a
1508 2034 1577 2062 facie
1586 2035 1692 2062 Domini
1702 2036 1736 2062 ’⁷.
1748 2045 1758 2062 ι

972 2081 1005 2108 Ει
1019 2078 1125 2108 David':
1142 2089 1151 2105 ε
1172 2080 1255 2112 Vidit,
1274 2085 1301 2107 ct
1319 2085 1454 2107 commota
1477 2085 1519 2107 est
1543 2084 1614 2108 terra
1630 2089 1636 2107 :
1652 2086 1758 2109 montes

970 2120 1109 2155 et-omnes
1130 2127 1214 2154 colles
1235 2120 1308 2153 sfcut
1333 2119 1396 2153 cera
1420 2127 1578 2154 ﬂuxerunt:
1598 2128 1660 2161 quia
1680 2129 1761 2166 _venit

971 2173 1122 2206 Dominus,
1156 2173 1284 2205 quoniam
1317 2173 1390 2198 venit
1413 2172 1536 2206 judicare
1566 2178 1665 2200 lerram
1688 2174 1720 2201 ”.
1748 2183 1757 2201 ι

974 2233 1008 2238 -
1030 2228 1038 2243 ι
1055 2217 1190 2245 Judicabit
1216 2217 1308 2244 orbem
1332 2222 1411 2244 terra:
1439 2217 1465 2243 in
1493 2219 1630 2252 mquitate,
1656 2223 1683 2246 et
1710 2227 1760 2254 po-

973 2265 1051 2300 pulos
1078 2265 1104 2292 in
1128 2265 1241 2291 veritate
1262 2270 1311 2290 sua
1323 2264 1358 2290 “.
1375 2272 1385 2289 ι
1408 2262 1516 2290 Veritas
1539 2270 1628 2292 autem
1649 2257 1691 2291 est
1717 2261 1761 2300 ip-

972 2312 1029 2339 sius
1059 2309 1231 2345 Unigenitus,
1269 2314 1298 2335 ut
1316 2309 1342 2336 in
1364 2308 1510 2343 Evangelia
1526 2310 1582 2344 ipse
1597 2311 1759 2338 conﬁrmat:

975 2371 984 2383 ι
1002 2357 1059 2392 Ego
1075 2364 1134 2385 sum
1155 2357 1211 2388 via,
1227 2355 1327 2383 veritas
1344 2360 1371 2394 et
1386 2355 1442 2382 vita
1455 2355 1488 2383 '°.
1507 2365 1516 2382 ι
1550 2356 1583 2382 Ει
1602 2355 1686 2384 Isaias
1710 2358 1760 2385 ite-

973 2411 1033 2431 rum
1051 2411 1059 2430 :
1077 2413 1086 2429 ι
1103 2402 1276 2429 Exaltabitur
1292 2401 1424 2429 Dominus
1444 2402 1519 2429 solus
1544 2402 1570 2429 in
1585 2402 1629 2430 die
1652 2403 1713 2436 illa;
1733 2409 1761 2437 et

972 2454 1069 2485 arguet
1082 2449 1209 2484 populum
1226 2448 1339 2475 multum
1348 2448 1384 2477 υ.
1401 2458 1412 2474 ›
1426 2448 1547 2481 Quorum
1560 2448 1702 2476 verborum
1716 2450 1760 2478 hic

972 2499 1015 2524 est
1036 2503 1144 2523 sensus.
1162 2493 1259 2521 Veniet
1277 2494 1404 2522 Christus
1428 2494 1454 2521 in
1477 2494 1597 2527 sublimi,
1616 2495 1696 2529 inque
1710 2503 1759 2523 sua

972 2542 1064 2569 divina
1084 2540 1239 2576 majestate,
1265 2540 1311 2575 qui
1326 2539 1518 2568 condemnabit
1530 2548 1582 2567 non
1593 2547 1698 2573 omnes,
1712 2542 1758 2569 sed

973 2587 1164 2620 refractarios,
1183 2591 1209 2614 et
1233 2594 1295 2614 eum
1318 2593 1373 2613 non
1402 2586 1543 2613 reveritus.
1569 2586 1601 2612 Et
1626 2593 1675 2619 per
1692 2586 1761 2614 Eze«

973 2633 1087 2661 chielem
1104 2633 1196 2661 Deus:
1216 2642 1225 2659 ‹
1244 2632 1470 2667 Unufnquemque
1495 2632 1522 2658 in
1546 2632 1597 2659 viis
1613 2632 1669 2660 suis
1686 2632 1761 2668 judi-

988 2738 1015 2765 Ι.
1056 2739 1077 2756 ⁵⁵
1095 2739 1168 2766 Psal.
1181 2743 1255 2770 εχει,
1272 2738 1332 2765 1-5.
1371 2738 1393 2754 ¹⁸
1410 2737 1461 2766 Isa.
1475 2745 1517 2771 ιιι,
1534 2738 1577 2766 I5.
1616 2739 1638 2754 "
1650 2738 1702 2766 lsa.
1722 2741 1773 2773 ιν..

1020 2774 1096 2801 6-15.
1135 2775 1157 2790 ¹¹
1186 2774 1375 2807 Ρειιιιχςνιιι,
1391 2774 1437 2800 21.
1475 2774 1497 2790 ²¹
1518 2774 1630 2807 lsa.xx,
1652 2774 1698 2801 23.
1737 2773 1760 2789 “

1213 2808 1235 2825 '7
1255 2806 1356 2836 Jerom.
1379 2816 1416 2841 tv,
1429 2808 1476 2837 25.
1515 2806 1631 2849 “:Psal.
1646 2816 1718 2842 xcvi,
1732 2808 1760 2842 4,
