1955 3080
194 139 249 170 523

826 140 988 172 JOANNIS
1007 140 1142 172 PHOC/E

1766 142 1824 174 ειΞι

189 186 257 212 csbo
269 193 315 212 vos
328 186 424 213 domus
436 186 517 214 Israel
528 187 561 213 ³².
578 196 588 213 ι
603 185 669 214 Vivo
678 193 739 222 ego,
752 186 817 213 dicit
831 186 975 214 Dominus.
991 189 1013 216 A
1029 186 1158 213 transibit
1173 193 1180 212 :
1199 189 1225 213 et
1241 192 1353 221 regnum
1372 186 1443 220 ejus,
1457 186 1528 221 quod
1546 194 1598 214 non
1614 193 1821 222 corrumpetur.

191 231 260 263 Quid
275 232 313 258 ait
335 233 431 258 vates?
447 233 522 260 Itane
538 237 567 260 ut
582 233 643 260 vitae
656 237 792 260 auctorem
809 232 900 259 vivere
912 238 975 266 pro-

192 278 294 308 titeare,
323 277 368 311 qui
393 278 516 310 spiritum
542 283 568 304 et
588 279 670 305 vitam
695 277 801 304 cunctis
822 276 975 304 viventibus

192 321 376 355 inspiraverit.
392 321 473 352 Sane,
493 323 596 356 inquit,
619 331 671 349 non
689 321 836 349 secundum
854 321 975 348 divtnam

191 373 314 393 naturam
334 367 414 393 Detun
433 368 524 394 vivere
547 368 693 398 conﬁrmo,
712 368 778 394 nihil
797 367 886 393 miutts
903 366 975 401 (jam

191 420 221 438 ca
239 411 399 439 immortalis
416 417 457 439 est
481 421 511 439 ac
528 414 665 447 perennis)
691 413 739 440 sed
758 412 908 440 secundum
925 412 977 439 litt-

191 466 307 484 manam.
337 457 434 486 Factus
460 460 532 486 enim
550 465 592 487 est
616 464 727 494 propter
749 467 797 486 nos
825 459 905 486 homo
933 459 978 486 ille

192 504 332 531 hominum
351 506 565 537 θιιιθιιῑὶδ-ιίιιιιιε,
589 510 616 532 et
637 505 798 540 corruptelae
815 505 977 539 permissum

191 558 288 584 corpus
316 551 349 577 ad
380 555 532 577 extremum
559 551 712 577 immortale
740 555 767 577 et
792 551 977 585 incorruptum

192 596 320 626 reddidit,
347 603 378 622 ac
405 600 534 630 perpetuo
559 595 691 621 victurum
717 595 853 630 produxit.
873 594 905 621 Et
919 595 979 629 quis

192 650 256 670 vero
272 649 322 673 est,
339 642 384 676 qui
399 650 460 668 eum
482 642 619 676 peremit?
636 642 743 669 lsraelis
761 649 856 676 genus,
874 641 919 674 qui
936 640 981 666 Pi-

192 689 278 715 latum
297 689 335 715 sic
355 689 474 723 aggressi
503 692 587 714 sunt:
608 697 616 713 ι
637 688 749 715 Domine
775 687 907 714 recordati
934 694 981 713 su-

196 743 266 766 mus,
284 735 346 769 quia
369 735 496 762 seductor
515 735 561 761 ille
580 735 648 762 dixit
671 735 759 762 adhuc
780 735 873 763 vivens
891 743 897 760 :
917 733 982 760 Post

194 787 251 808 tres
268 782 325 808 dics
337 789 489 816 resurgam.
507 781 574 809 Jube
588 789 654 816 ergo
670 780 800 808 custodiri
816 780 981 814 sepulcrum,

192 836 278 862 usque
291 828 317 854 in
333 828 403 854 diem
422 828 531 854 tertium
549 837 556 855 :
577 836 610 854 ne
633 827 702 855 forte
727 827 838 854 veniant.
857 826 981 861 discipuli

191 860 269 908 ejus,
299 880 326 902 et
352 875 476 902 furentur
499 883 559 902 cum
587 881 681 906 nocte,
720 878 746 900 et
770 873 861 900 dicant
887 860 1019 908 plebi:B

193 921 319 948 Surrexit
334 930 348 948 a
366 922 480 948 mortuis
495 931 501 948 :
521 927 548 947 et
565 921 618 948 erit
632 920 796 947 novissimus
812 927 890 947 error
904 919 981 954 pejor

194 967 284 1000 priore
298 967 330 993 ⁸³.
345 976 354 992 ι
369 966 539 1001 Quapropter
552 966 624 993 velut
636 974 667 993 ex
681 966 740 1000 ejus
757 973 872 1001 persona
884 965 981 992 clamat

194 1012 318 1039 Ezechiel
338 1022 344 1039 :
364 1012 493 1046 Equidem
522 1019 575 1038 non
601 1019 671 1043 smn,
697 1011 769 1046 quod
796 1011 863 1038 falso
885 1010 980 1038 remiui

192 1058 287 1090 Judaei,
305 1063 440 1089 mortuus,
459 1057 506 1083 sed
526 1057 561 1083 ita
577 1057 649 1088 vivo,
667 1061 696 1083 ut
711 1064 760 1090 pro
777 1057 835 1084 suis
848 1063 982 1091 quemque

193 1103 313 1130 moribus
345 1103 396 1129 sim
424 1102 607 1140 judicaturus.
640 1100 708 1128 Vere
734 1101 807 1128 enim
833 1101 980 1135 gloriosum

192 1148 327 1180 videbitis,
347 1152 376 1174 ut
397 1156 459 1175 cum
476 1148 568 1174 divino
584 1147 716 1174 Zacharia
735 1147 830 1181 loquar
843 1147 876 1179 ",
899 1154 980 1182 quem

192 1194 354 1221 conlixistis.
382 1193 536 1220 Salomonis
565 1201 673 1228 quoqtte
703 1194 760 1220 haec
790 1197 854 1220 sunt
878 1193 979 1219 verba:

194 1249 204 1265 ί
222 1239 351 1266 Dominus
369 1240 449 1266 corda
468 1239 589 1267 omnium
613 1239 700 1266 noscit
715 1248 721 1266 :
736 1243 762 1266 et
785 1238 831 1274 qui
855 1238 982 1273 iiguravit

191 1285 316 1320 spiritum
336 1285 473 1316 omnibus,
498 1285 556 1319 ipse
582 1285 658 1312 nnvit
687 1284 791 1317 omnia,
820 1284 865 1320 qui
893 1283 982 1311 reddit

192 1329 339 1363 uniettique
357 1329 432 1364 juxta
448 1336 530 1363 opera
548 1329 605 1364 ejus
618 1329 651 1356 ³⁸.
668 1339 677 1355 ›
696 1328 772 1356 Unde
796 1333 823 1356 et
852 1328 981 1356 Dominus

193 1383 268 1402 meus
297 1375 451 1402 Salomonis
475 1375 637 1402 sententiam
654 1375 819 1402 conﬁrmans
840 1375 867 1402 in
891 1374 982 1400 Evan-

192 1421 262 1455 gelio
277 1421 315 1447 ait
329 1430 336 1447 :
354 1430 362 1446 t
383 1421 460 1448 l’aler
477 1428 528 1447 non
540 1421 644 1456 judicat
654 1429 827 1456 quemquam,
839 1422 886 1449 sed
899 1429 980 1448 omne

190 1467 319 1501 judicium
336 1467 409 1494 dedit
429 1467 497 1494 Filio
508 1467 542 1494 ⁸⁸.
559 1477 568 1492 ι

227 1512 371 1545 Caeterum,
385 1517 415 1539 ut
429 1512 575 1540 ﬁrmiorem
592 1521 683 1540 eorum
708 1521 768 1548 qua:
788 1513 914 1545 diximus,
935 1521 979 1540 ve-

193 1558 301 1584 ritatem
319 1562 481 1589 statuamus,
503 1559 592 1585 veniat
607 1559 639 1585 ad
660 1565 751 1592 partes
771 1565 798 1586 et
820 1559 914 1586 Daniel
936 1560 978 1586 ille

192 1604 370 1636 admirabilis,
385 1604 425 1630 vir
440 1605 588 1639 gratiosus,
604 1610 630 1632 et
645 1612 705 1639 quae
721 1611 879 1640 corporatus
891 1606 979 1632 adhuc

191 1650 285 1677 obiens
315 1650 340 1676 in
370 1654 460 1682 terra,
490 1650 620 1684 iugentia,
655 1659 791 1686 supraque
825 1652 972 1679 humanum

191 1701 297 1731 captum
316 1698 412 1730 posita,
432 1697 584 1731 conspexit,
601 1697 672 1724 edat.
693 1707 702 1723 ι
720 1698 908 1732 Aspiciebam,
935 1700 977 1725 in-

191 1745 268 1778 quit,
287 1744 312 1769 iu
330 1744 432 1770 visione
446 1744 533 1770 κοί-[ῖς
551 1752 557 1771 :
573 1748 601 1771 et
615 1751 678 1771 ecce
694 1752 754 1771 cum
770 1745 886 1772 nubibus
902 1745 975 1777 coeli,

191 1792 266 1824 quasi
279 1790 361 1818 Filius
374 1792 489 1818 hominis
505 1792 631 1823 veniens;
647 1795 674 1820 et
689 1800 774 1826 usque
785 1793 817 1819 ad
833 1792 980 1826 Autiqtttnn

191 1841 294 1866 dierum
309 1839 446 1873 perVeuit;
460 1839 592 1865 etobtulit
603 1846 633 1866 se
645 1838 672 1865 in
687 1845 861 1873 conspectum
877 1839 979 1874 ipsius;

191 1891 218 1912 et
235 1886 315 1912 datus
330 1890 371 1912 est
389 1885 424 1912 illi
441 1885 617 1919 principatus,
640 1889 667 1910 et
691 1885 787 1917 honor,
812 1890 839 1912 et
855 1892 979 1919 regnum.

191 1931 224 1958 Et
247 1939 341 1958 omnes
364 1931 465 1964 populi,
481 1930 578 1961 tribus,
605 1935 632 1957 et
655 1930 753 1964 linguae
771 1930 821 1964 ipsi
847 1930 977 1957 servient.

190 1976 313 2004 Potestas
330 1977 400 2010 ejus,
419 1981 538 2009 potestas
553 1976 733 2010 sempiterna,
756 1983 816 2009 qttrt-
838 1983 891 2002 non
914 1983 977 2010 per-

227 2034 249 2048 "
269 2033 366 2060 Ezech.
387 2041 503 2065 xxxviii,
524 2033 566 2059 ll.
614 2033 637 2048 ³³
657 2031 754 2059 Matth.
777 2040 861 2064 xxvii,
885 2032 929 2065 65,
947 2031 993 2058 θαι.

191 2077 217 2101 ν,
233 2068 279 2095 22.
318 2069 340 2084 ³¹
361 2068 427 2094 Dan.
444 2068 593 2100 vtt,1516.
634 2068 656 2083 ³⁸
678 2068 744 2094 Dan.
766 2075 814 2099 xtl,
836 2068 893 2094 1-2.

228 2130 282 2166 (55)
297 2129 326 2155 S.
340 2129 421 2163 Greg.
437 2128 572 2156 Nazianz.
595 2129 620 2155 in
643 2128 672 2154 S.
691 2127 806 2156 Pascha.

639 2267 790 2325 SfEC
803 2266 916 2323 ULl
966 2265 1246 2323 DUODEC
1262 2266 1338 2320 lM
1349 2267 1368 2321 Ι

1028 231 1140 259 llorruit
1163 231 1275 265 spiritus
1300 239 1386 264 meus,
1415 232 1440 258 in
1469 232 1561 259 hahitu
1580 240 1651 264 meo,
1671 238 1698 260 et
1720 242 1823 261 sensus

1027 285 1115 310 meus,
1130 282 1157 304 et
1172 285 1219 306 cor
1235 285 1324 304 meum
1348 278 1486 304 turbatum
1511 277 1572 305 fuit.
1599 279 1633 306 Et
1655 280 1760 307 accessi
1785 281 1822 306 ad

1027 329 1110 349 unum
1135 322 1332 354 assistentium,
1355 328 1382 350 et
1407 323 1548 350 veritatem
1563 325 1719 358 quaerebam
1737 325 1773 351 ab
1788 331 1823 351 eo

1029 370 1134 397 discere
1150 371 1184 397 de
1201 371 1328 397 omnibus
1345 371 1398 398 his.
1423 371 1455 397 Et
1477 371 1547 398 dixit
1570 371 1636 398 mihi
1660 373 1820 402 veritatem.

1028 422 1056 442 et
1070 415 1321 450 interpretationem
1333 423 1489 443 sermonum
1502 422 1594 444 notam
1607 417 1672 444 mihi
1690 417 1753 445 fecit
1764 419 1819 443 ".i

1028 475 1064 479 —
1079 469 1088 486 ι
1107 459 1152 492 Ει,
1167 460 1195 487 in
1214 461 1391 495 temporeillo
1403 467 1549 495 consurget
1561 461 1674 488 Michael
1690 463 1822 496 princeps

1029 514 1155 540 magnus,
1170 507 1215 540 qui
1229 511 1281 533 stat
1295 515 1344 541 pro
1357 507 1418 534 ﬁliis
1431 508 1519 541 populi
1536 508 1585 534 lui.
1601 508 1634 534 Et
1647 507 1694 534 erit
1710 512 1821 542 tempus

1031 552 1215 580 tribulationis
1226 553 1364 580 tribulatio
1378 553 1466 587 qualis
1479 561 1531 580 non
1547 553 1606 586 fuit,
1621 561 1654 580 ex
1667 561 1720 588 quo
1730 554 1820 580 {actus

1030 603 1072 625 est
1088 598 1168 625 homo
1190 606 1273 633 super
1291 603 1402 628 terram.
1421 606 1506 633 usque
1523 599 1556 625 ad
1572 604 1676 633 tempus
1696 599 1769 625 illud.
1786 597 1823 625 Et

1031 641 1057 668 in
1077 647 1197 677 tempore
1213 643 1256 669 illo
1273 643 1422 670 salvahitur
1439 643 1553 678 populus
1578 647 1638 670 tuus
1659 643 1758 676 omnis,
1770 642 1821 677 qui

1031 689 1151 723 scriptus
1167 690 1248 716 fuerit
1264 690 1291 716 in
1315 689 1383 716 libre
1401 697 1407 716 :
1424 694 1451 716 et
1475 689 1551 715 multi
1574 688 1606 716 de
1623 689 1664 715 his
1686 689 1732 722 qui
1756 689 1824 715 dor-

1032 737 1119 763 miunt
1139 736 1166 762 in
1184 739 1263 762 terra:
1286 734 1404 770 pulvere,
1425 734 1609 769 cvigilabunt.
1622 735 1667 761 alii
1688 735 1713 761 in
1736 734 1822 761 vitam

1033 786 1173 814 aeternam,
1184 781 1261 808 etalii
1273 781 1298 807 iu
1311 781 1483 815 opprobriutu
1497 785 1524 807 et
1541 780 1724 807 confusionem
1739 786 1825 807 aeter-

1034 837 1108 856 nam.
1128 829 1161 855 Et
1175 828 1356 861 intelligentes
1371 826 1513 861 fulgebunt
1535 826 1609 860 quasi
1624 827 1709 853 stellae
1727 827 1753 853 in
1769 833 1826 853 saa-

1033 875 1104 907 eula,
1128 879 1156 901 et
1176 875 1257 901 ultra.
1279 873 1311 900 Et
1336 878 1363 900 lu
1387 873 1480 899 Daniel
1498 873 1592 899 claude
1617 880 1768 905 sermones,
1795 876 1826 899 el.

1032 921 1109 954 signa
1133 920 1233 947 librmn
1260 927 1346 953 usque
1369 919 1401 945 ad
1432 924 1536 954 tempus
1559 919 1825 951 consummationis,

1032 968 1118 994 donec
1133 966 1282 993 doceantur
1293 965 1382 996 multi,
1396 969 1423 991 et
1435 964 1628 998 multiplicetur
1642 965 1755 991 scientia
1767 965 1820 991 ³⁸.»

1067 1013 1156 1046 Atque
1173 1012 1199 1038 iu
1226 1011 1297 1038 hunc
1323 1011 1431 1037 modum
1455 1018 1503 1037 nos
1522 1018 1629 1046 quoque
1653 1016 1747 1038 contra
1767 1011 1825 1038 Ec-

1032 1058 1118 1085 clesiae
1128 1057 1215 1092 lupos,
1227 1057 1299 1083 velut
1314 1055 1371 1090 ejus
1384 1056 1485 1082 alumni
1499 1057 1708 1083 decertavimus.
1724 1055 1753 1083 In
1765 1064 1824 1091 quo

1032 1101 1054 1129 si
1068 1109 1118 1136 pro
1132 1101 1264 1136 dignitate
1277 1101 1413 1134 diximus;
1431 1100 1561 1128 habendae
1577 1101 1631 1128 Deo
1653 1106 1756 1136 grates,
1776 1102 1822 1129 sin

1033 1148 1133 1179 minus,
1155 1147 1236 1174 etiam
1263 1147 1303 1173 sic
1322 1146 1452 1173 habenda:
1469 1151 1559 1182 grates
1583 1146 1772 1178 inenarrabili,
1794 1151 1824 1173 ct

1032 1193 1267 1226 incomprehensaz
1280 1200 1311 1219 ac
1327 1192 1465 1227 praestanti
1482 1191 1539 1225 ejus
1555 1192 1704 1219 divinitatis
1715 1192 1822 1226 gloriae.

1032 1246 1113 1273 quam
1135 1246 1187 1264 non
1214 1239 1331 1265 humana
1352 1237 1439 1264 solum
1457 1245 1489 1264 ac
1506 1238 1645 1265 terrestris
1666 1243 1772 1271 natura,
1791 1243 1822 1265 ut

1033 1290 1152 1312 tueretur
1172 1284 1282 1311 laudare
1308 1284 1420 1318 nequit,
1446 1285 1492 1311 sed
1514 1284 1579 1318 ipsa:
1606 1284 1673 1312 adeo
1695 1284 1823 1312 ctelestes

1032 1331 1146 1357 virtutes
1160 1331 1186 1357 id
1202 1330 1310 1365 assequi
1326 1337 1378 1356 non
1397 1334 1518 1364 possunt.
1539 1330 1567 1357 Si
1583 1331 1654 1358 enim
1672 1331 1713 1358 vel
1729 1330 1822 1365 angeli

1031 1383 1101 1410 agre
1114 1376 1147 1402 ad
1162 1380 1264 1402 tantam
1285 1375 1444 1409 dignitatem
1462 1380 1618 1410 assurgaut,
1635 1377 1732 1410 inquit,
1749 1376 1822 1404 Gre—

1032 1422 1124 1457 gorius
1143 1422 1187 1449 ille
1205 1422 1337 1456 theologia
1355 1421 1489 1449 excellens
1506 1421 1577 1457 (55);
1592 1422 1657 1456 quin
1672 1422 1765 1455 addit;
1782 1423 1822 1450 si-

1032 1468 1140 1503 quidem
1155 1468 1210 1495 illis
1226 1469 1306 1495 etiam
1328 1469 1362 1495 ad
1383 1475 1505 1496 summas
1525 1473 1552 1495 et
1567 1472 1703 1496 extremas
1724 1469 1821 1495 laudes

1032 1513 1074 1541 fas
1085 1514 1120 1540 sit
1131 1514 1298 1548 contingere.
1310 1512 1363 1540 Nos
1376 1513 1483 1547 quidem
1498 1517 1570 1540 certe
1579 1512 1664 1548 (illius
1675 1512 1820 1541 clementia

1031 1559 1184 1594 perspecta)
1203 1559 1326 1586 veritatis
1346 1558 1476 1591 studium,
1492 1558 1571 1593 quasi
1591 1559 1670 1585 vidua
1689 1558 1733 1585 illa
1751 1560 1821 1586 duos

1033 1605 1181 1637 teruncios,
1197 1609 1321 1632 sanctum
1339 1609 1366 1631 et
1380 1612 1487 1631 sacrum
1506 1612 1568 1632 esse
1585 1604 1727 1638 jussimus.
1748 1604 1820 1631 Nam

1033 1659 1065 1678 ex
1089 1658 1168 1678 sacra
1187 1650 1327 1686 Scriptura
1349 1650 1376 1677 id
1398 1650 1452 1677 Deo
1463 1656 1570 1685 gratum
1587 1658 1647 1678 esse
1663 1651 1818 1683 didicimus,

1030 1698 1101 1732 quod
1126 1705 1174 1731 pro
1199 1697 1269 1724 virili
1292 1697 1458 1724 elaboratum
1485 1701 1536 1724 cst.
1563 1696 1648 1731 Igitur
1669 1695 1734 1732 [legi
1756 1697 1819 1724 sine

1031 1744 1183 1779 principio,
1204 1749 1231 1770 et
1256 1743 1403 1770 immortali
1424 1742 1583 1770 saeculorum
1612 1742 1737 1775 Auctori,
1766 1743 1818 1770 soli

1031 1790 1147 1824 sapienti
1170 1789 1236 1821 Deo,
1251 1789 1348 1825 gloria,
1375 1791 1504 1823 potestas,
1528 1789 1614 1816 honor
1628 1793 1709 1823 atque
1727 1789 1818 1816 cultus

1031 1844 1092 1863 cum
1111 1835 1266 1870 Ulligenitt),
1281 1840 1306 1861 et
1321 1834 1442 1868 ejusdem
1459 1839 1573 1866 naturae,
1594 1842 1626 1861 ac
1641 1835 1818 1868 eomperenni

1031 1882 1117 1913 Filio,
1146 1887 1173 1909 et
1195 1886 1235 1908 ter
1265 1886 1375 1910 sancto.
1405 1880 1477 1907 bono
1505 1887 1537 1907 ac
1567 1880 1673 1907 viviiicn
1700 1880 1815 1915 Spiritu,

1031 1935 1102 1955 nunc
1123 1933 1150 1955 et
1175 1934 1292 1961 semper,
1317 1931 1398 1960 atque
1422 1926 1448 1952 iu
1467 1933 1573 1953 onmem
1593 1925 1816 1960 perpetuitatem.

1029 1976 1125 2001 Amen.

1030 2030 1055 2046 ³⁵
1074 2030 1192 2057 Zachar.
1214 2036 1266 2061 xit,
1287 2028 1330 2056 to.
1369 2028 1393 2044 ³⁵
1413 2027 1494 2056 Prov.
1516 2035 1589 2061 xxiv,
1609 2029 1653 2056 t2.
1693 2030 1716 2045 ³⁸
1733 2028 1814 2058 Joan.

195 2198 332 2203 ,ω
406 2198 427 2201 μ
440 2198 446 2200 .
516 2196 1795 2220 __________,__________

253 2389 340 2471 DE
394 2387 616 2471 ’l‘Elllhl
671 2385 923 2469 SANCTA
981 2383 1390 2467 SClll-PTORES
1447 2383 1747 2479 QUINQUE.

558 2591 773 2636 LEOle
822 2590 1068 2634 ALLATII
1122 2590 1438 2635 PIL/EFATIO

684 2681 711 2705 In
725 2678 864 2712 Symmt'rtis
875 2678 981 2704 Calenius
993 2678 1137 2710 Agrippina:
1152 2678 1223 2708 1655,
1235 2678 1313 2703 ill-12.

230 2813 295 2838 Dum
310 2812 368 2838 Citii
386 2819 457 2838 varia
482 2811 675 2843 manuscripts,
705 2809 800 2837 Nihusi
817 2808 1051 2844 prastantissime,
1077 2807 1146 2834 locis
1163 2813 1179 2834 ο
1199 2806 1280 2833 variis
1293 2805 1458 2841 conquisita,
1474 2807 1569 2834 evolvo
1591 2807 1709 2837 sedulus,
1730 2806 1806 2833 venit

193 2855 220 2881 in
239 2863 332 2882 maqu
350 2863 421 2881 meas
440 2854 554 2881 Joannis
569 2854 665 2882 l‘hoca:
682 2854 802 2881 locorum
832 2853 980 2880 Palaestina:
1001 2857 1029 2880 et
1059 2851 1145 2886 Syria:
1169 2850 1372 2886 compendiaria
1398 2850 1556 2885 descriptio,
1579 2851 1737 2877 charactere
1756 2850 1808 2876 mi-
