1955 3080
79 170 136 202 925
612 174 841 206 DESCRIPTIO
861 176 999 206 TERRJE
1019 177 1184 209 SANCT/E.
1665 183 1718 214 9‘26

78 230 241 264 mitissimo,
271 230 297 257 in
323 231 419 258 charta
441 231 616 275 bombycina,
646 241 700 261 non
727 234 842 261 mullum
870 235 1012 270 eleganter
1030 241 1153 264 exarata.
1183 235 1308 264 Novitate
1329 239 1483 273 argumenti
1504 243 1585 274 atque
1597 240 1704 267 auctori

78 274 228 308 pollemus,
259 275 381 302 animum
406 275 469 310 ligo,
499 274 661 311 ct'perlego.
686 278 790 304 Auctor
808 277 919 311 elegans
935 283 963 306 et
979 285 1135 312 accuratus,
1165 285 1245 315 prout
1268 281 1311 308 illa
1328 281 1452 310 ferebant
1481 289 1614 318 tempora,
1641 284 1718 311 visus

77 323 141 344 est:
161 326 247 353 quare
274 319 381 354 copiam
404 319 476 347 illius
496 320 561 347 tnihi
586 320 786 348 destinaveram
805 330 812 354 ;
834 321 893 354 sed,
914 322 973 350 aliis
995 323 1161 358 interceptus
1187 325 1313 359 negotiis,
1329 325 1445 359 neglexi.
1471 327 1534 354 Post
1556 327 1655 354 multos
1670 335 1718 353 an-

80 369 144 394 nos,
162 370 224 389 eum
252 363 463 398 manuscriptos,
481 373 548 399 quos
564 366 622 398 ipse
641 365 774 397 videram,
793 366 903 393 codices
924 366 1017 394 Roma:
1031 367 1057 394 in
1075 368 1235 395 memoriam
1265 375 1432 402 revouarem,
1458 370 1582 403 interque
1599 371 1718 398 inutilia-

79 407 122 432 ria
149 407 284 440 collnquia
309 415 400 434 sermo
415 407 449 435 de
464 409 529 436 locis
555 410 656 437 sanctis
672 411 822 442 incidisset,
848 409 952 438 Pboeas
972 411 998 437 in
1016 412 1136 440 animtttu
1154 413 1247 444 rediit,
1265 413 1414 448 ingensque
1426 414 1599 441 subsecutum
1617 420 1657 442 cst
1669 416 1717 442 de-

79 453 225 484 siderium,
250 453 314 479 illud
340 454 416 483 mihi,
445 459 582 488 utcunque
598 463 717 489 possant,
743 457 928 490 comparandi.
956 457 1072 492 Scripsi,
1106 459 1234 492 rescripsi
1261 460 1369 490 amicis,
1400 459 1438 486 illi
1466 461 1546 486 etiam
1577 462 1620 494 qui
1651 453 1717 488 mihi

80 499 215 525 utendum
235 499 369 532 dederat;
399 507 507 534 rogans,
534 509 674 536 rerogaus,
699 504 860 535 obsecrans,
887 504 1028 537 promissis
1055 505 1137 532 etiam
1165 514 1221 532 rem
1253 507 1305 540 egi.
1338 506 1390 534 Sed
1405 507 1487 534 verba
1507 507 1556 534 l'eci
1582 509 1714 534 mortuis:

81 543 117 568 ad
147 543 252 578 reliqua
279 552 381 575 omnia,
399 550 580 579 praeterquam
596 546 629 572 ad
658 547 708 573 hoc
736 555 829 580 unum,
856 555 963 582 semper
981 549 1008 575 in
1030 555 1157 583 promptu
1181 558 1340 585 responsum
1364 551 1424 578 fuit.
1440 552 1530 583 Quare
1552 552 1640 586 quievi
1656 557 1718 579 tan-

82 590 147 615 dem
176 590 278 616 animo.
316 590 508 617 Verumtamen
531 599 602 618 anno
619 592 722 626 elapso,
744 600 805 619 cum
834 593 859 620 in
876 601 924 628 spe
943 601 1032 620 rerum
1048 595 1161 622 aliarum
1192 604 1328 628 versarer,
1352 597 1449 623 littera-
1480 597 1544 624 inihi
1558 598 1591 624 ab
1617 599 1717 630 amico,

82 633 131 666 qui
156 633 224 660 Chio
257 639 321 661 tunc
349 636 484 668 veniebat,
513 636 599 662 reddi.
629 636 695 663 Dum
723 637 833 664 nomina
859 645 1036 673 recognosco,
1070 647 1115 671 ou,
1142 641 1211 667 cmio
1239 641 1338 668 missus
1372 641 1476 669 Phocus
1502 642 1637 676 apparuit,
1663 650 1716 668 non

85 679 178 706 aliena
205 687 286 706 manu
321 681 485 715 descriptus,
513 685 559 709 sed
584 683 672 718 ipsttm
691 683 900 718 autographuut,
919 685 990 718 quod
1008 685 1067 712 Chii
1097 693 1304 719 conspexerant,
1330 695 1345 714 a
1375 687 1477 721 reliquo
1496 688 1642 718 volumine,
1670 688 1716 714 cui

84 729 147 749 erat
174 731 322 755 annexum,
349 726 483 752 avulsum.
509 727 614 759 Quanta
646 727 772 761 perfusus
796 728 892 754 luerim
924 728 1016 756 laetitia
1042 729 1144 757 frustra
1171 738 1286 757 conarer
1313 731 1413 758 dicere.
1442 732 1498 758 Non
1533 738 1717 766 reportassent

85 770 188 797 bonum
209 778 324 803 tantum,
344 773 365 799 si
394 773 550 800 thesaurum
570 775 745 802 invenissem.
765 775 837 802 Illius
856 776 947 810 itaque
965 777 1082 804 versioni
1112 785 1154 804 tne
1171 778 1289 810 accinxi,
1304 784 1330 805 et
1345 779 1447 813 aliquot
1464 780 1521 806 dies
1546 780 1572 806 in
1587 788 1619 806 eo
1634 787 1718 813 expo-

87 814 180 842 lieudo
197 815 339 848 insumpsi.
361 816 488 850 Joannes,
507 818 589 844 Creta
614 820 756 850 oriundus,
786 824 888 853 patrem
913 821 1006 847 habuit
1032 821 1201 852 Mattlneum,
1223 822 1268 856 qui
1294 827 1385 856 postea
1415 823 1577 850 monachum
1594 824 1708 850 iuduens

87 862 115 889 in
135 862 230 890 Pattuo
253 864 340 891 insula
369 873 398 891 se
413 873 555 898 exercens,
581 866 747 893 diemobit:
787 867 854 901 ipse,
881 873 961 895 atate
992 869 1131 903 grandior,
1158 869 1207 896 sub
1239 870 1415 897 linunanucle
1445 869 1583 896 Cuittncno
1607 877 1716 896 munera

90 905 194 932 militiae
217 907 287 934 tulit.
320 907 507 942 Meminitipse
523 917 583 942 cap.
606 909 652 942 24,
671 910 703 937 de
725 917 789 937 sene
808 911 862 938 lbet

947 911 1009 938 ἀλαι
1025 911 1073 938 ἐπὶ
1094 913 1201 947 χρόνοις
1216 913 1323 948 συχνοῖς
1335 914 1362 939 ὲν
1377 914 1415 948 τῷ
1431 913 1497 948 περὶ
1515 913 1563 948 τὴκι
1580 913 1713 939 θάλασσαι

85 951 137 986 τῆς
157 952 300 984 Ἀτταλίας
316 955 452 989 πεπηγότι
471 955 547 990 λίθῳ,
565 957 629 987 τοὺς
645 957 811 991 ἀσκητικοὺς
828 958 960 990 διανύσας
984 959 1091 991 πόνους,
1108 960 1152 985 ὅτε
1171 959 1218 986 καὶ
1236 960 1315 994 ἡμεῖς
1328 960 1367 994 τῷ
1398 959 1476 993 ἀκδρὶ
1492 959 1663 994 ἐνετύχομεν,
1680 958 1714 993 τις

87 997 203 1031 ἀοιδὶμῳ
229 997 337 1031 βασιλεῖ
358 1000 404 1025 καὶ
421 999 673 1035 Πορφυρογεννὴτῳ
695 1001 733 1036 τῷ
765 1002 859 1036 Κομνη

941 1004 1178 1036 λστρατευόμενης.
1210 1003 1262 1036 Qui
1278 1004 1378 1034 pridem
1400 1011 1446 1036 per
1464 1003 1552 1035 plures
1579 1011 1663 1028 anno:
1685 1003 1713 1028 in

88 1052 165 1075 saxo,
191 1045 225 1070 ad
241 1053 314 1072 mare
337 1045 445 1072 Attalida
471 1047 593 1080 fundato,
624 1048 759 1075 laboribus
779 1050 913 1076 continuis
936 1049 1128 1084 sudoribusque
1149 1058 1204 1076 sese
1223 1054 1397 1081 exercuerat;
1422 1050 1509 1083 ibique
1536 1057 1582 1075 nos
1601 1057 1658 1076 eum
1677 1049 1715 1075 al»

89 1090 171 1117 locuti
189 1091 290 1124 fuimus
303 1111 310 1122 ,
338 1093 401 1118 dum
421 1101 473 1119 una
501 1102 561 1120 cum
582 1094 749 1121 celeberrimo
779 1096 936 1128 imperatore
962 1101 986 1122 ct
1017 1096 1264 1131 Porphyrogemtela
1281 1095 1413 1123 Comueno
1431 1096 1616 1122 militaremus.
1631 1095 1715 1130 Ejus—

88 1139 150 1166 detn
173 1138 354 1166 Etnutauuelis
383 1141 503 1167 meminit
524 1141 588 1168 alibi
619 1142 716 1173 saepius
740 1142 790 1168 ltoc
819 1141 913 1168 eodem
943 1141 1040 1169 libello.
1065 1141 1148 1168 Dueta
1175 1150 1277 1174 uxore,
1301 1150 1333 1169 ex
1362 1150 1393 1169 ea
1417 1142 1499 1169 lilium
1529 1142 1631 1168 habuit.
1657 1142 1715 1176 Ejus

91 1190 189 1210 nomen
216 1190 231 1209 a
256 1183 523 1218 compnginatoribus
542 1185 614 1216 libri,
639 1185 701 1211 dum
720 1185 807 1211 cultro
835 1185 958 1211 loliorurn
987 1187 1173 1213 extremitates
1198 1191 1359 1219 coquat-unt,
1377 1187 1527 1214 abscissum
1542 1191 1592 1213 est.
1618 1187 1715 1212 Postea

92 1226 242 1253 monachus
265 1227 362 1260 factus,
393 1228 484 1254 inrisit
504 1228 562 1255 loca
582 1233 674 1255 sancta
694 1236 764 1255 anno
794 1229 872 1255 1185.
900 1229 932 1255 Et
957 1230 1014 1255 haec
1038 1230 1128 1255 omnia
1148 1229 1234 1256 habeo
1251 1237 1281 1256 cx
1307 1231 1408 1260 notula,
1431 1239 1490 1264 quae
1518 1230 1606 1257 rubei~
1622 1230 1715 1256 litteris

90 1272 117 1298 in
145 1274 265 1307 margine
294 1274 422 1300 additur:
447 1275 642 1310 Συγγραφεῖσα
670 1275 748 1310 παρὰ
777 1274 862 1302 Ἰωάν·

944 1276 1028 1309 ερέως
1057 1275 1102 1301 τοῦ
1133 1276 1333 1303 εὐσεὸεστάτου
1367 1277 1460 1309 Φωκᾶ,
1488 1277 1546 1303 υἱοῦ
1574 1276 1715 1303 Ματυαίου

92 1317 210 1352 μςναχοῦ
232 1318 278 1344 τοῦ
299 1318 477 1350 ὲνασκοῦντος
501 1321 530 1345 ἐν
546 1320 650 1355 Πάτμῳ
669 1321 701 1355 τῇ
727 1320 813 1354 νήσῳ,
829 1319 916 1354 ὅσπερ
935 1317 989 1345 εἶδε
1007 1319 1068 1350 τοὺς
1096 1319 1191 1353 ἁγίους
1221 1319 1319 1351 τόπους
1339 1321 1377 1351 si;
1403 1320 1506 1354 χιλίους
1522 1319 1592 1354 ρπε’.
1613 1318 1716 1352 Scripta

91 1372 107 1390 a
132 1363 234 1390 Joanne
262 1365 398 1392 sacerdote
423 1366 541 1400 piissimo
569 1366 668 1398 Phoco,
685 1366 741 1400 [ilio
760 1365 881 1392 Matt/trei
909 1365 1043 1397 monac/ti,
1068 1365 1114 1399 qui
1130 1374 1157 1393 se
1180 1371 1282 1393 exercet
1303 1367 1330 1393 in
1354 1365 1448 1392 l’atmo
1470 1366 1636 1401 insulo;qui
1653 1365 1716 1392 vidit

89 1417 182 1438 latrem
209 1411 265 1438 lora
290 1421 358 1438 anno
382 1413 503 1440 ll85.ln
528 1413 616 1440 lronle
643 1422 706 1441 vero
732 1414 792 1440 libri
822 1421 861 1441 st‘l

944 1421 953 1440 ι
980 1418 1062 1440 erat:
1090 1413 1155 1444 Υἱὸς
1185 1414 1280 1448 ἱερέως
1308 1413 1354 1439 τοῦ
1379 1414 1461 1439 Φωκᾶ
1488 1414 1520 1439 ἐκ
1539 1413 1587 1447 τῆς
1607 1412 1715 1447 Κρήτη.

89 1456 189 1490 γράφω
208 1456 266 1487 νῦν,
283 1456 448 1492 “Ducum...
480 1457 566 1484 Filius
590 1458 732 1484 sacerdotis
749 1456 843 1484 Phoco:
864 1457 994 1484 Cretensis
1013 1457 1099 1484 scribo
1123 1465 1201 1489 nunc,
1220 1458 1371 1485 nomine....

129 1502 181 1529 Sid
200 1511 232 1530 ne
257 1503 362 1530 Phacus
387 1510 480 1531 noster
505 1504 608 1538 palarct
637 1504 719 1536 solus,
735 1505 822 1531 socios
844 1504 869 1531 ei
888 1503 1012 1532 dedimus
1041 1504 1127 1535 binos,
1141 1504 1208 1531 alias
1222 1512 1235 1530 a
1259 1503 1383 1535 Morello,
1399 1504 1445 1538 qui
1462 1511 1508 1531 eos
1523 1511 1539 1530 e
1554 1503 1716 1530 bibliotheca

93 1546 223 1574 Vaticana
250 1555 298 1580 per
325 1547 500 1575 Sirmuudum
530 1548 672 1580 habuerat,
693 1548 792 1574 misere
814 1552 840 1574 et
866 1547 1011 1575 infeliciter
1041 1549 1138 1579 editos,
1168 1547 1346 1582 Epiphaniam
1376 1549 1538 1575 monachum
1560 1547 1716 1581 llaginpoli~

93 1595 149 1617 tam
166 1599 244 1625 prosa
261 1592 395 1624 oratione,
422 1597 448 1618 et
472 1592 553 1618 alium
577 1592 696 1618 carmine
723 1592 842 1626 pulitieo,
872 1591 929 1618 haec
946 1591 1040 1618 cadent
1063 1592 1119 1619 loca
1152 1598 1357 1626 persequentes.
1388 1591 1497 1622 Omnia,
1534 1592 1656 1625 inquam,
1681 1591 1716 1618 ibi

91 1637 133 1665 sic
149 1643 255 1665 scatent
286 1639 437 1671 erroribus,
456 1643 485 1666 ut
512 1639 604 1666 multis
623 1639 648 1665 iu
676 1639 742 1666 locis
766 1639 808 1665 vix
825 1639 936 1674 intelligi
967 1638 1081 1673 possint.
1107 1639 1206 1671 Quare,
1225 1644 1253 1665 ut
1273 1639 1386 1666 cultiore
1420 1639 1513 1665 habitu
1530 1643 1716 1672 compareant,

91 1680 276 1715 Epiphanium
291 1684 324 1708 ad
353 1683 567 1717 manuscriptum
587 1682 754 1714 Vaticanum,
774 1683 843 1709 unde
865 1688 1066 1718 transsumptus
1084 1688 1154 1715 erat,
1184 1683 1308 1716 restitui;
1324 1691 1355 1709 ex
1367 1691 1419 1717 quo
1439 1685 1524 1710 ferme
1537 1684 1639 1713 omnia,
1658 1690 1716 1717 qua-

91 1728 249 1762 scrupulum
263 1728 373 1763 injicere
391 1734 526 1763 poterant,
546 1729 731 1762 corriguntur.
755 1727 1010 1763 lnterpretatiouem
1035 1730 1116 1757 etiam
1135 1729 1257 1756 Latinam
1279 1730 1312 1756 ad
1328 1729 1409 1756 verba
1426 1729 1519 1756 Grrrca
1538 1728 1716 1763 interpolavi:

51 1782 55 1785 -
93 1776 125 1797 ut
150 1780 202 1799 non
225 1776 330 1799 tantum
355 1773 459 1806 Graece,
485 1773 533 1800 sed
565 1774 647 1800 etiam
678 1773 785 1805 Latine,
810 1773 969 1800 concinnior
991 1774 1087 1801 exiret.
1113 1773 1240 1802 Carmina
1269 1773 1361 1800 Gncca
1384 1782 1415 1800 ex
1444 1773 1629 1807 manuscriplo
1658 1781 1717 1800 meo

92 1818 235 1853 suppleri;
265 1826 324 1853 quas
339 1826 372 1846 an
395 1819 503 1847 Maximi
533 1819 660 1846 Plauudae
674 1820 738 1852 sint,
763 1821 788 1846 in
816 1819 1007 1847 dubiutuverli
1027 1821 1135 1855 poterit,
1153 1827 1212 1846 cum
1230 1821 1256 1847 in
1284 1828 1344 1846 meo
1367 1819 1469 1846 ttullum
1491 1819 1608 1846 auctoris
1619 1825 1716 1844 nomen

94 1863 248 1896 praeferant,
274 1863 502 1896 quemadmodum
529 1868 555 1890 ut
581 1863 607 1890 iu
630 1862 778 1896 Vaticano;
797 1863 922 1897 quamvis
947 1863 972 1889 in
994 1863 1056 1895 hoc,
1084 1868 1147 1891 ante
1180 1869 1208 1890 et
1234 1869 1293 1898 post
1320 1864 1390 1890 dicta
1420 1864 1553 1893 carmina.
1585 1861 1715 1888 nonnulla

95 1910 170 1937 sunt,
198 1913 257 1939 quae
278 1905 405 1933 Plauudte
435 1907 545 1934 nomine
569 1911 711 1940 notantur,
738 1915 790 1933 non
811 1906 901 1933 alieno
927 1914 958 1934 ac
985 1907 1036 1934 ista
1065 1907 1186 1934 carmina
1206 1907 1365 1934 charactere
1378 1907 1538 1934 exarata.lu
1552 1905 1644 1932 codice
1660 1913 1715 1932 ma-

94 1949 235 1984 nttscripto
263 1949 420 1983 Viennensi,
449 1958 528 1985 quem
556 1951 622 1978 vidit
650 1951 822 1978 doctissimtts
832 1955 859 1977 et
884 1951 1086 1978 eruditissimus
1107 1951 1194 1978 Lucas
1217 1950 1385 1982 Holstenius,
1401 1951 1457 1977 haec
1469 1950 1597 1977 Carmina
1620 1949 1715 1975 tribue-

93 1997 193 2022 bantur
220 1995 365 2028 Perdiccm,
395 1997 581 2031 protouotario
602 1995 749 2030 Ephesino.
772 1995 865 2030 [lsp8it

943 1995 1162 2030 Πρωτονοταρίου
1176 1995 1226 2029 τῆς
1253 1995 1367 2028 Ἐφέσου
1383 1994 1540 2028 Ἐκφρασις
1556 1993 1600 2019 διὰ
1618 1991 1715 2026 στίχωκ.

93 2044 159 2079 περὶ
182 2044 235 2070 τῶν
260 2044 289 2070 ἐν
321 2043 524 2078 Ἰεροσολύμοις
551 2044 693 2079 κυριακῶν
718 2043 864 2077 θεαμάτων

945 2044 1041 2068 rdiccw
1064 2042 1246 2076 protonotarii
1264 2041 1392 2075 Ephesitti
1408 2040 1558 2076 Expoxitio,
1591 2039 1715 2070 carmine,

93 2090 305 2123 spectaculorum
332 2089 531 2117 Dominicorum
552 2094 574 2116 et
605 2090 824 2120 memorabilium,
842 2097 901 2123 quin
927 2088 1118 2122 Hierosolymis
1144 2089 1277 2115 videntur.
1297 2088 1405 2114 Titulus
1430 2095 1482 2113 non
1506 2094 1575 2112 unus
1592 2086 1616 2112 in
1631 2086 1716 2112 omni-

94 2135 146 2161 bus
164 2139 222 2167 est;
239 2135 283 2161 alii
310 2135 382 2162 enim
407 2135 510 2169 legunt,
540 2134 604 2169 περὶ
631 2134 787 2168 θεαμάτων,
817 2133 852 2160 De

944 2132 1050 2163 Iaculis;
1066 2132 1122 2162 alii,
1147 2132 1213 2168 crept
1232 2132 1376 2167 Θεμάτων,
1401 2131 1439 2158 De
1455 2131 1637 2161 thematibus;
1661 2129 1716 2161 alii,

95 2179 162 2212 περὶ
192 2178 353 2212 Θαυμάτων,
383 2178 420 2205 De
434 2177 581 2205 miraculis.
597 2177 748 2211 Θεαμάτων
776 2181 864 2204 tamett

400 2180 420 2205 te
434 2177 581 2205 miraculis.
597 2177 748 2211 Θεαμάτων
776 2181 864 2204 tamen
885 2178 946 2204 aliis
973 2178 1172 2212 proposuerim.

132 2223 249 2249 Additur
278 2223 435 2258 Anouytuus
453 2222 485 2248 de
512 2222 605 2249 iisdem
621 2221 696 2252 locis,
728 2222 865 2248 couttuuni
882 2220 1038 2248 Grazcorum
1056 2222 1146 2255 lingua
1165 2221 1285 2255 quidem,
1304 2219 1449 2254 diligenter
1476 2224 1577 2250 tamen,
1593 2217 1716 2244 conscri-

96 2275 170 2304 ptus,
193 2274 219 2296 et
242 2269 268 2296 in
288 2269 367 2296 rebus
397 2269 540 2296 narrandis
563 2272 726 2299 accuratus;
748 2275 762 2294 a
789 2275 842 2301 quo
858 2268 1045 2294 tantummodo
1064 2273 1186 2301 repetere
1200 2265 1290 2292 valeas
1319 2265 1481 2292 Christiana:
1501 2264 1610 2299 pietatis
1625 2272 1656 2291 ac
1673 2272 1716 2290 re-

96 2313 214 2348 ligionis,
240 2321 303 2347 erga
329 2314 386 2340 loca
416 2318 602 2343 sacrosancta,
626 2310 834 2345 przeclarissima
854 2311 990 2346 vestigia;
1011 2311 1046 2338 ob
1067 2311 1146 2338 molis
1171 2310 1346 2345 exiguitatem
1366 2309 1409 2336 vix
1440 2310 1513 2336 visus
1529 2308 1713 2335 traducendus

96 2361 123 2387 in
147 2360 267 2393 linguam
286 2360 421 2392 Latinam,
444 2360 584 2386 traductus
602 2365 700 2386 tamen.

135 2404 326 2440 Eugesippum,
349 2405 382 2431 de
411 2403 546 2431 distantiis
566 2404 685 2430 locorum
699 2403 790 2430 Terra:
805 2403 925 2435 Sanctae,
954 2403 1142 2430 humanissimi
1168 2402 1257 2430 Caroli
1283 2401 1385 2428 Moroni
1419 2400 1594 2428 beneficentia
1625 2399 1716 2426 habui.

94 2449 155 2478 Non
174 2451 316 2478 videbatur
333 2451 398 2477 tanti
421 2458 471 2477 non
492 2450 612 2477 nemini:
637 2458 741 2481 verum,
771 2457 831 2476 cum
858 2457 934 2477 rarus
951 2451 1097 2476 admodum
1119 2449 1154 2476 sit
1169 2454 1196 2476 et
1218 2449 1357 2483 antiquus,
1376 2456 1409 2474 ne
1435 2448 1506 2482 quis,
1527 2445 1714 2478 hujuscemodi

95 2499 207 2526 nomine
227 2498 329 2532 majora
344 2498 395 2525 sibi
418 2498 531 2531 ﬁngens,
558 2498 630 2524 illius
654 2497 806 2532 privatione
831 2497 962 2529 iu-loleat,
983 2491 1263 2523 hortatii‘amirorum
1289 2503 1349 2522 cum
1371 2494 1432 2521 aliis
1455 2494 1486 2520 de
1513 2492 1597 2519 Terra
1614 2492 1716 2518 Sancta

95 2543 281 2579 scriptoribus
310 2544 500 2579 publicandum
529 2543 693 2572 censuimus.
713 2543 833 2570 Aliorum
853 2542 996 2577 dignitate,
1020 2542 1143 2577 gloriam,
1171 2541 1194 2569 si
1215 2548 1275 2576 que
1301 2541 1394 2573 fuerit,
1412 2541 1437 2567 iu
1464 2547 1492 2566 se
1511 2537 1680 2565 transveltet.
