  <div class='ocr_page' id='page_1' title='image "/cluster/home/n/w/nwhite01/storage/ocr_20150623/133/njp.32101007797895/487.png"; bbox 0 0 1955 3080; ppageno 0'>
   <div class='ocr_carea' id='block_1_1' title="bbox 231 167 283 198">
    <p class='ocr_par' dir='ltr' id='par_1_1' title="bbox 231 167 283 198">
     <span class='ocr_line' id='line_1_1' title="bbox 231 167 283 198; baseline 0.019 -1"><span class='ocrx_word' id='word_1_1' title='bbox 231 167 283 198; x_wconf 67' lang='lat'><strong>997</strong></span> 
     </span>
    </p>
   </div>
   <div class='ocr_carea' id='block_1_2' title="bbox 865 164 1208 210">
    <p class='ocr_par' dir='ltr' id='par_1_2' title="bbox 865 164 1208 210">
     <span class='ocr_line' id='line_1_2' title="bbox 865 164 1208 210; baseline -0.009 -13"><span class='ocrx_word' id='word_1_2' title='bbox 865 165 1027 199; x_wconf 73' lang='lat' dir='ltr'><strong>JOANNIS</strong></span> <span class='ocrx_word' id='word_1_3' title='bbox 1045 164 1180 196; x_wconf 75' lang='lat' dir='ltr'><strong>PHOC/E</strong></span> <span class='ocrx_word' id='word_1_4' title='bbox 1200 203 1208 210; x_wconf 37' lang='grc' dir='ltr'>ι</span> 
     </span>
    </p>
   </div>
   <div class='ocr_carea' id='block_1_3' title="bbox 1807 162 1880 194">
    <p class='ocr_par' dir='ltr' id='par_1_3' title="bbox 1807 162 1880 194">
     <span class='ocr_line' id='line_1_3' title="bbox 1807 162 1880 194; baseline 0 -1"><span class='ocrx_word' id='word_1_5' title='bbox 1807 162 1880 194; x_wconf 71' lang='lat'><strong>923</strong></span> 
     </span>
    </p>
   </div>
   <div class='ocr_carea' id='block_1_4' title="bbox 235 264 1871 288">
    <p class='ocr_par' dir='ltr' id='par_1_4' title="bbox 235 264 1871 288">
     <span class='ocr_line' id='line_1_4' title="bbox 235 264 1871 288; baseline 0.004 -11"><span class='ocrx_word' id='word_1_6' title='bbox 235 264 1871 288; x_wconf 47' lang='grc' dir='ltr'><strong>πρε-ΞΜ</strong></span> 
     </span>
    </p>
   </div>
   <div class='ocr_carea' id='block_1_5' title="bbox 613 351 1478 452">
    <p class='ocr_par' dir='ltr' id='par_1_5' title="bbox 613 351 1478 452">
     <span class='ocr_line' id='line_1_5' title="bbox 613 351 1478 452; baseline -0.005 -29"><span class='ocrx_word' id='word_1_7' title='bbox 613 355 990 452; x_wconf 72' lang='grc' dir='ltr'><strong>ιΩΑΝΝΟΥ</strong></span> <span class='ocrx_word' id='word_1_8' title='bbox 1025 354 1201 421; x_wconf 82' lang='grc' dir='ltr'><strong>ΤΟΥ</strong></span> <span class='ocrx_word' id='word_1_9' title='bbox 1243 351 1478 420; x_wconf 81' lang='grc' dir='ltr'><strong>ΦΩΚΑ</strong></span> 
     </span>
    </p>
   </div>
   <div class='ocr_carea' id='block_1_6' title="bbox 904 478 1180 498">
    <p class='ocr_par' dir='ltr' id='par_1_6' title="bbox 904 478 1180 498">
     <span class='ocr_line' id='line_1_6' title="bbox 904 478 1180 498; baseline -0.011 0"><span class='ocrx_word' id='word_1_10' title='bbox 904 480 1018 498; x_wconf 70' lang='grc' dir='ltr'><strong>ΕΚΟΡΔΣΙΖ</strong></span> <span class='ocrx_word' id='word_1_11' title='bbox 1032 479 1063 498; x_wconf 73' lang='grc' dir='ltr'><strong>ΕΝ</strong></span> <span class='ocrx_word' id='word_1_12' title='bbox 1077 478 1180 497; x_wconf 71' lang='grc' dir='ltr'><strong>ΖΥΝΟΨΕΙ</strong></span> 
     </span>
    </p>
   </div>
   <div class='ocr_carea' id='block_1_7' title="bbox 232 542 1868 579">
    <p class='ocr_par' dir='ltr' id='par_1_7' title="bbox 232 542 1868 579">
     <span class='ocr_line' id='line_1_7' title="bbox 232 542 1868 579; baseline -0.006 0"><span class='ocrx_word' id='word_1_13' title='bbox 232 553 300 579; x_wconf 68' lang='grc' dir='ltr'><strong>ΤΩΝ</strong></span> <span class='ocrx_word' id='word_1_14' title='bbox 325 552 380 579; x_wconf 81' lang='grc' dir='ltr'><strong>ΑΠ’</strong></span> <span class='ocrx_word' id='word_1_15' title='bbox 395 550 604 579; x_wconf 72' lang='grc' dir='ltr'><strong>ᾹΝΊΊΟΧΕΙΑΣ</strong></span> <span class='ocrx_word' id='word_1_16' title='bbox 627 549 761 577; x_wconf 86' lang='grc' dir='ltr'><strong>ΜΕΧΡῙΣ</strong></span> <span class='ocrx_word' id='word_1_17' title='bbox 775 548 1024 577; x_wconf 82' lang='grc' dir='ltr'><strong>ΙΕΡΟΣΟΛΥΜΩΝ</strong></span> <span class='ocrx_word' id='word_1_18' title='bbox 1037 545 1207 578; x_wconf 76' lang='grc' dir='ltr'><strong>ΚΑΣΤΡΩΝ,</strong></span> <span class='ocrx_word' id='word_1_19' title='bbox 1224 545 1284 572; x_wconf 80' lang='grc' dir='ltr'><strong>ΚΑΙ</strong></span> <span class='ocrx_word' id='word_1_20' title='bbox 1303 544 1427 577; x_wconf 79' lang='grc' dir='ltr'><strong>ΧΩΡΩΝ,</strong></span> <span class='ocrx_word' id='word_1_21' title='bbox 1440 543 1574 578; x_wconf 77' lang='grc' dir='ltr'><strong>ΣΥΡΙΔΣ,</strong></span> <span class='ocrx_word' id='word_1_22' title='bbox 1595 543 1780 574; x_wconf 73' lang='grc' dir='ltr'><strong>ΦΟΙΝῘΚΗΣ,</strong></span> <span class='ocrx_word' id='word_1_23' title='bbox 1799 542 1868 569; x_wconf 81' lang='grc' dir='ltr'><strong>ΚΔΙ</strong></span> 
     </span>
    </p>
   </div>
   <div class='ocr_carea' id='block_1_8' title="bbox 285 593 1381 626">
    <p class='ocr_par' dir='ltr' id='par_1_8' title="bbox 285 593 1381 626">
     <span class='ocr_line' id='line_1_8' title="bbox 285 593 1381 626; baseline -0.008 2"><span class='ocrx_word' id='word_1_24' title='bbox 285 610 290 613; x_wconf 81' lang='grc'><em>”</em></span> <span class='ocrx_word' id='word_1_25' title='bbox 696 598 766 625; x_wconf 85' lang='grc' dir='ltr'><strong>ΤΩΝ</strong></span> <span class='ocrx_word' id='word_1_26' title='bbox 781 597 877 626; x_wconf 77' lang='grc' dir='ltr'><strong>ΚΑΤΑ</strong></span> <span class='ocrx_word' id='word_1_27' title='bbox 891 595 1130 625; x_wconf 79' lang='grc' dir='ltr'><strong>ΠΑΛΔῙΣἸἹΝΗΝ</strong></span> <span class='ocrx_word' id='word_1_28' title='bbox 1145 594 1248 622; x_wconf 77' lang='grc' dir='ltr'><strong>ΑΓΙΩΝ</strong></span> <span class='ocrx_word' id='word_1_29' title='bbox 1265 593 1381 620; x_wconf 84' lang='grc' dir='ltr'><strong>ΤΟΠΩΝ</strong></span> 
     </span>
    </p>
   </div>
   <div class='ocr_carea' id='block_1_9' title="bbox 599 713 1045 843">
    <p class='ocr_par' dir='ltr' id='par_1_9' title="bbox 599 713 1045 843">
     <span class='ocr_line' id='line_1_9' title="bbox 599 713 1045 843; baseline -0.004 0"><span class='ocrx_word' id='word_1_30' title='bbox 599 713 1045 843; x_wconf 76' lang='lat' dir='ltr'><strong>JOANNis</strong></span> 
     </span>
    </p>
   </div>
   <div class='ocr_carea' id='block_1_10' title="bbox 1121 760 1488 840">
    <p class='ocr_par' dir='ltr' id='par_1_10' title="bbox 1121 760 1488 840">
     <span class='ocr_line' id='line_1_10' title="bbox 1121 760 1488 840; baseline -0.008 0"><span class='ocrx_word' id='word_1_31' title='bbox 1121 760 1488 840; x_wconf 64' lang='lat' dir='ltr'><strong>PHOCZE</strong></span> 
     </span>
    </p>
   </div>
   <div class='ocr_carea' id='block_1_11' title="bbox 802 897 1283 928">
    <p class='ocr_par' dir='ltr' id='par_1_11' title="bbox 802 897 1283 928">
     <span class='ocr_line' id='line_1_11' title="bbox 802 897 1283 928; baseline -0.004 -1"><span class='ocrx_word' id='word_1_32' title='bbox 802 898 1062 928; x_wconf 77' lang='lat' dir='ltr'><strong>COMPENDIARIA</strong></span> <span class='ocrx_word' id='word_1_33' title='bbox 1078 897 1283 926; x_wconf 77' lang='lat' dir='ltr'><strong>DESCRIPTIO</strong></span> 
     </span>
    </p>
   </div>
   <div class='ocr_carea' id='block_1_12' title="bbox 230 953 1862 1015">
    <p class='ocr_par' dir='ltr' id='par_1_12' title="bbox 230 953 1862 1015">
     <span class='ocr_line' id='line_1_12' title="bbox 230 953 1862 1015; baseline -0.004 -4"><span class='ocrx_word' id='word_1_34' title='bbox 230 979 464 1011; x_wconf 75' lang='lat' dir='ltr'><strong>CASTRORUM</strong></span> <span class='ocrx_word' id='word_1_35' title='bbox 481 980 532 1010; x_wconf 89' lang='lat' dir='ltr'><strong>ET</strong></span> <span class='ocrx_word' id='word_1_36' title='bbox 550 979 714 1015; x_wconf 80' lang='lat' dir='ltr'><strong>URBIUM,</strong></span> <span class='ocrx_word' id='word_1_37' title='bbox 735 978 785 1008; x_wconf 85' lang='lat' dir='ltr'><strong>AB</strong></span> <span class='ocrx_word' id='word_1_38' title='bbox 801 977 906 1009; x_wconf 81' lang='lat' dir='ltr'><strong>URBE</strong></span> <span class='ocrx_word' id='word_1_39' title='bbox 919 953 1142 1007; x_wconf 75' lang='lat' dir='ltr'><strong>ANTiOCHIA</strong></span> <span class='ocrx_word' id='word_1_40' title='bbox 1160 976 1288 1012; x_wconf 87' lang='lat' dir='ltr'><strong>USQUE</strong></span> <span class='ocrx_word' id='word_1_41' title='bbox 1303 974 1654 1011; x_wconf 78' lang='lat' dir='ltr'><strong>HIEROSOLYMAM;</strong></span> <span class='ocrx_word' id='word_1_42' title='bbox 1671 974 1751 1005; x_wconf 82' lang='lat' dir='ltr'><strong>NEC</strong></span> <span class='ocrx_word' id='word_1_43' title='bbox 1771 974 1862 1005; x_wconf 82' lang='lat' dir='ltr'><strong>NON</strong></span> 
     </span>
    </p>
   </div>
   <div class='ocr_carea' id='block_1_13' title="bbox 397 1025 1705 1066">
    <p class='ocr_par' dir='ltr' id='par_1_13' title="bbox 397 1025 1705 1066">
     <span class='ocr_line' id='line_1_13' title="bbox 397 1025 1705 1066; baseline -0.002 -6"><span class='ocrx_word' id='word_1_44' title='bbox 397 1030 538 1066; x_wconf 77' lang='lat' dir='ltr'><strong>SYBUE,</strong></span> <span class='ocrx_word' id='word_1_45' title='bbox 561 1030 610 1060; x_wconf 83' lang='lat' dir='ltr'><strong>AC</strong></span> <span class='ocrx_word' id='word_1_46' title='bbox 625 1029 847 1065; x_wconf 72' lang='lat' dir='ltr'><strong>PHGENICIE,</strong></span> <span class='ocrx_word' id='word_1_47' title='bbox 865 1029 917 1058; x_wconf 87' lang='lat' dir='ltr'><strong>ET</strong></span> <span class='ocrx_word' id='word_1_48' title='bbox 934 1028 973 1058; x_wconf 89' lang='lat' dir='ltr'><strong>IN</strong></span> <span class='ocrx_word' id='word_1_49' title='bbox 988 1027 1223 1058; x_wconf 68' lang='lat' dir='ltr'><strong>PALJESTINA</strong></span> <span class='ocrx_word' id='word_1_50' title='bbox 1238 1026 1454 1058; x_wconf 79' lang='lat' dir='ltr'><strong>SACRORUM</strong></span> <span class='ocrx_word' id='word_1_51' title='bbox 1475 1025 1684 1057; x_wconf 73' lang='lat' dir='ltr'><strong>LOCORUM.</strong></span> <span class='ocrx_word' id='word_1_52' title='bbox 1700 1048 1705 1052; x_wconf 73' lang='grc' dir='ltr'><em>ι</em></span> 
     </span>
    </p>
   </div>
   <div class='ocr_carea' id='block_1_14' title="bbox 265 1176 1011 1217">
    <p class='ocr_par' dir='ltr' id='par_1_14' title="bbox 265 1181 1011 1217">
     <span class='ocr_line' id='line_1_14' title="bbox 265 1181 1011 1217; baseline -0.004 -6"><span class='ocrx_word' id='word_1_53' title='bbox 265 1184 290 1211; x_wconf 81' lang='grc' dir='ltr'><strong>Ι.</strong></span> <span class='ocrx_word' id='word_1_54' title='bbox 304 1183 344 1210; x_wconf 84' lang='lat' dir='ltr'><strong>An</strong></span> <span class='ocrx_word' id='word_1_55' title='bbox 357 1189 422 1210; x_wconf 81' lang='lat' dir='ltr'><strong>vero</strong></span> <span class='ocrx_word' id='word_1_56' title='bbox 443 1189 493 1210; x_wconf 79' lang='lat' dir='ltr'><strong>n05</strong></span> <span class='ocrx_word' id='word_1_57' title='bbox 507 1181 570 1216; x_wconf 86' lang='lat' dir='ltr'><strong>ipsi,</strong></span> <span class='ocrx_word' id='word_1_58' title='bbox 594 1181 639 1216; x_wconf 86' lang='lat' dir='ltr'><strong>qui</strong></span> <span class='ocrx_word' id='word_1_59' title='bbox 658 1181 839 1209; x_wconf 70' lang='lat' dir='ltr'><strong>sacrosanctis</strong></span> <span class='ocrx_word' id='word_1_60' title='bbox 857 1181 1011 1217; x_wconf 77' lang='lat' dir='ltr'><strong>spectaculi:</strong></span> 
     </span>
    </p>
   </div>
   <div class='ocr_carea' id='block_1_15' title="bbox 1066 1176 1864 1217">
    <p class='ocr_par' dir='ltr' id='par_1_15' title="bbox 1106 1180 1864 1217">
     <span class='ocr_line' id='line_1_15' title="bbox 1106 1180 1864 1217; baseline 0.001 -9"><span class='ocrx_word' id='word_1_61' title='bbox 1106 1185 1140 1209; x_wconf 85' lang='grc' dir='ltr'><strong>α’.</strong></span> <span class='ocrx_word' id='word_1_62' title='bbox 1157 1182 1192 1208; x_wconf 76' lang='grc' dir='ltr'><strong>Τί</strong></span> <span class='ocrx_word' id='word_1_63' title='bbox 1205 1181 1232 1209; x_wconf 80' lang='grc' dir='ltr'><strong>δὲ</strong></span> <span class='ocrx_word' id='word_1_64' title='bbox 1251 1181 1276 1208; x_wconf 74' lang='grc' dir='ltr'>οἱ</span> <span class='ocrx_word' id='word_1_65' title='bbox 1299 1182 1353 1209; x_wconf 79' lang='grc' dir='ltr'>τῶν</span> <span class='ocrx_word' id='word_1_66' title='bbox 1371 1180 1452 1217; x_wconf 80' lang='grc' dir='ltr'>ιερῶν</span> <span class='ocrx_word' id='word_1_67' title='bbox 1469 1181 1732 1217; x_wconf 60' lang='grc' dir='ltr'>κατατρυφήσαντες</span> <span class='ocrx_word' id='word_1_68' title='bbox 1753 1182 1864 1217; x_wconf 79' lang='grc' dir='ltr'>θεαμά-</span> 
     </span>
    </p>
   </div>
   <div class='ocr_carea' id='block_1_16' title="bbox 228 1227 1017 1263">
    <p class='ocr_par' dir='ltr' id='par_1_16' title="bbox 228 1227 1017 1263">
     <span class='ocr_line' id='line_1_16' title="bbox 228 1227 1017 1263; baseline -0.004 -6"><span class='ocrx_word' id='word_1_69' title='bbox 228 1229 350 1257; x_wconf 90' lang='lat' dir='ltr'><strong>animum</strong></span> <span class='ocrx_word' id='word_1_70' title='bbox 364 1228 542 1263; x_wconf 78' lang='lat' dir='ltr'><strong>explevimus,</strong></span> <span class='ocrx_word' id='word_1_71' title='bbox 573 1227 685 1262; x_wconf 86' lang='lat' dir='ltr'><strong>locaque</strong></span> <span class='ocrx_word' id='word_1_72' title='bbox 711 1227 798 1255; x_wconf 90' lang='lat' dir='ltr'><strong>oculis</strong></span> <span class='ocrx_word' id='word_1_73' title='bbox 817 1228 1017 1262; x_wconf 84' lang='lat' dir='ltr'><strong>nsurpavimus,</strong></span> 
     </span>
    </p>
   </div>
   <div class='ocr_carea' id='block_1_17' title="bbox 227 1271 1017 1308">
    <p class='ocr_par' dir='ltr' id='par_1_17' title="bbox 227 1271 1017 1308">
     <span class='ocr_line' id='line_1_17' title="bbox 227 1271 1017 1308; baseline -0.004 -6"><span class='ocrx_word' id='word_1_74' title='bbox 227 1275 254 1302; x_wconf 93' lang='lat' dir='ltr'><strong>in</strong></span> <span class='ocrx_word' id='word_1_75' title='bbox 280 1273 378 1308; x_wconf 88' lang='lat' dir='ltr'><strong>quibus</strong></span> <span class='ocrx_word' id='word_1_76' title='bbox 399 1272 470 1300; x_wconf 87' lang='lat' dir='ltr'><strong>Deus</strong></span> <span class='ocrx_word' id='word_1_77' title='bbox 495 1271 559 1299; x_wconf 90' lang='lat' dir='ltr'><strong>olim</strong></span> <span class='ocrx_word' id='word_1_78' title='bbox 586 1275 710 1299; x_wconf 82' lang='lat' dir='ltr'><strong>versatus</strong></span> <span class='ocrx_word' id='word_1_79' title='bbox 739 1276 791 1304; x_wconf 87' lang='lat' dir='ltr'><strong>est,</strong></span> <span class='ocrx_word' id='word_1_80' title='bbox 808 1277 835 1299; x_wconf 89' lang='lat' dir='ltr'><strong>et</strong></span> <span class='ocrx_word' id='word_1_81' title='bbox 869 1272 1017 1308; x_wconf 75' lang='lat' dir='ltr'><strong>fugientem</strong></span> 
     </span>
    </p>
   </div>
   <div class='ocr_carea' id='block_1_18' title="bbox 227 1317 1020 1356">
    <p class='ocr_par' dir='ltr' id='par_1_18' title="bbox 227 1317 1020 1356">
     <span class='ocr_line' id='line_1_18' title="bbox 227 1317 1020 1356; baseline 0 -10"><span class='ocrx_word' id='word_1_82' title='bbox 227 1319 354 1356; x_wconf 85' lang='lat' dir='ltr'><strong>populum</strong></span> <span class='ocrx_word' id='word_1_83' title='bbox 382 1326 431 1353; x_wconf 90' lang='lat' dir='ltr'><strong>per</strong></span> <span class='ocrx_word' id='word_1_84' title='bbox 445 1317 554 1352; x_wconf 79' lang='lat' dir='ltr'><strong>Moysen</strong></span> <span class='ocrx_word' id='word_1_85' title='bbox 574 1324 607 1344; x_wconf 83' lang='lat' dir='ltr'><strong>ex</strong></span> <span class='ocrx_word' id='word_1_86' title='bbox 630 1317 748 1353; x_wconf 69' lang='lat' dir='ltr'><strong>Egypto</strong></span> <span class='ocrx_word' id='word_1_87' title='bbox 766 1319 793 1345; x_wconf 95' lang='lat' dir='ltr'><strong>in</strong></span> <span class='ocrx_word' id='word_1_88' title='bbox 815 1318 901 1354; x_wconf 82' lang='lat' dir='ltr'><strong>signis</strong></span> <span class='ocrx_word' id='word_1_89' title='bbox 919 1325 945 1346; x_wconf 90' lang='lat' dir='ltr'><strong>et</strong></span> <span class='ocrx_word' id='word_1_90' title='bbox 957 1326 1020 1354; x_wconf 85' lang='lat' dir='ltr'><strong>pro-</strong></span> 
     </span>
    </p>
   </div>
   <div class='ocr_carea' id='block_1_19' title="bbox 227 1362 1018 1409">
    <p class='ocr_par' dir='ltr' id='par_1_19' title="bbox 227 1362 1018 1409">
     <span class='ocr_line' id='line_1_19' title="bbox 227 1362 1018 1409; baseline -0.003 -16"><span class='ocrx_word' id='word_1_91' title='bbox 227 1365 307 1401; x_wconf 77' lang='lat' dir='ltr'><strong>digiis</strong></span> <span class='ocrx_word' id='word_1_92' title='bbox 332 1364 462 1396; x_wconf 85' lang='lat' dir='ltr'><strong>deduxit;</strong></span> <span class='ocrx_word' id='word_1_93' title='bbox 493 1370 574 1390; x_wconf 91' lang='lat' dir='ltr'><strong>manu</strong></span> <span class='ocrx_word' id='word_1_94' title='bbox 602 1363 690 1390; x_wconf 85' lang='lat' dir='ltr'><strong>valida</strong></span> <span class='ocrx_word' id='word_1_95' title='bbox 718 1362 836 1398; x_wconf 90' lang='lat' dir='ltr'><strong>populis,</strong></span> <span class='ocrx_word' id='word_1_96' title='bbox 868 1370 1018 1409; x_wconf 62' lang='lat' dir='ltr'><strong>eorumque</strong></span> 
     </span>
    </p>
   </div>
   <div class='ocr_carea' id='block_1_20' title="bbox 227 1409 1012 1446">
    <p class='ocr_par' dir='ltr' id='par_1_20' title="bbox 227 1409 1012 1446">
     <span class='ocr_line' id='line_1_20' title="bbox 227 1409 1012 1446; baseline -0.003 -8"><span class='ocrx_word' id='word_1_97' title='bbox 227 1411 362 1446; x_wconf 79' lang='lat' dir='ltr'><strong>dynastis,</strong></span> <span class='ocrx_word' id='word_1_98' title='bbox 380 1409 451 1437; x_wconf 88' lang='lat' dir='ltr'><strong>Seon</strong></span> <span class='ocrx_word' id='word_1_99' title='bbox 467 1415 530 1444; x_wconf 82' lang='lat' dir='ltr'><strong>rege</strong></span> <span class='ocrx_word' id='word_1_100' title='bbox 544 1409 816 1443; x_wconf 49' lang='lat' dir='ltr'><strong>Armonhazornmmt</strong></span> <span class='ocrx_word' id='word_1_101' title='bbox 832 1409 872 1444; x_wconf 77' lang='lat' dir='ltr'><strong>Og</strong></span> <span class='ocrx_word' id='word_1_102' title='bbox 890 1417 953 1445; x_wconf 81' lang='lat' dir='ltr'><strong>rege</strong></span> <span class='ocrx_word' id='word_1_103' title='bbox 968 1409 1012 1436; x_wconf 82' lang='lat' dir='ltr'><strong>Ba-</strong></span> 
     </span>
    </p>
   </div>
   <div class='ocr_carea' id='block_1_21' title="bbox 226 1453 1018 1490">
    <p class='ocr_par' dir='ltr' id='par_1_21' title="bbox 226 1453 1018 1490">
     <span class='ocr_line' id='line_1_21' title="bbox 226 1453 1018 1490; baseline 0 -8"><span class='ocrx_word' id='word_1_104' title='bbox 226 1463 286 1488; x_wconf 83' lang='lat' dir='ltr'><strong>san,</strong></span> <span class='ocrx_word' id='word_1_105' title='bbox 299 1459 325 1482; x_wconf 90' lang='lat' dir='ltr'><strong>et</strong></span> <span class='ocrx_word' id='word_1_106' title='bbox 341 1454 473 1482; x_wconf 83' lang='lat' dir='ltr'><strong>universis</strong></span> <span class='ocrx_word' id='word_1_107' title='bbox 495 1454 585 1489; x_wconf 79' lang='lat' dir='ltr'><strong>regnis</strong></span> <span class='ocrx_word' id='word_1_108' title='bbox 608 1453 737 1481; x_wconf 73' lang='lat' dir='ltr'><strong>Chanaan</strong></span> <span class='ocrx_word' id='word_1_109' title='bbox 768 1454 920 1487; x_wconf 77' lang='lat' dir='ltr'><strong>debellatis,</strong></span> <span class='ocrx_word' id='word_1_110' title='bbox 936 1459 1018 1490; x_wconf 85' lang='lat' dir='ltr'><strong>alque</strong></span> 
     </span>
    </p>
   </div>
   <div class='ocr_carea' id='block_1_22' title="bbox 226 1499 1016 1536">
    <p class='ocr_par' dir='ltr' id='par_1_22' title="bbox 226 1499 1016 1536">
     <span class='ocr_line' id='line_1_22' title="bbox 226 1499 1016 1536; baseline -0.003 -8"><span class='ocrx_word' id='word_1_111' title='bbox 226 1501 334 1529; x_wconf 86' lang='lat' dir='ltr'><strong>excelso</strong></span> <span class='ocrx_word' id='word_1_112' title='bbox 357 1500 481 1531; x_wconf 87' lang='lat' dir='ltr'><strong>brachio,</strong></span> <span class='ocrx_word' id='word_1_113' title='bbox 502 1499 527 1527; x_wconf 89' lang='lat' dir='ltr'><strong>in</strong></span> <span class='ocrx_word' id='word_1_114' title='bbox 555 1507 648 1527; x_wconf 89' lang='lat' dir='ltr'><strong>eorutn</strong></span> <span class='ocrx_word' id='word_1_115' title='bbox 669 1499 738 1533; x_wconf 87' lang='lat' dir='ltr'><strong>loco,</strong></span> <span class='ocrx_word' id='word_1_116' title='bbox 758 1501 901 1536; x_wconf 76' lang='lat' dir='ltr'><strong>peregrino</strong></span> <span class='ocrx_word' id='word_1_117' title='bbox 917 1500 1016 1535; x_wconf 82' lang='lat' dir='ltr'><strong>papqu</strong></span> 
     </span>
    </p>
   </div>
   <div class='ocr_carea' id='block_1_23' title="bbox 225 1546 1014 1582">
    <p class='ocr_par' dir='ltr' id='par_1_23' title="bbox 225 1546 1014 1582">
     <span class='ocr_line' id='line_1_23' title="bbox 225 1546 1014 1582; baseline -0.003 -8"><span class='ocrx_word' id='word_1_118' title='bbox 225 1546 358 1574; x_wconf 86' lang='lat' dir='ltr'><strong>collocato</strong></span> <span class='ocrx_word' id='word_1_119' title='bbox 373 1555 380 1580; x_wconf 92' lang='lat'>;</span> <span class='ocrx_word' id='word_1_120' title='bbox 397 1554 476 1581; x_wconf 88' lang='lat' dir='ltr'><strong>quem</strong></span> <span class='ocrx_word' id='word_1_121' title='bbox 501 1546 525 1573; x_wconf 93' lang='lat' dir='ltr'><strong>in</strong></span> <span class='ocrx_word' id='word_1_122' title='bbox 545 1551 649 1573; x_wconf 84' lang='lat' dir='ltr'><strong>tantum</strong></span> <span class='ocrx_word' id='word_1_123' title='bbox 671 1547 747 1573; x_wconf 78' lang='lat' dir='ltr'><strong>auxit</strong></span> <span class='ocrx_word' id='word_1_124' title='bbox 762 1551 844 1581; x_wconf 90' lang='lat' dir='ltr'><strong>atque</strong></span> <span class='ocrx_word' id='word_1_125' title='bbox 861 1547 1014 1582; x_wconf 75' lang='lat' dir='ltr'><strong>ampliavit,</strong></span> 
     </span>
    </p>
   </div>
   <div class='ocr_carea' id='block_1_24' title="bbox 225 1592 1014 1629">
    <p class='ocr_par' dir='ltr' id='par_1_24' title="bbox 225 1592 1014 1629">
     <span class='ocr_line' id='line_1_24' title="bbox 225 1592 1014 1629; baseline 0.003 -10"><span class='ocrx_word' id='word_1_126' title='bbox 225 1598 355 1629; x_wconf 87' lang='lat' dir='ltr'><strong>quantum</strong></span> <span class='ocrx_word' id='word_1_127' title='bbox 378 1593 455 1620; x_wconf 87' lang='lat' dir='ltr'><strong>nobis</strong></span> <span class='ocrx_word' id='word_1_128' title='bbox 471 1592 568 1620; x_wconf 75' lang='lat' dir='ltr'><strong>divinae</strong></span> <span class='ocrx_word' id='word_1_129' title='bbox 595 1592 707 1620; x_wconf 76' lang='lat' dir='ltr'><strong>Littera:</strong></span> <span class='ocrx_word' id='word_1_130' title='bbox 733 1593 870 1627; x_wconf 75' lang='lat' dir='ltr'><strong>ingerunt,</strong></span> <span class='ocrx_word' id='word_1_131' title='bbox 900 1601 1014 1629; x_wconf 62' lang='lat' dir='ltr'><strong>quaeque</strong></span> 
     </span>
    </p>
   </div>
   <div class='ocr_carea' id='block_1_25' title="bbox 225 1637 1015 1674">
    <p class='ocr_par' dir='ltr' id='par_1_25' title="bbox 225 1637 1015 1674">
     <span class='ocr_line' id='line_1_25' title="bbox 225 1637 1015 1674; baseline 0.003 -10"><span class='ocrx_word' id='word_1_132' title='bbox 225 1637 371 1674; x_wconf 79' lang='lat' dir='ltr'><strong>postremis</strong></span> <span class='ocrx_word' id='word_1_133' title='bbox 396 1638 493 1665; x_wconf 82' lang='lat' dir='ltr'><strong>deinde</strong></span> <span class='ocrx_word' id='word_1_134' title='bbox 528 1638 694 1673; x_wconf 84' lang='lat' dir='ltr'><strong>temporibus</strong></span> <span class='ocrx_word' id='word_1_135' title='bbox 725 1646 773 1672; x_wconf 82' lang='lat' dir='ltr'><strong>per</strong></span> <span class='ocrx_word' id='word_1_136' title='bbox 802 1637 940 1674; x_wconf 65' lang='lat' dir='ltr'><strong>Unigeniti</strong></span> <span class='ocrx_word' id='word_1_137' title='bbox 973 1639 1015 1667; x_wconf 88' lang='lat' dir='ltr'><strong>sui</strong></span> 
     </span>
    </p>
   </div>
   <div class='ocr_carea' id='block_1_26' title="bbox 225 1686 1015 1720">
    <p class='ocr_par' dir='ltr' id='par_1_26' title="bbox 225 1686 1015 1720">
     <span class='ocr_line' id='line_1_26' title="bbox 225 1686 1015 1720; baseline 0.001 -7"><span class='ocrx_word' id='word_1_138' title='bbox 225 1686 345 1713; x_wconf 82' lang='lat' dir='ltr'><strong>divinam</strong></span> <span class='ocrx_word' id='word_1_139' title='bbox 383 1686 602 1714; x_wconf 84' lang='lat' dir='ltr'><strong>incarnationem</strong></span> <span class='ocrx_word' id='word_1_140' title='bbox 633 1686 826 1720; x_wconf 84' lang='lat' dir='ltr'><strong>sanetilicavit,</strong></span> <span class='ocrx_word' id='word_1_141' title='bbox 853 1686 1015 1714; x_wconf 87' lang='lat' dir='ltr'><strong>admirando</strong></span> 
     </span>
    </p>
   </div>
   <div class='ocr_carea' id='block_1_27' title="bbox 225 1732 1015 1768">
    <p class='ocr_par' dir='ltr' id='par_1_27' title="bbox 225 1732 1015 1768">
     <span class='ocr_line' id='line_1_27' title="bbox 225 1732 1015 1768; baseline 0.001 -9"><span class='ocrx_word' id='word_1_142' title='bbox 225 1737 323 1760; x_wconf 67' lang='lat' dir='ltr'><strong>nostrae</strong></span> <span class='ocrx_word' id='word_1_143' title='bbox 339 1732 521 1759; x_wconf 85' lang='lat' dir='ltr'><strong>renovationis</strong></span> <span class='ocrx_word' id='word_1_144' title='bbox 531 1740 612 1767; x_wconf 88' lang='lat' dir='ltr'><strong>opere</strong></span> <span class='ocrx_word' id='word_1_145' title='bbox 623 1732 743 1760; x_wconf 87' lang='lat' dir='ltr'><strong>absoluto</strong></span> <span class='ocrx_word' id='word_1_146' title='bbox 757 1741 763 1759; x_wconf 93' lang='lat'>:</span> <span class='ocrx_word' id='word_1_147' title='bbox 775 1733 814 1760; x_wconf 89' lang='lat' dir='ltr'><strong>An</strong></span> <span class='ocrx_word' id='word_1_148' title='bbox 829 1741 888 1766; x_wconf 89' lang='lat' dir='ltr'><strong>nos,</strong></span> <span class='ocrx_word' id='word_1_149' title='bbox 905 1733 1015 1768; x_wconf 84' lang='lat' dir='ltr'><strong>inquam</strong></span> 
     </span>
    </p>
   </div>
   <div class='ocr_carea' id='block_1_28' title="bbox 224 1778 1014 1813">
    <p class='ocr_par' dir='ltr' id='par_1_28' title="bbox 224 1778 1014 1813">
     <span class='ocr_line' id='line_1_28' title="bbox 224 1778 1014 1813; baseline 0.001 -8"><span class='ocrx_word' id='word_1_150' title='bbox 224 1778 270 1813; x_wconf 86' lang='lat' dir='ltr'><strong>qui</strong></span> <span class='ocrx_word' id='word_1_151' title='bbox 287 1779 345 1806; x_wconf 77' lang='lat' dir='ltr'><strong>haec</strong></span> <span class='ocrx_word' id='word_1_152' title='bbox 370 1779 569 1813; x_wconf 79' lang='lat' dir='ltr'><strong>perspeximus,</strong></span> <span class='ocrx_word' id='word_1_153' title='bbox 584 1778 633 1805; x_wconf 88' lang='lat' dir='ltr'><strong>soli</strong></span> <span class='ocrx_word' id='word_1_154' title='bbox 660 1779 808 1812; x_wconf 86' lang='lat' dir='ltr'><strong>participes</strong></span> <span class='ocrx_word' id='word_1_155' title='bbox 834 1780 948 1813; x_wconf 82' lang='lat' dir='ltr'><strong>erimus,</strong></span> <span class='ocrx_word' id='word_1_156' title='bbox 966 1781 1014 1807; x_wconf 85' lang='lat' dir='ltr'><strong>he-</strong></span> 
     </span>
    </p>
   </div>
   <div class='ocr_carea' id='block_1_29' title="bbox 224 1825 1014 1860">
    <p class='ocr_par' dir='ltr' id='par_1_29' title="bbox 224 1825 1014 1860">
     <span class='ocr_line' id='line_1_29' title="bbox 224 1825 1014 1860; baseline -0.001 -7"><span class='ocrx_word' id='word_1_157' title='bbox 224 1825 320 1853; x_wconf 89' lang='lat' dir='ltr'><strong>luones</strong></span> <span class='ocrx_word' id='word_1_158' title='bbox 345 1830 373 1853; x_wconf 90' lang='lat' dir='ltr'><strong>et</strong></span> <span class='ocrx_word' id='word_1_159' title='bbox 396 1825 516 1860; x_wconf 75' lang='lat' dir='ltr'><strong>gurgites</strong></span> <span class='ocrx_word' id='word_1_160' title='bbox 549 1826 576 1853; x_wconf 94' lang='lat' dir='ltr'><strong>in</strong></span> <span class='ocrx_word' id='word_1_161' title='bbox 603 1826 670 1853; x_wconf 88' lang='lat' dir='ltr'><strong>cibis</strong></span> <span class='ocrx_word' id='word_1_162' title='bbox 695 1825 858 1853; x_wconf 83' lang='lat' dir='ltr'><strong>devorandis</strong></span> <span class='ocrx_word' id='word_1_163' title='bbox 873 1825 1014 1853; x_wconf 75' lang='lat' dir='ltr'><strong>aemulati?</strong></span> 
     </span>
    </p>
   </div>
   <div class='ocr_carea' id='block_1_30' title="bbox 223 1871 1014 1906">
    <p class='ocr_par' dir='ltr' id='par_1_30' title="bbox 223 1871 1014 1906">
     <span class='ocr_line' id='line_1_30' title="bbox 223 1871 1014 1906; baseline 0 -8"><span class='ocrx_word' id='word_1_164' title='bbox 223 1872 272 1898; x_wconf 82' lang='lat' dir='ltr'><strong>Ast.</strong></span> <span class='ocrx_word' id='word_1_165' title='bbox 298 1872 406 1899; x_wconf 82' lang='lat' dir='ltr'><strong>ubinam</strong></span> <span class='ocrx_word' id='word_1_166' title='bbox 432 1871 554 1906; x_wconf 74' lang='lat' dir='ltr'><strong>gentium</strong></span> <span class='ocrx_word' id='word_1_167' title='bbox 570 1871 702 1899; x_wconf 83' lang='lat' dir='ltr'><strong>naturalis</strong></span> <span class='ocrx_word' id='word_1_168' title='bbox 724 1872 843 1899; x_wconf 82' lang='lat' dir='ltr'><strong>societas</strong></span> <span class='ocrx_word' id='word_1_169' title='bbox 857 1877 886 1899; x_wconf 89' lang='lat' dir='ltr'><strong>et</strong></span> <span class='ocrx_word' id='word_1_170' title='bbox 904 1875 1014 1898; x_wconf 79' lang='lat' dir='ltr'><strong>mutuus</strong></span> 
     </span>
    </p>
   </div>
   <div class='ocr_carea' id='block_1_31' title="bbox 225 1918 1013 1953">
    <p class='ocr_par' dir='ltr' id='par_1_31' title="bbox 225 1918 1013 1953">
     <span class='ocr_line' id='line_1_31' title="bbox 225 1918 1013 1953; baseline 0.001 -8"><span class='ocrx_word' id='word_1_171' title='bbox 225 1925 314 1951; x_wconf 85' lang='lat' dir='ltr'><strong>amor,</strong></span> <span class='ocrx_word' id='word_1_172' title='bbox 346 1925 394 1953; x_wconf 85' lang='lat' dir='ltr'><strong>per</strong></span> <span class='ocrx_word' id='word_1_173' title='bbox 422 1925 482 1953; x_wconf 79' lang='lat' dir='ltr'><strong>qute</strong></span> <span class='ocrx_word' id='word_1_174' title='bbox 511 1919 619 1945; x_wconf 78' lang='lat' dir='ltr'><strong>dilectio</strong></span> <span class='ocrx_word' id='word_1_175' title='bbox 647 1918 812 1951; x_wconf 85' lang='lat' dir='ltr'><strong>ostenditur,</strong></span> <span class='ocrx_word' id='word_1_176' title='bbox 835 1923 862 1946; x_wconf 91' lang='lat' dir='ltr'><strong>et</strong></span> <span class='ocrx_word' id='word_1_177' title='bbox 886 1918 1013 1946; x_wconf 63' lang='lat' dir='ltr'><strong>humana:</strong></span> 
     </span>
    </p>
   </div>
   <div class='ocr_carea' id='block_1_32' title="bbox 224 1963 1012 1999">
    <p class='ocr_par' dir='ltr' id='par_1_32' title="bbox 224 1963 1012 1999">
     <span class='ocr_line' id='line_1_32' title="bbox 224 1963 1012 1999; baseline 0 -8"><span class='ocrx_word' id='word_1_178' title='bbox 224 1963 346 1992; x_wconf 88' lang='lat' dir='ltr'><strong>conditio</strong></span> <span class='ocrx_word' id='word_1_179' title='bbox 380 1969 494 1996; x_wconf 83' lang='lat' dir='ltr'><strong>naturae,</strong></span> <span class='ocrx_word' id='word_1_180' title='bbox 527 1964 609 1991; x_wconf 71' lang='lat' dir='ltr'><strong>veluti</strong></span> <span class='ocrx_word' id='word_1_181' title='bbox 638 1964 809 1992; x_wconf 82' lang='lat' dir='ltr'><strong>lineamentis</strong></span> <span class='ocrx_word' id='word_1_182' title='bbox 837 1965 1012 1999; x_wconf 76' lang='lat' dir='ltr'><strong>quibusdam,</strong></span> 
     </span>
    </p>
   </div>
   <div class='ocr_carea' id='block_1_33' title="bbox 223 2008 1011 2045">
    <p class='ocr_par' dir='ltr' id='par_1_33' title="bbox 223 2008 1011 2045">
     <span class='ocr_line' id='line_1_33' title="bbox 223 2008 1011 2045; baseline 0.001 -9"><span class='ocrx_word' id='word_1_183' title='bbox 223 2008 385 2043; x_wconf 74' lang='lat' dir='ltr'><strong>exprimitur</strong></span> <span class='ocrx_word' id='word_1_184' title='bbox 395 2009 407 2035; x_wconf 80' lang='grc' dir='ltr'>τ</span> <span class='ocrx_word' id='word_1_185' title='bbox 416 2009 470 2036; x_wconf 82' lang='lat' dir='ltr'><strong>Res</strong></span> <span class='ocrx_word' id='word_1_186' title='bbox 486 2009 578 2044; x_wconf 83' lang='lat' dir='ltr'><strong>itaque</strong></span> <span class='ocrx_word' id='word_1_187' title='bbox 589 2016 637 2043; x_wconf 85' lang='lat' dir='ltr'><strong>pro</strong></span> <span class='ocrx_word' id='word_1_188' title='bbox 651 2009 752 2037; x_wconf 85' lang='lat' dir='ltr'><strong>viribus</strong></span> <span class='ocrx_word' id='word_1_189' title='bbox 767 2009 949 2045; x_wconf 71' lang='lat' dir='ltr'><strong>aggredienda</strong></span> <span class='ocrx_word' id='word_1_190' title='bbox 960 2015 1011 2043; x_wconf 87' lang='lat' dir='ltr'><strong>est,</strong></span> 
     </span>
    </p>
   </div>
   <div class='ocr_carea' id='block_1_34' title="bbox 225 2054 1012 2090">
    <p class='ocr_par' dir='ltr' id='par_1_34' title="bbox 225 2054 1012 2090">
     <span class='ocr_line' id='line_1_34' title="bbox 225 2054 1012 2090; baseline 0.001 -9"><span class='ocrx_word' id='word_1_191' title='bbox 225 2058 253 2081; x_wconf 96' lang='lat' dir='ltr'><strong>ut</strong></span> <span class='ocrx_word' id='word_1_192' title='bbox 272 2054 354 2081; x_wconf 80' lang='lat' dir='ltr'><strong>veluti</strong></span> <span class='ocrx_word' id='word_1_193' title='bbox 370 2055 396 2081; x_wconf 93' lang='lat' dir='ltr'><strong>in</strong></span> <span class='ocrx_word' id='word_1_194' title='bbox 421 2054 522 2087; x_wconf 80' lang='lat' dir='ltr'><strong>tabula,</strong></span> <span class='ocrx_word' id='word_1_195' title='bbox 549 2055 670 2082; x_wconf 85' lang='lat' dir='ltr'><strong>loeorum</strong></span> <span class='ocrx_word' id='word_1_196' title='bbox 694 2055 789 2088; x_wconf 78' lang='lat' dir='ltr'><strong>situm,</strong></span> <span class='ocrx_word' id='word_1_197' title='bbox 803 2063 879 2090; x_wconf 74' lang='lat' dir='ltr'><strong>aeque</strong></span> <span class='ocrx_word' id='word_1_198' title='bbox 893 2064 926 2083; x_wconf 92' lang='lat' dir='ltr'><strong>ac</strong></span> <span class='ocrx_word' id='word_1_199' title='bbox 942 2057 1012 2083; x_wconf 86' lang='lat' dir='ltr'><strong>ima-</strong></span> 
     </span>
    </p>
   </div>
   <div class='ocr_carea' id='block_1_35' title="bbox 1029 1853 1052 1882">
    <p class='ocr_par' dir='ltr' id='par_1_35' title="bbox 1029 1853 1052 1882">
     <span class='ocr_line' id='line_1_35' title="bbox 1029 1853 1052 1882; baseline 0 0"><span class='ocrx_word' id='word_1_200' title='bbox 1029 1853 1052 1882; x_wconf 90' lang='grc' dir='ltr'><strong>Β</strong></span> 
     </span>
    </p>
   </div>
   <div class='ocr_carea' id='block_1_36' title="bbox 223 2099 1012 2136">
    <p class='ocr_par' dir='ltr' id='par_1_36' title="bbox 223 2099 1012 2136">
     <span class='ocr_line' id='line_1_36' title="bbox 223 2099 1012 2136; baseline 0.003 -10"><span class='ocrx_word' id='word_1_201' title='bbox 223 2099 312 2134; x_wconf 75' lang='lat' dir='ltr'><strong>gines,</strong></span> <span class='ocrx_word' id='word_1_202' title='bbox 339 2099 429 2127; x_wconf 78' lang='lat' dir='ltr'><strong>verbis</strong></span> <span class='ocrx_word' id='word_1_203' title='bbox 450 2100 638 2134; x_wconf 72' lang='lat' dir='ltr'><strong>depingamns,</strong></span> <span class='ocrx_word' id='word_1_204' title='bbox 659 2105 697 2135; x_wconf 85' lang='lat' dir='ltr'><strong>et,</strong></span> <span class='ocrx_word' id='word_1_205' title='bbox 722 2109 784 2136; x_wconf 80' lang='lat' dir='ltr'><strong>quze</strong></span> <span class='ocrx_word' id='word_1_206' title='bbox 796 2109 845 2128; x_wconf 92' lang='lat' dir='ltr'><strong>nos</strong></span> <span class='ocrx_word' id='word_1_207' title='bbox 861 2101 911 2136; x_wconf 89' lang='lat' dir='ltr'><strong>ipsi</strong></span> <span class='ocrx_word' id='word_1_208' title='bbox 933 2109 1012 2136; x_wconf 86' lang='lat' dir='ltr'><strong>aspc-</strong></span> 
     </span>
    </p>
   </div>
   <div class='ocr_carea' id='block_1_37' title="bbox 223 2145 1012 2182">
    <p class='ocr_par' dir='ltr' id='par_1_37' title="bbox 223 2145 1012 2182">
     <span class='ocr_line' id='line_1_37' title="bbox 223 2145 1012 2182; baseline 0.006 -11"><span class='ocrx_word' id='word_1_209' title='bbox 223 2145 367 2176; x_wconf 85' lang='lat' dir='ltr'><strong>clavitnus,</strong></span> <span class='ocrx_word' id='word_1_210' title='bbox 400 2146 486 2172; x_wconf 86' lang='lat' dir='ltr'><strong>media</strong></span> <span class='ocrx_word' id='word_1_211' title='bbox 524 2147 669 2181; x_wconf 88' lang='lat' dir='ltr'><strong>scriptura,</strong></span> <span class='ocrx_word' id='word_1_212' title='bbox 698 2155 790 2175; x_wconf 88' lang='lat' dir='ltr'><strong>rerum</strong></span> <span class='ocrx_word' id='word_1_213' title='bbox 825 2147 1012 2182; x_wconf 80' lang='lat' dir='ltr'><strong>hujuscemodi</strong></span> 
     </span>
    </p>
   </div>
   <div class='ocr_carea' id='block_1_38' title="bbox 222 2190 1011 2228">
    <p class='ocr_par' dir='ltr' id='par_1_38' title="bbox 222 2190 1011 2228">
     <span class='ocr_line' id='line_1_38' title="bbox 222 2190 1011 2228; baseline 0.006 -12"><span class='ocrx_word' id='word_1_214' title='bbox 222 2190 352 2218; x_wconf 80' lang='lat' dir='ltr'><strong>studiosis</strong></span> <span class='ocrx_word' id='word_1_215' title='bbox 364 2199 530 2218; x_wconf 83' lang='lat' dir='ltr'><strong>enarretuns.</strong></span> <span class='ocrx_word' id='word_1_216' title='bbox 558 2193 590 2219; x_wconf 74' lang='lat' dir='ltr'><strong>At</strong></span> <span class='ocrx_word' id='word_1_217' title='bbox 610 2200 672 2220; x_wconf 82' lang='lat' dir='ltr'><strong>vero</strong></span> <span class='ocrx_word' id='word_1_218' title='bbox 692 2193 745 2221; x_wconf 86' lang='lat' dir='ltr'><strong>illis</strong></span> <span class='ocrx_word' id='word_1_219' title='bbox 765 2194 809 2228; x_wconf 88' lang='lat' dir='ltr'><strong>qui</strong></span> <span class='ocrx_word' id='word_1_220' title='bbox 824 2201 856 2221; x_wconf 64' lang='lat' dir='ltr'><strong>ea</strong></span> <span class='ocrx_word' id='word_1_221' title='bbox 877 2194 934 2221; x_wconf 83' lang='lat' dir='ltr'><strong>loca</strong></span> <span class='ocrx_word' id='word_1_222' title='bbox 947 2201 1011 2228; x_wconf 84' lang='lat' dir='ltr'><strong>per-</strong></span> 
     </span>
    </p>
   </div>
   <div class='ocr_carea' id='block_1_39' title="bbox 221 2236 1005 2273">
    <p class='ocr_par' dir='ltr' id='par_1_39' title="bbox 221 2236 1005 2273">
     <span class='ocr_line' id='line_1_39' title="bbox 221 2236 1005 2273; baseline 0.008 -12"><span class='ocrx_word' id='word_1_223' title='bbox 221 2236 357 2268; x_wconf 83' lang='lat' dir='ltr'><strong>vidernnt,</strong></span> <span class='ocrx_word' id='word_1_224' title='bbox 386 2236 485 2264; x_wconf 82' lang='lat' dir='ltr'><strong>frustra</strong></span> <span class='ocrx_word' id='word_1_225' title='bbox 503 2245 553 2265; x_wconf 88' lang='lat' dir='ltr'><strong>nos</strong></span> <span class='ocrx_word' id='word_1_226' title='bbox 585 2246 694 2273; x_wconf 78' lang='lat' dir='ltr'><strong>operam</strong></span> <span class='ocrx_word' id='word_1_227' title='bbox 716 2247 824 2266; x_wconf 88' lang='lat' dir='ltr'><strong>sumere</strong></span> <span class='ocrx_word' id='word_1_228' title='bbox 840 2240 1005 2272; x_wconf 82' lang='lat' dir='ltr'><strong>videbimur,</strong></span> 
     </span>
    </p>
   </div>
   <div class='ocr_carea' id='block_1_40' title="bbox 221 2281 1011 2320">
    <p class='ocr_par' dir='ltr' id='par_1_40' title="bbox 221 2281 1011 2320">
     <span class='ocr_line' id='line_1_40' title="bbox 221 2281 1011 2320; baseline 0.006 -12"><span class='ocrx_word' id='word_1_229' title='bbox 221 2281 324 2309; x_wconf 84' lang='lat' dir='ltr'><strong>etenim</strong></span> <span class='ocrx_word' id='word_1_230' title='bbox 339 2283 362 2309; x_wconf 84' lang='lat' dir='ltr'><strong>si</strong></span> <span class='ocrx_word' id='word_1_231' title='bbox 389 2284 507 2311; x_wconf 84' lang='lat' dir='ltr'><strong>sermoni</strong></span> <span class='ocrx_word' id='word_1_232' title='bbox 522 2291 553 2311; x_wconf 79' lang='lat' dir='ltr'><strong>ea</strong></span> <span class='ocrx_word' id='word_1_233' title='bbox 570 2292 647 2312; x_wconf 84' lang='lat' dir='ltr'><strong>mens</strong></span> <span class='ocrx_word' id='word_1_234' title='bbox 661 2289 712 2315; x_wconf 81' lang='lat' dir='ltr'><strong>est.</strong></span> <span class='ocrx_word' id='word_1_235' title='bbox 736 2290 765 2312; x_wconf 84' lang='lat' dir='ltr'><strong>ut</strong></span> <span class='ocrx_word' id='word_1_236' title='bbox 787 2290 926 2320; x_wconf 87' lang='lat' dir='ltr'><strong>aspectum</strong></span> <span class='ocrx_word' id='word_1_237' title='bbox 948 2286 1011 2313; x_wconf 92' lang='lat' dir='ltr'><strong>imi-</strong></span> 
     </span>
    </p>
   </div>
   <div class='ocr_carea' id='block_1_41' title="bbox 222 2330 1009 2361">
    <p class='ocr_par' dir='ltr' id='par_1_41' title="bbox 222 2330 1009 2361">
     <span class='ocr_line' id='line_1_41' title="bbox 222 2330 1009 2361; baseline 0.006 -8"><span class='ocrx_word' id='word_1_238' title='bbox 222 2332 315 2361; x_wconf 87' lang='lat' dir='ltr'><strong>tetur;</strong></span> <span class='ocrx_word' id='word_1_239' title='bbox 342 2334 370 2356; x_wconf 85' lang='lat' dir='ltr'><strong>et</strong></span> <span class='ocrx_word' id='word_1_240' title='bbox 385 2331 473 2357; x_wconf 90' lang='lat' dir='ltr'><strong>omnis</strong></span> <span class='ocrx_word' id='word_1_241' title='bbox 497 2330 611 2357; x_wconf 87' lang='lat' dir='ltr'><strong>imitatio</strong></span> <span class='ocrx_word' id='word_1_242' title='bbox 636 2336 731 2358; x_wconf 82' lang='lat' dir='ltr'><strong>exacta</strong></span> <span class='ocrx_word' id='word_1_243' title='bbox 751 2332 921 2360; x_wconf 85' lang='lat' dir='ltr'><strong>discussione</strong></span> <span class='ocrx_word' id='word_1_244' title='bbox 939 2332 1009 2359; x_wconf 81' lang='lat' dir='ltr'><strong>infe-</strong></span> 
     </span>
    </p>
   </div>
   <div class='ocr_carea' id='block_1_42' title="bbox 221 2373 1009 2409">
    <p class='ocr_par' dir='ltr' id='par_1_42' title="bbox 221 2373 1009 2409">
     <span class='ocr_line' id='line_1_42' title="bbox 221 2373 1009 2409; baseline 0.006 -9"><span class='ocrx_word' id='word_1_245' title='bbox 221 2373 278 2400; x_wconf 86' lang='lat' dir='ltr'><strong>rior</strong></span> <span class='ocrx_word' id='word_1_246' title='bbox 289 2379 342 2407; x_wconf 81' lang='lat' dir='ltr'><strong>est,</strong></span> <span class='ocrx_word' id='word_1_247' title='bbox 359 2375 493 2409; x_wconf 83' lang='lat' dir='ltr'><strong>sequitur.</strong></span> <span class='ocrx_word' id='word_1_248' title='bbox 509 2384 551 2403; x_wconf 90' lang='lat' dir='ltr'><strong>me</strong></span> <span class='ocrx_word' id='word_1_249' title='bbox 568 2377 649 2404; x_wconf 79' lang='lat' dir='ltr'><strong>etiam</strong></span> <span class='ocrx_word' id='word_1_250' title='bbox 667 2378 797 2405; x_wconf 88' lang='lat' dir='ltr'><strong>minorem</strong></span> <span class='ocrx_word' id='word_1_251' title='bbox 815 2378 869 2405; x_wconf 87' lang='lat' dir='ltr'><strong>illis</strong></span> <span class='ocrx_word' id='word_1_252' title='bbox 888 2378 1009 2405; x_wconf 66' lang='lat' dir='ltr'><strong>laetitiam</strong></span> 
     </span>
    </p>
   </div>
   <div class='ocr_carea' id='block_1_43' title="bbox 220 2421 1008 2458">
    <p class='ocr_par' dir='ltr' id='par_1_43' title="bbox 220 2421 1008 2458">
     <span class='ocr_line' id='line_1_43' title="bbox 220 2421 1008 2458; baseline 0.006 -12"><span class='ocrx_word' id='word_1_253' title='bbox 220 2424 453 2452; x_wconf 81' lang='lat' dir='ltr'><strong>comparaturum,</strong></span> <span class='ocrx_word' id='word_1_254' title='bbox 468 2428 500 2448; x_wconf 82' lang='lat' dir='ltr'><strong>ea</strong></span> <span class='ocrx_word' id='word_1_255' title='bbox 527 2421 673 2456; x_wconf 76' lang='lat' dir='ltr'><strong>voluptate,</strong></span> <span class='ocrx_word' id='word_1_256' title='bbox 692 2430 752 2457; x_wconf 83' lang='lat' dir='ltr'><strong>quae</strong></span> <span class='ocrx_word' id='word_1_257' title='bbox 766 2424 829 2456; x_wconf 82' lang='lat' dir='ltr'><strong>ipsis</strong></span> <span class='ocrx_word' id='word_1_258' title='bbox 850 2430 899 2458; x_wconf 82' lang='lat' dir='ltr'><strong>per</strong></span> <span class='ocrx_word' id='word_1_259' title='bbox 914 2424 1008 2451; x_wconf 88' lang='lat' dir='ltr'><strong>oculos</strong></span> 
     </span>
    </p>
   </div>
   <div class='ocr_carea' id='block_1_44' title="bbox 219 2463 1008 2502">
    <p class='ocr_par' dir='ltr' id='par_1_44' title="bbox 219 2463 1008 2502">
     <span class='ocr_line' id='line_1_44' title="bbox 219 2463 1008 2502; baseline 0.009 -13"><span class='ocrx_word' id='word_1_260' title='bbox 219 2463 329 2491; x_wconf 81' lang='lat' dir='ltr'><strong>insedit.</strong></span> <span class='ocrx_word' id='word_1_261' title='bbox 345 2464 414 2497; x_wconf 74' lang='lat' dir='ltr'><strong>Quid</strong></span> <span class='ocrx_word' id='word_1_262' title='bbox 433 2472 514 2499; x_wconf 84' lang='lat' dir='ltr'><strong>porro</strong></span> <span class='ocrx_word' id='word_1_263' title='bbox 527 2473 616 2494; x_wconf 85' lang='lat' dir='ltr'><strong>sermo</strong></span> <span class='ocrx_word' id='word_1_264' title='bbox 627 2467 638 2493; x_wconf 91' lang='lat'><strong>?</strong></span> <span class='ocrx_word' id='word_1_265' title='bbox 648 2475 695 2495; x_wconf 87' lang='lat' dir='ltr'><strong>eos</strong></span> <span class='ocrx_word' id='word_1_266' title='bbox 714 2469 868 2502; x_wconf 77' lang='lat' dir='ltr'><strong>expressius</strong></span> <span class='ocrx_word' id='word_1_267' title='bbox 881 2469 1008 2502; x_wconf 85' lang='lat' dir='ltr'><strong>instruet,</strong></span> 
     </span>
    </p>
   </div>
   <div class='ocr_carea' id='block_1_45' title="bbox 220 2510 1048 2553">
    <p class='ocr_par' dir='ltr' id='par_1_45' title="bbox 220 2510 1048 2553">
     <span class='ocr_line' id='line_1_45' title="bbox 220 2510 1048 2553; baseline 0.012 -20"><span class='ocrx_word' id='word_1_268' title='bbox 220 2510 264 2543; x_wconf 87' lang='lat' dir='ltr'><strong>qni</strong></span> <span class='ocrx_word' id='word_1_269' title='bbox 284 2510 370 2537; x_wconf 84' lang='lat' dir='ltr'><strong>oculis</strong></span> <span class='ocrx_word' id='word_1_270' title='bbox 385 2518 463 2538; x_wconf 85' lang='lat' dir='ltr'><strong>sacra</strong></span> <span class='ocrx_word' id='word_1_271' title='bbox 479 2511 521 2538; x_wconf 88' lang='lat' dir='ltr'><strong>illa</strong></span> <span class='ocrx_word' id='word_1_272' title='bbox 538 2511 596 2539; x_wconf 86' lang='lat' dir='ltr'><strong>loca</strong></span> <span class='ocrx_word' id='word_1_273' title='bbox 615 2520 670 2539; x_wconf 91' lang='lat' dir='ltr'><strong>non</strong></span> <span class='ocrx_word' id='word_1_274' title='bbox 700 2514 911 2548; x_wconf 83' lang='lat' dir='ltr'><strong>perlustrarunt,</strong></span> <span class='ocrx_word' id='word_1_275' title='bbox 940 2522 1011 2550; x_wconf 70' lang='lat' dir='ltr'><strong>saepe</strong></span> <span class='ocrx_word' id='word_1_276' title='bbox 1023 2521 1048 2553; x_wconf 77' lang='grc' dir='ltr'><strong>α</strong></span> 
     </span>
    </p>
   </div>
   <div class='ocr_carea' id='block_1_46' title="bbox 219 2555 1004 2595">
    <p class='ocr_par' dir='ltr' id='par_1_46' title="bbox 219 2555 1004 2595">
     <span class='ocr_line' id='line_1_46' title="bbox 219 2555 1004 2595; baseline 0.008 -14"><span class='ocrx_word' id='word_1_277' title='bbox 219 2555 300 2582; x_wconf 82' lang='lat' dir='ltr'><strong>etiam</strong></span> <span class='ocrx_word' id='word_1_278' title='bbox 315 2560 342 2582; x_wconf 87' lang='lat' dir='ltr'><strong>et</strong></span> <span class='ocrx_word' id='word_1_279' title='bbox 363 2563 422 2589; x_wconf 89' lang='lat' dir='ltr'><strong>eos,</strong></span> <span class='ocrx_word' id='word_1_280' title='bbox 439 2557 485 2591; x_wconf 92' lang='lat' dir='ltr'><strong>qui</strong></span> <span class='ocrx_word' id='word_1_281' title='bbox 512 2565 543 2584; x_wconf 89' lang='lat' dir='ltr'><strong>ea</strong></span> <span class='ocrx_word' id='word_1_282' title='bbox 557 2558 729 2586; x_wconf 88' lang='lat' dir='ltr'><strong>narrantibus</strong></span> <span class='ocrx_word' id='word_1_283' title='bbox 749 2565 907 2592; x_wconf 86' lang='lat' dir='ltr'><strong>occurrunt,</strong></span> <span class='ocrx_word' id='word_1_284' title='bbox 925 2568 1004 2595; x_wconf 80' lang='lat' dir='ltr'><strong>quant</strong></span> 
     </span>
    </p>
   </div>
   <div class='ocr_carea' id='block_1_47' title="bbox 1070 1223 1862 1264">
    <p class='ocr_par' dir='ltr' id='par_1_47' title="bbox 1070 1223 1862 1264">
     <span class='ocr_line' id='line_1_47' title="bbox 1070 1223 1862 1264; baseline 0.001 -10"><span class='ocrx_word' id='word_1_285' title='bbox 1070 1236 1125 1254; x_wconf 84' lang='grc' dir='ltr'>των</span> <span class='ocrx_word' id='word_1_286' title='bbox 1143 1227 1234 1264; x_wconf 77' lang='grc' dir='ltr'>ἡμεῖς,</span> <span class='ocrx_word' id='word_1_287' title='bbox 1251 1227 1297 1254; x_wconf 76' lang='grc' dir='ltr'><strong>καὶ</strong></span> <span class='ocrx_word' id='word_1_288' title='bbox 1309 1227 1409 1259; x_wconf 78' lang='grc' dir='ltr'>τόπους</span> <span class='ocrx_word' id='word_1_289' title='bbox 1432 1227 1542 1258; x_wconf 74' lang='grc' dir='ltr'>[δόντες.</span> <span class='ocrx_word' id='word_1_290' title='bbox 1563 1227 1606 1261; x_wconf 75' lang='grc' dir='ltr'><strong>ἐφ’</strong></span> <span class='ocrx_word' id='word_1_291' title='bbox 1620 1223 1661 1259; x_wconf 78' lang='grc' dir='ltr'>οἷς</span> <span class='ocrx_word' id='word_1_292' title='bbox 1679 1227 1748 1258; x_wconf 75' lang='grc' dir='ltr'>Θεὸς</span> <span class='ocrx_word' id='word_1_293' title='bbox 1773 1228 1862 1255; x_wconf 79' lang='grc' dir='ltr'>πάλαι</span> 
     </span>
    </p>
   </div>
   <div class='ocr_carea' id='block_1_48' title="bbox 1073 1273 1862 1310">
    <p class='ocr_par' dir='ltr' id='par_1_48' title="bbox 1073 1273 1862 1310">
     <span class='ocr_line' id='line_1_48' title="bbox 1073 1273 1862 1310; baseline 0 -9"><span class='ocrx_word' id='word_1_294' title='bbox 1073 1274 1122 1310; x_wconf 78' lang='grc' dir='ltr'>μὲν</span> <span class='ocrx_word' id='word_1_295' title='bbox 1135 1275 1316 1310; x_wconf 75' lang='grc' dir='ltr'>ἐχρημάτισε,</span> <span class='ocrx_word' id='word_1_296' title='bbox 1331 1274 1396 1301; x_wconf 75' lang='grc' dir='ltr'>λαὸν</span> <span class='ocrx_word' id='word_1_297' title='bbox 1410 1273 1519 1308; x_wconf 81' lang='grc' dir='ltr'>φυγάδα</span> <span class='ocrx_word' id='word_1_298' title='bbox 1531 1273 1574 1300; x_wconf 80' lang='grc' dir='ltr'>διὰ</span> <span class='ocrx_word' id='word_1_299' title='bbox 1587 1273 1710 1305; x_wconf 78' lang='grc' dir='ltr'><strong>Μωσέως</strong></span> <span class='ocrx_word' id='word_1_300' title='bbox 1725 1273 1756 1306; x_wconf 67' lang='grc' dir='ltr'><strong>ἐξ</strong></span> <span class='ocrx_word' id='word_1_301' title='bbox 1771 1273 1862 1308; x_wconf 78' lang='grc' dir='ltr'><strong>Αἰγύ-</strong></span> 
     </span>
    </p>
   </div>
   <div class='ocr_carea' id='block_1_49' title="bbox 1071 1318 1859 1355">
    <p class='ocr_par' dir='ltr' id='par_1_49' title="bbox 1071 1318 1859 1355">
     <span class='ocr_line' id='line_1_49' title="bbox 1071 1318 1859 1355; baseline 0 -9"><span class='ocrx_word' id='word_1_302' title='bbox 1071 1328 1139 1347; x_wconf 85' lang='grc' dir='ltr'>πτου</span> <span class='ocrx_word' id='word_1_303' title='bbox 1154 1320 1183 1346; x_wconf 85' lang='grc' dir='ltr'>ὲν</span> <span class='ocrx_word' id='word_1_304' title='bbox 1198 1320 1294 1355; x_wconf 83' lang='grc' dir='ltr'><strong>τέρασι</strong></span> <span class='ocrx_word' id='word_1_305' title='bbox 1310 1320 1356 1346; x_wconf 80' lang='grc' dir='ltr'><strong>καὶ</strong></span> <span class='ocrx_word' id='word_1_306' title='bbox 1378 1319 1502 1354; x_wconf 73' lang='grc' dir='ltr'><strong>σημείοις</strong></span> <span class='ocrx_word' id='word_1_307' title='bbox 1517 1318 1679 1354; x_wconf 81' lang='grc' dir='ltr'>μεταγαγὼν</span> <span class='ocrx_word' id='word_1_308' title='bbox 1699 1319 1773 1354; x_wconf 79' lang='grc' dir='ltr'>χειρὶ</span> <span class='ocrx_word' id='word_1_309' title='bbox 1788 1328 1859 1354; x_wconf 82' lang='grc' dir='ltr'>κρα-</span> 
     </span>
    </p>
   </div>
   <div class='ocr_carea' id='block_1_50' title="bbox 1069 1365 1860 1402">
    <p class='ocr_par' dir='ltr' id='par_1_50' title="bbox 1069 1365 1860 1402">
     <span class='ocr_line' id='line_1_50' title="bbox 1069 1365 1860 1402; baseline -0.003 -8"><span class='ocrx_word' id='word_1_310' title='bbox 1069 1367 1143 1402; x_wconf 80' lang='grc' dir='ltr'>ταιᾷ,</span> <span class='ocrx_word' id='word_1_311' title='bbox 1161 1367 1285 1399; x_wconf 79' lang='grc' dir='ltr'>πατάξας</span> <span class='ocrx_word' id='word_1_312' title='bbox 1299 1366 1363 1402; x_wconf 72' lang='grc' dir='ltr'>ἔθνη</span> <span class='ocrx_word' id='word_1_313' title='bbox 1385 1367 1431 1393; x_wconf 73' lang='grc' dir='ltr'><strong>καὶ</strong></span> <span class='ocrx_word' id='word_1_314' title='bbox 1446 1366 1581 1398; x_wconf 76' lang='grc' dir='ltr'>δυνάστας</span> <span class='ocrx_word' id='word_1_315' title='bbox 1595 1365 1696 1397; x_wconf 79' lang='grc' dir='ltr'>αὐτῶν,</span> <span class='ocrx_word' id='word_1_316' title='bbox 1713 1366 1762 1393; x_wconf 82' lang='grc' dir='ltr'>τὸν</span> <span class='ocrx_word' id='word_1_317' title='bbox 1779 1366 1860 1401; x_wconf 85' lang='grc' dir='ltr'>Σηὼν</span> 
     </span>
    </p>
   </div>
   <div class='ocr_carea' id='block_1_51' title="bbox 1071 1410 1860 1448">
    <p class='ocr_par' dir='ltr' id='par_1_51' title="bbox 1071 1410 1860 1448">
     <span class='ocr_line' id='line_1_51' title="bbox 1071 1410 1860 1448; baseline -0.003 -9"><span class='ocrx_word' id='word_1_318' title='bbox 1071 1412 1184 1448; x_wconf 83' lang='grc' dir='ltr'>βασιλέα</span> <span class='ocrx_word' id='word_1_319' title='bbox 1198 1412 1254 1439; x_wconf 86' lang='grc' dir='ltr'><strong>τῶν</strong></span> <span class='ocrx_word' id='word_1_320' title='bbox 1270 1411 1465 1447; x_wconf 77' lang='grc' dir='ltr'><strong>Ἀμωῤῥαίων,</strong></span> <span class='ocrx_word' id='word_1_321' title='bbox 1479 1412 1528 1438; x_wconf 75' lang='grc' dir='ltr'><strong>καὶ</strong></span> <span class='ocrx_word' id='word_1_322' title='bbox 1546 1411 1592 1437; x_wconf 80' lang='grc' dir='ltr'>τὸν</span> <span class='ocrx_word' id='word_1_323' title='bbox 1609 1411 1659 1445; x_wconf 87' lang='grc' dir='ltr'>Ὢγ</span> <span class='ocrx_word' id='word_1_324' title='bbox 1679 1410 1792 1446; x_wconf 81' lang='grc' dir='ltr'>βασιλέα</span> <span class='ocrx_word' id='word_1_325' title='bbox 1807 1411 1860 1446; x_wconf 85' lang='grc' dir='ltr'>τῆς</span> 
     </span>
    </p>
   </div>
   <div class='ocr_carea' id='block_1_52' title="bbox 1069 1457 1859 1493">
    <p class='ocr_par' dir='ltr' id='par_1_52' title="bbox 1069 1457 1859 1493">
     <span class='ocr_line' id='line_1_52' title="bbox 1069 1457 1859 1493; baseline 0.001 -9"><span class='ocrx_word' id='word_1_326' title='bbox 1069 1458 1170 1491; x_wconf 81' lang='grc' dir='ltr'>Βασάν,</span> <span class='ocrx_word' id='word_1_327' title='bbox 1193 1458 1240 1485; x_wconf 79' lang='grc' dir='ltr'><strong>καὶ</strong></span> <span class='ocrx_word' id='word_1_328' title='bbox 1263 1459 1354 1490; x_wconf 80' lang='grc' dir='ltr'>πάσας</span> <span class='ocrx_word' id='word_1_329' title='bbox 1377 1458 1427 1490; x_wconf 78' lang='grc' dir='ltr'><strong>τὰς</strong></span> <span class='ocrx_word' id='word_1_330' title='bbox 1449 1457 1590 1493; x_wconf 77' lang='grc' dir='ltr'><strong>βασιλείας</strong></span> <span class='ocrx_word' id='word_1_331' title='bbox 1610 1458 1721 1484; x_wconf 81' lang='grc' dir='ltr'>Χαναὰν</span> <span class='ocrx_word' id='word_1_332' title='bbox 1751 1458 1799 1485; x_wconf 81' lang='grc' dir='ltr'><strong>καὶ</strong></span> <span class='ocrx_word' id='word_1_333' title='bbox 1828 1459 1859 1485; x_wconf 71' lang='grc' dir='ltr'>ὲν</span> 
     </span>
    </p>
   </div>
   <div class='ocr_carea' id='block_1_53' title="bbox 1071 1502 1856 1540">
    <p class='ocr_par' dir='ltr' id='par_1_53' title="bbox 1071 1502 1856 1540">
     <span class='ocr_line' id='line_1_53' title="bbox 1071 1502 1856 1540; baseline 0 -10"><span class='ocrx_word' id='word_1_334' title='bbox 1071 1504 1195 1540; x_wconf 72' lang='grc' dir='ltr'>βραχίονι</span> <span class='ocrx_word' id='word_1_335' title='bbox 1220 1503 1314 1539; x_wconf 77' lang='grc' dir='ltr'>ὑψηλῷ</span> <span class='ocrx_word' id='word_1_336' title='bbox 1339 1502 1539 1538; x_wconf 83' lang='grc' dir='ltr'>ὲγκαθιδρύσας</span> <span class='ocrx_word' id='word_1_337' title='bbox 1567 1504 1627 1530; x_wconf 69' lang='grc' dir='ltr'><strong>ἐκεῖ</strong></span> <span class='ocrx_word' id='word_1_338' title='bbox 1648 1503 1713 1530; x_wconf 75' lang='grc' dir='ltr'>λαὸν</span> <span class='ocrx_word' id='word_1_339' title='bbox 1737 1503 1856 1538; x_wconf 74' lang='grc' dir='ltr'>ἔπηλυν,</span> 
     </span>
    </p>
   </div>
   <div class='ocr_carea' id='block_1_54' title="bbox 1068 1548 1857 1586">
    <p class='ocr_par' dir='ltr' id='par_1_54' title="bbox 1068 1548 1857 1586">
     <span class='ocr_line' id='line_1_54' title="bbox 1068 1548 1857 1586; baseline 0 -10"><span class='ocrx_word' id='word_1_340' title='bbox 1068 1550 1115 1577; x_wconf 80' lang='grc' dir='ltr'><strong>καὶ</strong></span> <span class='ocrx_word' id='word_1_341' title='bbox 1132 1549 1259 1576; x_wconf 79' lang='grc' dir='ltr'>τοσοῦτον</span> <span class='ocrx_word' id='word_1_342' title='bbox 1275 1548 1396 1584; x_wconf 79' lang='grc' dir='ltr'><strong>αὐξήσας</strong></span> <span class='ocrx_word' id='word_1_343' title='bbox 1410 1549 1472 1576; x_wconf 84' lang='grc' dir='ltr'>ὅσον</span> <span class='ocrx_word' id='word_1_344' title='bbox 1484 1549 1512 1576; x_wconf 77' lang='lat' dir='ltr'><strong>al</strong></span> <span class='ocrx_word' id='word_1_345' title='bbox 1531 1549 1601 1576; x_wconf 83' lang='grc' dir='ltr'>θεῖαι</span> <span class='ocrx_word' id='word_1_346' title='bbox 1613 1550 1770 1585; x_wconf 84' lang='grc' dir='ltr'>παριστῶσι</span> <span class='ocrx_word' id='word_1_347' title='bbox 1784 1550 1857 1586; x_wconf 78' lang='grc' dir='ltr'>Γρα-</span> 
     </span>
    </p>
   </div>
   <div class='ocr_carea' id='block_1_55' title="bbox 1067 1594 1854 1629">
    <p class='ocr_par' dir='ltr' id='par_1_55' title="bbox 1067 1594 1854 1629">
     <span class='ocr_line' id='line_1_55' title="bbox 1067 1594 1854 1629; baseline 0.001 -8"><span class='ocrx_word' id='word_1_348' title='bbox 1067 1594 1128 1629; x_wconf 78' lang='grc' dir='ltr'>φαὶ,</span> <span class='ocrx_word' id='word_1_349' title='bbox 1148 1594 1192 1621; x_wconf 77' lang='grc' dir='ltr'><strong>ἐπ’</strong></span> <span class='ocrx_word' id='word_1_350' title='bbox 1214 1594 1337 1629; x_wconf 76' lang='grc' dir='ltr'><strong>ἐσχάτων</strong></span> <span class='ocrx_word' id='word_1_351' title='bbox 1353 1594 1381 1620; x_wconf 87' lang='grc' dir='ltr'><strong>δὲ</strong></span> <span class='ocrx_word' id='word_1_352' title='bbox 1397 1594 1442 1622; x_wconf 78' lang='grc' dir='ltr'><strong>διὰ</strong></span> <span class='ocrx_word' id='word_1_353' title='bbox 1461 1595 1510 1629; x_wconf 78' lang='grc' dir='ltr'>τῆς</span> <span class='ocrx_word' id='word_1_354' title='bbox 1526 1595 1573 1621; x_wconf 84' lang='grc' dir='ltr'><strong>τοῦ</strong></span> <span class='ocrx_word' id='word_1_355' title='bbox 1587 1595 1756 1629; x_wconf 83' lang='grc' dir='ltr'>Μονογενοῦς</span> <span class='ocrx_word' id='word_1_356' title='bbox 1770 1595 1854 1622; x_wconf 62' lang='lat' dir='ltr'><strong>atina-3</strong></span> 
     </span>
    </p>
   </div>
   <div class='ocr_carea' id='block_1_56' title="bbox 1068 1639 1855 1675">
    <p class='ocr_par' dir='ltr' id='par_1_56' title="bbox 1068 1639 1855 1675">
     <span class='ocr_line' id='line_1_56' title="bbox 1068 1639 1855 1675; baseline 0.001 -9"><span class='ocrx_word' id='word_1_357' title='bbox 1068 1640 1144 1672; x_wconf 79' lang='grc' dir='ltr'>θείας</span> <span class='ocrx_word' id='word_1_358' title='bbox 1163 1640 1398 1675; x_wconf 80' lang='grc' dir='ltr'>ἐνανορωπήσεως</span> <span class='ocrx_word' id='word_1_359' title='bbox 1417 1640 1589 1674; x_wconf 80' lang='grc' dir='ltr'>καθαγιάσας</span> <span class='ocrx_word' id='word_1_360' title='bbox 1617 1641 1726 1673; x_wconf 75' lang='grc' dir='ltr'>αὐτοὺς,</span> <span class='ocrx_word' id='word_1_361' title='bbox 1741 1639 1801 1667; x_wconf 78' lang='grc' dir='ltr'><strong>’καὶ</strong></span> <span class='ocrx_word' id='word_1_362' title='bbox 1824 1641 1855 1668; x_wconf 78' lang='grc' dir='ltr'>τὸ</span> 
     </span>
    </p>
   </div>
   <div class='ocr_carea' id='block_1_57' title="bbox 1067 1684 1852 1721">
    <p class='ocr_par' dir='ltr' id='par_1_57' title="bbox 1067 1684 1852 1721">
     <span class='ocr_line' id='line_1_57' title="bbox 1067 1684 1852 1721; baseline 0.003 -9"><span class='ocrx_word' id='word_1_363' title='bbox 1067 1686 1226 1721; x_wconf 78' lang='grc' dir='ltr'>Θαυμαστὸν</span> <span class='ocrx_word' id='word_1_364' title='bbox 1240 1686 1320 1721; x_wconf 82' lang='grc' dir='ltr'>ἔργον</span> <span class='ocrx_word' id='word_1_365' title='bbox 1340 1687 1389 1720; x_wconf 85' lang='grc' dir='ltr'>τῆς</span> <span class='ocrx_word' id='word_1_366' title='bbox 1404 1686 1484 1721; x_wconf 86' lang='grc' dir='ltr'>ἡμῶν</span> <span class='ocrx_word' id='word_1_367' title='bbox 1499 1684 1646 1718; x_wconf 69' lang='grc' dir='ltr'>ἐκτελέσας</span> <span class='ocrx_word' id='word_1_368' title='bbox 1661 1687 1852 1720; x_wconf 71' lang='grc' dir='ltr'>ἀναπλάσεωῆ</span> 
     </span>
    </p>
   </div>
   <div class='ocr_carea' id='block_1_58' title="bbox 1067 1732 1852 1768">
    <p class='ocr_par' dir='ltr' id='par_1_58' title="bbox 1067 1732 1852 1768">
     <span class='ocr_line' id='line_1_58' title="bbox 1067 1732 1852 1768; baseline 0.001 -9"><span class='ocrx_word' id='word_1_369' title='bbox 1067 1733 1142 1767; x_wconf 82' lang='grc' dir='ltr'>μόνοι</span> <span class='ocrx_word' id='word_1_370' title='bbox 1157 1732 1205 1759; x_wconf 83' lang='grc' dir='ltr'><strong>τοῦ</strong></span> <span class='ocrx_word' id='word_1_371' title='bbox 1228 1732 1333 1766; x_wconf 79' lang='grc' dir='ltr'><strong>ἀγαθοῦ</strong></span> <span class='ocrx_word' id='word_1_372' title='bbox 1349 1732 1428 1759; x_wconf 76' lang='grc' dir='ltr'>τοῦδε</span> <span class='ocrx_word' id='word_1_373' title='bbox 1450 1733 1640 1768; x_wconf 83' lang='grc' dir='ltr'>μετάσχωμεν,</span> <span class='ocrx_word' id='word_1_374' title='bbox 1659 1734 1722 1765; x_wconf 74' lang='grc' dir='ltr'>τοὺς</span> <span class='ocrx_word' id='word_1_375' title='bbox 1744 1733 1852 1768; x_wconf 81' lang='grc' dir='ltr'>λίχνους</span> 
     </span>
    </p>
   </div>
   <div class='ocr_carea' id='block_1_59' title="bbox 1065 1778 1853 1814">
    <p class='ocr_par' dir='ltr' id='par_1_59' title="bbox 1065 1778 1853 1814">
     <span class='ocr_line' id='line_1_59' title="bbox 1065 1778 1853 1814; baseline 0.001 -10"><span class='ocrx_word' id='word_1_376' title='bbox 1065 1780 1132 1814; x_wconf 80' lang='grc' dir='ltr'>περὶ</span> <span class='ocrx_word' id='word_1_377' title='bbox 1143 1779 1193 1810; x_wconf 69' lang='grc' dir='ltr'><strong>τὰς</strong></span> <span class='ocrx_word' id='word_1_378' title='bbox 1206 1778 1321 1814; x_wconf 80' lang='grc' dir='ltr'>βρώσεις</span> <span class='ocrx_word' id='word_1_379' title='bbox 1338 1778 1518 1813; x_wconf 74' lang='grc' dir='ltr'>μιμούμενοις</span> <span class='ocrx_word' id='word_1_380' title='bbox 1536 1779 1591 1805; x_wconf 68' lang='grc' dir='ltr'><strong>Καὶ</strong></span> <span class='ocrx_word' id='word_1_381' title='bbox 1614 1778 1664 1805; x_wconf 79' lang='grc' dir='ltr'>ποῦ</span> <span class='ocrx_word' id='word_1_382' title='bbox 1682 1779 1712 1805; x_wconf 86' lang='grc' dir='ltr'>τδ</span> <span class='ocrx_word' id='word_1_383' title='bbox 1729 1787 1853 1805; x_wconf 83' lang='grc' dir='ltr'>κοινωνι-</span> 
     </span>
    </p>
   </div>
   <div class='ocr_carea' id='block_1_60' title="bbox 1066 1821 1861 1860">
    <p class='ocr_par' dir='ltr' id='par_1_60' title="bbox 1066 1821 1861 1860">
     <span class='ocr_line' id='line_1_60' title="bbox 1066 1821 1861 1860; baseline 0 -10"><span class='ocrx_word' id='word_1_384' title='bbox 1066 1824 1113 1850; x_wconf 80' lang='grc' dir='ltr'><strong>κὸν</strong></span> <span class='ocrx_word' id='word_1_385' title='bbox 1129 1822 1176 1850; x_wconf 66' lang='grc' dir='ltr'><strong>καὶ</strong></span> <span class='ocrx_word' id='word_1_386' title='bbox 1191 1823 1353 1858; x_wconf 73' lang='grc' dir='ltr'>φιλάλληλον</span> <span class='ocrx_word' id='word_1_387' title='bbox 1370 1825 1509 1859; x_wconf 80' lang='grc' dir='ltr'>φανεῖται,</span> <span class='ocrx_word' id='word_1_388' title='bbox 1522 1824 1556 1851; x_wconf 76' lang='grc' dir='ltr'>δι’</span> <span class='ocrx_word' id='word_1_389' title='bbox 1580 1821 1617 1851; x_wconf 82' lang='grc' dir='ltr'>ὦν</span> <span class='ocrx_word' id='word_1_390' title='bbox 1634 1826 1663 1851; x_wconf 62' lang='grc' dir='ltr'><strong>τὸ</strong></span> <span class='ocrx_word' id='word_1_391' title='bbox 1678 1826 1726 1860; x_wconf 80' lang='grc' dir='ltr'>τῆς</span> <span class='ocrx_word' id='word_1_392' title='bbox 1742 1825 1861 1860; x_wconf 64' lang='grc' dir='ltr'>ἀγάπηᾳ</span> 
     </span>
    </p>
   </div>
   <div class='ocr_carea' id='block_1_61' title="bbox 1067 1869 1917 1907">
    <p class='ocr_par' dir='ltr' id='par_1_61' title="bbox 1067 1869 1917 1907">
     <span class='ocr_line' id='line_1_61' title="bbox 1067 1869 1917 1907; baseline 0.001 -12"><span class='ocrx_word' id='word_1_393' title='bbox 1067 1870 1229 1903; x_wconf 76' lang='grc' dir='ltr'>ἐμφαίνεται</span> <span class='ocrx_word' id='word_1_394' title='bbox 1254 1870 1360 1904; x_wconf 79' lang='grc' dir='ltr'>χρῆμα,</span> <span class='ocrx_word' id='word_1_395' title='bbox 1386 1869 1433 1896; x_wconf 79' lang='grc' dir='ltr'><strong>καὶ</strong></span> <span class='ocrx_word' id='word_1_396' title='bbox 1455 1870 1485 1895; x_wconf 81' lang='grc' dir='ltr'>τὸ</span> <span class='ocrx_word' id='word_1_397' title='bbox 1502 1869 1551 1903; x_wconf 87' lang='grc' dir='ltr'>τῆς</span> <span class='ocrx_word' id='word_1_398' title='bbox 1567 1869 1647 1904; x_wconf 85' lang='grc' dir='ltr'>ἡμῶν</span> <span class='ocrx_word' id='word_1_399' title='bbox 1661 1870 1769 1904; x_wconf 80' lang='grc' dir='ltr'>φύσεως</span> <span class='ocrx_word' id='word_1_400' title='bbox 1786 1870 1850 1896; x_wconf 74' lang='grc' dir='ltr'>ἴδιον</span> <span class='ocrx_word' id='word_1_401' title='bbox 1905 1896 1917 1907; x_wconf 78' lang='lat'>_</span> 
     </span>
    </p>
   </div>
   <div class='ocr_carea' id='block_1_62' title="bbox 1066 1913 1851 1952">
    <p class='ocr_par' dir='ltr' id='par_1_62' title="bbox 1066 1913 1851 1952">
     <span class='ocr_line' id='line_1_62' title="bbox 1066 1913 1851 1952; baseline 0.003 -11"><span class='ocrx_word' id='word_1_402' title='bbox 1066 1913 1119 1941; x_wconf 74' lang='grc' dir='ltr'>οἶδε</span> <span class='ocrx_word' id='word_1_403' title='bbox 1132 1915 1400 1951; x_wconf 81' lang='grc' dir='ltr'>χαρακτηρίζεσθαι;</span> <span class='ocrx_word' id='word_1_404' title='bbox 1423 1914 1614 1952; x_wconf 78' lang='grc' dir='ltr'>Ὲγχειρητέον</span> <span class='ocrx_word' id='word_1_405' title='bbox 1627 1915 1672 1942; x_wconf 78' lang='grc' dir='ltr'>οὖν</span> <span class='ocrx_word' id='word_1_406' title='bbox 1689 1916 1754 1943; x_wconf 79' lang='grc' dir='ltr'>ὡσεὶ</span> <span class='ocrx_word' id='word_1_407' title='bbox 1771 1916 1851 1943; x_wconf 75' lang='grc' dir='ltr'>δύνα-</span> 
     </span>
    </p>
   </div>
   <div class='ocr_carea' id='block_1_63' title="bbox 1067 1961 1850 1997">
    <p class='ocr_par' dir='ltr' id='par_1_63' title="bbox 1067 1961 1850 1997">
     <span class='ocr_line' id='line_1_63' title="bbox 1067 1961 1850 1997; baseline 0.001 -9"><span class='ocrx_word' id='word_1_408' title='bbox 1067 1970 1124 1997; x_wconf 88' lang='grc' dir='ltr'>μις,</span> <span class='ocrx_word' id='word_1_409' title='bbox 1145 1961 1177 1988; x_wconf 78' lang='grc' dir='ltr'><strong>ἵν’</strong></span> <span class='ocrx_word' id='word_1_410' title='bbox 1194 1962 1233 1993; x_wconf 86' lang='grc' dir='ltr'>ὡς</span> <span class='ocrx_word' id='word_1_411' title='bbox 1248 1962 1276 1988; x_wconf 80' lang='grc' dir='ltr'>ὲν</span> <span class='ocrx_word' id='word_1_412' title='bbox 1294 1961 1389 1988; x_wconf 78' lang='grc' dir='ltr'>πίνακι</span> <span class='ocrx_word' id='word_1_413' title='bbox 1411 1961 1441 1988; x_wconf 68' lang='grc' dir='ltr'><strong>τὸ</strong></span> <span class='ocrx_word' id='word_1_414' title='bbox 1457 1961 1619 1996; x_wconf 82' lang='grc' dir='ltr'>διάγραμμα</span> <span class='ocrx_word' id='word_1_415' title='bbox 1635 1961 1680 1988; x_wconf 82' lang='grc' dir='ltr'><strong>διὰ</strong></span> <span class='ocrx_word' id='word_1_416' title='bbox 1703 1962 1750 1989; x_wconf 85' lang='grc' dir='ltr'>τοῦ</span> <span class='ocrx_word' id='word_1_417' title='bbox 1768 1962 1850 1995; x_wconf 81' lang='grc' dir='ltr'>λόγου</span> 
     </span>
    </p>
   </div>
   <div class='ocr_carea' id='block_1_64' title="bbox 1065 2004 1848 2042">
    <p class='ocr_par' dir='ltr' id='par_1_64' title="bbox 1065 2004 1848 2042">
     <span class='ocr_line' id='line_1_64' title="bbox 1065 2004 1848 2042; baseline 0.001 -9"><span class='ocrx_word' id='word_1_418' title='bbox 1065 2008 1334 2042; x_wconf 80' lang='grc' dir='ltr'>εικονουργήσωμεν,</span> <span class='ocrx_word' id='word_1_419' title='bbox 1353 2007 1401 2034; x_wconf 78' lang='grc' dir='ltr'><strong>καὶ</strong></span> <span class='ocrx_word' id='word_1_420' title='bbox 1417 2007 1488 2041; x_wconf 74' lang='grc' dir='ltr'>ἅπερ</span> <span class='ocrx_word' id='word_1_421' title='bbox 1516 2006 1629 2042; x_wconf 78' lang='grc' dir='ltr'>ἀμέσως</span> <span class='ocrx_word' id='word_1_422' title='bbox 1654 2004 1774 2042; x_wconf 55' lang='grc' dir='ltr'>εἴδομεν,</span> <span class='ocrx_word' id='word_1_423' title='bbox 1804 2008 1848 2035; x_wconf 77' lang='grc' dir='ltr'><strong>διὰ</strong></span> 
     </span>
    </p>
   </div>
   <div class='ocr_carea' id='block_1_65' title="bbox 1066 2052 1850 2088">
    <p class='ocr_par' dir='ltr' id='par_1_65' title="bbox 1066 2052 1850 2088">
     <span class='ocr_line' id='line_1_65' title="bbox 1066 2052 1850 2088; baseline 0.003 -10"><span class='ocrx_word' id='word_1_424' title='bbox 1066 2053 1150 2088; x_wconf 83' lang='grc' dir='ltr'>μέσου</span> <span class='ocrx_word' id='word_1_425' title='bbox 1164 2052 1211 2079; x_wconf 83' lang='grc' dir='ltr'>τοῦ</span> <span class='ocrx_word' id='word_1_426' title='bbox 1229 2053 1394 2087; x_wconf 81' lang='grc' dir='ltr'>γράμματος</span> <span class='ocrx_word' id='word_1_427' title='bbox 1412 2052 1469 2084; x_wconf 75' lang='grc' dir='ltr'>τοῖς</span> <span class='ocrx_word' id='word_1_428' title='bbox 1485 2052 1620 2087; x_wconf 81' lang='grc' dir='ltr'>φιλοθέοις</span> <span class='ocrx_word' id='word_1_429' title='bbox 1643 2053 1850 2088; x_wconf 81' lang='grc' dir='ltr'>καθιστορήσω-</span> 
     </span>
    </p>
   </div>
   <div class='ocr_carea' id='block_1_66' title="bbox 1066 2094 1850 2132">
    <p class='ocr_par' dir='ltr' id='par_1_66' title="bbox 1066 2094 1850 2132">
     <span class='ocr_line' id='line_1_66' title="bbox 1066 2094 1850 2132; baseline 0 -10"><span class='ocrx_word' id='word_1_430' title='bbox 1066 2105 1126 2130; x_wconf 84' lang='grc' dir='ltr'>μεν.</span> <span class='ocrx_word' id='word_1_431' title='bbox 1143 2096 1206 2127; x_wconf 88' lang='grc' dir='ltr'>Τοῖς</span> <span class='ocrx_word' id='word_1_432' title='bbox 1224 2095 1274 2130; x_wconf 79' lang='grc' dir='ltr'>μὲν</span> <span class='ocrx_word' id='word_1_433' title='bbox 1287 2094 1333 2122; x_wconf 79' lang='grc' dir='ltr'>οὖν</span> <span class='ocrx_word' id='word_1_434' title='bbox 1347 2095 1410 2127; x_wconf 82' lang='grc' dir='ltr'>τοὺς</span> <span class='ocrx_word' id='word_1_435' title='bbox 1421 2096 1523 2128; x_wconf 84' lang='grc' dir='ltr'>τόπους</span> <span class='ocrx_word' id='word_1_436' title='bbox 1533 2096 1723 2131; x_wconf 81' lang='grc' dir='ltr'>θεασαμένοις,</span> <span class='ocrx_word' id='word_1_437' title='bbox 1738 2097 1850 2132; x_wconf 83' lang='grc' dir='ltr'>περίερ-</span> 
     </span>
    </p>
   </div>
   <div class='ocr_carea' id='block_1_67' title="bbox 1064 2141 1848 2177">
    <p class='ocr_par' dir='ltr' id='par_1_67' title="bbox 1064 2141 1848 2177">
     <span class='ocr_line' id='line_1_67' title="bbox 1064 2141 1848 2177; baseline 0 -9"><span class='ocrx_word' id='word_1_438' title='bbox 1064 2143 1111 2176; x_wconf 86' lang='grc' dir='ltr'><strong>γόν</strong></span> <span class='ocrx_word' id='word_1_439' title='bbox 1127 2151 1152 2168; x_wconf 90' lang='grc' dir='ltr'><strong>τι</strong></span> <span class='ocrx_word' id='word_1_440' title='bbox 1167 2141 1235 2174; x_wconf 79' lang='grc' dir='ltr'><strong>δόξω</strong></span> <span class='ocrx_word' id='word_1_441' title='bbox 1252 2142 1350 2168; x_wconf 80' lang='grc' dir='ltr'>ποιεῖν.</span> <span class='ocrx_word' id='word_1_442' title='bbox 1368 2141 1400 2168; x_wconf 79' lang='lat' dir='ltr'><strong>El</strong></span> <span class='ocrx_word' id='word_1_443' title='bbox 1415 2141 1470 2176; x_wconf 79' lang='grc' dir='ltr'><strong>γὰρ</strong></span> <span class='ocrx_word' id='word_1_444' title='bbox 1487 2142 1525 2177; x_wconf 84' lang='grc' dir='ltr'>τῷ</span> <span class='ocrx_word' id='word_1_445' title='bbox 1542 2142 1615 2177; x_wconf 88' lang='grc' dir='ltr'>λόγῳ</span> <span class='ocrx_word' id='word_1_446' title='bbox 1632 2143 1733 2174; x_wconf 75' lang='grc' dir='ltr'>σχοπδς</span> <span class='ocrx_word' id='word_1_447' title='bbox 1754 2144 1848 2177; x_wconf 84' lang='grc' dir='ltr'>μιμεῖ-</span> 
     </span>
    </p>
   </div>
   <div class='ocr_carea' id='block_1_68' title="bbox 1065 2186 1847 2223">
    <p class='ocr_par' dir='ltr' id='par_1_68' title="bbox 1065 2186 1847 2223">
     <span class='ocr_line' id='line_1_68' title="bbox 1065 2186 1847 2223; baseline 0.003 -9"><span class='ocrx_word' id='word_1_448' title='bbox 1065 2189 1127 2214; x_wconf 73' lang='grc' dir='ltr'>σθαι</span> <span class='ocrx_word' id='word_1_449' title='bbox 1139 2187 1189 2223; x_wconf 80' lang='grc' dir='ltr'>τὴν</span> <span class='ocrx_word' id='word_1_450' title='bbox 1202 2187 1278 2219; x_wconf 80' lang='grc' dir='ltr'>θέαν,</span> <span class='ocrx_word' id='word_1_451' title='bbox 1294 2188 1370 2213; x_wconf 83' lang='grc' dir='ltr'>πᾶσα</span> <span class='ocrx_word' id='word_1_452' title='bbox 1382 2186 1411 2213; x_wconf 75' lang='grc' dir='ltr'><strong>δὲ</strong></span> <span class='ocrx_word' id='word_1_453' title='bbox 1430 2187 1544 2223; x_wconf 83' lang='grc' dir='ltr'>μίμησις</span> <span class='ocrx_word' id='word_1_454' title='bbox 1557 2186 1638 2222; x_wconf 79' lang='grc' dir='ltr'>ἧττόν</span> <span class='ocrx_word' id='word_1_455' title='bbox 1652 2198 1709 2216; x_wconf 75' lang='grc' dir='ltr'>πως</span> <span class='ocrx_word' id='word_1_456' title='bbox 1724 2189 1847 2223; x_wconf 67' lang='grc' dir='ltr'>φαίνεται</span> 
     </span>
    </p>
   </div>
   <div class='ocr_carea' id='block_1_69' title="bbox 1062 2231 1848 2269">
    <p class='ocr_par' dir='ltr' id='par_1_69' title="bbox 1062 2231 1848 2269">
     <span class='ocr_line' id='line_1_69' title="bbox 1062 2231 1848 2269; baseline 0 -8"><span class='ocrx_word' id='word_1_457' title='bbox 1062 2235 1113 2269; x_wconf 82' lang='grc' dir='ltr'>τῆς</span> <span class='ocrx_word' id='word_1_458' title='bbox 1128 2233 1284 2269; x_wconf 75' lang='grc' dir='ltr'>ἀκριϐείας,</span> <span class='ocrx_word' id='word_1_459' title='bbox 1296 2233 1374 2266; x_wconf 83' lang='grc' dir='ltr'>δῆλον</span> <span class='ocrx_word' id='word_1_460' title='bbox 1390 2232 1427 2264; x_wconf 86' lang='grc' dir='ltr'>ὡς</span> <span class='ocrx_word' id='word_1_461' title='bbox 1437 2231 1519 2269; x_wconf 84' lang='grc' dir='ltr'>ἦττον</span> <span class='ocrx_word' id='word_1_462' title='bbox 1535 2234 1663 2269; x_wconf 79' lang='grc' dir='ltr'>εὐφρανῶ</span> <span class='ocrx_word' id='word_1_463' title='bbox 1674 2235 1724 2269; x_wconf 83' lang='grc' dir='ltr'>τῆς</span> <span class='ocrx_word' id='word_1_464' title='bbox 1737 2235 1780 2261; x_wconf 81' lang='grc' dir='ltr'>διὰ</span> <span class='ocrx_word' id='word_1_465' title='bbox 1793 2235 1848 2261; x_wconf 85' lang='grc' dir='ltr'>τῶν</span> 
     </span>
    </p>
   </div>
   <div class='ocr_carea' id='block_1_70' title="bbox 1061 2279 1846 2316">
    <p class='ocr_par' dir='ltr' id='par_1_70' title="bbox 1061 2279 1846 2316">
     <span class='ocr_line' id='line_1_70' title="bbox 1061 2279 1846 2316; baseline 0.003 -10"><span class='ocrx_word' id='word_1_466' title='bbox 1061 2281 1194 2315; x_wconf 83' lang='grc' dir='ltr'>ὀμμάτων</span> <span class='ocrx_word' id='word_1_467' title='bbox 1214 2280 1399 2315; x_wconf 78' lang='grc' dir='ltr'>ὲνιδρυθείσης</span> <span class='ocrx_word' id='word_1_468' title='bbox 1423 2280 1506 2312; x_wconf 82' lang='grc' dir='ltr'>αὐτῆς</span> <span class='ocrx_word' id='word_1_469' title='bbox 1523 2279 1578 2316; x_wconf 84' lang='grc' dir='ltr'><strong>[Ζσ.</strong></span> <span class='ocrx_word' id='word_1_470' title='bbox 1609 2280 1711 2316; x_wconf 80' lang='grc' dir='ltr'>αὐτοῖς]</span> <span class='ocrx_word' id='word_1_471' title='bbox 1741 2281 1846 2316; x_wconf 72' lang='grc' dir='ltr'>ἡδονῆς.</span> 
     </span>
    </p>
   </div>
   <div class='ocr_carea' id='block_1_71' title="bbox 1063 2326 1882 2363">
    <p class='ocr_par' dir='ltr' id='par_1_71' title="bbox 1063 2326 1882 2363">
     <span class='ocr_line' id='line_1_71' title="bbox 1063 2326 1882 2363; baseline 0.002 -11"><span class='ocrx_word' id='word_1_472' title='bbox 1063 2327 1096 2353; x_wconf 83' lang='grc' dir='ltr'><strong>Τί</strong></span> <span class='ocrx_word' id='word_1_473' title='bbox 1107 2326 1152 2352; x_wconf 82' lang='grc' dir='ltr'>οὖν</span> <span class='ocrx_word' id='word_1_474' title='bbox 1177 2328 1191 2352; x_wconf 87' lang='grc' dir='ltr'><strong>ό</strong></span> <span class='ocrx_word' id='word_1_475' title='bbox 1215 2326 1313 2360; x_wconf 83' lang='grc' dir='ltr'>λόγος;</span> <span class='ocrx_word' id='word_1_476' title='bbox 1338 2326 1400 2357; x_wconf 84' lang='grc' dir='ltr'>τοὺς</span> <span class='ocrx_word' id='word_1_477' title='bbox 1415 2326 1474 2359; x_wconf 74' lang='grc' dir='ltr'>ὀψει</span> <span class='ocrx_word' id='word_1_478' title='bbox 1502 2326 1539 2361; x_wconf 83' lang='grc' dir='ltr'>μὴ</span> <span class='ocrx_word' id='word_1_479' title='bbox 1566 2326 1770 2361; x_wconf 76' lang='grc' dir='ltr'>παρειληφότας</span> <span class='ocrx_word' id='word_1_480' title='bbox 1785 2327 1847 2359; x_wconf 73' lang='grc' dir='ltr'>τοὺς</span> <span class='ocrx_word' id='word_1_481' title='bbox 1880 2361 1882 2363; x_wconf 93' lang='lat'><em>_</em></span> 
     </span>
    </p>
   </div>
   <div class='ocr_carea' id='block_1_72' title="bbox 1062 2371 1846 2407">
    <p class='ocr_par' dir='ltr' id='par_1_72' title="bbox 1062 2371 1846 2407">
     <span class='ocr_line' id='line_1_72' title="bbox 1062 2371 1846 2407; baseline 0.001 -8"><span class='ocrx_word' id='word_1_482' title='bbox 1062 2373 1191 2407; x_wconf 73' lang='grc' dir='ltr'>ἀρίστους</span> <span class='ocrx_word' id='word_1_483' title='bbox 1218 2372 1317 2404; x_wconf 83' lang='grc' dir='ltr'>τόπους</span> <span class='ocrx_word' id='word_1_484' title='bbox 1333 2372 1420 2398; x_wconf 76' lang='grc' dir='ltr'>ἐνίοτε</span> <span class='ocrx_word' id='word_1_485' title='bbox 1443 2371 1471 2397; x_wconf 79' lang='grc' dir='ltr'>δέ</span> <span class='ocrx_word' id='word_1_486' title='bbox 1483 2380 1534 2397; x_wconf 88' lang='grc' dir='ltr'><strong>που</strong></span> <span class='ocrx_word' id='word_1_487' title='bbox 1551 2372 1608 2402; x_wconf 87' lang='grc' dir='ltr'>τοῖς</span> <span class='ocrx_word' id='word_1_488' title='bbox 1625 2371 1782 2407; x_wconf 78' lang='grc' dir='ltr'>λεγομένοις</span> <span class='ocrx_word' id='word_1_489' title='bbox 1801 2374 1846 2400; x_wconf 82' lang='grc' dir='ltr'><strong>ὲν-</strong></span> 
     </span>
    </p>
   </div>
   <div class='ocr_carea' id='block_1_73' title="bbox 1061 2415 1845 2454">
    <p class='ocr_par' dir='ltr' id='par_1_73' title="bbox 1061 2415 1845 2454">
     <span class='ocr_line' id='line_1_73' title="bbox 1061 2415 1845 2454; baseline 0 -9"><span class='ocrx_word' id='word_1_490' title='bbox 1061 2419 1252 2454; x_wconf 76' lang='grc' dir='ltr'>τευξομένους,</span> <span class='ocrx_word' id='word_1_491' title='bbox 1271 2419 1478 2453; x_wconf 76' lang='grc' dir='ltr'>ἐναργέστερον,</span> <span class='ocrx_word' id='word_1_492' title='bbox 1495 2415 1583 2452; x_wconf 84' lang='grc' dir='ltr'>οἶμαι,</span> <span class='ocrx_word' id='word_1_493' title='bbox 1601 2418 1700 2450; x_wconf 77' lang='grc' dir='ltr'>διδάξει</span> <span class='ocrx_word' id='word_1_494' title='bbox 1712 2419 1765 2444; x_wconf 82' lang='grc' dir='ltr'>τῶν</span> <span class='ocrx_word' id='word_1_495' title='bbox 1780 2419 1845 2445; x_wconf 61' lang='grc' dir='ltr'>ἀϐσι-</span> 
     </span>
    </p>
   </div>
   <div class='ocr_carea' id='block_1_74' title="bbox 1062 2464 1844 2500">
    <p class='ocr_par' dir='ltr' id='par_1_74' title="bbox 1062 2464 1844 2500">
     <span class='ocr_line' id='line_1_74' title="bbox 1062 2464 1844 2500; baseline -0.001 -7"><span class='ocrx_word' id='word_1_496' title='bbox 1062 2467 1195 2497; x_wconf 79' lang='grc' dir='ltr'>σανεστως</span> <span class='ocrx_word' id='word_1_497' title='bbox 1218 2465 1455 2500; x_wconf 83' lang='grc' dir='ltr'>ὲπαγγελλόντων.</span> <span class='ocrx_word' id='word_1_498' title='bbox 1479 2464 1588 2492; x_wconf 82' lang='grc' dir='ltr'>Μᾶλλον</span> <span class='ocrx_word' id='word_1_499' title='bbox 1600 2464 1629 2490; x_wconf 75' lang='grc' dir='ltr'><strong>δὲ</strong></span> <span class='ocrx_word' id='word_1_500' title='bbox 1644 2465 1692 2491; x_wconf 73' lang='grc' dir='ltr'><strong>καὶ</strong></span> <span class='ocrx_word' id='word_1_501' title='bbox 1711 2466 1767 2496; x_wconf 84' lang='grc' dir='ltr'>τοῖς</span> <span class='ocrx_word' id='word_1_502' title='bbox 1782 2465 1844 2492; x_wconf 87' lang='grc' dir='ltr'>θεα-</span> 
     </span>
    </p>
   </div>
   <div class='ocr_carea' id='block_1_75' title="bbox 1064 2511 1842 2548">
    <p class='ocr_par' dir='ltr' id='par_1_75' title="bbox 1064 2511 1842 2548">
     <span class='ocr_line' id='line_1_75' title="bbox 1064 2511 1842 2548; baseline -0.003 -8"><span class='ocrx_word' id='word_1_503' title='bbox 1064 2513 1192 2548; x_wconf 79' lang='grc' dir='ltr'>σαμένοις</span> <span class='ocrx_word' id='word_1_504' title='bbox 1209 2511 1312 2544; x_wconf 77' lang='grc' dir='ltr'>εἰσάξει</span> <span class='ocrx_word' id='word_1_505' title='bbox 1328 2511 1389 2538; x_wconf 78' lang='grc' dir='ltr'>τινὰ</span> <span class='ocrx_word' id='word_1_506' title='bbox 1406 2511 1514 2547; x_wconf 68' lang='grc' dir='ltr'>τέρψιν,</span> <span class='ocrx_word' id='word_1_507' title='bbox 1529 2511 1609 2546; x_wconf 79' lang='grc' dir='ltr'>εἴπερ</span> <span class='ocrx_word' id='word_1_508' title='bbox 1627 2511 1645 2538; x_wconf 84' lang='grc' dir='ltr'>ἃ</span> <span class='ocrx_word' id='word_1_509' title='bbox 1660 2511 1770 2546; x_wconf 75' lang='grc' dir='ltr'>βλέπειν</span> <span class='ocrx_word' id='word_1_510' title='bbox 1784 2512 1842 2548; x_wconf 74' lang='grc' dir='ltr'><strong>ἡδὺ,</strong></span> 
     </span>
    </p>
   </div>
   <div class='ocr_carea' id='block_1_76' title="bbox 1060 2558 1476 2594">
    <p class='ocr_par' dir='ltr' id='par_1_76' title="bbox 1060 2558 1476 2594">
     <span class='ocr_line' id='line_1_76' title="bbox 1060 2558 1476 2594; baseline -0.005 -8"><span class='ocrx_word' id='word_1_511' title='bbox 1060 2559 1162 2586; x_wconf 82' lang='grc' dir='ltr'>τούτων</span> <span class='ocrx_word' id='word_1_512' title='bbox 1177 2559 1211 2585; x_wconf 79' lang='grc' dir='ltr'><strong>ἀκ</strong></span> <span class='ocrx_word' id='word_1_513' title='bbox 1216 2559 1329 2594; x_wconf 78' lang='grc' dir='ltr'>ροᾶσθαι</span> <span class='ocrx_word' id='word_1_514' title='bbox 1348 2558 1476 2593; x_wconf 86' lang='grc' dir='ltr'>τερπνόν.</span> 
     </span>
    </p>
   </div>
   <div class='ocr_carea' id='block_1_77' title="bbox 220 2602 1842 2641">
    <p class='ocr_par' dir='ltr' id='par_1_77' title="bbox 220 2602 1842 2641">
     <span class='ocr_line' id='line_1_77' title="bbox 220 2602 1842 2641; baseline 0.002 -13"><span class='ocrx_word' id='word_1_515' title='bbox 220 2602 269 2633; x_wconf 82' lang='lat' dir='ltr'><strong>illi.</strong></span> <span class='ocrx_word' id='word_1_516' title='bbox 294 2603 338 2636; x_wconf 92' lang='lat' dir='ltr'><strong>qui</strong></span> <span class='ocrx_word' id='word_1_517' title='bbox 355 2603 412 2630; x_wconf 86' lang='lat' dir='ltr'><strong>sine</strong></span> <span class='ocrx_word' id='word_1_518' title='bbox 431 2603 485 2631; x_wconf 89' lang='lat' dir='ltr'><strong>ullo</strong></span> <span class='ocrx_word' id='word_1_519' title='bbox 510 2605 633 2632; x_wconf 80' lang='lat' dir='ltr'><strong>examine</strong></span> <span class='ocrx_word' id='word_1_520' title='bbox 661 2607 814 2639; x_wconf 85' lang='lat' dir='ltr'><strong>enuntiant,</strong></span> <span class='ocrx_word' id='word_1_521' title='bbox 845 2606 899 2634; x_wconf 90' lang='lat' dir='ltr'><strong>imo</strong></span> <span class='ocrx_word' id='word_1_522' title='bbox 915 2611 943 2635; x_wconf 89' lang='lat' dir='ltr'><strong>et</strong></span> <span class='ocrx_word' id='word_1_523' title='bbox 973 2607 1006 2634; x_wconf 89' lang='lat' dir='ltr'><strong>iis</strong></span> <span class='ocrx_word' id='word_1_524' title='bbox 1025 2606 1072 2641; x_wconf 85' lang='lat' dir='ltr'><strong>qui</strong></span> <span class='ocrx_word' id='word_1_525' title='bbox 1090 2605 1179 2633; x_wconf 91' lang='lat' dir='ltr'><strong>intuiti</strong></span> <span class='ocrx_word' id='word_1_526' title='bbox 1211 2609 1285 2639; x_wconf 84' lang='lat' dir='ltr'><strong>sunt,</strong></span> <span class='ocrx_word' id='word_1_527' title='bbox 1319 2604 1482 2640; x_wconf 81' lang='lat' dir='ltr'><strong>voluptatem</strong></span> <span class='ocrx_word' id='word_1_528' title='bbox 1513 2605 1630 2639; x_wconf 86' lang='lat' dir='ltr'><strong>aliquam</strong></span> <span class='ocrx_word' id='word_1_529' title='bbox 1663 2604 1842 2638; x_wconf 84' lang='lat' dir='ltr'><strong>conciliabit,</strong></span> 
     </span>
    </p>
   </div>
   <div class='ocr_carea' id='block_1_78' title="bbox 220 2646 1063 2682">
    <p class='ocr_par' dir='ltr' id='par_1_78' title="bbox 220 2646 1063 2682">
     <span class='ocr_line' id='line_1_78' title="bbox 220 2646 1063 2682; baseline 0.007 -9"><span class='ocrx_word' id='word_1_530' title='bbox 220 2646 243 2673; x_wconf 84' lang='lat' dir='ltr'><strong>si</strong></span> <span class='ocrx_word' id='word_1_531' title='bbox 258 2654 318 2678; x_wconf 68' lang='lat' dir='ltr'><strong>quae</strong></span> <span class='ocrx_word' id='word_1_532' title='bbox 337 2648 495 2682; x_wconf 86' lang='lat' dir='ltr'><strong>conspicere</strong></span> <span class='ocrx_word' id='word_1_533' title='bbox 511 2649 598 2682; x_wconf 83' lang='lat' dir='ltr'><strong>dulce,</strong></span> <span class='ocrx_word' id='word_1_534' title='bbox 615 2657 646 2677; x_wconf 89' lang='lat' dir='ltr'><strong>ea</strong></span> <span class='ocrx_word' id='word_1_535' title='bbox 671 2651 752 2678; x_wconf 84' lang='lat' dir='ltr'><strong>etiam</strong></span> <span class='ocrx_word' id='word_1_536' title='bbox 779 2658 862 2679; x_wconf 88' lang='lat' dir='ltr'><strong>suave</strong></span> <span class='ocrx_word' id='word_1_537' title='bbox 889 2657 931 2680; x_wconf 86' lang='lat' dir='ltr'><strong>est</strong></span> <span class='ocrx_word' id='word_1_538' title='bbox 960 2652 1063 2680; x_wconf 85' lang='lat' dir='ltr'><strong>audire.</strong></span> 
     </span>
    </p>
   </div>
   <div class='ocr_carea' id='block_1_79' title="bbox 254 2693 1005 2728">
    <p class='ocr_par' dir='ltr' id='par_1_79' title="bbox 254 2693 1005 2728">
     <span class='ocr_line' id='line_1_79' title="bbox 254 2693 1005 2728; baseline 0.011 -9"><span class='ocrx_word' id='word_1_539' title='bbox 254 2694 283 2720; x_wconf 74' lang='lat'><strong>2.</strong></span> <span class='ocrx_word' id='word_1_540' title='bbox 299 2693 440 2728; x_wconf 81' lang='lat' dir='ltr'><strong>Exstabat,</strong></span> <span class='ocrx_word' id='word_1_541' title='bbox 459 2701 514 2723; x_wconf 93' lang='lat' dir='ltr'><strong>tum</strong></span> <span class='ocrx_word' id='word_1_542' title='bbox 534 2704 595 2724; x_wconf 92' lang='lat' dir='ltr'><strong>cum</strong></span> <span class='ocrx_word' id='word_1_543' title='bbox 614 2703 673 2725; x_wconf 89' lang='lat' dir='ltr'><strong>erat</strong></span> <span class='ocrx_word' id='word_1_544' title='bbox 688 2699 721 2726; x_wconf 81' lang='lat' dir='ltr'><strong>ad</strong></span> <span class='ocrx_word' id='word_1_545' title='bbox 734 2698 862 2726; x_wconf 82' lang='lat' dir='ltr'><strong>Orontem</strong></span> <span class='ocrx_word' id='word_1_546' title='bbox 877 2699 1005 2727; x_wconf 76' lang='lat' dir='ltr'><strong>Antiochi</strong></span> 
     </span>
    </p>
   </div>
   <div class='ocr_carea' id='block_1_80' title="bbox 221 2739 1008 2780">
    <p class='ocr_par' dir='ltr' id='par_1_80' title="bbox 221 2739 1008 2780">
     <span class='ocr_line' id='line_1_80' title="bbox 221 2739 1008 2780; baseline 0.009 -14"><span class='ocrx_word' id='word_1_547' title='bbox 221 2739 377 2774; x_wconf 85' lang='lat' dir='ltr'><strong>Theopolis,</strong></span> <span class='ocrx_word' id='word_1_548' title='bbox 392 2741 558 2770; x_wconf 87' lang='lat' dir='ltr'><strong>theatrorum</strong></span> <span class='ocrx_word' id='word_1_549' title='bbox 573 2744 768 2779; x_wconf 81' lang='lat' dir='ltr'><strong>magnitudine.</strong></span> <span class='ocrx_word' id='word_1_550' title='bbox 783 2749 903 2774; x_wconf 78' lang='lat' dir='ltr'><strong>stoarum</strong></span> <span class='ocrx_word' id='word_1_551' title='bbox 916 2746 1008 2780; x_wconf 89' lang='lat' dir='ltr'><strong>splen-</strong></span> 
     </span>
    </p>
   </div>
   <div class='ocr_carea' id='block_1_81' title="bbox 222 2785 1005 2826">
    <p class='ocr_par' dir='ltr' id='par_1_81' title="bbox 222 2785 1005 2826">
     <span class='ocr_line' id='line_1_81' title="bbox 222 2785 1005 2826; baseline 0.01 -16"><span class='ocrx_word' id='word_1_552' title='bbox 222 2785 344 2817; x_wconf 84' lang='lat' dir='ltr'><strong>doribus,</strong></span> <span class='ocrx_word' id='word_1_553' title='bbox 363 2787 523 2820; x_wconf 87' lang='lat' dir='ltr'><strong>templorum</strong></span> <span class='ocrx_word' id='word_1_554' title='bbox 552 2791 707 2823; x_wconf 85' lang='lat' dir='ltr'><strong>structuris,</strong></span> <span class='ocrx_word' id='word_1_555' title='bbox 723 2792 797 2826; x_wconf 83' lang='lat' dir='ltr'><strong>copia</strong></span> <span class='ocrx_word' id='word_1_556' title='bbox 813 2792 877 2818; x_wconf 86' lang='lat' dir='ltr'><strong>item</strong></span> <span class='ocrx_word' id='word_1_557' title='bbox 892 2792 1005 2825; x_wconf 87' lang='lat' dir='ltr'><strong>civium,</strong></span> 
     </span>
    </p>
   </div>
   <div class='ocr_carea' id='block_1_82' title="bbox 222 2829 1004 2871">
    <p class='ocr_par' dir='ltr' id='par_1_82' title="bbox 222 2829 1004 2871">
     <span class='ocr_line' id='line_1_82' title="bbox 222 2829 1004 2871; baseline 0.015 -18"><span class='ocrx_word' id='word_1_558' title='bbox 222 2832 249 2854; x_wconf 84' lang='lat' dir='ltr'><strong>et</strong></span> <span class='ocrx_word' id='word_1_559' title='bbox 262 2829 416 2857; x_wconf 86' lang='lat' dir='ltr'><strong>divitiarum</strong></span> <span class='ocrx_word' id='word_1_560' title='bbox 445 2833 655 2867; x_wconf 70' lang='lat' dir='ltr'><strong>magniﬁcentia,</strong></span> <span class='ocrx_word' id='word_1_561' title='bbox 681 2837 796 2871; x_wconf 82' lang='lat' dir='ltr'><strong>superba</strong></span> <span class='ocrx_word' id='word_1_562' title='bbox 820 2845 852 2863; x_wconf 86' lang='lat' dir='ltr'><strong>ac</strong></span> <span class='ocrx_word' id='word_1_563' title='bbox 881 2842 1004 2865; x_wconf 87' lang='lat' dir='ltr'><strong>tumens:</strong></span> 
     </span>
    </p>
   </div>
   <div class='ocr_carea' id='block_1_83' title="bbox 221 2872 1003 2916">
    <p class='ocr_par' dir='ltr' id='par_1_83' title="bbox 221 2872 1003 2916">
     <span class='ocr_line' id='line_1_83' title="bbox 221 2872 1003 2916; baseline 0.017 -17"><span class='ocrx_word' id='word_1_564' title='bbox 221 2872 329 2906; x_wconf 81' lang='lat' dir='ltr'><strong>lateque</strong></span> <span class='ocrx_word' id='word_1_565' title='bbox 341 2878 451 2903; x_wconf 69' lang='lat' dir='ltr'><strong>caeteras</strong></span> <span class='ocrx_word' id='word_1_566' title='bbox 464 2876 521 2904; x_wconf 83' lang='lat' dir='ltr'><strong>fere</strong></span> <span class='ocrx_word' id='word_1_567' title='bbox 543 2879 688 2909; x_wconf 88' lang='lat' dir='ltr'><strong>orientales</strong></span> <span class='ocrx_word' id='word_1_568' title='bbox 706 2882 787 2910; x_wconf 89' lang='lat' dir='ltr'><strong>urbes</strong></span> <span class='ocrx_word' id='word_1_569' title='bbox 805 2883 1003 2916; x_wconf 68' lang='lat' dir='ltr'><strong>ets‘tpcrabut:</strong></span> 
     </span>
    </p>
   </div>
   <div class='ocr_carea' id='block_1_84' title="bbox 1093 2696 1839 2734">
    <p class='ocr_par' dir='ltr' id='par_1_84' title="bbox 1093 2696 1839 2734">
     <span class='ocr_line' id='line_1_84' title="bbox 1093 2696 1839 2734; baseline -0.001 -8"><span class='ocrx_word' id='word_1_570' title='bbox 1093 2697 1184 2732; x_wconf 81' lang='grc' dir='ltr'><strong>β’.Ἦν</strong></span> <span class='ocrx_word' id='word_1_571' title='bbox 1199 2700 1243 2726; x_wconf 85' lang='grc' dir='ltr'>ὅτε</span> <span class='ocrx_word' id='word_1_572' title='bbox 1259 2699 1313 2732; x_wconf 77' lang='grc' dir='ltr'>ἆρα</span> <span class='ocrx_word' id='word_1_573' title='bbox 1330 2699 1377 2725; x_wconf 78' lang='grc' dir='ltr'>καὶ</span> <span class='ocrx_word' id='word_1_574' title='bbox 1399 2696 1433 2733; x_wconf 85' lang='grc' dir='ltr'>ἦν</span> <span class='ocrx_word' id='word_1_575' title='bbox 1451 2699 1468 2734; x_wconf 81' lang='grc' dir='ltr'>ἠ</span> <span class='ocrx_word' id='word_1_576' title='bbox 1480 2699 1546 2734; x_wconf 75' lang='grc' dir='ltr'>περὶ</span> <span class='ocrx_word' id='word_1_577' title='bbox 1562 2698 1607 2726; x_wconf 80' lang='grc' dir='ltr'><strong>τὸν</strong></span> <span class='ocrx_word' id='word_1_578' title='bbox 1619 2699 1747 2734; x_wconf 82' lang='grc' dir='ltr'>Ὀρόντην</span> <span class='ocrx_word' id='word_1_579' title='bbox 1761 2699 1839 2725; x_wconf 79' lang='grc' dir='ltr'>Θεού-</span> 
     </span>
    </p>
   </div>
   <div class='ocr_carea' id='block_1_85' title="bbox 1057 2744 1837 2780">
    <p class='ocr_par' dir='ltr' id='par_1_85' title="bbox 1057 2744 1837 2780">
     <span class='ocr_line' id='line_1_85' title="bbox 1057 2744 1837 2780; baseline -0.003 -8"><span class='ocrx_word' id='word_1_580' title='bbox 1057 2746 1135 2777; x_wconf 84' lang='grc' dir='ltr'>πολις</span> <span class='ocrx_word' id='word_1_581' title='bbox 1154 2745 1291 2780; x_wconf 78' lang='grc' dir='ltr'>Ἀντιόχου</span> <span class='ocrx_word' id='word_1_582' title='bbox 1306 2744 1416 2778; x_wconf 86' lang='grc' dir='ltr'>μεγέθει</span> <span class='ocrx_word' id='word_1_583' title='bbox 1430 2744 1564 2779; x_wconf 79' lang='grc' dir='ltr'>θεάτρων,</span> <span class='ocrx_word' id='word_1_584' title='bbox 1581 2745 1667 2771; x_wconf 88' lang='grc' dir='ltr'>στοῶν</span> <span class='ocrx_word' id='word_1_585' title='bbox 1686 2744 1837 2777; x_wconf 81' lang='grc' dir='ltr'>καλλοναῖς,</span> 
     </span>
    </p>
   </div>
   <div class='ocr_carea' id='block_1_86' title="bbox 1057 2789 1838 2825">
    <p class='ocr_par' dir='ltr' id='par_1_86' title="bbox 1057 2789 1838 2825">
     <span class='ocr_line' id='line_1_86' title="bbox 1057 2789 1838 2825; baseline -0.003 -7"><span class='ocrx_word' id='word_1_586' title='bbox 1057 2791 1104 2818; x_wconf 78' lang='grc' dir='ltr'><strong>καὶ</strong></span> <span class='ocrx_word' id='word_1_587' title='bbox 1120 2791 1190 2817; x_wconf 86' lang='grc' dir='ltr'>ναῶν</span> <span class='ocrx_word' id='word_1_588' title='bbox 1209 2790 1390 2825; x_wconf 70' lang='grc' dir='ltr'>ἀφιδρύμασι,</span> <span class='ocrx_word' id='word_1_589' title='bbox 1407 2789 1506 2825; x_wconf 83' lang='grc' dir='ltr'>πλήθει</span> <span class='ocrx_word' id='word_1_590' title='bbox 1526 2799 1556 2816; x_wconf 92' lang='grc' dir='ltr'><strong>τε</strong></span> <span class='ocrx_word' id='word_1_591' title='bbox 1579 2790 1709 2822; x_wconf 84' lang='grc' dir='ltr'>πολιτῶν,</span> <span class='ocrx_word' id='word_1_592' title='bbox 1725 2791 1773 2817; x_wconf 77' lang='grc' dir='ltr'><strong>καὶ</strong></span> <span class='ocrx_word' id='word_1_593' title='bbox 1791 2799 1838 2817; x_wconf 80' lang='grc' dir='ltr'><strong>πο-</strong></span> 
     </span>
    </p>
   </div>
   <div class='ocr_carea' id='block_1_87' title="bbox 1055 2835 1838 2872">
    <p class='ocr_par' dir='ltr' id='par_1_87' title="bbox 1055 2835 1838 2872">
     <span class='ocr_line' id='line_1_87' title="bbox 1055 2835 1838 2872; baseline 0.001 -10"><span class='ocrx_word' id='word_1_594' title='bbox 1055 2837 1167 2872; x_wconf 81' lang='grc' dir='ltr'>λυολὸίᾳ</span> <span class='ocrx_word' id='word_1_595' title='bbox 1177 2835 1328 2872; x_wconf 81' lang='grc' dir='ltr'>χρημάτων</span> <span class='ocrx_word' id='word_1_596' title='bbox 1346 2835 1514 2871; x_wconf 79' lang='grc' dir='ltr'>βρενθιῶσα,</span> <span class='ocrx_word' id='word_1_597' title='bbox 1527 2838 1574 2863; x_wconf 74' lang='grc' dir='ltr'><strong>καὶ</strong></span> <span class='ocrx_word' id='word_1_598' title='bbox 1591 2835 1698 2872; x_wconf 74' lang='grc' dir='ltr'>λαύρως</span> <span class='ocrx_word' id='word_1_599' title='bbox 1712 2837 1838 2870; x_wconf 74' lang='grc' dir='ltr'>ὑπερκει-</span> 
     </span>
    </p>
   </div>
   <div class='ocr_carea' id='block_1_88' title="bbox 1058 2881 1836 2919">
    <p class='ocr_par' dir='ltr' id='par_1_88' title="bbox 1058 2881 1836 2919">
     <span class='ocr_line' id='line_1_88' title="bbox 1058 2881 1836 2919; baseline -0.001 -9"><span class='ocrx_word' id='word_1_600' title='bbox 1058 2884 1127 2919; x_wconf 79' lang='grc' dir='ltr'>μένη</span> <span class='ocrx_word' id='word_1_601' title='bbox 1154 2883 1209 2908; x_wconf 89' lang='grc' dir='ltr'>τῶν</span> <span class='ocrx_word' id='word_1_602' title='bbox 1239 2882 1287 2917; x_wconf 77' lang='grc' dir='ltr'>τῆς</span> <span class='ocrx_word' id='word_1_603' title='bbox 1315 2881 1449 2917; x_wconf 78' lang='grc' dir='ltr'>ἀνατολῆς</span> <span class='ocrx_word' id='word_1_604' title='bbox 1479 2882 1570 2917; x_wconf 72' lang='grc' dir='ltr'>σχεδὸν</span> <span class='ocrx_word' id='word_1_605' title='bbox 1602 2882 1697 2909; x_wconf 78' lang='grc' dir='ltr'>πασῶν</span> <span class='ocrx_word' id='word_1_606' title='bbox 1724 2883 1836 2909; x_wconf 72' lang='grc' dir='ltr'>πολεων.</span> 
     </span>
    </p>
   </div>
   <div class='ocr_carea' id='block_1_89' title="bbox 1764 2965 1779 2978">
    <p class='ocr_par' dir='ltr' id='par_1_89' title="bbox 1764 2965 1779 2978">
     <span class='ocr_line' id='line_1_89' title="bbox 1764 2965 1779 2978; baseline 0 0"><span class='ocrx_word' id='word_1_607' title='bbox 1764 2965 1779 2978; x_wconf 54' lang='grc' dir='ltr'><strong>θ</strong></span> 
     </span>
    </p>
   </div>
  </div>
