1955 3080
35 115 102 145 9‘29

571 117 800 160 DESCRIPTIO
820 100 960 150 Tsnh/s
982 119 1147 151 sanum.

1633 126 1685 157 υἷὶο

36 169 132 205 Ἀλλὰ
153 171 250 207 χρόνος
266 171 313 199 καὶ
328 171 467 208 βάρϐαρος
487 173 548 209 χεὶρ
565 174 670 210 ταύτης
692 175 739 202 τδν
761 175 832 202 ὖλῦοι

894 177 941 204 sed
965 183 1080 217 tempus,
1101 185 1133 205 ac
1149 178 1189 205 vis
1214 178 1341 213 barbara,
1370 179 1529 207 beatitatem
1551 180 1623 208 illius
1635 189 1685 210 ex-

37 217 180 251 ὴφάνισε,
193 217 245 243 κᾶν
259 218 298 244 ἔτι
323 219 535 255 περιαστράπτῃ
550 220 745 256 πυργώμασῑν,
760 222 845 248 ἐπάλ-

38 263 116 295 ξεῶν
135 272 165 290 τε
183 263 265 299 ἰσχύϊ,
288 264 400 300 εὐανθίᾳ
419 267 658 307 περεσχιζομένων
675 268 779 295 ὑδάτων
797 277 844 296 κε-

36 309 205 342 λαρισμοῐς,
235 309 329 344 ἡρέμα
358 318 420 342 πως
435 310 614 347 διαχεομένου
636 314 670 348 τῇ
694 313 772 340 πόλει
793 313 841 340 τοῦ

36 353 174 387 ποταμοῦ
198 353 245 379 καὶ
272 353 516 389 περιζωννύοντος,
533 357 582 384 καὶ
605 357 703 392 ὑγραῐς
721 359 843 391 ἐπαφαῖς

36 398 289 433 περιπλεκομένου
317 409 371 427 των
398 403 593 437 πυργωμάτων
610 404 708 439 αὐτῆς.
730 405 790 432 Ἔτι
813 405 842 432 δὲ

35 446 100 476 τοῖς
117 446 150 471 ἐκ
163 445 214 480 τῆς
232 446 389 478 Κασταλίας
404 450 496 483 πηγῆς
519 449 704 485 διαφερόντως
729 452 841 487 ἀρδευο-

38 492 115 527 μένη
133 494 247 527 νάμασι,
261 495 411 530 κρουνηδὺν
426 497 642 532 περιρῤεομένου
664 499 711 525 καὶ
736 500 841 535 ταύτης

35 537 90 563 τοῦ
110 538 224 573 ῥείθρου
242 539 287 565 καὶ
302 540 415 574 συχναῖς
429 541 546 576 ὰμαρῶν
561 543 640 576 χοαῖς
653 543 683 569 το
699 543 773 570 ἅπαν
790 553 840 571 πε-

38 585 189 618 ριχέοντος
214 585 295 616 ἄστυ,
318 586 366 611 καὶ
391 587 471 613 τοῦτο
486 589 542 619 τοῖς
556 588 677 624 χεύμασι
698 591 841 618 καταπλύ-

34 638 148 662 νοντος,
174 630 301 666 δαψιλείᾳ
326 632 419 667 χειρὸς
443 633 491 660 καὶ
505 635 699 671 μεγαλοψύχου
720 637 767 664 τοῦ
790 640 840 672 τῆς

36 676 152 707 πόλεως
170 677 306 710 οίκιστοῦ,
326 679 357 705 ὲκ
374 678 428 706 τῶν
451 681 537 716 αὐτῆς
555 683 651 718 πηγῶν
677 691 840 720 μετοχετευε

34 720 138 752 οέυτος
155 721 202 748 τοῦ
219 722 351 757 νάματος,
366 724 409 752 διὰ
432 726 486 752 τῶν
503 727 588 762 ὀρέων
618 730 699 766 μέχρι
717 730 767 765 τῆς
788 731 839 758 πό-

36 766 120 798 λεως.
145 768 289 796 Ἐντεῦθεν
306 770 336 796 τὸ
358 772 524 808 περισόητον
547 775 597 809 τῆς
618 776 728 811 Δάφνης
750 778 838 811 προά-

37 819 134 840 στειωρ
148 814 284 841 παντοίων
305 816 398 849 φυτῶν
412 819 665 853 περιστεφανοῦται
681 822 833 859 άναδρομῇ,

36 858 88 883 καὶ
105 857 137 884 τὸ
154 857 313 893 θαυμαστόν
331 862 405 888 ἑστιν
415 861 489 896 ὅρος,
507 862 538 891 οῦ
553 864 683 902 πολιστὴς
701 868 716 894 ό
728 857 834 903 θαυμα-

37 903 105 935 στὺς
123 904 251 940 Συμεών.
275 905 388 940 Τούτοις
404 910 500 945 όμορεί
514 911 545 938 τὸ
562 912 674 949 Μαῦρον
686 913 749 949 ὄρος
760 915 807 941 καὶ
821 916 835 942 ὁ

34 949 190 998 Σκόπελος,
204 953 234 979 ὲν
245 949 288 984 οἷς
303 954 389 982 πάλαι
402 956 451 992 μὲν
464 957 557 985 πολλοὶ
570 959 712 994 Θεοφιλεῖς
728 962 835 998 ἄνθρω-

36 1004 85 1022 ποι
105 997 152 1023 τὸν
167 998 233 1025 Θεὺν
245 999 451 1035 ὲκζητήσαντες
467 1000 561 1038 εὖρον,
579 1006 625 1032 καὶ
642 1005 690 1033 νῦν
710 1007 764 1034 τῶν
778 997 834 1035 σω-

34 1043 164 1077 ζομένων
181 1045 245 1077 εἰσὶ,
262 1046 309 1072 καὶ
323 1046 374 1078 τὰς
396 1048 500 1084 λόχμας
526 1051 581 1077 τῶν
596 1050 689 1079 αὐτῶν
707 1054 831 1082 οἰκοῦσιν

37 1087 138 1122 ὀρέων,
153 1089 260 1116 ἐκείνου
283 1092 332 1126 τῆς
360 1093 493 1130 καλλονῆς
507 1096 658 1132 ἐφιέμενοι.
681 1099 714 1125 Ἦ
729 1099 758 1126 δὲ
774 1100 836 1126 Κα-

36 1134 138 1161 σταλία
155 1136 230 1171 πηγὴ
261 1138 347 1172 μέσον
364 1139 412 1166 δύο
440 1139 546 1175 βουνῶν
562 1142 788 1179 ἀποθρώσκουσα
801 1146 834 1173 ὲκ

35 1180 96 1208 τῶν
109 1183 254 1217 προπόδων
264 1184 313 1211 τοῦ
329 1186 398 1220 πρὸς
410 1187 550 1220 θάλασσαν
566 1190 624 1222 ἐνὸς
640 1191 833 1225 ἀπονεύοντος,

33 1227 157 1259 ἐξαίσιόν
183 1237 210 1255 τι
236 1230 309 1265 νᾶμα
333 1232 429 1266 χανδὸν
451 1233 665 1271 άπερῤεάγεται,
690 1237 719 1264 ἐν
786 1239 834 1266 καὶ

36 1274 106 1321 στοὰ.
123 1276 305 1312 παμμεγέθης
320 1279 429 1313 ὁρᾶται,
446 1282 649 1318 περιοροφοῦσα
662 1284 696 1311 τὰ
711 1274 761 1320 τῆς
778 1295 832 1321 πη-

34 1319 91 1354 γῆς
113 1321 238 1355 νάματα,
256 1323 304 1357 ἀφ’
329 1322 364 1360 ἦς
379 1325 409 1351 τὸ
433 1325 506 1361 ὕδωρ
525 1327 669 1363 πλησμίως
691 1319 833 1358 ἀποπτυό-

37 1372 122 1399 μενον
136 1366 200 1392 δυσὶ
224 1369 416 1403 περισχὲζεται
438 1370 570 1406 χεύμασι.
589 1373 645 1400 Καὶ
660 1374 690 1401 τὺ
705 1375 756 1410 μὲν
774 1376 834 1404 δια-

36 1410 228 1444 μαρευόμενον
244 1412 274 1438 ὲν
299 1412 467 1448 ὑψισάμοσιν
484 1415 602 1450 ὀχετοῖς,
633 1417 681 1444 καὶ
708 1419 834 1456 ὲναέριος

35 1456 186 1491 γενόμενον
203 1457 324 1493 ποταμὸς
349 1459 378 1492 ἐξ
401 1460 571 1495 ὑπερδεξίων
595 1465 628 1499 τῇ
650 1465 727 1492 πόλει
751 1475 833 1502 περι-

36 1502 119 1537 φοιτᾷ
131 1510 137 1517 ·
166 1502 197 1529 τὺ
220 1503 248 1530 δὲ
265 1506 328 1536 ταῖς
343 1505 388 1532 ἐπ’
413 1507 548 1543 ἀριστερᾷ
569 1509 604 1544 τῇ
628 1511 703 1546 πηγῇ
719 1511 829 1540 πεδιάσι
844 1518 866 1548 c

34 1548 185 1581 πελαγίζον
200 1550 377 1585 έπιλιμνάζει
393 1553 450 1584 τοῖς
468 1553 544 1580 ἓλεσι
564 1556 610 1581 καὶ
632 1555 694 1582 ὅλον
711 1557 758 1583 τὸν
779 1558 830 1593 τῆς

34 1594 148 1638 Δάφνης
170 1596 285 1631 ἐπάρδει
299 1596 430 1632 λειμῶνα,
446 1599 493 1626 καὶ
507 1602 568 1632 ταῖς
583 1601 630 1627 τοῦ
658 1602 784 1638 Ὀρόντου
800 1604 830 1638 ἐξ

35 1636 201 1676 εὐωνύμων,
220 1643 296 1676 ῥοαῖς
323 1644 515 1679 ἑπιμίγνυται.
553 1648 589 1674 Τὸ
618 1648 646 1675 δὲ
672 1636 829 1685 θαυμαστὸν

13 1687 101 1722 .599;
116 1688 219 1722 μεταξὺ
231 1689 280 1723 τῆς
304 1690 412 1724 πόλεως
428 1692 476 1718 καὶ
492 1693 542 1728 τῆς
570 1694 710 1731 θαλάσσης
729 1696 830 1732 λοφού-

38 1741 120 1768 μενον
134 1733 252 1767 ἐξαίσιόν
267 1744 293 1762 τι
312 1736 406 1772 χρῆμα
422 1738 472 1764 καὶ
487 1738 636 1775 ὀφθαλμῶν
651 1742 757 1778 ἀγλαΐᾳ.
772 1745 830 1776 τοῖς

34 1779 233 1814 ἐντυγχάνουσι
249 1781 390 1816 βλέπεται,
411 1783 574 1819 μεθοριάζον
590 1786 644 1822 γὰρ
661 1788 711 1823 τήν
727 1796 756 1814 τε
778 1789 829 1815 πό-

35 1824 97 1868 λινἱ
109 1825 155 1851 καὶ
169 1825 219 1860 τὴν
234 1826 316 1861 ρωσῶ
337 1827 366 1860 ἐξ
382 1827 523 1864 ἑκατέρων
539 1830 623 1857 αὐτοῦ
648 1832 704 1858 τῶν
736 1834 829 1868 μερῶν

21 1865 68 1896 ’τὸ
78 1864 139 1906 ὅρος
154 1871 213 1907 ἔχει
230 1872 277 1898 τὸν
301 1873 449 1906 Σκόπελον,
466 1875 514 1902 καὶ
530 1876 576 1903 τὸν
588 1864 742 1913 λεγόμενον·
754 1864 830 1907 Kef:-

28 1925 132 1945 «acov.
150 1918 179 1945 '0
207 1919 236 1945 δὲ
252 1920 374 1955 ποταμὸς
398 1921 529 1956 Ὀρόντης
552 1923 685 1959 εἱλιγμῶν
706 1925 829 1961 ἀπείρων

37 1963 223 1999 περιδινήσεσι
243 1966 308 2000 περὶ
335 1966 398 1999 τοὺς
424 1967 565 2002 πρόποδας
592 1970 648 2005 ῥέει
666 1971 713 1998 τοῦ
736 1971 827 2007 ὅρους,

37 2009 84 2035 καὶ
96 2010 128 2044 τῇ
143 2010 263 2046 θαλάσσῃ
277 2011 308 2037 τὸ
320 2011 428 2047 ῥεῖθρον
438 2013 563 2042 ὲκπτύει.
579 2015 680 2042 Τούτου
689 2016 737 2042 τοῦ
748 2017 827 2052 ὅρους

36 2056 71 2090 τῇ
90 2057 196 2091 κορυφῇ
211 2058 225 2083 ὁ
250 2057 337 2092 μέγας
354 2059 534 2095 έφησυχάσας
553 2061 624 2096 ἀνὴρ
644 2061 759 2095 ἐκεῖνος,
781 2065 828 2091 καὶ

38 2099 187 2132 ἀναϐάσεις
201 2100 362 2142 θέμενοςηὲν
380 2103 489 2139 καρδίᾳ,
512 2104 661 2139 μετάρσιος
675 2106 705 2132 ἐν
721 2107 828 2142 σώματι

36 2146 151 2179 γίνεται,
166 2148 213 2175 καὶ
232 2140 384 2182 φιλονεικεί
396 2150 469 2184 μετὰ
487 2149 618 2185 σώματος
636 2140 768 2185 γενέσθαι
784 2155 828 2180 al-

37 2192 139 2225 θέριος,
161 2194 209 2219 καὶ
231 2194 315 2228 μέσον
333 2191 403 2222 εῖναι
422 2195 491 2222 Θεοῦ
507 2197 555 2223 καὶ
582 2197 748 2233 ἀνθρώπων.
772 2200 826 2226 Καὶ
840 2193 865 2223 Ῐ)

37 2239 112 2268 ὅπως
136 2239 283 2273 εἴργασται
308 2242 384 2268 τουτὶ
406 2242 437 2268 τὸ
465 2242 620 2278 παράδοξον
646 2243 685 2279 τῷ
707 2245 828 2280 θεοφιλεῖ

38 2285 135 2321 ἐκείνῳ
147 2286 235 2321 ἀνδρὶ,
248 2286 304 2321 ἐγὼ
319 2288 446 2323 δηλώσω.
460 2289 547 2324 Χερσὶ
561 2289 700 2322 λαξευτῶν
719 2291 759 2320 εις
776 2291 827 2327 βά-

37 2330 82 2361 θος
107 2330 233 2364 κοιλάνας
260 2332 308 2367 τὴν
328 2333 376 2359 τοῦ
402 2334 565 2368 θαυμαστοῦ
591 2336 718 2372 κορυφὴν
744 2337 826 2372 ὅρους

39 2376 189 2411 μονόλιθον,
206 2378 222 2413 ἢ
238 2379 362 2414 μονοφυῆ
380 2379 465 2415 μονὴν
483 2381 682 2416 ἀπειργάσατο,
695 2379 729 2418 ἧς
744 2383 826 2418 μέσον

38 2423 157 2459 αὐτοφυῆ
174 2424 309 2457 λαξεύσας
322 2425 410 2458 κίονα,
425 2426 454 2452 ὲν
466 2427 541 2463 αὐτῷ
557 2428 606 2459 τὰς
623 2427 717 2462 βάσεις
736 2428 824 2462 ἔθετο,

37 2471 83 2498 ἐπὶ
107 2471 210 2506 πέτρας
237 2472 308 2499 κατὰ
333 2472 364 2499 το
386 2473 478 2508 λόγιον
500 2475 565 2506 τοὺς
594 2474 680 2506 πόδας
701 2475 823 2510 ἐρείσας,

38 2518 101 2552 περὶ
116 2518 143 2544 δὲ
168 2518 314 2553 ἀνίσχοντα
327 2519 404 2554 ἥλιον
419 2520 484 2547 ναὸν
504 2520 601 2556 ἤγειρε
619 2521 773 2556 ’περικαλλῆ
787 2522 825 2556 τῷ

37 2565 106 2600 Θεῷ,
123 2565 151 2591 ὲν
164 2565 239 2600 αὑτῷ
257 2565 401 2593 συνεκάλει
421 2566 484 2598 τοὺς
501 2566 584 2593 αὐτοῦ
610 2566 734 2603 μαθητάς
753 2575 760 2582 ”
777 2568 824 2596 καὶ

36 2612 110 2643 ὄντος
132 2612 183 2647 μὲν
211 2613 240 2638 ὲν
268 2611 407 2647 ὑπαίθρῳ,
429 2610 502 2640 οὗτοι
527 2612 556 2640 δὲ
571 2613 677 2640 ἔνδοθεν
693 2614 741 2641 τοῦ
758 2615 823 2642 ναοῦ

36 2658 185 2690 ὀλονύκτως
213 2657 366 2692 ἱστάμενοι,
393 2660 451 2690 τοῖς
475 2659 564 2694 ἁγίοις
584 2660 749 2695 πρέπουσαν
776 2661 824 2689 λα-

37 2704 128 2738 τρείαν
142 2704 201 2739 Θεῷ
216 2704 402 2739 προσέφερον.

69 2750 103 2785 γ’.
120 2751 197 2777 Μετὰ
225 2750 252 2776 δὲ
271 2749 358 2777 ταῦτα
377 2750 426 2777 καὶ
451 2750 500 2786 τὴν
528 2751 694 2787 Ἀντιόχειάν
715 2753 821 2790 ἐστινὴ

40 2798 190 2831 Λαοδίκεια,
210 2798 288 2829 πόλις
309 2798 414 2834 μεγάλη
440 2800 487 2825 καὶ
519 2799 748 2835 πολυάνθρωπος,
768 2802 822 2829 κᾶν

44 2847 56 2871 ὁ
75 2846 168 2881 χρόνος
191 2845 238 2872 καὶ
256 2845 360 2880 ταύτης
383 2845 412 2872 τὸ
439 2846 584 2882 μεγαλεῖον
612 2847 744 2883 ὲλώόησε,
774 2849 822 2876 καὶ

896 223 1004 257 hausit;
1031 224 1096 251 licet
1120 225 1266 258 conspicua
1280 225 1369 253 adhuc
1382 226 1428 258 sit,
1456 231 1483 254 et
1496 220 1610 254 turi'ium
1623 228 1686 255 alti-

895 269 998 301 tudine,
1014 272 1042 295 et
1049 269 1325 303 propugnaculorum.
1335 270 1484 303 validitate,
1502 277 1529 299 et
1546 278 1684 305 pratorum

893 322 925 343 ac
940 315 1035 343 ﬂorum
1061 316 1202 350 omnigena
1227 315 1405 350 fecunditate,
1422 323 1448 344 et
1472 318 1498 345 in
1515 319 1606 353 plures
1621 328 1685 354 par-

894 365 933 388 tes
952 369 1012 389 sese
1027 362 1203 390 dividentium
1222 370 1355 398 aquarum
1373 364 1478 397 sibilis;
1496 373 1555 392 cum
1573 367 1678 400 placide

892 406 988 434 ﬂuvius
1005 407 1176 435 circumﬂuat
1201 409 1295 436 urbem
1312 414 1340 436 et
1359 409 1460 444 cingat,
1478 416 1505 435 et
1520 411 1592 436 molli
1608 416 1681 438 tactu

891 454 951 489 ejus
981 459 1072 482 turres
1105 455 1356 490 circumplecta‘lur.
1377 456 1493 490 insuper
1526 464 1551 499 εἰ
1571 457 1682 484 Castalii

892 500 974 528 fontis
991 500 1098 528 ﬂuentis
1113 509 1221 536 egregie
1234 502 1361 536 irrigatur
1377 502 1470 536 ;cujns
1487 510 1561 536 aquae
1578 508 1684 530 torren-

893 546 958 574 tium
977 546 1064 574 instar
1088 547 1234 581 pelluntur,
1268 553 1295 575 et
1326 547 1516 582 frequentibus
1547 549 1684 576 sulcorum

893 593 957 620 rivis
973 593 1067 620 urbem
1078 594 1233 621 universam
1249 593 1425 628 perfundunt,
1440 602 1555 629 eainque
1568 595 1685 623 ﬂuxihus

890 636 1057 673 aspergunti
1074 646 1218 673 operarum
1236 639 1324 674 copia,
1343 644 1370 667 et
1396 639 1546 668 conditoris
1562 641 1686 675 magniﬁ-

890 685 990 716 centia,
1006 692 1039 712 ex
1055 685 1126 712 illius
1157 684 1277 712 fontibus
1305 693 1353 720 per
1368 691 1476 714 montes
1491 688 1523 714 ad
1535 687 1620 721 ipsam
1643 687 1685 714 ci-

890 734 1001 761 vitatem
1021 734 1145 762 iaticibus
1163 726 1319 764 corrivatis.
1348 736 1397 764 Hic
1422 737 1494 765 fama
1526 745 1574 772 per
1588 739 1681 765 urbem

890 781 1027 815 vulgatum
1041 780 1164 815 Daphnes
1179 781 1480 817 suburbium,proceris
1490 791 1684 820 _0mne.genus

890 827 1034 854 arboribus
1067 831 1238 859 exornatum.
1252 834 1280 855 et
1301 836 1380 856 mons
1405 834 1446 856 est
1463 830 1582 857 maxime
1606 831 1684 858 nobi-

889 873 923 902 lis
936 880 1016 907 quem
1040 873 1217 902 admirandus
1231 873 1341 903 Simeon
1369 876 1395 903 in
1411 876 1604 904 habitationem
1634 878 1684 904 ad-

887 921 1002 954 aptavit.
1027 919 1108 947 Hisce
1137 920 1269 949 linitimus
1285 927 1327 949 est
1340 929 1417 950 mons
1436 922 1555 955 Maurus,
1572 927 1599 950 et
1617 923 1684 951 Sco-

889 965 980 1000 pulus,
998 965 1039 993 “in
1059 966 1157 1001 quibus
1169 967 1318 1001 antiquitus
1336 969 1412 996 multi
1436 969 1490 996 Deo
1505 969 1682 997 addictissimi

887 1012 949 1044 viri,
973 1012 1058 1039 Deum
1087 1013 1289 1048 conquirentes,
1311 1015 1485 1048 invenerunt,
1502 1021 1530 1043 et
1564 1015 1597 1043 ad
1625 1016 1683 1044 haec

886 1066 1009 1097 tempora
1027 1063 1193 1097 perdurant,
1208 1068 1245 1096 et,
1274 1064 1443 1093 laudatorum
1470 1067 1602 1108 tnuntium
1622 1069 1683 1102 pul-

886 1107 1043 1136 chritudine
1059 1109 1179 1143 pellecti,
1199 1110 1281 1137 silvas
1295 1111 1460 1139 inhabitant.
1472 1107 1610 1139 Castalius
1621 1112 1683 1141 fons

888 1154 959 1182 inter
985 1155 1053 1182 duos
1068 1155 1150 1182 colles
1177 1156 1319 1189 exsiliens,
1349 1165 1381 1184 ex
1401 1158 1458 1192 ejus
1474 1159 1518 1193 qui
1553 1160 1577 1186 in
1607 1168 1682 1187 mare

887 1201 1037 1234 procurrit,
1074 1201 1127 1228 ima
1156 1208 1243 1236 parte.
1275 1203 1375 1230 eximia
1406 1204 1529 1242 quaedam
1547 1213 1679 1239 aquarum

885 1245 986 1281 irrigua
1002 1247 1122 1280 evomit;
1148 1247 1174 1274 in
1199 1256 1253 1282 quo
1276 1249 1443 1284 pra-grandis
1465 1251 1582 1285 assurgit
1596 1250 1681 1285 porti-

887 1299 946 1325 cus,
970 1300 1080 1320 cursum
1095 1293 1180 1321 fontis
1196 1301 1392 1322 concamerans
1406 1304 1412 1322 :
1433 1295 1496 1323 hinc
1509 1304 1586 1330 aqum
1602 1295 1681 1323 alliu-

885 1342 963 1364 enter
978 1337 1162 1372 prosilientes,
1179 1338 1206 1365 in
1220 1339 1286 1366 duos
1303 1339 1375 1366 rivos
1391 1339 1549 1366 dividuntur
1563 1347 1679 1368 :earum

885 1391 937 1410 una
962 1391 1025 1422 ναῖε
1043 1391 1092 1419 per
1105 1384 1253 1412 altissimos
1271 1386 1379 1419 ductu,
1400 1386 1482 1413 veluti
1504 1386 1605 1418 sulcos.
1618 1395 1682 1415 cor-

885 1429 983 1462 rivata,
1000 1437 1076 1464 aeque
1091 1438 1123 1458 ac
1135 1423 1231 1458 aitreus
1248 1431 1347 1458 ﬂuvius
1373 1433 1405 1459 ex
1428 1436 1505 1466 parte
1520 1432 1614 1460 dextra
1633 1441 1681 1461 su-

885 1475 1039 1510 periorique
1060 1476 1085 1503 in
1112 1476 1213 1504 Urbem
1231 1477 1330 1510 inﬂuit,
1360 1478 1457 1510 altera,
1480 1479 1601 1507 sinistris
1612 1478 1680 1507 fonti

883 1520 949 1548 locis
970 1522 1170 1557 campestribus
1195 1522 1350 1555 exundans,
1379 1523 1405 1550 in
1423 1524 1566 1558 paludibus
1584 1533 1680 1559 super-

883 1571 1001 1601 stagnat,
1016 1568 1197 1602 universaque
1228 1568 1356 1602 Daphnes
1383 1575 1462 1603 prata
1493 1569 1614 1603 irrorat;
1631 1571 1678 1597 (leo

882 1621 954 1640 mum
986 1612 1061 1641 lanis
1078 1613 1188 1641 Orontis
1202 1615 1310 1640 liuentis
1326 1613 1505 1642 imniiscetur.
1523 1615 1598 1642 Mons
1613 1624 1678 1643 vero

881 1659 1057 1687 admirandus
1074 1659 1145 1687 inter
1155 1660 1248 1687 urbem
1267 1664 1294 1686 ct
1309 1667 1385 1687 mare
1402 1661 1500 1693 elatus.
1515 1668 1557 1688 res
1571 1662 1678 1697 egregia

880 1712 913 1732 ac
944 1705 1110 1740 spectabilis.
1137 1709 1164 1732 et
1185 1704 1389 1732 advenientium
1421 1706 1508 1733 oculis
1537 1706 1677 1740 delicium,

881 1750 1060 1786 conspicitur.
1084 1749 1207 1785 Namque
1232 1750 1292 1778 urbi
1323 1750 1454 1786 Rosoque
1473 1752 1677 1784 conterminus,

883 1797 1006 1830 utrisque
1034 1797 1196 1832 epartibus,
1220 1801 1321 1829 monte,
1347 1797 1469 1832 scopulo,
1500 1798 1680 1833 Caucasoqne

880 1843 1087 1879 constringitur.
1119 1841 1236 1870 Orontes
1253 1842 1350 1870 ﬂuvius
1367 1843 1517 1870 innumeris
1550 1843 1676 1871 inﬂexio-

880 1898 944 1918 num
956 1890 1106 1917 vorticibus
1123 1889 1156 1916 ad
1170 1890 1253 1924 pedes
1268 1890 1366 1916 montis
1384 1889 1505 1925 proﬂuit,
1521 1895 1546 1917 et
1559 1890 1585 1917 in
1603 1898 1677 1917 mare

880 1943 964 1970 aquas
985 1934 1116 1962 immittit.
1147 1933 1178 1961 In
1198 1934 1298 1961 montis
1321 1934 1434 1969 hujusce
1450 1935 1676 1970 vertice'magnus

880 1981 928 2016 ille
948 1983 1000 2013 vir,
1019 1979 1166 2015 tranquille
1184 1979 1266 2007 vitam
1281 1987 1374 2015 agens,
1393 1985 1420 2007 et
1445 1981 1471 2008 in
1488 1981 1568 2007 corde
1581 1988 1676 2008 ascen-

880 2027 970 2054 siones
996 2026 1155 2060 disponens,
1184 2033 1299 2060 corpore
1328 2026 1452 2054 sublimis
1473 2026 1620 2060 extollitur,
1650 2031 1677 2054 et

880 2079 941 2099 cum
959 2071 1017 2106 ipso
1032 2077 1146 2105 corpore
1159 2070 1297 2098 aethereus
1317 2071 1387 2104 ﬂeri,
1407 2072 1534 2106 interque
1551 2073 1633 2099 Deum
1647 2076 1676 2100 et

879 2117 1004 2145 homines
1027 2117 1131 2144 medius
1158 2124 1228 2150 esse,
1251 2118 1402 2145 contendit.
1429 2119 1465 2145 At
1491 2126 1543 2152 qua
1570 2121 1676 2146 ratione

879 2162 936 2190 Deo
952 2163 1042 2189 dedito
1059 2162 1118 2190 viro
1147 2162 1198 2190 ista
1222 2170 1266 2190 res
1281 2163 1462 2190 admiratione
1481 2164 1560 2199 digna
1573 2172 1675 2192 evene-

882 2205 928 2237 rit,
956 2205 1015 2240 ipse
1054 2206 1155 2234 dicam.
1185 2206 1376 2241 Lapicidarum
1410 2214 1492 2240 opera
1518 2209 1677 2235 summitate

881 2252 980 2279 montis
996 2252 1148 2279 admirandi
1173 2252 1228 2280 alte
1252 2259 1394 2285 excavata,
1422 2255 1623 2281 monasterium
1640 2262 1674 2286 ex,

879 2306 932 2325 uno
946 2298 1091 2326 conﬂatum
1110 2298 1386 2333 compaginatttmque
1408 2298 1498 2333 lapide
1516 2300 1650 2328 exstruxit
1665 2307 1672 2326 :

879 2344 905 2372 in
943 2345 1030 2372 media
1068 2345 1225 2372 monasterii
1257 2345 1328 2371 inter
1353 2345 1461 2372 excisos
1488 2345 1591 2379 lapides
1624 2352 1674 2377 sua

877 2396 972 2427 sponte
983 2395 1046 2419 nata
1062 2391 1188 2418 columna
1204 2391 1306 2426 gradus
1316 2391 1451 2426 appinxit,
1463 2399 1544 2426 super
1557 2397 1672 2427 petram,

877 2442 907 2465 ut
922 2445 1000 2466 sacro
1024 2437 1137 2472 Eloquio
1151 2437 1279 2469 traditur,
1296 2437 1410 2472 pedibus
1430 2437 1557 2470 ﬁrmatis,
1577 2446 1674 2467 versus

876 2488 1044 2516 exorientem
1066 2487 1150 2516 solem
1166 2487 1293 2522 templum
1312 2487 1524 2522 pulcherrimum
1544 2487 1598 2516 Deo
1612 2497 1673 2516 ere-

877 2535 927 2567 xit.
955 2534 982 2562 in
1002 2534 1072 2569 quod
1089 2534 1240 2569 discipulos
1254 2535 1444 2562 convocabat:
1462 2540 1545 2570 atque
1563 2536 1599 2562 ita
1615 2537 1667 2563 sub

877 2580 922 2607 dio
940 2580 997 2615 ipse
1011 2587 1194 2612 commorans,
1212 2579 1251 2607 illi
1269 2583 1326 2607 tota
1345 2585 1423 2608 nocte
1440 2581 1465 2607 in
1478 2581 1579 2615 templo
1595 2586 1671 2609 stans

877 2629 929 2657 tes,
957 2628 987 2652 ut
1001 2624 1114 2652 decebat
1140 2629 1260 2658 sanctos,
1290 2625 1409 2653 debitum
1437 2625 1494 2654 Deo
1509 2626 1610 2656 cultum
1626 2627 1669 2655 of.
1693 2656 1696 2659 ,

875 2671 1009 2699 ferebant.
1691 2680 1696 2709 \

910 2759 936 2787 5.
955 2760 1020 2787 Post
1039 2760 1096 2788 huic
1114 2765 1141 2787 et
1156 2760 1337 2793 Antiochiam,
1364 2760 1497 2790 Laodicea
1530 2763 1665 2798 sequitur,

874 2804 971 2832 civitas
1005 2804 1110 2839 ingens,
1135 2805 1212 2840 copia
1244 2806 1383 2834 hominum
1410 2807 1556 2842 frequens;
1597 2810 1661 2837 licet

876 2855 978 2886 tempus
996 2850 1065 2879 illius
1082 2858 1188 2887 quoque
1215 2851 1384 2889 splendorem
1401 2853 1575 2884 imminuerit.
1589 2855 1662 2888 illam
