1956 3077
129 208 181 241 95‘.)

642 211 869 241 DESCRIPTIO
888 212 963 242 TER
969 211 1027 242 ῘὶίΕ
1047 210 1211 241 SANCTrE.

1699 212 1751 244 950

127 275 184 298 σεις
201 266 320 301 πλαγίαν
335 266 404 301 ὀπὴν
415 265 511 302 ἑτέρου
524 266 670 302 σπηλαίου,
685 268 723 299 είς
737 268 770 302 ἥν
784 267 915 294 εἰσελθὼν

971 267 1070 301 venies,
1083 267 1109 294 itt
1123 275 1203 302 quam
1219 268 1304 295 sancti
1322 268 1470 303 discipulus
1480 267 1595 296 Basilius
1609 266 1751 300 lntroiens,

126 314 139 339 ὁ
162 312 287 348 μαθητὴς
318 312 365 339 τοῦ
396 313 475 346 ἁγίου
502 313 642 345 Βασίλειος
658 314 689 341 τὸ
712 313 807 350 μνῆμα
831 315 915 342 αὐτοῦ

127 359 297 392 ἀνεκαίνισε,
328 359 375 385 τοῦ
392 360 471 394 ἁγίου
490 360 681 392 κελεύσαντος,
702 361 795 392 καθὼς
811 361 840 388 τὸ
860 362 916 388 Πα-

128 406 237 440 τερικον
249 406 382 441 παριστᾷ,
403 409 452 433 καὶ
472 406 518 432 ἐπὶ
537 408 744 442 τεσσαράκοντα.
763 408 871 443 ἡμέρας
886 408 916 433 ἐν

127 452 167 485 τῷ
184 451 273 485 καιρῷ
287 451 336 485 τῆς
352 451 488 484 συνάξεως
501 451 606 486 ἑώρατο
622 453 786 488 συμψάλλων
795 453 916 488 τῷιόιγίῳ

129 495 176 521 καὶ
189 496 246 526 τοῖς
261 495 397 530 ἀδελφοῖς.

165 545 210 576 ιη’.
228 541 356 577 Ἀντικρῦ
374 542 402 568 δὲ
436 543 484 577 τῆς
500 543 629 578 τοιαύτης
646 543 731 578 μονῆς
753 542 915 577 δεξιώτερον

127 588 194 623 περὶ
207 587 236 614 τὸ
253 588 335 623 βάθος
356 590 405 623 τῆς
428 589 535 624 ἐρήμου
556 590 603 616 τοῦ
621 589 766 625 Ἰορδάνου,
793 590 913 624 ὑπάρχει

128 633 145 667 ἡ
163 634 232 668 μονὴ
245 634 292 660 τοῦ
314 634 394 668 ἁγίου
409 635 547 669 Εὐθυμίου
565 635 612 662 τοῦ
638 636 768 671 μεγάλου,
784 636 831 662 καὶ
845 634 914 669 αὐτὴ

128 681 386 716 περι-τετειχισμένη
396 681 448 708 ὑπό
457 690 485 707 τε
496 681 620 716 πύργων,
631 685 679 708 καὶ
690 682 816 717 μεγάλων
830 681 914 708 ἐπάλ-

127 724 206 756 ξεων.
227 725 317 751 Μέσον
325 725 353 752 δὲ
368 725 470 760 ταύτης
485 725 595 753 ἵσταται
609 727 623 752 ό
639 726 712 759 ναὸς,
730 725 915 761 κυλινδρωτὴν

128 771 176 797 καὶ
193 767 272 803 οὗτος
293 770 363 806 ἔχων
380 771 429 807 τὴν
445 772 558 807 ὀροφὴν,
573 772 756 800 ὑποκάτωθεν
780 772 807 798 δὲ
817 772 914 799 τούτου

128 817 186 842 ἐστὶ
202 817 346 852 σπήλαιον,
363 819 411 845 καὶ
430 819 514 852 μέσον
531 819 615 845 αὑτοῦ
634 820 719 853 τάφος
731 819 778 845 τοῦ
794 818 914 853 μεγάλου

128 862 278 898 Ιείὑθυμίου,
302 865 483 901 παρεμφερὴς
500 865 539 900 τῷ
562 866 688 900 μνήματι
706 865 753 892 τοῦ
783 866 914 901 θεοφόρου

128 907 215 940 Σάϐα,
233 908 277 934 διὰ
292 907 390 935 λευκοῦ
407 911 555 946 μαρμάρου
570 912 617 938 καὶ
631 908 709 943 οὗτος
730 912 913 946 σκεπόμενος,

127 952 211 988 ἐνηῷ
231 955 277 980 καὶ
307 957 533 991 συναπετὲοησαν
556 957 595 992 τῷ
621 958 703 992 ἁγίῳ,
734 958 781 984 καὶ
804 958 838 984 τὰ
862 958 916 984 τῶν

130 999 216 1032 ἁγίων
232 999 360 1036 Πατέρων
378 1001 494 1036 λείψανα
509 1003 688 1037 Πασαρίωνος
713 1004 760 1030 καὶ
788 1003 918 1038 Δομετια-

128 1051 187 1070 νου.

165 1090 207 1116 ιθ’.
231 1091 283 1117 Καὶ
298 1091 368 1126 μετᾶ
393 1091 442 1126 τὴν
471 1093 555 1128 μονὴν
571 1093 684 1128 ταύτην,
704 1093 761 1120 ἐστι
779 1094 916 1129 διάστημα

127 1135 193 1162 ὡσεὶ
212 1137 307 1171 μιλίων
329 1136 371 1172 ιβ’.
391 1139 447 1165 Καὶ
460 1139 552 1171 οὕτως
571 1140 852 1175 εὑρίσκεταιφὰραγξ
868 1148 916 1175 με·

129 1182 211 1217 γάλη,
241 1183 288 1209 καὶ
318 1183 399 1218 μέσον
424 1185 525 1220 ταύτης
548 1186 687 1221 διέρχεται
705 1186 867 1221 χείμαρρος,
883 1183 917 1220 ἦς

127 1228 194 1262 περὶ
212 1228 242 1254 τὸ
266 1229 381 1264 ἀντικρὺ
407 1230 490 1268 μέρος
506 1231 581 1258 ἐστὶν
600 1232 617 1266 ἡ
639 1231 707 1267 μονὴ
732 1231 779 1258 τοῦ
799 1230 914 1262 Χοζιϐἴι,

128 1274 246 1308 πρᾶγμα
257 1276 290 1310 τῇ
309 1275 358 1309 μὲν
371 1276 510 1311 ἀφηγήσει
524 1277 562 1312 μὴ
577 1278 783 1312 πιστευόμενον,
802 1278 833 1311 τῇ
847 1276 915 1303 θεω-

129 1320 176 1354 ρίᾳ
195 1320 222 1346 δὲ
239 1321 454 1356 Θαυμαζόμενον.
479 1322 530 1349 Καὶ
546 1323 600 1358 γὰρ
623 1323 763 1358 σπηλαίων
778 1323 842 1350 ὀπαί
863 1324 916 1349 είσι

128 1366 164 1391 τὰ
180 1366 236 1392 τῶν
254 1368 378 1402 μοναχῶν
394 1369 498 1396 κελλία.
521 1370 577 1396 Kal
593 1370 674 1401 αὐτὸς
691 1370 704 1396 ὁ
723 1370 797 1401 ναὴς,
819 1370 866 1396 καὶ
886 1369 916 1395 τὸ

129 1413 310 1448 κοιμητήριον
323 1415 351 1440 ὲν
366 1415 403 1448 τῷ
418 1415 539 1450 ρήγματι
554 1415 606 1451 τῆς
622 1417 725 1452 πέτρας
737 1415 917 1451 τεθεμελίων-

127 1466 184 1490 ται,
200 1459 229 1490 ἐς
243 1459 370 1487 τοσοῦτον
379 1461 432 1488 ὑπὸ
445 1463 493 1496 τῆς
508 1462 555 1489 τοῦ
571 1463 644 1498 ἡλίου
658 1463 818 1498 φλογώσεως
827 1471 915 1490 κατοι-

128 1505 271 1539 καιόμενοι,
298 1507 335 1538 ὡς
362 1509 448 1541 πυρὸς
472 1509 666 1543 γλωττίσματα
690 1510 837 1545 ἐνορᾶσθαι
862 1510 916 1536 ἀπὸ

126 1549 183 1575 τῶν
201 1551 309 1585 πετρῶν
336 1553 364 1578 ἐν
397 1554 461 1581 εἴδει
487 1555 648 1591 πυραμίδων
684 1555 913 1591 ἀναπεμπόμενα.

127 1596 165 1622 Τὸ
176 1597 205 1623 δέ
218 1605 249 1631 γε
263 1599 339 1633 παρὰ
354 1599 408 1626 τῶν
427 1601 554 1636 μοναχῶν
572 1602 719 1637 πινόμενον
735 1602 806 1638 ὕδωρ
828 1602 917 1629 τοιοῦ-
928 1609 951 1640 c

127 1642 174 1668 τόν
190 1643 275 1674 ἐστιν,
293 1642 349 1670 οἷον
367 1645 422 1672 ἀπὺ
440 1646 539 1681 λίμνης
551 1647 675 1682 ἑστώσης
694 1648 776 1675 ὁπότε
798 1649 874 1684 ἥλιος
887 1650 916 1675 ὲν

129 1690 287 1726 μεσαιτάτῳ
303 1690 378 1726 θέρει
402 1693 463 1724 ταῖς
482 1692 591 1728 λίμναις
609 1695 750 1730 ἐπιφοιτᾷ,
767 1696 812 1721 καὶ
825 1695 916 1730 βολαῖς

128 1734 264 1770 ἐμπύροις
289 1737 484 1772 ὺποθερμαίνει
505 1739 610 1775 ταύτην
635 1741 673 1775 τῷ
701 1741 851 1776 βράσματι.
871 1742 916 1768 Ἐν

129 1779 217 1816 ταύτῃ
234 1782 266 1816 τῇ
289 1784 355 1818 μονῇ
376 1783 522 1819 διαφόρους
538 1785 589 1820 μὲν
602 1786 709 1821 εἴδομεν
732 1786 917 1821 ἡγιασμένους

130 1827 244 1862 ἄνδρας,
271 1829 318 1855 ἕνα
333 1831 361 1856 δὲ
380 1832 485 1857 τούτων
502 1832 685 1866 σημειοφόρον
697 1832 852 1866 ἄνθρωπον,
868 1833 916 1859 καὶ

128 1873 240 1907 ἀμέσως
261 1877 478 1911 προσομιλοῦντα
490 1877 558 1912 Θεῷ,
576 1879 683 1909 Λουκᾶς
699 1879 773 1904 ἐστιν
787 1879 803 1912 ἠ
820 1877 917 1912 κλῆσις

127 1920 166 1955 τῷ
183 1920 301 1956 γέροντι.
324 1923 368 1949 Ἑν
385 1921 480 1960 ᾕμονῇ
494 1924 674 1955 ἐπικινδύνως
688 1923 850 1959 ἀνήλθομεν,
873 1924 917 1951 διά

129 1973 158 1991 τε
175 1965 205 1991 τὸ
220 1967 382 2001 κρημνῶδες
398 1967 444 1994 τοῦ
455 1968 549 2001 τόπου,
562 1969 609 1995 καὶ
626 1969 675 2005 τὴν
690 1969 916 2004 ὑπερϐάλλουσαν

129 2012 177 2039 τοῦ
192 2012 266 2047 ἡλίου
279 2015 376 2048 φοράν.

167 2063 201 2086 κ’.
214 2059 292 2086 Μετὰ
305 2061 391 2087 ταῦτα
411 2061 530 2097 ὑπάρχει
553 2063 771 2098 στενοεπιμήκης
791 2063 838 2089 καὶ
851 2071 917 2097 τρα-

133 2106 235 2141 χυτάτη
251 2106 309 2138 est;
334 2108 402 2142 προς
417 2108 446 2134 τὸ
464 2108 580 2134 κατόπιν
602 2108 721 2134 ἀπιοῦσα
736 2109 785 2143 τῆς
800 2110 914 2144 ἐρήμου,

132 2151 230 2186 μέχρις
241 2149 275 2187 ἦς
295 2153 324 2178 ὲν
340 2153 379 2188 τῷ
399 2153 501 2187 μεταξὺ
520 2153 603 2188 ραχία.
620 2153 790 2187 καθορῶνται
803 2154 859 2187 δύο,
880 2153 917 2181 ὧν

133 2195 217 2229 μέσον
239 2197 255 2231 ἡ
273 2196 332 2228 ὁδὸς
351 2198 470 2224 ἀπιοῦσα
492 2197 631 2233 μέχριτῆς
657 2197 763 2233 Ὶεριχῶ
784 2200 916 2234 καταντᾷ’

130 2242 178 2268 ἐπὶ
195 2242 223 2268 δὲ
248 2243 333 2279 ταύτῃ
357 2244 417 2270 οὐδὲ
435 2243 508 2275 λίθος
526 2243 651 2278 θεμελίου
668 2244 838 2279 εὑρίσκεται.
859 2245 917 2271 ἀλλ’

967 315 1119 348 sepulcrum
1149 315 1295 349 proprium,
1328 316 1364 342 ita
1389 321 1484 343 sancto
1506 315 1628 350 iubente,
1646 314 1753 341 utVitte

967 359 1077 388 Patrum
1104 365 1240 393 asserunt,
1257 361 1416 395 designavit,
1433 361 1458 387 in
1472 368 1557 396 coque
1580 365 1700 388 morttnts
1712 360 1753 394 ja—

967 406 1033 440 cuit,
1063 410 1089 434 et
1117 412 1208 442 postea
1244 414 1290 442 per
1308 407 1485 442 quadraginta
1514 398 1750 438 εοηιὶιιιιοειιῑος,

968 453 1084 488 Synaxis
1115 459 1247 488 tempore,
1276 461 1327 480 una
1356 462 1417 481 cum
1445 458 1539 480 sancto
1567 460 1598 480 ac
1625 453 1752 480 fratribus

967 500 1112 528 concinens
1123 500 1277 528 videbatur.

1004 547 1046 574 18.
1072 546 1148 574 Dicto
1172 547 1333 573 monasterio
1368 547 1522 576 adversum,
1555 545 1691 583 dexterius
1725 545 1752 570 itt

967 593 1130 627 profundum
1160 592 1244 619 eremi
1259 591 1393 623 Iordanis,
1412 591 1497 619 sancti
1512 590 1647 625 Euthytnii
1663 590 1752 624 magni

967 638 1160 665 monasterium
1186 644 1246 670 est;
1267 638 1386 665 turribus
1407 638 1564 672 magnisque
1590 635 1682 662 fnlcris
1699 644 1754 662 Cir-

967 683 1154 716 cumvaliatur,
1181 689 1208 710 et
1232 684 1256 709 itt
1279 683 1367 710 tnedio
1380 683 1508 717 templum
1534 681 1661 716 assurgit,
1685 686 1754 708 tet-tt

968 729 994 756 in
1009 730 1116 756 tnodum
1144 729 1258 764 cylindri
1270 730 1390 756 directo:
1406 730 1499 756 subtus
1523 729 1649 763 spelunca
1670 733 1753 762 patet.

967 776 1059 810 ibique
1072 777 1190 803 medium
1208 776 1295 803 sancti
1325 776 1461 810 Euthymii
1482 776 1646 810 scpulerntn,
1659 774 1752 801 tleifcri

968 820 1043 848 Saba:
1072 822 1196 855 sepulcro
1219 821 1287 848 haud
1306 821 1446 852 diSsituile,
1476 821 1592 847 candido
1621 828 1754 847 marmore

966 875 1041 902 aeque
1056 875 1086 895 ac
1101 868 1164 895 illud
1187 873 1330 902 opertum;
1350 873 1376 894 et
1395 875 1455 894 cum
1472 871 1576 899 sancto,
1598 871 1752 894 sanctorum

968 914 1048 941 simul
1073 914 1182 941 Patrum
1214 914 1382 942 Passarionis
1413 919 1439 941 et
1464 913 1612 941 Dometiani
1636 913 1754 947 reliquim

970 961 1158 987 reconduntur.

1007 1093 1047 1120 l9.
1081 1092 1142 1119 Post
1164 1093 1214 1120 hoc
1245 1094 1448 1126 monasterium,
1479 1093 1620 1121 duodecim
1641 1091 1753 1119 millium

969 1146 1093 1172 passuum
1120 1138 1289 1165 intervallum
1321 1139 1467 1166 excurrit:
1492 1143 1601 1173 tumque
1629 1138 1708 1165 obvia
1726 1137 1755 1164 lit

969 1183 1062 1218 ingens
1092 1191 1203 1218 vorago,
1234 1191 1313 1218 quam
1339 1188 1444 1212 torrens
1456 1184 1568 1211 mediam
1581 1187 1663 1211 secat.
1683 1183 1754 1210 Illius

968 1230 994 1257 in
1024 1231 1136 1258 adversa
1160 1235 1235 1265 parte
1264 1232 1455 1259 monasterium
1470 1231 1754 1267 Chozibazjacetnes

967 1275 1100 1308 equidem,
1132 1283 1190 1310 qua:
1207 1277 1269 1303 dum
1285 1281 1422 1307 narratur,
1443 1285 1496 1303 non
1518 1278 1647 1309 creditur,
1660 1282 1756 1313 elspe-

968 1320 1102 1347 calatione
1126 1321 1206 1348 etiam
1232 1321 1289 1355 ipsa
1301 1322 1327 1348 in
1351 1322 1529 1349 admiratione
1555 1328 1595 1350 est
1614 1332 1620 1355 ;
1638 1331 1756 1358 namque

967 1366 1156 1400 speluncarum
1173 1367 1228 1401 ipsa
1245 1368 1376 1395 foramina
1389 1371 1582 1396 tttonachorutn
1598 1375 1659 1397 sunt
1670 1369 1754 1397 cellae.

967 1410 1000 1437 Et
1017 1411 1144 1446 templum
1172 1413 1258 1447 ipsum
1274 1418 1301 1441 et
1332 1415 1517 1442 coemeterium
1543 1415 1570 1442 in
1591 1420 1673 1450 petrte
1689 1415 1757 1443 scis-

967 1464 1030 1484 sura
1058 1464 1234 1491 excavantur,
1272 1460 1340 1487 adeo
1370 1461 1435 1489 solis
1461 1461 1551 1489 calore
1578 1463 1692 1494 deusta,
1726 1465 1757 1489 ut

967 1509 1000 1529 ex
1013 1503 1085 1530 saxis
1098 1503 1160 1536 illis,
1175 1504 1208 1531 ad
1222 1506 1329 1532 modunt
1345 1506 1525 1541 pyramidum,
1549 1507 1617 1541 ignis
1632 1507 1757 1542 lingnulat

967 1548 1076 1576 exsilire
1088 1549 1306 1584 conspiciantur,
1325 1559 1446 1586 aquaque
1472 1553 1666 1580 monachortun
1683 1554 1755 1588 potui

968 1599 1095 1629 congesta
1126 1596 1186 1623 talis
1211 1597 1256 1627 sit,
1273 1597 1379 1631 qualeut
1406 1605 1422 1626 ο
1446 1604 1541 1634 stagno
1562 1600 1679 1633 hauries,
1694 1607 1756 1627 cum

969 1640 1020 1673 sol,
1033 1646 1127 1669 testate
1139 1643 1223 1676 media
1236 1643 1498 1677 lacubusinsistens,
1514 1654 1559 1673 eas
1569 1646 1660 1680 ignitis
1675 1646 1758 1673 radiis

970 1691 1092 1722 astuque
1116 1687 1316 1717 ferventissimo
1337 1691 1465 1718 incendit.
1480 1690 1507 1718 lu
1525 1692 1575 1719 hoc
1591 1692 1756 1719 monasterio

970 1732 1090 1761 diversos
1100 1735 1242 1762 sanctitate
1252 1737 1411 1770 conspicnOS
1424 1737 1496 1764 visos
1511 1737 1670 1770 iovisimus;
1687 1739 1756 1765 ittter

970 1785 1016 1806 eos
1027 1787 1110 1807 unum
1123 1780 1295 1815 signiferum,
1308 1789 1398 1810 coram
1409 1791 1469 1810 cum
1484 1784 1536 1810 Deo
1546 1783 1755 1818 colloquentem,

970 1825 1012 1852 cui
1044 1824 1124 1853 Lacte
1143 1827 1201 1854 seni
1225 1835 1322 1854 nomen
1347 1833 1398 1856 est.
1422 1828 1474 1856 Sed
1490 1829 1560 1856 enim
1577 1830 1604 1856 in
1621 1835 1757 1857 monaste-

970 1871 1050 1904 rium,
1066 1880 1118 1900 non
1130 1873 1189 1901 sine
1205 1874 1371 1907 discrimine,
1393 1879 1447 1902 tum
1466 1875 1500 1902 ob
1520 1880 1652 1910 praerupta
1682 1877 1756 1910 rupis

971 1918 1040 1951 loca,
1072 1923 1127 1946 tum
1158 1920 1193 1946 ob
1211 1920 1478 1949 vehementissitnum
1505 1921 1568 1949 solis
1582 1921 1756 1953 ardorcm,et

971 1964 1162 1993 descendimus
1173 1971 1199 1993 et
1207 1967 1389 1994 ascendimus.

1005 2056 1049 2083 ευ.
1063 2057 1193 2091 Deinceps
1215 2057 1386 2091 subsequitur
1415 2063 1538 2093 angusta,
1566 2063 1706 2093 protensa,
1729 2063 1755 2086 et

971 2103 1118 2138 asperrima
1153 2103 1206 2135 via,
1233 2103 1267 2129 ad
1291 2104 1376 2131 crcmi
1399 2109 1472 2138 terga
1498 2104 1660 2132 conducens.
1675 2104 1757 2131 Ante—

970 2155 1050 2183 quam
1075 2149 1108 2175 ad
1133 2149 1216 2183 ipsam
1246 2151 1412 2183 perveneris,
1442 2150 1469 2177 in
1483 2151 1539 2184 ejus
1568 2151 1656 2178 medio
1676 2152 1757 2178 dorsa

972 2195 1103 2222 montium
1129 2195 1182 2222 dtto
1205 2195 1418 2229 conspiciuntur,
1447 2203 1495 2230 per
1519 2203 1578 2231 qua:
1605 2197 1647 2223 via
1669 2198 1756 2224 media

972 2239 1112 2273 adaperta,
1141 2238 1174 2266 ad
1191 2240 1284 2265 urbem
1296 2239 1402 2267 Jericho
1416 2239 1466 2266 iter
1485 2244 1527 2267 est
1543 2240 1590 2267 :in
1615 2247 1646 2268 ea
1665 2241 1756 2268 nullus

129 2286 230 2323 ὅμωςὴ
248 2289 320 2314 πᾶσα
332 2288 433 2324 ταύτης
445 2288 583 2325 διαγραφή
597 2289 725 2324 ἀμυδρῶς
739 2298 798 2321 πως
819 2291 916 2325 ιμφαί-

973 2285 1204 2312 fundamentorum
1222 2285 1288 2318 lapis
1304 2285 1488 2319 conspicitur;
1502 2286 1626 2313 universa
1656 2286 1756 2313 nihilo-

129 2341 222 2359 νεται”
236 2334 283 2361 νῦν
298 2333 344 2361 οὗν
359 2335 554 2370 ἑπείπερὲστὶν
569 2336 670 2370 ήπᾶσα
681 2336 834 2371 περίχωρος
849 2336 918 2363 καθ-

130 2386 224 2413 υγρος,
255 2379 294 2411 είς
335 2380 471 2415 κήπευσιν
508 2379 722 2415 χρηματίζουσα
746 2380 800 2407 τῶν
826 2381 856 2407 ἑν
884 2382 917 2416 τῇ

131 2425 228 2460 ἐρήμῳ
253 2425 406 2460 ἱδρυμένων
423 2425 523 2461 μονῶν.
551 2426 738 2461 Διατμηθείσα
759 2426 813 2461 γὰρ
837 2427 918 2462 ήγῆ,

119 2469 179 2498 ,καὶ
199 2469 405 2504 διαμερισθεῖσα
419 2471 479 2501 ταῖς
493 2469 583 2504 ἁγίαις
598 2470 717 2501 ἐκείναις
730 2471 836 2505 μοναῖς,
851 2479 920 2497 κατ-

129 2514 281 2550 εδενδρώθη
301 2516 318 2550 ὴ
342 2515 427 2548 πᾶσα,
448 2515 495 2542 καὶ
511 2515 672 2550 ὑπάμπελος
689 2515 797 2550 γέγονε,
817 2516 857 2542 διὸ
871 2517 919 2543 καὶ

131 2562 256 2596 πύργους
268 2563 316 2588 ἐπὶ
330 2562 365 2589 τὰ
383 2561 438 2588 τῶν
453 2561 579 2596 μοναχῶν
600 2561 670 2597 λάχη
689 2562 713 2588 οἱ
733 2561 848 2597 ί¹”⁵““²¹)(⁰ἱ
865 2562 919 2597 πή·

132 2608 228 2640 ξαντες
249 2608 411 2643 πολυφόρως
431 2608 494 2639 τοὺς
513 2609 637 2642 καρποὺς
662 2609 775 2634 ἐκείνων
795 2608 919 2643 πορίζον-

131 2663 188 2681 ται.
207 2654 285 2688 Ἔχει
308 2653 375 2687 γοῦν
403 2654 542 2689 σχήματος
565 2654 581 2689 ἡ
611 2655 686 2680 πᾶσα
702 2654 816 2690 ἔρημος,
844 2656 922 2681 καὶὸ

131 2702 271 2737 Ἰορδάνης
282 2701 341 2736 ἅμα
355 2701 388 2736 τῇ
401 2701 495 2736 Νεκρᾷ
506 2700 560 2727 τῶν
574 2701 702 2736 Σοδόμων
713 2700 835 2737 θαλάσσῃ
849 2702 921 2728 κατὰ

132 2750 180 2775 τὸν
196 2749 332 2783 ἡμέτερον
349 2747 502 2782 στοχασμὸν
516 2747 565 2782 τῆς
589 2747 637 2774 τοῦ
654 2748 791 2783 Θεάματος
820 2748 922 2779 θέσεως

133 2795 269 2831 Ἀχρίδος,
294 2795 323 2821 ἐν
343 2794 432 2830 τούτῳ
445 2794 494 2830 τὴν
514 2793 666 2830 ἐναλλαγὴν
692 2794 777 2830 μόνην
793 2794 923 2829 φαινομές

133 2850 194 2877 νην,
205 2843 234 2869 ὲν
247 2841 284 2877 τῷ
301 2841 356 2868 ἀπὸ
374 2842 424 2876 μὲν
443 2842 492 2877 τῆς
509 2841 609 2877 λίμνης
620 2842 744 2877 Ἀχρίδος
762 2841 922 2876 ἐξέρχεσθαι

135 2889 208 2924 ὕδωρ
229 2890 270 2920 εἰς
284 2888 431 2924 διαφόρους
449 2888 499 2924 τῆς
519 2889 572 2924 γῆς
589 2887 855 2924 περιλιμναζόμενον
872 2887 923 2922 φά.-

137 2945 254 2972 ραγγας,
269 2936 302 2968 ἃς
318 2936 456 2972 στρούγας
476 2937 500 2963 οἱ
522 2935 571 2972 τῆς
591 2936 682 2963 ὲκεῖςε
703 2935 755 2971 γῆς
780 2934 924 2970 οἰκήτορες

971 2332 1059 2358 minus
1084 2331 1155 2358 illius
1183 2330 1326 2358 delineatio
1346 2331 1461 2358 obscure
1485 2332 1713 2366 deprehenditur:
1731 2338 1756 2359 at

971 2385 1054 2411 nunc,
1072 2385 1131 2405 eum
1143 2382 1197 2404 tota
1212 2384 1243 2404 ea
1264 2377 1460 2411 circumjaeens
1483 2378 1557 2412 regio
1576 2379 1655 2412 aquis
1670 2379 1757 2405 abttn~

970 2425 1026 2456 det,
1057 2424 1292 2455 monasteriorum,
1305 2431 1364 2458 qua:
1391 2423 1416 2450 in
1434 2431 1526 2450 eremo
1544 2428 1618 2456 sunt,
1631 2431 1680 2458 pro
1696 2423 1757 2450 cul-

973 2474 1031 2497 tura
1060 2470 1209 2502 hortorum,
1227 2470 1286 2497 usui
1312 2469 1438 2496 deservit.
1458 2469 1579 2504 Namque
1604 2470 1678 2504 regio
1701 2469 1756 2501 illa,

970 2516 998 2542 itt
1016 2520 1106 2550 partes
1117 2515 1214 2547 scissa,
1229 2515 1384 2549 sanctisque
1400 2514 1454 2542 illis
1468 2514 1640 2541 monasteriis
1658 2514 1756 2547 divisa,

973 2561 1098 2588 universa
1126 2565 1152 2588 et
1168 2560 1308 2587 arboribus
1325 2560 1501 2587 obumbratur
1511 2564 1538 2588 et
1559 2560 1643 2587 vineis
1670 2560 1758 2587 abun-

973 2606 1028 2633 dat.
1059 2605 1229 2640 Quapropter
1257 2610 1284 2633 et
1301 2606 1420 2633 turribus
1434 2605 1462 2632 in
1487 2605 1652 2639 singulorum
1667 2612 1759 2632 mona-

961 2647 1118 2681 ‘steriorum
1136 2652 1233 2685 hortis,
1265 2660 1280 2679 a
1293 2652 1433 2679 monachis
1454 2652 1635 2684 exaediﬁcatis,
1654 2652 1759 2679 fructus

972 2701 1060 2728 omnis
1075 2699 1182 2734 generis
1193 2698 1298 2725 abunde
1320 2697 1534 2732 suppeditantur.
1553 2697 1690 2726 Universae
1711 2697 1760 2724 ita-

973 2754 1024 2782 que
1037 2753 1140 2780 eremo,
1155 2750 1182 2773 et
1194 2744 1316 2776 Jordani,
1333 2751 1440 2780 unaque
1457 2748 1563 2771 mortuo
1580 2743 1758 2771 Sodomorum

974 2794 1054 2826 mari,
1087 2797 1179 2821 nostra
1213 2792 1377 2827 conjectura,
1410 2798 1463 2819 nou
1491 2791 1542 2819 alia
1566 2791 1649 2826 ﬁgura
1666 2792 1757 2823 fuerit,

975 2846 1057 2874 quam
1085 2846 1145 2873 quae
1165 2837 1293 2866 Achridis
1318 2836 1387 2865 situs
1405 2844 1465 2864 esse
1487 2836 1649 2864 videturzat
1676 2837 1702 2863 in
1727 2844 1760 2864 eo

974 2884 1142 2913 solummodo
1167 2883 1304 2916 dill‘erunt,
1321 2883 1392 2919 quod
1416 2890 1430 2910 e
1441 2883 1538 2918 palude
1552 2883 1677 2911 Achridis
1691 2890 1760 2917 aqua

975 2938 1110 2966 mergeris,
1143 2929 1170 2959 in
1191 2930 1306 2959 diversis
1331 2933 1410 2958 terra:
1438 2929 1606 2958 convallibus
1639 2931 1758 2963 stagnat,
