1955 3082
178 132 253 165 955'

834 134 996 166 JOANNIS
1035 135 1171 166 PHOC/E

1761 135 1828 168 956

179 198 271 220 rectus
283 192 328 227 qui
344 193 462 225 steterit,
479 193 588 229 capiens
607 202 613 220 :
631 194 807 230 ejusdemque
820 195 846 222 in
858 195 970 228 faciem,

1033 195 1087 222 πθαι
1099 195 1192 230 ὄρθιον
1206 194 1290 230 ἄνδρα
1307 194 1426 230 εὐμήκη.
1445 194 1499 221 Καὶ
1516 194 1612 221 τούτου
1624 194 1737 222 κατίσον
1751 197 1831 230 περὶ

180 240 208 267 iu
226 240 312 268 eremi
329 241 472 274 profundo,
501 241 586 269 altera
619 241 748 277 spelunca
773 242 840 274 hiat,
863 243 889 270 in
917 250 969 277 qua

1033 241 1051 266 τὸ
1068 242 1150 276 βάθος
1162 241 1214 277 τῆς
1231 242 1334 277 ἐρήμου
1350 241 1445 277 ’ἔτερόν
1464 241 1522 268 ἐστι
1544 241 1691 276 σπήλαιον,
1710 242 1738 268 ἐν
1769 239 1794 276 ᾧ
1813 243 1830 269 ὁ

180 285 254 313 Elius
272 286 401 321 propheta
431 288 511 314 vilam
540 288 651 323 degens,
670 288 703 315 ab
728 289 807 322 igneo
819 295 900 316 curru
922 291 971 315 at)-

182 337 275 366 rcpttls
289 337 341 359 est.
360 332 437 360 Ultra
453 333 539 362 dictas
557 334 710 369 speluncas,
730 335 763 360 ad
786 334 859 369 ipsos
872 333 969 362 Jerda-

182 378 226 405 nis
237 385 334 405 cursus
358 378 428 405 fama
445 384 497 411 est,
509 387 629 408 eremum
644 381 764 412 extendi,
785 381 810 407 in
824 389 877 415 qua
890 388 973 408 venc-

183 424 286 451 randus
312 425 435 452 Zosimas
460 426 565 459 angelis
586 434 678 461 parem
694 426 851 462 Egyptiam
870 427 972 455 intueri

182 470 281 505 (lignus
295 471 409 499 eﬂ'ectus
428 477 479 500 est.
505 473 593 501 Trans
616 479 722 501 montes
741 474 783 501 via
804 475 836 501 ad
855 480 973 502 montem

184 517 288 549 Sinam,
314 516 475 552 Rhailhum,
498 527 627 554 mareque
652 519 773 547 Rubrum
799 521 972 555 conducens,

184 561 272 589 locum
291 563 342 591 sibi
357 565 494 592 veudical.
508 564 561 593 Sed
578 566 622 594 hic
640 566 671 594 de
684 574 777 594 eremo
789 567 875 594 oratio
894 567 973 595 tinem

183 608 293 636 haheat.

220 654 266 682 26.
281 654 321 682 Ad
334 655 514 684 dexteriorem
529 662 635 690 partem
653 664 753 686 sancta:
768 660 885 687 civitatis
897 660 976 687 Jeru-

185 701 280 735 salem,
299 705 326 729 et
341 709 354 728 a
373 707 448 730 turre
464 703 574 731 Davidis
593 705 743 740 prophetae.
759 706 851 741 iugum
866 711 920 738 est,
936 708 976 734 vi-

187 748 259 775 tibus
277 749 423 777 universim
439 751 587 784 consitum,
618 751 745 787 illiusque
762 753 794 779 ad
813 758 904 788 partes
930 754 977 782 de-

187 795 337 828 pressiores
350 795 488 824 [berorum
509 799 719 830 monasterium,
739 799 809 827 intra
829 801 907 835 cujus
919 809 978 828 am-

188 840 271 868 bitum
290 843 450 870 veneranda:
472 844 563 871 crucis
579 844 679 879 lignum
704 846 732 873 in
752 851 843 881 partes
861 847 975 874 divisum

189 886 271 914 fuisse
290 889 417 916 traditur.
432 889 499 917 llinc
516 891 635 925 regionis
652 897 787 920 montana:
806 893 880 920 initia
903 898 976 924 sunt.

189 940 242 959 non
254 934 372 962 absurde
386 935 422 962 ita
437 942 610 970 nuncupatze,
623 938 694 972 quod
708 939 828 966 omnium
846 940 977 966 montium

188 987 241 1006 one
259 982 344 1016 magis
359 982 467 1010 clivosa:
483 991 530 1018 per
543 984 625 1011 multa
643 985 729 1012 stadia
744 986 770 1012 in
785 986 978 1020 longitudinem

188 1031 346 1054 excurrant.
358 1028 453 1063 Itaque
469 1037 483 1057 a
500 1036 594 1058 sancta
609 1032 721 1059 civitate
735 1032 831 1060 stadiis
844 1033 900 1060 l'cre
911 1041 978 1067 qua-

189 1073 348 1107 Iuordecim,
375 1074 514 1103 Zachariae
538 1077 677 1111 propheta:
701 1077 796 1105 domus
823 1079 977 1113 inspicitur,

189 1120 216 1145 in
238 1127 331 1154 quam,
357 1126 417 1155 post
442 1123 695 1156 Annuntiationem,
727 1124 979 1152 immaculatissima

191 1165 307 1200 Deipara
324 1167 440 1195 sollicite
468 1170 647 1202 contendens,
671 1169 852 1198 Elisabetham
878 1171 981 1198 saluta-

191 1212 244 1244 vit;
264 1214 343 1248 cujus
362 1219 389 1242 et
411 1215 500 1244 infans
516 1217 614 1250 gaudio
643 1218 668 1244 in
700 1223 778 1245 utero
804 1218 978 1252 sulisullavit,

189 1259 364 1293 exsultantia,
378 1266 407 1288 ut
424 1269 473 1295 par
486 1267 538 1295 est,
556 1263 698 1291 Dominum
712 1264 867 1299 excipiens;
883 1264 980 1301 Virgo-

190 1310 242 1337 que
264 1304 453 1332 admirandum
482 1311 509 1334 et
541 1308 729 1342 propheticum
756 1309 821 1336 illud
837 1309 980 1337 Canticum

191 1349 351 1377 enuntiavit.
364 1350 393 1377 ln
410 1351 467 1379 loco
480 1353 570 1388 itaque
584 1353 628 1380 illo
644 1355 797 1386 castellum.
812 1360 838 1382 et
849 1356 978 1391 templum

191 1401 273 1429 super
289 1395 417 1429 spelunca
435 1398 516 1425 situm
533 1406 573 1426 est
592 1408 598 1426 :
615 1399 641 1426 in
658 1400 795 1434 spelunca:
811 1401 913 1429 ultimis
940 1409 981 1428 re-

191 1441 314 1469 cessibus
339 1441 519 1472 Prmcursoris
544 1446 672 1474 uativitas
686 1446 795 1474 accidit.
812 1447 900 1482 Prope
920 1455 980 1475 eam

193 1485 257 1512 bino
286 1487 331 1514 teli
347 1488 435 1522 jactu,
463 1491 496 1516 ad
522 1488 709 1519 sublimibrem
737 1497 842 1527 partem
868 1495 980 1527 montis,

1024 288 1168 323 προφήτης
1186 288 1281 320 Ἠλίας
1293 288 1484 323 διαιτώμενος,
1497 288 1550 314 ὑπὸ
1564 287 1611 314 τοῦ
1626 287 1741 322 πυρίνου
1765 288 1826 323 ἡρ-

1023 336 1100 370 πάγη
1129 337 1263 372 ἅρματος.
1287 336 1397 364 Τούτων
1413 336 1442 362 δὲ
1459 335 1603 371 σπηλαίων
1620 336 1725 362 ἐκεῖθεν
1750 336 1828 370 περὶ

1023 382 1072 417 τὴν
1092 382 1139 409 τοῦ
1162 382 1296 418 Ἰορδάνου
1312 383 1408 418 φορὰν,
1422 383 1531 417 λέγεται
1542 382 1618 409 είναι
1631 382 1681 418 τὴν
1697 382 1826 417 ἔρημον,

1023 428 1067 462 ἐφ’
1079 428 1112 463 ἢν
1134 428 1148 454 ὁ
1167 427 1325 463 θαυμαστὸς
1350 428 1479 463 Ζωσιμᾶς
1505 427 1554 463 τὴν
1572 427 1716 462 ἰσάγγελον
1732 428 1829 461 Αιγυ-

1024 474 1105 501 πτίαν
1122 474 1185 501 ἰδεῖν
1200 474 1316 510 ἠξιώθη.
1332 475 1393 502 Τῶν
1407 475 1435 502 δὲ
1449 474 1552 510 βουνῶν
1573 473 1690 506 ἐκεῖθεν,
1708 474 1725 508 ή
1740 474 1826 500 ἀπᾶ-

1024 528 1111 554 γουσα
1129 520 1159 547 ἐν
1177 520 1217 556 τῷ
1237 521 1304 556 Σινᾷ
1324 521 1371 548 καὶ
1395 520 1434 555 τῷ
1453 519 1554 554 Ῥαῖθῷ
1574 520 1622 547 καὶ
1638 520 1671 554 τῇ
1697 519 1826 555 Ἐρυθρᾷ

1026 565 1149 601 θαλάσσῃ
1165 565 1289 600 πέφυκεν
1306 565 1420 601 ἕρημος.
1435 565 1572 592 Ἑνταῦθὰ
1590 566 1662 599 μοιὸ
1685 564 1749 599 περὶ
1769 565 1826 599 τῆς

1025 610 1130 646 ἐρήμου
1147 610 1227 645 λόγος
1244 610 1274 637 τὸ
1288 610 1380 645 τέρμα
1399 609 1533 643 δεξάσθω.

1060 660 1120 689 κς¹.
1134 656 1302 692 Δεξιὼτερον
1313 656 1341 683 δὲ
1357 656 1403 683 τοῦ
1421 656 1521 690 μέρους
1542 656 1591 690 τῆς
1610 655 1692 689 ἁγίας
1711 654 1825 684 πόλεως

1033 702 1226 738 Ἰερουσαλὴμ,
1243 703 1291 730 καὶ
1316 703 1369 729 ὑπὸ
1386 703 1433 729 τοῦ
1451 702 1550 738 μέρους
1568 701 1615 728 τοῦ
1638 701 1745 736 πύργου
1773 700 1825 728 τοῦ

1027 751 1169 785 προφήτου
1198 749 1290 782 Δαῦὶδ,
1308 748 1365 775 ἐστι
1390 747 1471 782 ζυγὸς
1486 748 1546 779 ὅλος
1571 747 1746 782 ὑπάμπελος,
1773 748 1826 773 καὶ

1027 796 1121 823 τούτου
1149 796 1214 832 περὶ
1239 796 1274 823 τὰ
1298 794 1499 831 χθαμαλώτερα
1520 794 1603 830 μέρη,
1627 794 1680 822 τῶν
1702 793 1825 829 Ἰϐήρων

1029 843 1097 878 μονὴ
1113 843 1245 877 πέφυκεν,
1261 840 1295 879 ἧς
1307 842 1357 876 τῆς
1374 841 1548 877 περιγραφῆς
1559 842 1646 874 ἐντος,
1667 841 1715 867 τοῦ
1727 840 1825 875 τιμίου

1030 889 1148 924 σταυροῦ
1167 889 1305 924 τμηθῆναι
1329 889 1439 922 λέγεται
1455 889 1544 920 ξύλον.
1580 887 1723 914 Ἐντεῦθεν
1739 888 1756 922 ή
1770 887 1826 922 τῆς

1029 936 1138 971 ὀρεινῆς
1148 935 1320 970 λαμϐάνεται
1339 935 1506 970 περίχωρος,
1524 934 1644 967 εὐλόγως
1662 933 1733 960 οὑτω
1753 933 1827 967 κληα

1030 982 1124 1009 θεῖσα·
1141 982 1187 1008 ἐπὶ
1207 982 1289 1017 μήκει
1309 981 1362 1017 γὰρ
1374 981 1480 1008 πολλῶν
1498 979 1612 1007 σταδίων
1633 979 1691 1006 ἐστὶ
1704 979 1734 1005 τδ
1750 978 1825 1005 πάν-

1029 1038 1084 1056 των
1102 1028 1206 1064 βουνῶν
1224 1028 1403 1063 ὸρεινότερον.
1440 1026 1508 1054 Ἀπὸ
1523 1026 1589 1060 γοῦν
1601 1025 1651 1060 τῆς
1673 1025 1752 1059 ἁγίας
1774 1025 1826 1052 πόα

1029 1077 1099 1108 λεως
1119 1075 1185 1102 ὼσεὶ
1201 1075 1296 1101 στάδια
1314 1073 1344 1101 ιδ’
1366 1074 1440 1101 ἔστιν
1467 1075 1483 1109 ἡ
1511 1073 1587 1101 οἰκία
1605 1073 1744 1108 Ζαχαρίου
1773 1072 1824 1098 τοῦ

1030 1122 1185 1156 προφήτου,
1206 1121 1234 1147 ὲν
1286 1119 1356 1155 μετὰ
1371 1119 1417 1146 τὸν
1435 1119 1623 1154 χαιρετισμδν,
1641 1118 1784 1145 ἀναστᾶσα
1805 1119 1822 1153 ἠ

1032 1168 1221 1202 πανὰχραντος
1240 1166 1371 1197 Θεοτόκος
1388 1164 1528 1200 ἐπορεύθη
1549 1165 1618 1200 μετὰ
1631 1164 1760 1199 σπουδῆς,
1774 1165 1823 1191 καὶ

1032 1214 1176 1249 ἠσπάσατο
1193 1212 1242 1248 τὴν
1259 1211 1412 1243 Ἐλισὰϐετ,
1426 1211 1474 1238 καὶ
1488 1211 1517 1238 τὸ
1533 1211 1636 1247 βρέφος
1650 1212 1678 1238 ἐν
1689 1211 1823 1245 ἀγαλλιὰ-

1033 1268 1074 1286 σει
1090 1260 1119 1286 ὲν
1132 1260 1166 1294 τῇ
1181 1259 1269 1293 κοιλίᾳ
1290 1257 1394 1291 ταύτης
1408 1257 1567 1292 ἐσκίρτησε,
1577 1258 1634 1288 τοῖς
1650 1257 1822 1292 σκιρτήμασι

1031 1306 1097 1332 ὡσεὶ
1114 1306 1169 1342 [ῖσ.
1185 1305 1222 1336 ὼς
1240 1303 1325 1340 είκδς]
1348 1304 1393 1331 τὸν
1411 1303 1552 1338 Δεσπότην
1572 1303 1755 1338 δεξιούμενον.
1774 1303 1823 1330 καὶ

1031 1353 1048 1388 ὴ
1073 1352 1212 1387 Παρθένος
1237 1351 1288 1386 τὴν
1313 1350 1475 1385 θαυμαστὴν
1508 1350 1617 1385 ἐκείνην
1644 1350 1822 1385 προφητικὴν

1032 1399 1105 1435 ᾠδὴν
1123 1398 1328 1433 ἀπεφθέγξατο.
1342 1398 1421 1424 Ἐστι
1438 1397 1504 1432 γοῦν
1518 1398 1547 1424 ὲν
1558 1397 1597 1431 τῷ
1613 1397 1688 1433 τόπῳ
1705 1397 1823 1424 διαστέλ-

1032 1446 1099 1478 λιον,
1118 1446 1164 1472 καὶ
1184 1445 1248 1475 ναὺς
1274 1444 1393 1480 ὕπερθεν
1409 1444 1544 1479 σπηλαίου
1560 1444 1714 1479 ὲφίδρυται,
1732 1444 1780 1470 καὶ
1794 1444 1823 1469 ἑν

1032 1494 1088 1523 τοῖς
1100 1491 1147 1519 τοῦ
1159 1491 1292 1527 σπηλαίου
1308 1491 1404 1526 μυχοῖς
1428 1491 1444 1525 ή
1460 1490 1590 1524 γέννησις
1599 1490 1646 1518 τοῦ
1662 1490 1820 1526 Προδρ6μον

192 1537 268 1566 petra
285 1539 337 1567 est,
355 1543 415 1569 qua:
442 1535 526 1563 divisa
545 1536 690 1571 fugientem
708 1537 836 1573 Baptistae
853 1544 979 1572 matrem,

1034 1538 1140 1572 γέγονε,
1150 1536 1297 1564 καὶτούτου
1311 1537 1475 1571 πρόσεγγυς,
1487 1536 1553 1562 ὡσεὶ
1567 1536 1613 1562 δύο
1626 1536 1711 1568 τόξων
1724 1536 1816 1571 βολῆς,

192 1578 321 1607 infantem
336 1582 528 1615 ampleratam,
541 1591 601 1610 Cllln
616 1583 736 1612 Herodes
751 1585 825 1613 caede
841 1585 982 1613 immanis-

193 1625 260 1652 sima
277 1628 393 1661 saeviret,
412 1628 472 1655 sinu
485 1636 534 1657 suo
550 1630 650 1657 avexit.

230 1767 275 1795 27.
291 1767 331 1794 Ab
342 1767 503 1801 Jerusalem,
518 1770 666 1797 interduas
686 1771 756 1802 vias,
773 1779 853 1798 unam
871 1778 931 1806 quae
950 1771 982 1797 ad

194 1818 331 1846 montana,
362 1815 474 1842 alteram
493 1823 552 1850 quae
571 1817 603 1843 ad
619 1818 818 1845 coenobiarcha:
843 1823 977 1844 monaste-

194 1859 264 1886 rium
289 1866 315 1887 et
332 1861 446 1888 Lautam
462 1862 583 1893 abducit,
604 1863 713 1889 dorsum
729 1864 884 1897 procurrit;
904 1868 931 1891 et
957 1864 982 1890 in

194 1913 226 1931 eo
241 1906 293 1933 iter
309 1907 438 1940 aperitur,
459 1915 473 1934 a
490 1913 582 1935 sancta
612 1908 695 1935 Sioue
723 1908 860 1936 Bethleem
880 1909 982 1942 ferens_

198 1950 267 1979 Urbs
283 1960 347 1979 vero
360 1952 496 1980 Bethleem
514 1961 528 1980 a
541 1959 634 1981 sancta
648 1954 757 1981 civitate
773 1963 820 1982 sex
837 1955 895 1983 fere
909 1955 983 1982 mille

194 1999 321 2033 passibus
334 1998 425 2026 distat.
443 1999 471 2026 In
487 1998 544 2034 ejus
558 2004 585 2027 et
600 2005 701 2027 sancire
716 2001 835 2029 civitatis
857 2001 984 2030 meditul-

195 2043 231 2071 lio
257 2046 453 2071 monasterium
470 2046 557 2072 sancti
573 2046 713 2081 prophetae
742 2046 808 2074 Elite
831 2047 949 2080 exsistit.
969 2056 983 2075 a

195 2088 392 2118 vetustissimis
406 2090 457 2125 piis
489 2091 645 2120 hominibus
672 2093 881 2126 exaedificatum,
923 2094 982 2128 sed,

196 2139 277 2163 terrae
284 2136 413 2169 motibus,
426 2136 546 2164 funditus
559 2143 694 2172 aaquatum
706 2139 779 2167 solo:
794 2144 984 2168 verumtamen

195 2185 223 2209 et
239 2183 302 2214 hoc.
318 2181 350 2209 de
371 2183 437 2210 orbe
457 2183 584 2211 universo
609 2185 678 2212 bene
704 2192 828 2218 merens.
854 2185 981 2213 dominus

1035 1585 1100 1619 περὶ
1127 1584 1174 1611 τοῦ
1194 1584 1274 1617 ὅρους
1300 1582 1468 1617 ὑψιαίτερον,
1492 1582 1611 1617 ὑπάρχει
1637 1583 1654 1617 ἡ
1682 1582 1821 1617 σχισθεῖσα

1037 1630 1137 1665 πέτρα,
1168 1630 1216 1656 καὶ
1246 1628 1435 1664 ὑποδεξαμένη
1460 1628 1615 1662 φεύγουσαν
1642 1629 1691 1664 τὴν
1718 1629 1823 1664 μητέρα

1035 1677 1082 1704 τοῦ
1099 1675 1266 1707 Βαπτιστοῦ,
1283 1676 1382 1711 βρέφος
1395 1674 1602 1710 ὴγκαλισμένην
1619 1675 1709 1708 αὐτὸν,
1728 1675 1772 1701 ἐπὶ
1790 1677 1821 1710 τῇ

1037 1723 1220 1758 βρεφοχτονίᾳ
1235 1722 1282 1749 τοῦ
1302 1722 1433 1757 Ἡρώδου.

1071 1769 1124 1800 κζ’.
1153 1769 1220 1794 ’Λπδ
1241 1769 1270 1795 δὲ
1290 1768 1341 1802 τῆς
1365 1767 1544 1803 Ἰερουσαλὴμ
1562 1767 1644 1802 μέσον
1665 1767 1718 1793 τῶν
1735 1767 1780 1793 δύο
1795 1768 1821 1793 ό-

1034 1815 1096 1848 δῶν,
1112 1815 1161 1849 τῆς
1176 1823 1205 1841 τε
1231 1815 1299 1850 πρὺς
1315 1815 1365 1849 τὴν
1379 1814 1487 1849 ὀρεινὴν
1514 1814 1686 1849 dnuo-3511;,
1705 1814 1752 1840 καὶ
1774 1813 1822 1847 τῆς

1035 1861 1105 1896 πρὸς
1121 1862 1171 1896 τὴν
1187 1861 1271 1896 μονὴν
1287 1859 1334 1887 τοῦ
1357 1861 1554 1895 Κοινοῦιάρχου
1573 1861 1619 1886 καὶ
1642 1860 1692 1895 τῆς
1707 1859 1820 1895 λαύρας,

1035 1908 1094 1934 ἐστι
1111 1907 1216 1942 ραχίον,
1241 1906 1288 1933 καὶ
1301 1905 1359 1937 όδὸς
1381 1906 1410 1932 ὲν
1434 1905 1509 1941 αὐτῷ
1534 1905 1614 1940 μέχρι
1637 1905 1686 1939 τῆς
1701 1905 1822 1940 Βηθλεὲμ

1035 1953 1089 1979 ἀπὸ
1102 1953 1152 1987 τῆς
1165 1952 1246 1986 ἁγίας
1261 1951 1330 1978 Σιὼν
1344 1952 1501 1985 ἁπὰγουσα.
1520 1952 1553 1978 Ἣ
1566 1951 1595 1978 δὲ
1611 1951 1736 1986 Βηθλεὲμ.
1748 1952 1822 1983 πόλις

1036 1997 1134 2032 ἀπέχει
1147 1997 1195 2031 τῆς
1211 1997 1291 2032 ἁγίας
1315 1997 1418 2028 πόλεως
1435 1997 1501 2023 ὡσεὶ
1518 1997 1594 2032 μιλίει
1609 1997 1649 2030 ἐξ.
1666 1994 1719 2029 Ἦς
1743 1998 1822 2033 μέσον

1034 2044 1062 2070 δὲ
1079 2044 1129 2078 τῆς
1145 2043 1227 2076 ἁγίας
1243 2043 1349 2075 πόλεως
1367 2043 1486 2079 ὑπάρχει
1506 2043 1573 2079 μονὴ
1591 2043 1638 2071 τοῦ
1661 2044 1739 2078 ἁγίου
1758 2053 1822 2078 προ-

1036 2090 1121 2125 φήτου
1131 2089 1235 2121 Ἠλιοῦ,
1259 2089 1311 2116 ὑπὸ
1330 2090 1384 2116 τῶν
1397 2090 1571 2116 παλαιτάτων
1581 2090 1630 2125 μὲν
1647 2091 1820 2125 ἁνεγερθεῖςα

1035 2135 1143 2170 ἀνδρῶν
1159 2135 1302 2171 θεοφιλῶν,
1319 2135 1351 2162 ἐκ
1374 2135 1403 2162 δὲ
1419 2135 1466 2162 τοῦ
1483 2135 1596 2171 σεισμοῦ
1613 2135 1719 2172 ριζόἿεν
1740 2146 1821 2162 κατα-

1036 2181 1171 2208 πεσοῦσα·
1187 2181 1254 2208 ἀλλὰ
1269 2182 1315 2208 καὶ
1329 2181 1431 2216 ταύτην
1447 2182 1460 2208 ό
1481 2182 1611 2216 κοσμικος
1634 2183 1791 2217 εὐεργέτης.
1807 2184 1819 2209 ό

195 2235 273 2255 meus
285 2232 368 2262 atque
383 2229 529 2263 imperator
543 2237 592 2264 per
604 2237 682 2258 suum
708 2231 861 2264 praesidem,
882 2232 979 2266 Syrum

1037 2227 1103 2262 ἐμὸς
1113 2227 1246 2262 δεσπότης
1264 2228 1310 2253 καὶ
1324 2226 1454 2262 βασιλεὺς
1473 2227 1504 2254 ἐκ
1517 2227 1626 2264 βάθρων
1640 2229 1766 2263 ἀνήγειρε
1780 2229 1820 2255 διὰ

195 2273 343 2307 hominem,
362 2282 377 2301 a
396 2268 579 2303 fundamentis
596 2277 734 2311 reparavit
751 2286 758 2304 :
774 2278 896 2311 adeoque
914 2278 985 2304 inter

194 2320 391 2347 monasterium
403 2325 431 2348 et
448 2320 599 2353 Bethleem,
615 2322 735 2357 itemque
750 2321 878 2350 Rachelis
893 2323 985 2356 sepul-

194 2374 282 2399 crum,
298 2372 435 2394 structura
462 2372 581 2402 quatuor
596 2368 758 2400 fornicibus,
787 2369 835 2396 toli
857 2370 944 2396 instar
958 2370 984 2397 in

195 2411 367 2446 fastigiatum
389 2420 519 2440 cacumen
534 2413 730 2447 desinentibus,
747 2419 891 2449 opertum;
910 2415 985 2443 locus

195 2459 240 2486 ille
253 2459 380 2494 trianguli
394 2459 508 2486 fortnam
521 2459 611 2488 etiicil.
624 2461 663 2487 Ad
676 2461 871 2488 sinisteriorem
884 2467 985 2489 sanctae

197 2504 336 2532 iietitlcem
353 2511 459 2540 partem
483 2506 554 2533 inter
571 2514 631 2533 eam
647 2511 675 2534 et
701 2507 902 2535 ctrnobiarchre
926 2516 983 2536 mo-

195 2553 356 2586 nasterium,
373 2560 437 2588 ager
463 2557 515 2586 est,
539 2557 566 2580 et
590 2552 617 2580 in
636 2560 701 2588 agro
727 2554 866 2588 spelunca,
889 2555 914 2581 in
931 2562 983 2589 qua

195 2598 265 2625 beati
283 2602 483 2625 commorantes
496 2598 522 2624 in
540 2597 614 2632 agris
630 2603 752 2632 pastores
767 2598 904 2633 angelicas
926 2598 982 2624 lau-

193 2644 241 2670 drs
273 2643 385 2672 auribus
413 2649 580 2679 acceperunt
596 2652 602 2671 :
618 2643 710 2671 Gloria
730 2645 756 2671 in
782 2645 903 2676 excelsis,
932 2645 984 2672 illis

194 2688 416 2721 inclamantibus,
446 2693 470 2716 et
488 2689 516 2715 in
535 2694 605 2715 terra
619 2697 683 2723 pax,
706 2694 730 2716 et
746 2690 772 2716 in
785 2690 882 2716 mundo
899 2689 982 2721 salus,

194 2735 229 2762 ob
244 2735 326 2761 Deum
341 2742 430 2762 meum
444 2742 477 2762 ex
490 2735 594 2770 virgine
607 2735 720 2769 Dcipara
736 2735 867 2770 genitum.
886 2735 983 2762 Sancta

194 2780 330 2807 Bethleem
347 2782 373 2808 in
397 2781 489 2812 dorso,
511 2781 646 2815 lapidibus
666 2785 762 2812 strato,
791 2781 902 2808 fundata
919 2787 960 2809 est
977 2789 984 2808 :

195 2825 221 2850 in
254 2831 285 2849 ea
312 2824 481 2859 conspicitur
495 2830 523 2852 et
539 2833 616 2852 sacra
640 2825 784 2859 spelunca,
804 2831 831 2852 ct
850 2833 982 2860 prmscpe,

196 2871 224 2897 et
237 2871 344 2903 puteus,
361 2876 393 2897 ex
406 2877 459 2904 quo
477 2869 560 2898 David
584 2871 678 2899 bibere
691 2872 857 2907 concupivit,
873 2879 899 2900 ct
914 2878 984 2900 teut-

1036 2273 1084 2300 τοῦ
1101 2273 1203 2307 ταύτην
1216 2272 1426 2304 ἐπιστατοῦντος
1444 2273 1530 2309 Σύρου
1553 2274 1659 2309 ἀνδρὸς,
1678 2274 1724 2300 καὶ
1739 2274 1820 2306 οὕτως

1039 2319 1120 2354 μέσον
1144 2319 1195 2353 τῆς
1214 2319 1299 2354 μονῆς
1320 2319 1366 2345 καὶ
1390 2320 1440 2353 τῆς
1462 2319 1587 2354 Βηθλεὲμ
1604 2315 1760 2355 τριγωνίζέι
1779 2321 1820 2346 τὸν

1036 2365 1124 2401 χῶρον
1144 2365 1158 2391 ὁ
1178 2365 1226 2398 τῆς
1251 2364 1351 2399 Ῥαχὴλ
1366 2365 1462 2399 τάφος,
1479 2365 1532 2391 ὑπὸ
1547 2365 1760 2400 τετρακαμὰρου
1780 2366 1820 2392 οο-

1035 2411 1123 2438 λωτοῦ
1138 2411 1308 2446 σκεπόμενος
1321 2410 1484 2446 κτίσματος.
1505 2411 1573 2446 Περὶ
1590 2411 1618 2438 δὲ
1633 2412 1663 2438 τὸ
1676 2411 1819 2448 εὐωνυμώ-

1035 2466 1114 2493 τερον
1130 2457 1212 2492 μέρος
1230 2457 1281 2492 τῆς
1295 2457 1376 2491 ἁγίας
1411 2456 1548 2493 Βηθλεὲμ,
1567 2457 1650 2492 μέσον
1676 2458 1761 2493 αὐτῆς
1777 2459 1820 2485 καὶ

1035 2503 1085 2538 τῆς
1098 2504 1144 2530 τοῦ
1161 2503 1362 2538 Κοινοὸιάρχου
1385 2503 1480 2539 μονῆς,
1497 2505 1595 2539 ὁρᾶται
1620 2504 1716 2539 ἀγρὸς,
1733 2505 1778 2531 καὶ
1793 2505 1820 2531 ὲν

1035 2549 1075 2585 τῷ
1094 2549 1172 2585 ἁγρῷ
1188 2549 1333 2585 σπήλαιον,
1352 2551 1382 2577 ὲν
1394 2547 1416 2584 ᾧ
1437 2551 1461 2577 οἱ
1479 2551 1609 2586 μακάριοι
1623 2551 1819 2586 ἀγραυλοῦντες

1036 2596 1166 2632 ποιμένες
1181 2596 1237 2623 τῶν
1259 2596 1412 2630 ἁγγελικῶν
1430 2597 1551 2632 ἤκουσαν
1570 2596 1674 2632 ὕμνων,
1689 2597 1729 2630 τδ,
1749 2598 1820 2629 Δόξα

1035 2643 1070 2670 ἐν
1099 2643 1252 2677 ὑψίστοις,
1276 2642 1498 2677 ὲπιφωνούντων,
1517 2642 1588 2676 Θεῷ,
1612 2644 1662 2670 καί
1689 2644 1738 2671 ἐπὶ
1768 2644 1819 2679 τῆς

1035 2689 1150 2723 ειρήνη,
1168 2689 1203 2716 ἐν
1215 2688 1255 2722 τῷ
1267 2689 1369 2724 κόσμῳ
1393 2690 1537 2724 σωτηρία,
1570 2691 1602 2717 ἐκ
1614 2691 1664 2724 τῆς
1684 2691 1818 2726 Παρθένου

1036 2734 1083 2760 καὶ
1112 2734 1244 2761 Θεοτόκου
1270 2734 1317 2762 τοῦ
1345 2734 1413 2761 Θεοῦ
1453 2743 1503 2769 μου
1532 2735 1723 2770 ἀποκυήσεως.
1745 2736 1774 2762 'll
1794 2737 1819 2762 δὲ

1036 2780 1103 2814 ἁγία
1116 2780 1241 2815 Βηθλεὲμ
1251 2780 1448 2816 τεθεμελίωται
1460 2781 1506 2807 ἐπὶ
1521 2780 1705 2816 λιθοστρώτου
1719 2781 1818 2816 (aulica.

1037 2827 1066 2852 ὲν
1117 2827 1164 2852 καὶ
1191 2827 1221 2852 τὸ
1251 2827 1322 2862 ἱερὸν
1353 2826 1488 2862 σπήλαιον
1505 2827 1552 2854 καὶ
1568 2827 1584 2862 ή
1612 2827 1713 2862 φάτνη,
1734 2829 1779 2854 καὶ
1792 2829 1819 2854 τὸ

1036 2873 1136 2909 φρέαρ,
1151 2873 1180 2905 ἐξ
1195 2869 1225 2899 οὗ
1244 2873 1324 2900 Δαϐὶδ
1341 2874 1413 2901 πιεῖν
1431 2873 1600 2910 ἐπεθύμησε,
1634 2874 1681 2902 καὶ
1697 2874 1759 2906 ναὸς
1775 2875 1817 2901 ἐπὶ
