1956 3077
192 127 243 158 959

842 128 1002 160 rossNts
1021 116 1155 158 Pnoce

1758 126 1816 159 960

194 192 250 210 rant
277 184 412 212 illatorum
436 192 497 213 esse
514 185 662 214 itnmunem
681 194 688 213 :
706 185 807 214 asellus
822 186 932 219 deinde,
949 190 977 215 et

1037 193 1105 218 ιατι,
1121 185 1167 211 καὶ
1181 185 1215 219 τῇ
1231 183 1285 210 τῶν
1303 183 1426 219 παρειῶν
1441 183 1554 220 εὖχροίᾳ
1577 183 1765 219 ἐμφαίνουσα·
1782 185 1815 211 οὐ

195 232 254 264 bos,
279 237 305 259 ct
326 239 457 267 praesepe,
473 237 501 261 et
522 237 663 269 pastorum
677 238 777 267 canus,
793 241 908 269 quorum
929 240 976 260 au-

195 278 269 305 ribus
284 278 316 305 de
335 278 405 306 coelo
431 279 535 307 clamor
551 281 687 314 intonans,
702 288 718 308 a
740 281 867 316 gregibus
880 286 977 307 avoca-

194 323 232 349 \it
252 333 258 350 :
276 331 369 358 quare.
395 325 526 354 armentis
551 326 663 361 relictis,
676 335 736 362 quae
753 327 823 354 inter
836 327 934 354 herbas
951 329 978 353 et

201 371 301 396 l'ontcm
329 370 419 398 cibum
446 377 593 408 potumque
617 373 669 401 sibi
695 377 827 408 quaerunt,
853 376 880 400 et
906 373 977 405 cani,

194 416 304 450 eri‘gum
321 418 438 451 custodi,
459 426 554 447 eorum
569 420 690 447 custodia
704 421 878 452 demandata,
893 420 979 447 cervi-

195 470 252 488 rem
278 462 304 489 in
322 471 412 490 aerem
442 465 549 498 tollunt,
566 465 599 492 ad
625 465 756 500 strepitus
786 473 884 494 sonum
899 473 980 494 aures

198 507 328 542 dirigunt,
346 510 415 538 alius
429 511 483 537 alio
494 512 571 538 modo
585 515 696 542 stantes.
711 517 790 546 prout
804 512 856 540 sibi
867 512 980 547 quisque

196 554 344 583 faciliorem
362 561 389 584 et
418 557 546 584 leviorem
576 558 719 585 stationem
748 559 979 588 ducebat:ethis

194 601 301 633 quidem
323 603 418 637 pedum
434 604 496 630 nulli
514 603 571 630 usui
587 607 639 635 est,
662 603 713 631 illis
731 603 816 632 facies
835 605 862 632 in
878 606 978 632 ecelum

198 646 302 680 ﬁgitur;
317 655 434 682 namque
459 647 588 675 dexteras
612 649 645 675 ad
675 657 781 676 vocem»
800 650 980 682 retrahentes,

197 694 319 720 turbatas
332 702 411 721 auras
428 700 587 728 promovent
600 705 608 723 :
623 703 675 722 non
689 699 778 723 tamen
793 696 846 723 illis
862 696 981 723 secundo

197 739 292 766 audire
307 746 374 773 opus
387 739 452 770 fuit;
470 740 599 774 majorem
615 741 699 773 enim,
713 748 794 776 quam
806 748 896 772 aures,
910 742 980 769 oeuli

199 784 275 811 Iidem
302 784 427 812 faciunt:
444 793 563 821 namque
583 787 706 821 angelus,
733 787 799 822 ipsis
823 795 981 819 occurrens,

199 831 303 863 pueruli
318 832 522 860 aceubatiouem
536 833 562 859 in
576 833 689 868 prmsepi
704 833 832 862 ostendit.
848 833 981 867 Pecudes,

199 876 278 903 factis
295 877 407 905 minime
423 878 542 911 intenta},
557 878 634 906 l'aluo
647 886 742 914 gressu
759 879 905 911 ducuntur,
918 887 984 914 qua-

197 929 255 948 rum
274 929 336 956 pars
364 924 397 950 ad
427 923 537 951 herbam
554 929 661 957 nutant,
681 932 743 959 pars
759 926 792 952 ad
811 925 910 953 fontem
933 927 981 952 atl-

198 973 320 996 vertuut.
339 969 421 997 Canis
436 978 512 1003 vero,
529 973 600 1006 quod
619 971 718 999 animal
731 973 797 999 iram
815 973 841 1000 in
857 978 981 1007 promptu

167 1013 278 1054 \gcrit,
298 1013 430 1042 visionem
450 1015 583 1043 insnetaut
601 1017 726 1044 meditari
755 1018 871 1045 videtur.
901 1017 982 1053 Magi,

197 1059 390 1088 descendentes
405 1069 436 1089 ex
449 1062 536 1097 equis,
549 1071 661 1090 munera
674 1063 798 1091 manibus
810 1063 984 1098 accipientes,

166 1108 168 1115 λ
197 1113 337 1141 genimque
347 1107 495 1142 ﬂectentes,
505 1113 662 1136 reverenter
670 1109 736 1136 dona
748 1109 848 1143 Virgini
856 1109 983 1136 otl'crtmt.

1029 232 1084 267 γὰρ
1097 230 1252 258 ἀλλοιοῦται
1276 231 1305 257 τὸ
1320 230 1478 266 πρόσωπον,
1494 231 1532 263 ὼς
1547 231 1677 266 ὡχριῶσά
1692 240 1734 262 τις
1750 231 1816 268 ἄρτι

1027 276 1157 310 τεκοῦσα,
1172 277 1218 304 καὶ
1234 277 1343 312 πρῶτον
1358 276 1476 304 τεκοῦσα
1487 285 1493 292 ·
1509 277 1557 312 τὴν
1569 276 1623 312 γὰρ
1641 277 1690 311 τῆς
1705 276 1816 311 φύσεως

1029 324 1154 359 κρεῖττον
1171 323 1334 355 ἀξιωθεῖσαν
1350 324 1451 354 τεκεῖν,
1466 322 1519 349 ἔδει
1539 323 1585 350 καὶ
1607 323 1663 349 τῶν
1678 323 1750 350 κατὰ
1763 323 1818 357 quia

1030 378 1074 396 σιν
1089 369 1190 396 ὀδυνῶν
1217 368 1401 404 ἀπηλλάχθαι.
1421 370 1500 400 "Ova;
1524 368 1649 396 ἐντεῦθεν
1667 370 1715 395 καὶ
1739 369 1816 403 βοῦς,

1028 417 1076 443 καὶ
1092 417 1192 450 φάτνη,
1210 415 1258 442 καὶ
1285 415 1396 451 βρέφος,
1422 417 1469 443 καὶ
1498 415 1636 451 ποιμένων
1665 416 1750 450 ἐσμὸς
1777 415 1816 443 ὧν

1030 462 1078 498 βοή
1093 471 1136 494 τις
1146 462 1176 494 ἐξ
1195 462 1310 496 οὐρανοῦ
1324 462 1520 495 διαθρυλλοῦσα
1531 462 1566 488 τὰ
1580 459 1638 489 ὦτα
1655 461 1711 488 τῶν
1729 462 1817 498 Θρεμ-

1032 509 1126 543 μάτων
1151 508 1373 542 ἀπεϐουκόλησε,
1390 507 1501 538 καὶτὰς
1525 508 1566 539 bi;
1587 507 1684 542 ἀμέλει
1701 507 1817 534 καταλι-

1031 553 1128 585 πόντες
1143 554 1207 588 περὶ
1219 553 1268 589 τὴν
1282 554 1351 581 πόαν
1366 554 1415 580 καὶ
1429 553 1478 589 τὴν
1495 554 1587 589 πηγὴν
1602 554 1755 590 νεμομένας
1769 555 1818 581 καὶ

1030 599 1069 634 τῷ
1096 600 1158 626 κυνὶ
1174 599 1225 634 τῆς
1252 599 1354 635 ἀγέλης
1371 599 1420 635 τὴν
1450 599 1574 636 φυλακὴν
1600 600 1814 636 ἐπιτρέψαντες,

1031 645 1096 677 τοὺς
1112 646 1229 681 αὐχένας
1246 645 1371 681 αἴρουσιν
1386 646 1427 677 εἰς
1444 645 1551 680 αἰθέρα,
1581 645 1666 681 ἀκοὴν
1681 646 1818 678 ίοὺνοντες

1032 693 1101 727 προς
1113 693 1163 728 τὴν
1176 693 1224 720 τοῦ
1238 694 1340 720 κτύπου
1355 693 1450 728 φορὰν,
1463 693 1543 724 ἄλλος
1557 692 1645 724 ἄλλως
1659 693 1816 728 ἑστηκότες,

1034 739 1071 771 ὡς
1087 740 1119 767 ἂν
1135 739 1248 770 ἕκαστος
1268 738 1437 773 ἀτονώτερον
1451 737 1530 774 ᾤετο,
1547 739 1593 765 καὶ
1613 739 1678 774 ῥᾷον
1693 739 1819 771 ἑστάναι,

1033 786 1080 813 καὶ
1095 786 1152 817 τοῖς
1169 785 1218 820 μὲν
1236 785 1264 811 αἱ
1280 785 1454 820 καλαύροπες
1467 785 1572 820 ἀχρεῖοι
1587 786 1742 820 φαίνονται,
1761 786 1820 816 τοῖς

1033 831 1061 858 δὲ
1074 832 1104 858 τὸ
1116 831 1194 866 ὄμμα
1210 831 1327 866 ἢρτηται
1352 830 1421 866 πρὸς
1435 831 1550 866 οὐρανόν
1561 839 1569 846 '
1585 831 1633 863 τὰς
1647 830 1739 864 δεξιὰς
1753 831 1823 858 ἀνα-

1035 878 1158 909 σπῶντες
1183 878 1252 911 πρὸς
1265 876 1315 912 τὴν
1331 876 1422 912 βολὴν,
1443 877 1656 912 τεταραγμένως
1671 879 1721 912 τὴν
1737 878 1823 913 ἀκοὴν

1033 923 1221 950 ἀποτείνουσιν
1231 930 1239 939 ο
1255 922 1285 949 οὐ
1304 922 1356 958 μὴν
1369 923 1465 957 ἐδέησε
1477 923 1606 958 δευτέρας
1620 924 1712 955 αὐτοῖς
1723 924 1822 959 ἀκοῆς,

1035 969 1171 1004 ὀφθαλμοὶ
1197 969 1251 1003 γὰρ
1268 968 1345 996 ὢτων
1362 969 1526 1004 πιστότεροι.
1543 969 1675 1004 Ἄγγελος
1686 970 1741 1005 γὰρ
1759 979 1824 997 συν-

1036 1017 1158 1050 αντήσας
1176 1015 1281 1047 αὐτοῖς,
1308 1014 1358 1050 τὴν
1380 1015 1427 1041 τοῦ
1457 1014 1574 1050 βρέφους
1601 1016 1746 1043 ἁνάκλισιν
1777 1017 1825 1043 ἐπὶ

1037 1061 1085 1097 τὴν
1104 1061 1209 1096 φάτνην
1236 1061 1329 1092 αὐτοῖς
1358 1061 1514 1095 ὑποφαίνει.
1540 1061 1596 1088 Καὶ
1615 1061 1649 1088 τὰ
1676 1061 1827 1097 θρέμματα

1041 1110 1091 1144 μὲν
1108 1109 1234 1144 οὐδαμῶς
1252 1109 1472 1145 επις-τρεφόμενα
1485 1110 1553 1144 πρὸς
1568 1110 1617 1144 τὴν
1633 1111 1698 1138 θέαν
1714 1111 1744 1143 ἐξ
1762 1110 1826 1142 εὐηο

198 1151 402 1186 θείαςέφοίτων,
413 1155 446 1180 τὰ
460 1154 508 1189 μὲν
516 1155 590 1182 νένευ
596 1163 636 1188 κε,
650 1154 718 1190 πρὸς
728 1156 777 1190 τὴν
788 1155 907 1188 nomini
918 1155 1021 1191 δὲπρδς
1027 1155 1076 1191 τὴν
1086 1156 1233 1192 εἰρημένην
1243 1155 1390 1192 ἀποτρέχει
1404 1155 1547 1191 πηγήν.Ἦ
1555 1155 1582 1182 δὲ
1589 1156 1672 1190 κύων,
1684 1157 1826 1192 θυμοειδὲς

197 1200 252 1234 γὰρ
267 1201 335 1236 πρὸς
351 1202 506 1237 ἀλλοτρίους
522 1203 553 1230 τὸ
579 1203 658 1236 ζῶον,
672 1204 828 1231 διασκοπεῖν
854 1205 978 1238 φαίνεται
991 1205 1020 1231 τὺ
1033 1205 1079 1238 τῆς
1101 1204 1188 1239 ὄψεως
1201 1204 1296 1240 ἄηθες,
1308 1204 1331 1231 οἱ
1346 1204 1375 1231 δὲ
1397 1205 1499 1238 Μάγοι,
1516 1205 1571 1231 τῶν
1592 1204 1682 1231 ἵππων
1698 1206 1827 1240 ἀποθρώ-

198 1249 303 1282 ξαντες,
336 1250 381 1276 καὶ
405 1250 439 1277 τὰ
459 1251 533 1286 δῶρα
550 1251 695 1287 λαϐόμενοι
708 1252 881 1288 ὲγχεροῖν,τὸ
898 1252 963 1287 γόνυ
976 1261 1007 1279 τε
1021 1252 1172 1284 κλίναντες,
1184 1253 1213 1278 ὲν
1230 1253 1324 1288 τρόμῳ
1338 1251 1424 1278 ταῦτα
1439 1253 1471 1287 τῇ
1485 1251 1615 1287 Παρθένῳ
1627 1253 1825 1288 προσφέρουσι,

233 1319 279 1346 28.
298 1320 379 1347 Extra
410 1326 530 1347 sanctam
557 1321 706 1354 Bethleem,
732 1321 789 1350 fere
805 1323 837 1350 ad
856 1323 982 1350 milliaria

1069 1322 1125 1359 κη’.
1137 1323 1192 1358 Τῆς
1204 1323 1285 1358 ἁγίας
1300 1323 1424 1358 Βηθλεὲμ
1436 1322 1536 1357 ἔξωθεν
1549 1322 1702 1358 ὡσεὶξμίλιι
1716 1322 1774 1353 δύο,
1784 1325 1826 1351 ἐν-

200 1367 262 1396 duo,
288 1366 314 1392 iu
335 1367 531 1394 cmnohiarche
555 1369 720 1396 monasterio
739 1368 869 1403 spelunca
888 1373 940 1401 est,
958 1370 984 1396 in

1037 1371 1078 1401 τις
1100 1371 1148 1405 τῆς
1160 1369 1206 1396 τοῦ
1222 1369 1418 1405 Κοινοϐιάρχου
1437 1369 1522 1404 μονῆς
1531 1370 1589 1396 ἐστι
1599 1369 1628 1396 τὺ
1638 1370 1784 1404 σπήλαιον,
1798 1372 1825 1397 ἐν

200 1417 252 1443 qua
273 1411 385 1438 oraculo
408 1417 520 1447 accepto
541 1413 620 1448 Magi,
638 1421 671 1441 ue
687 1414 720 1441 ad
736 1413 868 1442 Ilerodem
892 1423 985 1443 rever-

201 1461 399 1493 terenturhpcr
412 1458 492 1485 aliam
511 1459 581 1485 viam
600 1459 702 1487 reversi
715 1465 779 1488 sunt
801 1460 827 1487 in
850 1461 985 1495 regionem

1036 1413 1058 1449 ᾧ
1090 1415 1323 1451 χρηματισθέντες
1342 1416 1366 1442 οἱ
1383 1416 1486 1450 Μάγοι,
1506 1416 1544 1451 μὴ
1569 1417 1730 1452 ἀνακάμψαι
1758 1418 1825 1453 προς

1042 1462 1177 1498 Ἡρώδην,
1191 1462 1226 1489 δι’
1241 1462 1325 1498 ἄλλης
1345 1462 1404 1503 ὁδοῦ
1419 1462 1598 1498 ἀνεχώρησαν
1612 1464 1652 1495 είς
1666 1463 1715 1499 τὴν
1732 1464 1827 1499 χώραν

201 1510 286 1529 suam.
303 1503 388 1531 Trans
404 1504 519 1536 lauram,
538 1506 678 1533 duodecim
697 1506 752 1534 fere
775 1515 902 1542 passuum
923 1508 981 1535 mil-

1037 1509 1132 1536 αὐτῶν.
1149 1509 1204 1536 Καὶ
1223 1509 1274 1544 τῆς
1297 1509 1403 1545 λαύρας
1422 1509 1528 1536 ἐκεῖθεν
1542 1510 1609 1536 ὡσεὶ
1623 1510 1699 1545 μίλια
1718 1510 1762 1545 ιβ’,
1778 1511 1825 1545 τῆς

202 1547 283 1579 libus,
299 1555 383 1582 prope
399 1548 483 1576 Rubzc
495 1557 626 1583 eremum,
644 1552 731 1578 sancti
749 1550 908 1580 Charisonis
925 1561 984 1581 Ino-

202 1594 353 1621 naslcrium
379 1594 463 1630 jacet.
491 1595 523 1622 Et
545 1603 577 1624 eo
606 1597 720 1625 ulterius
744 1597 824 1633 longo
844 1598 987 1628 intervallo

202 1640 352 1674 scjuuctum
372 1641 480 1675 duplex.
514 1643 585 1676 quod
602 1642 745 1671 Chebrone
767 1648 818 1677 est,
839 1644 986 1672 Abrahami

202 1685 365 1720 sepulcrum,
396 1692 423 1713 et
443 1694 561 1721 quercus
584 1688 715 1719 Mamhre,
734 1689 784 1715 sub
808 1696 860 1724 qua
875 1690 988 1718 sanctis-

203 1732 298 1760 simam
320 1732 446 1760 Triadem
465 1733 582 1768 hospitio
601 1735 757 1768 patriarcha
783 1741 935 1770 execperat.
955 1736 988 1763 Et

204 1780 260 1806 lucc
274 1780 381 1814 quidem
412 1781 446 1807 ita
472 1788 501 1808 se
519 1781 619 1808 habent
635 1789 648 1808 a
662 1773 830 1809 Ptolciuaide
851 1789 899 1816 per
911 1782 986 1810 Gali-

203 1825 278 1852 laeam
297 1826 329 1852 ad
356 1830 476 1853 sanctam
503 1827 595 1854 urbem
609 1826 769 1859 Jerusalem,
792 1827 947 1862 Iordanem,
961 1833 988 1857 et

200 1879 321 1901 sanctam
342 1882 473 1902 eremum.
498 1875 630 1903 Mar-ilium
657 1884 719 1904 vero
735 1877 780 1906 ita.

239 1989 283 2017 29.
299 1990 319 2016 Α
336 1995 429 2017 sancta
442 1990 552 2017 civitate
568 1989 728 2023 Jerusalem,
740 1991 772 2017 ad
786 1998 833 2018 sex
847 1990 986 2022 milliaria,

204 2036 361 2063 Armathem
375 2036 439 2063 urbs
449 2037 628 2071 conspicitur,
639 2036 665 2063 in
678 2044 729 2071 qua
743 2036 988 2071 Samuel.magnus

203 2082 247 2109 ille
263 2083 404 2116 prepheta,
419 2087 507 2110 ortum
526 2083 629 2110 habuit.
646 2083 711 2110 lude
731 2088 792 2118 post
807 2083 859 2111 alia
883 2088 986 2118 septem

201 2131 230 2153 et
249 2127 363 2162 amplius
380 2127 519 2161 milliaria,
535 2127 674 2161 Emmaus,
691 2130 756 2156 urbs
772 2135 878 2163 magna,
893 2128 918 2155 in
932 2136 988 2156 mc-

202 2173 245 2200 dia
273 2173 341 2201 valle
369 2174 583 2208 supereminenti
610 2175 689 2202 dorso
707 2175 788 2210 jacet.
808 2174 864 2206 Sic,
881 2176 913 2201 ad
928 2183 987 2209 pas-

1039 1557 1086 1583 τοῦ
1106 1557 1205 1584 Ῥουϐἇ
1218 1558 1267 1593 ὲρή
1274 1566 1325 1592 μου
1340 1557 1454 1592 πλησίον
1469 1557 1545 1584 ἐστὶν
1561 1559 1576 1592 ἡ
1598 1557 1666 1592 μονὴ
1679 1557 1727 1583 τοῦ
1745 1558 1824 1588 ἁγίου

1039 1602 1204 1637 Χαρίτωνος.
1223 1603 1278 1629 Καὶ
1304 1603 1407 1638 ταύτης
1429 1603 1534 1630 ἐκεῖθεν
1553 1604 1582 1630 ὲν
1609 1603 1702 1638 πολλῷ
1716 1604 1827 1638 διαστή-

1041 1656 1107 1681 ματι
1130 1650 1159 1674 τδ
1182 1649 1211 1674 ὲν
1231 1648 1341 1684 Χιϐρῶν
1366 1649 1479 1676 διπλοῦν
1502 1649 1598 1685 μνῆμα
1619 1649 1667 1676 τοῦ
1688 1649 1825 1684 Ἀϐραὰμ,

1041 1695 1087 1720 καὶ
1101 1694 1117 1729 ή
1133 1694 1198 1730 δρῦς
1226 1696 1241 1730 ἡ
1260 1695 1372 1730 Μαυρὴ,
1390 1695 1419 1721 ἐν
1475 1696 1525 1730 τὴν
1541 1696 1676 1729 παναγίαν
1694 1695 1799 1730 Τριᾱδα
1814 1697 1826 1721 ὁ

1040 1741 1213 1776 πατριάρχης
1243 1742 1360 1774 ἐξὲνιτεν
1379 1742 1517 1777 Ἀϐραάμ.
1548 1742 1629 1769 Ἀλλὰ
1661 1741 1749 1768 uitat
1778 1743 1826 1777 μὲν

1041 1787 1195 1821 ἱστόρηνται
1210 1786 1262 1813 ἀπὸ
1277 1787 1326 1821 τῆς
1339 1787 1523 1822 Πτολεμαΐδος
1552 1787 1598 1813 διὰ
1611 1787 1660 1821 τῆς
1678 1787 1826 1819 Γαλιλαίας

1042 1832 1122 1867 μέχρι
1139 1832 1187 1867 τῆς
1200 1831 1281 1867 ἁγίας
1293 1832 1398 1864 πόλεως
1416 1832 1606 1869 Ἰερουσαλὴμ,
1621 1833 1668 1859 τοῦ
1691 1833 1826 1868 Ἰορδάνου

1040 1878 1087 1904 καὶ
1098 1878 1148 1914 τῆς
1164 1878 1245 1913 ἁγίας
1265 1879 1382 1914 ἐρήμου.
1399 1879 1439 1906 Τὰ
1455 1879 1484 1905 δὲ
1499 1879 1549 1914 τῆς
1564 1879 1700 1914 παραλίας
1716 1880 1826 1914 ἔχουσιν

1040 1933 1135 1955 ουτως.

1076 1988 1126 2016 κθ’.
1152 1989 1219 2016 ’Λπδ
1246 1991 1296 2025 τῆς
1317 1991 1398 2024 ἁγίας
1425 1990 1532 2021 πόλεως
1553 1990 1733 2026 Ἰερουσαλὴμ
1762 1991 1828 2017 ὡσεὶ

1042 2034 1118 2070 μίλια
1134 2034 1171 2067 ς’,
1189 2035 1263 2062 ἐστιν
1277 2036 1294 2070 ἡ
1307 2035 1452 2070 Ἀρμαοὲμ
1475 2035 1562 2068 πόλις,
1586 2037 1615 2061 ὲν
1669 2036 1799 2071 Σαμουὴλ
1815 2039 1826 2063 ὁ

1042 2081 1127 2116 μέγας
1140 2082 1244 2113 ἐκεῖνος
1259 2082 1403 2116 προφήτης
1415 2081 1589 2116 γεγέννηται.
1609 2082 1662 2108 Καὶ
1683 2083 1742 2116 μετ’
1755 2083 1826 2108 ὲκεί-

1040 2136 1086 2154 νον
1112 2127 1179 2154 ὡσεὶ
1205 2127 1272 2162 μεθ’
1286 2128 1388 2163 ἐτέρων
1407 2128 1506 2162 μιλίων
1527 2128 1608 2161 ἑπτὰ,
1630 2128 1646 2163 ἢ
1673 2129 1719 2154 καὶ
1733 2129 1827 2156 πλεῖον

1040 2173 1188 2209 διάστημα,
1202 2174 1277 2201 ἔστιν
1295 2174 1311 2210 ἡ
1331 2173 1473 2209 Ἐμμαοῦς
1491 2174 1569 2206 πόλις
1591 2175 1710 2210 μεγάλη.
1734 2176 1825 2202 κοιλά-

202 2227 280 2245 suum
292 2219 348 2246 fere
361 2220 456 2254 viginti
469 2220 564 2253 millia,
578 2219 714 2256 Ramplere
726 2221 800 2256 regio
814 2220 960 2248 emtnditur
977 2228 984 2247 :

1038 2220 1082 2251 δος
1096 2220 1178 2254 μέσον
1191 2221 1316 2255 κειμένη,
1331 2221 1360 2247 ὲν
1375 2221 1609 2254 ὑπερανεστηκότι
1623 2221 1722 2257 ῥαχίῳ,
1739 2221 1827 2253 οὕτως

201 2270 228 2292 et
245 2265 373 2300 templum
387 2267 480 2301 ingens
495 2269 521 2293 in
536 2267 629 2294 eadem
645 2269 730 2295 sancti
751 2267 840 2302 magni
857 2267 983 2302 martyris

202 2311 310 2347 Georgii
341 2312 447 2339 visitur.
471 2313 527 2340 Illis
552 2313 578 2340 itt
600 2313 668 2341 locis
692 2317 787 2340 sancto
812 2313 861 2339 fuit
889 2313 988 2340 natalis

200 2358 270 2391 dies,
287 2363 314 2385 et
331 2366 381 2392 pro
407 2358 506 2393 pietate
524 2359 643 2394 iugentia
668 2359 817 2386 certamina
845 2359 938 2390 subiit,
961 2364 988 2386 et

201 2405 346 2439 sepultura:
376 2405 556 2432 demandatus
587 2405 810 2440 fuit.,Templum
835 2406 986 2433 tlronticum

201 2457 252 2483 Gal,
265 2456 292 2478 ct
304 2451 495 2481 iusanctuarii
511 2452 611 2486 mytulo
633 2452 684 2479 sub
702 2457 801 2480 sanctae
827 2452 924 2479 ιιὼιιιιυ
939 2460 986 2487 pa-

169 2521 177 2527 _
203 2496 331 2530 \‘imcnto,
355 2497 472 2531 sepulcri
485 2504 516 2524 os
532 2502 618 2532 patet,
640 2498 755 2525 candido
779 2505 915 2526 marmore
933 2499 988 2525 cir-

201 2548 381 2577 rumseptum.
400 2543 499 2577 verum
524 2551 614 2579 opera:
631 2545 746 2578 pretium
772 2544 865 2574 fuerit,
881 2552 941 2578 quae
973 2552 987 2572 a

203 2590 294 2624 templi
311 2590 417 2618 clericis
431 2595 494 2618 ante
520 2597 620 2625 paucos
637 2598 723 2618 annos
753 2591 779 2617 in
795 2591 882 2618 sancti
899 2592 989 2624 sepul-

202 2644 250 2663 cro
262 2642 326 2664 sunt
339 2642 455 2671 patrata,
472 2637 630 2665 narratione
653 2643 747 2665 nostra
763 2637 894 2665 indicare.
910 2637 989 2665 Dice-

205 2683 270 2708 bant
283 2685 407 2717 namque.
424 2683 610 2718 interjectum,
634 2683 681 2718 qui
699 2692 770 2711 nunc
786 2688 894 2718 praeest,
913 2683 989 2711 Lati-

205 2735 300 2754 norum
313 2729 479 2763 episcopum,
494 2730 609 2764 sepulcri
623 2737 654 2757 os
665 2737 789 2757 reserare
799 2734 937 2762 conatum,
949 2735 986 2763 et,

206 2771 294 2798 tabula
311 2782 475 2807 marmorea,
493 2783 546 2810 qua
562 2775 627 2803 illud
653 2775 840 2811 obtegebatur,
868 2776 987 2808 sublata,

208 2817 342 2849 ingentem
360 2820 514 2852 speluncam
531 2828 590 2848 sese
603 2821 766 2854 ostendisse,
780 2826 807 2849 et
829 2821 855 2848 in
872 2821 931 2856 ejus
948 2821 988 2848 in-

212 2858 309 2887 teriore
324 2867 410 2896 parte,
436 2865 522 2892 sancti
550 2866 703 2900 sepulcrum
726 2875 812 2905 :cum
838 2867 946 2894 demum
959 2872 986 2894 ct

1039 2266 1103 2292 ὡσεὶ
1132 2267 1208 2301 μίλια
1239 2267 1326 2294 εἴκοσι
1353 2267 1402 2294 καὶ
1426 2267 1549 2302 τέσσαρα
1566 2268 1584 2302 ἡ
1612 2267 1659 2294 τοῦ
1681 2269 1826 2302 Ῥαμπλέα

1039 2313 1116 2348 χώρα
1129 2314 1306 2348 ὑφήπλωται,
1328 2314 1375 2340 καὶ
1399 2314 1463 2345 ναὸς
1476 2314 1629 2348 πάμμεγας
1651 2315 1682 2341 ἐν
1698 2315 1784 2350 ταύτῃ
1798 2317 1827 2343 ὁ-

1040 2358 1121 2391 ρᾶται
1141 2357 1187 2384 τοῦ
1207 2358 1285 2392 ἁγίου
1306 2358 1552 2394 μεγαλομάρτυρος
1574 2359 1725 2394 Γεωργῖου,
1740 2362 1770 2386 ἐν
1785 2358 1825 2393 οἷς

1040 2405 1085 2431 καὶ
1097 2405 1260 2439 γεγέννηται
1276 2405 1381 2438 τόποις,
1408 2405 1455 2432 καὶ
1475 2406 1546 2440 ὑπὲρ
1567 2406 1708 2438 εὐσεϐείας
1723 2406 1824 2442 ῆολησε

1041 2451 1188 2485 μεγίστους
1211 2451 1332 2486 ἀγῶνας,
1358 2451 1422 2478 ἔνθα
1443 2453 1489 2478 καὶ
1512 2452 1585 2488 ἱερὸς
1601 2452 1689 2487 τάφος
1704 2448 1840 2488 ὑπάρχειι

1040 2496 1136 2525 αὑτοῦ.
1160 2497 1190 2524 ὐ
1207 2497 1236 2524 δὲ
1262 2497 1325 2528 ναός
1353 2498 1412 2524 ἐστι
1444 2497 1589 2532 δρομικὸς,
1615 2499 1663 2524 καὶ
1679 2499 1709 2524 ὲν
1723 2498 1762 2534 τῷ
1777 2498 1824 2525 τοῦ

1040 2543 1164 2578 βήματος
1178 2543 1274 2578 μὺακι,
1290 2544 1341 2569 ὑπὸ
1356 2544 1405 2579 τὴν
1416 2543 1465 2577 τῆς
1481 2543 1562 2577 ἁγίας
1574 2543 1717 2579 τραπέζης
1731 2544 1824 2578 χθόνα,

1039 2589 1069 2616 τὸ
1095 2589 1141 2615 τοῦ
1159 2590 1245 2624 τάφου
1265 2590 1362 2624 ὁρᾶται
1394 2589 1544 2624 στομίδιον,
1571 2590 1661 2625 λευκῷ
1685 2589 1824 2625 μαρμάρῳ

1040 2636 1304 2671 περιφραττόμενον.
1329 2635 1400 2662 Ἀλλ’
1417 2636 1564 2669 ἀναγκαῖον
1574 2637 1663 2662 εἰπεῖν
1684 2637 1734 2663 ὅσα
1748 2638 1824 2671 παρὰ

1040 2681 1094 2707 τῶν
1122 2680 1170 2707 τοῦ
1203 2680 1268 2707 ναοῦ
1295 2681 1437 2716 κληρικῶν
1464 2681 1627 2716 ἀκηκόαμεν
1659 2682 1713 2716 πρό
1742 2690 1824 2708 τινων

1039 2726 1172 2753 ἐνιαυτῶν
1192 2726 1239 2752 ἐπὶ
1257 2726 1295 2761 τῷ
1311 2726 1359 2756 τοῦ
1381 2726 1461 2760 ἁγίου
1480 2727 1558 2761 τάφῳ
1574 2727 1721 2762 γινόμενα.
1739 2727 1825 2762 Ἐφη-

1041 2781 1091 2799 σαν
1106 2773 1160 2807 γὰρ
1179 2773 1220 2798 ὅτι
1242 2773 1256 2799 ὁ
1278 2772 1326 2799 νῦν
1344 2773 1552 2807 παρεμϐόλιμος
1569 2774 1692 2800 Λατίνων
1713 2774 1824 2800 ἐπίσκο-

1041 2827 1090 2850 πος
1104 2818 1134 2844 τὸ
1151 2817 1199 2844 τοῦ
1218 2818 1304 2852 τάφου
1321 2819 1455 2854 ἐπειράθη
1478 2819 1622 2851 ὑπανοῖξαι
1637 2819 1759 2853 στόμιον,
1777 2820 1824 2846 καὶ

1044 2865 1093 2900 τῆς
1118 2865 1221 2895 ﬁla-rb;
1245 2866 1375 2900 ἀρθείσης
1395 2866 1444 2900 τῆς
1472 2866 1551 2892 τοῦῖο
1572 2865 1824 2901 περιφραττούαης,
