1956 3077
192 135 244 169 9G3
827 134 1003 166 PERDlCiE
1030 133 1202 164 EPHESII.
1771 123 1834 155 964

202 200 1827 225 Μ

577 297 1006 360 ΕΡΙΡΗΑΝΙΙ
1071 291 1454 353 MONACHI

875 410 1160 442 HAGIOPOLITIE

610 502 786 551 SYRIA
838 501 913 549 ET
967 501 1114 548 URBS
1161 499 1403 546 SANCTA.

490 604 604 635 Exstat
621 612 690 633 cum
703 602 776 633 aliis
793 599 971 640 Epiphanit'
988 599 1116 639 scriptis
1131 598 1321 638 Patrologiw
1337 602 1412 628 (om.
1432 596 1525 628 CXX.

196 703 1833 719 ___———————————-———————————-

793 774 1232 853 ΠΕΡΔΙΚΟΥ

573 907 1048 956 ΠΡΩΤΟΝΟΤΑΡΙΟΥ
1085 908 1195 952 ΤΗΣ
1233 906 1452 952 ΕΦΕΣΟΥ

926 1003 1087 1029 ΕΚΦΡΑΣΙΣ

555 1080 649 1109 ΠΕΡΙ
665 1081 735 1110 ΤΩΝ
747 1081 799 1109 ΕΝ
814 1079 1096 1108 ΙΕΡΟΣΟΛΥΜΟΙΣ
1115 1078 1291 1107 ΚΥΡΙΛᾹΏΝ
1310 1077 1489 1105 ΘΕΜΑΤΩΝ.

194 1209 634 1336 PERDICZE
661 1152 1392 1288 PROTOuOTAmI
1440 1202 1826 1283 EPHESII

926 1345 1059 1371 EXPOSIT
1065 1345 1096 1370 10

253 1425 484 1457 THEMATUM
502 1422 781 1455 DOMINICORUM
802 1422 852 1453 ET
875 1422 1195 1455 MEMORABILIUM
1215 1421 1307 1459 Οἱ]Ᾰέ
1330 1420 1630 1452 HIEROSOLYMIS
1650 1419 1764 1451 SUNT.

192 1581 307 1616 Quando
325 1581 423 1614 volupe
438 1583 480 1607 est
501 1577 649 1613 plerisque,
664 1577 772 1613 opinor,
804 1577 931 1605 omnibus

998 1580 1022 1609 Α
1044 1576 1177 1612 Ἐπείπερ
1191 1576 1386 1611 πολυέραστον,
1403 1573 1473 1608 οἶδα,
1490 1573 1621 1609 τυγχάνει
1639 1574 1718 1606 πᾶσι,

192 1629 318 1657 Narratio
334 1628 367 1656 de
382 1627 492 1654 clvitate
510 1623 587 1658 Sien,
606 1625 640 1652 iis

1035 1623 1091 1658 Τὴν
1111 1623 1162 1658 τῆς
1173 1622 1243 1649 Σιὼν
1264 1623 1391 1657 διήγησιν
1409 1623 1466 1653 τοῖς
1482 1621 1519 1656 μὴ
1538 1621 1733 1655 θεασαμένοις,

192 1674 241 1707 Qui
260 1680 312 1700 non
328 1679 386 1699 eam
396 1671 499 1704 videre,
515 1677 565 1705 ego
580 1674 608 1698 ut
623 1669 678 1697 vidi
696 1669 818 1704 eloquar.

1041 1669 1084 1701 Ὠς
1099 1669 1197 1704 αὑτοψὶ
1212 1669 1340 1700 τεθέακα,
1354 1667 1442 1699 οὕτως
1453 1668 1534 1698 αὐτὸς
1548 1668 1689 1703 ἐκφράσαι).

193 1719 248 1747 lloc
264 1719 394 1755 oppidum
409 1723 451 1746 est
463 1718 517 1745 situ
534 1716 702 1751 spectabile;

1042 1714 1074 1740 Ἦ
1094 1714 1172 1744 πόλις
1185 1713 1235 1749 τὴν
1249 1713 1370 1740 διάθεσιν
1393 1713 1576 1748 περίϐλεπτος
1596 1715 1738 1749 τυγχάνει,

192 1756 298 1799 Quippe
313 1768 355 1792 est
372 1765 406 1792 ab
420 1770 573 1798 auroraque
587 1767 614 1790 et
629 1770 727 1790 occasu
741 1761 887 1790 imminens

1042 1760 1087 1792 Ὠς
1103 1760 1132 1793 ἐξ
1148 1760 1219 1796 ἑῴας
1236 1760 1282 1786 καὶ
1301 1760 1412 1794 δυσμῶν
1428 1760 1474 1786 δύο
1488 1759 1618 1787 χοιλάδων
1637 1761 1719 1796 μέσον

193 1810 367 1839 Convallibus
382 1810 509 1844 geminis,
528 1809 646 1836 ammnis
661 1813 689 1835 et
702 1809 789 1836 cavis.

1042 1807 1247 1842 Ὑπερκειμένη
1260 1806 1388 1841 καθαρῶν
1403 1807 1512 1833 πάντων
1527 1807 1574 1833 καὶ
1587 1807 1760 1842 βαθυτάτων.

194 1856 394 1892 Scptentrionis
414 1863 477 1891 pars
491 1855 586 1887 polita,
602 1856 690 1882 solum
704 1859 732 1882 ct
743 1854 837 1887 ferax;

1035 1853 1126 1889 Μέρος
1139 1853 1169 1880 τὺ
1181 1853 1353 1889 βορειότερον
1370 1853 1442 1880 λεῖον
1462 1853 1604 1889 εὐκάρπου
1622 1855 1715 1888 γαίας,

194 1902 347 1929 Screnitate
362 1901 502 1933 decorum,
519 1905 546 1927 et
565 1904 679 1935 aspectu
696 1899 748 1927 loci
765 1908 773 1927 :

1035 1901 1091 1928 Καὶ
1105 1901 1254 1937 ὲμφανείᾳ,
1266 1901 1313 1927 καὶ
1330 1902 1433 1936 τερπνῇ
1450 1901 1642 1936 κοσμούμενον
1653 1903 1687 1937 τῇ
1706 1902 1767 1938 θέᾳ,

194 1947 244 1975 Ubi
256 1948 343 1975 vineae
356 1946 465 1979 uberes,
478 1951 503 1974 et
519 1946 604 1978 horti,
625 1946 746 1980 itemque
757 1946 826 1980 agri.

1034 1947 1085 1974 Διὰ
1100 1947 1233 1982 ἀμπέλων
1250 1947 1352 1974 ἰκανῶν
1365 1948 1412 1974 καὶ
1429 1948 1526 1978 κήπων
1542 1949 1589 1974 καὶ
1604 1949 1723 1983 χωρίων.

191 1993 328 2021 Australis
341 1997 369 2020 at
384 1993 488 2020 devexa
504 1999 579 2026 pars,
599 1992 652 2019 situ
668 1991 783 2026 optimo,

1034 1994 1071 2020 Τὺ
1085 1993 1113 2020 δέ
1129 2001 1159 2027 γε
1176 1993 1264 2020 νότιον
1278 1992 1358 2024 εὑθὲς
1374 1992 1530 2027 κατώτερον
1543 1993 1592 2028 τὴν
1608 1993 1696 2025 θέσιν,

193 2039 264 2067 Bona
281 2043 403 2074 tempOra
428 2043 455 2066 et
469 2038 639 2066 feracitatem
655 2038 814 2071 continens;

1035 2039 1171 2075 Εὑαερίαν
1182 2039 1243 2074 ἕχον
1261 2047 1291 2065 τε
1306 2039 1353 2066 καὶ
1367 2039 1458 2065 πᾶσαν
1475 2040 1641 2075 εὐκαρπίαν,

192 2085 290 2113 Forma
307 2084 438 2120 quadrata
454 2084 583 2119 iactitans
599 2091 690 2112 arcem
710 2083 831 2119 undique

1041 2087 1085 2113 Ἐν
1100 2086 1266 2122 τετραγώνῳ
1281 2085 1402 2120 σχήματι
1419 2085 1449 2112 τὺ
1462 2085 1595 2120 φρούριον
1611 2085 1734 2120 αὺχοῦσα

166 2151 168 2164 ρ
192 2133 257 2161 Late
275 2137 424 2168 patentem,
438 2139 498 2167 quae
515 2131 587 2158 haud
603 2135 662 2166 eget
677 2131 837 2158 custodibus

1035 2132 1249 2168 Κεχοιλασμένον
1261 2131 1406 2164 πάντοθεν,
1423 2131 1581 2166 ἀφύλακτον
1596 2132 1649 2167 πρὸ
1665 2133 1784 2167 χρόνων,

191 2177 249 2205 Jam
267 2177 329 2205 olim
345 2186 352 2204 ;
367 2177 544 2212 frequentans
558 2183 624 2210 quo,
640 2176 673 2203 ab
691 2176 850 2210 Aquilonari
867 2176 944 2211 plaga

1051 2176 1130 2214 »ὓπερ
1146 2179 1176 2204 ὲν
1195 2177 1275 2213 μέρει
1294 2177 1483 2213 πεφοιτηκὼς,
1500 2177 1529 2204 ὲν
1553 2178 1632 2213 μέρει
1650 2178 1687 2213 τῷ
1705 2179 1823 2214 ἀρχτῴῳ

192 2224 285 2252 Celsus
300 2224 399 2251 domus
413 2223 527 2255 videbis,
540 2229 621 2258 atque
635 2222 750 2258 regiam,

1036 2225 1175 2260 Εὑρήσεις
1189 2224 1289 2259 δόμους
1303 2224 1434 2260 ὑψηλοὺς,
1449 2224 1592 2260 βασιλικὴν
1603 2224 1696 2251 ἑστίαν

190 2269 331 2304 Λςιιοειιυο
347 2275 470 2296 animulas
486 2267 619 2295 Jouchimi
638 2275 671 2295 ac
684 2268 769 2295 Anna:
786 2274 874 2301 anus;

1049 2271 1090 2297 ἰαὶ
1115 2270 1188 2297 θεῖον
1205 2268 1279 2297 οἶκον
1297 2270 1468 2305 πάντερπνον
1485 2270 1617 2306 Ἰωακεὶμ
1639 2271 1688 2297 καὶ
1710 2272 1821 2305 Ἃννης.

193 2315 242 2343 Ubi
257 2321 298 2343 est
309 2315 463 2350 sepulcrum
480 2314 560 2341 ambo
574 2321 681 2341 sacrum
696 2318 852 2349 parentum.

1040 2316 1098 2352 Ἐφ’
1118 2313 1205 2352 οὗπέρ
1218 2317 1293 2343 ἐστιν
1308 2317 1325 2351 ἡ
1339 2316 1419 2352 σορὸς
1434 2316 1518 2352 ἄμφω
1537 2317 1720 2351 θεοπατὸρων.

191 2361 293 2388 DilIusa
309 2361 401 2396 opacis
416 2361 498 2388 arbor
514 2360 558 2388 hic
575 2364 630 2387 stat
643 2360 799 2394 frondibus,

1032 2363 1090 2391 Καὶ
1105 2363 1214 2399 δένδρον
1227 2363 1425 2398 εὐσκιόφυλλον
1442 2363 1530 2395 ἑστὼς
1546 2364 1575 2390 ἐν
1588 2364 1627 2398 τῷ
1638 2365 1761 2399 προνάῳ.

191 2408 256 2441 Quae
272 2409 331 2435 luce
348 2408 430 2435 natali
448 2408 631 2443 integerrima:
651 2408 698 2435 Dei

1035 2409 1125 2446 Ὅπερ
1138 2410 1178 2441 εἰς
1191 2409 1220 2436 τὸ
1237 2409 1377 2443 γενέθλιον
1392 2409 1442 2444 τῆς
1461 2409 1654 2444 παναχράντου
1669 2409 1754 2444 κόρης

191 2454 285 2482 Matris
301 2455 395 2490 vigens
417 2454 534 2483 fructum
551 2455 662 2482 exhibet
677 2455 830 2488 sterilibus,
846 2455 891 2483 his

1039 2456 1175 2490 Ἀναφυὲν
1186 2455 1329 2490 πορίζεται
1346 2456 1451 2490 καρπῦς
1462 2456 1526 2486 ταῖς
1543 2455 1758 2491 στειρευούσαις,

189 2502 413 2529 Conuuunionem
427 2510 486 2536 qua:
501 2503 610 2529 arboris
625 2501 732 2530 fructus
745 2503 857 2536 habent,

1046 2503 1180 2533 Ῑοιούσαις
1191 2502 1242 2537 τὴν
1254 2501 1405 2537 μετάληψιν
1419 2501 1451 2528 ἐκ
1463 2500 1510 2528 τοῦ
1520 2501 1630 2534 καρποῦ
1640 2500 1687 2527 τοῦ
1699 2501 1818 2536 δένδρου.

190 2549 342 2576 Purticibus
361 2549 386 2576 in
399 2549 501 2584 quiuis,
521 2549 556 2576 ibi
573 2550 712 2577 natatoria

1048 2549 1107 2585 Ιρὸς
1118 2548 1229 2580 τούτους
1243 2549 1317 2576 ἐστὶν
1328 2541 1360 2575 ἓν
1376 2549 1468 2581 στοαῖς
1483 2548 1565 2575 πέντε
1580 2548 1627 2574 καὶ
1644 2547 1820 2582 κολυμϐήθρα

190 2595 333 2623 Probatica
351 2597 497 2631 quondam,
514 2596 665 2624 remedium
683 2596 824 2632 paralytici

1033 2595 1191 2631 Προϐατικὴ
1204 2595 1234 2622 τὸ
1249 2596 1382 2631 πρότερον
1394 2595 1464 2627 ἴασις
1479 2594 1647 2629 παραλὺτου,

189 2641 259 2668 Infra
272 2642 370 2675 Solum,
388 2642 472 2669 vectis
490 2642 602 2676 grabato
619 2643 773 2675 commoda,

1038 2641 1180 2677 Ὑπόγεως
1194 2641 1224 2667 ὲν
1238 2641 1354 2676 κλίμακι
1368 2641 1475 2668 πάντων
1493 2641 1715 2676 κατερχομένων,

193 2688 371 2721 Uteluantur,
390 2689 461 2716 unda
477 2689 538 2716 dum
558 2689 700 2716 exundans
713 2689 815 2716 tremit.

1039 2687 1237 2722 Ἀπολουθῆναι
1255 2688 1398 2722 τρομερῶς
1411 2687 1450 2719 ὡς
1466 2687 1718 2723 ἀμετροδυθούσης.

191 2730 278 2765 Supra
297 2733 367 2760 hanc
388 2734 471 2760 situm
497 2734 625 2767 templum
644 2735 777 2769 stupende
793 2734 891 2762 decore
907 2741 963 2763 erat

907 2741 976 2768 erat,
1034 2734 1157 2770 ’Ύπερθε
1174 2735 1275 2770 ταύτης
1286 2734 1315 2761 δὲ
1329 2734 1391 2766 ναός
1409 2734 1483 2761 ἐστιν
1497 2734 1678 2769 ὼραῖσμένος,

191 2777 265 2812 Ejus,
289 2779 421 2806 medelam
438 2780 484 2814 qui
501 2780 628 2815 omnibus
645 2782 690 2808 dat
701 2781 800 2808 obviis.

1030 2782 1084 2809 Τοῦ
1100 2782 1167 2808 πᾶσι
1183 2781 1240 2813 τοῖς
1258 2781 1456 2815 προϐαίνουσιν
1471 2781 1543 2808 ἴασιν
1558 2781 1753 2816 χορηγοῦντος.

191 2821 256 2848 Post
271 2823 328 2850 hmc
341 2822 422 2852 Pilati
443 2826 539 2852 domus
552 2831 578 2853 et
593 2825 677 2853 Anna:
690 2830 717 2853 ct
733 2826 853 2861 Caiphm,

1031 2825 1099 2854 Εἶτα
1115 2827 1232 2854 Πιλάτου
1251 2826 1369 2862 οἴκησις,
1387 2828 1471 2854 Ἀννα
1485 2828 1532 2854 καὶ
1544 2828 1666 2863 Καῖάφα,

215 2868 409 2904 ῐωιοῐὶυωιιυο
427 2870 652 2906 abominandum,
667 2879 716 2900 seu
733 2872 809 2901 locus

1034 2873 1070 2900 Τὸ
1088 2873 1235 2908 βδελυκτὸν
1254 2873 1483 2910 πραιτώριονκῇ
1501 2873 1584 2906 τύπος
1598 2873 1758 2908 καταδίκης,
