1956 3077
119 121 174 153 9ιιὸ

118 179 209 206 "Oi-mu
225 178 272 207 τοῦ
294 181 397 216 Πέτρου
410 181 537 216 ἄρνησις,
558 180 603 206 καὶ
620 180 729 216 φυλακὴ
741 180 856 216 Κυρίου,

125 224 171 257 Ἐξ
184 223 217 260 ἧς
228 226 344 260 σταυρὸν
356 227 500 260 ἐπώμισαν
512 226 556 252 τὸν
571 226 691 261 Κτίστην
703 226 750 252 καὶ
760 226 908 262 Δεσπότηυ,

117 269 196 296 Μετὰ
212 270 310 304 μικρὸν
329 269 513 304 βαστάσαντος
530 271 651 305 Σίμωνος
667 270 835 306 Κυρηναίου,

118 317 165 348 Et;
188 318 325 352 Γολγοθὰν
352 318 379 344 δὲ
398 319 533 352 μεταϐὰς,
562 318 610 344 καὶ
626 318 708 345 τόπον
725 318 772 344 τοῦ
794 318 907 352 κρανίου

119 361 207 389 Ὅπου
229 363 338 398 σταυρῷ
358 364 518 399 προσήλωσε
531 364 560 391 τὸ
575 364 653 398 γένος
669 364 723 390 τῶν
740 363 876 399 Ἐἦραίων

118 408 172 434 Τὸν
186 409 372 444 ἀκατάκριτον
394 410 493 446 κριτὴν
518 411 587 445 μετὰ
604 411 712 446 λῃστῶν
733 409 909 445 κακούργων.

119 455 197 481 Ἔστι
212 456 259 482 καὶ
280 457 362 492 μέχρι
378 456 455 482 τοῦδε
471 457 518 483 νῦν
538 456 577 491 τῷ
602 457 808 492 μακαριωτάτῳ
829 457 905 491 λίθῳ,

124 501 182 535 Ἐφ’
196 498 282 537 οὗπερ
298 502 401 537 ἔπηξαν
417 503 550 537 σταυρὸν,
566 503 620 538 ὀπὴ
636 504 815 539 τετορημένη,

119 548 174 574 Καὶ
192 549 486 584 φλέδεςὲρυθάζουσαι
500 550 643 585 προδήλως
658 551 833 586 παρεστῶσαι

117 593 173 620 Τοῦ
194 589 390 630 παναχράντου
417 596 536 630 αἵματος
557 596 720 623 δεσποτικοῦ
740 598 789 633 τὴν
814 599 906 634 χύσιν.

119 639 190 672 Πρὸς
201 639 229 666 δὲ
249 641 296 666 καὶ
312 641 326 667 ὁ
343 641 478 676 κυριακος
491 643 579 677 τάφος
596 644 609 670 ὀ
626 643 751 678 θεοδίχος

116 684 166 710 Διά
181 685 336 721 μαρμάρων
350 687 542 723 λαμπρυνθεὶς
563 689 662 716 κιόνων
687 690 903 723 στιλπνοτάτων,

118 729 174 756 Καὶ
188 732 241 765 προ
258 731 308 767 τῆς
321 732 408 768 θύρας
425 734 565 766 κυλισθείς
578 737 592 762 ὁ
611 735 677 772 παρ’
690 737 806 771 ἀγγέλου
820 738 905 771 λίθος,

123 775 169 808 Ἐξ
185 773 222 802 ὦν
237 778 359 813 πηγάζει
377 779 506 813 θαύματα
524 782 590 807 πᾶσι
607 783 715 813 πιστοῖς
731 782 867 817 ἀφθόνως.

117 823 173 848 Καὶ
182 823 212 849 τὸ
223 823 255 859 δὴ
267 825 358 859 μεῖζον
373 827 520 862 προφανῶς
536 829 642 860 πιστοῖς
661 837 690 855 τε
704 829 751 856 καὶ
767 829 904 863 ἀπίστοις,
921 852 942 880 Β

123 868 155 880 'll
173 869 241 880 ..μμὶν
266 871 291 880 ,L
414 872 420 880 I
528 874 533 880 ι
564 874 569 880 ι
701 875 720 880 --
766 875 772 880 .

123 868 156 894 'H
172 869 242 896 κατὰ
261 871 311 906 τὴν
331 872 504 908 παγκόσμιον
521 874 672 901 ἀνάστασιν
701 875 816 910 Κυρίου,

117 915 276 950 Φωτοχυσῐα
287 917 423 953 πρόδηλος
435 920 525 954 φωτὸς
539 920 587 947 τοῦ
602 921 739 956 παναγίου

117 961 308 990 Μεταδιδοῦσα
323 965 379 996 τοῖς
393 967 501 997 πιστοῖς
522 967 659 1002 ἁγιασμδν
675 968 722 994 καὶ
735 968 823 1002 φῶτα.

119 1008 196 1034 Ἔστι
205 1009 343 1044 κεκητόπος
358 1011 460 1047 ὑψηλὺς
471 1012 645 1048 κλιμακωτὺς
659 1015 698 1044 είς
709 1013 801 1049 βάθος,

118 1054 163 1081 Ἐν
181 1051 257 1092 ᾧπερ
273 1057 413 1093 κέκρυπτο
425 1060 540 1095 σταυρὸς
557 1060 689 1093 ζωοποιδς
708 1062 822 1097 Κυρίου.

118 1101 174 1128 Καὶ
193 1102 275 1135 τόπος
289 1104 390 1139 βόμῦον
401 1106 517 1141 ὲξηχῶν,
535 1106 573 1138 ὡς
590 1107 680 1141 λόγος,
695 1108 747 1143 γῆς
762 1108 791 1134 τὸ
809 1109 904 1143 μέσον,

119 1149 211 1176 ’Λλλοι
227 1150 256 1176 δὲ
270 1151 423 1184 φάσκουσιν
439 1152 522 1179 αὐτὸν
542 1153 684 1186 κολάσεως
704 1154 751 1182 τὸν
763 1156 862 1190 χῶρον,

118 1196 172 1222 Καὶ
187 1198 280 1231 τὸτῆς
300 1199 352 1232 γῆς
370 1199 536 1234 μεσαίτατον
555 1201 603 1227 τοῦ
625 1201 749 1237 βήματος
763 1205 791 1228 ἐν
816 1203 904 1238 μέσῳ.

118 1243 280 1277 Συνέχονται
297 1244 320 1270 δ’
335 1245 479 1281 ἀμφότερα
501 1247 573 1282 μόνῳ
588 1247 646 1282 λαῷ
667 1248 815 1283 καλλίστῳ.

117 1289 208 1322 Μέρος
224 1289 254 1315 τὺ
274 1290 402 1326 περίεχον
414 1291 442 1317 δὲ
456 1292 501 1318 τὸν
517 1292 650 1327 ζωοδόχον
668 1293 762 1327 τάφον,

125 1334 291 1368 Ἰσόπλατον,
313 1337 443 1372 ἰσόμηκες
455 1338 484 1364 ὲν
503 1339 625 1373 σχήματι
642 1339 815 1375 στρογγύλῳ,

119 1381 177 1408 Οὐκ
195 1382 223 1408 ἐν
238 1383 328 1415 στοαῖς
347 1383 397 1419 τὴν
412 1384 514 1420 ὀροφὴν
537 1385 624 1420 ἔχοντι
639 1386 852 1421 κεκλεισμένην,

130 1427 202 1453 Ἀλλ’
220 1428 280 1464 ῐσην
294 1429 341 1455 καὶ
349 1428 398 1464 τὴν
414 1429 516 1456 ἄνωθεν
525 1430 579 1458 ,τοῦ
594 1431 744 1466 κτίσματος
759 1431 904 1466 στεφάνην,

124 1474 244 1502 Ἐκεῖθεν
261 1474 284 1502 δ’
296 1475 466 1511 ἀνιστάμενα
482 1477 548 1509 ξύλα
566 1477 636 1512 μετὰ
654 1477 801 1512 μολύϐδου,

119 1519 311 1556 Συνεχομένων
329 1522 433 1549 ἄνωθεν
454 1523 635 1558 σφαιροειδῶς
646 1524 702 1550 τῶν
717 1523 823 1560 ἄκρων,

117 1567 157 1592 Δι’
174 1567 290 1602 οὐρανοῦ
303 1569 349 1595 τὸν
364 1569 478 1604 οὐρανοῦ
494 1570 616 1606 Κτίστην
626 1571 834 1606 ἐστεγασμένον,

119 1613 175 1640 Καὶ
191 1614 324 1650 μηδαμῶς
338 1616 475 1651 μηδέποτε
492 1617 595 1652 βροχῆς
615 1617 824 1653 είσερχομένης,

120 1659 151 1685 Ει
169 1658 216 1685 τοῦ
237 1660 300 1686 ναοῦ
316 1661 349 1687 τὰ
361 1660 487 1696 γύρωθεν
505 1662 596 1689 πάντα
614 1662 867 1689 κατακλεισθῶσιν.

125 1705 169 1732 Ἐν
184 1706 222 1741 τῷ
242 1708 352 1742 προνάῳ
367 1707 395 1734 δὲ
414 1708 497 1743 σηκδς
513 1708 674 1744 ἀδελφοθὲου
689 1709 781 1737 πέλει.

119 1751 220 1777 Τούτου
231 1752 260 1778 δὲ
274 1752 326 1787 πρό
333 1753 392 1779 ποεν
405 1754 516 1781 πέλουσι
527 1756 577 1790 τῆς
589 1755 706 1790 Μάρθας
719 1755 765 1782 καὶ
780 1755 902 1791 Μαρίας,

117 1798 149 1823 Ai
159 1798 296 1824 κατοικίαι
319 1799 446 1834 σέκρετνν
462 1801 516 1827 τῶν
533 1801 643 1827 ἀσεϐῶν
663 1801 799 1836 γεγῶσαι,
839 1808 841 1810 ’

119 1843 174 1869 Καὶ
184 1844 290 1871 παλαιὰ
309 1847 473 1882 κατοίκησις
491 1848 673 1883 πατριαρχῶν
689 1849 744 1875 τῶν
759 1848 852 1881 θείων,

119 1889 164 1921 Et;
181 1889 268 1922 οἷκον,
286 1892 326 1924 είς
338 1893 501 1929 συναγωγὴν
514 1894 630 1922 τελοῦσα
647 1896 703 1926 τοῖς
716 1895 853 1928 ἀπίστοις,

124 1936 169 1962 Ἐν
180 1936 217 1972 τῷ
234 1935 341 1974 θατέρῳ
356 1940 435 1975 μέρει
454 1941 482 1967 δὲ
499 1942 562 1972 ναδς
577 1942 626 1977 τῆς
644 1942 846 1978 ποιναχράντου,

119 1983 201 2009 Ὅθεν
224 1985 333 2012 ἑστῶσαι
352 1986 472 2021 τέτρωτο
494 1989 528 2013 τὰ
553 1988 707 2024 σπλάγχνα,
728 1989 906 2024 θρηνωδοῦσα

119 2029 172 2055 Τὸν
193 2030 312 2066 Ποιητήν
324 2040 353 2057 τε
365 2033 411 2058 καὶ
428 2032 490 2059 Υἰδν
504 2034 707 2069 σταυρούμενον
719 2035 822 2070 ὁρῶσα.

123 2076 168 2102 Ἐν
186 2077 263 2112 μέρει
277 2077 304 2103 δὲ
318 2077 369 2112 τῆς
385 2077 498 2110 δύσεως,
516 2080 562 2105 καὶ
589 2080 704 2115 πλησίον
715 2081 763 2107 τοῦ
785 2081 904 2116 τείχους,

119 2119 198 2148 Οἶκοι
211 2121 351 2156 πεφύκασι
365 2123 448 2150 Δαόὶδ
457 2123 573 2158 λείψανα
591 2127 646 2156 τοῖς
661 2127 818 2162 προτέροις.

118 2168 177 2203 [lup
186 2168 193 2179 '
205 2169 312 2195 ἁσεὸῶν
322 2170 461 2205 νεμόμενα
472 2171 542 2205 πρὸς
556 2173 612 2203 τοῖς
629 2172 736 2204 λοιποῖς
749 2173 796 2199 καὶ
806 2173 904 2201 ταῦτα.

119 2215 192 2250 Πρὸς
209 2215 237 2241 δέ
254 2224 286 2250 γε
304 2216 353 2250 τῆς
367 2217 502 2252 ἀνατολῆς
516 2218 564 2244 τοῦ
584 2217 681 2249 ἄστεος
693 2219 724 2245 τὸ
743 2219 838 2255 μέρος,

119 2261 210 2296 Πύλην
222 2261 339 2297 ἀρχαίαν
354 2263 515 2299 θαυμαστὴν
529 2264 623 2290 ἔκτοτε
639 2265 849 2302 κεκλεισμένην,

118 2308 163 2340 Εἰς
182 2308 267 2336 τύπον
281 2309 434 2336 ἁδιόδευτον
451 2308 534 2337 οὖσαν
544 2312 592 2346 τῆς
605 2313 810 2347 παναχράντου,

117 2355 226 2390 Ἰινπερ
247 2356 351 2389 ἀνοῖξαι
365 2357 500 2392 πρότερόν
513 2366 600 2384 τινων
613 2359 834 2394 τετολμηκότων,

116 2401 171 2435 Τὴν
185 2401 264 2428 πόλιν
279 2403 370 2429 πᾶσαν
389 2403 511 2430 σείεσθαι
526 2403 636 2438 λέγεται
661 2406 709 2432 καὶ
739 2405 904 2438 κλονεῖσθαι,

117 2448 171 2474 Καὶ
185 2448 230 2474 τὸν
245 2448 309 2475 λαὸν
324 2451 374 2484 τῆς
393 2449 497 2481 πόλεως
513 2451 621 2486 ἀθρόως
634 2451 832 2486 ἀποθνήσκειν.

117 2495 200 2521 Ὅθεν
217 2495 310 2522 θεόθεν
326 2497 449 2523 ἔπαυσαν
465 2497 489 2522 οἱ
506 2497 623 2531 ἄφρονες
638 2497 686 2532 τῆς
702 2498 815 2532 τόλμης.

116 2542 222 2577 Μικρὸν
237 2542 266 2568 δὲ
288 2542 392 2577 ταύτης
413 2542 534 2576 γεγονὼς
557 2543 697 2578 ἐνδότερον
715 2544 762 2569 τοῦ
783 2544 904 2580 τείχους,

116 2589 217 2619 ωίκους
231 2588 343 2623 κατίδῃς
358 2588 466 2614 ἀσεϐῶν
481 2588 534 2614 τῶν
550 2588 824 2615 καταποντισθέντων

121 2635 239 2669 Ἰοσεδὲχ
251 2636 298 2660 καὶ
312 2634 367 2660 τῶν
379 2635 482 2661 λοιπῶν
503 2635 559 2661 τῶν
574 2635 851 2670 εἰδωλολατρούντων,

116 2682 169 2709 Τοῦ
186 2681 216 2714 ἐξ
229 2680 330 2715 ὀσφύος
346 2681 414 2716 πρὸς
432 2681 498 2707 Θεὸν
511 2681 681 2716 Μελχισεδὲκ
695 2681 797 2715 δεήσει.

115 2727 182 2755 Εἶτα
197 2729 244 2754 καὶ
258 2728 342 2754 τόπον
357 2728 480 2755 πεδεινὺν
495 2728 560 2754 ναὸν
575 2728 623 2754 τοῦ
640 2727 825 2762 Σολομῶντος,

114 2775 185 2809 Μηδ¹
205 2775 253 2800 ἐπὶ
267 2775 343 2800 λίθον
360 2775 513 2809 μείναντος,
530 2774 567 2805 ὠς
583 2773 744 2808 ἐκελεύσθη,
757 2773 843 2801 λίθου.

115 2818 176 2854 Ἐφ’
188 2816 265 2855 ᾧπερ
281 2818 316 2855 ἧν
329 2821 362 2846 τὰ
381 2820 465 2853 ’Ἅγια
479 2820 562 2850 ὅπως
586 2819 620 2845 τὰ
637 2819 691 2847 τῶν
704 2819 798 2853 ἁγίων.

115 2866 187 2899 Nato;
204 2866 462 2901 περικαλλέστατος,
477 2867 514 2898 ὡς
529 2865 645 2902 οὐρανοῦ
662 2866 833 2902 λαμπρότης,

660 119 888 151 DESCRIPTIO
907 120 1047 150 TERR/E
1067 120 1230 154 SANCTzE.

925 181 949 209 Α
966 179 1161 213 Damnationis,
1180 185 1207 208 et
1223 181 1294 208 l'etri
1310 182 1428 216 negatio,
1440 186 1467 209 et

1694 122 1746 153 966

961 226 1101 259 Custodia,
1122 227 1234 255 Domino
1252 227 1296 255 ubi
1311 233 1493 256 oneraverunt
1508 236 1615 256 crucem
1635 236 1641 254 :

961 272 1047 306 Quam
1066 273 1196 308 bajulavit
1212 281 1274 300 mox
1286 273 1434 308 Cyrenaeus
1446 275 1551 307 Simon,

961 319 1000 345 Ad
1017 319 1179 355 Golgotham
1193 321 1342 355 profectus,
1358 327 1384 348 et
1402 322 1535 348 Calvaria:

960 365 1076 393 Montem
1090 374 1098 399 ;
1111 367 1225 394 scelesta
1243 367 1354 394 llebra-a
1370 375 1437 402 gens
1455 368 1490 394 ibi
1509 367 1629 395 Judicem

961 410 1034 437 Fixit
1058 412 1132 439 cruci
1150 413 1295 445 insontem,
1314 413 1434 441 latrones
1450 418 1476 441 et
1493 414 1569 441 duos.

961 455 1029 483 Sunt
1049 465 1129 491 porro
1147 459 1178 484 ad
1202 458 1272 485 hanc
1289 466 1374 493 usque
1397 459 1479 491 diem,
1504 459 1530 485 in
1551 459 1746 494 augustissimo

961 501 1042 532 ειν).
1061 511 1168 530 crucem
1182 505 1208 532 in
1221 511 1274 538 quo
1290 504 1406 532 ﬁxerant
1421 505 1567 537 foramine,

960 547 1041 576 vt'tta‘.
1059 550 1197 582 rubentes,
1215 557 1274 584 quae
1290 550 1411 577 indicant
1426 550 1543 578 dilucide

961 593 1124 620 Ellusioncm
1138 596 1278 629 sanguinis
1294 595 1399 622 Domini
1415 595 1499 623 sacri.

961 639 1007 666 Est
1020 645 1116 674 praeter
1134 641 1194 673 hoc,
1213 641 1315 668 Christi
1329 641 1482 676 sepulcrum
1496 649 1606 669 cernere

960 685 980 713 E
999 687 1144 714 marmoris
1159 687 1236 714 nitidi
1251 687 1385 714 columnis
1398 687 1580 721 splendidum,
1614 699 1616 702 ν

961 733 992 758 Et
1008 740 1056 767 pro
1070 732 1173 759 foribus
1186 734 1220 760 ab
1238 733 1334 768 angelo
1350 739 1440 761 trusus
1451 733 1532 768 lapis,

962 778 1038 805 Unde
1055 779 1181 805 omnibus
1199 779 1251 813 piis
1268 784 1342 814 patet
1359 780 1540 813 miraculum;

959 825 1035 858 Quod
1053 825 1140 860 majus
1157 831 1198 853 est
1211 825 1298 860 palam
1314 826 1468 854 inﬁdelibus
1486 834 1518 854 ac
1534 827 1602 860 piis;

959 871 987 898 ln
1001 878 1056 906 qua
1073 872 1223 900 resurrexit
1235 872 1277 900 die
1296 872 1439 905 Dominus,
1453 873 1536 900 micat

957 917 1024 944 Cum
1039 917 1166 945 acceusio
1184 917 1397 952 ingensluminis
1413 918 1588 952 sanctissimi,

958 962 1195 991 Commuuicantis
1210 964 1382 991 sanctitatem
1398 966 1471 992 omni
1486 966 1582 1000 probo.

959 1008 1007 1036 Est
1023 1014 1049 1036 et
1065 1009 1150 1042 locus,
1167 1010 1247 1037 scalae
1267 1010 1294 1037 in
1311 1011 1433 1043 modum,
1449 1012 1573 1046 altusque
1586 1013 1743 1046 admodum,

959 1053 985 1080 Ιιι
1000 1062 1053 1089 quo
1065 1055 1155 1083 abdita
1168 1056 1218 1083 fuit
1233 1063 1298 1084 crux
1313 1055 1388 1090 Jesu,
1406 1058 1489 1085 vitam
1505 1058 1620 1091 habens,

958 1099 989 1126 Et
1005 1109 1156 1135 personaus
1173 1102 1257 1135 locus,
1274 1108 1302 1130 ut
1320 1102 1421 1137 ferunt,
1436 1104 1553 1131 medium
1571 1105 1630 1131 soli.

958 1146 1009 1173 Alii
1025 1153 1178 1181 autumant,
1197 1149 1269 1176 hunc
1285 1156 1347 1177 esse
1364 1150 1490 1184 supplicii
1507 1151 1595 1178 locum

958 1192 1050 1220 Terrzn
1066 1195 1236 1227 umbilicum,
1251 1195 1346 1223 tumuli
1361 1195 1388 1222 in
1404 1197 1516 1232 ipsoque
1529 1198 1626 1228 medio.

959 1239 1111 1275 Utrumque
1124 1243 1281 1269 continetur
1297 1242 1324 1269 in
1344 1243 1444 1277 populo
1462 1244 1582 1278 optimo;

959 1285 1010 1312 Sed
1025 1287 1168 1314 continens
1181 1295 1244 1321 pars
1260 1289 1314 1315 vita
1331 1290 1464 1317 tumulum
1480 1298 1533 1325 quo
1547 1296 1630 1325 patet.

959 1330 1111 1366 DaluInque
1130 1333 1295 1368 longuriique
1310 1343 1387 1369 atque
1403 1336 1429 1362 in
1444 1337 1519 1363 orbis
1537 1337 1689 1368 Schemate,

959 1376 1015 1403 Non
1032 1379 1135 1412 apicem
1157 1379 1272 1407 habento
1288 1380 1408 1408 clausum
1431 1387 1459 1409 ut
1477 1383 1502 1409 in
1523 1384 1685 1417 porticibus,
1713 1390 1741 1411 at

960 1422 1100 1458 /Equalem
1119 1425 1151 1451 ab
1164 1425 1218 1453 alto
1236 1426 1273 1454 rei
1288 1428 1414 1455 corollam
1425 1430 1551 1463 condiue,

960 1469 992 1496 Et
1007 1469 1069 1497 inde
1087 1470 1157 1506 ligna
1169 1479 1261 1500 erecta
1273 1481 1335 1501 cutn
1350 1474 1460 1509 plumbo
1475 1476 1567 1508 sinml,

920 1524 940 1553 ε
960 1515 1088 1544 Extrema
1103 1517 1239 1552 superius,
1256 1519 1328 1553 globi
1347 1519 1443 1553 instar,
1463 1525 1492 1547 ut
1508 1522 1639 1554 haereant,

960 1562 1103 1590 Structura
1122 1564 1183 1591 coeli
1202 1573 1249 1599 per
1267 1565 1357 1600 polum
1377 1571 1405 1593 ut
1417 1572 1543 1595 contecta
1554 1569 1602 1600 sit,

961 1608 997 1636 Ac
1012 1609 1169 1644 neutiquam
1183 1611 1303 1639 stillante
1316 1611 1407 1646 pluvia
1423 1614 1548 1648 perpluat
1562 1623 1570 1648 ;

959 1656 1005 1682 Sic
1019 1662 1115 1684 cunela
1128 1658 1218 1692 templi
1236 1658 1261 1685 in
1275 1658 1405 1686 ambitum
1419 1660 1546 1687 conclusa
1563 1667 1637 1688 sunt.

959 1702 987 1728 lu
1006 1702 1112 1730 Pronao
1129 1709 1218 1730 autem
1234 1705 1364 1732 memoria
1380 1709 1422 1732 est
1437 1706 1530 1733 fratris
1545 1705 1602 1733 Dei.

959 1749 1027 1774 Sunt
1041 1755 1105 1776 ante
1123 1749 1235 1777 Martha:
1250 1756 1331 1786 atque
1346 1751 1438 1778 Mariae
1457 1751 1628 1780 dontuucula:
1648 1761 1654 1780 :

958 1795 1096 1830 ﬁdesque
1109 1797 1205 1824 secreti
1225 1798 1370 1832 impiormn
1385 1803 1450 1826 sunt
1466 1800 1558 1830 modo,

958 1843 1130 1878 Antiquaqtte
1145 1844 1242 1871 domus
1261 1845 1478 1879 patriarcharum
1496 1846 1581 1881 pium.

957 1887 1020 1914 Fuit
1034 1890 1162 1916 domicilii
1177 1890 1236 1917 luco
1250 1891 1416 1919 inﬁdelibus.

958 1935 1023 1962 Dcin
1037 1941 1113 1969 parte
1130 1937 1155 1963 in
1172 1937 1257 1964 altera
1270 1939 1356 1965 beatae
1370 1937 1487 1973 Virginis

959 1981 1078 2009 Ecclesia
1096 1987 1148 2014 est,
1163 1983 1207 2010 ubi
1227 1983 1349 2011 sauciata
1371 1985 1475 2012 viscera

958 2027 1036 2058 Sunt.
1050 2028 1146 2055 Filium
1160 2030 1478 2066 auctoremquelugentis
1492 2032 1565 2060 cruci

958 2073 1064 2102 Fixum.
1078 2075 1131 2103 Sed
1148 2083 1274 2104 occasum
1291 2078 1323 2104 ad
1338 2078 1426 2112 ipsum
1439 2083 1466 2105 et
1481 2079 1593 2112 mmnia,

956 2119 1053 2149 Palatii
1070 2122 1153 2149 David
1170 2123 1291 2157 reliquiae
1307 2124 1349 2151 his
1365 2124 1502 2157 adjacent,

958 2168 998 2195 Ab
1019 2167 1163 2202 impiisque
1176 2169 1361 2203 possidentur,
1381 2175 1409 2197 ut
1423 2172 1487 2198 alia.

958 2213 998 2240 Ad
1016 2213 1083 2246 lucc,
1099 2215 1134 2242 ab
1153 2215 1279 2243 orientali
1294 2216 1357 2242 item
1371 2222 1448 2250 parte
1463 2216 1567 2251 oppidi,

959 2261 1109 2290 ltlirabilem
1122 2268 1240 2298 portam,
1257 2271 1314 2290 ειενο
1332 2265 1366 2290 ab
1384 2264 1515 2297 omnique
1532 2264 1665 2294 obditam,

957 2309 1120 2343 Itnpervium
1137 2310 1168 2336 ad
1183 2305 1270 2336 locum
1290 2311 1402 2345 integra:
1416 2309 1510 2336 Matris
1523 2309 1582 2340 Dei,

957 2354 1044 2388 Quam
1056 2356 1120 2383 olim
1138 2357 1301 2391 quibusdam
1316 2357 1422 2392 aperire
1441 2357 1652 2388 conlidentibus,

958 2402 1058 2430 Urbem
1070 2403 1161 2430 ferunt
1179 2408 1281 2430 motam
1296 2408 1378 2438 atque
1394 2408 1552 2438 quassatam
1570 2405 1655 2439 illico,

957 2448 1067 2477 Perisse
1078 2449 1158 2476 simul
1175 2453 1202 2477 ct
1217 2450 1336 2477 civitatis
1357 2450 1472 2482 incolas,

958 2495 1063 2523 Stultos
1081 2496 1127 2524 Dei
1140 2504 1192 2532 ope
1207 2498 1241 2524 ab
1254 2498 1366 2524 audacia
1382 2498 1530 2525 coercitos.

957 2541 985 2568 Si
1003 2541 1112 2576 pattlutn
1132 2543 1166 2569 ab
1183 2543 1234 2570 hac
1251 2543 1398 2571 recesseris
1411 2544 1460 2571 sub
1478 2545 1626 2576 moenibus,

956 2588 1058 2616 Cernes
1074 2589 1170 2616 domos
1187 2589 1363 2622 nefariorum,
1380 2591 1424 2625 qui
1441 2597 1532 2618 necem

957 2635 1071 2663 Subiere
1090 2635 1205 2668 Joseda:,
1223 2636 1426 2664 idololatrarum
1440 2644 1559 2672 quoque.

956 2681 1088 2709 Precibus
1100 2689 1178 2708 saera
1192 2680 1373 2709 Melt-ltiscdec
1385 2682 1469 2717 stirpe
1481 2683 1557 2710 editi.

956 2721 1122 2761 Campeslﬁs
1141 2727 1202 2754 hinc
1215 2725 1369 2754 Salomonis
1384 2727 1448 2754 aedis
1459 2732 1500 2754 est
1516 2727 1600 2761 locus,

957 2772 994 2799 lbi
1012 2773 1082 2799 haud
1098 2774 1173 2800 stetit
1187 2781 1282 2800 saxum
1298 2781 1380 2808 super
1393 2781 1487 2801 saxum
1505 2782 1536 2801 cx
1553 2774 1599 2802 Dei

957 2819 1050 2853 Dicto;
1065 2824 1106 2847 ast
1124 2821 1150 2846 in
1168 2821 1218 2848 hoc
1236 2819 1312 2847 fuere
1327 2825 1418 2848 sancta
1435 2820 1563 2852 numinis,

958 2867 1145 2895 Pulcherrimo
1158 2867 1184 2895 in
1199 2867 1377 2902 tcmplo,pari
1392 2867 1480 2902 jubarl
1495 2867 1549 2901 poli
1567 2876 1574 2894 :
