1956 3077
850 88 868 97 ς

109 236 203 272 Βραχὺ
219 235 248 262 δὲ
259 235 361 270 ταύτης
379 234 479 268 ἔξωθεν
495 235 511 270 ἡ
530 235 617 270 λαύρα
634 235 707 261 θείου
722 235 808 262 Σάὃα.

108 283 179 317 Περὶ
193 281 221 308 δὲ
234 282 283 316 τὴν
301 281 439 316 ὑπώρειαν
457 280 632 315 Γετθσιμανῆ
643 280 755 315 χωρίον,

115 328 174 363 Ἐφ’
193 325 268 363 ᾧπέρ
288 328 347 354 ἐστι
362 327 409 353 καὶ
426 327 491 358 ναὸς
517 327 564 353 καὶ
581 326 724 362 σπήλαιον,
743 326 791 359 καὶ
803 327 887 360 τάφος

108 374 164 409 Τῆς
180 373 352 409 μεταστάσης
365 374 472 406 ἀληθῶς
488 373 626 409 Παρθένου
642 372 784 405 Θιοτόκου,

109 420 163 447 Σὺν
179 420 269 452 ἄλλοις
283 420 465 455 κατεχόμενο;
485 420 550 454 παρ’
569 419 688 450 ἀσεϐῶν,
705 415 727 445 ὧ
739 418 811 453 δίκη,

108 467 284 501 Λυχνοκαῖδα
299 465 417 492 πάντοτε
438 466 486 492 καὶ
504 466 646 500 φωταψίαν
661 465 741 499 ἔχων,

109 514 167 541 Καὶ
183 514 275 539 πᾶσαν
295 513 379 547 ἀλλην
391 512 456 548 παρ’
474 512 556 538 αὑτοῦ
570 511 739 546 εὐπρέπειαν
753 509 900 545 εὑρίσκων,

111 560 168 586 Καὶ
183 559 273 586 ἑλαιον
288 560 397 594 ἐτήσιον
413 559 484 593 ὑπὲρ
498 557 670 592 λυχνοκαῖας.

111 604 291 631 Σουλτανικὸν
304 603 456 638 ἀπόταγμα
470 602 564 637 λίτρας
579 602 730 634 διακοσίας.

112 650 170 677 Καὶ
183 650 271 685 τούτῳ
286 650 504 685 θαυματοποιεῖν
521 649 600 682 δόξαν
613 650 647 684 τῇ
661 649 847 684 παντανάσσῃ,

112 697 217 723 Τούτου
236 696 258 722 δ’
274 696 358 730 ὲγγὺς
375 695 424 722 καὶ
440 695 574 731 σπήλαιον
595 696 634 726 εἰς
650 695 666 721 ὃ
680 695 867 726 κατονειδίσας

111 743 185 775 Τοὺς
205 743 331 779 μαθητὰς
353 741 545 773 ὑπνώττοντας
565 741 656 777 καιρῷ
670 741 721 776 τῆς
743 740 901 776 προδοσίας,

116 790 148 816 '0
164 790 358 825 παντεπόπτης
372 789 427 816 τῶν
437 788 521 815 αὑτοῦ
534 787 677 821 δακτύλων
689 787 791 819 τύπους
800 787 901 814 λείπει.

112 835 159 870 Τῷ
172 835 239 870 λίθῳ
248 835 499 870 προσεγγίσαντας,
513 833 551 865 ὼς
566 834 636 860 πᾶσι
653 832 815 868 καθορῶντα

119 880 178 915 ’Λφ¹
196 877 226 907 οὗ
240 880 288 907 καὶ
305 879 465 915 παρεδίδοτο
486 878 599 914 ζητοῦσι
620 879 678 910 τοῖς
692 879 814 913 ἀνόμοις.

112 928 170 954 Καὶ
183 928 266 958 τόπος
281 927 330 961 τῆς
345 925 502 962 προσευχῆς
518 926 615 953 τούτου
628 925 679 961 τῆς
694 925 850 960 Παναγίας’

113 972 238 1008 Πέραθεν
249 972 354 999 τούτων
369 972 485 1007 ἀντικρὺ
497 971 547 1004 τῆς
563 971 709 1003 Γαλιλαίας
721 971 791 998 ἐστί.

117 1019 175 1045 Καὶ
188 1018 271 1050 τόπος
287 1017 352 1046 ἔνθα
365 1018 502 1052 Στέφανος
515 1019 529 1044 ὁ
546 1017 655 1053 πρῶτος
677 1017 731 1044 τῶν
746 1017 904 1053 μαρτύρων,

114 1063 224 1099 Μικρὸν
240 1063 317 1094 ὲκτὺς
329 1063 380 1098 τῆς
394 1063 497 1095 πόλεως
510 1063 683 1094 λιθόλευστος
695 1062 815 1097 γεγόνει,

113 1109 171 1136 Καὶ
187 1109 269 1141 τόπος
286 1110 300 1136 ὁ
315 1109 463 1144 δεξάμενος
478 1110 523 1136 τὸν
535 1109 649 1144 ἀδελφὸν
665 1109 781 1144 Κυρίου.

113 1156 192 1183 Μετὰ
208 1156 237 1182 δὲ
251 1155 338 1182 ταῦτα
353 1155 470 1191 πάρεστι
489 1155 585 1187 κοιλὰς
603 1156 619 1190 ἠ
643 1154 691 1182 τοῦ
713 1153 903 1190 κλαυθμῶνος,

118 1203 151 1231 Ἦ
168 1202 312 1236 διαιροῦσα
323 1202 373 1236 τὴν
389 1201 460 1228 Σιὼν
475 1201 530 1228 ἀπὸ
545 1200 592 1228 τοῦ
607 1200 763 1233 Ἐλαιῶνος,

120 1246 195 1285 Ἐνῇ
211 1248 329 1283 δραμεῖν
344 1247 392 1274 τὸν
407 1247 521 1282 πύρινον
538 1247 581 1273 τὸν
600 1246 732 1281 ποταμὸν,
753 1246 790 1277 ῶς
812 1244 903 1280 λόγος.

115 1297 172 1324 Καὶ
188 1296 255 1322 δέκα
271 1293 473 1329 φροντιστήρια
489 1292 636 1327 παρθένων
658 1290 824 1327 ἰσαρίθμων.

115 1341 248 1369 Κάτωθεν
264 1340 291 1367 δὲ
306 1341 352 1366 καὶ
368 1339 480 1374 Σιλωὰμ
498 1338 627 1373 τυγχάνει
644 1337 834 1372 κολυμϐήθρα,

121 1389 168 1421 Ἐξ
185 1386 219 1423 ἦς
235 1387 335 1422 τυφλὸς
351 1386 503 1422 νιψάμενος
514 1384 663 1419 ἀνέϐλεψεν
676 1383 787 1416 αὐτίκα,
837 1416 840 1418 ἓ

116 1436 154 1463 Τδ
168 1435 240 1469 ὕδωρ
256 1433 447 1468 ἐξικνούμενον
461 1431 492 1464 ὲξ
505 1431 639 1466 ὑπογαὶου
651 1430 765 1465 πέτρας,

117 1478 314 1514 Τετορημένης
328 1479 369 1509 είς
381 1477 440 1508 ἑνὸς
455 1477 595 1511 διάστημα
613 1474 716 1510 μιλίου,

119 1525 175 1552 Καὶ
193 1523 370 1559 καταρδεύων
386 1523 432 1549 τὸν
448 1523 532 1557 ἐγγὺς
546 1521 629 1548 τόπον
645 1521 692 1548 καὶ
714 1519 906 1552 καλλωπίζων,

123 1569 170 1596 Ἐν
187 1568 328 1604 διαφόροις
344 1567 482 1601 δένδρεσιν
494 1566 645 1601 εὐκάρποις
656 1565 704 1592 καλ⁸
718 1565 858 1600 λαχάνοις.

121 1611 241 1639 Ἀνωθεν
255 1612 284 1638 δέ
296 1620 328 1646 γε
348 1610 470 1647 μεταὸὰς
484 1610 553 1646 πρὸς
574 1611 672 1636 Νότιον
692 1609 721 1636 τὸ
740 1609 834 1644 μέρος,

121 1657 176 1684 Τοῦ
191 1657 337 1692 κεραμέως
354 1657 398 1683 τὸν
411 1657 495 1692 ἀγρὸν
512 1657 571 1691 ῐδῃς
585 1656 632 1682 τὴν
645 1654 797 1690 ὠνηθέντα,

125 1704 174 1730 Ἐκ
189 1703 237 1729 τοῦ
253 1703 345 1738 τιμίου
357 1702 485 1737 αἵματος,
503 1702 540 1732 ὡς
555 1701 623 1736 πρὸς
635 1700 724 1735 ταφὴν
736 1700 791 1731 τοῖς
806 1699 906 1732 ξένοις.

120 1748 174 1775 Τοῦ
189 1749 219 1775 ἐν
233 1747 321 1782 ἁγίοις
338 1746 499 1782 θαυμαστοῦ
519 1747 654 1782 σπήλαιον
676 1745 850 1781 Ὀνουφρίυυ.

121 1794 193 1829 Πρὸς
211 1795 306 1820 τούτου
324 1793 353 1820 δὲ
371 1794 422 1828 τὴν
437 1792 559 1828 κορυφὴν
574 1793 620 1818 τοῦ
641 1791 720 1827 ὅρους
738 1791 889 1826 καθορᾶται

129 1841 165 1867 Ἢ
181 1840 322 1875 θαυμασία
339 1840 385 1866 καί
404 1839 519 1874 λαμπρᾶ
533 1839 620 1874 λαύρα
633 1838 784 1865 Θεοδοσίου.

121 1887 241 1922 Πλησίον
252 1886 280 1912 δὲ
295 1885 342 1912 τοῦ
361 1886 457 1917 ἄστεος
471 1886 615 1921 εὐκτήριον
627 1884 675 1911 τοῦ
693 1884 810 1918 Πέτρου,

127 1931 300 1966 ’Υπόϐαθρον
319 1932 367 1958 καὶ
382 1931 518 1966 σπήλαιον
537 1931 600 1965 ἕχον
612 1930 656 1956 διὰ
670 1930 818 1965 βαθμίδων,

123 1977 212 2012 Ὅπερ
227 1977 313 2012 ἐμϐὰς
330 1977 467 2011 ἑθρήνησε
484 1977 591 2011 πικρῶς
608 1976 636 2002 ὲν
653 1975 811 2011 μεταμέλῳ,

124 2024 191 2050 ’Ὀτε
204 2023 299 2049 παθὼν
324 2022 497 2056 ἀνθρώπινον
514 2023 653 2056 ἠρνήσατο
667 2022 697 2048 τὸ
713 2022 815 2056 τρίτον.

122 2070 225 2097 Τούτου
238 2069 266 2096 δὲ
285 2068 462 2103 ὑπεράνωθεν
480 2067 631 2102 ἐκκλησιῶν
643 2068 659 2101 ἡ
682 2068 786 2102 μήτηρ,

129 2114 159 2140 '0
177 2107 292 2144 παλαιὸς
309 2113 357 2139 καὶ
370 2111 528 2146 θαυμαστὸς
544 2111 607 2141 ναὸς
622 2110 691 2136 Σιὼν
706 2111 799 2143 ἁγίας,

124 2161 248 2194 Λειψανα
259 2159 350 2193 φέρων
365 2157 506 2193 ἀκραιφνῆ
518 2155 566 2182 τοῦ
580 2156 693 2187 κάλλους
707 2157 752 2182 καὶ
766 2156 909 2190 μεγέθους.

123 2207 217 2241 ’Δπερ
230 2205 350 2240 ἀρχῆθεν
369 2204 452 2238 ἔφερε
468 2203 522 2238 πρὸ
537 2202 584 2229 τοῦ
600 2202 818 2236 καταὸληθῆναι.

130 2252 176 2278 Ἐν
191 2250 278 2286 τούτῳ
292 2250 319 2276 δὲ
332 2249 473 2276 τετέλεστο
485 2248 543 2282 ναῷ
558 2247 596 2282 τῷ
610 2247 755 2282 θαυμασίῳ

129 2298 163 2325 Ἤ
176 2297 230 2324 τῶν
248 2297 336 2323 ποδῶν
356 2295 483 2329 ἀπόνιψις
493 2294 547 2322 τῶν
561 2294 640 2320 θείων
652 2294 821 2321 ἀποστόλων.

124 2344 180 2371 Καὶ
199 2344 213 2369 ὁ
228 2343 296 2377 πρὸς
311 2341 423 2373 τούτους
438 2342 584 2376 καινισμὸς
599 2340 775 2374 ἐπιφοιτήσει
789 2340 850 2375 θείᾳ

125 2387 179 2415 Τοῦ
199 2387 335 2422 παναγίου
362 2385 521 2420 Πνεύματος
537 2385 583 2411 διὰ
599 2383 730 2418 γλωσσῶν
744 2385 888 2419 πυρίνων.«

130 2435 176 2461 Ἐν
198 2434 286 2467 τούτῳ
303 2433 350 2460 καὶ
370 2432 520 2466 κελλίδριον
541 2430 591 2465 τῆς
617 2429 781 2464 πανανώμου
808 2430 912 2465 Κόρης,

75 2476 80 2481 λ
130 2483 190 2516 Ἀφ’
202 2478 288 2517 οὗπερ
302 2480 418 2514 ἅγγελος
432 2478 516 2513 αὐτὴν
532 2478 572 2509 είς
583 2477 699 2512 οὐρανὸν
714 2477 818 2509 ἐκάλει,

125 2531 181 2558 Καὶ
193 2530 246 2556 τῶν
264 2529 408 2564 παρθένων
425 2525 587 2560 συνδραμὼν
598 2525 691 2560 ὅμιλος
706 2525 760 2552 τῶν
774 2525 860 2559 ἁγίων

132 2576 313 2611 Ἐθρὴνησαν,
329 2573 462 2608 ὲκόψαντο
476 2572 578 2606 ταύτην
596 2572 646 2605 τὴν
661 2572 806 2607 ἐκδημίαν.

126 2622 186 2658 Καὶ
200 2620 282 2652 τόπος
304 2620 387 2654 μέσον
404 2618 450 2644 τοῦ
464 2616 529 2644 ναοῦ
549 2618 588 2648 είς
605 2617 688 2651 ὅνπερ
708 2617 753 2642 ἐπὶ
765 2616 860 2651 κλίνης

134 2665 342 2698 ’Λνακλιθείσης
359 2663 460 2697 ἔφθασε
474 2662 554 2697 χορὸς
567 2662 621 2688 τῶν
637 2661 806 2693 ἀποστόλων,

133 2711 201 2738 ’Λπὺ
217 2710 342 2744 περάτων
361 2709 497 2744 ἁρπαγεὶς
511 2708 555 2734 διὰ
571 2707 662 2742 νεφῶν
678 2707 794 2741 ἀθρόως,

130 2756 213 2785 Ὅθεν
232 2759 280 2784 σὺν
295 2757 390 2791 ὕμνοις
413 2755 532 2791 ἄραντες
548 2755 628 2789 σῶμα
644 2754 693 2789 τῆς
711 2753 860 2788 Παναγίας,

129 2806 302 2841 Κομίσαντες
319 2804 472 2839 ἐκήδευσαν
486 2801 644 2836 Γεθσιμανῆ
657 2801 695 2836 τῷ
707 2801 793 2835 τόπῳ.

129 2852 166 2879 Τὸ
178 2851 202 2878 δ’
219 2852 348 2878 ὑποκάτω
360 2849 493 2885 σπήλαιον
516 2847 580 2874 ναοῦ
595 2847 642 2873 τοῦ
661 2847 802 2879 Σιωνίτου,

133 2900 227 2927 Ἔστιν
243 2899 271 2925 ὲν
284 2896 306 2932 ᾧ
319 2898 372 2924 τῶν
393 2895 534 2933 μαθητῶν,
552 2893 590 2929 τῷ
604 2893 678 2929 φόϐῳ
695 2893 749 2922 τῶν
770 2893 913 2929 Ἑϐραίων,

278 2946 417 2977 Parnm.
433 2947 492 2978 Gtt.
503 2941 675 2976 CXXXIII.

752 176 801 206 DE
819 175 926 206 LOCIS
943 177 1111 207 SANCTIS.

1682 179 1733 209 θτυ

914 239 937 267 Α
953 234 1035 262 Vicus
1053 235 1180 270 pusillus,
1195 236 1265 264 unde
1279 236 1362 264 asella
1375 242 1401 264 ct
1415 237 1553 272 pullusest

953 279 1110 313 Abductus;
1122 285 1198 308 extra
1218 281 1356 316 paululum
1372 283 1439 310 cella
1452 288 1495 311 est
1505 283 1541 318 pii

953 325 1066 360 Sabbae;
1081 328 1113 354 ad
1129 327 1200 354 latus
1215 328 1369 362 clivumque
1384 328 1557 357 Gcthsiutane
1568 334 1608 357 est
1625 337 1700 366 ager,
1737 344 1741 363 ε

953 372 982 398 In
996 380 1049 407 quo
1059 373 1139 400 situm
1150 379 1191 401 est
1207 375 1349 408 templutn,
1361 374 1578 411 sepulcrumque,
1588 381 1616 404 et
1630 384 1736 412 specus,

954 418 1004 446 Ubi
1017 419 1093 455 virgo
1109 420 1224 455 Deipara
1239 421 1345 448 obierat
1357 429 1419 448 vere
1434 422 1504 449 diem
1517 430 1525 455 ;

953 465 1004 498 Qui
1018 466 1105 498 locus,
1123 472 1152 493 ιιι
1167 467 1224 499 alii,
1239 467 1273 494 ab
1290 467 1379 501 impiis
1392 468 1518 495 detentus
1535 473 1576 496 est
1590 478 1596 495 :

952 511 987 538 Et
1003 519 1112 546 semper
1127 512 1163 539 ibi
1181 513 1292 540 lucerna
1307 513 1387 541 habet.
1408 514 1490 541 taedas
1507 515 1648 550 facesque,

954 557 1087 593 Omnique
1102 558 1177 586 cultu
1189 563 1314 593 ornatur,
1330 565 1358 587 ut
1369 561 1412 595 jus
1425 560 1545 595 postulat
1560 569 1567 587 :

953 603 988 631 Et
1003 611 1122 631 annuum
1132 609 1173 632 est
1188 611 1312 640 paratqu
1327 606 1427 633 olivum
1443 607 1476 633 ad
1491 606 1648 641 lampadas,

955 648 1140 678 Renuntiante
1153 651 1260 679 sultano
1275 652 1367 680 multis
1379 652 1466 680 libris.

955 694 1138 732 Miraculoque
1153 697 1180 724 in
1195 697 1247 725 hoc
1258 698 1340 725 decus
1352 698 1461 733 Reginae
1473 697 1556 726 inest.

955 741 1044 776 Prope
1057 743 1135 770 abest
1146 743 1286 778 spelunca,
1301 743 1327 771 in
1343 751 1396 778 qua
1412 744 1514 779 probro
1525 743 1634 779 obiecto
1647 745 1705 772 suis

955 787 1127 822 Domesticis,
1141 790 1212 824 quod
1227 790 1415 822 dormitarent,
1431 790 1546 825 prodere

955 833 1023 861 Cum
1037 834 1131 862 hostes
1144 840 1274 870 pararent
1286 843 1326 869 se,
1339 836 1461 863 omnium
1480 836 1618 870 inspector
1630 841 1705 871 typos

956 879 1077 915 Digitum
1091 889 1201 908 suorum
1217 881 1308 916 liquit,
1322 889 1417 910 omnes
1429 886 1574 910 cernerent

920 913 942 942 Β
958 913 1141 962 Ut‘itnprobis
1153 930 1232 955 datus
1246 913 1283 955 ibi
1295 913 1356 955 erat
1372 927 1546 962 petentibus;

954 972 1177 1009 Precationisque
1191 974 1214 1002 is
1228 974 1302 1002 locus
1321 974 1512 1002 sanctissimae.

954 1019 1004 1047 Hic
1022 1020 1139 1048 maxime
1151 1025 1195 1048 est
1209 1020 1320 1048 Galilaea
1330 1021 1479 1057 conspicuo
1495 1020 1521 1048 in
1535 1021 1600 1049 situ.

955 1065 1040 1100 Regio
1055 1070 1097 1093 est
1110 1066 1210 1094 ibidem
1228 1066 1383 1102 Stephanus
1398 1068 1456 1100 ubi,
1474 1067 1528 1095 dux
1545 1072 1706 1103 martyrum,

953 1110 1014 1139 Non
1028 1111 1095 1140 urbe
1106 1112 1199 1146 procul
1213 1116 1255 1140 est
1267 1113 1380 1140 obrutus
1398 1113 1514 1148 lapidum
1527 1113 1625 1142 ictibus

954 1156 1004 1185 Est
1017 1160 1044 1184 ct
1057 1157 1155 1191 platea,
1173 1165 1233 1191 quae
1246 1157 1347 1192 hospes
1360 1158 1411 1185 iuit
1421 1158 1517 1186 fratris
1529 1159 1589 1186 Dei.

955 1202 1019 1230 Post
1035 1203 1111 1230 vallis
1124 1205 1244 1231 occurrit
1257 1205 1347 1239 gravis
1360 1205 1500 1238 molestia,

957 1247 1021 1282 Quae
1034 1248 1129 1277 dividit
1145 1249 1252 1277 Sionem
1267 1249 1365 1277 Oliveti
1380 1251 1412 1277 ab
1424 1251 1512 1286 apice.

956 1292 984 1320 ln
1001 1301 1082 1328 quam
1098 1293 1207 1328 igneum
1225 1294 1346 1322 delabier
1364 1296 1462 1324 [lumen
1481 1297 1591 1325 ierunt:

956 1338 990 1366 Et
1008 1339 1077 1366 dena
1091 1339 1226 1374 virginum
1243 1341 1408 1368 monasteria
1428 1342 1533 1370 decem.

959 1385 1032 1412 Siloe
1048 1385 1181 1412 natatoria
1204 1385 1255 1413 sita
1271 1389 1313 1413 est
1328 1393 1393 1421 agro
1411 1387 1437 1414 in
1451 1388 1544 1415 intimo

957 1431 1072 1459 Ablutus
1089 1431 1115 1458 in
1127 1439 1181 1466 qua
1197 1439 1284 1459 catcus
1301 1433 1406 1467 aspexit
1417 1433 1523 1460 statim.

959 1477 1017 1505 Hac
1037 1478 1108 1505 unda
1124 1486 1238 1505 manans
1253 1483 1333 1506 caute
1346 1483 1406 1506 tusa
1422 1480 1473 1507 sub
1485 1481 1542 1508 solo

958 1522 1010 1552 Per
1027 1523 1105 1550 unius
1118 1523 1232 1557 spatium
1248 1523 1384 1558 integrum
1400 1524 1530 1558 tnilliarii,

921 1580 942 1609 ε
959 1569 1051 1604 Usque
1065 1569 1161 1603 irrigat
1182 1568 1299 1596 vicinum
1316 1577 1410 1605 agrum
1427 1571 1556 1606 irriguum
1574 1574 1653 1608 bene,

960 1615 1033 1643 Inter
1050 1615 1152 1643 feraces
1167 1615 1281 1643 arbores
1294 1621 1321 1642 et
1336 1617 1467 1644 oluscula.

961 1661 1124 1696 ProgreSsus
1139 1661 1263 1688 altiorem
1281 1661 1315 1688 ad
1332 1662 1480 1690 australem
1495 1663 1612 1699 plagam,

961 1705 1029 1733 Tum
1049 1706 1121 1740 ﬁguli
1136 1705 1250 1741 agellum
1267 1706 1427 1741 inspexeris,
1444 1714 1550 1742 partum
1564 1717 1639 1743 ncce,

961 1753 995 1780 Et
1009 1752 1149 1786 sanguinis
1168 1752 1255 1787 pretio
1278 1753 1362 1785 sacri,
1379 1753 1411 1779 ad
1430 1754 1560 1782 tumulttm
1586 1757 1743 1791 hospitum;

961 1798 1146 1832 Mirabilisque
1163 1806 1273 1833 specum
1288 1799 1360 1826 beati
1377 1798 1520 1834 Onuphrii.

961 1844 1000 1871 Ad
1015 1843 1094 1878 huius
1109 1844 1213 1878 apicem
1231 1845 1331 1871 montis
1343 1845 1439 1879 inspici
1452 1851 1540 1880 potest

962 1889 1083 1917 Mirauda
1101 1890 1286 1924 pratclaraque
1296 1891 1384 1926 platea
1403 1891 1550 1920 Theodosi.

961 1933 1041 1962 Juxta
1057 1935 1183 1969 oppidum
1198 1943 1262 1962 vero
1272 1934 1344 1963 Petri
1362 1937 1512 1964 oratorium
1526 1943 1578 1970 est,

962 1979 1119 2008 Fundamcn
1132 1986 1160 2008 et
1172 1981 1328 2015 speluncam
1353 1983 1466 2016 habens,
1490 1992 1540 2011 nec
1557 1992 1608 2012 non
1623 1988 1719 2020 gratius
1740 2008 1743 2012 .

962 2027 1026 2059 Qua:
1039 2034 1098 2053 cum
1115 2027 1241 2059 subisset,
1256 2027 1324 2055 luxit
1336 2036 1398 2056 acer
1409 2030 1553 2063 paenitens,

962 2071 1028 2098 Cum
1046 2072 1201 2099 humanitus
1216 2072 1310 2106 lapsus
1325 2079 1448 2108 negasset
1462 2075 1552 2102 tertio.

965 2117 1098 2152 Superius
1115 2125 1157 2145 est
1172 2119 1347 2146 ecclesiarum
1358 2120 1400 2154 pia
1415 2120 1536 2154 Parens;

964 2163 1116 2189 Mirandum
1134 2169 1161 2189 ct
1174 2164 1315 2198 antiquum
1333 2165 1425 2193 Sionis
1441 2168 1570 2202 templum
1587 2169 1612 2196 id
1628 2175 1680 2201 est,

967 2209 1072 2236 indicis
1089 2209 1211 2243 pulchra:
1228 2211 1308 2238 tuolis
1323 2216 1349 2238 et
1367 2219 1472 2246 magnae
1487 2213 1628 2246 exhibens,

926 2259 951 2288 ι)
964 2256 1021 2288 Qua
1036 2255 1112 2286 olim,
1127 2256 1282 2289 priusquam
1296 2256 1414 2282 dirutttm
1432 2263 1504 2284 esset
1517 2259 1625 2286 claruit.

965 2300 993 2326 ln
1011 2300 1060 2327 hac
1074 2305 1185 2335 peracta
1200 2305 1241 2327 est
1254 2301 1311 2328 aede
1326 2303 1473 2335 spectanda
1484 2304 1630 2331 admodum

964 2346 1154 2380 Apostolorum
1169 2354 1247 2373 sacra
1259 2348 1356 2381 pedum
1375 2348 1476 2376 lavatio
1495 2359 1501 2376 :
1514 2353 1535 2375 x.’

966 2391 1054 2426 Super
1068 2392 1110 2418 his
1123 2399 1230 2426 quoque
1244 2393 1391 2425 inuovatio,
1406 2395 1537 2423 adventus
1549 2404 1636 2429 sacer,

965 2438 1083 2472 Linguas
1095 2446 1142 2472 per
1159 2438 1237 2472 ignis,
1253 2432 1371 2473 Spiritus
1384 2441 1573 2468 sanctissimi."

966 2482 1012 2510 Est
1030 2483 1146 2517 Virginis
1162 2490 1270 2518 quoque
1288 2484 1324 2511 ibi
1339 2485 1426 2511 beata:
1439 2486 1546 2518 cellula,

966 2528 986 2554 E
999 2536 1051 2563 qua
1067 2529 1178 2563 angelus
1194 2531 1297 2556 vocavit
1319 2530 1405 2564 ipsam
1422 2531 1454 2558 ad
1470 2532 1559 2559 sidera
1579 2540 1586 2559 :

966 2574 1024 2607 Quo
1036 2574 1169 2609 virginum
1190 2580 1277 2602 cwtus
1296 2576 1455 2610 pudicarum
1471 2573 1570 2610 astitit,

966 2619 1030 2652 Quae
1045 2619 1195 2646 absentiam
1215 2625 1268 2646 ttnn
1285 2621 1436 2654 planctibus
1452 2622 1544 2649 luxere
1558 2624 1638 2650 lucrm.

966 2663 994 2690 ln
1008 2665 1065 2691 aede
1082 2665 1168 2691 media
1181 2670 1221 2692 est
1239 2666 1323 2699 locus,
1340 2667 1383 2693 ubi
1400 2675 1490 2695 arcam
1506 2670 1641 2697 conditam

965 2709 1071 2736 Chorus
1085 2710 1229 2736 antevertit
1249 2712 1434 2744 apostolorum
1455 2720 1545 2748 raptus
1562 2716 1589 2742 in

965 2754 1051 2787 Nube,
1065 2762 1096 2782 ac
1113 2755 1205 2782 eodem
1221 2760 1352 2790 tempore,
1365 2763 1426 2785 ante
1438 2759 1560 2792 dissitus,

967 2802 1033 2828 Cum
1047 2801 1173 2832 canticis,
1189 2802 1250 2829 dein
1267 2809 1380 2836 corpore
1391 2804 1461 2832 elato
1475 2806 1546 2834 illius

968 2847 1103 2874 Solcmnia
1116 2854 1244 2882 peregere
1257 2847 1437 2877 Gctbsemane
1457 2851 1483 2878 in
1501 2852 1570 2881 loco.

969 2893 1100 2928 Spelunca
1117 2900 1182 2921 vero
1198 2893 1268 2921 infra
1283 2894 1405 2924 Sionium
1421 2904 1529 2925 sacrum

1513 2945 1546 2977 3i
