  <div class='ocr_page' id='page_1' title='image "/cluster/home/n/w/nwhite01/storage/ocr_20150623/133/njp.32101007797895/510.png"; bbox 0 0 1956 3077; ppageno 0'>
   <div class='ocr_carea' id='block_1_1' title="bbox 121 198 1754 227">
    <p class='ocr_par' dir='ltr' id='par_1_1' title="bbox 121 198 1754 227">
     <span class='ocr_line' id='line_1_1' title="bbox 121 198 1754 227; baseline -0.001 0"><span class='ocrx_word' id='word_1_1' title='bbox 121 198 1754 227; x_wconf 51' lang='lat' dir='ltr'><strong>Em</strong></span> 
     </span>
    </p>
   </div>
   <div class='ocr_carea' id='block_1_2' title="bbox 702 282 1174 353">
    <p class='ocr_par' dir='ltr' id='par_1_2' title="bbox 702 282 1174 353">
     <span class='ocr_line' id='line_1_2' title="bbox 702 282 1174 353; baseline -0.002 -2"><span class='ocrx_word' id='word_1_2' title='bbox 702 282 1174 353; x_wconf 86' lang='grc' dir='ltr'><strong>ΑΝΩΝΥΜΟΥ</strong></span> 
     </span>
    </p>
   </div>
   <div class='ocr_carea' id='block_1_3' title="bbox 851 399 1032 429">
    <p class='ocr_par' dir='ltr' id='par_1_3' title="bbox 851 399 1032 429">
     <span class='ocr_line' id='line_1_3' title="bbox 851 399 1032 429; baseline -0.006 0"><span class='ocrx_word' id='word_1_3' title='bbox 851 399 1032 429; x_wconf 76' lang='grc' dir='ltr'><strong>ᾹΠΟΔΕΙΞῙΣ</strong></span> 
     </span>
    </p>
   </div>
   <div class='ocr_carea' id='block_1_4' title="bbox 574 483 1318 535">
    <p class='ocr_par' dir='ltr' id='par_1_4' title="bbox 574 483 1318 535">
     <span class='ocr_line' id='line_1_4' title="bbox 574 483 1318 535; baseline -0.001 -2"><span class='ocrx_word' id='word_1_4' title='bbox 574 485 707 533; x_wconf 89' lang='grc' dir='ltr'><strong>ΠΕΡΙ</strong></span> <span class='ocrx_word' id='word_1_5' title='bbox 718 484 860 535; x_wconf 77' lang='grc' dir='ltr'><strong>,ΤΩΝ</strong></span> <span class='ocrx_word' id='word_1_6' title='bbox 895 483 1318 532; x_wconf 60' lang='grc' dir='ltr'><strong>ΙΕΡΟΣΟΛΥΜΩΝέ</strong></span> 
     </span>
    </p>
   </div>
   <div class='ocr_carea' id='block_1_5' title="bbox 742 660 1144 723">
    <p class='ocr_par' dir='ltr' id='par_1_5' title="bbox 742 660 1144 723">
     <span class='ocr_line' id='line_1_5' title="bbox 742 660 1144 723; baseline -0.012 0"><span class='ocrx_word' id='word_1_7' title='bbox 742 660 1144 723; x_wconf 89' lang='lat' dir='ltr'><strong>ANONYMUS</strong></span> 
     </span>
    </p>
   </div>
   <div class='ocr_carea' id='block_1_6' title="bbox 461 779 1426 829">
    <p class='ocr_par' dir='ltr' id='par_1_6' title="bbox 461 779 1426 829">
     <span class='ocr_line' id='line_1_6' title="bbox 461 779 1426 829; baseline 0 -1"><span class='ocrx_word' id='word_1_8' title='bbox 461 781 538 828; x_wconf 79' lang='lat' dir='ltr'><strong>DE</strong></span> <span class='ocrx_word' id='word_1_9' title='bbox 576 780 751 828; x_wconf 86' lang='lat' dir='ltr'><strong>LOCIS</strong></span> <span class='ocrx_word' id='word_1_10' title='bbox 785 779 1426 829; x_wconf 52' lang='lat' dir='ltr'><strong>HIEBOSOLYMITANIS.‘</strong></span> 
     </span>
    </p>
   </div>
   <div class='ocr_carea' id='block_1_7' title="bbox 158 951 956 991">
    <p class='ocr_par' dir='ltr' id='par_1_7' title="bbox 158 951 956 991">
     <span class='ocr_line' id='line_1_7' title="bbox 158 951 956 991; baseline -0.005 -10"><span class='ocrx_word' id='word_1_11' title='bbox 158 957 194 981; x_wconf 88' lang='lat' dir='ltr'><strong>a.&#39;.</strong></span> <span class='ocrx_word' id='word_1_12' title='bbox 220 953 332 990; x_wconf 84' lang='grc' dir='ltr'><strong>Ἐπειδὴ</strong></span> <span class='ocrx_word' id='word_1_13' title='bbox 356 954 430 982; x_wconf 83' lang='grc' dir='ltr'>κατὰ</span> <span class='ocrx_word' id='word_1_14' title='bbox 456 954 506 991; x_wconf 82' lang='grc' dir='ltr'><strong>τὴν</strong></span> <span class='ocrx_word' id='word_1_15' title='bbox 532 953 640 989; x_wconf 88' lang='grc' dir='ltr'>ἀγαθήν</span> <span class='ocrx_word' id='word_1_16' title='bbox 667 961 713 979; x_wconf 89' lang='grc' dir='ltr'><strong>σου</strong></span> <span class='ocrx_word' id='word_1_17' title='bbox 739 951 915 988; x_wconf 74' lang='grc' dir='ltr'>προαίρεσιν,</span> <span class='ocrx_word' id='word_1_18' title='bbox 929 951 956 981; x_wconf 76' lang='grc' dir='ltr'><strong>Α</strong></span> 
     </span>
    </p>
   </div>
   <div class='ocr_carea' id='block_1_8' title="bbox 129 998 919 1036">
    <p class='ocr_par' dir='ltr' id='par_1_8' title="bbox 129 998 919 1036">
     <span class='ocr_line' id='line_1_8' title="bbox 129 998 919 1036; baseline -0.001 -10"><span class='ocrx_word' id='word_1_19' title='bbox 129 1001 178 1026; x_wconf 75' lang='grc' dir='ltr'>καὶ</span> <span class='ocrx_word' id='word_1_20' title='bbox 195 999 311 1036; x_wconf 81' lang='grc' dir='ltr'>ζήτησιν</span> <span class='ocrx_word' id='word_1_21' title='bbox 326 1001 392 1036; x_wconf 68' lang='grc' dir='ltr'><strong>περὶ</strong></span> <span class='ocrx_word' id='word_1_22' title='bbox 413 1000 468 1028; x_wconf 84' lang='grc' dir='ltr'><strong>τῶν</strong></span> <span class='ocrx_word' id='word_1_23' title='bbox 487 1000 575 1035; x_wconf 88' lang='grc' dir='ltr'>ἁγίων</span> <span class='ocrx_word' id='word_1_24' title='bbox 590 999 692 1032; x_wconf 86' lang='grc' dir='ltr'><strong>τόπων,</strong></span> <span class='ocrx_word' id='word_1_25' title='bbox 718 999 751 1035; x_wconf 87' lang='grc' dir='ltr'><strong>ἢν</strong></span> <span class='ocrx_word' id='word_1_26' title='bbox 769 998 919 1033; x_wconf 81' lang='grc' dir='ltr'><strong>ὲπεριεπά-</strong></span> 
     </span>
    </p>
   </div>
   <div class='ocr_carea' id='block_1_9' title="bbox 120 1046 919 1083">
    <p class='ocr_par' dir='ltr' id='par_1_9' title="bbox 120 1046 919 1083">
     <span class='ocr_line' id='line_1_9' title="bbox 120 1046 919 1083; baseline -0.001 -10"><span class='ocrx_word' id='word_1_27' title='bbox 120 1056 164 1074; x_wconf 80' lang='grc' dir='ltr'>τει</span> <span class='ocrx_word' id='word_1_28' title='bbox 177 1048 191 1075; x_wconf 86' lang='grc' dir='ltr'>ὁ</span> <span class='ocrx_word' id='word_1_29' title='bbox 203 1047 324 1083; x_wconf 80' lang='grc' dir='ltr'>Χριστὸς</span> <span class='ocrx_word' id='word_1_30' title='bbox 338 1048 388 1075; x_wconf 71' lang='grc' dir='ltr'>καὶ</span> <span class='ocrx_word' id='word_1_31' title='bbox 405 1049 421 1083; x_wconf 81' lang='grc' dir='ltr'>ἡ</span> <span class='ocrx_word' id='word_1_32' title='bbox 437 1048 581 1080; x_wconf 61' lang='lat' dir='ltr'><strong>Geo-reum,</strong></span> <span class='ocrx_word' id='word_1_33' title='bbox 603 1048 651 1074; x_wconf 76' lang='grc' dir='ltr'>καὶ</span> <span class='ocrx_word' id='word_1_34' title='bbox 669 1047 694 1073; x_wconf 88' lang='grc' dir='ltr'>οί</span> <span class='ocrx_word' id='word_1_35' title='bbox 710 1046 784 1081; x_wconf 78' lang='grc' dir='ltr'>ἁγιοι</span> <span class='ocrx_word' id='word_1_36' title='bbox 798 1046 919 1074; x_wconf 80' lang='grc' dir='ltr'>ἀπόστο-</span> 
     </span>
    </p>
   </div>
   <div class='ocr_carea' id='block_1_10' title="bbox 123 1091 918 1130">
    <p class='ocr_par' dir='ltr' id='par_1_10' title="bbox 123 1091 918 1130">
     <span class='ocr_line' id='line_1_10' title="bbox 123 1091 918 1130; baseline -0.004 -9"><span class='ocrx_word' id='word_1_37' title='bbox 123 1094 173 1124; x_wconf 82' lang='grc' dir='ltr'>λοι,</span> <span class='ocrx_word' id='word_1_38' title='bbox 191 1095 238 1121; x_wconf 77' lang='grc' dir='ltr'>καὶ</span> <span class='ocrx_word' id='word_1_39' title='bbox 263 1095 287 1121; x_wconf 81' lang='grc' dir='ltr'>οἱ</span> <span class='ocrx_word' id='word_1_40' title='bbox 308 1095 460 1130; x_wconf 75' lang='grc' dir='ltr'><strong>προφῆται,</strong></span> <span class='ocrx_word' id='word_1_41' title='bbox 477 1094 525 1120; x_wconf 73' lang='grc' dir='ltr'><strong>καὶ</strong></span> <span class='ocrx_word' id='word_1_42' title='bbox 538 1094 562 1120; x_wconf 79' lang='grc' dir='ltr'>οἱ</span> <span class='ocrx_word' id='word_1_43' title='bbox 589 1093 679 1119; x_wconf 62' lang='grc' dir='ltr'><strong>λοιποὶ⁸</strong></span> <span class='ocrx_word' id='word_1_44' title='bbox 704 1091 788 1126; x_wconf 74' lang='grc' dir='ltr'>ἅγιοι,</span> <span class='ocrx_word' id='word_1_45' title='bbox 807 1093 918 1126; x_wconf 86' lang='grc' dir='ltr'>ἀγαπη-</span> 
     </span>
    </p>
   </div>
   <div class='ocr_carea' id='block_1_11' title="bbox 121 1137 920 1175">
    <p class='ocr_par' dir='ltr' id='par_1_11' title="bbox 121 1137 920 1175">
     <span class='ocr_line' id='line_1_11' title="bbox 121 1137 920 1175; baseline -0.005 -8"><span class='ocrx_word' id='word_1_46' title='bbox 121 1141 165 1167; x_wconf 72' lang='grc' dir='ltr'><strong>τοὶ</strong></span> <span class='ocrx_word' id='word_1_47' title='bbox 181 1141 305 1175; x_wconf 68' lang='grc' dir='ltr'><strong>ἀδελφοὶ,</strong></span> <span class='ocrx_word' id='word_1_48' title='bbox 320 1140 354 1167; x_wconf 80' lang='grc' dir='ltr'><strong>νὰ</strong></span> <span class='ocrx_word' id='word_1_49' title='bbox 376 1140 476 1175; x_wconf 82' lang='grc' dir='ltr'>μάθετε</span> <span class='ocrx_word' id='word_1_50' title='bbox 493 1140 558 1175; x_wconf 79' lang='grc' dir='ltr'><strong>περὶ</strong></span> <span class='ocrx_word' id='word_1_51' title='bbox 577 1138 627 1173; x_wconf 82' lang='grc' dir='ltr'><strong>τῆς</strong></span> <span class='ocrx_word' id='word_1_52' title='bbox 649 1137 731 1173; x_wconf 84' lang='grc' dir='ltr'>ἁγίας</span> <span class='ocrx_word' id='word_1_53' title='bbox 746 1138 852 1170; x_wconf 77' lang='grc' dir='ltr'>πόλεως</span> <span class='ocrx_word' id='word_1_54' title='bbox 872 1137 920 1164; x_wconf 86' lang='grc' dir='ltr'><strong>Ἰε-</strong></span> 
     </span>
    </p>
   </div>
   <div class='ocr_carea' id='block_1_12' title="bbox 102 1181 919 1223">
    <p class='ocr_par' dir='ltr' id='par_1_12' title="bbox 102 1181 919 1223">
     <span class='ocr_line' id='line_1_12' title="bbox 102 1181 919 1223; baseline -0.005 -9"><span class='ocrx_word' id='word_1_55' title='bbox 102 1181 278 1223; x_wconf 53' lang='grc' dir='ltr'>’ρουσαλὴμ</span> <span class='ocrx_word' id='word_1_56' title='bbox 294 1187 443 1221; x_wconf 77' lang='grc' dir='ltr'><strong>ἐξαιρέτως</strong></span> <span class='ocrx_word' id='word_1_57' title='bbox 466 1187 495 1214; x_wconf 76' lang='grc' dir='ltr'><strong>δὲ</strong></span> <span class='ocrx_word' id='word_1_58' title='bbox 521 1186 557 1213; x_wconf 85' lang='grc' dir='ltr'><strong>τὰ</strong></span> <span class='ocrx_word' id='word_1_59' title='bbox 588 1186 673 1218; x_wconf 75' lang='grc' dir='ltr'>’Ἅγια</span> <span class='ocrx_word' id='word_1_60' title='bbox 688 1185 743 1212; x_wconf 79' lang='grc' dir='ltr'><strong>τῶν</strong></span> <span class='ocrx_word' id='word_1_61' title='bbox 767 1184 865 1218; x_wconf 83' lang='grc' dir='ltr'>ἁγίων,</span> <span class='ocrx_word' id='word_1_62' title='bbox 888 1183 919 1211; x_wconf 80' lang='grc' dir='ltr'>τὸ</span> 
     </span>
    </p>
   </div>
   <div class='ocr_carea' id='block_1_13' title="bbox 123 1229 920 1269">
    <p class='ocr_par' dir='ltr' id='par_1_13' title="bbox 123 1229 920 1269">
     <span class='ocr_line' id='line_1_13' title="bbox 123 1229 920 1269; baseline -0.006 -8"><span class='ocrx_word' id='word_1_63' title='bbox 123 1234 303 1269; x_wconf 74' lang='grc' dir='ltr'>Γεθσημανὴ,</span> <span class='ocrx_word' id='word_1_64' title='bbox 331 1234 362 1261; x_wconf 81' lang='grc' dir='ltr'>τὸ</span> <span class='ocrx_word' id='word_1_65' title='bbox 385 1233 448 1268; x_wconf 75' lang='grc' dir='ltr'>ὄρος</span> <span class='ocrx_word' id='word_1_66' title='bbox 477 1232 532 1259; x_wconf 89' lang='grc' dir='ltr'>τῶν</span> <span class='ocrx_word' id='word_1_67' title='bbox 556 1231 684 1258; x_wconf 78' lang='grc' dir='ltr'><strong>Ἐλαιῶν.</strong></span> <span class='ocrx_word' id='word_1_68' title='bbox 708 1230 868 1266; x_wconf 80' lang='grc' dir='ltr'><strong>Ἀρξώμεθα</strong></span> <span class='ocrx_word' id='word_1_69' title='bbox 887 1229 920 1269; x_wconf 62' lang='grc' dir='ltr'><strong>ῥὲ</strong></span> 
     </span>
    </p>
   </div>
   <div class='ocr_carea' id='block_1_14' title="bbox 123 1274 920 1313">
    <p class='ocr_par' dir='ltr' id='par_1_14' title="bbox 123 1274 920 1313">
     <span class='ocr_line' id='line_1_14' title="bbox 123 1274 920 1313; baseline -0.009 -6"><span class='ocrx_word' id='word_1_70' title='bbox 123 1280 250 1307; x_wconf 71' lang='grc' dir='ltr'>ἐντεῦθεν</span> <span class='ocrx_word' id='word_1_71' title='bbox 268 1279 322 1306; x_wconf 73' lang='grc' dir='ltr'>ἁπδ</span> <span class='ocrx_word' id='word_1_72' title='bbox 334 1279 382 1305; x_wconf 75' lang='grc' dir='ltr'>τοῦ</span> <span class='ocrx_word' id='word_1_73' title='bbox 399 1278 535 1313; x_wconf 81' lang='grc' dir='ltr'>ζωοδόχου</span> <span class='ocrx_word' id='word_1_74' title='bbox 551 1278 639 1313; x_wconf 73' lang='grc' dir='ltr'>τάφου</span> <span class='ocrx_word' id='word_1_75' title='bbox 662 1276 708 1304; x_wconf 73' lang='grc' dir='ltr'>τοῦ</span> <span class='ocrx_word' id='word_1_76' title='bbox 724 1275 827 1310; x_wconf 83' lang='grc' dir='ltr'>Κυρίου</span> <span class='ocrx_word' id='word_1_77' title='bbox 840 1274 920 1310; x_wconf 81' lang='grc' dir='ltr'>ἡμῶν</span> 
     </span>
    </p>
   </div>
   <div class='ocr_carea' id='block_1_15' title="bbox 129 1321 920 1362">
    <p class='ocr_par' dir='ltr' id='par_1_15' title="bbox 129 1321 920 1362">
     <span class='ocr_line' id='line_1_15' title="bbox 129 1321 920 1362; baseline -0.01 -8"><span class='ocrx_word' id='word_1_78' title='bbox 129 1327 219 1362; x_wconf 80' lang='grc' dir='ltr'><strong>Ἰησοῦ</strong></span> <span class='ocrx_word' id='word_1_79' title='bbox 250 1326 382 1362; x_wconf 84' lang='grc' dir='ltr'>Χριστοῦ.</span> <span class='ocrx_word' id='word_1_80' title='bbox 405 1325 434 1352; x_wconf 91' lang='lat'>&#39;0</span> <span class='ocrx_word' id='word_1_81' title='bbox 467 1325 518 1360; x_wconf 76' lang='grc' dir='ltr'>μὲν</span> <span class='ocrx_word' id='word_1_82' title='bbox 540 1325 604 1355; x_wconf 82' lang='grc' dir='ltr'>ναὸς</span> <span class='ocrx_word' id='word_1_83' title='bbox 635 1323 681 1350; x_wconf 78' lang='grc' dir='ltr'><strong>τοῦ</strong></span> <span class='ocrx_word' id='word_1_84' title='bbox 704 1322 797 1357; x_wconf 81' lang='grc' dir='ltr'>Ἀγίου</span> <span class='ocrx_word' id='word_1_85' title='bbox 826 1321 920 1355; x_wconf 82' lang='grc' dir='ltr'>Τάφου</span> 
     </span>
    </p>
   </div>
   <div class='ocr_carea' id='block_1_16' title="bbox 126 1368 922 1409">
    <p class='ocr_par' dir='ltr' id='par_1_16' title="bbox 126 1368 922 1409">
     <span class='ocr_line' id='line_1_16' title="bbox 126 1368 922 1409; baseline -0.008 -9"><span class='ocrx_word' id='word_1_86' title='bbox 126 1374 247 1409; x_wconf 85' lang='grc' dir='ltr'>ὑπάρχει</span> <span class='ocrx_word' id='word_1_87' title='bbox 273 1371 511 1408; x_wconf 81' lang='grc' dir='ltr'>στρογγυλοειδὴς,</span> <span class='ocrx_word' id='word_1_88' title='bbox 540 1371 616 1397; x_wconf 74' lang='grc' dir='ltr'>ἐστιν</span> <span class='ocrx_word' id='word_1_89' title='bbox 642 1370 672 1396; x_wconf 81' lang='grc' dir='ltr'>ὲν</span> <span class='ocrx_word' id='word_1_90' title='bbox 700 1368 739 1404; x_wconf 83' lang='grc' dir='ltr'>τῷ</span> <span class='ocrx_word' id='word_1_91' title='bbox 771 1369 847 1404; x_wconf 83' lang='grc' dir='ltr'>μέσῳ</span> <span class='ocrx_word' id='word_1_92' title='bbox 872 1368 922 1404; x_wconf 85' lang='grc' dir='ltr'>τῆς</span> 
     </span>
    </p>
   </div>
   <div class='ocr_carea' id='block_1_17' title="bbox 126 1414 919 1453">
    <p class='ocr_par' dir='ltr' id='par_1_17' title="bbox 126 1414 919 1453">
     <span class='ocr_line' id='line_1_17' title="bbox 126 1414 919 1453; baseline -0.006 -7"><span class='ocrx_word' id='word_1_93' title='bbox 126 1420 209 1452; x_wconf 83' lang='grc' dir='ltr'>ἁγίας</span> <span class='ocrx_word' id='word_1_94' title='bbox 229 1418 333 1450; x_wconf 80' lang='grc' dir='ltr'>πόλεως</span> <span class='ocrx_word' id='word_1_95' title='bbox 353 1417 544 1453; x_wconf 80' lang='grc' dir='ltr'>Ἰερουσαλὴμ,</span> <span class='ocrx_word' id='word_1_96' title='bbox 561 1417 609 1444; x_wconf 66' lang='grc' dir='ltr'><strong>καλ⁵</strong></span> <span class='ocrx_word' id='word_1_97' title='bbox 640 1414 698 1451; x_wconf 76' lang='grc' dir='ltr'>ἔχει</span> <span class='ocrx_word' id='word_1_98' title='bbox 715 1415 849 1451; x_wconf 80' lang='grc' dir='ltr'>τρούλλας</span> <span class='ocrx_word' id='word_1_99' title='bbox 862 1415 919 1442; x_wconf 86' lang='grc' dir='ltr'><strong>δύο.</strong></span> 
     </span>
    </p>
   </div>
   <div class='ocr_carea' id='block_1_18' title="bbox 129 1460 921 1498">
    <p class='ocr_par' dir='ltr' id='par_1_18' title="bbox 129 1460 921 1498">
     <span class='ocr_line' id='line_1_18' title="bbox 129 1460 921 1498; baseline -0.003 -10"><span class='ocrx_word' id='word_1_100' title='bbox 129 1463 211 1496; x_wconf 83' lang='grc' dir='ltr'><strong>Ἔχει</strong></span> <span class='ocrx_word' id='word_1_101' title='bbox 239 1462 287 1489; x_wconf 77' lang='grc' dir='ltr'>καὶ</span> <span class='ocrx_word' id='word_1_102' title='bbox 314 1461 511 1498; x_wconf 81' lang='grc' dir='ltr'>καμπανὰριον</span> <span class='ocrx_word' id='word_1_103' title='bbox 531 1461 701 1496; x_wconf 80' lang='grc' dir='ltr'><strong>ὡραιότατον</strong></span> <span class='ocrx_word' id='word_1_104' title='bbox 722 1460 921 1495; x_wconf 73' lang='grc' dir='ltr'><strong>κεκολλημένην</strong></span> 
     </span>
    </p>
   </div>
   <div class='ocr_carea' id='block_1_19' title="bbox 134 1505 922 1542">
    <p class='ocr_par' dir='ltr' id='par_1_19' title="bbox 134 1505 922 1542">
     <span class='ocr_line' id='line_1_19' title="bbox 134 1505 922 1542; baseline -0.003 -9"><span class='ocrx_word' id='word_1_105' title='bbox 134 1507 205 1542; x_wconf 87' lang='grc' dir='ltr'>μετὰ</span> <span class='ocrx_word' id='word_1_106' title='bbox 218 1506 264 1533; x_wconf 68' lang='grc' dir='ltr'><strong>τὸν</strong></span> <span class='ocrx_word' id='word_1_107' title='bbox 291 1506 370 1540; x_wconf 71' lang='grc' dir='ltr'>ἅγιον</span> <span class='ocrx_word' id='word_1_108' title='bbox 386 1507 461 1538; x_wconf 69' lang='grc' dir='ltr'>ναδν,</span> <span class='ocrx_word' id='word_1_109' title='bbox 480 1506 528 1532; x_wconf 76' lang='grc' dir='ltr'>καὶ</span> <span class='ocrx_word' id='word_1_110' title='bbox 555 1505 699 1540; x_wconf 84' lang='grc' dir='ltr'>φαίνονται</span> <span class='ocrx_word' id='word_1_111' title='bbox 715 1505 769 1532; x_wconf 79' lang='grc' dir='ltr'><strong>ἀπὸ</strong></span> <span class='ocrx_word' id='word_1_112' title='bbox 784 1505 922 1540; x_wconf 75' lang='grc' dir='ltr'><strong>μακρόθεν</strong></span> 
     </span>
    </p>
   </div>
   <div class='ocr_carea' id='block_1_20' title="bbox 127 1550 922 1588">
    <p class='ocr_par' dir='ltr' id='par_1_20' title="bbox 127 1550 922 1588">
     <span class='ocr_line' id='line_1_20' title="bbox 127 1550 922 1588; baseline -0.004 -9"><span class='ocrx_word' id='word_1_113' title='bbox 127 1553 169 1585; x_wconf 82' lang='grc' dir='ltr'><strong>εἰς</strong></span> <span class='ocrx_word' id='word_1_114' title='bbox 193 1552 280 1579; x_wconf 80' lang='grc' dir='ltr'>τύπον</span> <span class='ocrx_word' id='word_1_115' title='bbox 306 1553 355 1587; x_wconf 83' lang='grc' dir='ltr'>τῆς</span> <span class='ocrx_word' id='word_1_116' title='bbox 372 1553 453 1587; x_wconf 80' lang='grc' dir='ltr'>ἁγίας</span> <span class='ocrx_word' id='word_1_117' title='bbox 469 1551 595 1588; x_wconf 81' lang='grc' dir='ltr'>Τριὰδος.</span> <span class='ocrx_word' id='word_1_118' title='bbox 625 1550 656 1577; x_wconf 87' lang='lat' dir='ltr'><strong>&#39;H</strong></span> <span class='ocrx_word' id='word_1_119' title='bbox 685 1550 713 1577; x_wconf 78' lang='grc' dir='ltr'>δὲ</span> <span class='ocrx_word' id='word_1_120' title='bbox 730 1551 780 1586; x_wconf 86' lang='grc' dir='ltr'><strong>μία</strong></span> <span class='ocrx_word' id='word_1_121' title='bbox 807 1550 922 1586; x_wconf 88' lang='grc' dir='ltr'>τρούλλα</span> 
     </span>
    </p>
   </div>
   <div class='ocr_carea' id='block_1_21' title="bbox 127 1595 922 1631">
    <p class='ocr_par' dir='ltr' id='par_1_21' title="bbox 127 1595 922 1631">
     <span class='ocr_line' id='line_1_21' title="bbox 127 1595 922 1631; baseline -0.001 -7"><span class='ocrx_word' id='word_1_122' title='bbox 127 1598 196 1624; x_wconf 84' lang='grc' dir='ltr'><strong>ὁποῦ</strong></span> <span class='ocrx_word' id='word_1_123' title='bbox 212 1595 283 1625; x_wconf 79' lang='grc' dir='ltr'>εἶναι</span> <span class='ocrx_word' id='word_1_124' title='bbox 295 1597 389 1624; x_wconf 73' lang='grc' dir='ltr'>ἐπάνω</span> <span class='ocrx_word' id='word_1_125' title='bbox 405 1597 453 1624; x_wconf 81' lang='grc' dir='ltr'>τοῦ</span> <span class='ocrx_word' id='word_1_126' title='bbox 472 1597 551 1630; x_wconf 86' lang='grc' dir='ltr'>ἁγίου</span> <span class='ocrx_word' id='word_1_127' title='bbox 573 1597 662 1631; x_wconf 82' lang='grc' dir='ltr'>τάφου</span> <span class='ocrx_word' id='word_1_128' title='bbox 683 1596 744 1623; x_wconf 88' lang='grc' dir='ltr'>έναι</span> <span class='ocrx_word' id='word_1_129' title='bbox 761 1597 922 1623; x_wconf 76' lang='grc' dir='ltr'>ἁνασκέπα-</span> 
     </span>
    </p>
   </div>
   <div class='ocr_carea' id='block_1_22' title="bbox 128 1642 920 1679">
    <p class='ocr_par' dir='ltr' id='par_1_22' title="bbox 128 1642 920 1679">
     <span class='ocr_line' id='line_1_22' title="bbox 128 1642 920 1679; baseline -0.003 -8"><span class='ocrx_word' id='word_1_130' title='bbox 128 1652 191 1679; x_wconf 83' lang='grc' dir='ltr'>στη.</span> <span class='ocrx_word' id='word_1_131' title='bbox 209 1644 251 1671; x_wconf 84' lang='grc' dir='ltr'>ὅτι</span> <span class='ocrx_word' id='word_1_132' title='bbox 268 1644 369 1670; x_wconf 84' lang='grc' dir='ltr'>ἁπεκεῖ</span> <span class='ocrx_word' id='word_1_133' title='bbox 383 1642 530 1670; x_wconf 76' lang='grc' dir='ltr'>κατέϐαινε</span> <span class='ocrx_word' id='word_1_134' title='bbox 545 1643 574 1669; x_wconf 82' lang='grc' dir='ltr'>τὸ</span> <span class='ocrx_word' id='word_1_135' title='bbox 594 1643 672 1678; x_wconf 77' lang='grc' dir='ltr'>ἅγιον</span> <span class='ocrx_word' id='word_1_136' title='bbox 685 1643 742 1677; x_wconf 82' lang='grc' dir='ltr'><strong>φῶς</strong></span> <span class='ocrx_word' id='word_1_137' title='bbox 756 1651 763 1660; x_wconf 86' lang='grc'><strong>·</strong></span> <span class='ocrx_word' id='word_1_138' title='bbox 780 1643 798 1678; x_wconf 83' lang='grc' dir='ltr'>ἡ</span> <span class='ocrx_word' id='word_1_139' title='bbox 811 1643 840 1670; x_wconf 82' lang='grc' dir='ltr'><strong>δὲ</strong></span> <span class='ocrx_word' id='word_1_140' title='bbox 853 1642 920 1678; x_wconf 80' lang='grc' dir='ltr'><strong>ἄλλη</strong></span> 
     </span>
    </p>
   </div>
   <div class='ocr_carea' id='block_1_23' title="bbox 127 1688 923 1726">
    <p class='ocr_par' dir='ltr' id='par_1_23' title="bbox 127 1688 923 1726">
     <span class='ocr_line' id='line_1_23' title="bbox 127 1688 923 1726; baseline 0 -10"><span class='ocrx_word' id='word_1_141' title='bbox 127 1690 245 1726; x_wconf 85' lang='grc' dir='ltr'>τροὺλλα</span> <span class='ocrx_word' id='word_1_142' title='bbox 273 1688 498 1724; x_wconf 77' lang='grc' dir='ltr'>ὲνεσκεπασμένη</span> <span class='ocrx_word' id='word_1_143' title='bbox 521 1689 591 1724; x_wconf 74' lang='grc' dir='ltr'>μετὰ</span> <span class='ocrx_word' id='word_1_144' title='bbox 610 1688 755 1724; x_wconf 77' lang='grc' dir='ltr'>μολύϐδου,</span> <span class='ocrx_word' id='word_1_145' title='bbox 780 1689 828 1715; x_wconf 80' lang='grc' dir='ltr'><strong>καὶ</strong></span> <span class='ocrx_word' id='word_1_146' title='bbox 850 1688 923 1716; x_wconf 52' lang='grc' dir='ltr'><strong>ἔσω-</strong></span> 
     </span>
    </p>
   </div>
   <div class='ocr_carea' id='block_1_24' title="bbox 131 1734 922 1771">
    <p class='ocr_par' dir='ltr' id='par_1_24' title="bbox 131 1734 922 1771">
     <span class='ocr_line' id='line_1_24' title="bbox 131 1734 922 1771; baseline -0.004 -7"><span class='ocrx_word' id='word_1_147' title='bbox 131 1738 178 1765; x_wconf 80' lang='grc' dir='ltr'><strong>θεν</strong></span> <span class='ocrx_word' id='word_1_148' title='bbox 196 1736 332 1771; x_wconf 78' lang='grc' dir='ltr'>ὲνδυμένη</span> <span class='ocrx_word' id='word_1_149' title='bbox 356 1735 529 1771; x_wconf 80' lang='grc' dir='ltr'><strong>μετασκευὴν</strong></span> <span class='ocrx_word' id='word_1_150' title='bbox 545 1735 656 1771; x_wconf 78' lang='grc' dir='ltr'><strong>ξυλίνην</strong></span> <span class='ocrx_word' id='word_1_151' title='bbox 676 1735 728 1767; x_wconf 76' lang='grc' dir='ltr'><strong>ἕως</strong></span> <span class='ocrx_word' id='word_1_152' title='bbox 743 1734 778 1761; x_wconf 86' lang='grc' dir='ltr'>τὰ</span> <span class='ocrx_word' id='word_1_153' title='bbox 800 1734 922 1770; x_wconf 71' lang='grc' dir='ltr'>ζωνάρια</span> 
     </span>
    </p>
   </div>
   <div class='ocr_carea' id='block_1_25' title="bbox 130 1779 923 1817">
    <p class='ocr_par' dir='ltr' id='par_1_25' title="bbox 130 1779 923 1817">
     <span class='ocr_line' id='line_1_25' title="bbox 130 1779 923 1817; baseline -0.003 -8"><span class='ocrx_word' id='word_1_154' title='bbox 130 1782 178 1810; x_wconf 83' lang='grc' dir='ltr'>τοῦ</span> <span class='ocrx_word' id='word_1_155' title='bbox 195 1782 300 1817; x_wconf 88' lang='grc' dir='ltr'><strong>τοίχου.</strong></span> <span class='ocrx_word' id='word_1_156' title='bbox 318 1782 372 1809; x_wconf 76' lang='grc' dir='ltr'><strong>Καὶ</strong></span> <span class='ocrx_word' id='word_1_157' title='bbox 388 1781 443 1808; x_wconf 76' lang='grc' dir='ltr'><strong>ἀπὸ</strong></span> <span class='ocrx_word' id='word_1_158' title='bbox 455 1780 505 1816; x_wconf 85' lang='grc' dir='ltr'>τὴν</span> <span class='ocrx_word' id='word_1_159' title='bbox 520 1781 610 1816; x_wconf 75' lang='grc' dir='ltr'>ζώνην</span> <span class='ocrx_word' id='word_1_160' title='bbox 623 1781 670 1807; x_wconf 81' lang='grc' dir='ltr'>καὶ</span> <span class='ocrx_word' id='word_1_161' title='bbox 687 1780 765 1807; x_wconf 84' lang='grc' dir='ltr'>κάτω</span> <span class='ocrx_word' id='word_1_162' title='bbox 779 1779 851 1807; x_wconf 73' lang='grc' dir='ltr'>εἶναι</span> <span class='ocrx_word' id='word_1_163' title='bbox 862 1789 923 1807; x_wconf 85' lang='grc' dir='ltr'>στο-</span> 
     </span>
    </p>
   </div>
   <div class='ocr_carea' id='block_1_26' title="bbox 131 1827 922 1865">
    <p class='ocr_par' dir='ltr' id='par_1_26' title="bbox 131 1827 922 1865">
     <span class='ocr_line' id='line_1_26' title="bbox 131 1827 922 1865; baseline -0.004 -9"><span class='ocrx_word' id='word_1_164' title='bbox 131 1828 248 1865; x_wconf 85' lang='grc' dir='ltr'>ρισμένη</span> <span class='ocrx_word' id='word_1_165' title='bbox 281 1827 352 1863; x_wconf 81' lang='grc' dir='ltr'>μετὰ</span> <span class='ocrx_word' id='word_1_166' title='bbox 381 1828 485 1863; x_wconf 85' lang='grc' dir='ltr'>μωσίου</span> <span class='ocrx_word' id='word_1_167' title='bbox 512 1827 615 1863; x_wconf 83' lang='grc' dir='ltr'>χρυσοῦ</span> <span class='ocrx_word' id='word_1_168' title='bbox 644 1827 701 1854; x_wconf 80' lang='grc' dir='ltr'>ὂλοι</span> <span class='ocrx_word' id='word_1_169' title='bbox 726 1827 751 1853; x_wconf 73' lang='grc' dir='ltr'>οἱ</span> <span class='ocrx_word' id='word_1_170' title='bbox 770 1827 922 1862; x_wconf 79' lang='grc' dir='ltr'>προφῆται,</span> 
     </span>
    </p>
   </div>
   <div class='ocr_carea' id='block_1_27' title="bbox 939 1630 960 1658">
    <p class='ocr_par' dir='ltr' id='par_1_27' title="bbox 939 1630 960 1658">
     <span class='ocr_line' id='line_1_27' title="bbox 939 1630 960 1658; baseline 0 0"><span class='ocrx_word' id='word_1_171' title='bbox 939 1630 960 1658; x_wconf 85' lang='grc' dir='ltr'><strong><em>Β</em></strong></span> 
     </span>
    </p>
   </div>
   <div class='ocr_carea' id='block_1_28' title="bbox 130 1872 923 1910">
    <p class='ocr_par' dir='ltr' id='par_1_28' title="bbox 130 1872 923 1910">
     <span class='ocr_line' id='line_1_28' title="bbox 130 1872 923 1910; baseline -0.004 -8"><span class='ocrx_word' id='word_1_172' title='bbox 130 1875 179 1902; x_wconf 68' lang='grc' dir='ltr'>καὶ</span> <span class='ocrx_word' id='word_1_173' title='bbox 193 1876 208 1902; x_wconf 82' lang='grc' dir='ltr'>ὁ</span> <span class='ocrx_word' id='word_1_174' title='bbox 222 1874 318 1909; x_wconf 80' lang='grc' dir='ltr'>Μέγας</span> <span class='ocrx_word' id='word_1_175' title='bbox 334 1875 551 1906; x_wconf 78' lang='grc' dir='ltr'>Κωνσταντίνος,</span> <span class='ocrx_word' id='word_1_176' title='bbox 565 1874 613 1901; x_wconf 74' lang='grc' dir='ltr'>καὶ</span> <span class='ocrx_word' id='word_1_177' title='bbox 624 1874 643 1910; x_wconf 80' lang='grc' dir='ltr'>ἡ</span> <span class='ocrx_word' id='word_1_178' title='bbox 658 1873 724 1908; x_wconf 79' lang='grc' dir='ltr'>ἁγία</span> <span class='ocrx_word' id='word_1_179' title='bbox 745 1873 851 1909; x_wconf 82' lang='grc' dir='ltr'>Ἑλένη.</span> <span class='ocrx_word' id='word_1_180' title='bbox 866 1872 923 1899; x_wconf 78' lang='grc' dir='ltr'><strong>Καὶ</strong></span> 
     </span>
    </p>
   </div>
   <div class='ocr_carea' id='block_1_29' title="bbox 130 1918 923 1957">
    <p class='ocr_par' dir='ltr' id='par_1_29' title="bbox 130 1918 923 1957">
     <span class='ocr_line' id='line_1_29' title="bbox 130 1918 923 1957; baseline -0.004 -8"><span class='ocrx_word' id='word_1_181' title='bbox 130 1921 186 1949; x_wconf 84' lang='grc' dir='ltr'>ἁπὺ</span> <span class='ocrx_word' id='word_1_182' title='bbox 198 1921 274 1948; x_wconf 85' lang='grc' dir='ltr'>κὰτω</span> <span class='ocrx_word' id='word_1_183' title='bbox 291 1921 347 1948; x_wconf 83' lang='grc' dir='ltr'><strong>τῶν</strong></span> <span class='ocrx_word' id='word_1_184' title='bbox 362 1920 514 1956; x_wconf 83' lang='grc' dir='ltr'>προφητῶν</span> <span class='ocrx_word' id='word_1_185' title='bbox 535 1918 606 1948; x_wconf 78' lang='grc' dir='ltr'>εἶναι</span> <span class='ocrx_word' id='word_1_186' title='bbox 634 1921 770 1956; x_wconf 82' lang='grc' dir='ltr'>μάρμαρα</span> <span class='ocrx_word' id='word_1_187' title='bbox 790 1920 923 1957; x_wconf 80' lang='grc' dir='ltr'>πορφυρᾶ</span> 
     </span>
    </p>
   </div>
   <div class='ocr_carea' id='block_1_30' title="bbox 131 1965 923 2002">
    <p class='ocr_par' dir='ltr' id='par_1_30' title="bbox 131 1965 923 2002">
     <span class='ocr_line' id='line_1_30' title="bbox 131 1965 923 2002; baseline -0.001 -9"><span class='ocrx_word' id='word_1_188' title='bbox 131 1967 322 2002; x_wconf 84' lang='grc' dir='ltr'>κεκολλημένα</span> <span class='ocrx_word' id='word_1_189' title='bbox 342 1968 384 1999; x_wconf 82' lang='grc' dir='ltr'>είς</span> <span class='ocrx_word' id='word_1_190' title='bbox 400 1966 445 1993; x_wconf 78' lang='grc' dir='ltr'>τὸν</span> <span class='ocrx_word' id='word_1_191' title='bbox 465 1967 555 2002; x_wconf 84' lang='grc' dir='ltr'>τοῖχον</span> <span class='ocrx_word' id='word_1_192' title='bbox 574 1967 626 2002; x_wconf 71' lang='grc' dir='ltr'>τῆς</span> <span class='ocrx_word' id='word_1_193' title='bbox 647 1967 781 2001; x_wconf 77' lang='grc' dir='ltr'>ἱστορίας,</span> <span class='ocrx_word' id='word_1_194' title='bbox 796 1965 845 1993; x_wconf 78' lang='grc' dir='ltr'><strong>καὶ</strong></span> <span class='ocrx_word' id='word_1_195' title='bbox 873 1965 923 2000; x_wconf 83' lang='grc' dir='ltr'><strong>γύ-</strong></span> 
     </span>
    </p>
   </div>
   <div class='ocr_carea' id='block_1_31' title="bbox 131 2010 922 2050">
    <p class='ocr_par' dir='ltr' id='par_1_31' title="bbox 131 2010 922 2050">
     <span class='ocr_line' id='line_1_31' title="bbox 131 2010 922 2050; baseline 0 -10"><span class='ocrx_word' id='word_1_196' title='bbox 131 2013 221 2050; x_wconf 74' lang='grc' dir='ltr'>ρωϐεν</span> <span class='ocrx_word' id='word_1_197' title='bbox 251 2010 323 2040; x_wconf 83' lang='grc' dir='ltr'>εἶναι</span> <span class='ocrx_word' id='word_1_198' title='bbox 352 2013 387 2039; x_wconf 79' lang='grc' dir='ltr'>τὰ</span> <span class='ocrx_word' id='word_1_199' title='bbox 418 2012 614 2047; x_wconf 81' lang='grc' dir='ltr'>κατηχούμενα</span> <span class='ocrx_word' id='word_1_200' title='bbox 641 2013 690 2039; x_wconf 80' lang='grc' dir='ltr'><strong>τοῦ</strong></span> <span class='ocrx_word' id='word_1_201' title='bbox 714 2012 792 2047; x_wconf 81' lang='grc' dir='ltr'>ἁγίου</span> <span class='ocrx_word' id='word_1_202' title='bbox 823 2012 922 2047; x_wconf 81' lang='grc' dir='ltr'>τάφου.</span> 
     </span>
    </p>
   </div>
   <div class='ocr_carea' id='block_1_32' title="bbox 136 2058 924 2095">
    <p class='ocr_par' dir='ltr' id='par_1_32' title="bbox 136 2058 924 2095">
     <span class='ocr_line' id='line_1_32' title="bbox 136 2058 924 2095; baseline 0 -9"><span class='ocrx_word' id='word_1_203' title='bbox 136 2059 296 2095; x_wconf 76' lang='grc' dir='ltr'>Ὑπάρχουν</span> <span class='ocrx_word' id='word_1_204' title='bbox 313 2058 362 2086; x_wconf 77' lang='grc' dir='ltr'>καὶ</span> <span class='ocrx_word' id='word_1_205' title='bbox 384 2058 510 2089; x_wconf 86' lang='grc' dir='ltr'>κολόναις</span> <span class='ocrx_word' id='word_1_206' title='bbox 537 2059 743 2094; x_wconf 80' lang='grc' dir='ltr'>μαρμαρεϊναις</span> <span class='ocrx_word' id='word_1_207' title='bbox 766 2058 850 2091; x_wconf 85' lang='grc' dir='ltr'>ὀκτὼ,</span> <span class='ocrx_word' id='word_1_208' title='bbox 875 2060 924 2086; x_wconf 75' lang='grc' dir='ltr'>καὶ</span> 
     </span>
    </p>
   </div>
   <div class='ocr_carea' id='block_1_33' title="bbox 131 2104 921 2141">
    <p class='ocr_par' dir='ltr' id='par_1_33' title="bbox 131 2104 921 2141">
     <span class='ocr_line' id='line_1_33' title="bbox 131 2104 921 2141; baseline -0.001 -9"><span class='ocrx_word' id='word_1_209' title='bbox 131 2105 251 2141; x_wconf 81' lang='grc' dir='ltr'>ποδάρια</span> <span class='ocrx_word' id='word_1_210' title='bbox 271 2104 345 2132; x_wconf 82' lang='grc' dir='ltr'><strong>ὀκτὼ</strong></span> <span class='ocrx_word' id='word_1_211' title='bbox 367 2104 396 2137; x_wconf 71' lang='grc' dir='ltr'><strong>ἐξ</strong></span> <span class='ocrx_word' id='word_1_212' title='bbox 417 2105 473 2132; x_wconf 74' lang='grc' dir='ltr'><strong>ἀπὸ</strong></span> <span class='ocrx_word' id='word_1_213' title='bbox 487 2105 521 2132; x_wconf 80' lang='grc' dir='ltr'>τὰ</span> <span class='ocrx_word' id='word_1_214' title='bbox 538 2105 650 2137; x_wconf 83' lang='grc' dir='ltr'>στάολα,</span> <span class='ocrx_word' id='word_1_215' title='bbox 668 2104 716 2131; x_wconf 58' lang='grc' dir='ltr'><strong>καὶ¹</strong></span> <span class='ocrx_word' id='word_1_216' title='bbox 732 2105 807 2132; x_wconf 84' lang='grc' dir='ltr'>κάτω</span> <span class='ocrx_word' id='word_1_217' title='bbox 821 2105 921 2139; x_wconf 75' lang='grc' dir='ltr'>ἔδαφος</span> 
     </span>
    </p>
   </div>
   <div class='ocr_carea' id='block_1_34' title="bbox 131 2150 923 2186">
    <p class='ocr_par' dir='ltr' id='par_1_34' title="bbox 131 2150 923 2186">
     <span class='ocr_line' id='line_1_34' title="bbox 131 2150 923 2186; baseline -0.003 -7"><span class='ocrx_word' id='word_1_218' title='bbox 131 2153 191 2179; x_wconf 83' lang='grc' dir='ltr'>έναι</span> <span class='ocrx_word' id='word_1_219' title='bbox 211 2151 337 2183; x_wconf 83' lang='grc' dir='ltr'>κολόναις</span> <span class='ocrx_word' id='word_1_220' title='bbox 358 2150 408 2184; x_wconf 84' lang='grc' dir='ltr'>ις’,</span> <span class='ocrx_word' id='word_1_221' title='bbox 435 2151 484 2178; x_wconf 77' lang='grc' dir='ltr'>καὶ</span> <span class='ocrx_word' id='word_1_222' title='bbox 505 2151 608 2177; x_wconf 82' lang='grc' dir='ltr'>κιονίον</span> <span class='ocrx_word' id='word_1_223' title='bbox 630 2150 739 2186; x_wconf 69' lang='grc' dir='ltr'>χοντρό.</span> <span class='ocrx_word' id='word_1_224' title='bbox 762 2151 816 2177; x_wconf 73' lang='grc' dir='ltr'><strong>Καὶ</strong></span> <span class='ocrx_word' id='word_1_225' title='bbox 834 2151 875 2182; x_wconf 82' lang='grc' dir='ltr'><strong>είς</strong></span> <span class='ocrx_word' id='word_1_226' title='bbox 891 2150 923 2177; x_wconf 82' lang='grc' dir='ltr'><strong>τὺ</strong></span> 
     </span>
    </p>
   </div>
   <div class='ocr_carea' id='block_1_35' title="bbox 133 2196 924 2234">
    <p class='ocr_par' dir='ltr' id='par_1_35' title="bbox 133 2196 924 2234">
     <span class='ocr_line' id='line_1_35' title="bbox 133 2196 924 2234; baseline -0.003 -9"><span class='ocrx_word' id='word_1_227' title='bbox 133 2199 217 2234; x_wconf 84' lang='grc' dir='ltr'>μέσον</span> <span class='ocrx_word' id='word_1_228' title='bbox 233 2200 282 2234; x_wconf 77' lang='grc' dir='ltr'>τῆς</span> <span class='ocrx_word' id='word_1_229' title='bbox 296 2197 432 2234; x_wconf 85' lang='grc' dir='ltr'>τρούλλας</span> <span class='ocrx_word' id='word_1_230' title='bbox 447 2198 487 2229; x_wconf 73' lang='grc' dir='ltr'><strong>είς</strong></span> <span class='ocrx_word' id='word_1_231' title='bbox 502 2198 532 2224; x_wconf 81' lang='grc' dir='ltr'><strong>τὺ</strong></span> <span class='ocrx_word' id='word_1_232' title='bbox 549 2197 647 2232; x_wconf 73' lang='grc' dir='ltr'>ἔδαφος</span> <span class='ocrx_word' id='word_1_233' title='bbox 659 2197 709 2232; x_wconf 75' lang='grc' dir='ltr'>τῆς</span> <span class='ocrx_word' id='word_1_234' title='bbox 724 2198 775 2231; x_wconf 85' lang='grc' dir='ltr'>γῆς</span> <span class='ocrx_word' id='word_1_235' title='bbox 786 2196 844 2223; x_wconf 77' lang='grc' dir='ltr'>έναι</span> <span class='ocrx_word' id='word_1_236' title='bbox 859 2205 924 2223; x_wconf 83' lang='grc' dir='ltr'>κου-</span> 
     </span>
    </p>
   </div>
   <div class='ocr_carea' id='block_1_36' title="bbox 132 2242 921 2280">
    <p class='ocr_par' dir='ltr' id='par_1_36' title="bbox 132 2242 921 2280">
     <span class='ocr_line' id='line_1_36' title="bbox 132 2242 921 2280; baseline -0.004 -8"><span class='ocrx_word' id='word_1_237' title='bbox 132 2245 259 2272; x_wconf 74' lang='grc' dir='ltr'>ῦούκλιον</span> <span class='ocrx_word' id='word_1_238' title='bbox 275 2245 404 2280; x_wconf 86' lang='grc' dir='ltr'>πέτρινον</span> <span class='ocrx_word' id='word_1_239' title='bbox 425 2244 607 2280; x_wconf 84' lang='grc' dir='ltr'>ὡραιότατον,</span> <span class='ocrx_word' id='word_1_240' title='bbox 633 2243 680 2270; x_wconf 71' lang='grc' dir='ltr'>καὶ</span> <span class='ocrx_word' id='word_1_241' title='bbox 698 2244 782 2277; x_wconf 87' lang='grc' dir='ltr'>μέσον</span> <span class='ocrx_word' id='word_1_242' title='bbox 794 2242 841 2270; x_wconf 79' lang='grc' dir='ltr'>τοῦ</span> <span class='ocrx_word' id='word_1_243' title='bbox 857 2251 921 2270; x_wconf 86' lang='grc' dir='ltr'>κου-</span> 
     </span>
    </p>
   </div>
   <div class='ocr_carea' id='block_1_37' title="bbox 132 2288 962 2336">
    <p class='ocr_par' dir='ltr' id='par_1_37' title="bbox 132 2288 962 2336">
     <span class='ocr_line' id='line_1_37' title="bbox 132 2288 962 2336; baseline -0.005 -18"><span class='ocrx_word' id='word_1_244' title='bbox 132 2291 260 2318; x_wconf 79' lang='grc' dir='ltr'>6ουκ).ίου</span> <span class='ocrx_word' id='word_1_245' title='bbox 277 2291 335 2318; x_wconf 77' lang='grc' dir='ltr'>έναι</span> <span class='ocrx_word' id='word_1_246' title='bbox 349 2291 364 2318; x_wconf 82' lang='grc' dir='ltr'><strong>ὁ</strong></span> <span class='ocrx_word' id='word_1_247' title='bbox 381 2291 459 2326; x_wconf 80' lang='grc' dir='ltr'>ἆγιος</span> <span class='ocrx_word' id='word_1_248' title='bbox 475 2290 562 2324; x_wconf 81' lang='grc' dir='ltr'>τάφος</span> <span class='ocrx_word' id='word_1_249' title='bbox 581 2289 629 2316; x_wconf 80' lang='grc' dir='ltr'><strong>τοῦ</strong></span> <span class='ocrx_word' id='word_1_250' title='bbox 642 2288 756 2336; x_wconf 16' lang='grc' dir='ltr'>γΚυρίουγ</span> <span class='ocrx_word' id='word_1_251' title='bbox 768 2288 855 2336; x_wconf 75' lang='grc' dir='ltr'>ἡμῶν</span> <span class='ocrx_word' id='word_1_252' title='bbox 871 2289 923 2336; x_wconf 67' lang='grc' dir='ltr'>’ίηι</span> <span class='ocrx_word' id='word_1_253' title='bbox 938 2303 962 2336; x_wconf 77' lang='lat' dir='ltr'>c</span> 
     </span>
    </p>
   </div>
   <div class='ocr_carea' id='block_1_38' title="bbox 133 2334 924 2373">
    <p class='ocr_par' dir='ltr' id='par_1_38' title="bbox 133 2334 924 2373">
     <span class='ocr_line' id='line_1_38' title="bbox 133 2334 924 2373; baseline -0.005 -8"><span class='ocrx_word' id='word_1_254' title='bbox 133 2338 182 2364; x_wconf 87' lang='grc' dir='ltr'>σοῦ</span> <span class='ocrx_word' id='word_1_255' title='bbox 202 2336 334 2373; x_wconf 80' lang='grc' dir='ltr'>Χριστοῦ.</span> <span class='ocrx_word' id='word_1_256' title='bbox 360 2337 416 2364; x_wconf 73' lang='grc' dir='ltr'><strong>Καὶ</strong></span> <span class='ocrx_word' id='word_1_257' title='bbox 432 2336 606 2372; x_wconf 73' lang='grc' dir='ltr'>ὲμιπένοντας</span> <span class='ocrx_word' id='word_1_258' title='bbox 624 2335 655 2362; x_wconf 84' lang='grc' dir='ltr'>τὸ</span> <span class='ocrx_word' id='word_1_259' title='bbox 678 2335 766 2370; x_wconf 82' lang='grc' dir='ltr'>πορτὴ</span> <span class='ocrx_word' id='word_1_260' title='bbox 781 2334 829 2361; x_wconf 87' lang='grc' dir='ltr'>τοῦ</span> <span class='ocrx_word' id='word_1_261' title='bbox 844 2335 924 2369; x_wconf 84' lang='grc' dir='ltr'>ἁγίου</span> 
     </span>
    </p>
   </div>
   <div class='ocr_carea' id='block_1_39' title="bbox 130 2380 924 2418">
    <p class='ocr_par' dir='ltr' id='par_1_39' title="bbox 130 2380 924 2418">
     <span class='ocr_line' id='line_1_39' title="bbox 130 2380 924 2418; baseline -0.004 -8"><span class='ocrx_word' id='word_1_262' title='bbox 130 2385 220 2418; x_wconf 76' lang='grc' dir='ltr'>τάφου</span> <span class='ocrx_word' id='word_1_263' title='bbox 249 2384 338 2410; x_wconf 84' lang='grc' dir='ltr'>κεῖται</span> <span class='ocrx_word' id='word_1_264' title='bbox 356 2384 370 2409; x_wconf 86' lang='grc' dir='ltr'>ὁ</span> <span class='ocrx_word' id='word_1_265' title='bbox 393 2382 469 2415; x_wconf 79' lang='grc' dir='ltr'>λίθος</span> <span class='ocrx_word' id='word_1_266' title='bbox 488 2382 503 2409; x_wconf 79' lang='grc' dir='ltr'>ὁ</span> <span class='ocrx_word' id='word_1_267' title='bbox 517 2381 715 2413; x_wconf 74' lang='grc' dir='ltr'><strong>ἀποκυλισθεὶς</strong></span> <span class='ocrx_word' id='word_1_268' title='bbox 735 2382 767 2408; x_wconf 85' lang='grc' dir='ltr'><strong>έκ</strong></span> <span class='ocrx_word' id='word_1_269' title='bbox 787 2380 836 2408; x_wconf 78' lang='grc' dir='ltr'>τοῦ</span> <span class='ocrx_word' id='word_1_270' title='bbox 854 2382 924 2417; x_wconf 88' lang='grc' dir='ltr'>μνή-</span> 
     </span>
    </p>
   </div>
   <div class='ocr_carea' id='block_1_40' title="bbox 134 2427 923 2466">
    <p class='ocr_par' dir='ltr' id='par_1_40' title="bbox 134 2427 923 2466">
     <span class='ocr_line' id='line_1_40' title="bbox 134 2427 923 2466; baseline -0.004 -9"><span class='ocrx_word' id='word_1_271' title='bbox 134 2438 235 2465; x_wconf 86' lang='grc' dir='ltr'>ματος.</span> <span class='ocrx_word' id='word_1_272' title='bbox 255 2429 352 2466; x_wconf 83' lang='grc' dir='ltr'>ὥσπερ</span> <span class='ocrx_word' id='word_1_273' title='bbox 380 2429 447 2464; x_wconf 84' lang='grc' dir='ltr'>ἁγία</span> <span class='ocrx_word' id='word_1_274' title='bbox 471 2428 610 2464; x_wconf 81' lang='grc' dir='ltr'>τράπεζα,</span> <span class='ocrx_word' id='word_1_275' title='bbox 636 2427 723 2463; x_wconf 76' lang='grc' dir='ltr'>λευκὴ</span> <span class='ocrx_word' id='word_1_276' title='bbox 746 2427 923 2463; x_wconf 86' lang='grc' dir='ltr'>ὡραιότατος.</span> 
     </span>
    </p>
   </div>
   <div class='ocr_carea' id='block_1_41' title="bbox 133 2474 923 2510">
    <p class='ocr_par' dir='ltr' id='par_1_41' title="bbox 133 2474 923 2510">
     <span class='ocr_line' id='line_1_41' title="bbox 133 2474 923 2510; baseline -0.004 -6"><span class='ocrx_word' id='word_1_277' title='bbox 133 2476 190 2504; x_wconf 73' lang='grc' dir='ltr'><strong>Καὶ</strong></span> <span class='ocrx_word' id='word_1_278' title='bbox 208 2478 223 2504; x_wconf 84' lang='grc' dir='ltr'><strong><em>ὁ</em></strong></span> <span class='ocrx_word' id='word_1_279' title='bbox 239 2476 316 2510; x_wconf 75' lang='grc' dir='ltr'>ἅγιος</span> <span class='ocrx_word' id='word_1_280' title='bbox 331 2475 416 2510; x_wconf 75' lang='grc' dir='ltr'>τάφος</span> <span class='ocrx_word' id='word_1_281' title='bbox 443 2475 502 2503; x_wconf 74' lang='grc' dir='ltr'>έναι</span> <span class='ocrx_word' id='word_1_282' title='bbox 533 2474 723 2510; x_wconf 83' lang='grc' dir='ltr'>μαρμαρέῖνος</span> <span class='ocrx_word' id='word_1_283' title='bbox 740 2474 923 2509; x_wconf 80' lang='grc' dir='ltr'>ὼραιότατος·</span> 
     </span>
    </p>
   </div>
   <div class='ocr_carea' id='block_1_42' title="bbox 135 2520 922 2557">
    <p class='ocr_par' dir='ltr' id='par_1_42' title="bbox 135 2520 922 2557">
     <span class='ocr_line' id='line_1_42' title="bbox 135 2520 922 2557; baseline -0.005 -7"><span class='ocrx_word' id='word_1_284' title='bbox 135 2524 184 2551; x_wconf 76' lang='grc' dir='ltr'>καὶ</span> <span class='ocrx_word' id='word_1_285' title='bbox 194 2523 298 2550; x_wconf 76' lang='grc' dir='ltr'><strong>ἄνωθεν</strong></span> <span class='ocrx_word' id='word_1_286' title='bbox 314 2523 362 2550; x_wconf 78' lang='grc' dir='ltr'>τοῦ</span> <span class='ocrx_word' id='word_1_287' title='bbox 379 2523 458 2557; x_wconf 83' lang='grc' dir='ltr'>ἁγίου</span> <span class='ocrx_word' id='word_1_288' title='bbox 484 2521 571 2556; x_wconf 82' lang='grc' dir='ltr'>τάφου</span> <span class='ocrx_word' id='word_1_289' title='bbox 587 2520 757 2557; x_wconf 80' lang='grc' dir='ltr'>κρεμοῦνται</span> <span class='ocrx_word' id='word_1_290' title='bbox 775 2520 922 2556; x_wconf 81' lang='grc' dir='ltr'>κανδήλαις</span> 
     </span>
    </p>
   </div>
   <div class='ocr_carea' id='block_1_43' title="bbox 135 2567 921 2604">
    <p class='ocr_par' dir='ltr' id='par_1_43' title="bbox 135 2567 921 2604">
     <span class='ocr_line' id='line_1_43' title="bbox 135 2567 921 2604; baseline -0.005 -6"><span class='ocrx_word' id='word_1_291' title='bbox 135 2571 192 2604; x_wconf 78' lang='grc' dir='ltr'>λς’,</span> <span class='ocrx_word' id='word_1_292' title='bbox 215 2571 264 2597; x_wconf 83' lang='grc' dir='ltr'>καὶ</span> <span class='ocrx_word' id='word_1_293' title='bbox 286 2570 335 2598; x_wconf 85' lang='grc' dir='ltr'><strong>δύο</strong></span> <span class='ocrx_word' id='word_1_294' title='bbox 363 2570 412 2597; x_wconf 82' lang='grc' dir='ltr'>καὶ</span> <span class='ocrx_word' id='word_1_295' title='bbox 428 2569 616 2604; x_wconf 82' lang='grc' dir='ltr'>φωταγωγοῠν</span> <span class='ocrx_word' id='word_1_296' title='bbox 633 2567 720 2596; x_wconf 81' lang='grc' dir='ltr'>νύκτα</span> <span class='ocrx_word' id='word_1_297' title='bbox 735 2569 783 2595; x_wconf 71' lang='grc' dir='ltr'>καὶ</span> <span class='ocrx_word' id='word_1_298' title='bbox 801 2567 921 2604; x_wconf 82' lang='grc' dir='ltr'>ἡμέραν.</span> 
     </span>
    </p>
   </div>
   <div class='ocr_carea' id='block_1_44' title="bbox 135 2613 922 2652">
    <p class='ocr_par' dir='ltr' id='par_1_44' title="bbox 135 2613 922 2652">
     <span class='ocr_line' id='line_1_44' title="bbox 135 2613 922 2652; baseline -0.005 -9"><span class='ocrx_word' id='word_1_299' title='bbox 135 2614 213 2644; x_wconf 73' lang='grc' dir='ltr'>Εἶναι</span> <span class='ocrx_word' id='word_1_300' title='bbox 226 2615 274 2642; x_wconf 86' lang='grc' dir='ltr'>καὶ</span> <span class='ocrx_word' id='word_1_301' title='bbox 302 2616 470 2652; x_wconf 79' lang='grc' dir='ltr'>ίστορημένη</span> <span class='ocrx_word' id='word_1_302' title='bbox 494 2615 511 2650; x_wconf 83' lang='grc' dir='ltr'>ἡ</span> <span class='ocrx_word' id='word_1_303' title='bbox 538 2614 703 2650; x_wconf 80' lang='grc' dir='ltr'>Λαζάρωσις</span> <span class='ocrx_word' id='word_1_304' title='bbox 722 2613 769 2640; x_wconf 83' lang='grc' dir='ltr'>τοῦ</span> <span class='ocrx_word' id='word_1_305' title='bbox 789 2613 922 2648; x_wconf 82' lang='grc' dir='ltr'>Χριστοῦ,</span> 
     </span>
    </p>
   </div>
   <div class='ocr_carea' id='block_1_45' title="bbox 134 2657 926 2697">
    <p class='ocr_par' dir='ltr' id='par_1_45' title="bbox 134 2657 926 2697">
     <span class='ocr_line' id='line_1_45' title="bbox 134 2657 926 2697; baseline -0.005 -8"><span class='ocrx_word' id='word_1_306' title='bbox 134 2662 184 2690; x_wconf 76' lang='grc' dir='ltr'>καὶ</span> <span class='ocrx_word' id='word_1_307' title='bbox 193 2662 210 2697; x_wconf 85' lang='grc' dir='ltr'>ὴ</span> <span class='ocrx_word' id='word_1_308' title='bbox 221 2661 392 2694; x_wconf 84' lang='grc' dir='ltr'>Ἀνάστασις,</span> <span class='ocrx_word' id='word_1_309' title='bbox 404 2660 452 2688; x_wconf 76' lang='grc' dir='ltr'>καὶ</span> <span class='ocrx_word' id='word_1_310' title='bbox 462 2661 478 2696; x_wconf 83' lang='grc' dir='ltr'>ἡ</span> <span class='ocrx_word' id='word_1_311' title='bbox 487 2660 644 2695; x_wconf 76' lang='grc' dir='ltr'>Ἀνάληψις.</span> <span class='ocrx_word' id='word_1_312' title='bbox 662 2660 717 2687; x_wconf 74' lang='grc' dir='ltr'><strong>Καὶ</strong></span> <span class='ocrx_word' id='word_1_313' title='bbox 730 2659 770 2691; x_wconf 80' lang='grc' dir='ltr'><strong>είς</strong></span> <span class='ocrx_word' id='word_1_314' title='bbox 786 2659 832 2686; x_wconf 76' lang='grc' dir='ltr'><strong>τὸν</strong></span> <span class='ocrx_word' id='word_1_315' title='bbox 841 2657 926 2694; x_wconf 84' lang='grc' dir='ltr'>γύρον</span> 
     </span>
    </p>
   </div>
   <div class='ocr_carea' id='block_1_46' title="bbox 134 2703 925 2743">
    <p class='ocr_par' dir='ltr' id='par_1_46' title="bbox 134 2703 925 2743">
     <span class='ocr_line' id='line_1_46' title="bbox 134 2703 925 2743; baseline -0.001 -9"><span class='ocrx_word' id='word_1_316' title='bbox 134 2707 183 2734; x_wconf 79' lang='grc' dir='ltr'>τοῦ</span> <span class='ocrx_word' id='word_1_317' title='bbox 194 2708 281 2741; x_wconf 81' lang='grc' dir='ltr'>τάφου</span> <span class='ocrx_word' id='word_1_318' title='bbox 298 2707 440 2743; x_wconf 81' lang='grc' dir='ltr'>ὑπάρχουν</span> <span class='ocrx_word' id='word_1_319' title='bbox 460 2703 596 2742; x_wconf 77' lang='grc' dir='ltr'>μάρμαρα</span> <span class='ocrx_word' id='word_1_320' title='bbox 610 2706 802 2742; x_wconf 82' lang='grc' dir='ltr'>κεκολλημένα</span> <span class='ocrx_word' id='word_1_321' title='bbox 823 2706 865 2738; x_wconf 83' lang='grc' dir='ltr'>είς</span> <span class='ocrx_word' id='word_1_322' title='bbox 878 2705 925 2733; x_wconf 82' lang='grc' dir='ltr'>τὸν</span> 
     </span>
    </p>
   </div>
   <div class='ocr_carea' id='block_1_47' title="bbox 135 2752 926 2789">
    <p class='ocr_par' dir='ltr' id='par_1_47' title="bbox 135 2752 926 2789">
     <span class='ocr_line' id='line_1_47' title="bbox 135 2752 926 2789; baseline -0.001 -9"><span class='ocrx_word' id='word_1_323' title='bbox 135 2755 236 2789; x_wconf 82' lang='grc' dir='ltr'>τεῖχον.</span> <span class='ocrx_word' id='word_1_324' title='bbox 254 2753 374 2786; x_wconf 44' lang='grc' dir='ltr'>Καὶ-είς</span> <span class='ocrx_word' id='word_1_325' title='bbox 389 2753 420 2780; x_wconf 83' lang='grc' dir='ltr'><strong>τὺ</strong></span> <span class='ocrx_word' id='word_1_326' title='bbox 445 2753 545 2788; x_wconf 68' lang='grc' dir='ltr'>ἔδαφος</span> <span class='ocrx_word' id='word_1_327' title='bbox 561 2754 628 2789; x_wconf 82' lang='grc' dir='ltr'>παρ’</span> <span class='ocrx_word' id='word_1_328' title='bbox 651 2752 735 2781; x_wconf 82' lang='grc' dir='ltr'>αὑτοῦ</span> <span class='ocrx_word' id='word_1_329' title='bbox 753 2752 844 2787; x_wconf 81' lang='grc' dir='ltr'>ὀλίγον</span> <span class='ocrx_word' id='word_1_330' title='bbox 863 2752 926 2779; x_wconf 81' lang='grc' dir='ltr'>ὅσον</span> 
     </span>
    </p>
   </div>
   <div class='ocr_carea' id='block_1_48' title="bbox 137 2800 927 2838">
    <p class='ocr_par' dir='ltr' id='par_1_48' title="bbox 137 2800 927 2838">
     <span class='ocr_line' id='line_1_48' title="bbox 137 2800 927 2838; baseline -0.003 -9"><span class='ocrx_word' id='word_1_331' title='bbox 137 2801 160 2837; x_wconf 83' lang='grc' dir='ltr'><strong>β’</strong></span> <span class='ocrx_word' id='word_1_332' title='bbox 175 2802 287 2838; x_wconf 84' lang='grc' dir='ltr'>βήματα</span> <span class='ocrx_word' id='word_1_333' title='bbox 303 2800 392 2828; x_wconf 79' lang='grc' dir='ltr'>ποδῶν</span> <span class='ocrx_word' id='word_1_334' title='bbox 404 2800 463 2829; x_wconf 80' lang='grc' dir='ltr'>έναι</span> <span class='ocrx_word' id='word_1_335' title='bbox 477 2801 492 2828; x_wconf 81' lang='grc'>6</span> <span class='ocrx_word' id='word_1_336' title='bbox 508 2801 582 2834; x_wconf 82' lang='grc' dir='ltr'>λίθος</span> <span class='ocrx_word' id='word_1_337' title='bbox 594 2800 664 2830; x_wconf 65' lang='grc' dir='ltr'><strong>ὀποῦ</strong></span> <span class='ocrx_word' id='word_1_338' title='bbox 679 2800 808 2830; x_wconf 69' lang='grc' dir='ltr'>ἐκάθισεν</span> <span class='ocrx_word' id='word_1_339' title='bbox 819 2801 833 2828; x_wconf 78' lang='grc' dir='ltr'><strong>ό</strong></span> <span class='ocrx_word' id='word_1_340' title='bbox 843 2800 927 2836; x_wconf 75' lang='grc' dir='ltr'>ἄγγε-</span> 
     </span>
    </p>
   </div>
   <div class='ocr_carea' id='block_1_49' title="bbox 173 2882 499 2919">
    <p class='ocr_par' dir='ltr' id='par_1_49' title="bbox 173 2882 499 2919">
     <span class='ocr_line' id='line_1_49' title="bbox 173 2882 499 2919; baseline -0.003 -7"><span class='ocrx_word' id='word_1_341' title='bbox 173 2883 182 2899; x_wconf 87' lang='grc'>¹</span> <span class='ocrx_word' id='word_1_342' title='bbox 195 2882 294 2912; x_wconf 78' lang='lat' dir='ltr'><strong>Matth.</strong></span> <span class='ocrx_word' id='word_1_343' title='bbox 311 2890 408 2919; x_wconf 77' lang='lat' dir='ltr'><strong>IXVlll,</strong></span> <span class='ocrx_word' id='word_1_344' title='bbox 425 2882 453 2918; x_wconf 78' lang='lat'><strong>5,</strong></span> <span class='ocrx_word' id='word_1_345' title='bbox 470 2883 499 2912; x_wconf 83' lang='lat'><strong>6.</strong></span> 
     </span>
    </p>
   </div>
   <div class='ocr_carea' id='block_1_50' title="bbox 1005 952 1762 991">
    <p class='ocr_par' dir='ltr' id='par_1_50' title="bbox 1005 952 1762 991">
     <span class='ocr_line' id='line_1_50' title="bbox 1005 952 1762 991; baseline 0.003 -12"><span class='ocrx_word' id='word_1_346' title='bbox 1005 952 1031 980; x_wconf 79' lang='grc' dir='ltr'><strong>Ι.</strong></span> <span class='ocrx_word' id='word_1_347' title='bbox 1048 952 1099 980; x_wconf 84' lang='lat' dir='ltr'><strong>Pro</strong></span> <span class='ocrx_word' id='word_1_348' title='bbox 1119 953 1190 980; x_wconf 84' lang='lat' dir='ltr'><strong>bona</strong></span> <span class='ocrx_word' id='word_1_349' title='bbox 1207 953 1292 981; x_wconf 85' lang='lat' dir='ltr'><strong>animi</strong></span> <span class='ocrx_word' id='word_1_350' title='bbox 1309 954 1347 982; x_wconf 93' lang='lat' dir='ltr'><strong>tui</strong></span> <span class='ocrx_word' id='word_1_351' title='bbox 1362 954 1584 991; x_wconf 49' lang='lat' dir='ltr'><strong>sententia‘petls</strong></span> <span class='ocrx_word' id='word_1_352' title='bbox 1600 961 1614 981; x_wconf 85' lang='lat' dir='ltr'><strong>a</strong></span> <span class='ocrx_word' id='word_1_353' title='bbox 1633 961 1676 982; x_wconf 89' lang='lat' dir='ltr'><strong>me</strong></span> <span class='ocrx_word' id='word_1_354' title='bbox 1699 961 1762 982; x_wconf 87' lang='lat' dir='ltr'><strong>nar-</strong></span> 
     </span>
    </p>
   </div>
   <div class='ocr_carea' id='block_1_51' title="bbox 972 999 1763 1037">
    <p class='ocr_par' dir='ltr' id='par_1_51' title="bbox 972 999 1763 1037">
     <span class='ocr_line' id='line_1_51' title="bbox 972 999 1763 1037; baseline 0.003 -12"><span class='ocrx_word' id='word_1_355' title='bbox 972 999 1106 1027; x_wconf 86' lang='lat' dir='ltr'><strong>rationem</strong></span> <span class='ocrx_word' id='word_1_356' title='bbox 1136 999 1168 1027; x_wconf 87' lang='lat' dir='ltr'><strong>de</strong></span> <span class='ocrx_word' id='word_1_357' title='bbox 1195 1000 1263 1027; x_wconf 90' lang='lat' dir='ltr'><strong>locis</strong></span> <span class='ocrx_word' id='word_1_358' title='bbox 1278 1001 1392 1035; x_wconf 83' lang='lat' dir='ltr'><strong>sanctis,</strong></span> <span class='ocrx_word' id='word_1_359' title='bbox 1418 1009 1466 1037; x_wconf 85' lang='lat' dir='ltr'><strong>per</strong></span> <span class='ocrx_word' id='word_1_360' title='bbox 1492 1008 1552 1036; x_wconf 68' lang='lat' dir='ltr'><strong>qua:</strong></span> <span class='ocrx_word' id='word_1_361' title='bbox 1574 1000 1711 1033; x_wconf 75' lang='lat' dir='ltr'><strong>Christus,</strong></span> <span class='ocrx_word' id='word_1_362' title='bbox 1735 1005 1763 1028; x_wconf 90' lang='lat' dir='ltr'><strong>et</strong></span> 
     </span>
    </p>
   </div>
   <div class='ocr_carea' id='block_1_52' title="bbox 971 1045 1762 1082">
    <p class='ocr_par' dir='ltr' id='par_1_52' title="bbox 971 1045 1762 1082">
     <span class='ocr_line' id='line_1_52' title="bbox 971 1045 1762 1082; baseline 0.001 -10"><span class='ocrx_word' id='word_1_363' title='bbox 971 1045 1099 1080; x_wconf 81' lang='lat' dir='ltr'><strong>Deipara,</strong></span> <span class='ocrx_word' id='word_1_364' title='bbox 1116 1051 1145 1073; x_wconf 91' lang='lat' dir='ltr'><strong>et</strong></span> <span class='ocrx_word' id='word_1_365' title='bbox 1158 1046 1244 1073; x_wconf 82' lang='lat' dir='ltr'><strong>sancti</strong></span> <span class='ocrx_word' id='word_1_366' title='bbox 1266 1047 1393 1081; x_wconf 86' lang='lat' dir='ltr'><strong>apostoli,</strong></span> <span class='ocrx_word' id='word_1_367' title='bbox 1418 1052 1445 1075; x_wconf 84' lang='lat' dir='ltr'><strong>et</strong></span> <span class='ocrx_word' id='word_1_368' title='bbox 1458 1047 1607 1082; x_wconf 77' lang='lat' dir='ltr'><strong>prophetae,</strong></span> <span class='ocrx_word' id='word_1_369' title='bbox 1623 1052 1651 1074; x_wconf 88' lang='lat' dir='ltr'><strong>et</strong></span> <span class='ocrx_word' id='word_1_370' title='bbox 1666 1047 1762 1081; x_wconf 83' lang='lat' dir='ltr'><strong>reliqui</strong></span> 
     </span>
    </p>
   </div>
   <div class='ocr_carea' id='block_1_53' title="bbox 972 1093 1764 1128">
    <p class='ocr_par' dir='ltr' id='par_1_53' title="bbox 972 1093 1764 1128">
     <span class='ocr_line' id='line_1_53' title="bbox 972 1093 1764 1128; baseline 0.003 -10"><span class='ocrx_word' id='word_1_371' title='bbox 972 1093 1071 1125; x_wconf 84' lang='lat' dir='ltr'><strong>sancti,</strong></span> <span class='ocrx_word' id='word_1_372' title='bbox 1088 1093 1309 1120; x_wconf 86' lang='lat' dir='ltr'><strong>obambularunt.</strong></span> <span class='ocrx_word' id='word_1_373' title='bbox 1327 1093 1428 1120; x_wconf 85' lang='lat' dir='ltr'><strong>Morem</strong></span> <span class='ocrx_word' id='word_1_374' title='bbox 1445 1101 1550 1128; x_wconf 80' lang='lat' dir='ltr'><strong>geram.</strong></span> <span class='ocrx_word' id='word_1_375' title='bbox 1569 1093 1680 1121; x_wconf 79' lang='lat' dir='ltr'><strong>Fratres</strong></span> <span class='ocrx_word' id='word_1_376' title='bbox 1697 1094 1764 1120; x_wconf 88' lang='lat' dir='ltr'><strong>cha-</strong></span> 
     </span>
    </p>
   </div>
   <div class='ocr_carea' id='block_1_54' title="bbox 971 1137 1764 1172">
    <p class='ocr_par' dir='ltr' id='par_1_54' title="bbox 971 1137 1764 1172">
     <span class='ocr_line' id='line_1_54' title="bbox 971 1137 1764 1172; baseline 0.004 -9"><span class='ocrx_word' id='word_1_377' title='bbox 971 1137 1086 1169; x_wconf 85' lang='lat' dir='ltr'><strong>rissimi,</strong></span> <span class='ocrx_word' id='word_1_378' title='bbox 1104 1137 1208 1169; x_wconf 78' lang='lat' dir='ltr'><strong>audite,</strong></span> <span class='ocrx_word' id='word_1_379' title='bbox 1225 1145 1285 1172; x_wconf 80' lang='lat' dir='ltr'><strong>quae</strong></span> <span class='ocrx_word' id='word_1_380' title='bbox 1300 1138 1423 1166; x_wconf 89' lang='lat' dir='ltr'><strong>dicturus</strong></span> <span class='ocrx_word' id='word_1_381' title='bbox 1450 1146 1509 1166; x_wconf 90' lang='lat' dir='ltr'><strong>sum</strong></span> <span class='ocrx_word' id='word_1_382' title='bbox 1535 1139 1568 1166; x_wconf 91' lang='lat' dir='ltr'><strong>de</strong></span> <span class='ocrx_word' id='word_1_383' title='bbox 1583 1143 1676 1167; x_wconf 80' lang='lat' dir='ltr'><strong>sancta</strong></span> <span class='ocrx_word' id='word_1_384' title='bbox 1696 1139 1764 1167; x_wconf 94' lang='lat' dir='ltr'><strong>urbe</strong></span> 
     </span>
    </p>
   </div>
   <div class='ocr_carea' id='block_1_55' title="bbox 971 1180 1762 1216">
    <p class='ocr_par' dir='ltr' id='par_1_55' title="bbox 971 1180 1762 1216">
     <span class='ocr_line' id='line_1_55' title="bbox 971 1180 1762 1216; baseline 0.003 -8"><span class='ocrx_word' id='word_1_385' title='bbox 971 1180 1133 1214; x_wconf 84' lang='lat' dir='ltr'><strong>Jerusalem,</strong></span> <span class='ocrx_word' id='word_1_386' title='bbox 1155 1186 1182 1208; x_wconf 88' lang='lat' dir='ltr'><strong>et</strong></span> <span class='ocrx_word' id='word_1_387' title='bbox 1205 1181 1376 1216; x_wconf 86' lang='lat' dir='ltr'><strong>potissimum</strong></span> <span class='ocrx_word' id='word_1_388' title='bbox 1402 1184 1436 1210; x_wconf 88' lang='lat' dir='ltr'><strong>de</strong></span> <span class='ocrx_word' id='word_1_389' title='bbox 1463 1182 1571 1210; x_wconf 78' lang='lat' dir='ltr'><strong>Sanctis</strong></span> <span class='ocrx_word' id='word_1_390' title='bbox 1589 1188 1762 1215; x_wconf 85' lang='lat' dir='ltr'><strong>sanctorum,</strong></span> 
     </span>
    </p>
   </div>
   <div class='ocr_carea' id='block_1_56' title="bbox 971 1226 1765 1260">
    <p class='ocr_par' dir='ltr' id='par_1_56' title="bbox 971 1226 1765 1260">
     <span class='ocr_line' id='line_1_56' title="bbox 971 1226 1765 1260; baseline 0.003 -6"><span class='ocrx_word' id='word_1_391' title='bbox 971 1226 1159 1260; x_wconf 80' lang='lat' dir='ltr'><strong>Gethscmani,</strong></span> <span class='ocrx_word' id='word_1_392' title='bbox 1188 1231 1215 1254; x_wconf 88' lang='lat' dir='ltr'><strong>et</strong></span> <span class='ocrx_word' id='word_1_393' title='bbox 1235 1232 1328 1256; x_wconf 85' lang='lat' dir='ltr'><strong>monte</strong></span> <span class='ocrx_word' id='word_1_394' title='bbox 1349 1227 1502 1256; x_wconf 84' lang='lat' dir='ltr'><strong>Olivarum.</strong></span> <span class='ocrx_word' id='word_1_395' title='bbox 1528 1227 1569 1255; x_wconf 88' lang='lat' dir='ltr'><strong>Sit</strong></span> <span class='ocrx_word' id='word_1_396' title='bbox 1584 1236 1649 1256; x_wconf 86' lang='lat' dir='ltr'><strong>vero</strong></span> <span class='ocrx_word' id='word_1_397' title='bbox 1664 1233 1765 1256; x_wconf 68' lang='lat' dir='ltr'><strong>nostra:</strong></span> 
     </span>
    </p>
   </div>
   <div class='ocr_carea' id='block_1_57' title="bbox 972 1273 1766 1309">
    <p class='ocr_par' dir='ltr' id='par_1_57' title="bbox 972 1273 1766 1309">
     <span class='ocr_line' id='line_1_57' title="bbox 972 1273 1766 1309; baseline 0.004 -9"><span class='ocrx_word' id='word_1_398' title='bbox 972 1273 1137 1300; x_wconf 80' lang='lat' dir='ltr'><strong>narrationis</strong></span> <span class='ocrx_word' id='word_1_399' title='bbox 1155 1274 1262 1301; x_wconf 89' lang='lat' dir='ltr'><strong>initium</strong></span> <span class='ocrx_word' id='word_1_400' title='bbox 1281 1282 1295 1301; x_wconf 87' lang='lat' dir='ltr'><strong>a</strong></span> <span class='ocrx_word' id='word_1_401' title='bbox 1318 1274 1426 1302; x_wconf 81' lang='lat' dir='ltr'><strong>viviﬁco</strong></span> <span class='ocrx_word' id='word_1_402' title='bbox 1442 1274 1569 1309; x_wconf 81' lang='lat' dir='ltr'><strong>sepulcro</strong></span> <span class='ocrx_word' id='word_1_403' title='bbox 1585 1274 1691 1302; x_wconf 84' lang='lat' dir='ltr'><strong>Domini</strong></span> <span class='ocrx_word' id='word_1_404' title='bbox 1715 1282 1766 1303; x_wconf 81' lang='lat' dir='ltr'><strong>no-</strong></span> 
     </span>
    </p>
   </div>
   <div class='ocr_carea' id='block_1_58' title="bbox 972 1319 1765 1358">
    <p class='ocr_par' dir='ltr' id='par_1_58' title="bbox 972 1319 1765 1358">
     <span class='ocr_line' id='line_1_58' title="bbox 972 1319 1765 1358; baseline 0.003 -11"><span class='ocrx_word' id='word_1_405' title='bbox 972 1319 1021 1348; x_wconf 84' lang='lat' dir='ltr'><strong>stri</strong></span> <span class='ocrx_word' id='word_1_406' title='bbox 1033 1319 1100 1347; x_wconf 86' lang='lat' dir='ltr'><strong>Jesu</strong></span> <span class='ocrx_word' id='word_1_407' title='bbox 1111 1319 1226 1347; x_wconf 78' lang='lat' dir='ltr'><strong>Christi.</strong></span> <span class='ocrx_word' id='word_1_408' title='bbox 1240 1320 1380 1356; x_wconf 89' lang='lat' dir='ltr'><strong>Templum</strong></span> <span class='ocrx_word' id='word_1_409' title='bbox 1394 1323 1481 1350; x_wconf 83' lang='lat' dir='ltr'><strong>sancti</strong></span> <span class='ocrx_word' id='word_1_410' title='bbox 1495 1322 1613 1358; x_wconf 79' lang='lat' dir='ltr'><strong>sepulcri</strong></span> <span class='ocrx_word' id='word_1_411' title='bbox 1623 1325 1664 1350; x_wconf 83' lang='lat' dir='ltr'><strong>est</strong></span> <span class='ocrx_word' id='word_1_412' title='bbox 1678 1322 1765 1349; x_wconf 77' lang='lat' dir='ltr'><strong>forma</strong></span> 
     </span>
    </p>
   </div>
   <div class='ocr_carea' id='block_1_59' title="bbox 973 1366 1765 1400">
    <p class='ocr_par' dir='ltr' id='par_1_59' title="bbox 973 1366 1765 1400">
     <span class='ocr_line' id='line_1_59' title="bbox 973 1366 1765 1400; baseline 0.004 -8"><span class='ocrx_word' id='word_1_413' title='bbox 973 1366 1100 1400; x_wconf 75' lang='lat' dir='ltr'><strong>rotunda,</strong></span> <span class='ocrx_word' id='word_1_414' title='bbox 1118 1366 1145 1393; x_wconf 94' lang='lat' dir='ltr'><strong>in</strong></span> <span class='ocrx_word' id='word_1_415' title='bbox 1161 1367 1249 1394; x_wconf 86' lang='lat' dir='ltr'><strong>media</strong></span> <span class='ocrx_word' id='word_1_416' title='bbox 1266 1373 1360 1395; x_wconf 84' lang='lat' dir='ltr'><strong>sancta</strong></span> <span class='ocrx_word' id='word_1_417' title='bbox 1372 1368 1482 1396; x_wconf 78' lang='lat' dir='ltr'><strong>civitate</strong></span> <span class='ocrx_word' id='word_1_418' title='bbox 1496 1368 1649 1397; x_wconf 79' lang='lat' dir='ltr'><strong>Jerusalem</strong></span> <span class='ocrx_word' id='word_1_419' title='bbox 1668 1369 1765 1400; x_wconf 85' lang='lat' dir='ltr'><strong>situm,</strong></span> 
     </span>
    </p>
   </div>
   <div class='ocr_carea' id='block_1_60' title="bbox 972 1412 1766 1447">
    <p class='ocr_par' dir='ltr' id='par_1_60' title="bbox 972 1412 1766 1447">
     <span class='ocr_line' id='line_1_60' title="bbox 972 1412 1766 1447; baseline 0.005 -9"><span class='ocrx_word' id='word_1_420' title='bbox 972 1412 1079 1441; x_wconf 87' lang='lat' dir='ltr'><strong>duabus</strong></span> <span class='ocrx_word' id='word_1_421' title='bbox 1105 1412 1194 1440; x_wconf 89' lang='lat' dir='ltr'><strong>trullis</strong></span> <span class='ocrx_word' id='word_1_422' title='bbox 1222 1413 1414 1447; x_wconf 86' lang='lat' dir='ltr'><strong>conspicuum.</strong></span> <span class='ocrx_word' id='word_1_423' title='bbox 1435 1413 1522 1442; x_wconf 83' lang='lat' dir='ltr'><strong>liabet</strong></span> <span class='ocrx_word' id='word_1_424' title='bbox 1546 1415 1597 1442; x_wconf 86' lang='lat' dir='ltr'><strong>sibi</strong></span> <span class='ocrx_word' id='word_1_425' title='bbox 1628 1422 1766 1442; x_wconf 77' lang='lat' dir='ltr'><strong>annexum</strong></span> 
     </span>
    </p>
   </div>
   <div class='ocr_carea' id='block_1_61' title="bbox 972 1456 1785 1524">
    <p class='ocr_par' dir='ltr' id='par_1_61' title="bbox 972 1456 1785 1524">
     <span class='ocr_line' id='line_1_61' title="bbox 972 1456 1785 1524; baseline 0.004 -39"><span class='ocrx_word' id='word_1_426' title='bbox 972 1458 1124 1493; x_wconf 84' lang='lat' dir='ltr'><strong>campanile</strong></span> <span class='ocrx_word' id='word_1_427' title='bbox 1146 1459 1371 1493; x_wconf 86' lang='lat' dir='ltr'><strong>pulcherrimum.</strong></span> <span class='ocrx_word' id='word_1_428' title='bbox 1397 1457 1463 1493; x_wconf 60' lang='lat' dir='ltr'><strong>Quin</strong></span> <span class='ocrx_word' id='word_1_429' title='bbox 1489 1461 1570 1494; x_wconf 77' lang='lat' dir='ltr'><strong>longe</strong></span> <span class='ocrx_word' id='word_1_430' title='bbox 1595 1461 1699 1489; x_wconf 83' lang='lat' dir='ltr'><strong>dissitis</strong></span> <span class='ocrx_word' id='word_1_431' title='bbox 1725 1456 1785 1524; x_wconf 26' lang='lat' dir='ltr'><strong>ty-i</strong></span> 
     </span>
     <span class='ocr_line' id='line_1_62' title="bbox 973 1505 1747 1524; baseline 0 0"><span class='ocrx_word' id='word_1_432' title='bbox 973 1512 1036 1524; x_wconf 85' lang='lat' dir='ltr'><strong>num</strong></span> <span class='ocrx_word' id='word_1_433' title='bbox 1071 1505 1252 1524; x_wconf 67' lang='lat' dir='ltr'><strong>conpliccimm</strong></span> <span class='ocrx_word' id='word_1_434' title='bbox 1283 1506 1391 1524; x_wconf 63' lang='lat' dir='ltr'><strong>Trimliu</strong></span> <span class='ocrx_word' id='word_1_435' title='bbox 1417 1512 1613 1524; x_wconf 69' lang='lat' dir='ltr'><strong>rnnr&#39;ncanlnnl</strong></span> <span class='ocrx_word' id='word_1_436' title='bbox 1655 1508 1747 1524; x_wconf 70' lang='grc' dir='ltr'><strong>ΤωιΙΙ..</strong></span> 
     </span>
    </p>
   </div>
   <div class='ocr_carea' id='block_1_62' title="bbox 973 1505 1785 1542">
    <p class='ocr_par' dir='ltr' id='par_1_62' title="bbox 973 1505 1785 1542">
     <span class='ocr_line' id='line_1_63' title="bbox 973 1505 1785 1542; baseline 0.002 -10"><span class='ocrx_word' id='word_1_437' title='bbox 973 1512 1037 1539; x_wconf 90' lang='lat' dir='ltr'><strong>pum</strong></span> <span class='ocrx_word' id='word_1_438' title='bbox 1071 1505 1252 1533; x_wconf 72' lang='lat' dir='ltr'><strong>sanctissimae</strong></span> <span class='ocrx_word' id='word_1_439' title='bbox 1283 1506 1392 1534; x_wconf 80' lang='lat' dir='ltr'><strong>Triadis</strong></span> <span class='ocrx_word' id='word_1_440' title='bbox 1417 1512 1624 1540; x_wconf 74' lang='lat' dir='ltr'><strong>repraesentant.</strong></span> <span class='ocrx_word' id='word_1_441' title='bbox 1655 1505 1785 1542; x_wconf 77' lang='lat' dir='ltr'><strong>Trulla,l</strong></span> 
     </span>
    </p>
   </div>
   <div class='ocr_carea' id='block_1_63' title="bbox 973 1549 1837 1611">
    <p class='ocr_par' dir='ltr' id='par_1_63' title="bbox 973 1549 1837 1611">
     <span class='ocr_line' id='line_1_64' title="bbox 973 1549 1837 1611; baseline 0.005 -33"><span class='ocrx_word' id='word_1_442' title='bbox 973 1559 1056 1586; x_wconf 85' lang='lat' dir='ltr'><strong>super</strong></span> <span class='ocrx_word' id='word_1_443' title='bbox 1073 1555 1198 1579; x_wconf 84' lang='lat' dir='ltr'><strong>sanctum</strong></span> <span class='ocrx_word' id='word_1_444' title='bbox 1220 1552 1376 1586; x_wconf 87' lang='lat' dir='ltr'><strong>sepulcrum</strong></span> <span class='ocrx_word' id='word_1_445' title='bbox 1400 1553 1535 1585; x_wconf 86' lang='lat' dir='ltr'><strong>eminens,</strong></span> <span class='ocrx_word' id='word_1_446' title='bbox 1562 1554 1635 1581; x_wconf 92' lang='lat' dir='ltr'><strong>nullo</strong></span> <span class='ocrx_word' id='word_1_447' title='bbox 1667 1554 1767 1589; x_wconf 78' lang='lat' dir='ltr'><strong>tegitur</strong></span> <span class='ocrx_word' id='word_1_448' title='bbox 1786 1549 1791 1595; x_wconf 57' lang='grc' dir='ltr'>ξ</span> <span class='ocrx_word' id='word_1_449' title='bbox 1812 1569 1837 1611; x_wconf 48' lang='grc' dir='ltr'><strong>οἳ</strong></span> 
     </span>
     <span class='ocr_line' id='line_1_65' title="bbox 976 1598 1792 1611; baseline 0 0"><span class='ocrx_word' id='word_1_450' title='bbox 976 1603 1044 1611; x_wconf 64' lang='grc' dir='ltr'><strong>ΙΑιιΙΑ</strong></span> <span class='ocrx_word' id='word_1_451' title='bbox 1057 1606 1064 1611; x_wconf 90' lang='grc'>.</span> <span class='ocrx_word' id='word_1_452' title='bbox 1096 1598 1166 1611; x_wconf 69' lang='grc' dir='ltr'><strong>ιηιιιιΙ</strong></span> <span class='ocrx_word' id='word_1_453' title='bbox 1200 1598 1262 1611; x_wconf 71' lang='grc' dir='ltr'><strong>ῗ-ᾹΑ</strong></span> <span class='ocrx_word' id='word_1_454' title='bbox 1295 1598 1471 1611; x_wconf 62' lang='grc' dir='ltr'><strong>ιιληΛλιικΙΛ-ΛΙ</strong></span> <span class='ocrx_word' id='word_1_455' title='bbox 1502 1605 1623 1611; x_wconf 57' lang='grc' dir='ltr'><strong>...ι-.-.μμ</strong></span> <span class='ocrx_word' id='word_1_456' title='bbox 1655 1600 1743 1611; x_wconf 66' lang='lat' dir='ltr'><strong>I.._.-_</strong></span> <span class='ocrx_word' id='word_1_457' title='bbox 1759 1609 1765 1611; x_wconf 89' lang='lat'>_</span> <span class='ocrx_word' id='word_1_458' title='bbox 1790 1598 1792 1610; x_wconf 68' lang='grc' dir='ltr'><strong><em>ἴ</em></strong></span> 
     </span>
    </p>
   </div>
   <div class='ocr_carea' id='block_1_64' title="bbox 976 1598 1828 1633">
    <p class='ocr_par' dir='ltr' id='par_1_64' title="bbox 976 1598 1828 1633">
     <span class='ocr_line' id='line_1_66' title="bbox 976 1598 1828 1633; baseline 0.005 -9"><span class='ocrx_word' id='word_1_459' title='bbox 976 1603 1065 1632; x_wconf 90' lang='lat' dir='ltr'><strong>tecto;</strong></span> <span class='ocrx_word' id='word_1_460' title='bbox 1095 1598 1167 1633; x_wconf 89' lang='lat' dir='ltr'><strong>quod</strong></span> <span class='ocrx_word' id='word_1_461' title='bbox 1200 1598 1263 1625; x_wconf 90' lang='lat' dir='ltr'><strong>inde</strong></span> <span class='ocrx_word' id='word_1_462' title='bbox 1293 1598 1474 1626; x_wconf 82' lang='lat' dir='ltr'><strong>descenderet</strong></span> <span class='ocrx_word' id='word_1_463' title='bbox 1502 1605 1625 1626; x_wconf 83' lang='lat' dir='ltr'><strong>sanctum</strong></span> <span class='ocrx_word' id='word_1_464' title='bbox 1655 1600 1766 1628; x_wconf 87' lang='lat' dir='ltr'><strong>lumen:</strong></span> <span class='ocrx_word' id='word_1_465' title='bbox 1790 1598 1793 1623; x_wconf 54' lang='grc' dir='ltr'>ἓ</span> <span class='ocrx_word' id='word_1_466' title='bbox 1822 1598 1828 1628; x_wconf 71' lang='grc' dir='ltr'><strong>ἲ</strong></span> 
     </span>
    </p>
   </div>
   <div class='ocr_carea' id='block_1_65' title="bbox 975 1643 1798 1684">
    <p class='ocr_par' dir='ltr' id='par_1_65' title="bbox 975 1643 1798 1684">
     <span class='ocr_line' id='line_1_67' title="bbox 975 1643 1798 1684; baseline 0.004 -14"><span class='ocrx_word' id='word_1_467' title='bbox 975 1643 1028 1670; x_wconf 86' lang='lat' dir='ltr'><strong>alia</strong></span> <span class='ocrx_word' id='word_1_468' title='bbox 1045 1643 1156 1678; x_wconf 87' lang='lat' dir='ltr'><strong>plumbo</strong></span> <span class='ocrx_word' id='word_1_469' title='bbox 1171 1644 1335 1679; x_wconf 80' lang='lat' dir='ltr'><strong>contegitur,</strong></span> <span class='ocrx_word' id='word_1_470' title='bbox 1347 1648 1375 1671; x_wconf 84' lang='lat' dir='ltr'><strong>et</strong></span> <span class='ocrx_word' id='word_1_471' title='bbox 1389 1643 1461 1673; x_wconf 87' lang='lat' dir='ltr'><strong>intus</strong></span> <span class='ocrx_word' id='word_1_472' title='bbox 1475 1648 1613 1672; x_wconf 83' lang='lat' dir='ltr'><strong>structura</strong></span> <span class='ocrx_word' id='word_1_473' title='bbox 1633 1645 1720 1680; x_wconf 75' lang='lat' dir='ltr'><strong>lignea</strong></span> <span class='ocrx_word' id='word_1_474' title='bbox 1733 1646 1767 1673; x_wconf 81' lang='lat' dir='ltr'><strong>ad</strong></span> <span class='ocrx_word' id='word_1_475' title='bbox 1795 1654 1798 1684; x_wconf 56' lang='grc' dir='ltr'>ε</span> 
     </span>
    </p>
   </div>
   <div class='ocr_carea' id='block_1_66' title="bbox 975 1689 1767 1726">
    <p class='ocr_par' dir='ltr' id='par_1_66' title="bbox 975 1689 1767 1726">
     <span class='ocr_line' id='line_1_68' title="bbox 975 1689 1767 1726; baseline 0.003 -10"><span class='ocrx_word' id='word_1_476' title='bbox 975 1689 1113 1723; x_wconf 77' lang='lat' dir='ltr'><strong>cingulum</strong></span> <span class='ocrx_word' id='word_1_477' title='bbox 1133 1690 1203 1716; x_wconf 91' lang='lat' dir='ltr'><strong>muri</strong></span> <span class='ocrx_word' id='word_1_478' title='bbox 1220 1689 1455 1718; x_wconf 87' lang='lat' dir='ltr'><strong>circumvestitur.</strong></span> <span class='ocrx_word' id='word_1_479' title='bbox 1473 1690 1495 1718; x_wconf 71' lang='grc' dir='ltr'>Α</span> <span class='ocrx_word' id='word_1_480' title='bbox 1508 1690 1627 1726; x_wconf 81' lang='lat' dir='ltr'><strong>cingulo,</strong></span> <span class='ocrx_word' id='word_1_481' title='bbox 1644 1695 1671 1719; x_wconf 85' lang='lat' dir='ltr'><strong>et</strong></span> <span class='ocrx_word' id='word_1_482' title='bbox 1686 1691 1767 1725; x_wconf 69' lang='lat' dir='ltr'><strong>intra,</strong></span> 
     </span>
    </p>
   </div>
   <div class='ocr_carea' id='block_1_67' title="bbox 975 1726 1805 1774">
    <p class='ocr_par' dir='ltr' id='par_1_67' title="bbox 975 1726 1805 1774">
     <span class='ocr_line' id='line_1_69' title="bbox 975 1726 1805 1774; baseline 0.002 -12"><span class='ocrx_word' id='word_1_483' title='bbox 975 1736 1082 1763; x_wconf 80' lang='lat' dir='ltr'><strong>musivu</strong></span> <span class='ocrx_word' id='word_1_484' title='bbox 1107 1742 1191 1763; x_wconf 87' lang='lat' dir='ltr'><strong>aureo</strong></span> <span class='ocrx_word' id='word_1_485' title='bbox 1216 1743 1311 1763; x_wconf 85' lang='lat' dir='ltr'><strong>omnes</strong></span> <span class='ocrx_word' id='word_1_486' title='bbox 1334 1736 1485 1770; x_wconf 58' lang='lat' dir='ltr'><strong>prophetas,</strong></span> <span class='ocrx_word' id='word_1_487' title='bbox 1510 1741 1537 1764; x_wconf 89' lang='lat' dir='ltr'><strong>et</strong></span> <span class='ocrx_word' id='word_1_488' title='bbox 1558 1745 1674 1772; x_wconf 72' lang='lat' dir='ltr'><strong>magnus</strong></span> <span class='ocrx_word' id='word_1_489' title='bbox 1697 1738 1770 1765; x_wconf 81' lang='lat' dir='ltr'><strong>Con~</strong></span> <span class='ocrx_word' id='word_1_490' title='bbox 1800 1726 1805 1774; x_wconf 48' lang='grc' dir='ltr'>ξ</span> 
     </span>
    </p>
   </div>
   <div class='ocr_carea' id='block_1_68' title="bbox 976 1780 1807 1818">
    <p class='ocr_par' dir='ltr' id='par_1_68' title="bbox 976 1780 1807 1818">
     <span class='ocr_line' id='line_1_70' title="bbox 976 1780 1807 1818; baseline 0.004 -10"><span class='ocrx_word' id='word_1_491' title='bbox 976 1782 1125 1813; x_wconf 79' lang='lat' dir='ltr'><strong>stantium,</strong></span> <span class='ocrx_word' id='word_1_492' title='bbox 1141 1786 1168 1809; x_wconf 85' lang='lat' dir='ltr'><strong>et</strong></span> <span class='ocrx_word' id='word_1_493' title='bbox 1179 1787 1272 1809; x_wconf 83' lang='lat' dir='ltr'><strong>sancta</strong></span> <span class='ocrx_word' id='word_1_494' title='bbox 1290 1781 1400 1815; x_wconf 82' lang='lat' dir='ltr'><strong>lleleua,</strong></span> <span class='ocrx_word' id='word_1_495' title='bbox 1422 1782 1523 1817; x_wconf 79' lang='lat' dir='ltr'><strong>depic‘ti</strong></span> <span class='ocrx_word' id='word_1_496' title='bbox 1544 1787 1618 1810; x_wconf 87' lang='lat' dir='ltr'><strong>sunt.</strong></span> <span class='ocrx_word' id='word_1_497' title='bbox 1637 1783 1693 1811; x_wconf 87' lang='lat' dir='ltr'><strong>Sub</strong></span> <span class='ocrx_word' id='word_1_498' title='bbox 1707 1791 1769 1818; x_wconf 87' lang='lat' dir='ltr'><strong>pro-</strong></span> <span class='ocrx_word' id='word_1_499' title='bbox 1804 1780 1807 1814; x_wconf 55' lang='grc' dir='ltr'>ξ</span> 
     </span>
    </p>
   </div>
   <div class='ocr_carea' id='block_1_69' title="bbox 975 1827 1771 1864">
    <p class='ocr_par' dir='ltr' id='par_1_69' title="bbox 975 1827 1771 1864">
     <span class='ocr_line' id='line_1_71' title="bbox 975 1827 1771 1864; baseline 0.004 -10"><span class='ocrx_word' id='word_1_500' title='bbox 975 1827 1065 1862; x_wconf 78' lang='lat' dir='ltr'><strong>plietis</strong></span> <span class='ocrx_word' id='word_1_501' title='bbox 1087 1835 1224 1862; x_wconf 79' lang='lat' dir='ltr'><strong>purpurea</strong></span> <span class='ocrx_word' id='word_1_502' title='bbox 1252 1835 1388 1856; x_wconf 78' lang='lat' dir='ltr'><strong>marmora</strong></span> <span class='ocrx_word' id='word_1_503' title='bbox 1417 1836 1494 1855; x_wconf 90' lang='lat' dir='ltr'><strong>muro</strong></span> <span class='ocrx_word' id='word_1_504' title='bbox 1520 1829 1692 1864; x_wconf 83' lang='lat' dir='ltr'><strong>inﬁguntur:</strong></span> <span class='ocrx_word' id='word_1_505' title='bbox 1716 1830 1771 1857; x_wconf 89' lang='lat' dir='ltr'><strong>cir-</strong></span> 
     </span>
    </p>
   </div>
   <div class='ocr_carea' id='block_1_70' title="bbox 976 1875 1769 1909">
    <p class='ocr_par' dir='ltr' id='par_1_70' title="bbox 976 1875 1769 1909">
     <span class='ocr_line' id='line_1_72' title="bbox 976 1875 1769 1909; baseline 0.004 -8"><span class='ocrx_word' id='word_1_506' title='bbox 976 1881 1037 1901; x_wconf 89' lang='lat' dir='ltr'><strong>cum</strong></span> <span class='ocrx_word' id='word_1_507' title='bbox 1064 1879 1190 1902; x_wconf 78' lang='lat' dir='ltr'><strong>sanctum</strong></span> <span class='ocrx_word' id='word_1_508' title='bbox 1219 1875 1374 1909; x_wconf 84' lang='lat' dir='ltr'><strong>sepulcrum</strong></span> <span class='ocrx_word' id='word_1_509' title='bbox 1408 1876 1665 1903; x_wconf 81' lang='lat' dir='ltr'><strong>catcchumcnorum</strong></span> <span class='ocrx_word' id='word_1_510' title='bbox 1697 1877 1769 1904; x_wconf 72' lang='lat' dir='ltr'><strong>aedes</strong></span> 
     </span>
    </p>
   </div>
   <div class='ocr_carea' id='block_1_71' title="bbox 976 1917 1767 1956">
    <p class='ocr_par' dir='ltr' id='par_1_71' title="bbox 976 1917 1767 1956">
     <span class='ocr_line' id='line_1_73' title="bbox 976 1917 1767 1956; baseline 0.004 -8"><span class='ocrx_word' id='word_1_511' title='bbox 976 1921 1188 1956; x_wconf 81' lang='lat' dir='ltr'><strong>amplectuntur.</strong></span> <span class='ocrx_word' id='word_1_512' title='bbox 1214 1920 1284 1949; x_wconf 81' lang='lat' dir='ltr'><strong>Sunt</strong></span> <span class='ocrx_word' id='word_1_513' title='bbox 1308 1926 1336 1949; x_wconf 84' lang='lat' dir='ltr'><strong>et</strong></span> <span class='ocrx_word' id='word_1_514' title='bbox 1359 1922 1493 1950; x_wconf 66' lang='lat' dir='ltr'><strong>columna:</strong></span> <span class='ocrx_word' id='word_1_515' title='bbox 1514 1917 1674 1951; x_wconf 52' lang='lat' dir='ltr'><strong>marmoieae</strong></span> <span class='ocrx_word' id='word_1_516' title='bbox 1694 1928 1767 1956; x_wconf 87' lang='lat' dir='ltr'><strong>octo,</strong></span> 
     </span>
    </p>
   </div>
   <div class='ocr_carea' id='block_1_72' title="bbox 975 1968 1814 2003">
    <p class='ocr_par' dir='ltr' id='par_1_72' title="bbox 975 1968 1814 2003">
     <span class='ocr_line' id='line_1_74' title="bbox 975 1968 1814 2003; baseline 0.005 -9"><span class='ocrx_word' id='word_1_517' title='bbox 975 1973 1051 1995; x_wconf 81' lang='lat' dir='ltr'><strong>extra</strong></span> <span class='ocrx_word' id='word_1_518' title='bbox 1067 1968 1200 1996; x_wconf 84' lang='lat' dir='ltr'><strong>stationes</strong></span> <span class='ocrx_word' id='word_1_519' title='bbox 1220 1975 1227 1995; x_wconf 91' lang='lat'><strong>:</strong></span> <span class='ocrx_word' id='word_1_520' title='bbox 1246 1973 1274 1995; x_wconf 87' lang='lat' dir='ltr'><strong>et</strong></span> <span class='ocrx_word' id='word_1_521' title='bbox 1297 1968 1322 1995; x_wconf 94' lang='lat' dir='ltr'><strong>in</strong></span> <span class='ocrx_word' id='word_1_522' title='bbox 1348 1969 1504 2003; x_wconf 73' lang='lat' dir='ltr'><strong>pavimento</strong></span> <span class='ocrx_word' id='word_1_523' title='bbox 1524 1969 1656 1997; x_wconf 67' lang='lat' dir='ltr'><strong>columnas</strong></span> <span class='ocrx_word' id='word_1_524' title='bbox 1671 1970 1768 1998; x_wconf 72' lang='lat' dir='ltr'><strong>suxde-</strong></span> <span class='ocrx_word' id='word_1_525' title='bbox 1812 2000 1814 2002; x_wconf 95' lang='lat'><em>_</em></span> 
     </span>
    </p>
   </div>
   <div class='ocr_carea' id='block_1_73' title="bbox 974 2011 1815 2054">
    <p class='ocr_par' dir='ltr' id='par_1_73' title="bbox 974 2011 1815 2054">
     <span class='ocr_line' id='line_1_75' title="bbox 974 2011 1815 2054; baseline 0.001 -12"><span class='ocrx_word' id='word_1_526' title='bbox 974 2014 1039 2048; x_wconf 89' lang='lat' dir='ltr'><strong>clm,</strong></span> <span class='ocrx_word' id='word_1_527' title='bbox 1058 2019 1085 2042; x_wconf 87' lang='lat' dir='ltr'><strong>et</strong></span> <span class='ocrx_word' id='word_1_528' title='bbox 1109 2014 1229 2041; x_wconf 87' lang='lat' dir='ltr'><strong>cionium</strong></span> <span class='ocrx_word' id='word_1_529' title='bbox 1248 2011 1383 2042; x_wconf 83' lang='lat' dir='ltr'><strong>crassum.</strong></span> <span class='ocrx_word' id='word_1_530' title='bbox 1402 2014 1430 2041; x_wconf 94' lang='lat' dir='ltr'><strong>ln</strong></span> <span class='ocrx_word' id='word_1_531' title='bbox 1452 2014 1532 2041; x_wconf 75' lang='lat' dir='ltr'><strong>trulla</strong></span> <span class='ocrx_word' id='word_1_532' title='bbox 1549 2015 1640 2042; x_wconf 88' lang='lat' dir='ltr'><strong>media</strong></span> <span class='ocrx_word' id='word_1_533' title='bbox 1663 2019 1691 2042; x_wconf 91' lang='lat' dir='ltr'><strong>et</strong></span> <span class='ocrx_word' id='word_1_534' title='bbox 1711 2015 1770 2050; x_wconf 88' lang='lat' dir='ltr'><strong>ipso</strong></span> 
     </span>
    </p>
   </div>
   <div class='ocr_carea' id='block_1_74' title="bbox 976 2057 1817 2097">
    <p class='ocr_par' dir='ltr' id='par_1_74' title="bbox 976 2057 1817 2097">
     <span class='ocr_line' id='line_1_76' title="bbox 976 2057 1817 2097; baseline 0 -9"><span class='ocrx_word' id='word_1_535' title='bbox 976 2062 1136 2097; x_wconf 80' lang='lat' dir='ltr'><strong>pavimento</strong></span> <span class='ocrx_word' id='word_1_536' title='bbox 1169 2062 1292 2088; x_wconf 88' lang='lat' dir='ltr'><strong>cernitur</strong></span> <span class='ocrx_word' id='word_1_537' title='bbox 1322 2060 1448 2088; x_wconf 86' lang='lat' dir='ltr'><strong>cubiculo</strong></span> <span class='ocrx_word' id='word_1_538' title='bbox 1475 2068 1582 2088; x_wconf 87' lang='lat' dir='ltr'><strong>sacrum</strong></span> <span class='ocrx_word' id='word_1_539' title='bbox 1611 2062 1767 2096; x_wconf 85' lang='lat' dir='ltr'><strong>sepulcrum</strong></span> <span class='ocrx_word' id='word_1_540' title='bbox 1813 2057 1817 2069; x_wconf 75' lang='grc'><strong><em>⁵</em></strong></span> 
     </span>
    </p>
   </div>
   <div class='ocr_carea' id='block_1_75' title="bbox 976 2105 1770 2142">
    <p class='ocr_par' dir='ltr' id='par_1_75' title="bbox 976 2105 1770 2142">
     <span class='ocr_line' id='line_1_77' title="bbox 976 2105 1770 2142; baseline 0.004 -10"><span class='ocrx_word' id='word_1_541' title='bbox 976 2105 1085 2134; x_wconf 88' lang='lat' dir='ltr'><strong>Domini</strong></span> <span class='ocrx_word' id='word_1_542' title='bbox 1105 2107 1192 2134; x_wconf 87' lang='lat' dir='ltr'><strong>nostri</strong></span> <span class='ocrx_word' id='word_1_543' title='bbox 1214 2106 1277 2134; x_wconf 88' lang='lat' dir='ltr'><strong>Jesu</strong></span> <span class='ocrx_word' id='word_1_544' title='bbox 1292 2106 1407 2134; x_wconf 79' lang='lat' dir='ltr'><strong>Christi.</strong></span> <span class='ocrx_word' id='word_1_545' title='bbox 1431 2105 1498 2134; x_wconf 90' lang='lat' dir='ltr'><strong>Cum</strong></span> <span class='ocrx_word' id='word_1_546' title='bbox 1513 2111 1618 2142; x_wconf 87' lang='lat' dir='ltr'><strong>portam</strong></span> <span class='ocrx_word' id='word_1_547' title='bbox 1644 2107 1770 2142; x_wconf 81' lang='lat' dir='ltr'><strong>ingrede-</strong></span> 
     </span>
    </p>
   </div>
   <div class='ocr_carea' id='block_1_76' title="bbox 975 2152 1766 2188">
    <p class='ocr_par' dir='ltr' id='par_1_76' title="bbox 975 2152 1766 2188">
     <span class='ocr_line' id='line_1_78' title="bbox 975 2152 1766 2188; baseline 0.005 -10"><span class='ocrx_word' id='word_1_548' title='bbox 975 2152 1024 2185; x_wconf 85' lang='lat' dir='ltr'><strong>ris,</strong></span> <span class='ocrx_word' id='word_1_549' title='bbox 1040 2152 1117 2179; x_wconf 87' lang='lat' dir='ltr'><strong>vides</strong></span> <span class='ocrx_word' id='word_1_550' title='bbox 1133 2152 1168 2180; x_wconf 90' lang='lat' dir='ltr'><strong>ibi</strong></span> <span class='ocrx_word' id='word_1_551' title='bbox 1184 2152 1321 2187; x_wconf 82' lang='lat' dir='ltr'><strong>jacentem</strong></span> <span class='ocrx_word' id='word_1_552' title='bbox 1348 2152 1465 2186; x_wconf 82' lang='lat' dir='ltr'><strong>lapidem</strong></span> <span class='ocrx_word' id='word_1_553' title='bbox 1488 2154 1534 2188; x_wconf 89' lang='lat' dir='ltr'><strong>qui</strong></span> <span class='ocrx_word' id='word_1_554' title='bbox 1555 2154 1692 2182; x_wconf 70' lang='lat' dir='ltr'><strong>revolutus</strong></span> <span class='ocrx_word' id='word_1_555' title='bbox 1706 2154 1766 2182; x_wconf 83' lang='lat' dir='ltr'><strong>fue-</strong></span> 
     </span>
    </p>
   </div>
   <div class='ocr_carea' id='block_1_77' title="bbox 975 2198 1769 2235">
    <p class='ocr_par' dir='ltr' id='par_1_77' title="bbox 975 2198 1769 2235">
     <span class='ocr_line' id='line_1_79' title="bbox 975 2198 1769 2235; baseline 0.004 -10"><span class='ocrx_word' id='word_1_556' title='bbox 975 2203 1018 2225; x_wconf 85' lang='lat' dir='ltr'><strong>rat</strong></span> <span class='ocrx_word' id='word_1_557' title='bbox 1042 2205 1058 2226; x_wconf 92' lang='lat' dir='ltr'><strong>e</strong></span> <span class='ocrx_word' id='word_1_558' title='bbox 1079 2203 1266 2230; x_wconf 80' lang='lat' dir='ltr'><strong>menumento,</strong></span> <span class='ocrx_word' id='word_1_559' title='bbox 1287 2198 1368 2225; x_wconf 61' lang='lat' dir='ltr'><strong>Veluti</strong></span> <span class='ocrx_word' id='word_1_560' title='bbox 1385 2203 1507 2235; x_wconf 74' lang='lat' dir='ltr'><strong>sanctam</strong></span> <span class='ocrx_word' id='word_1_561' title='bbox 1524 2206 1656 2233; x_wconf 81' lang='lat' dir='ltr'><strong>mensam,</strong></span> <span class='ocrx_word' id='word_1_562' title='bbox 1676 2199 1769 2228; x_wconf 88' lang='lat' dir='ltr'><strong>candi-</strong></span> 
     </span>
    </p>
   </div>
   <div class='ocr_carea' id='block_1_78' title="bbox 975 2242 1768 2279">
    <p class='ocr_par' dir='ltr' id='par_1_78' title="bbox 975 2242 1768 2279">
     <span class='ocr_line' id='line_1_80' title="bbox 975 2242 1768 2279; baseline 0.004 -9"><span class='ocrx_word' id='word_1_563' title='bbox 975 2243 1049 2275; x_wconf 81' lang='lat' dir='ltr'><strong>dam,</strong></span> <span class='ocrx_word' id='word_1_564' title='bbox 1065 2248 1091 2270; x_wconf 88' lang='lat' dir='ltr'><strong>et</strong></span> <span class='ocrx_word' id='word_1_565' title='bbox 1114 2243 1338 2278; x_wconf 82' lang='lat' dir='ltr'><strong>pulcherrimam.</strong></span> <span class='ocrx_word' id='word_1_566' title='bbox 1358 2242 1445 2277; x_wconf 83' lang='lat' dir='ltr'><strong>Supra</strong></span> <span class='ocrx_word' id='word_1_567' title='bbox 1463 2247 1589 2271; x_wconf 84' lang='lat' dir='ltr'><strong>sanctum</strong></span> <span class='ocrx_word' id='word_1_568' title='bbox 1613 2245 1768 2279; x_wconf 85' lang='lat' dir='ltr'><strong>sepulcrum</strong></span> 
     </span>
    </p>
   </div>
   <div class='ocr_carea' id='block_1_79' title="bbox 977 2286 1767 2329">
    <p class='ocr_par' dir='ltr' id='par_1_79' title="bbox 977 2286 1767 2329">
     <span class='ocr_line' id='line_1_81' title="bbox 977 2286 1767 2329; baseline 0.004 -13"><span class='ocrx_word' id='word_1_569' title='bbox 977 2289 1095 2324; x_wconf 79' lang='lat' dir='ltr'><strong>pendent</strong></span> <span class='ocrx_word' id='word_1_570' title='bbox 1111 2289 1222 2324; x_wconf 75' lang='lat' dir='ltr'><strong>triginta</strong></span> <span class='ocrx_word' id='word_1_571' title='bbox 1238 2296 1283 2317; x_wconf 82' lang='lat' dir='ltr'><strong>sex</strong></span> <span class='ocrx_word' id='word_1_572' title='bbox 1298 2286 1450 2329; x_wconf 69' lang='lat' dir='ltr'><strong>lampades,</strong></span> <span class='ocrx_word' id='word_1_573' title='bbox 1458 2296 1588 2325; x_wconf 58' lang='lat' dir='ltr'><strong>.quarum</strong></span> <span class='ocrx_word' id='word_1_574' title='bbox 1605 2292 1665 2318; x_wconf 68' lang='lat' dir='ltr'><strong>dum</strong></span> <span class='ocrx_word' id='word_1_575' title='bbox 1685 2297 1767 2319; x_wconf 83' lang='lat' dir='ltr'><strong>noctu</strong></span> 
     </span>
    </p>
   </div>
   <div class='ocr_carea' id='block_1_80' title="bbox 978 2335 1765 2372">
    <p class='ocr_par' dir='ltr' id='par_1_80' title="bbox 978 2335 1765 2372">
     <span class='ocr_line' id='line_1_82' title="bbox 978 2335 1765 2372; baseline 0.004 -10"><span class='ocrx_word' id='word_1_576' title='bbox 978 2336 1077 2370; x_wconf 89' lang='lat' dir='ltr'><strong>diuque</strong></span> <span class='ocrx_word' id='word_1_577' title='bbox 1108 2335 1242 2364; x_wconf 84' lang='lat' dir='ltr'><strong>continue</strong></span> <span class='ocrx_word' id='word_1_578' title='bbox 1268 2335 1375 2363; x_wconf 81' lang='lat' dir='ltr'><strong>ardent.</strong></span> <span class='ocrx_word' id='word_1_579' title='bbox 1409 2335 1535 2370; x_wconf 85' lang='lat' dir='ltr'><strong>Depictus</strong></span> <span class='ocrx_word' id='word_1_580' title='bbox 1567 2341 1609 2364; x_wconf 82' lang='lat' dir='ltr'><strong>est</strong></span> <span class='ocrx_word' id='word_1_581' title='bbox 1630 2337 1765 2372; x_wconf 85' lang='lat' dir='ltr'><strong>Christus,</strong></span> 
     </span>
    </p>
   </div>
   <div class='ocr_carea' id='block_1_81' title="bbox 980 2373 1766 2417">
    <p class='ocr_par' dir='ltr' id='par_1_81' title="bbox 980 2373 1766 2417">
     <span class='ocr_line' id='line_1_83' title="bbox 980 2373 1766 2417; baseline 0.004 -8"><span class='ocrx_word' id='word_1_582' title='bbox 980 2387 1149 2410; x_wconf 89' lang='lat' dir='ltr'><strong>mortuorum</strong></span> <span class='ocrx_word' id='word_1_583' title='bbox 1177 2381 1342 2409; x_wconf 88' lang='lat' dir='ltr'><strong>indumentis</strong></span> <span class='ocrx_word' id='word_1_584' title='bbox 1356 2373 1483 2415; x_wconf 78' lang='lat' dir='ltr'><strong>amictus</strong></span> <span class='ocrx_word' id='word_1_585' title='bbox 1500 2390 1507 2410; x_wconf 92' lang='lat'>:</span> <span class='ocrx_word' id='word_1_586' title='bbox 1525 2386 1581 2409; x_wconf 89' lang='lat' dir='ltr'><strong>tum</strong></span> <span class='ocrx_word' id='word_1_587' title='bbox 1610 2383 1694 2417; x_wconf 84' lang='lat' dir='ltr'><strong>ipsius</strong></span> <span class='ocrx_word' id='word_1_588' title='bbox 1713 2384 1766 2412; x_wconf 81' lang='lat' dir='ltr'><strong>Re-</strong></span> 
     </span>
    </p>
   </div>
   <div class='ocr_carea' id='block_1_82' title="bbox 978 2426 1768 2462">
    <p class='ocr_par' dir='ltr' id='par_1_82' title="bbox 978 2426 1768 2462">
     <span class='ocr_line' id='line_1_84' title="bbox 978 2426 1768 2462; baseline 0.001 -6"><span class='ocrx_word' id='word_1_589' title='bbox 978 2427 1123 2461; x_wconf 75' lang='lat' dir='ltr'><strong>surrectio,</strong></span> <span class='ocrx_word' id='word_1_590' title='bbox 1145 2433 1172 2455; x_wconf 87' lang='lat' dir='ltr'><strong>et</strong></span> <span class='ocrx_word' id='word_1_591' title='bbox 1187 2427 1331 2455; x_wconf 80' lang='lat' dir='ltr'><strong>Ascensio.</strong></span> <span class='ocrx_word' id='word_1_592' title='bbox 1346 2426 1456 2454; x_wconf 90' lang='lat' dir='ltr'><strong>Circum</strong></span> <span class='ocrx_word' id='word_1_593' title='bbox 1474 2427 1628 2462; x_wconf 85' lang='lat' dir='ltr'><strong>sepulcrum</strong></span> <span class='ocrx_word' id='word_1_594' title='bbox 1643 2429 1768 2457; x_wconf 86' lang='lat' dir='ltr'><strong>ambiunt</strong></span> 
     </span>
    </p>
   </div>
   <div class='ocr_carea' id='block_1_83' title="bbox 981 2473 1769 2509">
    <p class='ocr_par' dir='ltr' id='par_1_83' title="bbox 981 2473 1769 2509">
     <span class='ocr_line' id='line_1_85' title="bbox 981 2473 1769 2509; baseline 0.003 -8"><span class='ocrx_word' id='word_1_595' title='bbox 981 2481 1117 2501; x_wconf 81' lang='lat' dir='ltr'><strong>marmora</strong></span> <span class='ocrx_word' id='word_1_596' title='bbox 1132 2473 1231 2509; x_wconf 88' lang='lat' dir='ltr'><strong>parieti</strong></span> <span class='ocrx_word' id='word_1_597' title='bbox 1247 2473 1319 2506; x_wconf 75' lang='lat' dir='ltr'><strong>lixa;</strong></span> <span class='ocrx_word' id='word_1_598' title='bbox 1334 2478 1360 2500; x_wconf 85' lang='lat' dir='ltr'><strong>et</strong></span> <span class='ocrx_word' id='word_1_599' title='bbox 1373 2473 1399 2500; x_wconf 87' lang='lat' dir='ltr'><strong>in</strong></span> <span class='ocrx_word' id='word_1_600' title='bbox 1417 2473 1573 2507; x_wconf 86' lang='lat' dir='ltr'><strong>pavimento</strong></span> <span class='ocrx_word' id='word_1_601' title='bbox 1586 2481 1668 2509; x_wconf 86' lang='lat' dir='ltr'><strong>penes</strong></span> <span class='ocrx_word' id='word_1_602' title='bbox 1681 2474 1769 2509; x_wconf 90' lang='lat' dir='ltr'><strong>ipsum</strong></span> 
     </span>
    </p>
   </div>
   <div class='ocr_carea' id='block_1_84' title="bbox 980 2519 1768 2555">
    <p class='ocr_par' dir='ltr' id='par_1_84' title="bbox 980 2519 1768 2555">
     <span class='ocr_line' id='line_1_86' title="bbox 980 2519 1768 2555; baseline 0 -7"><span class='ocrx_word' id='word_1_603' title='bbox 980 2524 1019 2548; x_wconf 88' lang='lat' dir='ltr'><strong>est</strong></span> <span class='ocrx_word' id='word_1_604' title='bbox 1037 2520 1106 2548; x_wconf 85' lang='lat' dir='ltr'><strong>alius</strong></span> <span class='ocrx_word' id='word_1_605' title='bbox 1121 2520 1201 2555; x_wconf 84' lang='lat' dir='ltr'><strong>lapis,</strong></span> <span class='ocrx_word' id='word_1_606' title='bbox 1219 2520 1245 2547; x_wconf 92' lang='lat' dir='ltr'><strong>in</strong></span> <span class='ocrx_word' id='word_1_607' title='bbox 1262 2527 1317 2555; x_wconf 86' lang='lat' dir='ltr'><strong>quo</strong></span> <span class='ocrx_word' id='word_1_608' title='bbox 1335 2519 1405 2548; x_wconf 89' lang='lat' dir='ltr'><strong>sedit</strong></span> <span class='ocrx_word' id='word_1_609' title='bbox 1417 2520 1539 2555; x_wconf 74' lang='lat' dir='ltr'><strong>angelus,</strong></span> <span class='ocrx_word' id='word_1_610' title='bbox 1548 2525 1576 2547; x_wconf 87' lang='lat' dir='ltr'><strong>et</strong></span> <span class='ocrx_word' id='word_1_611' title='bbox 1588 2520 1656 2548; x_wconf 78' lang='lat' dir='ltr'><strong>dixit</strong></span> <span class='ocrx_word' id='word_1_612' title='bbox 1671 2521 1768 2549; x_wconf 82' lang='lat' dir='ltr'><strong>qulie-</strong></span> 
     </span>
    </p>
   </div>
   <div class='ocr_carea' id='block_1_85' title="bbox 981 2566 1771 2602">
    <p class='ocr_par' dir='ltr' id='par_1_85' title="bbox 981 2566 1771 2602">
     <span class='ocr_line' id='line_1_87' title="bbox 981 2566 1771 2602; baseline 0 -8"><span class='ocrx_word' id='word_1_613' title='bbox 981 2567 1056 2594; x_wconf 88' lang='lat' dir='ltr'><strong>ribus</strong></span> <span class='ocrx_word' id='word_1_614' title='bbox 1075 2576 1082 2594; x_wconf 71' lang='grc' dir='ltr'><strong>ι</strong></span> <span class='ocrx_word' id='word_1_615' title='bbox 1105 2567 1176 2600; x_wconf 82' lang='lat' dir='ltr'><strong>Quid</strong></span> <span class='ocrx_word' id='word_1_616' title='bbox 1205 2568 1328 2602; x_wconf 67' lang='lat' dir='ltr'><strong>quaeritis</strong></span> <span class='ocrx_word' id='word_1_617' title='bbox 1350 2567 1439 2594; x_wconf 70' lang='lat' dir='ltr'><strong>Iesum</strong></span> <span class='ocrx_word' id='word_1_618' title='bbox 1466 2566 1659 2595; x_wconf 71' lang='lat' dir='ltr'><strong>Nasaremmt?</strong></span> <span class='ocrx_word' id='word_1_619' title='bbox 1684 2575 1771 2594; x_wconf 60' lang='lat' dir='ltr'><strong>resur.</strong></span> 
     </span>
    </p>
   </div>
   <div class='ocr_carea' id='block_1_86' title="bbox 981 2612 1771 2648">
    <p class='ocr_par' dir='ltr' id='par_1_86' title="bbox 981 2612 1771 2648">
     <span class='ocr_line' id='line_1_88' title="bbox 981 2612 1771 2648; baseline 0 -8"><span class='ocrx_word' id='word_1_620' title='bbox 981 2613 1070 2647; x_wconf 68' lang='lat' dir='ltr'><strong>rexit;</strong></span> <span class='ocrx_word' id='word_1_621' title='bbox 1083 2621 1135 2640; x_wconf 84' lang='lat' dir='ltr'><strong>non</strong></span> <span class='ocrx_word' id='word_1_622' title='bbox 1146 2618 1183 2641; x_wconf 68' lang='lat' dir='ltr'><strong>est</strong></span> <span class='ocrx_word' id='word_1_623' title='bbox 1205 2613 1248 2640; x_wconf 83' lang='lat' dir='ltr'><strong>hic</strong></span> <span class='ocrx_word' id='word_1_624' title='bbox 1261 2613 1282 2640; x_wconf 81' lang='grc'><strong>⁸.</strong></span> <span class='ocrx_word' id='word_1_625' title='bbox 1299 2613 1387 2648; x_wconf 89' lang='lat' dir='ltr'><strong>Super</strong></span> <span class='ocrx_word' id='word_1_626' title='bbox 1402 2612 1516 2648; x_wconf 83' lang='lat' dir='ltr'><strong>lapidem</strong></span> <span class='ocrx_word' id='word_1_627' title='bbox 1533 2613 1651 2648; x_wconf 86' lang='lat' dir='ltr'><strong>pendent</strong></span> <span class='ocrx_word' id='word_1_628' title='bbox 1666 2614 1771 2648; x_wconf 86' lang='lat' dir='ltr'><strong>lampa-</strong></span> 
     </span>
    </p>
   </div>
   <div class='ocr_carea' id='block_1_87' title="bbox 979 2659 1768 2696">
    <p class='ocr_par' dir='ltr' id='par_1_87' title="bbox 979 2659 1768 2696">
     <span class='ocr_line' id='line_1_89' title="bbox 979 2659 1768 2696; baseline -0.001 -9"><span class='ocrx_word' id='word_1_629' title='bbox 979 2659 1027 2687; x_wconf 86' lang='lat' dir='ltr'><strong>des</strong></span> <span class='ocrx_word' id='word_1_630' title='bbox 1043 2664 1170 2694; x_wconf 86' lang='lat' dir='ltr'><strong>quatuor.</strong></span> <span class='ocrx_word' id='word_1_631' title='bbox 1188 2659 1277 2695; x_wconf 85' lang='lat' dir='ltr'><strong>Supra</strong></span> <span class='ocrx_word' id='word_1_632' title='bbox 1293 2664 1417 2687; x_wconf 80' lang='lat' dir='ltr'><strong>sanctum</strong></span> <span class='ocrx_word' id='word_1_633' title='bbox 1430 2659 1584 2696; x_wconf 86' lang='lat' dir='ltr'><strong>sepulcrum</strong></span> <span class='ocrx_word' id='word_1_634' title='bbox 1597 2663 1639 2688; x_wconf 78' lang='lat' dir='ltr'><strong>est</strong></span> <span class='ocrx_word' id='word_1_635' title='bbox 1653 2667 1768 2695; x_wconf 86' lang='lat' dir='ltr'><strong>parvum</strong></span> 
     </span>
    </p>
   </div>
   <div class='ocr_carea' id='block_1_88' title="bbox 978 2698 1769 2742">
    <p class='ocr_par' dir='ltr' id='par_1_88' title="bbox 978 2698 1769 2742">
     <span class='ocr_line' id='line_1_90' title="bbox 978 2698 1769 2742; baseline -0.003 -7"><span class='ocrx_word' id='word_1_636' title='bbox 978 2707 1076 2741; x_wconf 82' lang='lat' dir='ltr'><strong>cubile,</strong></span> <span class='ocrx_word' id='word_1_637' title='bbox 1106 2707 1216 2742; x_wconf 89' lang='lat' dir='ltr'><strong>plumbo</strong></span> <span class='ocrx_word' id='word_1_638' title='bbox 1232 2711 1405 2741; x_wconf 85' lang='lat' dir='ltr'><strong>contectum;</strong></span> <span class='ocrx_word' id='word_1_639' title='bbox 1421 2698 1448 2734; x_wconf 84' lang='lat' dir='ltr'><strong>et</strong></span> <span class='ocrx_word' id='word_1_640' title='bbox 1469 2714 1484 2734; x_wconf 87' lang='lat' dir='ltr'><strong>a</strong></span> <span class='ocrx_word' id='word_1_641' title='bbox 1502 2706 1645 2734; x_wconf 83' lang='lat' dir='ltr'><strong>duodecim</strong></span> <span class='ocrx_word' id='word_1_642' title='bbox 1666 2706 1769 2733; x_wconf 87' lang='lat' dir='ltr'><strong>colum-</strong></span> 
     </span>
    </p>
   </div>
   <div class='ocr_carea' id='block_1_89' title="bbox 979 2753 1769 2790">
    <p class='ocr_par' dir='ltr' id='par_1_89' title="bbox 979 2753 1769 2790">
     <span class='ocr_line' id='line_1_91' title="bbox 979 2753 1769 2790; baseline -0.003 -8"><span class='ocrx_word' id='word_1_643' title='bbox 979 2755 1025 2783; x_wconf 90' lang='lat' dir='ltr'><strong>nis</strong></span> <span class='ocrx_word' id='word_1_644' title='bbox 1040 2754 1185 2790; x_wconf 79' lang='lat' dir='ltr'><strong>purpureis</strong></span> <span class='ocrx_word' id='word_1_645' title='bbox 1211 2757 1238 2782; x_wconf 83' lang='lat' dir='ltr'><strong>et</strong></span> <span class='ocrx_word' id='word_1_646' title='bbox 1254 2754 1345 2782; x_wconf 75' lang='lat' dir='ltr'><strong>aureis</strong></span> <span class='ocrx_word' id='word_1_647' title='bbox 1359 2753 1485 2789; x_wconf 88' lang='lat' dir='ltr'><strong>capitulis</strong></span> <span class='ocrx_word' id='word_1_648' title='bbox 1501 2754 1662 2787; x_wconf 88' lang='lat' dir='ltr'><strong>sustinetur,</strong></span> <span class='ocrx_word' id='word_1_649' title='bbox 1685 2753 1769 2780; x_wconf 86' lang='lat' dir='ltr'><strong>musi-</strong></span> 
     </span>
    </p>
   </div>
   <div class='ocr_carea' id='block_1_90' title="bbox 979 2799 1770 2837">
    <p class='ocr_par' dir='ltr' id='par_1_90' title="bbox 979 2799 1770 2837">
     <span class='ocr_line' id='line_1_92' title="bbox 979 2799 1770 2837; baseline -0.003 -8"><span class='ocrx_word' id='word_1_650' title='bbox 979 2807 1070 2836; x_wconf 75' lang='lat' dir='ltr'><strong>voque</strong></span> <span class='ocrx_word' id='word_1_651' title='bbox 1083 2807 1167 2830; x_wconf 83' lang='lat' dir='ltr'><strong>aureo</strong></span> <span class='ocrx_word' id='word_1_652' title='bbox 1184 2799 1304 2836; x_wconf 79' lang='lat' dir='ltr'><strong>undique</strong></span> <span class='ocrx_word' id='word_1_653' title='bbox 1325 2800 1416 2830; x_wconf 71' lang='lat' dir='ltr'><strong>varias</strong></span> <span class='ocrx_word' id='word_1_654' title='bbox 1444 2800 1575 2837; x_wconf 75' lang='lat' dir='ltr'><strong>imagines</strong></span> <span class='ocrx_word' id='word_1_655' title='bbox 1591 2799 1684 2830; x_wconf 77' lang='lat' dir='ltr'><strong>refert.</strong></span> <span class='ocrx_word' id='word_1_656' title='bbox 1705 2799 1770 2828; x_wconf 87' lang='lat' dir='ltr'><strong>lude</strong></span> 
     </span>
    </p>
   </div>
   <div class='ocr_carea' id='block_1_91' title="bbox 1772 2343 1823 2417">
    <p class='ocr_par' dir='ltr' id='par_1_91' title="bbox 1772 2343 1823 2417">
     <span class='ocr_line' id='line_1_93' title="bbox 1772 2343 1823 2417; baseline 0 -8"><span class='ocrx_word' id='word_1_657' title='bbox 1772 2343 1797 2417; x_wconf 49' lang='grc' dir='ltr'><strong>Ἐξ</strong></span> <span class='ocrx_word' id='word_1_658' title='bbox 1808 2348 1823 2401; x_wconf 59' lang='grc' dir='ltr'><strong>’κ</strong></span> 
     </span>
    </p>
   </div>
  </div>
