1956 3077
192 187 223 217 9νῖ
228 187 244 215 5

917 175 1089 208 ANONYMI

1767 173 1824 204 976

194 243 330 270 descendit
346 246 466 268 sanctum
484 241 574 267 lumt‘n
590 244 684 268 sinclo
702 244 729 266 et
746 246 842 274 magno
857 238 975 265 Sablmo

1039 244 1083 268 ος,
1106 235 1154 262 καὶ
1171 234 1233 261 εἷπε
1250 234 1310 266 ταῖς
1323 232 1442 269 γυναιξὶ,
1463 233 1492 261 Τί
1504 233 1615 268 Inaeha
1636 231 1754 265 Ἰησοῦν
1768 233 1825 257 τόν

194 290 259 314 hora
277 287 443 321 vespertina,
461 291 487 313 et
503 286 534 312 ad
553 291 677 313 sanctum
705 285 807 312 Christi
824 284 977 317 sepulcrum

194 341 255 360 sese
268 333 394 367 applicat,
408 332 720 367 staﬁnique-lampades,
745 332 843 358 ibidem
857 331 979 365 penden-

195 385 245 411 tes,
261 375 460 405 accenduntur.
480 377 566 412 Prope
582 378 710 411 templum
729 376 827 403 sacella
839 375 978 410 possiden-

194 430 238 451 tur
254 423 288 451 ab
302 423 446 455 hatreticis,
464 423 600 455 Armenis,
619 422 758 454 Jacobitis,
782 422 863 454 ludis,
879 421 977 447 Nesto-

193 470 289 497 riauis.
315 469 368 497 Nos
393 470 547 496 universum
571 468 693 496 ecclesia:
727 475 823 502 corpus
846 472 978 495 tenemus.

193 516 267 543 later
284 515 350 542 duas
379 515 473 542 trullas
502 515 589 541 fornix
610 514 663 540 lata
690 514 857 544 extenditur,
880 514 906 540 in
927 520 980 546 qua

194 563 300 590 musivo
329 561 435 596 depicta
469 561 567 588 visitur
596 559 719 586 ascensio
755 559 861 586 Domini
894 559 980 585 nostri

192 608 257 635 Jesu
274 607 386 640 Christi,
405 611 432 634 et
453 605 623 633 annuntiatio
645 604 826 632 sanctissima:
843 604 978 639 Virginis;

192 654 345 688 pendetque
368 660 419 679 una
447 652 561 686 lampas.
589 651 645 678 Sub
671 650 750 678 trulla
783 650 811 678 in
839 651 981 685 pavimen—

194 705 223 727 to
248 705 289 727 est
314 699 458 726 umbilicus
482 702 570 731 terrae,
587 698 661 725 orbis
689 703 821 725 terrarum
846 697 978 729 medium;

194 745 347 781 pendetque
373 743 589 780 polycandelum.
617 742 686 770 Sunt
708 748 735 770 et
754 743 841 771 cionia
863 743 982 770 maxima

193 795 322 825 quatuor.
336 789 392 816 Sub
406 789 500 816 eadem
514 788 593 815 trulla
608 792 648 815 est
661 787 744 815 Belua
764 788 867 821 templi,
885 788 912 814 in
929 794 982 822 quo

139 831 155 862 ί
191 835 335 863 orthodoxi
362 834 461 862 missas
480 834 627 861 celebrant.
650 833 754 860 lliusivo
776 833 908 865 depictum
930 837 981 863 est,

193 889 248 915 quo
262 882 324 909 item
343 881 466 915 depictus
485 880 612 907 Christus
627 879 722 906 aliixus
738 879 920 914 conspicitur;
939 879 982 905 in-

194 928 306 960 uisaun
321 931 386 953 sunt
404 926 505 953 litteris
520 924 602 952 verba
618 933 624 951 ι
640 923 785 951 Nobiscum
799 924 888 956 Deus;
901 931 982 958 agno-

194 972 271 1004 scite,
288 976 386 1006 gentes,
402 976 426 998 et
450 971 542 998 cedite.
559 969 696 997 Ambitum
710 969 830 997 Bematis
850 974 983 1004 occupant

195 1017 327 1043 rolulnnm
351 1016 493 1043 duodecim
520 1025 526 1042 :
546 1022 681 1051 supraque
699 1015 819 1049 pendent
846 1014 983 1050 lampades

195 1067 322 1096 quatuor.
343 1062 381 1089 lbi
409 1067 451 1089 est
473 1061 551 1089 sedes
572 1061 772 1096 patriarchalis.
791 1061 895 1088 Ardent
921 1067 984 1089 ante

195 1112 317 1135 sanctam
336 1114 457 1134 mensam
474 1106 617 1141 lampades
633 1106 756 1141 triginta,
773 1115 833 1141 qua:
848 1112 920 1134 tenla
937 1115 983 1134 va-

195 1154 237 1181 ria
253 1154 360 1188 depicta
377 1154 523 1187 obtegitur.
541 1152 606 1179 Post
625 1152 707 1179 Bema
727 1157 771 1180 est
785 1160 880 1180 carcer
903 1153 982 1182 Chri-

195 1200 241 1232 sti,
257 1199 338 1234 pedes
353 1198 506 1233 quiudecim
521 1206 535 1225 a
559 1205 639 1225 sacro
652 1197 764 1226 Bemate
781 1199 944 1233 disjuhctus.

1031 280 1220 316 Nafapnrdr;
1234 280 1356 316 ἠγέρθη,
1371 282 1425 307 οὐκ
1440 278 1494 306 εἶν’
1510 277 1578 306 ὦδε.
1588 279 1643 305 Καὶ
1655 277 1758 305 ἄνωθεν
1774 276 1824 303 τοῦ

1031 327 1107 354 λίθου
1123 327 1291 363 κρεμοῦνται
1305 327 1438 361 κανδήλια
1451 325 1482 353 δ’.
1497 325 1553 352 Kal
1567 326 1664 350 ἀπάνω
1679 323 1727 350 τοῦ
1741 324 1824 357 ἁγίου

1031 374 1116 407 τάφου
1135 371 1206 399 εἶναι
1229 372 1393 399 κουϐούκλιν
1418 371 1517 407 μικρδν
1542 369 1824 405 μολιϐδοσκέπαστον,

1033 419 1238 454 βασταζόμενον
1255 419 1307 445 ὑπὸ
1318 419 1424 445 δώδεκα
1442 417 1545 444 στόλων
1564 417 1705 452 πορφυρδν
1721 424 1825 451 χρυσο-

1031 464 1160 499 κέφαλον,
1178 463 1249 491 εἶναι
1265 465 1313 491 καὶ
1330 465 1522 499 ίστορισμένον
1548 464 1618 499 μετὰ
1640 463 1689 489 τοῦ
1707 462 1824 497 μουσίου

1031 510 1145 547 χρυσοῦ.
1167 510 1290 537 Ἐκεῖθεν
1306 510 1467 537 καταΰαίνει
1488 510 1519 536 τὸ
1535 509 1612 543 ἅγιον
1626 509 1684 543 φῶς
1697 508 1736 544 τῷ
1751 508 1824 541 ἁγίῳ

1031 558 1079 583 καὶ
1095 556 1207 591 μεγάλῳ
1223 556 1358 591 Σαϐϐάτῳ
1378 555 1439 591 ὥρᾳ
1458 555 1615 591 ἑσπερινοῦ,
1638 554 1686 581 καὶ
1703 563 1824 590 προσεγ-

1032 602 1103 636 γίζει
1116 602 1164 629 τοῦ
1186 602 1265 636 ἁγίου
1283 603 1370 636 τάφου
1388 602 1434 628 τοῦ
1459 601 1591 637 Χριστοῦ,
1615 601 1663 627 καὶ
1681 601 1763 632 εὐθὺς
1791 600 1824 626 ἆ-

1033 657 1146 675 πτουσιν
1169 649 1199 676 αἱ
1215 649 1362 684 κανδήλαις
1387 647 1435 674 τοῦ
1451 648 1530 682 ἁγίου
1553 648 1649 682 τάφου.
1669 646 1746 674 Εἶναι
1762 647 1822 673 Πα-

1034 694 1170 729 ρακλήσιοι
1186 694 1241 720 τῶν
1265 693 1426 728 αἰρετικῶν,
1458 693 1624 728 Ἀρμενίων,
1643 692 1823 723 Ἱακωὸιτῶν,

1039 740 1186 772 ’Ῑνδιανῶν,
1202 740 1396 775 Νεστοριανῶν
1410 748 1451 767 τε.
1477 740 1508 766 Οἱ
1523 739 1551 765 δὲ
1573 740 1654 774 ἡμεῖς
1672 740 1770 773 ἔχομεν
1793 737 1825 764 τὺ

1034 784 1177 811 καθολικὸν
1192 785 1239 811 τοῦ
1262 784 1336 811 ναοῦ.
1363 785 1418 811 Καὶ
1440 784 1578 819 ἁναμέσον
1595 783 1649 810 τῶν
1660 784 1706 810 δύο
1720 782 1826 818 τρούλ-

1034 831 1088 858 λων
1102 831 1160 865 ἔχει
1173 831 1288 866 καμάρα
1305 831 1429 865 μηγάλη,
1443 831 1489 857 καὶ
1500 830 1559 856 έναι
1575 830 1741 865 στορισμένη
1753 830 1828 864 μετὰ

1037 877 1148 912 μουσίου
1172 877 1189 912 ὴ
1205 877 1340 912 ἀνάληψις
1363 876 1410 903 τοῦ
1435 877 1536 913 Κυρίου
1554 876 1632 912 ἡμῶν
1651 876 1740 911 Ἰησοῦ
1755 875 1827 911 Χρι-

1033 923 1090 956 τοῦ,
1109 923 1157 949 καὶ
1185 923 1386 959 εὐαγγελισμδς
1412 923 1463 959 τῆς
1493 923 1649 959 ὁπεραγίας
1676 923 1826 954 Θεοτόκου,

1035 970 1083 996 καὶ
1110 970 1244 1005 κρέμεται
1269 970 1317 1005 μία
1347 969 1477 1005 κανδήλα.
1504 969 1561 997 Καὶ
1584 969 1639 996 ἀπὸ
1672 969 1748 996 κάτω
1775 968 1831 1002 τῆς

1036 1015 1170 1050 τροὺλλας
1195 1017 1235 1048 είς
1249 1017 1279 1042 τὺ
1293 1016 1391 1051 ἔδαφος
1415 1015 1474 1042 εναι
1488 1016 1502 1042 ὁ
1527 1015 1647 1050 ὀμφαλὸς
1664 1015 1712 1050 τῆς
1729 1014 1794 1049 γῆς,
1810 1015 1828 1048 ἡ

1035 1061 1107 1097 μέση
1136 1061 1184 1088 τοῦ
1218 1062 1335 1097 κόσμου,
1369 1061 1416 1088 καὶ
1447 1057 1582 1097 κρέμεται
1612 1060 1827 1094 πολυκάνδηλον.

1039 1108 1195 1143 ’Υπάρχουν
1219 1109 1268 1135 καὶ
1293 1107 1383 1135 κιόνια
1407 1108 1524 1143 μεγίστα
1544 1105 1575 1134 δ’.
1598 1107 1644 1139 El;
1666 1106 1752 1141 αὐτὴν
1778 1105 1830 1141 τὴν

1031 1153 1165 1189 τρούλλαν
1181 1152 1295 1181 εἶναιτὸ
1308 1154 1383 1189 βῆμα
1395 1153 1443 1180 τοῦ
1459 1152 1534 1185 ναοῦ,
1557 1152 1626 1179 ὀποῦ
1642 1150 1827 1186 λειτουργοῦν

1007 1218 1009 1220 -
1032 1200 1057 1227 ol
1077 1200 1227 1236 όρθόδοξοι.
1240 1198 1319 1227 Εἶναι
1333 1200 1381 1227 καὶ
1398 1199 1589 1235 ἱστορισμένον
1612 1199 1681 1234 μετὰ
1701 1197 1829 1233 μουσίου,

195 1246 243 1272 καὶ
262 1247 276 1273 ὁ
293 1246 411 1282 Χριστὸς
433 1245 644 1280 ἐσταυρωμένος
671 1245 740 1280 μετὰ
766 1245 893 1280 μουσίου.
929 1245 1008 1272 Ἐναι
1027 1247 1074 1273 καὶ
1101 1246 1254 1282 γράμματα
1288 1246 1480 1281 γεγραμμένα,
1505 1246 1574 1273 Μεθ’
1599 1244 1683 1280 ἡμῶν
1712 1245 1729 1271 ό
1743 1243 1829 1275 Θεός·

187 1295 297 1330 γνῶτε,
310 1295 394 1329 ἔθνη,
412 1294 461 1320 καὶ
488 1292 630 1328 ἡττᾶσθε.
647 1294 701 1319 Καὶ
717 1293 840 1329 γύρωθεν
857 1293 904 1320 τοῦ
933 1294 1060 1330 Βήματος
1091 1294 1147 1330 ἔχει
1177 1295 1304 1326 κολόναις
1321 1294 1364 1329 ιβ’,
1397 1295 1444 1321 καὶ
1479 1294 1611 1321 ἀποπάνω
1632 1293 1779 1329 κανδήλαις
1796 1293 1829 1324 δ’,

194 1342 283 1368 Ἐκείν
300 1338 370 1367 εἶναι
385 1341 399 1366 ὁ
417 1340 511 1374 θρόνος
525 1339 572 1366 τοῦ
589 1339 772 1374 πατριάρχου.
801 1339 923 1373 Φέγγουν
959 1339 1008 1366 καὶ
1035 1340 1141 1376 όμπρὸς
1165 1341 1205 1373 εἰς
1227 1341 1277 1376 τὴν
1297 1341 1379 1374 ἁγίαν
1403 1340 1544 1376 τράπεζαν
1561 1339 1709 1374 κανδήλαις
1732 1338 1765 1371 λ’,
1782 1338 1832 1366 καὶ

194 1388 213 1423 ἡ
231 1387 296 1422 ἁγία
313 1386 437 1422 τράπεζα
467 1385 524 1412 έναι
545 1386 719 1421 σκεπασμένη
744 1386 778 1422 μὲ
805 1387 887 1413 τέντα
913 1387 1080 1423 πλουμιστῆ.
1104 1387 1235 1415 Ὀπισθεν
1269 1387 1315 1414 τοῦ
1342 1387 1418 1421 ἁγίου
1445 1387 1567 1422 βήματος
1582 1383 1651 1414 εἷναι
1671 1387 1687 1422 ἠ
1719 1385 1833 1421 φυλακὴ

195 1434 242 1461 τοῦ
257 1432 378 1468 Χριστοῦ
401 1431 498 1466 ἀπέχει
515 1431 568 1458 ἀπὸ
577 1431 607 1458 τὸ
618 1432 694 1466 ἅγιον
704 1432 779 1467 βῆμα
789 1433 867 1458 πόδια
883 1431 925 1460 ιε’.

233 1493 261 1520 Ξ.
293 1492 379 1519 Distat
401 1498 415 1517 a
443 1493 538 1517 sancto
567 1489 702 1524 sepulcro,
720 1490 860 1518 meridiem
875 1499 982 1525 versus,

1073 1492 1105 1527 β’.
1120 1493 1168 1523 Εἰς
1184 1492 1279 1519 στάδια
1293 1492 1316 1519 6’
1327 1491 1381 1518 ἀπὸ
1396 1492 1441 1519 τὸν
1456 1492 1536 1526 ἅγιον
1549 1492 1635 1526 τάφον
1652 1492 1832 1527 μεσημερινὰ

198 1540 298 1567 domus
314 1536 397 1564 David
409 1535 504 1563 stadiis
519 1540 655 1569 quatuor;
670 1540 711 1562 est
727 1535 809 1562 turris
824 1543 904 1570 quam
928 1545 987 1563 ma-

199 1586 284 1616 xima,
302 1583 328 1610 iu
344 1590 396 1616 qua
410 1582 582 1609 concinnavit
595 1581 762 1616 psalterium.
777 1581 848 1609 Dicit
863 1588 958 1610 auctor
979 1591 986 1610 :

201 1631 236 1659 ,1η
253 1631 330 1657 domo
344 1629 428 1655 David
441 1632 522 1654 metus
536 1628 637 1662 ingens,
651 1631 677 1654 et
689 1627 752 1654 alibi
767 1636 773 1654 :
789 1628 928 1655 Terribilia
942 1628 989 1662 ﬁni

196 1677 358 1707 traduntur,
375 1680 402 1702 et
415 1682 475 1708 quae
490 1678 652 1708 sequuntur.
669 1673 696 1700 lu
711 1681 741 1700 ea
759 1673 883 1701 Christus
898 1682 988 1701 sessu-

203 1715 314 1753 rus'eSt,
336 1725 363 1748 et
378 1719 510 1747 mundum
531 1718 715 1753 iudicaturus,
735 1723 762 1745 et
780 1718 875 1753 igneus
891 1717 990 1746 ﬂuvius

199 1774 346 1803 poenarum
362 1765 513 1792 eilluxurus
531 1772 538 1792 :
556 1764 671 1798 ideoque
695 1764 773 1790 vallis
795 1763 989 1798 Lacrymarum

206 1816 378 1848 nuncupatur
395 1820 402 1838 ε
418 1811 506 1846 juslos
518 1809 602 1841 enim,
618 1815 686 1844 quos
701 1808 736 1836 de
753 1809 833 1836 rebus
847 1809 916 1836 actis
932 1816 990 1844 poe-

203 1860 295 1892 nituit,
315 1858 424 1886 vocabit
443 1858 470 1884 in
494 1863 607 1891 regnum
625 1855 774 1889 caelorum;
791 1855 817 1882 iu
835 1860 991 1889 peccatores

202 1906 273 1940 ignis
293 1903 448 1932 effundatur
478 1909 493 1929 e
519 1902 598 1929 domo
623 1900 719 1932 David,
743 1906 770 1927 et
791 1908 839 1928 eos
854 1900 990 1928 amburet.

203 1951 263 1978 Non
283 1949 397 1977 multum
425 1947 458 1975 ab
475 1953 506 1974 ea
524 1946 606 1973 distat
621 1945 815 1972 monasrerium
833 1945 929 1980 _sancti
947 1945 992 1973 Ja-

200 1998 262 2024 cobi
278 1993 468 2029 Adolphmhei.
482 1994 600 2020 Tenetur
609 1992 643 2019 ab
652 1992 788 2019 Armenis.
805 1991 923 2027 Indeque
939 2000 991 2020 non

204 2043 290 2070 multo
312 2040 451 2068 intervallo
466 2042 618 2074 sequuntur
633 2039 703 2065 mdes
716 2037 828 2065 Joannis
841 2038 968 2074 Theologi
983 2047 990 2066 :

205 2095 257 2114 nec
270 2088 354 2113 multo
369 2090 428 2120 post
441 2084 580 2119 templum,
594 2084 791 2110 exasdilicatum
803 2091 818 2110 a
834 2084 990 2118 Salomone,

204 2139 298 2161 sancta
315 2132 391 2164 Sion,
404 2136 489 2158 mater
504 2130 694 2157 Ecclesiarum.

1038 1536 1110 1564 εἶναι
1123 1538 1137 1564 ὁ
1153 1535 1228 1569 οἶκος
1251 1537 1297 1564 τοῦ
1315 1538 1397 1564 Δαϐίδ
1410 1546 1417 1554 ⁶
1435 1538 1494 1565 ἔστι
1517 1538 1546 1565 δὲ
1563 1538 1743 1573 παμμέγεθος
1759 1538 1833 1573 πύρ-

1039 1592 1088 1618 γος
1102 1583 1149 1610 τοῦ
1165 1584 1247 1610 Δαυῖδ
1257 1593 1264 1600 ·
1279 1584 1327 1611 καὶ
1341 1585 1514 1620 ὲκεῖῆρμοσε
1525 1584 1556 1610 τὸ
1570 1584 1718 1618 ψαλτήριον
1731 1592 1737 1600 ⁸
1753 1584 1833 1618 λέγει

1040 1629 1088 1656 καὶ
1099 1631 1112 1656 ὁ
1132 1631 1259 1665 ποιητὴς,
1276 1630 1340 1656 Ἐιτὶ
1356 1627 1439 1657 οἷκον
1455 1629 1544 1656 Δαυῒδ
1554 1631 1649 1664 φόϐος
1658 1629 1764 1664 μέγας,
1782 1630 1833 1657 καὶ

1039 1675 1155 1710 ἀλλαχοῦ
1175 1676 1263 1709 λέγει⁸
1284 1677 1321 1702 Τὰ
1331 1676 1442 1710 φοϐερὰ
1454 1676 1718 1710 τελεσιουργεῖται,
1737 1676 1785 1703 καὶ
1798 1677 1832 1702 τὰ

1042 1721 1117 1756 ὲξῆς.
1134 1723 1190 1748 Kal
1200 1723 1249 1748 ἀπ’
1262 1721 1346 1748 αὐτοῦ
1366 1722 1458 1757 μέλλει
1475 1722 1588 1749 καθίσαι
1605 1724 1618 1748 ὁ
1633 1723 1760 1757 Χριστὸς,
1783 1723 1832 1749 καὶ

1041 1768 1135 1802 κρίναι
1155 1767 1201 1794 τὸν
1216 1768 1330 1803 κόσμον.
1347 1768 1402 1795 Καὶ
1416 1767 1471 1795 ἀπὸ
1488 1767 1553 1799 τοὺς
1572 1768 1656 1799 πόδας
1676 1777 1723 1794 του
1738 1768 1770 1794 νὰ
1785 1767 1833 1799 ζυ-

1042 1814 1122 1849 χήσει
1141 1815 1155 1840 ό
1177 1814 1292 1849 πύρινος
1311 1814 1434 1849 ποταμὸς
1452 1815 1502 1849 τῆς
1519 1814 1658 1846 κολάσεως
1682 1815 1729 1840 καὶ
1747 1816 1834 1841 κοντα

1042 1861 1083 1892 εἰς
1100 1860 1146 1887 τὸν
1162 1859 1238 1887 οἷκον
1255 1860 1303 1887 τοῦ
1317 1861 1400 1887 Δαυῖὂ
1418 1858 1490 1887 εἶναι
1507 1861 1524 1895 ὴ
1546 1861 1659 1888 κοιλάδα
1676 1860 1723 1886 τοῦ
1741 1861 1834 1887 Κλαυ-

1043 1905 1164 1940 Ομῶνος.
1177 1907 1234 1933 Καὶ
1247 1906 1290 1933 διὰ
1304 1906 1385 1932 τοῦτο
1407 1906 1516 1940 λέγεται
1531 1906 1629 1939 οὕτως,
1645 1907 1687 1933 ὅτι
1703 1907 1765 1937 τοὺς
1783 1907 1834 1941 μὲν

1042 1950 1164 1982 δικαίους
1184 1951 1294 1978 καλεσει
1317 1953 1358 1983 εἰς
1385 1953 1532 1986 μετάνοιαν
1558 1952 1599 1983 εἰς
1619 1951 1668 1986 τὴν
1689 1951 1834 1986 βασιλείαν

1042 1995 1097 2022 τῶν
1114 1996 1238 2032 οὐρανῶν
1249 2006 1255 2012 ·
1277 1998 1318 2028 εἰς
1335 1997 1515 2032 ἁμαρτωλοὺς
1533 1997 1563 2023 δὲ
1580 1997 1635 2032 πῦρ
1647 1997 1832 2032 ὲκχυθησεται

1043 2041 1097 2068 ἀπὸ
1112 2042 1158 2069 τὸν
1180 2040 1256 2070 οἷκον
1274 2043 1367 2076 Δαυῖδ,
1394 2043 1437 2069 ἵνα
1460 2042 1630 2069 κατακαύσει
1651 2043 1764 2073 αὐτούς·
1785 2043 1836 2069 καὶ

1044 2088 1196 2123 παρακάτω
1223 2088 1314 2122 ὀλίγον
1333 2086 1403 2114 εἶναι
1425 2088 1456 2114 τὸ
1484 2090 1666 2124 μοναστήριον
1683 2089 1730 2115 τοῦ
1753 2089 1835 2122 ἁγίου

1051 2133 1181 2160 Ἰακώϐου
1195 2133 1240 2160 τοῦ
1257 2133 1444 2168 ’Λδελφοοέου.
1455 2134 1508 2159 Καὶ
1517 2133 1595 2169 ἔχουν
1607 2142 1637 2160 το
1651 2134 1834 2168 οἰ“Δρμέν.οι.

205 2179 262 2206 Καὶ
275 2179 393 2213 παρεκεῖ
414 2176 504 2210 ὀλίγον
527 2174 597 2202 εἶναι
626 2176 659 2203 τὰ
676 2176 770 2203 σπίτια
787 2177 834 2203 τοῦ
861 2177 984 2205 Ἰωάννου
1005 2177 1052 2204 τοῦ
1075 2179 1218 2214 Θεολόγου.
1235 2180 1289 2207 Καὶ
1319 2180 1436 2215 παρεκεῖ
1464 2180 1554 2214 ὀλίγον
1568 2177 1637 2207 εἶναι
1651 2180 1740 2211 ὀναδς
1765 2181 1834 2207 ὁπςῦ

205 2228 315 2254 ἔκτισεν
336 2227 354 2266 ὁ¹
377 2225 522 2259 Σολωμὼν,
542 2224 570 2258 πῄ
596 2224 661 2257 ἁγία
682 2223 760 2257 Σιὼν,
784 2225 800 2260 ἡ
827 2225 918 2260 μήτηρ
937 2225 991 2252 τῶν
1018 2226 1196 2263 Ἐκκλησιῶν.

241 2284 268 2311 5.
283 2284 312 2310 ιιι
324 2283 394 2310 dicta
410 2282 492 2319 Sione
507 2282 601 2309 visitur
619 2281 740 2316 Deiparze
766 2287 793 2310 et
809 2284 894 2311 sancti
911 2283 985 2311 Joan‘

1081 2289 1115 2320 γ’.
1146 2286 1234 2312 Αὐτοῦ
1258 2288 1298 2318 εἰς
1312 2287 1362 2323 τὴν
1389 2287 1470 2321 ἁγίαν
1486 2287 1556 2313 Σιὼν
1580 2286 1647 2314 εἶναι
1664 2288 1678 2313 ό
1692 2286 1766 2319 οἶκος
1782 2288 1833 2322 τῆς

208 2333 251 2360 nis
265 2330 394 2364 Theologi
414 2331 519 2357 domus.
535 2329 573 2356 lbi
596 2330 714 2357 Joannes
732 2331 832 2365 recepit
851 2331 991 2366 Deiparam

209 2381 235 2406 in
254 2386 311 2405 sua.
332 2378 360 2403 lu
389 2375 602 2409 domo-Virginis
630 2375 698 2403 facta
720 2381 761 2403 est
776 2384 852 2404 caena
868 2379 992 2412 mystica,

207 2431 235 2451 ct
252 2424 402 2454 lavacrum,
426 2426 453 2448 et
472 2416 611 2448 descendit
632 2421 750 2456 Spiritus
768 2428 879 2450 sanctus
896 2424 993 2458 linguis

208 2470 295 2504 igneis
310 2468 336 2495 in
353 2471 461 2494 sanctos
475 2467 622 2500 apostolos.
637 2467 674 2494 lbi
688 2467 802 2501 Deipara
819 2467 992 2502 obdormivit,

207 2523 235 2545 et
252 2519 438 2544 convenerunt
464 2515 592 2548 apostoli,
615 2523 697 2550 super
724 2517 810 2543 nubes
829 2517 944 2550 devecti,
967 2522 995 2543 et

207 2562 383 2591 Gethsemani
402 2561 482 2588 funus
497 2565 634 2588 curarunt.
650 2561 751 2589 Ibidem
769 2568 858 2589 exstat
880 2567 906 2589 ct
926 2563 996 2590 alius

208 2608 444 2645 Christi‘carcer.
465 2606 567 2632 Ibidem
599 2607 766 2641 paralyticus
786 2613 838 2639 est,
859 2607 905 2641 qui
923 2608 994 2634 cola-

209 2655 292 2688 phum
309 2653 418 2680 Christo
446 2652 568 2687 impegit.
596 2651 664 2679 Tum
683 2653 833 2687 sepulcrum
852 2653 996 2687 propheta-

210 2708 279 2732 rum,
305 2699 414 2726 Davidis
431 2703 459 2725 et
475 2698 640 2731 Salomonis,
665 2703 691 2724 et
713 2699 825 2726 senioris
846 2698 993 2730 Simeonis.

208 2752 235 2772 et
250 2744 458 2779 protomartyris
474 2744 616 2778 Stephani.
632 2743 787 2778 Visiturque
802 2745 899 2772 ibidem
914 2745 994 2779 lapis,

209 2798 290 2823 quem
315 2790 426 2823 angelus
452 2797 467 2816 e
495 2794 588 2816 monte
616 2790 681 2817 Sina
710 2791 827 2817 devexit.
844 2790 924 2824 Lapis
953 2795 994 2818 est

211 2835 359 2866 nigricans,
377 2833 535 2866 versicolor,
552 2839 680 2869 tantaque
696 2837 891 2870 magnitudine,
909 2844 994 2870 quan-

215 2884 270 2905 tam
296 2881 374 2905 homo
391 2879 461 2906 ulnis
487 2882 614 2914 expansis
637 2882 759 2914 amplecti
788 2882 886 2909 valeat.
910 2883 994 2911 Distat

1046 2332 1191 2365 Θεοτόκου,
1219 2334 1264 2359 καὶ
1285 2334 1332 2360 τοῦ
1358 2334 1437 2368 ἁγίου
1460 2334 1585 2360 Ἰωάννου
1613 2334 1658 2360 τοῦ
1686 2334 1832 2367 Θεολόγου.

1046 2379 1134 2405 Αὑτοῦ
1157 2379 1327 2413 ὲπαρέλαϐεν
1348 2382 1398 2414 τὴν
1413 2379 1544 2406 Θεοτὸκον
1565 2381 1579 2406 ὀ
1597 2380 1724 2414 Ἰωάννης
1740 2382 1780 2411 εὶς
1800 2382 1834 2407 τά
1883 2408 1886 2410 ν

1047 2426 1110 2453 ἴδια.
1128 2426 1227 2458 Καθὼς
1247 2426 1323 2460 λέγει
1344 2427 1358 2452 ὁ
1386 2426 1606 2460 Εὑαγγελιστής¹
1622 2426 1727 2458 Γύναι,
1755 2427 1802 2453 ῖὸε
1819 2429 1835 2452 ri

1047 2472 1111 2504 υἱός
1127 2479 1185 2498 σου
1198 2480 1204 2486 ·
1232 2472 1332 2505 ὁμοίως
1347 2472 1394 2497 καὶ
1415 2472 1461 2497 τὸν
1478 2471 1604 2506 μαθητὴν
1618 2480 1624 2486 ·
1647 2472 1718 2498 Ἰδοὺ
1736 2472 1755 2505 ἡ
1777 2472 1835 2507 μή·

1047 2525 1101 2550 τηρ
1119 2525 1189 2544 σου.
1217 2518 1271 2543 Καὶ
1297 2517 1392 2543 ἔλαϐεν
1416 2517 1502 2551 αὐτὴν
1527 2517 1566 2548 εὶς
1586 2517 1620 2543 τὰ
1640 2517 1702 2544 ἴδια.
1722 2518 1768 2548 Εἰς
1786 2518 1835 2552 τὴν

1046 2562 1128 2596 ἁγίαν
1160 2561 1242 2594 Σιὼν,
1259 2563 1300 2593 είς
1329 2562 1375 2588 τὸν
1392 2560 1467 2588 οἷκον
1490 2562 1538 2596 τῆς
1568 2562 1700 2589 Θεοτόκου
1727 2563 1804 2598 ἐγίνη
1821 2565 1835 2590 ὀ

1045 2608 1174 2638 δεῖπνοςό
1189 2607 1320 2642 μυστικὸς
1337 2608 1385 2633 καὶ
1407 2608 1421 2633 ὁ
1446 2609 1593 2642 νιπτῆρας.
1610 2607 1697 2634 Αὑτοῦ
1712 2608 1833 2642 ἐκατέὄη

1045 2654 1076 2680 τὸ
1101 2654 1178 2687 ἅγιον
1208 2654 1321 2688 Πνεῦμα
1347 2654 1393 2680 ἐπὶ
1409 2655 1473 2685 τοὺς
1498 2653 1592 2687 ἁγίους
1614 2654 1782 2683 ἀποστόλους
1805 2655 1834 2680 ἐν

1049 2701 1177 2735 πυρίναις
1207 2700 1354 2734 γλώσσαις.
1387 2700 1474 2726 Αὐτοῦ
1496 2699 1629 2734 ἐκοιμήθη
1653 2701 1670 2734 ή
1687 2700 1832 2732 θεοτόκος,

1047 2747 1095 2772 xal
1125 2747 1314 2782 ὲσυνάχοησαν
1341 2747 1367 2774 οἱ
1393 2746 1537 2773 ἀπόστολοι
1558 2746 1610 2772 ὑπὸ
1631 2746 1762 2779 νεφελῶν,
1786 2747 1831 2772 κα⁷

1047 2791 1197 2826 ἐκήδευσαν
1211 2793 1241 2817 τὸ
1254 2792 1338 2826 αὐτῆς
1351 2792 1428 2826 σῶμα
1444 2792 1483 2822 εἰς
1498 2791 1662 2826 Γεθσημανῆ
1675 2790 1705 2816 τὸ
1720 2793 1831 2826 χωρίον.

1046 2836 1134 2863 Αὑτοῦ
1155 2838 1196 2868 εἰς
1217 2837 1266 2872 τὴν
1282 2837 1363 2870 ἁγίαν
1381 2837 1449 2863 Σιὼν
1470 2836 1530 2862 έναι
1554 2837 1637 2871 ἑτέρα
1659 2836 1769 2870 φυλακὴ
1785 2836 1832 2862 τοὺ

1046 2883 1172 2919 Χριστοῦ.
1201 2884 1290 2911 Αὐτοῦ
1317 2884 1375 2911 ἒναι
1402 2884 1416 2910 ὁ
1445 2882 1603 2918 Παράλυτος
1631 2883 1758 2917 ῥάπισμα
1784 2882 1831 2909 τοῦ
