1956 3077
122 138 189 180 θὸίῖ

766 141 816 172 DE
838 139 947 172 LOCIS
962 140 1132 172 SANCTIS.

1700 138 1754 171 982

121 198 231 233 θρόνος.
247 196 310 224 ’Δπ”
328 197 412 225 αὑτοῦ
430 197 479 224 καὶ
491 197 577 225 κάτου
590 197 659 225 ἄλλα
672 197 772 225 σκαλία
785 198 830 233 ιβ’,
844 196 916 226 εἷναι

972 205 1000 225 ea
1025 199 1113 226 sancti
1128 196 1222 225 Jacobi
1246 196 1427 232 Adclpbotbei
1445 195 1570 224 thronus.
1586 194 1628 223 Ab
1645 201 1679 223 eo
1694 198 1755 229 post

120 245 153 271 τὸ
177 244 325 279 σπήλαιον,
349 243 417 270 ὀποῦ
441 243 543 280 εὑρέθη
563 244 577 270 6
603 244 719 280 σταυρὸς
739 244 787 271 τοῦ
808 245 911 279 Κυρίου

121 290 215 322 καθὼς
229 289 274 316 τὸν
299 286 379 325 εὗρεν
407 290 424 324 ἡ
447 290 514 325 ἁγία
543 289 639 326 Ἑλένη
664 290 817 326 χωσμένον.
836 291 912 326 Ἔχει

122 338 171 363 καὶ
182 335 337 371 τράπεζαν,
354 336 422 364 ὀποῦ
445 336 632 373 λειτουργοῦν,
652 337 710 373 ἔχει
731 337 865 372 κανδήλια
879 338 910 365 δ’.

123 382 302 418 Ἐμπροσθεν
316 381 363 409 τοῦ
390 381 472 417 ἁγίου
504 382 593 417 τάφου
618 383 749 418 ἄντικρυς
765 382 814 417 τῆς
834 383 913 415 ἁγίας

122 427 264 464 τραπέζης
287 428 347 455 έναι
359 429 373 456 6
393 428 476 461 τόπος
493 429 561 456 ὀποῦ
587 423 766 465 ἐλαζάρωσαν
782 429 828 455 τὸν
844 429 913 463 Χρι-

123 476 199 507 στδν,
217 476 265 502 καὶ
283 475 437 511 ἐκήδευσαν
458 476 472 502 ὁ
485 475 655 510 Νικόδημος,
670 474 718 502 καὶ
739 475 753 501 6
771 475 870 509 Ἰωσὴφ
885 475 914 500 ὲν

122 521 208 548 σιδόνι
226 522 346 557 καθαρᾷ.
365 522 421 548 Καὶ
435 522 516 554 αὐτὸς
536 523 550 549 ὁ
565 521 648 553 τόπος
659 520 730 548 εἶναι
748 521 912 556 πλουμιστὸς

124 568 160 601 μὲ
179 567 314 602 μάρμαρα
327 567 485 602 πλουμιστὰ
509 568 640 603 πορφυρὰ
670 567 718 594 καὶ
736 566 839 602 μαῦρα.
857 565 914 594 Καὶ

123 612 230 638 ἄνωθεν
249 612 419 648 κρέμουνται
433 612 581 648 κανδήλαις
592 615 628 648 η’,
641 613 688 640 καὶ
699 612 796 639 καίουν
807 611 914 647 ἡμέραν

123 659 173 685 καὶ
185 659 286 685 νύκτα·
316 658 363 686 καὶ
385 659 470 686 αὑτοῦ
491 658 549 694 ἔχει
566 659 693 690 κολόναις
708 658 913 694 μαρμαρετναις

123 705 156 733 δ’.
175 705 231 732 Καὶ
259 705 442 741 σταυρόοολος
463 702 544 738 εἶναι,
570 705 618 731 καὶ
635 705 777 740 καμάραις
802 704 843 735 είς
866 702 914 730 τὸν

124 751 189 779 ναὸν
209 751 242 778 λ’.
270 752 349 786 Ἔχει
365 751 413 778 καὶ
429 751 534 786 πόρτας
558 751 572 778 6
595 750 660 782 ναδς
675 749 717 784 γ’·
739 751 756 785 ἠ
781 749 829 784 μία
843 746 915 776 εἶναι

123 798 233 824 δυσικέι.
250 797 310 824 Ἀπ’
324 797 408 824 αὑτοῦ
426 795 510 832 ἦλθεν
524 797 541 833 ἡ
554 796 616 824 ὁσία
631 796 726 830 Μαρία
740 796 774 824 vd
787 803 911 831 προσκυ-

122 843 205 879 νήσῃ,
224 845 271 871 καὶ
283 843 403 879 ὲκολήθη
415 843 462 870 ὑπ’
475 843 606 878 ἀγγέλου,
625 842 664 878 μὴ
684 842 796 878 εἰσέλθῃ
810 842 851 874 είς
865 841 912 869 τὸν

122 889 197 918 ναόν.
211 890 266 917 Καὶ
281 890 337 916 ἅνω
348 889 399 925 τῆς
410 889 498 925 πύλης
506 881 577 916 εἶναι
593 888 770 924 ίστορισμένη
788 889 804 924 ἡ
822 888 910 923 ὑπερ-

123 936 191 970 αγία
216 936 359 969 Θεοτόκος,
385 936 403 971 ἡ
440 935 658 971 ἀντιφανηθεῖσα
682 934 780 970 αὐτὴν,
806 935 854 962 καὶ
875 935 915 961 sl-

123 982 231 1008 ποῦσα·
263 981 340 1009 Ἐὰν
371 981 426 1009 τὸν
453 981 610 1017 Ἰορδάνην
632 980 786 1015 περάσῃς,
810 980 913 1015 εὑρεῖν

123 1028 215 1062 θέλῃς
239 1027 425 1055 ἀνάπαυσιν.
446 1028 480 1054 Ἦ
503 1027 532 1054 δὲ
548 1027 645 1060 ἄλλαις
666 1026 713 1054 δύο
729 1026 844 1063 πάρταις
867 1026 915 1055 τοῦ

123 1074 190 1101 ναοῦ
209 1072 281 1102 εἶναι
294 1073 363 1110 πρὸς
379 1072 568 1109 μεσημϐρίαν,
580 1072 629 1100 καὶ
646 1072 727 1108 ἔχουν
741 1072 865 1104 κολόναις
877 1073 914 1105 ς’,

124 1120 172 1147 καὶ
187 1121 344 1156 πορφυραῖς
356 1118 395 1153 γ’,
410 1119 457 1146 καὶ
469 1116 541 1146 εῖναι
553 1119 601 1146 καὶ
616 1118 653 1145 τὰ
664 1118 781 1153 ἀνόφλια
793 1118 915 1153 γλυπτάί.

123 1164 211 1192 Αὑτοῦ
231 1165 304 1200 ἔχεις
315 1165 361 1191 καὶ
372 1164 438 1191 ἐναν
451 1163 624 1199 κουὸούκλην
642 1163 784 1198 πέτρινον,
805 1163 915 1198 ὡραιώ-

123 1219 215 1242 τατον,
240 1211 287 1237 καὶ
310 1210 492 1245 ἱστορημένον
514 1209 584 1244 μετὰ
608 1209 734 1245 μουσίου.
758 1208 814 1237 Καὶ
831 1208 916 1236 αὐτοῦ

123 1254 253 1283 ἐκάθισεν
266 1257 280 1282 6
297 1255 438 1290 βασιλεὺς,
452 1255 501 1283 καὶ
513 1255 634 1291 ἔκρινεν.
654 1256 710 1282 Καὶ
725 1256 741 1291 ἡ
761 1255 829 1291 ἁγίᾳ
845 1255 916 1290 αὐλὴ

126 1301 175 1329 τοῦ
190 1301 268 1336 ἁγίου
279 1301 369 1336 τάφου
382 1301 440 1328 ἕναι
453 1301 502 1336 ὅλη
517 1301 916 1337 μαρμαρωπλακομένη.Ἒναι

124 1348 174 1376 καὶ
189 1348 280 1375 κιὸνια
293 1347 326 1380 δ’,
337 1347 387 1374 καὶ
404 1347 503 1375 ἀπάνω
521 1346 604 1374 αὑτοῦ
622 1346 723 1374 ἔϐαλαν
738 1346 784 1374 τὸν
798 1345 916 1379 σταυρὸν

125 1394 177 1420 ἐπὶ
202 1393 249 1421 τὸν
270 1393 380 1427 νεκρὸν,
409 1393 456 1420 καὶ
474 1391 586 1428 ἀνέστη.
605 1389 684 1419 Εῐναι
700 1391 784 1419 αὐτοῦ
806 1392 822 1427 ἠ
843 1392 916 1427 τρεῖς

124 1439 287 1474 ἱκκλησίαις
317 1438 368 1474 τῆς
385 1464 387 1467 ,
403 1438 484 1471 ἁγίας
497 1437 690 1469 ’Δναστάσεως
714 1437 762 1465 τοῦ
784 1437 915 1472 Χριστοῦ,

125 1486 174 1513 καὶ
195 1486 250 1513 τῶν
272 1485 357 1520 ἁγίων
381 1484 588 1519 τεσσαράκοντα
614 1483 775 1519 μαρτύρων,
804 1483 852 1510 καὶ
868 1482 915 1509 τοῦ

970 245 1038 272 alios
1058 244 1157 279 gradus
1174 244 1328 276 duodecim,
1342 244 1471 279 spelunca
1488 243 1554 276 hiat,
1571 242 1598 270 in
1615 249 1668 277 qua
1687 249 1755 269 crux

970 291 1078 319 Domini
1094 290 1252 318 abscondita
1277 297 1291 317 a
1319 295 1414 318 sancta
1437 289 1538 318 Helena
1563 293 1670 323 reperta
1694 287 1754 315 fuit.

971 339 1019 366 Est
1034 343 1062 365 et
1082 345 1186 370 mensa,
1201 337 1228 364 in
1244 344 1297 372 qua
1309 336 1407 364 Missas
1427 336 1576 364 celebrant.
1587 335 1673 364 Habet
1688 334 1758 361 lamv

970 385 1053 420 pades
1076 388 1201 419 quatuor.
1217 384 1287 410 Ante
1309 389 1417 410 sacrant
1436 381 1602 416 sepulcrum.
1624 380 1756 411 exadver-

970 439 1017 458 sus
1042 437 1147 457 sacram
1175 436 1308 460 mensam,
1336 428 1412 455 locus
1436 430 1489 458 cst,
1513 427 1539 454 in
1569 434 1623 461 quo
1657 433 1756 461 corpus

970 475 1072 504 Christi
1087 476 1263 503 demortuum
1275 477 1440 501 curaverunt
1459 472 1626 500 Nicodamus
1638 476 1664 500 et
1680 471 1756 500 Jose-

970 522 1051 557 phus,
1068 526 1094 548 ct
1109 521 1291 556 sepeliverunt
1313 520 1338 547 in
1355 519 1469 547 sindone
1485 518 1593 546 munda.
1610 518 1698 547 Locus
1715 521 1756 546 est

971 566 1047 594 varie
1062 566 1184 600 depictus
1205 565 1387 593 marmoribus
1401 563 1545 600 purpureis
1561 567 1588 590 et
1607 563 1691 597 nigris
1704 571 1712 596 ς
1727 567 1756 590 et

970 620 1053 648 supra
1070 612 1189 647 pendent
1203 611 1341 646 lampades
1357 614 1428 642 octo,
1443 610 1488 637 diu
1502 613 1637 643 noctuque
1661 608 1757 645 arden-

970 664 1030 692 tes;
1051 659 1187 693 habetque
1209 658 1352 687 columnas
1366 663 1534 685 marmoreas
1550 659 1678 690 quatuor,
1695 655 1758 681 tho»
1789 671 1791 674 ι

969 705 1065 741 Iusque
1079 705 1113 733 ad
1129 704 1244 733 formam
1258 704 1364 737 crucis;
1380 708 1408 732 et
1422 707 1487 731 sunt
1500 702 1620 730 fornices
1640 701 1667 728 in
1686 705 1755 729 tem-

969 751 1015 787 plo
1040 751 1159 787 triginta.
1188 750 1329 786 Templum
1342 750 1429 778 tribus
1450 749 1555 776 toribus
1576 751 1650 783 patet
1675 755 1684 776 :
1703 755 1756 774 una

969 798 1141 826 occidentem
1154 796 1282 832 respicit;
1300 803 1348 831 per
1362 803 1422 824 eam
1440 796 1518 823 beata
1535 794 1617 821 Maria
1630 793 1757 829 Egyptia

969 850 1031 871 cum
1044 843 1079 871 ad
1093 843 1262 870 adorandum
1278 841 1383 876 ingredi
1397 845 1552 873 conaretur,
1566 839 1711 868 arcebatur
1723 838 1757 865 ab

968 887 1078 923 angelo.
1102 887 1136 915 Et
1159 894 1243 925 super
1259 894 1319 915 eam
1342 885 1438 913 visitur
1462 885 1552 920 imago
1574 883 1756 913 sanctissima;

967 933 1099 969 Deiparts,
1118 940 1178 969 qua:
1193 933 1265 961 illam
1291 932 1409 959 allocuta
1433 931 1499 959 dixit
1520 939 1527 957 :
1549 930 1578 958 Si
1608 929 1755 957 Jordanem

965 979 1157 1015 par-transieris,
1171 979 1285 1006 invenies
1305 977 1430 1011 requiem.
1447 975 1569 1010 Reliqua!
1582 975 1642 1003 duae
1658 975 1686 1002 in
1699 981 1756 1001 me-

966 1027 1062 1054 ridiem
1081 1029 1208 1060 vergunt,
1224 1029 1252 1052 et
1268 1024 1370 1052 habent
1383 1022 1524 1051 columnas
1539 1029 1597 1054 sex,
1615 1025 1642 1048 et
1654 1028 1755 1055 purpu-

967 1079 1027 1100 reas
1042 1076 1114 1104 tres;
1127 1075 1154 1099 et
1167 1068 1385 1104 superliminaria
1401 1067 1542 1102 exsculpta
1556 1072 1632 1097 sunt.
1647 1066 1750 1093 ibidem

966 1122 994 1146 et
1012 1117 1145 1152 lapideum
1159 1116 1313 1144 cubiculum
1335 1121 1431 1142 cernes
1447 1112 1671 1148 pulcherrimum,
1693 1119 1754 1139 mu-
1786 1122 1787 1127 η
1808 1108 1811 1110 ’

967 1163 1026 1190 sivo
1040 1162 1188 1197 depictum,
1208 1162 1234 1188 in
1249 1168 1301 1194 quo
1322 1160 1434 1188 sedebat
1446 1167 1492 1187 rex
1515 1163 1543 1186 et
1556 1158 1707 1194 judicabat.
1723 1156 1757 1184 Et

967 1208 1037 1236 sacri
1050 1198 1296 1242 .sepulcrisarrum
1312 1205 1411 1233 atrium
1434 1208 1477 1233 est
1494 1204 1614 1238 undique
1637 1211 1755 1235 marmo-

968 1254 1043 1281 ribus
1053 1244 1179 1281 stratum.
1197 1252 1265 1279 Sunt
1278 1257 1304 1280 et
1322 1252 1410 1279 cionia
1428 1254 1545 1286 quatuor
1563 1259 1571 1277 :
1591 1249 1756 1283 ibidemque,

967 1306 1048 1326 cruce
1061 1303 1169 1326 mortuo
1185 1297 1320 1332 apposita,
1333 1301 1456 1324 mortuus
1470 1297 1496 1322 in
1513 1295 1598 1327 vitam
1612 1294 1757 1322 restitutus

967 1349 1018 1373 est.
1049 1343 1119 1371 Sunt
1136 1347 1267 1379 prtetcrca
1285 1347 1341 1373 tres
1365 1342 1498 1374 ecclesite.
1525 1345 1628 1369 sanctae
1654 1339 1757 1367 Christi

968 1390 1188 1421 resurrectionis.
1212 1394 1240 1417 et
1266 1392 1423 1417 sanctorum
1451 1386 1630 1422 quadraginta
1655 1390 1760 1421 marty-

968 1443 1041 1467 rum,
1056 1440 1082 1462 ct
1097 1434 1181 1462 sancti
1193 1433 1287 1461 Jacobi
1303 1433 1492 1467 Adelphothei,
1504 1436 1531 1459 et
1544 1431 1686 1458 mulierum
1698 1437 1758 1465 qua:

968 1487 1089 1509 aromata
1118 1481 1284 1508 detulerunt.
1312 1479 1351 1507 Eo
1379 1479 1404 1506 in
1431 1480 1491 1506 loco
1524 1478 1593 1506 vidit
1619 1477 1778 1505 Christum.

125 1531 206 1566 ἁγίου
228 1530 356 1558 Ἰακώϐου
374 1529 423 1557 τοῦ
441 1529 632 1564 Ἀδελφοθέου,
650 1529 698 1556 καὶ
713 1529 767 1556 τῶν
790 1529 916 1564 Μυροφό-

972 1528 1127 1563 Magdalena
1142 1531 1201 1561 post
1212 1525 1451 1557 resurrectionem,
1467 1524 1683 1557 existimausquc
1694 1523 1758 1550 hor-

129 1586 195 1613 ρων.
221 1577 310 1604 Αὐτοῦ
330 1575 407 1604 εἶδεν
425 1578 442 1611 ἡ
465 1576 627 1611 Μαγδαλινὴ
644 1576 690 1603 τὸν
710 1575 829 1611 Χριστὸν
848 1575 917 1610 μετὰ

126 1626 178 1660 τὴν
203 1625 324 1660 ἔγερσιν,
351 1624 399 1651 καὶ
412 1624 531 1650 δοκοῦσα
557 1623 599 1650 ὅτι
622 1623 636 1649 6
654 1622 792 1657 κηπουρὸς
807 1620 852 1657 ἦν,
867 1621 915 1648 καὶ

127 1671 205 1698 εἴπεν
218 1680 226 1687 ·
242 1673 339 1706 Κύριε,
355 1671 415 1698 ποῦ
436 1670 469 1698 τὸ
485 1670 572 1705 σῶμα
586 1669 639 1697 τοῦ
661 1669 767 1703 Ἰησοῦ
793 1677 853 1704 μου
871 1667 917 1696 τέ-

127 1721 244 1752 θηκας;
262 1719 308 1745 καὶ
330 1719 343 1745 6
357 1718 461 1753 Κύριος
478 1717 548 1753 πρὸς
578 1716 664 1752 αὐτὴν
694 1713 789 1742 εἶπεν·
807 1715 916 1749 Μαρία.

124 1763 168 1799 μή
183 1772 243 1798 μου
259 1764 368 1795 ἅπτου,
384 1764 420 1790 οὐ
441 1763 496 1797 γὰρ
512 1762 686 1795 ἀναϐέϐηκα
700 1761 776 1795 πρὸς
789 1761 842 1789 τὸν
856 1762 917 1787 Πα-

127 1811 199 1844 τέρα
209 1818 279 1844 μου,
296 1809 345 1836 καί
362 1809 436 1836 θεόν
457 1817 538 1844 μου,
563 1807 613 1834 καὶ
642 1807 715 1834 Θεὸν
741 1806 835 1841 ὑμῶν.
859 1807 918 1834 Ἀπ’

129 1855 213 1882 αὐτοῦ
227 1856 274 1882 καὶ
298 1854 402 1882 ἄνωθεν
415 1855 474 1881 Evoti
492 1854 523 1880 τὸ
545 1853 764 1888 Πατριαρχιχόν·
782 1853 830 1879 καὶ
846 1861 918 1887 παρ-

970 1577 1091 1604 tulanum
1108 1582 1179 1606 esse,
1203 1573 1271 1600 dixit
1289 1581 1296 1599 :
1316 1571 1437 1604 Domine,
1453 1570 1497 1597 ubi
1519 1577 1611 1603 corpus
1626 1568 1688 1595 Jesu
1708 1568 1758 1594 mei

970 1623 1081 1653 posuisti
1097 1621 1128 1648 °?
1144 1625 1171 1649 et
1183 1619 1311 1647 Dominus
1326 1618 1359 1645 ad
1371 1625 1451 1645 eam:
1466 1617 1562 1648 Maria,
1579 1615 1632 1642 nali
1648 1618 1755 1641 metan-

970 1676 1045 1704 gere;
1067 1666 1183 1694 nandum
1205 1665 1274 1695 enim
1304 1663 1410 1691 (tacendi
1429 1663 1462 1690 ad
1487 1662 1593 1689 Palrem
1618 1668 1702 1687 meum
1733 1665 1756 1685 et

973 1714 1056 1742 Deum
1081 1718 1193 1740 vestrum
1207 1712 1228 1738 ’.
1249 1709 1333 1738 Paulo
1349 1709 1417 1736 infra
1440 1706 1638 1735 Patriarchlum
1656 1709 1712 1738 est;
1730 1710 1756 1732 et

972 1767 1053 1795 supra
1067 1758 1238 1793 hodegetria,
1255 1761 1282 1785 et
1294 1756 1418 1784 habitant
1428 1753 1570 1781 monialcs.
1585 1752 1624 1778 Ex
1636 1759 1680 1782 co,
1695 1758 1757 1778 ctuti

972 1809 1057 1833 staret
1078 1804 1212 1839 Deipara,
1243 1802 1399 1830 intuebatur
1426 1800 1536 1833 Filium.
1552 1799 1578 1826 in
1604 1805 1703 1830 cruce,
1729 1802 1759 1824 et

973 1851 1159 1886 deplangebat.
1177 1849 1261 1877 Abest
1272 1855 1286 1875 a
1299 1855 1377 1876 sacro
1391 1846 1514 1881 sepulcro
1529 1844 1646 1872 stadium
1663 1851 1758 1870 unum.

128 1905 188 1931 ἀνω
202 1903 260 1930 ἐναι
273 1904 290 1939 ἡ
305 1902 467 1937 ὀδηγήτρια,
489 1901 537 1929 καὶ
562 1901 709 1928 κάθουνται
745 1899 916 1935 καλογριαις.
940 1899 1000 1926 Ἀπ’
1013 1897 1097 1926 αὑτοῦ
1114 1897 1226 1924 ἐστεκιν
1241 1896 1258 1930 ἡ
1274 1894 1415 1926 Θεοτόκος,
1430 1892 1478 1919 καὶ
1493 1891 1590 1918 tam:
1618 1890 1665 1917 τὸν
1693 1889 1757 1915 Υἱόν

129 1959 180 1985 της
199 1951 239 1981 είς
255 1951 302 1977 τὸν
320 1949 447 1984 σταυρὸν,
466 1949 515 1975 καὶ⁸
532 1948 646 1983 ὲθρήνη.
663 1947 775 1982 ’Δπὲχει
799 1946 852 1973 ἀπὸ
867 1947 912 1974 τὸν
933 1946 1011 1981 ἅγιον
1026 1944 1112 1979 τάφον
1128 1943 1236 1972 στάδιον
1254 1940 1289 1968 α’.

164 1995 200 2032 η’.
219 1997 297 2032 Ἔχει
316 1996 355 2028 είς
374 1995 445 2023 αὐτὰ
459 1995 494 2022 τὰ
509 1995 580 2030 μέρη
600 1995 769 2030 μοναστήρια
783 1992 917 2030 δεκατρία

130 2043 231 2070 δυτικὰ
243 2043 289 2069 τοῦ
305 2042 386 2076 ἁγίου
400 2041 500 2075 τάφου.
525 2040 639 2076 Πρῶτον
659 2041 672 2067 6
689 2040 857 2076 Πρόδρομος,
871 2039 920 2067 καὶ

130 2089 146 2115 ὁ
162 2090 250 2124 μέγας
268 2088 417 2123 Γεώργιος,
436 2086 484 2114 καὶ
501 2086 515 2113 6
544 2086 632 2121 μέγας
648 2085 817 2121 Δημήτριος,
841 2085 889 2113 καὶ
906 2085 921 2111 6

135 2135 225 2170 μέγας
253 2133 398 2166 Νικόλαος,
417 2132 466 2160 καὶ
496 2132 513 2167 ὴ
542 2131 608 2166 ἁγία
633 2131 733 2166 Θέκλη,
751 2130 799 2157 καὶ
814 2131 831 2166 ἡ
855 2130 921 2163 ἁγία

134 2181 232 2212 Ἄννα,
246 2180 294 2207 καὶ
310 2180 324 2206 6
355 2178 435 2212 ἅγιος
462 2177 612 2212 Εὑθύμιος,
627 2178 675 2204 καὶ
695 2177 712 2211 ἡ
729 2176 795 2210 ἁγία
808 2177 922 2204 Alure-

135 2226 210 2262 ρινα,
225 2225 275 2252 καὶ
288 2226 302 2252 6
318 2223 475 2259 Ταξιάρχης
489 2222 610 2258 Μιχαὴλ,
625 2222 672 2250 καὶ
684 2222 778 2256 ἕτερος
792 2221 856 2252 ναδς
874 2220 921 2248 τοῦ

133 2271 214 2305 ἁγίου
231 2270 382 2305 Γεωργίου,
404 2269 453 2296 καὶ
473 2268 488 2295 6
517 2269 596 2302 ἆγιος
608 2266 767 2303 Ίωάννης.ό
781 2266 921 2300 Θεολόγος,

135 2318 183 2344 καὶ
201 2318 214 2343 6
231 2316 310 2351 ἅγιος
325 2316 480 2347 Βασίλειος.
497 2314 591 2342 Ταῦτα
613 2315 648 2342 τὰ
670 2313 841 2349 μοναστήρια
856 2313 922 2340 ὀποῦ

136 2363 315 2398 εὑρίσκονται
339 2362 409 2397 μετὰ
424 2361 572 2397 καμάρων.
584 2360 663 2395 Ἔχει
682 2359 730 2387 καὶ
750 2359 799 2387 δύο
821 2358 924 2393 πόρτας

136 2408 310 2444 προύτζινες,
323 2408 371 2435 καὶ
385 2407 426 2439 είς
438 2407 472 2434 τὰ
483 2405 560 2439 δεξιὰ
573 2406 647 2442 μέρη
661 2405 708 2432 τοῦ
725 2405 846 2441 βήματος
858 2405 925 2433 ἀνα-

136 2454 226 2481 ϐαίνει
241 2453 342 2481 σκαλιὰ
368 2456 412 2486 ιε’,
433 2453 481 2480 καὶ
504 2453 626 2480 σεϐαίνει
649 2452 688 2485 είς
716 2451 763 2478 τὸν
789 2451 853 2481 ναὸν
877 2449 924 2477 τοῦ

143 2499 237 2534 Ἀγίου
264 2499 415 2535 Γεωργιω.
443 2497 475 2526 'H
492 2499 521 2525 δὲ
547 2498 660 2526 ὄπισθεν
675 2497 723 2528 τοῦ
747 2497 869 2533 βήματος
885 2497 926 2528 εἰς

138 2544 234 2572 στάδια
257 2543 305 2571 δύο
328 2542 399 2573 εἶναι
416 2544 430 2570 6
443 2543 526 2575 τόπος
540 2543 597 2570 τῶν
614 2541 765 2578 ποιμενῶν.
783 2542 894 2578 Ἀπέχει
909 2543 926 2577 ἡ

138 2589 205 2623 ἁγία
220 2589 346 2624 Βηθλεὲμ
364 2589 418 2616 ἀπὸ
436 2589 487 2624 τὴν
511 2588 692 2623 Ἰερουσαλὴμ
716 2588 806 2623 μίλιον
817 2591 841 2615 α’
852 2596 860 2604 '
880 2588 927 2615 ἀπ’

140 2633 224 2662 αὑτοῦ
240 2633 298 2661 έναι
312 2635 326 2660 ὁ
342 2633 496 2666 ’Λπεζάλας
521 2634 536 2660 6
555 2632 630 2665 οἶκος
646 2633 694 2660 τοῦ
709 2633 860 2668 Ἐφραθᾶν,
881 2633 930 2662 καὶ

140 2680 230 2707 ὀπίσω
250 2679 297 2707 τοῦ
313 2679 452 2711 Ἀπεζάλα
468 2679 526 2706 ἐναι
538 2680 553 2706 6
567 2678 630 2710 ναδς
642 2678 691 2705 τοῦ
705 2678 826 2713 μεγάλου
839 2677 931 2713 Γεωρ-

143 2726 215 2762 γίου,
233 2725 293 2755 ενα-ι
323 2725 372 2752 καὶ
387 2725 404 2760 ἡ
418 2723 504 2760 ἀλύση
526 2715 602 2751 ὁποῖ
620 2724 692 2759 είχεν
720 2721 761 2755 εἰς
787 2722 833 2750 τὸν
848 2722 929 2757 σφόν-

144 2772 223 2801 δνλόν
238 2780 299 2799 του.
314 2771 428 2806 Ἀπέχει
440 2770 494 2798 ἀπὸ
507 2771 556 2806 τὴν
575 2769 755 2806 Ἰερουσαλὴμ
773 2768 850 2804 μιλία
861 2767 897 2804 η’,
913 2769 930 2803 ὴ

182 2849 194 2866 ³
206 2848 286 2877 Joan.
307 2857 355 2882 xx,
372 2848 416 2876 l5.
456 2849 466 2865 ³
482 2847 550 2876 ibid.
570 2847 612 2876 ΓΙ.

1007 1992 1033 2021 8.
1051 1991 1101 2019 His
1131 1991 1158 2018 in
1175 1990 1298 2024 partibus
1319 1993 1347 2016 et
1375 1986 1454 2022 plaga
1483 1982 1642 2012 occidentali
1669 1982 1761 2010 sancti

973 2037 1102 2072 sepulcri,
1125 2041 1188 2064 sunt
1206 2034 1334 2064 tredecim
1358 2031 1534 2061 monasteria.
1555 2028 1661 2057 Primas
1678 2035 1760 2055 occu-

975 2087 1022 2118 pat
1040 2089 1210 2118 pracursor;
1237 2085 1292 2108 tum
1307 2083 1471 2114 sequuntur,
1486 2082 1600 2110 magnus
1616 2073 1759 2106 Georgius,

975 2117 1090 2162 magnus
1109 2126 1271 2159 Demetrius,
1290 2131 1403 2159 magnus
1419 2121 1557 2153 Nicolaus,
1579 2123 1671 2147 sancta
1687 2117 1760 2144 The-

974 2175 1027 2207 cla,
1041 2177 1134 2202 sancta
1157 2174 1248 2204 Anna,
1269 2175 1379 2199 sanctus
1404 2168 1576 2203 Euthymius,
1598 2169 1692 2193 sancta
1707 2163 1761 2190 Ca-

975 2219 1094 2252 tbarina,
1110 2217 1225 2245 Michael
1248 2215 1414 2246 Taxiarcha,
1435 2218 1462 2240 et
1476 2212 1548 2240 aliud
1566 2210 1654 2238 sancti
1676 2209 1760 2236 Geor-

973 2264 1022 2300 gii,
1036 2268 1148 2293 sanctus
1172 2263 1288 2290 Joannes
1307 2259 1472 2294 Theologus,
1498 2261 1610 2285 sanctus
1633 2255 1760 2282 Basilius.

975 2309 1137 2337 Monasteria
1153 2307 1304 2336 fornicibus
1316 2306 1432 2334 clarent.
1446 2303 1532 2332 [labet
1549 2307 1577 2330 et
1590 2303 1658 2330 duas
1671 2305 1762 2335 portas

976 2362 1082 2388 aeneas;
1098 2359 1125 2382 et
1141 2362 1156 2381 a
1171 2357 1247 2389 parte
1259 2353 1354 2380 dextra
1371 2350 1487 2379 bernatis
1501 2347 1650 2378 ascendens
1663 2346 1761 2381 gradus

975 2401 1143 2439 quindecim,
1171 2399 1320 2434 ingreditur
1335 2397 1464 2431 templum
1488 2394 1576 2422 sancti
1599 2392 1719 2426 Georgii.
1740 2392 1759 2417 Α

976 2454 1051 2483 tergo
1063 2446 1181 2475 bematis
1202 2446 1259 2473 fere
1287 2444 1437 2472 stadiorum
1462 2441 1575 2468 duorum
1600 2438 1698 2472 spatio,
1720 2441 1761 2463 est

975 2482 1116 2530 pastorum
1137 2492 1223 2520 locus.
1240 2490 1326 2518 Distat
1345 2491 1439 2516 sancta
1461 2485 1600 2513 Bethleem
1616 2491 1630 2510 a
1655 2482 1762 2510 civitate

976 2526 1126 2569 ierusalem
1151 2537 1266 2564 milliare
1289 2542 1384 2562 unum.
1408 2533 1448 2559 Ex
1474 2538 1527 2565 qua
1554 2529 1588 2557 ad
1614 2526 1761 2562 Apezalam

979 2585 1103 2621 Ephratae
1129 2583 1239 2612 denum
1267 2580 1438 2609 intercedunt
1461 2576 1536 2605 mille
1568 2582 1675 2610 passus.
1700 2572 1761 2598 Posl

978 2618 1122 2667 Apezalam
1145 2629 1267 2657 cernitur
1289 2625 1417 2660 templum
1444 2623 1533 2657 magni
1549 2620 1676 2655 Georgii;
1693 2623 1720 2645 et
1736 2618 1762 2644 in

979 2666 1012 2706 eo
1028 2680 1182 2705 asservatur
1197 2679 1301 2707 catena,
1317 2679 1398 2707 quam
1416 2670 1459 2697 ille
1477 2669 1549 2696 circa
1564 2666 1704 2694 vcrtcbras
1715 2671 1761 2698 ge-

981 2723 1081 2751 stabat.
1110 2720 1198 2748 Distat
1223 2718 1257 2748 ab
1274 2717 1340 2747 urbe
1364 2714 1512 2745 Jerusalem
1540 2710 1662 2740 milliaria
1689 2712 1762 2735 octo.

983 2767 1070 2796 Locus
1094 2764 1211 2795 Abrahae
1237 2768 1310 2792 terra
1339 2762 1416 2797 nigra
1441 2759 1553 2789 occidua
1581 2761 1634 2785 cst.
1662 2754 1762 2782 ibidem
