1956 3077
217 141 265 173 9m

937 144 1108 175 ANONYMI

1789 147 1843 179 981

220 201 355 229 Abraham
372 201 581 238 hospitalitatem
599 201 725 230 exercuit
739 211 746 230 :
761 207 790 230 et
809 203 835 229 in
852 201 939 230 media
955 202 995 229 do-

1055 203 1084 229 δὲ
1104 203 1118 229 6
1132 203 1213 235 τόπος
1227 203 1273 230 τοῦ
1288 201 1415 239 Ἀδραᾶμ
1440 203 1456 239 ἡ
1475 203 1511 238 γῖι
1526 204 1542 238 ἡ
1564 203 1666 238 Μαυρῆ
1683 202 1754 230 εῖναι
1768 204 1842 230 δυτι-

220 255 264 273 n:o
275 253 316 275 est
330 248 484 282 sepulcrum
500 248 583 276 illius.
609 249 699 276 Distat
711 248 746 275 ab
766 249 834 276 urbe
849 248 1002 276 Jerusalem

220 292 346 320 milliaria
363 294 425 320 tria.
441 293 560 330 Indeque
575 294 757 329 progredienti
775 294 857 321 millia
874 301 1002 328 passuum

220 338 330 372 triginta
347 338 397 366 tria
418 346 479 367 sese
492 339 570 368 oﬂert
585 340 673 368 sancti
694 339 850 368 Cbaritonis
865 345 1002 368 monaste-

218 392 297 412 rrum.

250 475 277 503 9.
298 475 363 504 Sina
387 485 463 506 momr
489 479 514 506 in
539 479 635 507 intimo
650 479 749 507 deserti
770 480 935 513 insinuatur,
949 481 1001 507 'di-

215 525 325 557 statque
340 524 374 551 ab
389 525 456 553 urbe
471 524 620 554 Jerusalem
649 526 745 554 diebus
773 527 937 561 quindecim.
962 527 1000 554 lbi

216 573 341 596 sanetum
353 570 449 598 rubum
462 571 600 599 ardentem
611 571 717 607 Moyses
732 573 847 606 aspexit.
859 573 999 608 Templum

216 616 467 652 structuraeligneaa
487 617 595 651 plumbo
617 618 791 653 contegitur;
809 619 1001 654 sustinentque

215 661 279 688 illud
305 662 437 690 columnae
451 663 605 691 duodecim.
630 664 711 692 Bema
727 665 832 693 musivo
854 666 1000 694 interstin-

214 711 288 734 ctum
311 713 363 741 est,
393 714 623 744 repraesentatque
645 710 914 746 transﬁgurationem
945 712 998 738 Do-

215 753 291 780 mini.
309 752 397 781 Situm
417 760 458 782 est
484 755 520 783 ibi
542 755 568 783 in
589 763 668 792 capsa
691 765 842 785 marmorea
866 758 999 793 reliquum

214 802 314 826 sanctae
337 799 506 834 Catharinze;
532 802 705 837 pendentque
721 803 837 838 desuper
861 804 999 839 lampades

180 848 189 859 '
215 851 279 872 tres.
307 846 330 872 A
356 849 433 881 tergo
458 847 573 875 bematis
600 849 650 875 sub
680 856 757 876 sacra
784 857 876 877 mensa
903 850 999 877 ardent

215 890 353 925 htmpades
378 896 443 920 tres.
460 893 566 920 Sacella
589 901 673 928 penes
700 895 829 929 templum
846 899 918 927 sunt,
937 903 1000 923 san-

214 941 319 963 ctorum
342 937 482 971 abbatum,
500 939 674 974 reliquiaeque
696 940 722 967 in
746 941 780 974 iis
798 941 932 976 repositae,
951 942 998 976 qui

214 982 240 1008 in
252 981 315 1009 Sina
332 988 423 1011 monte
435 988 462 1011 et
477 984 575 1019 llaytbi
589 986 700 1014 civitate
712 987 865 1014 obtruncati
877 987 996 1016 fuerunt.

213 1026 351 1063 Propeque
373 1029 458 1057 andem
484 1031 646 1059 catholicam
674 1033 798 1060 visuntur
821 1034 873 1060 alia
898 1035 998 1062 sacella

213 1081 270 1100 sex.
289 1073 358 1101 Sunt
373 1078 401 1101 et
423 1075 475 1102 alia
490 1075 587 1103 sacella
609 1077 635 1104 in
659 1079 835 1112 monasterio,
851 1079 878 1106 in
900 1080 998 1113 quibus

212 1119 594 1154 quatuordecimsaccrdotcs
617 1122 714 1150 missas
730 1123 880 1151 celebrant.
896 1125 998 1153 Puteus

212 1171 320 1199 quoque
346 1170 398 1198 est,
419 1173 453 1193 ex
478 1174 531 1201 quo
547 1167 652 1202 Moyses
677 1174 769 1204 potum
786 1171 923 1205 prmbebal
939 1172 999 1199 ovi-

214 1209 275 1237 bus.
291 1210 367 1238 Mons
384 1212 449 1240 Sina
472 1216 638 1244 monasterio
652 1217 816 1251 superjaeet.
830 1219 998 1245 ascenditur-

211 1262 263 1288 que
278 1257 311 1283 ad
335 1257 410 1285 illum
427 1260 556 1294 gradibus
583 1263 723 1291 sexcentis
742 1268 768 1290 ct
798 1271 845 1291 sex
863 1265 995 1292 millibus.

210 1300 389 1334 Ascendens.
412 1303 439 1330 in
466 1305 555 1334 medio
589 1313 680 1335 monte
713 1310 842 1343 templum
875 1310 997 1346 Dclparae

210 1353 318 1374 sacrum
335 1350 446 1384 reperit,
463 1351 506 1379 cui
529 1360 627 1381 nomen
646 1354 779 1390 Engytriae
795 1365 802 1382 :
820 1364 935 1391 namque
955 1358 995 1384 vi-

209 1392 289 1421 detur
309 1397 489 1431 spopondisse
509 1406 558 1433 pro
583 1402 761 1430 monasterio.
787 1401 876 1438 Supra
894 1410 935 1431 est
949 1412 995 1432 sa-

210 1446 255 1466 era
272 1439 337 1468 Elia:
351 1443 490 1477 propheta
505 1445 586 1477 ades.
603 1450 630 1473 et
660 1448 789 1482 spelunca
802 1449 829 1475 in
846 1457 897 1484 qua
923 1450 996 1485 jeju-

211 1485 285 1512 navit
297 1487 476 1523 quadraginta
490 1489 558 1518 dies.
576 1491 650 1519 Et‘iu
671 1498 766 1521 sancto
784 1495 882 1522 montis
894 1497 996 1523 vertice

1055 249 1101 276 κά.
1117 249 1206 276 Αὐτοῦ
1237 250 1295 277 έναι
1312 251 1325 277 ό
1339 250 1423 282 τόπος
1438 250 1506 276 όποῦ
1526 250 1630 284 ἔκαμεν
1642 250 1771 286 ’Δὸραὰμ
1792 251 1842 286 τὴν

1055 295 1207 330 φλοξενίαν
1219 304 1227 313 ·
1242 296 1289 322 καὶ
1315 297 1397 331 μέσον
1421 295 1468 323 τοῦ
1485 296 1561 322 almo
1584 304 1631 322 του
1652 295 1711 322 έναι
1724 296 1739 322 6
1755 295 1842 330 τάφος

1054 349 1111 368 του.
1133 341 1244 376 Ἀπέχει
1263 341 1318 368 ἀπὸ
1333 341 1384 375 τὴν
1411 341 1592 376 ’Ῑερυυςαλὴμ
1617 341 1674 375 μιλ.
1697 344 1733 374 γ’.
1767 341 1843 367 Ἐκεῖ

1055 387 1108 414 ἴδεν
1122 387 1171 422 τὴν
1186 387 1269 421 ἁγίαν
1289 387 1404 422 Τριαδα.
1426 387 1547 422 ΠαρεκΞῖ
1561 386 1637 421 μίλια
1650 386 1765 422 τριάντα
1777 387 1842 422 τριὰ

1053 433 1111 460 έναι
1125 434 1142 468 ἡ
1154 434 1219 467 ἁγία
1235 434 1303 468 μονὴ
1319 432 1366 459 106
1387 433 1467 467 ἁγίου
1482 433 1653 467 Χαρίτωνος.

1088 479 1120 506 θ’.
1139 480 1218 506 Ἔναι
1249 479 1278 506 τὸ
1303 480 1367 506 Σινᾶ
1380 479 1443 514 ὅρος
1467 480 1507 510 εἰς
1532 479 1583 514 τὴν
1612 478 1750 513 ἐσωτέραν
1778 478 1842 514 έρη-

1055 534 1115 560 μον.
1147 525 1257 560 ’Δπέχει
1286 525 1340 552 ἀπὸ
1365 526 1414 561 τὴν
1436 525 1617 560 Ἰερουσαλὴμ
1643 525 1745 560 δρόμον
1768 525 1840 560 ἡμε-

1055 571 1108 607 ρῶν
1137 571 1178 598 ιε¹.
1193 572 1271 598 Ἐκεῖ
1284 570 1356 598 εἴδεν
1377 572 1390 598 6
1417 572 1539 605 Μωῡσῆς
1563 571 1612 606 τὴν
1631 570 1714 604 ἁγίαν
1747 570 1838 605 βάτον,

1052 620 1119 646 ὀποῦ
1136 619 1246 645 ὲκέετο·
1270 619 1318 645 καὶ
1331 618 1390 645 έναι
1404 619 1418 644 6
1430 618 1493 649 ναὸς
1515 617 1584 652 μετὰ
1612 617 1714 652 σκευῆς
1731 616 1840 651 ξυλίνης

1053 664 1305 700 μολιϐοσκὲπαστη,
1322 665 1369 690 καὶ
1393 663 1564 698 βαστάστηνε
1581 663 1706 694 κολόναις
1723 662 1774 697 ιβ’·
1791 663 1839 689 καὶ

1050 711 1081 736 τὸ
1112 710 1188 746 βῆμα
1208 707 1278 737 εἶναι
1298 710 1488 745 ίστορισμένον
1508 710 1578 744 μετὰ
1607 709 1723 743 μωσίου,
1749 709 1798 734 καὶ
1822 709 1840 743 ἡ

1053 756 1276 792 μεταμόρφωσις.
1296 757 1375 783 Ἐναι
1397 756 1426 782 τὸ
1451 755 1562 790 λείψανο
1580 755 1630 789 τῆς
1655 755 1736 789 ἁγίας
1753 754 1840 780 Αἰκα-

1051 803 1159 838 τερίνης
1171 803 1212 834 είς
1226 802 1348 837 λάρνακα
1365 801 1561 837 μαρμαρέῖνον
1572 810 1578 816 ·
1595 802 1642 828 καὶ
1657 801 1761 828 ἄνωθεν
1775 800 1840 836 κρέν

1053 857 1167 882 μουνται
1177 848 1322 882 κανδήλαις
1337 849 1422 882 τρεῖς,
1440 848 1489 874 καὶ
1497 847 1586 873 ὀπίσω
1593 845 1638 872 τοῦ
1649 846 1782 881 βήματος,
1793 846 1842 872 καὶ

1051 893 1182 920 ἀποκάτω
1199 893 1248 927 τῆς
1261 893 1342 928 ἁγίας
1354 893 1494 928 τραπέζας
1513 892 1622 919 ἁπτοῦν
1637 892 1786 926 κανδήλαις
1801 894 1840 925 γ’.

1052 939 1130 975 Ἔχει
1145 939 1328 974 Παρακλήσια
1336 939 1390 966 τῶν
1401 939 1486 973 ἁγίων
1503 938 1643 966 ’Δὸϐάδων
1652 947 1659 954 ·
1675 938 1723 964 καὶ
1734 939 1842 964 κεῖνται

1050 985 1085 1012 τὰ
1099 985 1214 1020 λείψανα
1233 985 1288 1012 τῶν
1302 985 1331 1011 έν
1351 985 1418 1020 Σινᾷ
1432 985 1479 1012 καὶ
1500 984 1611 1011 Ῥαῖθοῦ
1626 983 1842 1018 ἀναιρεθέντων.

1050 1031 1138 1058 Δὺτοῦ
1156 1032 1212 1066 ἔχει
1228 1031 1310 1066 ἕτερα
1330 1031 1507 1066 παρακλήσια
1523 1031 1563 1062 είς
1586 1029 1617 1056 τὸ
1631 1028 1779 1055 καθολικδν
1798 1027 1839 1060 ς’.

1051 1078 1131 1104 Ἐναι
1155 1078 1203 1104 καὶ
1223 1078 1305 1112 ἔτερα
1320 1077 1497 1113 παρακλήσια
1512 1077 1553 1107 εἰς
1568 1076 1599 1102 τδ
1621 1075 1785 1110 μοναστήρη
1803 1075 1838 1109 μδ

1050 1123 1091 1156 ιδ’,
1107 1124 1176 1150 όποῦ
1200 1123 1388 1158 λειτουργοῦν.
1402 1124 1483 1150 Ἐναι
1510 1122 1558 1149 καὶ
1580 1122 1610 1148 τὸ
1626 1122 1750 1157 πηγάδη,
1768 1120 1837 1148 ὀποῦ

1049 1169 1173 1202 ἐπότιζεν
1188 1171 1202 1196 6
1216 1170 1337 1204 Μωῦσῆς
1357 1169 1390 1196 τὰ
1413 1169 1550 1205 πρόϐατα.
1573 1168 1607 1195 'H
1621 1167 1650 1194 δὲ
1667 1168 1696 1194 τδ
1713 1167 1776 1202 ὅρος
1792 1166 1840 1193 10-3

1048 1215 1114 1242 Σινᾶ
1126 1213 1196 1242 εἶναι
1214 1215 1319 1242 ἄνωθεν
1335 1214 1384 1241 τοῦ
1408 1214 1606 1250 μοναστηρίου,
1630 1213 1677 1241 καὶ
1693 1212 1839 1240 ἀναϐαίνει

1049 1262 1147 1289 σκαλία
1163 1261 1193 1295 ἒξ
1208 1261 1328 1296 χιλιάδες
1353 1262 1399 1288 καὶ
1417 1261 1557 1294 ἑξακόσια,
1569 1260 1617 1287 καὶ
1629 1259 1770 1286 ἀναϐαίνει
1785 1259 1840 1290 ἓως

1047 1308 1099 1343 τὴν
1121 1308 1208 1343 μέσην
1225 1307 1273 1334 τοῦ
1297 1308 1388 1342 δρους,
1409 1307 1458 1334 καὶ
1479 1306 1603 1342 εὑρίσκει
1629 1305 1676 1332 τὸν
1701 1305 1764 1332 ναὸν
1789 1306 1841 1339 τῆς

1047 1353 1180 1380 Θεοτόκου
1204 1353 1254 1388 τῆς
1284 1352 1447 1388 Ἐγγύτριας
1477 1351 1524 1378 106
1562 1351 1762 1387 μοναστηρίου·
1790 1351 1840 1377 καὶ

1048 1400 1204 1436 παραπάνω
1221 1397 1292 1427 εἶναι
1313 1399 1327 1425 6
1342 1398 1405 1430 ναὸς
1424 1400 1472 1425 τοῦ
1487 1398 1629 1434 προφήτου
1649 1396 1744 1423 Ἦλιοῦ
1755 1404 1762 1412 ·
1779 1397 1839 1423 έναι

1046 1446 1076 1473 τὸ
1087 1445 1224 1482 Σπήλαιον
1236 1444 1304 1472 ὀποῦ
1315 1445 1478 1480 ὲνήστευσεν
1492 1445 1612 1480 ἡμέραις
1625 1443 1662 1478 μ’.
1680 1444 1735 1470 Καὶ
1744 1443 1839 1471 ἐπάνω

1047 1494 1086 1525 είς
1103 1494 1152 1529 τὴν
1173 1491 1255 1527 ἁγίαν
1269 1491 1393 1526 κορυφὴν
1407 1491 1454 1518 τοῦ
1476 1490 1557 1525 ὅρους
1580 1488 1651 1516 εἶναι
1666 1491 1680 1516 6
1698 1490 1764 1520 ναὸς
1787 1488 1836 1516 τοῦ

209 1531 339 1577 templum
353 1535 519 1563 sanctissimi
534 1537 671 1572 praphelae
688 1538 798 1575 Moysis,
815 1541 840 1567 in
859 1549 914 1576 quo
925 1550 994 1577 qua.-

1049 1539 1124 1574 αγίου
1142 1538 1284 1574 προφήτου
1302 1537 1432 1570 Μωσέως,
1457 1536 1527 1563 ὁποῦ
1545 1537 1710 1571 ὲνήστευσεν
1725 1535 1838 1570 ἡμέρας

209 1576 333 1611 draginta
349 1578 570 1615 diesjejunavit;
586 1584 757 1617 postmodum
776 1585 813 1612 illi
827 1586 897 1614 Deus
909 1576 993 1622 appa-

210 1622 276 1656 ruit,
288 1628 316 1650 et
328 1624 440 1653 dictavit
455 1626 494 1654 illi
509 1627 608 1663 legem,
620 1634 647 1657 et
664 1637 680 1657 a
701 1630 756 1658 Deo
774 1632 874 1660 incisas
890 1633 994 1662 litteras

209 1668 341 1697 exhibuit.
369 1670 470 1700 Ibidem
485 1677 526 1701 est
540 1679 568 1702 et
589 1675 634 1710 qui
653 1683 714 1703 eum
743 1679 853 1713 operuit
871 1679 950 1714 lapis.
965 1680 994 1707 ln

208 1715 309 1743 montis
324 1715 447 1745 articulis
459 1723 522 1746 lunt
535 1720 628 1749 sedilia
650 1725 772 1758 septem;
800 1724 892 1760 ibique
906 1733 994 1761 prope

209 1760 314 1796 adjacet
327 1769 421 1790 saxum
443 1763 470 1791 in
493 1773 547 1800 quo
563 1765 681 1796 Joannes
695 1768 831 1798 Climacus
846 1778 894 1806 per
910 1760 996 1800 annos

208 1807 385 1843 quadraginta
398 1811 477 1844 sedit,
492 1816 519 1839 et
537 1813 647 1848 scripsit
663 1814 783 1843 Scalam.
803 1817 890 1846 Distat
907 1826 921 1846 a
938 1826 994 1847 mo-

208 1854 328 1881 nasterio
352 1862 401 1884 sex
426 1857 509 1884 millia
533 1866 672 1893 passuum.
698 1861 798 1890 Saxum
820 1871 896 1896 vero,
922 1865 993 1900 quod

209 1900 306 1927 baculo
321 1900 429 1937 Moyses
446 1905 586 1938 tondebat,
607 1910 635 1934 et
653 1914 687 1934 ex
703 1915 758 1942 quo
774 1916 851 1944 aqua:
866 1911 993 1939 exsilive-

208 1950 282 1979 runt,
296 1945 323 1973 iu
339 1948 428 1975 medio
443 1948 554 1984 Itinere,
581 1958 634 1986 quo
648 1953 681 1980 ad
698 1958 855 1982 sanctorum
869 1955 994 1988 Quadra-

208 1991 283 2025 ginta
297 1998 448 2028 martyrum
475 1998 667 2025 monasterium
681 2000 848 2034 proceditur,
860 2001 948 2036 jacet;
967 2006 995 2030 et

209 2036 244 2063 ibi
269 2044 349 2072 supra
369 2046 447 2066 mons
468 2039 576 2068 Sanctae
595 2041 748 2071 Camarina:
769 2046 946 2079 conspicitur,
966 2047 992 2074 in

207 2089 261 2109 nuo
274 2090 322 2117 per
336 2091 422 2112 annos
439 2090 574 2115 trecentos
591 2089 729 2124 sexaginta
745 2091 867 2126 quinque
882 2093 995 2127 {requie-

208 2128 257 2159 vit.
282 2129 316 2156 ab
336 2130 438 2164 angelis
454 2132 598 2160 custodita.
622 2135 643 2161 A
671 2134 735 2162 Sina
755 2142 848 2164 monte
863 2138 896 2165 ad
923 2138 995 2173 Bay-

207 2173 284 2201 thum
297 2175 401 2209 urbem,
413 2178 527 2204 duorum
542 2178 645 2207 dierum
670 2180 720 2208 iter
741 2181 890 2216 interiacet.
905 2182 993 2218 Prope

207 2224 250 2248 est
263 2228 337 2248 mare
350 2221 481 2256 Rubrum,
495 2226 567 2260 quod
580 2227 754 2260 perlransivit
768 2215 888 2264 Moyses;
906 2215 994 2264 tha-y-
1011 2215 1033 2242 Β

208 2270 264 2292 lllm
281 2271 343 2294 sunt
367 2267 448 2295 etiam
468 2270 637 2305 septuaginta
653 2271 738 2299 trunci
754 2273 916 2307 palmarum.
939 2274 995 2302 Nec

207 2310 286 2346 longe
311 2317 353 2339 est
368 2311 547 2342 Prmcursoris
565 2317 782 2351 monasterium;
803 2326 856 2353 quo
875 2319 901 2346 in
933 2320 994 2348 loco

209 2353 332 2382 monachi
347 2362 363 2382 a
380 2354 580 2391 Blemmydibus
596 2361 775 2388 contrucidati
791 2362 893 2390 obiere.

243 2451 287 2480 IO.
304 2452 390 2480 Dismt
415 2453 547 2489 Egyptus
569 2456 604 2483 ab
625 2457 691 2484 urbe
712 2456 863 2485 Jerusalem
879 2458 993 2486 duorum

206 2499 312 2526 dierum
341 2500 402 2528 iter.
431 2500 468 2526 Eo
495 2503 608 2529 accessit
634 2502 748 2537 Deipara
781 2511 842 2531 cum
872 2504 992 2538 Christo,

207 2545 320 2573 llerodis
341 2545 409 2573 iram
433 2547 538 2580 vitans;
565 2549 760 2584 impletumque
783 2555 825 2578 est
854 2551 992 2586 propheta:

204 2592 305 2619 dictum
324 2601 331 2619 :
350 2591 391 2619 Ea:
407 2592 523 2628 Egypto
538 2595 625 2622 vocavi
642 2595 727 2624 ﬁlium
752 2605 837 2624 meum
852 2597 886 2624 ¹⁶.
899 2598 931 2624 Et
950 2602 991 2625 cst

205 2639 291 2673 locus,
307 2639 353 2674 qui
370 2639 483 2667 Malaria
511 2641 618 2668 dicitttr.
638 2642 763 2677 Fluitquc
789 2643 889 2671 ibidem
915 2643 986 2676 lous,

205 2685 250 2719 qui
265 2689 292 2712 ct
306 2685 524 2720 speciocissimus
544 2692 595 2720 est,
611 2692 638 2715 ct
654 2688 786 2716 malorum
804 2689 924 2716 omnium
945 2697 990 2717 sa-

206 2732 315 2758 nitatem
328 2737 446 2766 prtcstat.
463 2732 490 2759 In
508 2740 540 2760 eo
551 2732 664 2768 Deipara
681 2734 778 2762 fascias
791 2734 851 2762 Filii
866 2734 940 2762 lavit.
956 2735 991 2762 Et

207 2778 306 2812 inquo
330 2784 377 2805 eas
405 2779 602 2815 extenditagro
624 2778 827 2810 Balsamelaeum
854 2781 988 2819 scaturiit.

243 2863 265 2878 '°
280 2861 348 2890 Osee
361 2871 397 2897 ιι,
417 2865 444 2891 2.

1049 1585 1087 1620 μ’,
1103 1585 1152 1611 καὶ
1165 1584 1234 1619 μετὰ
1251 1582 1337 1610 ταῦτα
1350 1583 1437 1618 ἐφάνη
1449 1581 1525 1616 αὑτῷ
1536 1583 1551 1608 6
1570 1582 1647 1615 Θεδς,
1672 1582 1721 1608 καὶ
1734 1581 1836 1616 ἐλάλη-

1049 1640 1096 1658 σεν
1109 1631 1183 1666 αὺτῷ
1199 1631 1245 1657 τὸν
1259 1630 1353 1664 νόμον,
1365 1629 1413 1656 καὶ
1423 1629 1457 1656 τὰ
1475 1628 1648 1663 θεοχάρακτα
1661 1627 1818 1662 γράμματα
1829 1634 1838 1642 ’

1046 1676 1107 1703 έναι
1122 1677 1169 1702 καὶ
1187 1677 1204 1711 ὴ
1222 1676 1309 1709 πέτρα
1327 1675 1344 1710 ὴ
1361 1674 1523 1701 σχεπάσασα
1534 1673 1627 1700 αὐτόν.
1644 1672 1732 1699 A6106
1748 1674 1789 1704 είς
1803 1673 1838 1699 τὰ

1045 1722 1096 1758 ὅρη
1114 1722 1186 1756 μέσα
1208 1720 1280 1748 εἶναι
1305 1720 1465 1755 καθίσματα
1480 1719 1512 1752 ξ’.
1528 1719 1617 1746 Αὑτοῦ
1633 1719 1717 1745 κοντα
1739 1718 1799 1745 έναι
1817 1720 1834 1754 ή

1046 1769 1135 1804 πέτρα
1154 1767 1223 1794 όποῦ
1243 1767 1374 1794 ὲκάθετον
1396 1765 1526 1801 Ἰωάννης
1544 1765 1593 1799 τῆς
1608 1764 1751 1798 Κλίμακος
1770 1765 1838 1800 χρό-

1045 1823 1108 1846 νους
1123 1813 1149 1849 μ’
1159 1823 1166 1829 ·
1182 1815 1241 1841 ἐκεῖ
1256 1813 1377 1849 ἔγραψεν
1391 1812 1440 1848 τὴν
1455 1812 1598 1847 Κλίμακα.
1612 1811 1723 1846 Ἀπέχει
1738 1811 1792 1838 ἀπὸ
1806 1812 1837 1838 16

1047 1861 1231 1896 μοναστήριον
1248 1859 1326 1894 μίλια
1350 1862 1387 1891 ς’.
1410 1859 1441 1885 Ἦ
1457 1859 1487 1885 δὲ
1511 1858 1598 1893 πέτρα
1611 1857 1679 1884 δποῡ
1697 1858 1798 1884 ἔδωκεν
1822 1858 1837 1884 ὀ

1045 1906 1168 1941 Μωῦσῆς
1181 1905 1231 1942 τὴν
1247 1905 1355 1940 ῥάϐδον,
1367 1905 1416 1932 καὶ
1425 1904 1563 1940 ἐρρύησαν
1575 1904 1671 1937 ὕδατα,
1688 1903 1748 1930 έναι
1763 1903 1834 1939 μέσα

1045 1953 1085 1984 είς
1111 1952 1158 1978 τὸν
1185 1951 1298 1987 δρόμον,
1321 1951 1389 1977 όποῦ
1421 1951 1523 1984 ὑπάγει
1541 1951 1581 1982 είς
1595 1950 1627 1976 τὸ
1646 1950 1833 1986 μοναστήριον

1044 1998 1098 2025 τῶν
1115 1998 1201 2032 ἁγίων
1230 1996 1446 2032 Τεσσαράκοντα
1473 1995 1640 2031 μαρτύρων·
1672 1995 1719 2022 καὶ
1747 1995 1833 2022 αὐτοῦ

1045 2044 1150 2073 ἄνωθεν
1170 2045 1229 2071 έναι
1245 2045 1276 2071 τὸ
1292 2044 1354 2079 ὅρος
1375 2044 1424 2079 τῆς
1447 2043 1543 2078 ’Λγίας
1554 2043 1747 2079 Αίκατερίνης,
1765 2044 1834 2072 61106

1045 2092 1176 2119 έκάθετον
1196 2091 1310 2127 χρόνους
1329 2091 1507 2126 τριακοσίους
1527 2090 1659 2126 ἐξήκοντα
1676 2090 1770 2122 πέντε,
1787 2090 1835 2116 καὶ

1045 2137 1164 2164 έσλέπαν
1178 2145 1228 2171 την
1239 2137 1265 2163 οἱ
1281 2135 1402 2170 ἄγγελοι.
1414 2135 1483 2163 Ἀπὸ
1493 2135 1541 2162 106
1556 2136 1622 2163 Σινᾶ
1631 2135 1684 2168 ἕως
1698 2135 1833 2171 τῆςῬαῖ-

1046 2183 1094 2210 θοῦ
1114 2183 1174 2210 έναι
1195 2184 1209 2210 6
1224 2183 1334 2218 δρόμος,
1359 2183 1424 2210 ὅσον
1438 2183 1588 2218 περιπατεῖ
1603 2183 1712 2218 ἡμέρας
1736 2181 1770 2218 β’,
1787 2183 1834 2209 καὶ

1045 2231 1129 2256 κοντα
1149 2229 1199 2264 τῆς
1218 2228 1328 2256 Ῥαῖθοῦ
1355 2228 1447 2264 έναιὴ
1462 2228 1584 2264 Ἐρυθρὰ
1606 2229 1741 2261 θάλασσα,
1768 2228 1833 2254 ένοα

1045 2276 1182 2311 ἐπέρασεν
1201 2276 1215 2302 6
1228 2275 1349 2310 Μωῦσῆς
1363 2276 1404 2307 είς
1417 2274 1587 2309 γλυκύτητα.
1603 2275 1690 2301 Αὐτοῦ
1710 2275 1771 2301 έναι
1785 2275 1834 2301 καὶ

1045 2323 1070 2349 οί
1093 2322 1282 2358 ἑϐδομήκοντα
1308 2321 1425 2356 στελέχη
1446 2321 1588 2356 φοινίκων.
1614 2321 1702 2348 Αὑτοῦ
1719 2322 1760 2353 εἰς
1781 2321 1834 2356 τὴν

1053 2368 1160 2396 Ῥαῖθοῦ
1191 2368 1261 2403 σιμᾶ
1288 2368 1345 2403 έχει
1372 2368 1557 2404 μοναστήριον
1584 2368 1632 2394 τοῦ
1657 2368 1831 2403 Προδρόμου,

1044 2415 1112 2442 ὀποῦ
1138 2415 1323 2449 ἀναιρέοησαν
1338 2415 1363 2441 οἱ
1388 2415 1502 2450 μοναχοὶ
1520 2414 1575 2440 ἀπὸ
1597 2413 1651 2440 τῶν
1667 2414 1831 2449 Βλεμμύων.

1083 2464 1109 2488 ι’.
1130 2461 1163 2488 Ἠ
1186 2461 1215 2487 δὲ
1229 2461 1368 2494 Αἴγυπτος
1387 2460 1485 2496 ἀπέχει
1505 2460 1558 2487 ἀπὸ
1578 2459 1628 2495 τὴν
1653 2459 1834 2496 Ἰερουσαλὴμ

1048 2507 1148 2542 δρόμον
1163 2507 1275 2542 ἡμερῶν
1292 2506 1325 2541 β’.
1340 2506 1427 2533 A6106
1444 2504 1554 2541 ἦλθεν-ἡ
1573 2505 1705 2537 Θεοτόκος
1714 2506 1831 2540 φεύγον-

1044 2562 1093 2584 τας
1119 2553 1188 2588 μετὰ
1208 2553 1255 2579 τὸν
1269 2552 1387 2588 Χριστὸν
1415 2552 1467 2579 ὑπὸ
1489 2552 1623 2585 Ἡρώδου.
1643 2552 1731 2578 Αὐτοῦ
1744 2549 1831 2587 ἔπλη-

1045 2599 1119 2634 ρὼθη
1129 2599 1158 2625 τὺ
1171 2599 1251 2635 ῥητὸν
1259 2597 1304 2626 τοῦ
1316 2598 1525 2634 Προφήτου,Ἑξ
1536 2598 1683 2633 Αἰγύπτου
1696 2597 1830 2624 ἐκάλεσα

1043 2643 1097 2670 τὸν
1109 2644 1177 2671 υίόν
1184 2653 1255 2678 μου.
1268 2644 1356 2670 A6106
1369 2643 1425 2679 ἔχει
1443 2644 1535 2676 τόπον,
1553 2645 1598 2670 καὶ
1614 2644 1764 2679 ὀνομάζων
1783 2644 1829 2670 τὸν

1045 2689 1199 2725 Ματάρεια.
1220 2689 1297 2724 Ἔχει
1310 2690 1356 2716 καὶ
1371 2690 1463 2725 πηγὴν
1489 2690 1634 2725 παντερπῆ
1651 2690 1698 2716 καὶ
1716 2690 1828 2724 ἰαματι-

1045 2735 1202 2771 κήν.Αὺτοῦ
1218 2733 1299 2771 ἦλθεν
1316 2736 1332 2771 ἡ
1350 2735 1491 2768 Θεοτόκος,
1516 2736 1562 2763 καὶ
1593 2736 1690 2762 έπλυνε
1706 2735 1753 2762 τοῦ
1767 2735 1827 2762 υίοῦ

1045 2781 1095 2816 τῆς
1106 2779 1139 2807 τὰ
1155 2781 1311 2816 σπάργανα.
1329 2781 1384 2808 Καὶ
1399 2783 1457 2808 ἐκΞῖ
1476 2781 1543 2808 ὀποῦ
1562 2781 1595 2808 τὰ
1611 2781 1751 2816 ἥπλωσεν,
1767 2780 1826 2808 ἐνέ-
