1956 3077
113 154 167 186 985

737 157 786 187 DE
805 157 913 188 LOCIS
928 157 1098 189 SANCTIS.

1689 157 1741 189 986

112 209 215 244 δρυσεν
230 209 260 236 τὸ
274 209 486 244 βαλσαμέλαιον.
501 209 590 237 Αὐτοῦ
613 210 653 242 είς
670 210 699 237 τὸ
713 211 823 246 Κάερος
836 211 903 246 σιμᾶ

967 212 1042 245 ’rope
1055 211 1183 246 Cayrum,
1200 211 1315 239 duorum
1341 213 1443 240 dierum
1459 212 1521 244 iter,
1539 211 1636 239 visitur
1650 212 1740 246 magni

112 255 146 283 ἐκ
168 255 214 282 δύο
236 256 329 292 μερῶν
357 256 474 292 στράταν
503 257 561 284 έναι
589 257 620 283 τὺ
648 257 830 292 μοναστήριον
854 256 901 283 105

115 302 234 336 μεγάλου
261 303 410 338 ‘Apsavfou.
441 304 529 330 Αὑτοῦ
560 303 670 339 ἔρχεται
693 304 707 330 ὁ
728 304 825 334 Νεῖλος
851 312 901 329 πο-

111 347 202 382 ταμὸς
229 348 282 374 ἀπὸ
302 349 347 375 τὸν
369 349 549 384 [Ιαράδεισον,
566 350 612 376 καὶ
640 349 746 381 ποτίζει
766 349 831 384 ὅλην
850 348 901 384 τὴν

113 393 264 429 Αἴγυπτον.
287 395 374 421 Αὑτοῦ
388 395 440 427 ἔξω
455 395 501 422 τοῦ
519 396 626 430 Καέρος
641 395 702 422 ἕναι
719 394 749 422 τδ
765 395 901 422 Χανέκειο

115 441 162 466 καὶ
177 441 224 467 ἀπ’
246 441 330 467 αὑτοῦ
346 440 459 476 ἔρχεται
483 442 523 473 εἰς
542 441 571 468 τὸ
588 442 673 478 Γάζη,
693 441 742 469 καὶ
764 442 820 477 ἔχει
840 441 904 468 ναὸν

113 485 166 520 τῆς
184 485 337 520 ὑπεραγίας
365 486 496 513 Θεοτόκου
522 486 710 522 ὡραιώτατον.
737 487 849 522 Ἀπέχει
873 486 903 513 τὺ

113 532 207 566 Γάζην
227 533 280 559 ἀπὸ
293 532 343 567 τὴν
364 532 545 568 Ἰερουσαλὴμ
561 533 667 568 ἡμέρας
681 533 712 568 β’.
734 533 823 560 A5105
841 533 905 560 ἐὸά-

115 587 214 605 πτισεν
225 580 238 605 ὸ
250 578 327 612 ἅγιος
338 578 472 610 Φίλιππος
487 579 533 606 τὸν
545 579 684 615 εὐνοῦχον.
696 579 732 606 Τὸ
740 580 768 606 δὲ
779 579 904 615 Καῖάφα,

114 624 184 651 ὀποῦ
202 624 309 651 ἁλίευεν
320 626 334 651 ὁ
346 625 459 660 Πέτρος,
470 625 567 661 ἀπέχει
583 626 638 652 ἀπὸ
653 626 704 661 τὴν
722 625 904 661 Ἰερουσαλὴμ

117 671 208 705 μίλιον
223 671 257 699 α’.
279 672 310 698 Ἡ
324 671 352 698 δὲ
368 672 529 707 Τιϐεριάδος
544 673 677 704 θάλασσα,
692 673 759 700 ὀποῦ
774 673 903 699 ἁλίευσαν

118 718 144 743 οἱ
159 717 304 744 ἀπόστολοι
320 718 417 753 ἀπέχει
448 719 503 745 ἀπὸ
518 718 569 754 τὴν
594 719 774 755 Ἰερουσαλὴμ
797 719 906 754 ἡμέρας

116 765 152 799 γ’.
176 765 263 792 Αὑτοῦ
286 767 350 797 τοὺς
367 762 453 802 ηὗρεν
480 768 494 793 6
519 767 637 802 Χριστὸς
666 769 714 794 καὶ
731 768 794 799 τοὺς
809 765 905 794 εἷπεν·

115 812 206 839 Δεῦτε
225 813 321 840 ὀπίσω
334 822 404 847 μου,
430 814 479 840 καὶ
495 814 611 847 ποιήσω
633 814 712 849 ὑμᾶς
735 814 831 848 ἁλιεῖς
855 814 908 842 ἀν-

116 857 259 891 θρώπων·
273 860 319 886 καὶ
335 860 527 895 ἠκολούθησαν
542 861 629 896 αὐτῷ.
808 881 813 886 -

155 904 201 928 ια’.
232 902 279 934 Et;
296 903 366 930 αὐτὰ
381 905 414 930 τὰ
443 905 513 940 μέρη
543 903 613 932 εἶναι
640 905 725 940 ὸρηνὴ
754 905 802 932 τοῦ
827 905 905 939 ἁγίου

125 946 253 973 Ἰωάννου
270 948 316 974 τοῦ
334 949 505 984 Προδρόμου.
522 949 610 976 Αὐτοῦ
626 947 708 985 ἦλθεν
724 951 740 985 ή
758 949 903 983 Θεοτόκος,

116 994 165 1020 καὶ
181 994 323 1028 ἠσπάσατο
334 995 383 1030 τὴν
410 996 562 1029 Ἐλισάὸετ,
575 997 623 1023 καὶ
638 998 677 1028 εἰς
695 997 789 1024 στάδια
809 997 832 1032 β’
850 996 908 1023 έναι

116 1040 149 1066 τὸ
161 1039 303 1085 ὔδωρ-τῆς
330 1042 490 1076 Ἐλέγξεως,
512 1043 560 1069 καὶ
579 1044 680 1071 ἑπάνου
701 1044 786 1080 μέρου
817 1043 907 1078 ἕναιή

118 1085 212 1122 Πέτρα
231 1087 298 1113 ὀποῦ
320 1087 446 1123 ἐσχίσθη,
463 1089 512 1114 καὶ
532 1088 649 1122 ἐφύλαξε
682 1089 727 1115 τὸν
749 1089 909 1123 Πρόδρομον

119 1132 168 1159 καὶ
185 1132 235 1168 τὴν
251 1133 358 1168 μητέρα
376 1133 471 1161 αὐτοῦ.
490 1134 568 1160 Ἔναι
586 1134 633 1160 καὶ
648 1134 712 1165 ναὸς
727 1134 821 1166 αὐτοῦ,
841 1134 909 1161 (ἷποῦ
929 1124 933 1132 1

118 1177 254 1212 ἐγεννήθη
269 1178 283 1203 6
303 1178 471 1213 Πρόδρομος.
493 1178 657 1213 Ἐρχομένου
672 1187 719 1204 σου
737 1180 776 1210 εἰς
791 1178 840 1213 τὴν
862 1179 910 1205 Ἱε-

121 1222 264 1258 ρουσαλὴμ
285 1223 325 1253 εἰς
346 1223 423 1257 μιλία
447 1222 479 1258 β’,
500 1221 618 1249 εἶναιτὸ
649 1224 833 1258 μοναστήριον
861 1223 909 1250 τοῦ

119 1269 213 1304 τιμίου
225 1268 360 1302 Σταυροῦ,
374 1269 422 1295 καὶ
436 1269 568 1296 ἁποκάτω
587 1270 628 1300 εἰς
640 1270 689 1304 τὴν
709 1270 791 1303 ἁγίαν
805 1279 909 1305 τραπε-

121 1315 172 1347 {av
191 1314 249 1341 έναι
264 1315 278 1341 6
292 1314 376 1346 τόπος
399 1315 468 1341 ὀποῦ
498 1314 651 1349 ἐφύτευσεν
675 1316 739 1347 τοὺς
752 1316 828 1350 τρεῖς
844 1316 911 1343 δαυ-

121 1361 186 1393 λοὺς
203 1362 217 1388 6
231 1361 303 1392 Λὼτ,
323 1361 370 1388 καὶ
384 1361 514 1396 ὲγινήσαν
532 1361 640 1396 δένδρη.
659 1361 730 1387 Αὐτὸ
750 1361 780 1388 τὸ
802 1361 911 1396 δένδρον

121 1407 224 1442 ἔκοψαν
238 1407 262 1434 οἱ
275 1407 409 1440 Ἰουδαῖοι,
436 1407 483 1434 καὶ
505 1407 639 1442 ἐποίησαν
656 1406 703 1433 τὸν
720 1407 847 1442 σταυρὸν,
864 1406 912 1433 καὶ

121 1452 302 1488 ἐσταύρωσαν
319 1453 364 1480 τὸν
386 1452 490 1488 Κύριον
516 1453 565 1487 τῆς
588 1452 678 1487 δόξης.
692 1453 773 1479 Ἔναι
789 1453 836 1479 καὶ
848 1452 911 1484 ναδς

123 1499 292 1535 ὡραιότατος
308 1499 341 1534 μὲ
350 1498 477 1534 τρούλλη,
491 1500 538 1525 καὶ
552 1499 686 1533 κτισμένη
703 1498 826 1533 γύρωθεν
837 1497 912 1525 ὠσὰν

953 257 1059 285 Arsenii
1083 257 1288 284 monasterium.
1309 257 1463 293 Ibidemque
1479 257 1557 286 Nilus
1583 264 1597 284 e
1613 256 1741 292 paradiso

953 303 1048 336 cmuit,
1062 308 1089 330 et
1103 304 1256 330 universam
1273 303 1416 339 Egyptqu
1432 305 1554 331 inundat.
1574 303 1656 330 Extra
1668 303 1741 338 Cay-

954 358 1013 377 rum
1031 357 1089 377 sese
1105 349 1184 377 offert
1196 349 1316 377 Chaucci
1329 357 1335 382 ;
1349 357 1379 376 ex
1393 357 1446 383 quo
1460 350 1492 376 ad
1512 350 1612 376 Gazam
1628 357 1741 384 progre-

954 396 1038 423 deris.
1075 395 1161 422 Habet
1195 395 1323 430 templum
1364 395 1482 429 Dciparm
1518 396 1740 429 pulcherrimum.

955 442 1041 469 Distat
1052 441 1124 469 Gaza
1141 441 1173 468 ab
1187 442 1252 468 urbe
1265 441 1413 469 Jerusalem
1431 441 1543 467 duorum
1559 441 1661 468 dierum
1678 442 1739 468 iter.

957 486 993 513 Ibi
1018 492 1128 513 sanctus
1161 485 1300 520 Philippus
1329 485 1483 512 eunuchum
1518 492 1597 512 sacro
1632 486 1741 513 lavacro

956 531 1050 559 abluit.
1066 531 1201 566 Caiapha,
1218 531 1263 558 ubi
1294 531 1451 566 piscabatur
1473 531 1583 562 Petrus,
1600 531 1682 557 distat
1709 531 1743 558 ab

956 577 1022 604 urbe
1039 575 1188 604 Jerusalem
1208 577 1280 603 mille
1308 584 1416 611 passus.
1436 576 1510 603 Marc
1533 575 1697 608 Tiberiadis,
1715 575 1742 602 in

956 630 1009 657 quo
1025 623 1199 657 piscabautnr
1215 623 1341 657 apostoli,
1357 623 1440 649 distat
1462 622 1495 649 ab
1510 622 1576 648 urbe
1589 621 1742 648 Jerusalem

958 670 1015 696 dies
1029 673 1094 696 tres.
1108 669 1210 696 ibidem
1222 676 1283 696 cum
1295 668 1441 703 reperissct
1451 675 1498 696 e05
1512 667 1648 699 Christus,
1657 667 1742 694 dixit:

962 713 1052 741 Venite
1071 719 1127 748 post
1142 722 1191 746 me,
1212 713 1309 749 faciam
1326 722 1368 741 vos
1383 715 1529 748 piscatores
1552 713 1688 740 hominum
1701 713 1720 728 “
1735 721 1743 746 ;

959 766 986 788 et
998 761 1084 788 secuti
1100 764 1163 788 sunt
1176 768 1250 788 eum.

994 907 1038 934 Η.
1058 907 1087 934 in
1107 907 1149 934 his
1167 912 1277 942 quoque
1292 904 1416 941 partibus
1430 910 1494 932 sunt
1510 908 1638 932 montana
1662 902 1746 930 Joan-

959 954 1001 981 nis
1017 954 1209 987 Praecursoris,
1227 953 1259 980 ad
1288 960 1347 987 qua:
1370 952 1502 979 accedens
1516 951 1640 986 Deipara,
1659 950 1749 976 Eliza-

959 1001 1066 1027 betbam
1096 1000 1233 1027 salutavit.
1261 998 1379 1033 Indeque
1405 999 1543 1032 digressus
1567 998 1619 1023 duo
1647 995 1746 1027 stadia,

959 1044 1079 1073 oilendes
1104 1051 1200 1079 aquam
1225 1043 1453 1077 Redargutlonis;
1481 1045 1508 1069 et
1530 1042 1555 1068 in
1573 1046 1649 1076 parte
1670 1046 1750 1073 supc-

959 1092 1036 1122 riori,
1052 1096 1166 1126 petram,
1188 1097 1248 1123 quae
1262 1089 1348 1116 divisa
1369 1088 1567 1115 Praeeursorem
1585 1091 1613 1113 et
1630 1089 1746 1112 matrem

959 1138 1018 1171 ejus
1046 1137 1227 1164 conservavit.
1254 1134 1305 1161 Ubi
1329 1139 1408 1161 natus
1432 1138 1473 1160 est
1490 1133 1657 1164 Pratcursor,
1679 1134 1751 1157 tem-

959 1183 1034 1218 plum
1045 1186 1166 1209 ercctum
1179 1185 1230 1208 est.
1250 1180 1400 1207 Jerusalem
1418 1186 1512 1206 versus
1531 1177 1564 1204 ad
1579 1178 1631 1204 duo
1650 1175 1748 1203 millia-

960 1229 1013 1260 ria,
1029 1232 1069 1255 est
1082 1225 1276 1255 monasterium
1289 1224 1450 1252 veneranda:
1464 1224 1571 1250 Crucis.
1588 1223 1643 1250 Sub
1656 1226 1750 1248 sancta

961 1281 1054 1301 mensa
1075 1276 1116 1300 est
1134 1272 1216 1306 ,locus
1241 1271 1267 1297 in
1289 1277 1342 1304 quo
1369 1275 1424 1297 tres
1445 1270 1555 1296 titiones
1572 1268 1623 1295 Lot
1638 1267 1751 1301 plauta-

961 1320 1008 1351 vit,
1029 1319 1073 1353 qui
1090 1318 1116 1345 in
1137 1318 1250 1345 arbores
1265 1323 1425 1344 excrevere.
1443 1315 1480 1342 Ex
1500 1315 1594 1342 horum
1610 1313 1691 1348 lignis
1703 1312 1753 1339 Ju-

962 1365 1011 1392 daai
1038 1371 1147 1392 crucem
1173 1363 1356 1394 fabricarum,
1383 1361 1473 1396 illique
1491 1360 1582 1394 gloriae
1610 1358 1753 1385 Dominum

962 1409 1136 1437 sufﬁxerunt.
1163 1407 1307 1442 Templum
1333 1410 1376 1437 est
1406 1404 1633 1440 pulcherrimum,
1671 1401 1752 1429 trulla

963 1455 1150 1490 conspicuum,
1167 1457 1194 1481 et
1210 1454 1312 1480 circqu
1324 1451 1407 1478 veluti
1427 1458 1487 1483 arx,
1503 1450 1587 1476 muris
1603 1448 1751 1478 vallatum;

966 1501 1047 1536 ianua
1065 1500 1152 1528 ferrea
1171 1503 1231 1531 est;
1247 1505 1330 1532 super
1346 1504 1424 1524 sacra
1442 1503 1534 1523 mensa
1554 1494 1670 1530 pendent
1682 1493 1753 1519 iam-

123 1546 257 1581 κάστρον·
270 1546 325 1581 ἔχει
342 1545 388 1572 καὶ
405 1545 508 1580 πόρταν
535 1544 645 1579 σιδερήν
656 1550 663 1558 ·
677 1545 725 1570 καὶ
740 1543 844 1570 ἄνωθεν
861 1542 912 1577 τῆς

967 1545 1046 1580 pades
1059 1550 1187 1580 quatuor.
1204 1543 1270 1570 Cum
1284 1540 1433 1569 Jerusalem
1465 1540 1544 1574 petis,
1564 1538 1655 1566 stadia
1678 1537 1756 1572 quia.

123 1594 207 1628 ἁγίας
223 1592 365 1628 τραπέζης
378 1590 547 1626 κρεμοῦνται
563 1590 712 1625 κανδήλαις
723 1589 754 1616 δ’.
776 1589 913 1624 Ἐρχομέ-

124 1649 172 1668 νου
186 1641 226 1671 εἰς
241 1640 291 1675 τὴν
309 1638 488 1674 Ἰερουσαλὴμ
510 1639 553 1670 είς
571 1637 672 1673 ’στάδια
687 1640 717 1669 ε’,
734 1633 803 1663 εῖναι
816 1636 847 1662 τὸ
864 1644 915 1669 μο-

125 1685 275 1720 ναστήριον
292 1683 339 1710 τοῦ
369 1683 450 1718 ἁγίου
470 1682 592 1709 Βαῦύλα.
619 1682 709 1708 Αὑτοῦ
741 1681 843 1716 ἔκοψαν
867 1680 916 1716 τὴν

128 1731 250 1766 κεφαλὴν
273 1729 322 1756 τοῦ
343 1729 423 1763 ἁγίου
452 1727 610 1762 Γεωργίου·
636 1727 684 1753 καὶ
707 1726 812 1753 ἀπάνου
831 1726 915 1761 μέροο

127 1779 169 1810 είς
184 1778 231 1804 τδν
250 1776 351 1812 δρόμον
365 1775 425 1802 έναι
441 1775 458 1809 ἡ
474 1773 563 1808 πέτρα
577 1773 646 1800 ὀποῦ
675 1772 804 1812 ἐκάθισε-ν
816 1773 833 1807 ἡ
849 1773 916 1798 Θεοο

128 1808 216 1857 τάξιος.
231 1808 286 1851 Κάι
300 1808 417 1858 τιαρεκεί
433 1808 504 1848 εἶναι
522 1820 589 1855 ἄλλη
616 1819 705 1854 πέτρα
733 1808 799 1845 ὁποῧ
815 1818 917 1854 ἐστάθη

133 1874 151 1908 ἡ
167 1871 308 1903 Θεοτόκος,
329 1871 377 1896 καὶ
401 1867 594 1904 ὲπροσκύνησε
623 1865 654 1893 τὸ
672 1865 750 1900 ἅγιον
766 1864 845 1896 ξύλον
871 1864 920 1908 διαὶ

129 1903 233 1954 τίμιον,
251 1918 298 1944 καὶ
312 1917 362 1952 τὴν
379 1915 461 1949 ἁγίαν
480 1913 672 1949 Ἰερουσαλήμ.
696 1911 752 1938 Καὶ
775 1911 860 1937 κοντα
875 1903 919 1942 ἒῐς

129 1967 161 1994 τὺ
185 1965 386 2001 Τοιχόκαστρον
409 1963 450 1994 εἰς
475 1961 570 1989 στάδια
595 1963 633 1994 ς’,
653 1961 710 1986 έναι
731 1961 745 1986 6
772 1959 857 1994 ἀγρὸς
871 1956 919 1984 τοῦ

136 2013 289 2049 ’Δγρίππα,
304 2010 371 2037 ὀποῦ
386 2008 507 2036 ἔστειλεν
523 2008 537 2034 ό
552 2006 688 2042 Ἱερεμίας
703 2005 749 2032 τὸν
776 2004 921 2040 ’Δὸιμελὲχ

130 2060 177 2088 διὰ
203 2058 285 2090 σῦκα,
316 2057 364 2085 καὶ
392 2055 500 2082 ὕπνωσε
524 2052 639 2088 χρόνους
671 2051 836 2086 ἐσδοήκοντα
863 2051 920 2079 δύο.

133 2105 257 2133 Ἀνωθεν
270 2102 354 2131 αὑτοῦ
381 2102 440 2129 έναι
457 2100 577 2134 κάστρον
600 2097 695 2124 ἐπάνω
716 2098 758 2128 είς
780 2096 858 2132 ὅρος,
874 2097 923 2124 καὶ⁸

132 2152 215 2180 αὑτοῦ
229 2150 397 2184 ὲπριόνησαν
409 2147 454 2175 τὸν
470 2145 615 2181 προφήτην
633 2143 749 2170 Ἡσαΐαν
761 2144 790 2169 ὲν
805 2143 922 2178 πριονίῳ

134 2198 243 2233 ξυλίνῳ.
260 2195 371 2231 Γυρεζει
384 2194 414 2221 τὸ
436 2195 556 2227 κάστρον
571 2190 621 2224 τῆς
636 2190 720 2223 ἁγίας
740 2188 923 2224 Ἰερουσαλὴμ

967 1598 1020 1625 que
1033 1597 1161 1618 emensus
1179 1587 1303 1617 invenies
1323 1586 1409 1614 sancti
1425 1584 1524 1612 Babilae
1549 1583 1756 1610 monasterium.

966 1637 1006 1664 ibi
1028 1641 1194 1671 amputatum
1216 1638 1257 1661 est
1289 1630 1487 1667 caput-isaucti
1527 1629 1648 1664 Georgii.
1677 1627 1758 1655 Parte

967 1683 1103 1718 superiori
1128 1681 1179 1708 viae
1202 1686 1296 1708 saxum
1313 1678 1446 1709 cernitur,
1465 1677 1490 1703 iu
1513 1683 1565 1710 quo
1583 1675 1696 1709 Deipara
1710 1680 1756 1701 se-

968 1730 1007 1757 dit
1025 1738 1031 1756 :
1049 1735 1101 1755 nec
1113 1726 1198 1754 multo
1222 1720 1281 1760 post
1298 1723 1370 1751 aliud
1388 1728 1496 1755 saxum,
1520 1727 1601 1755 super
1613 1727 1666 1754 quo
1680 1723 1757 1746 stans

969 1776 1096 1809 Deipara,
1114 1777 1239 1800 sanctum
1254 1775 1281 1797 et
1300 1770 1448 1804 pretiosum
1463 1768 1564 1802 liguriunt
1580 1770 1759 1799 sanctamque

969 1821 1119 1849 Jerusalem
1132 1817 1265 1845 adoravit.
1282 1816 1370 1850 P‘rope
1383 1821 1475 1841 muros
1492 1812 1574 1845 arcis,
1591 1811 1684 1839 stadiis
1696 1817 1756 1842 sex,

970 1872 1012 1896 est
1028 1874 1091 1901 ager
1102 1865 1235 1899 Agrippze,
1252 1871 1305 1897 quo
1322 1861 1455 1889 Jeremias
1475 1859 1659 1886 Abimelccum
1679 1856 1761 1883 mise-

970 1918 1024 1946 rat,
1040 1912 1072 1939 ad
1086 1911 1218 1939 tollendos
1232 1910 1309 1942 ﬁcos,
1321 1906 1540 1940 obdormivitque
1551 1911 1635 1931 annos
1648 1907 1757 1936 eeptua~

972 1960 1047 1994 ginta
1067 1960 1144 1986 duos.
1164 1956 1251 1991 Supra
1276 1962 1383 1990 agrum,
1409 1953 1437 1980 in
1464 1951 1622 1979 summitate
1645 1947 1757 1980 montis,

972 2011 1014 2035 est
1039 2013 1098 2038 arx,
1122 2005 1149 2032 in
1173 2011 1236 2039 qua,
1261 2009 1338 2030 serra
1362 2000 1462 2035 lignea,
1479 1998 1576 2025 Isaiam
1602 1995 1760 2039 prophetam

974 2053 1172 2080 dissecuerunt.
1187 2049 1313 2077 Ambitus
1324 2047 1400 2075 urbis
1411 2048 1512 2074 sanctae
1527 2042 1677 2071 Jerusalem
1691 2035 1759 2069 cohu-

975 2098 1043 2125 tiuet
1057 2096 1184 2124 milliaria
1197 2098 1329 2130 quinque.
1342 2094 1407 2120 Hac
1419 2091 1467 2119 tibi
1477 2089 1619 2125 descripsi.
1634 2097 1650 2116 ο
1663 2090 1762 2119 amice,

975 2144 1002 2171 in
1021 2142 1165 2170 utilitatem
1182 2142 1280 2168 anima:
1293 2144 1320 2167 et
1336 2139 1433 2166 salutis
1455 2141 1482 2164 et
1497 2135 1572 2171 regni
1585 2134 1702 2165 cmlestis
1717 2140 1762 2160 rc-

976 2184 1160 2219 novatione‘m,
1181 2186 1268 2220 gratia
1300 2189 1326 2212 et
1351 2183 1519 2211 immanitate
1544 2181 1650 2208 Domini
1676 2178 1762 2206 nostri

135 2224 258 2281 {tina}.
277 2224 370 2270 Ταῦτα
387 2224 572 2276 ὲχάραξά-σοι,
588 2236 726 2270 ἀγαπητὲ,
739 2234 782 2261 ἵνα
799 2233 864 2269 ἔχῃς
879 2234 914 2266 εἷς

974 2234 1037 2262 Jesu
1055 2233 1176 2265 Christi;
1196 2232 1238 2259 cui
1255 2230 1340 2271 gloria
1355 2234 1383 2256 et
1396 2230 1478 2277 robur
1493 2228 1520 2254 in
1534 2226 1633 2255 saecula
1650 2225 1762 2253 saeculo-

133 2280 223 2327 ψυχῆς
242 2289 378 2324 ὠφέλειαν
400 2286 448 2313 καὶ
467 2282 667 2318 ἁνακαινισμδν
692 2281 842 2316 σωτηρίας,
872 2280 921 2307 καὶ

975 2287 1046 2307 rum.
1061 2279 1169 2306 Amen.‘

270 2314 393 2372 ούρανῶν
413 2332 564 2369 βασιλείας,
580 2314 672 2366 χάριτι
692 2328 740 2355 καὶ
760 2314 957 2362 φιλανθρωπίᾳ
975 2325 1021 2353 τοῦ
1042 2324 1148 2360 Κυρίου
1181 2322 1260 2359 ήμῶν
1276 2321 1367 2357 Ἰησοῦ
1392 2319 1522 2356 Χριστοῦ,
1550 2314 1572 2352 ᾧ
1590 2316 1701 2354 ὴζδόξα,
1717 2315 1764 2342 καὶ

135 2372 168 2413 ἐδ
193 2385 304 2420 κράτος,
336 2381 376 2413 εἰς
404 2381 468 2412 τοὺς
497 2378 599 2408 αἰῶνας
630 2375 684 2402 τῶν
711 2373 828 2400 αἰώνων.
846 2372 946 2408 Ἀμήν.

174 2419 220 2466 ιβί
235 2430 314 2457 Μέσα
329 2428 368 2459 εἰς
385 2427 435 2461 τὴν
454 2422 635 2460 Ἰερουσαλὴμ
647 2422 687 2453 εἰς
697 2421 745 2447 τὸν
757 2419 854 2454 καιρὸν
870 2419 924 2446 τῶν

143 2465 290 2513 Ῥωμαίων
304 2474 375 2511 ἦσαν
399 2472 576 2508 μοναστήρια,
598 2469 645 2496 καὶ
670 2467 831 2502 ὲκκλήσιαις
860 2465 925 2498 τξε¹.

139 2511 258 2558 Καὶ-τὴν
285 2523 406 2557 σήμερον
422 2517 588 2554 κρατοῦνται
612 2515 636 2541 οἱ
662 2514 783 2544 ἁσεΰεϊξ.
798 2512 876 2539 Κατὰ
897 2511 926 2537 δὲ

139 2572 189 2602 τὰς
208 2568 341 2598 ἀνατολὰς
356 2565 402 2592 τοῦ
417 2564 496 2599 ἁγίου
511 2563 596 2597 τάφου
620 2561 690 2592 μέσα
706 2561 745 2591 είς
760 2559 808 2595 τὴν
825 2559 926 2594 Ἰερου-

141 2616 243 2650 σαλὴμ,
261 2614 300 2644 είς
317 2612 412 2639 στάδια
424 2610 455 2643 δ’,
468 2608 581 2636 εἶναιτὰ
599 2607 683 2641 Ἅγια
695 2606 748 2633 τῶν
761 2605 856 2639 ἁγίων,
879 2604 927 2631 καὶ

141 2662 172 2688 τὸ
194 2659 267 2695 ἱερὸν
297 2657 363 2685 ὁποῦ
389 2656 528 2683 ἐδίδασκεν
559 2655 573 2680 ὁ
588 2653 703 2688 Κύριος.
729 2651 817 2678 Αὑτοῦ
837 2651 877 2682 εἰς
895 2650 929 2677 τὰ

143 2710 228 2742 "Arta
242 2706 297 2733 τῶν
316 2704 401 2739 ἁγίων
419 2702 525 2738 ἐσφάγη
548 2701 562 2727 6
580 2700 722 2735 προφήτης
743 2697 898 2733 Ζαχαρίας,
915 2697 929 2722 ὁ

145 2753 238 2789 πατὴρ
264 2752 311 2779 105
342 2751 511 2786 Προδρόμου.
538 2749 594 2775 Καὶ
620 2747 660 2777 είς
680 2746 726 2772 τὸν
755 2745 837 2772 αὑτὸν
865 2744 929 2771 ναὸν

146 2800 255 2834 ἐδέξατο
274 2799 321 2826 καὶ
341 2799 355 2824 6
377 2797 520 2832 προφήτης
544 2794 658 2829 Συμεὼν
680 2793 709 2820 ὲν
725 2790 860 2826 ἀγκάλαις
884 2790 938 2817 τὸν·

188 2876 207 2893 “
223 2876 319 2905 Matth.
338 2883 374 2909 Iv,
397 2875 429 2903 19

1013 2419 1058 2446 12.
1077 2418 1105 2446 lu
1125 2417 1183 2451 ipsa
1201 2414 1349 2443 Jerusalem
1366 2413 1415 2441 sub
1433 2411 1640 2447 imperatoribus
1658 2408 1763 2436 αττιξυμ
1796 2408 1806 2428 ὲ

976 2469 1054 2493 erant
1073 2461 1239 2490 monasteria
1255 2459 1363 2487 euodes
1378 2466 1473 2490 sacrae,
1487 2463 1601 2484 numero
1616 2455 1684 2488 365;
1700 2461 1762 2488 qua:
1803 2452 1811 2460 ‘

976 2510 1066 2539 omnia
1094 2515 1164 2536 nunc
1192 2507 1218 2534 in
1235 2510 1395 2542 potestatem
1421 2503 1564 2538 impiorum
1587 2508 1702 2528 cessere.
1722 2500 1762 2526 Ad

977 2559 1064 2585 locum
1089 2554 1250 2583 orientalem
1273 2552 1359 2580 sancti
1380 2550 1495 2585 sepulcri
1509 2550 1582 2576 intus
1598 2546 1761 2577 Jerusalem,

978 2611 1062 2639 prope
1077 2602 1226 2631 stadiorum
1248 2604 1363 2635 quatuor
1381 2596 1533 2628 intervallo,
1557 2593 1763 2627 conspiciuntur

979 2637 1081 2679 Sancta
1095 2653 1263 2678 sanctorum,
1281 2651 1307 2672 et
1324 2645 1453 2678 templum
1470 2643 1495 2670 in
1516 2649 1570 2676 quo
1583 2639 1697 2667 docebat
1711 2637 1764 2664 Do-

980 2697 1078 2724 minus.
1092 2694 1166 2722 lutus
1183 2694 1283 2722 Sancta
1301 2695 1457 2719 sanctorum
1472 2689 1581 2716 occisus
1605 2691 1645 2713 est
1658 2683 1763 2711 Zacha-

980 2744 1045 2776 rias,
1060 2747 1138 2778 pater
1151 2741 1338 2771 Przeeursoris,
1355 2739 1505 2772 eodemque
1525 2736 1552 2762 in
1580 2733 1681 2768 templo
1699 2739 1763 2765 ιιι-ον-

979 2790 1059 2826 pheta
1070 2789 1179 2817 Simeon
1193 2788 1219 2814 in
1235 2786 1304 2814 uhtis
1313 2784 1425 2822 gestavit
1436 2782 1625 2811 Dominarum.
1643 2784 1762 2808 marmo—
