1956 3077
183 137 237 172 M7

912 141 1086 172 ΑΝΟΝΥΜΙ

1762 141 1817 174 958

183 197 252 230 reis,
263 197 292 224 e’t
303 199 398 225 catena
411 195 539 231 pendent.
552 195 595 229 Et,
610 203 672 225 cum
691 196 864 226 Cbrislianus
880 197 972 233 ingre-

1029 197 1176 234 Κριστδν..ζ
1192 198 1464 234 μαρμαριῖναις,χαὶ
1476 198 1686 236 κρεμοῦνταιμὲ
1701 198 1816 226 ἆλυσον·

183 243 269 277 ditur,
285 246 484 276 commovetur,
515 242 580 270 licet
606 250 689 276 nunc,
707 243 741 270 ob
757 242 908 277 Agarenos,
922 251 972 270 ne-

185 290 252 318 mini
265 290 356 318 aditus
368 293 471 324 pateat.
488 289 590 317 Ibidem
607 289 690 317 etiam
707 293 749 318 est
770 296 873 322 mensa,
888 296 903 316 a
918 288 972 316 Dco

185 343 314 371 appensa.
344 335 484 370 Templum
501 339 544 362 est
569 335 665 371 ingens
682 340 710 363 et
732 335 892 368 rotundum,
910 342 972 362 cum

185 381 264 408 trulla
282 380 392 414 plumbo
405 385 540 414 contecta,
557 383 630 409 intus
655 381 776 417 forisque
799 381 906 408 musivo
925 381 973 408 de-

184 426 270 460 picta.
284 425 370 453 Habet
386 431 413 454 et
428 427 539 460 atrium,
553 427 579 454 in
597 426 675 460 cujus
695 432 773 462 parte
789 426 916 455 orientali
933 430 975 455 est

185 474 275 504 porta,
291 476 409 505 quatuor
418 471 511 506 januis
533 476 673 505 constans,
689 480 738 508 per
750 480 833 507 quam
850 472 975 500 transivit

185 515 313 545 Christus
330 525 392 546 cum
414 518 511 553 palmis
533 523 561 546 et
581 519 681 552 ramis;
704 523 732 546 et
751 518 785 546 ad
812 518 884 546 hunc
904 519 973 547 diem

184 563 278 594 clausa
301 568 355 591 est.
380 564 520 600 Propeque
538 565 621 592 etiam
646 570 689 592 est
710 565 809 592 atrium
832 564 923 599 Pilati,
948 569 976 593 et

184 608 296 644 Caiphae
319 611 488 644 praetorium,
514 611 651 646 pauloque
674 611 744 638 infra
759 609 903 639 Probatica
918 611 976 646 pis-

184 655 257 688 cina,
275 656 310 684 ab
326 656 446 685 llebrzeis
463 657 598 686 Betbesda
617 657 701 691 dicta,
717 658 838 693 quinque
853 658 976 693 porticus

183 701 307 735 habens;
322 710 460 738 propeque
474 711 534 732 eam
549 704 699 739 templum;
715 704 854 739 distatque
869 712 884 731 a
897 711 977 731 sacro

184 748 311 783 sepulcro
325 750 412 777 stadia
432 751 496 778 tria.
510 750 636 778 Proxime
651 755 696 778 est
710 751 781 779 aedes
797 750 935 779 Joaeltimi
949 754 978 778 et

183 795 270 823 Annae
289 797 386 824 matris
404 796 527 832 Dciparze
551 806 557 825 :
578 805 594 825 a
609 805 662 832 quo
686 805 739 825 non
762 797 841 832 longe
858 801 900 824 est
919 803 977 824 co:-

186 849 263 875 num,
278 842 305 870 in
324 843 397 877 quod
413 843 517 871 Hebraei
533 844 705 879 proiecerunt
718 843 873 871 Jeremiam.
890 843 979 871 Distat

1024 245 1071 272 καὶ
1087 245 1153 272 ὅταν
1167 245 1241 272 σέϐει
1259 245 1435 280 Χριστιανὸς,
1454 246 1634 282 ταράσσεται.
1652 247 1748 281 Ὅμως
1770 247 1817 274 διὰ

1023 291 1087 323 τοὺς
1107 291 1277 327 Ἀγαρηνοὺς
1291 291 1368 319 οὐδὲν
1384 292 1502 327 ὲμπορεῖ
1511 292 1583 320 τίναι
1601 291 1636 320 νὰ
1658 293 1725 330 σέϐῃ
1741 294 1809 322 ἔσω.

1024 338 1080 365 Kal
1105 337 1175 372 μέσα
1193 337 1276 364 αὑτοῦ
1296 337 1355 365 ἕναι
1374 338 1489 374 καὶῖμία
1513 337 1640 374 τράπεζα
1660 339 1818 375 Θεοκρέμασ

1025 385 1171 418 στη.Ἔναι
1183 384 1250 412 καὶὸ
1266 384 1328 414 ναὸς
1340 384 1428 419 μέγας
1445 385 1682 421 στρογγυλοειδής.
1700 387 1756 413 Kal.
1781 388 1818 422 μὲ

1024 429 1142 465 τρούλλα
1159 429 1394 466 μολιϐοσκέπσστη
1426 431 1620 467 ίστορισμένην
1639 431 1739 460 ἔσωθεν
1768 433 1819 460 καὶ

1027 475 1130 509 ἔξωθεν
1145 476 1213 511 μετὰ
1232 476 1348 511 μωσίου.
1364 477 1441 512 Ἔχει
1456 477 1503 505 καὶ
1520 478 1606 511 αὐλὴν
1620 478 1697 513 μίαν,
1714 479 1760 506 καὶ
1775 481 1817 511 εἰς

1027 522 1078 558 τὴν
1094 522 1160 558 μίαν
1186 523 1285 558 μερίαν
1299 522 1349 558 τῆς
1377 523 1462 560 αὐλῆς
1483 524 1555 551 κατὰ
1570 524 1704 556 ἀνατολὰς
1724 525 1783 552 έναι
1799 526 1817 560 ἡ

1026 569 1216 604 τετράπορτος
1233 568 1317 604 πύλη,
1342 558 1410 596 ότιόῦ
1428 569 1565 606 ἐπέρασεν
1576 571 1590 596 6
1607 570 1726 606 Χριστὸς
1747 558 1820 606 μετά

1028 614 1112 650 βαῑων
1126 615 1175 641 καὶ
1197 615 1316 643 κλάδων.
1331 616 1387 642 Καὶ
1413 615 1473 643 έναι
1491 615 1674 652 κεκλεισμένη
1691 618 1745 649 ἕως
1766 617 1820 651 τῆς

1028 661 1162 696 σήμερον.
1178 661 1266 689 Αὐτοῦ
1282 662 1366 689 κοντα
1379 662 1438 689 έναι
1451 661 1499 688 τοῦ
1515 662 1633 689 Πιλάτου
1644 664 1661 697 ἡ
1676 663 1756 698 αὐλὴ,
1770 664 1821 690 καὶ

1026 705 1076 733 τοῦ
1090 706 1204 740 Καῖάφα
1231 705 1261 732 τδ
1285 706 1467 742 πραιτώριον.
1494 706 1653 742 Παρακάτω
1669 706 1718 734 ἀπ’
1733 708 1820 735 αὑτοῦ

1028 750 1089 778 Εναι
1104 752 1121 786 ἡ
1144 750 1303 787 Προϐατικὴ
1321 751 1514 787 κολυμϐήθρα,
1539 752 1556 787 ἡ
1581 753 1654 779 κατὰ
1671 752 1820 785 Ἰουδαίους

1028 796 1164 832 Βηθεσδὰ,
1180 796 1262 823 πέντε
1277 796 1359 828 στοὰς
1373 797 1484 832 ἔχουσα.
1504 797 1581 833 Ἔχει
1596 797 1644 824 καὶ
1659 797 1723 825 ναὸν
1734 798 1819 825 αὖτοὶ

1030 842 1127 870 κοντά.
1151 842 1262 878 Ἀπέχει
1285 843 1340 869 ἀπὸ
1366 843 1414 870 τὴν
1444 843 1522 878 ἅγιον
1552 843 1639 878 τάφον
1668 844 1765 871 στάδια
1783 843 1822 878 γ’.

185 895 202 915 a
218 895 297 916 sacro
316 876 442 924 sepulcro
467 876 555 918 stadia
580 876 708 925 quatuor.
736 889 767 917 Et
791 889 848 917 hzec
863 889 975 924 quidem

1029 888 1116 917 Αὐτοῦ
1142 876 1258 923 πλησίον
1275 888 1335 916 ἐναι
1360 890 1374 916 6
1389 876 1527 921 ulmeam?
1546 876 1689 924 Ἰωακεὶμ,
1706 889 1755 916 καὶ
1769 876 1823 924 ei};

185 937 365 968 monasteria,
395 942 424 964 et
443 942 518 964 extra
545 942 572 964 et
598 938 670 965 intra
696 936 859 969 Jerusalem.
892 941 921 964 et
948 937 974 963 in

138 999 145 1005 .
184 978 303 1009 Iordane
319 981 388 1017 ipso,
403 988 594 1010 numerantur.

1027 936 1130 970 Ἀννης
1144 935 1195 970 τῆς
1213 935 1316 970 μητρὸς
1349 935 1398 970 τῆς
1420 935 1563 963 Θεοτόιιου.
1588 936 1676 962 Αὐτοῦ
1706 935 1826 971 πλησίον

1027 982 1087 1008 ἓναι
1104 982 1119 1008 6
1135 981 1278 1017 βόρϐορος,
1294 981 1362 1009 όποῦ
1379 981 1481 1017 ἔρηξαν
1495 981 1521 1007 oi.
1542 981 1663 1017 Ἑϐραῖοι
1676 982 1722 1009 τδν
1735 981 1826 1017 Ἰερε-

186 1026 263 1061 μίαν.
277 1027 389 1063 ’Δπέχει
402 1029 455 1055 ἀπὸ
468 1028 513 1055 τὸν
529 1029 608 1064 ἅγιον
622 1030 708 1064 τάφον
735 1029 833 1057 στάδια
857 1030 889 1057 δ’.
917 1028 1014 1057 Ταῦτσ.
1033 1027 1069 1064 τᾲ
1087 1027 1258 1063 μοναστήρια
1275 1027 1450 1062 εὑρίσκονται
1466 1028 1506 1060 εἰς
1528 1027 1578 1063 τὴν
1598 1027 1789 1064 Ἰερουσαλὴμ,
1807 1027 1827 1055 ἃ

185 1072 214 1099 δὲ
232 1072 285 1106 ἔξω
298 1074 348 1109 τῆς
367 1075 448 1110 ἁγίας
463 1076 580 1110 πόλεως,
595 1077 643 1103 καὶ
656 1076 697 1109 εἰς
710 1076 756 1104 τδν
771 1077 921 1113 Ἰορδάνην.

222 1120 267 1148 l5.
281 1119 368 1148 Medio
384 1121 410 1149 in
427 1122 525 1149 itinere
549 1122 610 1150 lous
629 1123 822 1157 Apostolorum
837 1127 941 1151 manat.
955 1123 978 1150 A

187 1173 240 1201 quo
260 1173 355 1201 parum
377 1168 455 1195 abest
465 1168 554 1196 sancti
570 1169 709 1203 Eutltymii
725 1170 932 1202 monasterium.
949 1169 978 1197 in

187 1213 345 1240 summitate
361 1214 461 1241 montis
473 1214 567 1242 situm.
589 1214 677 1243 Distat
688 1216 722 1242 ab
740 1216 809 1243 urbe
821 1215 977 1243 Jerusalem

189 1259 271 1286 millia
286 1259 455 1295 quindecim.
471 1260 503 1288 Et
515 1261 585 1288 inira
605 1262 770 1297 conspicitur
781 1262 979 1290 monasterium

187 1302 320 1338 Dciparte.
348 1304 448 1333 Ibidem
479 1305 531 1333 loci
546 1305 628 1334 Josue
652 1306 725 1335 ﬁlius
739 1306 822 1340 Nave,
850 1307 976 1342 angelum

189 1350 313 1383 intuitus,
339 1350 408 1378 dixit
424 1360 432 1379 ε
448 1351 547 1379 Noster
564 1354 612 1381 es?
627 1357 654 1380 et
675 1353 815 1388 respondit
838 1353 950 1389 angelus
966 1361 975 1381 :

187 1396 315 1431 Princeps
335 1405 392 1424 sum
412 1398 542 1425 eIercitul
557 1398 708 1432 Domini,et
723 1407 790 1426 nunc
806 1400 878 1427 uenio
894 1400 928 1426 ad
941 1404 974 1428 te.

187 1443 222 1470 Et
240 1442 324 1470 Josue
342 1444 466 1470 adoravit
493 1451 570 1478 eum;
597 1450 625 1471 et
645 1445 755 1480 angelus
781 1445 849 1473 dixit
868 1455 875 1474 :
898 1445 976 1474 Salue

187 1488 393 1516 calceamentum
416 1490 447 1517 de
467 1490 576 1524 pedibus
591 1491 662 1524 tuis;
684 1491 758 1518 locus
776 1492 857 1524 enim,
875 1493 903 1519 in
924 1500 976 1528 quo

187 1539 252 1568 stas,
271 1540 377 1563 sanctus
401 1537 461 1564 est?
482 1544 551 1563 nunc
581 1537 668 1571 accipe
696 1545 787 1564 arcam
811 1537 927 1572 foederis,
951 1524 1011 1565 etc

186 1582 342 1616 progredere
359 1582 486 1609 adversus
499 1582 617 1614 Iericho,
645 1586 674 1609 ut
689 1583 759 1610 muri
781 1583 902 1617 funditus
923 1592 978 1611 cor-

187 1631 267 1654 ruant
281 1628 394 1655 civitatis
412 1629 444 1655 ".
473 1628 551 1664 Apud
570 1627 679 1657 Iericho
702 1633 766 1656 sunt
797 1638 874 1665 aquae
899 1630 978 1659 salsae

187 1674 280 1707 maris,
293 1675 394 1710 quasiin
409 1674 503 1702 dulces
516 1675 628 1703 mutavit
643 1675 759 1711 Moyses.
776 1675 880 1712 Estque
892 1685 978 1712 prope

188 1720 365 1755 Sycontorus,
381 1729 461 1755 quam
482 1723 604 1749 ascendit
618 1722 776 1756 Zacchazus,
792 1727 822 1751 ut
840 1724 976 1752 Christum

188 1767 365 1802 prospiceret.
393 1767 638 1803 Supereminetque
661 1776 749 1801 mons,
780 1769 806 1795 in
825 1777 879 1803 quo
899 1769 979 1808 Chri-

188 1818 246 1841 stus
273 1813 406 1849 jejunavit
432 1814 491 1842 dies
516 1815 715 1850 quadraginta;
738 1820 793 1843 tum
822 1817 936 1850 esuriit;
952 1821 979 1844 et

188 1861 320 1888 accedens
345 1862 461 1893 daemon,
490 1861 560 1888 dixit
578 1869 585 1888 :
602 1861 632 1888 Si
648 1860 738 1889 Filius
753 1862 801 1889 Dei
816 1870 855 1894 es,
882 1862 926 1889 dic
948 1867 978 1890 ut

188 1906 291 1941 lapides
314 1907 360 1934 isti
379 1915 458 1942 panes
484 1907 562 1942 fiant.
587 1907 621 1935 Et
650 1907 784 1936 Dominus
815 1909 976 1943 respondit:

195 1951 268 1979 Vade
283 1956 367 1985 retro,
380 1952 483 1980 Salano
500 1953 534 1985 ",
553 1958 580 1981 et
601 1960 662 1987 quae
681 1957 842 1988 sequuntur,
863 1958 891 1981 et
906 1953 978 1981 illico

188 1999 334 2033 disparuit.
349 1999 437 2026 Distat
459 1999 494 2027 ab
507 1999 575 2027 urbe
594 1998 746 2027 Jerusalem
761 1999 858 2034 viginti
880 1999 978 2028 millia-

189 2044 242 2072 ria.
253 2044 294 2072 Ab
305 2051 338 2071 eo
357 2044 409 2072 loci
428 2052 524 2073 versus
536 2044 712 2073 solitudinem
726 2045 826 2073 visitur
842 2050 980 2074 monaste-

190 2089 261 2116 rium
275 2089 377 2116 'saneti
409 2088 523 2117 Joannis
555 2090 747 2118 Praecursoris.
782 2090 979 2119 Monasterium

190 2135 392 2170 praeterlabitur
402 2134 536 2164 Jordanes
551 2135 662 2169 ﬂuvius,
675 2136 701 2163 in
712 2143 766 2170 quo
781 2135 903 2164 Joannes
921 2136 976 2164 Do—

191 2182 294 2210 minum
318 2187 441 2210 nostrum
459 2181 554 2210 Jesum
579 2182 718 2210 Christum
741 2182 902 2217 baptizavit.
923 2181 979 2210 lbi—
995 2195 1018 2224 υ

191 2229 264 2262 dem,
284 2228 311 2255 in
328 2228 450 2263 margine
472 2227 560 2262 ﬂuvii,
584 2227 704 2257 Joannes
732 2228 835 2264 aspexit
861 2227 979 2255 divinam

190 2273 460 2302 Triadem.Ettrans
482 2272 628 2302 Iordanem
651 2274 781 2308 spelunca
805 2278 859 2308 est,
879 2273 905 2301 in
925 2281 980 2308 qua

190 2319 236 2347 ille
252 2320 421 2355 quiescebat.
437 2319 502 2347 Inde
511 2320 592 2347 etiam
605 2319 677 2348 Elias
691 2320 717 2347 in
738 2327 821 2347 curru
835 2320 915 2355 igneo
930 2327 978 2347 ra-

191 2370 255 2401 plus
268 2370 319 2393 est.
338 2366 426 2393 Distat
440 2365 574 2393 Jordanes
584 2365 682 2393 ﬂuvius
697 2366 732 2393 ab
744 2366 809 2394 urbe
827 2365 980 2393 Jerusalem

190 2411 318 2439 milliaria
341 2412 463 2446 triginta.
492 2411 582 2441 Trans
606 2411 753 2440 Jordanem
777 2419 887 2447 quoque
915 2416 980 2439 sunt

191 2464 298 2485 montes
313 2457 426 2490 excelsi.
449 2465 531 2493 super
561 2458 660 2493 quibus
680 2458 833 2486 ascendens
862 2457 980 2493 Moyses,

191 2512 287 2532 versus
303 2503 454 2533 Jerusalem
479 2505 590 2539 orabat;
607 2505 759 2539 eodemque
779 2504 832 2532 loci
857 2504 980 2540 sepultus

190 2556 241 2578 est.
257 2542 431 2579 Iri-interiore
452 2551 610 2584 solitudine,
629 2551 716 2579 beatae
731 2549 824 2579 Mariae
844 2550 979 2587 Egyptie

190 2597 344 2631 sepulcrum
358 2597 492 2631 cernitur,
516 2604 598 2632 quam
616 2596 712 2625 invisit
731 2597 817 2625 abbas
843 2597 979 2632 Zosimas,

191 2648 219 2671 et
233 2643 386 2671 tumulavit.
402 2643 551 2678 Hegionem
572 2643 645 2671 illam
668 2643 747 2671 beata
774 2643 980 2671 inbabitaverat

193 2696 279 2717 annos
298 2682 477 2725 quadraginta
489 2695 608 2725 septem.
621 2689 711 2718 Distat
727 2689 762 2717 ab
786 2689 854 2717 urbe
867 2688 979 2718 Jerusa-

192 2743 243 2762 κιιι
261 2743 313 2763 iter
330 2736 435 2763 dierum
451 2739 525 2764 octo.

234 2866 254 2881 “
271 2866 352 2896 Josue
366 2875 393 2901 ν.
409 2868 441 2896 Η
457 2875 535 2902 seqq.
573 2868 594 2884 ”
610 2867 703 2896 Matth.
721 2876 759 2902 tv,
780 2868 808 2901 5,
825 2868 853 2896 ι.

1066 1123 1114 1154 ιγ’.
1133 1121 1190 1149 Kal.
1213 1121 1285 1156 μέσα
1302 1121 1343 1153 εἰς
1359 1120 1405 1148 τὸν
1422 1120 1524 1156 δρόμον
1542 1121 1603 1148 έναι
1624 1122 1641 1157 ὴ
1658 1122 1755 1157 βρὺσις
1769 1123 1826 1150 τῶν

1034 1166 1218 1194 ’Δποστόλων.
1232 1167 1288 1194 Καὶ
1303 1167 1345 1198 είς
1359 1166 1451 1200 ὀλίγον
1465 1167 1547 1193 τόπον
1563 1165 1622 1193 Eva:
1637 1167 1668 1194 τὸ
1684 1169 1824 1202 μοναστή-

1028 1221 1088 1249 ριον
1098 1212 1145 1239 τοῦ
1161 1213 1240 1247 ἁγίου
1262 1212 1414 1248 Εὐθυμίου,
1431 1212 1479 1239 καὶ
1495 1212 1555 1239 ἓναι
1570 1213 1663 1240 ἐπάνω
1682 1213 1723 1245 είς
1746 1213 1824 1249 ὅρος.

1027 1258 1138 1293 Ἀπέχει
1156 1257 1212 1286 ἀπὸ
1225 1257 1276 1293 τὴν
1291 1258 1478 1293 Ἰερουσαλὴμ
1495 1257 1572 1293 μιλία
1600 1262 1640 1286 ιε’.
1661 1258 1717 1286 Kal.
1731 1268 1827 1294 παρα-

1028 1303 1104 1331 κάτω
1117 1303 1176 1331 έναι
1191 1303 1221 1330 τὺ
1233 1305 1417 1339 μοναστήριον
1428 1304 1478 1339 τῆς
1489 1303 1635 1331 Θεοτόκου.
1649 1304 1738 1331 Αὑτοῦ
1751 1303 1825 1331 εἶδεν

1025 1349 1154 1384 ὁίησοῦς
1165 1349 1214 1377 τοῦ
1230 1350 1309 1385 Ναυῆ
1324 1349 1369 1377 τὸν
1383 1349 1511 1385 ἄγγελον,
1528 1351 1576 1377 καὶ
1590 1349 1668 1377 εἶπεν
1681 1359 1687 1366 ·
1697 1351 1824 1386 Ἡμέτε-

1024 1404 1080 1430 po;-
1090 1393 1139 1428 εἷς
1157 1396 1205 1422 καὶ
1222 1396 1236 1422 6
1257 1395 1375 1430 ἄγγελος
1403 1393 1481 1423 εἶπεν
1494 1404 1501 1412 ·
1519 1396 1595 1431 Ἐγὼ
1622 1397 1826 1434 ᾀρχιστράτη-

1027 1449 1080 1476 γος
1094 1442 1205 1476 Κυρίου
1221 1441 1416 1477 παραγέγονα
1430 1442 1506 1476 πρὸς
1520 1443 1569 1469 σά.
1596 1443 1652 1469 Καὶ
1683 1444 1824 1478 προσεκύ-

1028 1495 1111 1523 νησεν
1126 1488 1203 1523 σύτῷ
1216 1496 1223 1504 ·
1244 1488 1293 1515 καὶ
1309 1486 1386 1516 εἶπεν
1401 1489 1415 1516 6
1431 1489 1549 1523 ἄγγελος
1559 1497 1567 1504 ⁸
1582 1489 1681 1517 Λῦσαι
1699 1490 1733 1517 τὸ
1750 1491 1826 1518 ὐπόυ

1027 1533 1107 1568 δημα
1119 1534 1154 1561 ἐκ
1164 1533 1266 1561 ποδῶν
1281 1541 1352 1567 σου,
1370 1536 1386 1561 ὀ
1398 1534 1454 1569 γὰρ
1469 1536 1561 1568 τόπος
1570 1535 1653 1570 ἅγιός
1665 1537 1732 1563 ἐστι
1745 1543 1753 1550 ·
1767 1537 1826 1564 νῦν

1027 1577 1102 1605 λάϐε
1116 1577 1175 1612 τὴν
1195 1578 1333 1611 κιϐωτὸν,
1359 1579 1410 1611 καὶ
1433 1578 1486 1611 τὰς
1510 1578 1669 1613 διαθήκας,
1687 1581 1825 1609 καίὲλϋσ

1028 1623 1174 1653 ἀπέναντι
1182 1623 1303 1658 Ἰεριχὼ,
1313 1625 1364 1651 ἵνα
1377 1625 1554 1659 χαλασθῶσι
1569 1625 1605 1653 τὰ
1618 1627 1703 1660 τείχη
1716 1626 1824 1660 αὐτῆς.

1028 1671 1117 1698 Αὐτοῦ
1143 1672 1184 1703 είς
1209 1672 1258 1707 τὴν
1277 1671 1384 1707 ’ίεριχὼ
1409 1671 1468 1698 ἔναι
1483 1672 1519 1699 τὰ
1539 1672 1651 1708 άλμυρὰ
1668 1673 1754 1699 ὖδατα
1771 1673 1824 1708 τῆς

1031 1718 1183 1754 θαλάσσης,
1194 1718 1259 1746 ἔνθα
1273 1719 1424 1754 μετέὸαλεν
1435 1720 1476 1751 εἰς
1491 1720 1651 1756 γλυκύτητα
1663 1720 1677 1746 6
1688 1720 1824 1756 Μωῦσῆς.

1028 1764 1119 1796 Αὐτοῦ
1139 1765 1225 1800 ἔναιή
1242 1765 1426 1800 Συκομωρέα,
1442 1767 1510 1793 ὀποῦ
1532 1767 1617 1801 ἀνέϐη
1633 1767 1647 1793 ὁ
1672 1767 1823 1801 Ζακχαῖος,

1031 1810 1074 1838 ἵνα
1095 1811 1137 1846 ίδῃ
1162 1811 1209 1838 τὸν
1235 1811 1366 1846 Χριστόν.
1384 1811 1472 1839 Δί)τοῦ
1488 1812 1594 1844 ἄνωθεν
1613 1813 1673 1840 έναι
1700 1814 1731 1840 τὸ
1760 1813 1825 1849 ὅρος

1029 1856 1097 1883 ὀποῦ
1123 1857 1289 1892 ὲνήστευσεν
1316 1858 1331 1885 6
1358 1858 1478 1893 Χριστὸς
1500 1859 1610 1895 ἡμέρας
1643 1858 1680 1894 μ’,
1706 1859 1824 1893 ὕστερον

1029 1901 1185 1935 ἐπείνασεν,
1206 1903 1253 1929 καὶ
1279 1902 1366 1930 ἐλθὼν
1387 1904 1402 1930 ό
1419 1903 1544 1938 δαίμωνο
1561 1905 1597 1931 El
1625 1905 1692 1938 Υιὸς
1719 1903 1748 1931 εἷ
1768 1904 1824 1933 τοῦ

1031 1948 1115 1981 Θεοῦ,
1138 1947 1204 1976 εἷπε
1227 1949 1278 1976 ἵνα
1300 1950 1327 1976 οι
1348 1950 1427 1977 λίθοι
1449 1949 1533 1984 ἄρτοι
1559 1950 1716 1985 γένωνται,
1733 1951 1791 1977 Καὶ
1810 1951 1825 1977 ὁ

1029 1995 1149 2030 Χριστὸς
1163 1993 1254 2022 εἶπεν·
1268 1996 1383 2030 Ὕπαγε
1394 1996 1491 2023 ὀπίσω
1501 1996 1573 2031 μοῦ,
1587 1996 1716 2030 Σατανᾶ,
1731 1998 1778 2024 καὶ
1790 1997 1825 2024 τὰ

1030 2040 1105 2075 ἑξῆς,
1123 2040 1171 2067 καὶ
1199 2039 1303 2072 εὐθέως
1330 2040 1453 2076 ἄφαντος
1482 2042 1606 2076 ἐγένετο.
1626 2043 1742 2078 ’Δπὲχει
1768 2043 1824 2070 ἀπὸ

1035 2085 1219 2122 Ἰερουσαλὴμ.
1249 2086 1308 2122 μιλ.
1324 2086 1360 2114 κ’.
1389 2087 1452 2115 ’Δπ’
1468 2088 1553 2115 αὑτοῦ
1575 2080 1648 2115 κατὰ
1673 2089 1743 2123 πρὸς
1774 2090 1826 2125 τὴν

1029 2133 1134 2169 ἔρημον
1159 2133 1191 2160 τὸ
1214 2134 1399 2169 μοναστήριον
1433 2133 1480 2161 τοῦ
1512 2134 1593 2168 ἁγίου
1623 2134 1752 2161 Ἰωάννου
1776 2135 1824 2162 τοῦ

1031 2179 1203 2215 Προδρόμου.
1221 2179 1309 2206 Αὐτοῦ
1324 2177 1395 2206 εἶναι
1406 2180 1454 2206 καὶ
1468 2180 1482 2205 6
1494 2179 1633 2215 Ἰορδάνης
1653 2181 1668 2207 6
1688 2181 1826 2217 ποταμὸς,

1031 2224 1100 2260 ὀποῦ
1116 2225 1265 2252 ἐϐάπτισεν
1292 2226 1307 2252 6
1322 2225 1452 2261 Ἰωάννης
1466 2225 1512 2252 τὸν
1537 2225 1643 2261 Κύριον
1669 2226 1748 2261 ἡμῶν
1769 2228 1826 2262 Ἰη-

1030 2271 1097 2298 σοῦν
1118 2271 1248 2307 Χριστόν.
1272 2271 1361 2298 Αὐτοῦ
1385 2272 1427 2303 είς
1445 2271 1475 2298 τὸ
1499 2272 1589 2307 χεῖλος
1621 2272 1668 2299 τοῦ
1686 2273 1825 2307 Ὶορδάνου

1032 2316 1085 2344 ίδεν
1095 2317 1110 2344 6
1123 2317 1253 2353 Ἰωάννης
1268 2317 1317 2353 τὴν
1331 2317 1413 2352 ἁγίαν
1427 2318 1543 2354 Τριάδα.
1560 2319 1638 2345 Ἐναι
1651 2319 1699 2345 καὶ
1710 2320 1741 2346 τὸ
1752 2320 1826 2355 σπή-

1031 2363 1107 2390 λαιον
1123 2363 1211 2399 πέραν
1240 2363 1288 2390 τοῦ
1312 2364 1460 2399 Ἰορδάνου,
1481 2364 1550 2391 ὁποῦ
1576 2365 1719 2400 ὲσύχαζεν.
1734 2365 1825 2393 Αὑτοῦ

1032 2409 1150 2445 ἡρπάγη
1170 2410 1219 2436 καὶ
1243 2411 1258 2436 6
1276 2409 1370 2442 Ἠλίας
1395 2411 1424 2436 ὲν
1439 2409 1545 2446 ἅρματι
1570 2411 1668 2447 πυρός.
1683 2411 1797 2447 ’Δπέχει
1811 2413 1826 2439 ὁ

1031 2456 1170 2492 Ἰορδάνης
1195 2455 1321 2491 ποταμὸς
1346 2456 1401 2483 ἀπὸ
1416 2456 1467 2492 τὴν
1487 2456 1668 2493 Ἰερουσαλὴμ
1689 2458 1769 2493 μίλια
1790 2459 1824 2486 λ’.

1037 2502 1069 2529 Ἡ
1084 2503 1114 2529 δὲ
1135 2502 1224 2537 πέραν
1251 2502 1298 2529 τοῦ
1310 2502 1446 2538 Ἰορδάνου
1459 2503 1518 2530 ἕναι
1532 2502 1582 2540 ὅρη
1600 2504 1635 2531 τὰ
1648 2503 1750 2540 ὑψηλά.
1764 2505 1822 2532 Kal.
1836 2538 1839 2539 ν

1030 2548 1128 2575 ἀπάνω
1141 2548 1182 2580 εις
1200 2548 1235 2575 τὰ
1248 2548 1299 2584 ὖρη
1315 2549 1351 2575 τὰ
1366 2549 1460 2584 ὑψηλὰ
1482 2547 1566 2586 ἦλθεν
1582 2551 1596 2578 6
1622 2551 1757 2586 Μωῦσῆς.
1775 2551 1824 2578 καὶ

1029 2591 1216 2627 ὲπροσεύχετο
1233 2592 1274 2624 είς
1293 2592 1476 2629 Ἰερουσαλήμ
1489 2601 1497 2610 ο
1513 2594 1560 2620 καὶ
1572 2593 1656 2621 αὑτοῦ
1672 2593 1732 2621 έναι
1747 2595 1762 2621 6
1774 2595 1824 2622 τά·

1033 2647 1083 2674 φος
1102 2647 1160 2666 του.
1177 2639 1210 2665 El
1222 2638 1252 2665 δὲ
1277 2639 1349 2671 μέσα
1367 2639 1408 2670 εἰς
1421 2639 1472 2675 τὴν
1486 2639 1625 2676 ἐσωτέραν
1638 2638 1745 2676 ἔρημον
1763 2640 1822 2667 έναι

1033 2685 1048 2712 6
1057 2684 1144 2719 τάφος
1159 2685 1210 2720 τῆς
1222 2684 1300 2716 ὁσίας
1317 2684 1429 2720 Μαρίας
1441 2684 1491 2720 τῆς
1507 2685 1672 2719 Αἰγυπτίας,
1685 2685 1753 2712 ὀποῦ
1772 2686 1823 2721 τὴν

1033 2726 1117 2765 ηὗρεν
1139 2730 1154 2756 6
1179 2728 1267 2761 ὰὸὃᾶς
1293 2730 1434 2764 Ζωσιμᾶς,
1464 2731 1511 2756 καὶ
1537 2730 1623 2766 ἐθαψέ
1640 2739 1703 2765 την,
1736 2731 1784 2758 καὶ
1804 2731 1821 2766 ἡ

1033 2776 1096 2803 ὁσία
1115 2775 1230 2812 ἐποίησε
1251 2776 1365 2811 χρόνους
1379 2776 1431 2811 μς.
1447 2776 1560 2812 Ἀπέχει
1580 2777 1634 2804 ἀπὸ
1653 2777 1704 2813 τὴν
1723 2777 1824 2812 Ἰερου-

1035 2820 1127 2856 σαλὴμ
1141 2820 1253 2856 ἡμερῶν
1268 2821 1367 2857 δρόμον
1384 2820 1420 2857 η’.
