1956 3077
87 136 145 168 989

729 132 778 170 DE
796 139 904 172 LOClS
922 141 1092 173 SANCTIS.

1666 144 1718 176 990

125 193 166 221 16‘.
188 193 222 221 Ἦ
245 195 274 222 δὲ
291 194 366 228 δεξιὰ
380 193 427 221 τοῦ
444 193 580 230 Ἰορδάνου
607 191 682 234 εἶναι
707 194 743 222 τὰ
765 195 881 230 Σόδομα,

971 198 1015 225 ll.
1034 198 1163 225 Dextrum
1192 196 1320 226 Jordanls
1335 198 1408 226 latus
1426 202 1561 234 ochpant
1588 197 1717 231 Sodoma,

85 240 137 267 καὶ
149 240 184 267 τὰ
200 240 340 280 Γόμορρα,
356 240 403 267 καὶ
422 241 438 275 ὴ
457 239 555 276 Νεκρὰ
576 230 711 272 Θαλάσσα,
740 240 788 266 καὶ
805 241 820 267 6
834 241 879 267 16-

87 296 142 319 πος
168 287 217 314 106
247 286 322 320 Λὼτ,
347 286 396 314 καὶ
423 286 507 313 αὐτοῦ
535 286 606 321 μέσα
621 283 692 313 εἶναι
709 287 726 322 ἡ
752 286 877 318 κόλασις.

93 333 209 370 Ἀπέχει
224 333 278 360 ἀπὸ
294 333 343 369 τὴν
369 333 550 368 Ἰερουσαλὴμ
566 333 626 368 μίλ.
653 332 687 359 λ’.
706 332 795 359 A0106
820 332 879 360 έναι

86 380 119 406 16
136 379 321 415 μοναστήριον
335 379 383 405 τοῦ
397 379 476 412 ἁγίου
489 379 656 414 Γερασίμου,
670 377 739 405 ὀποῦ
754 378 879 405 ἐδούλευε

86 425 145 452 τῶν
155 425 251 460 ἁγίων.
267 425 323 452 Καὶ
337 425 443 452 ἄνωθεν
459 425 528 461 πρὸς
549 426 599 460 τὴν
617 424 797 460 Ἰερουσαλὴμ
811 425 881 460 μέσα

87 471 130 501 είς
147 470 182 497 τὰ
211 469 260 505 ὅρη
287 469 346 497 έναι
373 469 494 505 ήλαύρα
521 469 569 496 τοῦ
586 469 667 503 ἁγίου
685 469 769 496 Σάὸα.
791 468 879 505 Αὑτοῦ

87 515 151 541 έναι
167 516 215 542 καὶ
229 516 243 542 6
261 516 346 550 τάφος
360 524 421 543 του.
439 517 495 543 Καὶ
514 515 545 542 16
562 516 747 552 μοναστήριον
765 515 825 543 έναι
840 516 880 548 εἰς

86 562 174 589 τόπον
192 563 363 598 χειμάρρων.
382 563 438 590 Kal.
462 563 593 590 ἀποκάτω
620 561 668 589 106
694 562 880 598 μοναστηρίου

88 607 152 635 έναι
166 609 182 644 ἡ
200 608 275 643 πηγὴ
291 609 359 635 ὀποῦ
375 610 424 644 τὴν
453 608 569 643 εὔγαλεν
586 608 600 635 6
613 608 692 642 ἅγιος
706 607 751 636 διὰ
763 616 880 644 1:900:0-

87 653 154 689 χήν.
172 654 226 681 Kal
239 654 254 680 6
267 654 330 686 ναὸς
346 654 405 681 έναι
422 654 456 690 μὲ
468 654 612 690 τρούλλην,
634 654 693 682 έναι
705 655 754 681 καὶ
772 654 880 690 ζωγρα-

89 702 213 736 φισμένη
235 710 269 737 με
292 702 322 728 16
337 701 469 737 λαζούρη.
490 702 578 729 A0106
595 701 655 730 έναι
670 702 717 730 καὶ
737 701 768 729 16
783 702 881 737 κελλὴν

88 746 140 774 τοῦ
155 747 234 780 ἁγίου
250 746 376 774 ’ῐωὰννου
391 747 439 774 τοῦ
452 747 648 783 Δαμασκηνοῦ.
660 747 749 775 A0106
760 747 881 783 έγραψεν

87 792 132 825 16,
151 793 253 826 Ἀξιόν
269 793 356 820 ἐστιν
376 793 416 827 ὡς
433 792 565 828 ἀληθῶς,
585 793 688 826 ὁμοίως
701 793 750 821 καὶ
771 793 822 829 τὴν
837 792 882 820 '0-

88 840 228 876 κτὼηχον.
247 839 312 876 Εἶχε
343 841 391 868 καὶ
404 840 451 868 τδν
464 839 561 876 καιρὸν
576 840 624 867 τοῦ
641 839 719 874 ἁγίου
736 840 811 868 Σάὃα
829 849 880 868 κα-

88 886 224 923 λογήρους
243 887 346 923 χιλίους
358 887 426 914 δέκα
441 887 604 922 τεσσάρους.
627 886 741 922 Ἀπέχει
757 886 812 914 ἀπὸ
827 886 876 923 τὴν

94 933 277 969 Ἰερουσαλὴμ
293 934 349 969 μίλ.
367 934 409 970 ιβ’.
432 933 644 965 Ἀναόαίνοντας
658 934 699 966 εἰς
713 933 763 970 τὴν
781 933 882 969 Ἰερου-

91 980 185 1015 σαλὴμ
207 980 303 1007 (lt-niveo
332 980 373 1012 είς
399 979 463 1015 ὄρος
488 979 547 1007 έναι
573 980 605 1007 16
632 979 818 1015 μοναστήριον
834 979 884 1007 τοῦ

91 1025 174 1059 ἁγίου
189 1025 339 1052 Θεωδοσίου
354 1024 401 1053 106
424 1025 625 1060 κοινοϐιάρχου.
638 1025 750 1061 Ἀπέχει
768 1024 822 1052 ἀπὺ
834 1025 884 1059 τὴν

95 1070 276 1107 Ἰερουσαλὴμ
300 1071 377 1107 μιλία
394 1071 431 1107 η’.
454 1072 510 1100 Kal
529 1071 635 1099 ἄνωθεν
653 1071 737 1099 αὐτοῦ
760 1071 820 1098 έναι
846 1071 878 1098 16

92 1118 277 1154 μοναστήριον
290 1118 337 1145 τοῦ
354 1117 433 1152 ἁγίου
459 1118 600 1154 προφήτου
617 1117 724 1152 Ἠλιοῦ,
745 1117 793 1144 καὶ
813 1115 884 1145 εἶναι

93 1163 165 1198 μέσα
183 1164 224 1195 εἰς
241 1163 292 1198 τὴν
311 1163 370 1190 666v
386 1163 454 1190 ὀποῦ
476 1162 590 1198 παγένει
610 1163 651 1194 είς
675 1161 724 1197 τὴν
747 1161 887 1198 Βηθλεέμ.

91 1209 147 1236 Kal
164 1209 223 1236 έναι
238 1210 252 1236 6
265 1210 328 1241 ναὸς
354 1209 388 1244 μὲ
404 1209 549 1245 τρούλλαν.
567 1209 623 1235 Kal.
635 1208 720 1235 αὐτοῦ
734 1207 885 1243 ἅκοιμήθη,

92 1256 142 1282 καὶ
155 1253 232 1281 εἶπεν
246 1256 260 1282 6
276 1254 406 1289 ἄγγελος·
428 1254 569 1286 Ἀνάστα,
584 1253 670 1288 φάγε,
688 1253 733 1280 ὅτι
745 1253 846 1288 μακρὰ
865 1253 886 1288 ἠ

93 1301 165 1335 ὁδός
181 1310 250 1329 σου.
273 1300 330 1328 Kal
356 1299 440 1327 αὐτοῦ
453 1300 493 1331 εἰς
516 1299 562 1326 τὸν
577 1299 730 1335 χείμαρῤον
757 1299 857 1335 έφερεν
871 1299 886 1326 6

100 1347 200 1382 Ἰωσὴφ
220 1347 270 1382 τὴν
296 1345 439 1379 Θεοτόκον,
468 1345 512 1372 ἵνα
536 1344 624 1380 λάθρα
639 1344 765 1381 ἀπολύσῃ
788 1344 884 1381 αὑτήν.

930 243 1092 276 Gomorrha,
1107 250 1183 270 mare
1199 248 1347 277 mortuum,
1362 249 1390 272 et
1407 244 1466 272 Loti
1483 244 1556 279 regio
1576 245 1645 271 inter
1658 253 1719 279 qua:

930 287 1053 314 infernus
1066 287 1142 314 latet.
1175 286 1261 314 Distat
1276 287 1311 314 ab
1329 287 1394 314 urbc
1418 287 1566 315 Jerusalem
1596 287 1720 314 milliaria

931 332 1053 367 triginta.
1067 332 1169 359 lbidcm
1193 337 1234 359 est
1254 332 1449 359 monasterium
1466 333 1552 359 sancti
1572 332 1718 365 Gerasimi,

931 379 977 414 qui
1004 379 1107 406 sanctis
1123 379 1304 406 ministrabat.
1322 378 1474 412 Supraque,
1492 386 1586 405 versus
1608 378 1721 405 Jerusa-

931 425 995 458 lem,
1011 424 1082 452 inter
1095 424 1188 457 colles,
1209 427 1252 451 est
1266 423 1461 451 monasterium
1476 423 1563 450 sancti
1583 423 1672 456 Saba»,
1692 425 1720 450 ct

931 470 1003 498 illius
1029 470 1194 505 sepulcrum.
1227 469 1422 496 Monasterinm
1453 468 1648 495 exardilicatum
1680 473 1723 496 est

931 521 1041 551 propter
1059 520 1219 543 torrentem.
1236 515 1293 542 Sub
1316 514 1483 542 monasterio
1508 514 1568 540 l'ons
1594 514 1721 546 scaturit,

931 567 1010 594 quem
1036 559 1081 588 ille
1096 560 1221 595 precibus
1238 567 1251 586 a
1273 559 1330 586 Deo
1352 559 1557 593 impetraverat.
1579 557 1722 592 Templum

932 605 1017 633 trulla
1030 605 1155 640 erigitur,
1170 612 1256 639 eaque
1272 605 1362 632 colore
1377 604 1491 631 cmruleo
1506 604 1619 631 imbuta.
1636 603 1724 636 Prope

931 655 973 678 est
998 651 1067 678 cella
1088 650 1175 678 sancti
1206 649 1319 678 Joannis
1337 649 1508 681 Damasceni,
1527 649 1554 676 in
1579 656 1631 683 qua
1646 655 1723 676 com-

931 700 1022 735 posuit
1036 698 1206 733 Troparium,
1220 699 1336 733 Dignum
1349 703 1385 725 est
1409 705 1479 730 vere,
1501 701 1528 724 et
1539 696 1723 724 Octoechum.

931 744 1024 772 Aitate
1035 744 1122 771 sancti
1137 743 1216 771 Saba:
1233 743 1406 770 habitabatur
1421 750 1436 769 a
1450 742 1593 769 monachis
1607 741 1680 768 mille
1696 745 1724 768 ct

931 789 1083 816 duodecim.
1121 788 1209 816 Distat
1240 788 1274 814 ab
1310 787 1378 814 urbe
1409 786 1558 814 Jerusalem
1601 785 1725 813 milliaria

931 834 1147 871 quatuordecim.
1172 833 1274 861 Versus
1297 832 1461 866 Jerusalem,
1482 838 1563 867 super
1590 836 1724 862 montem.

936 881 1133 909 monasterium
1162 881 1250 909 sancti
1271 879 1418 908 Theodosii
1450 877 1651 906 cmnobiarchae
1679 884 1727 904 ex-

935 931 1066 955 structum
1086 930 1137 954 est.
1170 926 1257 953 Distat
1277 925 1312 953 ab
1340 925 1408 952 urbe
1425 923 1574 952 Jerusalem
1601 921 1727 949 milliaria

937 978 1014 1007 octo;
1039 979 1178 1008 supraque
1207 971 1292 1003 illud,
1324 970 1520 998 monasterium
1547 967 1634 996 sancti
1661 966 1728 994 Elia:

937 1020 1093 1056 prophetae;
1113 1019 1275 1056 adjacetque
1292 1019 1382 1046 media
1395 1019 1422 1045 in
1443 1016 1502 1050 'via,
1520 1024 1571 1052 qua
1586 1016 1727 1043 Bethleem

939 1061 1161 1102 itur.Templum
1176 1066 1314 1093 trullatmn
1330 1069 1380 1096 est,
1395 1065 1486 1099 ibique
1504 1070 1629 1091 somnum
1642 1061 1726 1096 cepit,

936 1114 980 1142 cui
997 1114 1063 1141 dixit
1079 1112 1209 1147 angelus:
1224 1112 1318 1146 Surge,
1338 1110 1491 1142 ntandnca;
1507 1109 1584 1144 longa
1601 1109 1671 1135 enim
1689 1110 1728 1134 est

941 1160 984 1188 via
998 1159 1030 1186 “.
1045 1159 1114 1186 lnibi
1127 1159 1153 1186 in
1166 1162 1317 1185 torrentem
1333 1156 1394 1183 tulit
1410 1162 1502 1183 secum
1519 1154 1663 1189 Dciparam
1680 1152 1728 1179 Jo-

937 1205 1049 1240 sephus,
1078 1210 1107 1232 ut
1130 1204 1201 1232 clam
1214 1203 1382 1234 dimitteret;
1399 1202 1442 1229 cui
1467 1200 1600 1228 accedens
1612 1198 1728 1233 angelus

938 1249 1149 1284 dixitzlaseph,
1177 1249 1217 1284 ﬁll
1243 1247 1339 1280 David,
1369 1254 1401 1274 ne
1423 1246 1541 1281 timeas;
1569 1245 1656 1278 accipe
1680 1243 1729 1269 tibi
1769 1272 1773 1277 _

937 1306 1047 1326 uxorem
1067 1296 1201 1330 Mariam;
1212 1297 1281 1324 auod
1294 1296 1363 1323 enim
1377 1303 1409 1322 ea:
1425 1302 1457 1321 ea
1474 1298 1607 1326 nascetur,
1622 1299 1654 1318 ea:
1668 1290 1730 1325 Spi-

938 1345 992 1372 ritu
1009 1347 1099 1371 εαηειο
1114 1347 1151 1370 est
1165 1342 1199 1369 ".

95 1392 150 1419 Καὶ
175 1390 256 1427 ἦλθεν
282 1392 296 1419 ό
325 1391 452 1426 ἄγγελος,
473 1390 520 1417 καὶ
549 1387 645 1416 εἶπεν·
674 1389 797 1424 Ἰωσὴφ,
810 1390 877 1424 υίὸς
895 1389 998 1423 Δαυὶδ,
1025 1389 1069 1424 μὴ
1103 1386 1254 1424 φοϐηθεὶς,
1270 1387 1422 1421 παράλαϐε
1436 1385 1565 1414 γυναῖκα
1587 1383 1646 1418 τὴν
1668 1382 1729 1410 Ma-

92 1439 162 1474 ρίαν
172 1445 239 1470 σου,
256 1438 289 1464 τὸ
302 1437 357 1472 γὰρ
372 1436 406 1469 ἐξ
417 1435 512 1470 αὐτῆς
526 1434 684 1470 γεννηθὲν,
697 1435 731 1462 ἐκ
745 1435 920 1469 Πνεύματος
929 1435 1016 1470 ἁγίου
1026 1435 1124 1461 ἐστίν.

132 1489 173 1513 ιε’.
193 1486 257 1512 Ἀπ’
275 1484 359 1512 0.0106
392 1483 543 1519 ἐρχομένου
569 1481 610 1513 είς
637 1482 688 1517 τὴν
712 1481 793 1516 ἁγίαν
808 1482 886 1508 πόλιν

95 1532 226 1566 Βεολεὲμ,
245 1531 315 1566 μέσα
330 1530 369 1562 είς
382 1530 432 1565 τὴν
455 1528 526 1561 ὁδὸν,
546 1527 607 1557 έναι
631 1528 662 1554 16
681 1528 815 1562 μνημεῖον
837 1526 886 1561 τῆς

101 1578 201 1613 Ῥαχὴλ
217 1577 250 1612 μὲ
271 1575 442 1611 κουϐούκλην
463 1574 602 1611 πέτρινον.
627 1573 683 1600 Καὶ
710 1572 794 1599 αὑτοῦ
818 1572 888 1607 σιμὰ

97 1624 187 1659 έναιὴ
204 1623 270 1657 ἁγία
295 1621 430 1658 Βηθλεὲμ,
459 1620 527 1647 ὁποῦ
554 1619 688 1655 ἐγεννήθη
717 1619 731 1645 6
756 1617 885 1654 Χριστός.

98 1672 178 1698 Ἐναι
204 1671 218 1697 6
242 1669 305 1700 ναὸς
332 1668 381 1704 τῆς
406 1668 488 1702 ἁγίας
515 1665 642 1702 Βηθλεὲμ
680 1665 783 1700 μακρὶς
816 1664 886 1699 μετὰ

99 1716 200 1751 σκευῆς
223 1715 344 1749 ξυλίνης,
360 1715 408 1741 καὶ
439 1712 621 1747 σκεπασμένη
648 1711 719 1746 μετὰ
742 1709 887 1746 μολύϐδου,

98 1763 146 1790 καὶ
172 1762 229 1789 έναι
252 1760 432 1797 ίστορισμένη
456 1758 528 1795 μετὰ
561 1757 666 1792 μωσίου
693 1756 807 1793 χρυσοῦ.
834 1755 888 1782 Kal.

102 1809 174 1844 μέσα
189 1809 230 1839 είς
245 1798 291 1834 τὸν
308 1807 371 1834 ναὺν
390 1806 448 1841 έχει
467 1804 591 1836 κολόναις
611 1802 644 1830 ν’.
666 1803 720 1829 Καὶ
741 1802 771 1828 16
789 1801 889 1835 έδαφος

99 1855 146 1882 106
160 1855 225 1881 ναοῦ
240 1853 439 1889 μαρμαρέὶνον.
461 1851 517 1878 Kal.
533 1851 574 1882 είς
604 1849 637 1876 τὰ
652 1848 728 1883 δεξιὰ
756 1848 826 1884 μέρη
840 1846 890 1873 106

100 1902 166 1928 ναοῦ
184 1900 240 1935 ἔχει
257 1898 448 1935 βαπτιστῆραν
472 1895 616 1932 πορφυρὴν
633 1895 811 1930 ὡραιότατον.
835 1893 890 1920 Kal.

101 1946 235 1983 ἀριστερὰ
259 1945 305 1972 106
323 1945 445 1980 βήματος
472 1943 634 1971 καταϐαίνει
649 1942 748 1969 σκαλία
773 1940 816 1968 ιδ’.
834 1939 891 1968 Kal

101 1993 241 2029 εὑρίσκεις
262 1991 394 2026 σπήλαιον
417 1989 484 2016 ὀποῦ
512 1988 647 2024 ἐγεννήθη
671 1989 685 2014 6
703 1987 833 2022 Χριστός.
858 1986 890 2014 Ἦ

104 2040 234 2074 Γέινησις
253 2037 311 2064 έναι
324 2035 473 2064 ἀνατολικὰ
490 2035 537 2062 καὶ
554 2036 595 2064 είς
615 2034 649 2061 τὰ
662 2033 738 2067 δεξιὰ
756 2033 829 2068 μέρη
842 2031 890 2059 106

104 2085 237 2120 σπηλαίου
259 2084 317 2111 έναι
335 2085 348 2110 6
363 2084 444 2115 τύπος
460 2081 528 2109 ὀποῦ
546 2081 648 2116 έχωσεν
673 2081 690 2116 ἡ
724 2079 845 2114 Σαλώμη
861 2079 892 2106 16

103 2132 181 2167 νερὶιν
199 2131 268 2158 ὀποῦ
289 2130 384 2157 ἔλουσε
408 2129 453 2156 τὸν
483 2129 620 2164 Χριστόνθ
636 2127 685 2154 καὶ
711 2125 788 2160 έγίνη
806 2124 894 2160 μύρον

105 2175 289 2210 ἀλάϐαστρον.
308 2174 419 2201 Ἐτοῦτο
431 2173 462 2200 16
481 2172 567 2208 μύρον
582 2171 642 2198 έναι
666 2170 737 2197 ὀποῦ
757 2168 865 2203 έλειψεν
877 2168 895 2204 ἠ

106 2223 195 2257 πόρνη
222 2222 269 2248 16v
294 2221 399 2257 Κύριον
423 2222 457 2256 τῇ
483 2220 551 2255 ἁγίᾳ
576 2218 623 2246 καὶ
652 2217 758 2253 μεγάλῃ
775 2215 895 2252 τετράδι.

108 2270 186 2304 Ἔχει
196 2268 345 2303 κανδήλαις
356 2267 371 2295 ι’
383 2275 390 2282 ·
406 2268 455 2295 καὶΙ
469 2266 530 2295 ὅλον
544 2266 575 2292 16
595 2264 732 2299 σπήλαιον
743 2262 803 2290 έναι
815 2260 895 2289 ἐνδυ-

111 2316 202 2351 μένον.
222 2314 321 2350 Ἀμήν.

149 2393 171 2410 ³⁸
193 2391 227 2420 lll
242 2391 308 2428 Reg.
323 2400 380 2426 nt,
393 2392 421 2420 7.
460 2391 484 2408 "
501 2389 598 2420 Matth.
612 2396 633 2424 ι,
650 2387 698 2416 20,

982 1482 1025 1509 l5.
1039 1481 1104 1509 inde
1118 1479 1274 1516 procedenti
1299 1479 1326 1506 in
1346 1481 1467 1506 sanctam
1481 1476 1628 1509 Bethleem,
1645 1475 1671 1502 in
1687 1475 1730 1503 via

941 1535 1002 1556 sese
1018 1528 1099 1555 olrert
1121 1529 1327 1553 monumentum
1354 1523 1491 1555 Baclielis,
1507 1528 1569 1550 cum
1584 1527 1666 1548 saxeo
1681 1527 1730 1548 cu-

942 1574 1041 1601 biculo.
1062 1573 1203 1608 Propeque
1220 1575 1262 1598 est
1279 1574 1372 1598 sancta
1390 1568 1542 1600 Bethleem,
1565 1567 1591 1594 in
1608 1573 1662 1601 qua
1679 1572 1731 1593 ua-

943 1625 987 1648 tus
1012 1624 1054 1648 est
1077 1619 1214 1647 Christus.
1232 1617 1374 1652 Templum
1391 1619 1431 1643 est
1448 1613 1623 1649 praelongnm,
1656 1616 1746 1654 stru-t

941 1671 1018 1694 ctura
1033 1665 1133 1700 lignea,
1149 1664 1261 1699 plumbo
1285 1667 1369 1695 tecta,
1383 1664 1409 1688 et
1423 1660 1530 1688 musivo
1554 1665 1637 1686 aureo
1658 1656 1731 1684 colo-

940 1715 1010 1739 rata.
1036 1710 1064 1737 ln
1080 1709 1180 1745 templo
1195 1713 1258 1736 suul
1273 1707 1406 1735 columna:
1420 1703 1634 1740 quinquaginta;
1650 1701 1729 1736 pavi-

941 1761 1062 1784 mentum
1090 1763 1123 1782 ex
1156 1761 1300 1782 marmore.
1339 1753 1367 1779 ln
1396 1755 1473 1786 parte
1506 1750 1600 1777 dextra
1637 1747 1730 1782 templi

940 1801 1106 1837 conspicitur
1112 1800 1300 1835 baptisterium
1312 1798 1495 1834 porphyreum
1506 1794 1730 1831 pulcherrimum.

940 1848 963 1875 A
978 1847 1088 1875 sinistra
1101 1845 1219 1873 bernatls
1235 1843 1408 1872 descenditur
1423 1848 1471 1876 per
1485 1839 1586 1875 gradus
1597 1843 1731 1872 quatuor-

941 1893 1027 1921 decim
1042 1893 1068 1920 in
1080 1891 1249 1927 speluncam,
1268 1890 1294 1916 in
1306 1896 1358 1924 qua
1369 1891 1447 1915 natus
1459 1890 1500 1914 est
1511 1882 1733 1918 Ghristus.iNati-
1751 1879 1753 1881 ’

941 1939 1012 1967 vitas
1022 1938 1155 1966 orientem
1168 1935 1279 1971 respicit
1293 1938 1340 1962 τοι
1353 1934 1379 1961 in
1398 1933 1493 1961 dextra
1509 1934 1587 1966 parte
1595 1929 1732 1964 speluncae

942 1986 1018 2014 locus
1035 1988 1087 2017 est,
1104 1984 1133 2011 in
1147 1990 1200 2018 quo
1212 1981 1320 2010 Salome
1336 1986 1446 2014 aquam,
1459 1984 1512 2013 qua
1531 1977 1635 2003 laverat
1650 1973 1732 2001 Chri-

944 2037 1026 2064 stum,
1057 2028 1216 2061 abscondit;
1242 2034 1302 2062 quae
1332 2025 1405 2053 facta
1432 2028 1475 2052 est
1499 2025 1677 2056 unguentum,
1703 2019 1732 2045 in

945 2077 1090 2106 alabastris
1119 2074 1213 2109 reponi
1240 2073 1362 2102 solitum.
1391 2071 1419 2098 Id
1438 2068 1568 2103 unguenti
1591 2071 1646 2099 est,
1677 2071 1736 2100 quo

945 2122 1087 2155 meretrix,
1102 2125 1195 2148 sancta
1209 2126 1308 2154 magna
1331 2117 1398 2144 leria
1414 2119 1521 2151 quarta,
1542 2113 1621 2140 unxit
1640 2110 1733 2138 Domi-

946 2174 1022 2195 num.
1049 2165 1170 2193 Pendem.
1186 2162 1324 2198 lampades
1337 2161 1448 2193 decem;
1465 2164 1492 2186 et
1516 2157 1642 2193 Spelunca
1659 2162 1733 2190 qna-

947 2217 1112 2250 quaversum
1125 2208 1329 2239 circumvestita
1345 2212 1397 2235 est.
1410 2206 1508 2232 Amen.
