  <div class='ocr_page' id='page_1' title='image "/cluster/home/n/w/nwhite01/storage/ocr_20150623/133/njp.32101007797895/519.png"; bbox 0 0 1956 3077; ppageno 0'>
   <div class='ocr_carea' id='block_1_1' title="bbox 919 145 1127 179">
    <p class='ocr_par' dir='ltr' id='par_1_1' title="bbox 919 145 1127 179">
     <span class='ocr_line' id='line_1_1' title="bbox 919 145 1127 179; baseline 0.019 -4"><span class='ocrx_word' id='word_1_1' title='bbox 919 145 1127 179; x_wconf 85' lang='lat' dir='ltr'><strong>EUGESIPPI</strong></span> 
     </span>
    </p>
   </div>
   <div class='ocr_carea' id='block_1_2' title="bbox 965 228 1815 241">
    <p class='ocr_par' dir='ltr' id='par_1_2' title="bbox 965 228 1815 241">
     <span class='ocr_line' id='line_1_2' title="bbox 965 228 1815 241; baseline 0.007 -10"><span class='ocrx_word' id='word_1_2' title='bbox 965 228 1815 241; x_wconf 49' lang='grc' dir='ltr'>Ἢ</span> 
     </span>
    </p>
   </div>
   <div class='ocr_carea' id='block_1_3' title="bbox 824 285 1225 323">
    <p class='ocr_par' dir='ltr' id='par_1_3' title="bbox 824 285 1225 323">
     <span class='ocr_line' id='line_1_3' title="bbox 824 285 1225 323; baseline 0.007 -8"><span class='ocrx_word' id='word_1_3' title='bbox 824 285 970 316; x_wconf 78' lang='lat' dir='ltr'><strong>INCIPIT</strong></span> <span class='ocrx_word' id='word_1_4' title='bbox 988 286 1225 323; x_wconf 75' lang='lat' dir='ltr'><strong>TRACTATUS</strong></span> 
     </span>
    </p>
   </div>
   <div class='ocr_carea' id='block_1_4' title="bbox 998 369 1038 390">
    <p class='ocr_par' dir='ltr' id='par_1_4' title="bbox 998 369 1038 390">
     <span class='ocr_line' id='line_1_4' title="bbox 998 369 1038 390; baseline 0.05 -2"><span class='ocrx_word' id='word_1_5' title='bbox 998 369 1038 390; x_wconf 81' lang='lat' dir='ltr'><strong>DE</strong></span> 
     </span>
    </p>
   </div>
   <div class='ocr_carea' id='block_1_5' title="bbox 407 438 1636 512">
    <p class='ocr_par' dir='ltr' id='par_1_5' title="bbox 407 438 1636 512">
     <span class='ocr_line' id='line_1_5' title="bbox 407 438 1636 512; baseline 0.009 -30"><span class='ocrx_word' id='word_1_6' title='bbox 407 438 748 484; x_wconf 85' lang='lat' dir='ltr'><strong>DISTANTIIS</strong></span> <span class='ocrx_word' id='word_1_7' title='bbox 785 440 1074 486; x_wconf 78' lang='lat' dir='ltr'><strong>LOCORUM</strong></span> <span class='ocrx_word' id='word_1_8' title='bbox 1112 443 1327 489; x_wconf 66' lang='lat' dir='ltr'><strong>TERRIE</strong></span> <span class='ocrx_word' id='word_1_9' title='bbox 1364 445 1636 512; x_wconf 63' lang='lat' dir='ltr'><strong>SANCTIE,</strong></span> 
     </span>
    </p>
   </div>
   <div class='ocr_carea' id='block_1_6' title="bbox 873 537 1166 564">
    <p class='ocr_par' dir='ltr' id='par_1_6' title="bbox 873 537 1166 564">
     <span class='ocr_line' id='line_1_6' title="bbox 873 537 1166 564; baseline 0.01 -5"><span class='ocrx_word' id='word_1_10' title='bbox 873 537 960 564; x_wconf 77' lang='lat' dir='ltr'><strong>QUEM</strong></span> <span class='ocrx_word' id='word_1_11' title='bbox 979 539 1109 561; x_wconf 75' lang='lat' dir='ltr'><strong>COMPILA</strong></span> <span class='ocrx_word' id='word_1_12' title='bbox 1117 540 1166 562; x_wconf 77' lang='grc' dir='ltr'><strong>ΠΤ</strong></span> 
     </span>
    </p>
   </div>
   <div class='ocr_carea' id='block_1_7' title="bbox 718 584 1322 677">
    <p class='ocr_par' dir='ltr' id='par_1_7' title="bbox 718 584 1322 677">
     <span class='ocr_line' id='line_1_7' title="bbox 718 584 1322 677; baseline 0.005 -3"><span class='ocrx_word' id='word_1_13' title='bbox 718 584 1322 677; x_wconf 62' lang='lat' dir='ltr'><strong>nuezsmpus.‘</strong></span> 
     </span>
    </p>
   </div>
   <div class='ocr_carea' id='block_1_8' title="bbox 252 778 1839 823">
    <p class='ocr_par' dir='ltr' id='par_1_8' title="bbox 252 778 1839 823">
     <span class='ocr_line' id='line_1_8' title="bbox 252 778 1839 823; baseline 0.008 -18"><span class='ocrx_word' id='word_1_14' title='bbox 252 778 397 806; x_wconf 83' lang='lat' dir='ltr'><strong>Vertamus</strong></span> <span class='ocrx_word' id='word_1_15' title='bbox 412 778 454 807; x_wconf 88' lang='lat' dir='ltr'><strong>eia</strong></span> <span class='ocrx_word' id='word_1_16' title='bbox 472 778 569 815; x_wconf 87' lang='lat' dir='ltr'><strong>stylum</strong></span> <span class='ocrx_word' id='word_1_17' title='bbox 590 785 721 813; x_wconf 88' lang='lat' dir='ltr'><strong>nostrum,</strong></span> <span class='ocrx_word' id='word_1_18' title='bbox 736 787 873 810; x_wconf 85' lang='lat' dir='ltr'><strong>sumentes</strong></span> <span class='ocrx_word' id='word_1_19' title='bbox 890 783 994 810; x_wconf 90' lang='lat' dir='ltr'><strong>initium</strong></span> <span class='ocrx_word' id='word_1_20' title='bbox 1010 786 1033 814; x_wconf 78' lang='grc' dir='ltr'>Α</span> <span class='ocrx_word' id='word_1_21' title='bbox 1049 791 1112 811; x_wconf 85' lang='lat' dir='ltr'><strong>vere</strong></span> <span class='ocrx_word' id='word_1_22' title='bbox 1133 789 1281 817; x_wconf 92' lang='lat' dir='ltr'><strong>mortuum,</strong></span> <span class='ocrx_word' id='word_1_23' title='bbox 1305 786 1368 820; x_wconf 85' lang='lat' dir='ltr'><strong>quia</strong></span> <span class='ocrx_word' id='word_1_24' title='bbox 1385 786 1451 813; x_wconf 86' lang='lat' dir='ltr'><strong>nihil</strong></span> <span class='ocrx_word' id='word_1_25' title='bbox 1468 787 1557 814; x_wconf 75' lang='lat' dir='ltr'><strong>vivum</strong></span> <span class='ocrx_word' id='word_1_26' title='bbox 1581 787 1697 823; x_wconf 85' lang='lat' dir='ltr'><strong>recipit:</strong></span> <span class='ocrx_word' id='word_1_27' title='bbox 1714 793 1741 816; x_wconf 88' lang='lat' dir='ltr'><strong>et</strong></span> <span class='ocrx_word' id='word_1_28' title='bbox 1759 797 1839 816; x_wconf 82' lang='lat' dir='ltr'><strong>mare</strong></span> 
     </span>
    </p>
   </div>
   <div class='ocr_carea' id='block_1_9' title="bbox 208 824 996 859">
    <p class='ocr_par' dir='ltr' id='par_1_9' title="bbox 208 824 996 859">
     <span class='ocr_line' id='line_1_9' title="bbox 208 824 996 859; baseline 0.005 -7"><span class='ocrx_word' id='word_1_29' title='bbox 208 831 224 852; x_wconf 86' lang='lat' dir='ltr'><strong>a</strong></span> <span class='ocrx_word' id='word_1_30' title='bbox 245 824 381 858; x_wconf 85' lang='lat' dir='ltr'><strong>Chebron,</strong></span> <span class='ocrx_word' id='word_1_31' title='bbox 404 832 462 859; x_wconf 70' lang='lat' dir='ltr'><strong>qua:</strong></span> <span class='ocrx_word' id='word_1_32' title='bbox 487 829 516 853; x_wconf 90' lang='lat' dir='ltr'><strong>et</strong></span> <span class='ocrx_word' id='word_1_33' title='bbox 545 825 666 854; x_wconf 92' lang='lat' dir='ltr'><strong>Ilebron.</strong></span> <span class='ocrx_word' id='word_1_34' title='bbox 689 826 797 854; x_wconf 85' lang='lat' dir='ltr'><strong>Ilebrou</strong></span> <span class='ocrx_word' id='word_1_35' title='bbox 815 827 877 854; x_wconf 91' lang='lat' dir='ltr'><strong>olim</strong></span> <span class='ocrx_word' id='word_1_36' title='bbox 898 828 996 856; x_wconf 72' lang='lat' dir='ltr'><strong>Metro-</strong></span> 
     </span>
    </p>
   </div>
   <div class='ocr_carea' id='block_1_10' title="bbox 208 869 996 906">
    <p class='ocr_par' dir='ltr' id='par_1_10' title="bbox 208 869 996 906">
     <span class='ocr_line' id='line_1_10' title="bbox 208 869 996 906; baseline 0.003 -9"><span class='ocrx_word' id='word_1_37' title='bbox 208 869 278 904; x_wconf 85' lang='lat' dir='ltr'><strong>polis</strong></span> <span class='ocrx_word' id='word_1_38' title='bbox 303 869 519 903; x_wconf 77' lang='lat' dir='ltr'><strong>Pbilistinorum,</strong></span> <span class='ocrx_word' id='word_1_39' title='bbox 537 875 564 898; x_wconf 90' lang='lat' dir='ltr'><strong>et</strong></span> <span class='ocrx_word' id='word_1_40' title='bbox 582 871 762 897; x_wconf 87' lang='lat' dir='ltr'><strong>habitaculum</strong></span> <span class='ocrx_word' id='word_1_41' title='bbox 793 872 942 906; x_wconf 80' lang='lat' dir='ltr'><strong>gigantum,</strong></span> <span class='ocrx_word' id='word_1_42' title='bbox 970 873 996 900; x_wconf 92' lang='lat' dir='ltr'><strong>in</strong></span> 
     </span>
    </p>
   </div>
   <div class='ocr_carea' id='block_1_11' title="bbox 208 915 997 952">
    <p class='ocr_par' dir='ltr' id='par_1_11' title="bbox 208 915 997 952">
     <span class='ocr_line' id='line_1_11' title="bbox 208 915 997 952; baseline 0.003 -10"><span class='ocrx_word' id='word_1_43' title='bbox 208 916 280 942; x_wconf 85' lang='lat' dir='ltr'><strong>tribu</strong></span> <span class='ocrx_word' id='word_1_44' title='bbox 297 915 363 942; x_wconf 84' lang='lat' dir='ltr'><strong>Juda</strong></span> <span class='ocrx_word' id='word_1_45' title='bbox 383 916 479 942; x_wconf 88' lang='lat' dir='ltr'><strong>civitas</strong></span> <span class='ocrx_word' id='word_1_46' title='bbox 496 916 679 948; x_wconf 73' lang='lat' dir='ltr'><strong>sacerdotalis,</strong></span> <span class='ocrx_word' id='word_1_47' title='bbox 692 923 719 943; x_wconf 90' lang='lat' dir='ltr'><strong>et</strong></span> <span class='ocrx_word' id='word_1_48' title='bbox 742 917 924 952; x_wconf 75' lang='lat' dir='ltr'><strong>fugitivorum.</strong></span> <span class='ocrx_word' id='word_1_49' title='bbox 945 917 997 945; x_wconf 87' lang='lat' dir='ltr'><strong>lle-</strong></span> 
     </span>
    </p>
   </div>
   <div class='ocr_carea' id='block_1_12' title="bbox 206 961 996 999">
    <p class='ocr_par' dir='ltr' id='par_1_12' title="bbox 206 961 996 999">
     <span class='ocr_line' id='line_1_12' title="bbox 206 961 996 999; baseline 0.004 -11"><span class='ocrx_word' id='word_1_50' title='bbox 206 961 275 988; x_wconf 82' lang='lat' dir='ltr'><strong>bron</strong></span> <span class='ocrx_word' id='word_1_51' title='bbox 295 962 346 988; x_wconf 84' lang='lat' dir='ltr'><strong>sila</strong></span> <span class='ocrx_word' id='word_1_52' title='bbox 361 961 412 988; x_wconf 79' lang='lat' dir='ltr'><strong>fuit</strong></span> <span class='ocrx_word' id='word_1_53' title='bbox 438 963 464 988; x_wconf 93' lang='lat' dir='ltr'><strong>iu</strong></span> <span class='ocrx_word' id='word_1_54' title='bbox 482 969 546 996; x_wconf 76' lang='lat' dir='ltr'><strong>agro</strong></span> <span class='ocrx_word' id='word_1_55' title='bbox 573 962 628 994; x_wconf 88' lang='lat' dir='ltr'><strong>illo,</strong></span> <span class='ocrx_word' id='word_1_56' title='bbox 646 963 673 989; x_wconf 93' lang='lat' dir='ltr'><strong>in</strong></span> <span class='ocrx_word' id='word_1_57' title='bbox 687 970 740 997; x_wconf 90' lang='lat' dir='ltr'><strong>quo</strong></span> <span class='ocrx_word' id='word_1_58' title='bbox 758 971 879 990; x_wconf 88' lang='lat' dir='ltr'><strong>summus</strong></span> <span class='ocrx_word' id='word_1_59' title='bbox 906 964 996 999; x_wconf 88' lang='lat' dir='ltr'><strong>dispo-</strong></span> 
     </span>
    </p>
   </div>
   <div class='ocr_carea' id='block_1_13' title="bbox 206 1007 997 1045">
    <p class='ocr_par' dir='ltr' id='par_1_13' title="bbox 206 1007 997 1045">
     <span class='ocr_line' id='line_1_13' title="bbox 206 1007 997 1045; baseline 0.004 -11"><span class='ocrx_word' id='word_1_60' title='bbox 206 1007 275 1034; x_wconf 86' lang='lat' dir='ltr'><strong>sitor</strong></span> <span class='ocrx_word' id='word_1_61' title='bbox 303 1013 405 1042; x_wconf 87' lang='lat' dir='ltr'><strong>patrem</strong></span> <span class='ocrx_word' id='word_1_62' title='bbox 433 1013 553 1034; x_wconf 82' lang='lat' dir='ltr'><strong>nostrum</strong></span> <span class='ocrx_word' id='word_1_63' title='bbox 581 1008 724 1042; x_wconf 83' lang='lat' dir='ltr'><strong>plasmavit</strong></span> <span class='ocrx_word' id='word_1_64' title='bbox 751 1009 846 1041; x_wconf 87' lang='lat' dir='ltr'><strong>Adam,</strong></span> <span class='ocrx_word' id='word_1_65' title='bbox 863 1015 889 1037; x_wconf 90' lang='lat' dir='ltr'><strong>et</strong></span> <span class='ocrx_word' id='word_1_66' title='bbox 914 1011 997 1045; x_wconf 91' lang='lat' dir='ltr'><strong>inspi-</strong></span> 
     </span>
    </p>
   </div>
   <div class='ocr_carea' id='block_1_14' title="bbox 206 1053 997 1089">
    <p class='ocr_par' dir='ltr' id='par_1_14' title="bbox 206 1053 997 1089">
     <span class='ocr_line' id='line_1_14' title="bbox 206 1053 997 1089; baseline 0.006 -9"><span class='ocrx_word' id='word_1_67' title='bbox 206 1053 288 1081; x_wconf 88' lang='lat' dir='ltr'><strong>ravit.</strong></span> <span class='ocrx_word' id='word_1_68' title='bbox 299 1053 712 1085; x_wconf 82' lang='lat' dir='ltr'><strong>Ilebron,Cariatharbedicitur</strong></span> <span class='ocrx_word' id='word_1_69' title='bbox 727 1064 734 1087; x_wconf 90' lang='lat'>;</span> <span class='ocrx_word' id='word_1_70' title='bbox 748 1056 820 1089; x_wconf 87' lang='lat' dir='ltr'><strong>quod</strong></span> <span class='ocrx_word' id='word_1_71' title='bbox 837 1057 997 1085; x_wconf 84' lang='lat' dir='ltr'><strong>Saracenice</strong></span> 
     </span>
    </p>
   </div>
   <div class='ocr_carea' id='block_1_15' title="bbox 206 1098 996 1134">
    <p class='ocr_par' dir='ltr' id='par_1_15' title="bbox 206 1098 996 1134">
     <span class='ocr_line' id='line_1_15' title="bbox 206 1098 996 1134; baseline 0.005 -9"><span class='ocrx_word' id='word_1_72' title='bbox 206 1102 296 1130; x_wconf 85' lang='lat' dir='ltr'><strong>sonat,</strong></span> <span class='ocrx_word' id='word_1_73' title='bbox 321 1098 425 1126; x_wconf 87' lang='lat' dir='ltr'><strong>Civitas</strong></span> <span class='ocrx_word' id='word_1_74' title='bbox 442 1103 578 1133; x_wconf 86' lang='lat' dir='ltr'><strong>quatuor;</strong></span> <span class='ocrx_word' id='word_1_75' title='bbox 596 1106 629 1126; x_wconf 85' lang='lat' dir='ltr'><strong>eo</strong></span> <span class='ocrx_word' id='word_1_76' title='bbox 647 1100 718 1133; x_wconf 86' lang='lat' dir='ltr'><strong>quod</strong></span> <span class='ocrx_word' id='word_1_77' title='bbox 735 1105 850 1134; x_wconf 82' lang='lat' dir='ltr'><strong>quatuor</strong></span> <span class='ocrx_word' id='word_1_78' title='bbox 866 1101 900 1128; x_wconf 86' lang='lat' dir='ltr'><strong>ibi</strong></span> <span class='ocrx_word' id='word_1_79' title='bbox 919 1107 996 1129; x_wconf 83' lang='lat' dir='ltr'><strong>reve-</strong></span> 
     </span>
    </p>
   </div>
   <div class='ocr_carea' id='block_1_16' title="bbox 207 1142 995 1180">
    <p class='ocr_par' dir='ltr' id='par_1_16' title="bbox 207 1142 995 1180">
     <span class='ocr_line' id='line_1_16' title="bbox 207 1142 995 1180; baseline 0.006 -11"><span class='ocrx_word' id='word_1_80' title='bbox 207 1142 398 1170; x_wconf 76' lang='lat' dir='ltr'><strong>remli-Patres</strong></span> <span class='ocrx_word' id='word_1_81' title='bbox 423 1143 448 1170; x_wconf 91' lang='lat' dir='ltr'><strong>iu</strong></span> <span class='ocrx_word' id='word_1_82' title='bbox 463 1143 590 1177; x_wconf 85' lang='lat' dir='ltr'><strong>spelunca</strong></span> <span class='ocrx_word' id='word_1_83' title='bbox 615 1144 715 1179; x_wconf 84' lang='lat' dir='ltr'><strong>duplici</strong></span> <span class='ocrx_word' id='word_1_84' title='bbox 738 1146 885 1180; x_wconf 87' lang='lat' dir='ltr'><strong>eousepulti</strong></span> <span class='ocrx_word' id='word_1_85' title='bbox 910 1146 995 1179; x_wconf 81' lang='lat' dir='ltr'><strong>fuere,</strong></span> 
     </span>
    </p>
   </div>
   <div class='ocr_carea' id='block_1_17' title="bbox 206 1189 995 1226">
    <p class='ocr_par' dir='ltr' id='par_1_17' title="bbox 206 1189 995 1226">
     <span class='ocr_line' id='line_1_17' title="bbox 206 1189 995 1226; baseline 0.005 -10"><span class='ocrx_word' id='word_1_86' title='bbox 206 1196 326 1216; x_wconf 77' lang='lat' dir='ltr'><strong>Summus</strong></span> <span class='ocrx_word' id='word_1_87' title='bbox 341 1189 446 1216; x_wconf 89' lang='lat' dir='ltr'><strong>scilicet</strong></span> <span class='ocrx_word' id='word_1_88' title='bbox 472 1189 568 1223; x_wconf 88' lang='lat' dir='ltr'><strong>Adam,</strong></span> <span class='ocrx_word' id='word_1_89' title='bbox 586 1191 734 1224; x_wconf 80' lang='lat' dir='ltr'><strong>Abraham,</strong></span> <span class='ocrx_word' id='word_1_90' title='bbox 756 1191 841 1225; x_wconf 87' lang='lat' dir='ltr'><strong>Isaac,</strong></span> <span class='ocrx_word' id='word_1_91' title='bbox 855 1197 882 1219; x_wconf 90' lang='lat' dir='ltr'><strong>et</strong></span> <span class='ocrx_word' id='word_1_92' title='bbox 894 1192 995 1226; x_wconf 76' lang='lat' dir='ltr'><strong>Iacob;</strong></span> 
     </span>
    </p>
   </div>
   <div class='ocr_carea' id='block_1_18' title="bbox 207 1235 996 1269">
    <p class='ocr_par' dir='ltr' id='par_1_18' title="bbox 207 1235 996 1269">
     <span class='ocr_line' id='line_1_18' title="bbox 207 1235 996 1269; baseline 0.009 -10"><span class='ocrx_word' id='word_1_93' title='bbox 207 1237 341 1260; x_wconf 87' lang='lat' dir='ltr'><strong>eteorum</strong></span> <span class='ocrx_word' id='word_1_94' title='bbox 356 1241 454 1261; x_wconf 82' lang='lat' dir='ltr'><strong>uxores</strong></span> <span class='ocrx_word' id='word_1_95' title='bbox 473 1239 602 1268; x_wconf 81' lang='lat' dir='ltr'><strong>quatuor,</strong></span> <span class='ocrx_word' id='word_1_96' title='bbox 620 1235 736 1267; x_wconf 87' lang='lat' dir='ltr'><strong>scilicet,</strong></span> <span class='ocrx_word' id='word_1_97' title='bbox 763 1235 829 1269; x_wconf 86' lang='lat' dir='ltr'><strong>Eva,</strong></span> <span class='ocrx_word' id='word_1_98' title='bbox 846 1242 932 1265; x_wconf 88' lang='lat' dir='ltr'><strong>mater</strong></span> <span class='ocrx_word' id='word_1_99' title='bbox 947 1246 996 1266; x_wconf 92' lang='lat' dir='ltr'><strong>no-</strong></span> 
     </span>
    </p>
   </div>
   <div class='ocr_carea' id='block_1_19' title="bbox 206 1279 997 1319">
    <p class='ocr_par' dir='ltr' id='par_1_19' title="bbox 206 1279 997 1319">
     <span class='ocr_line' id='line_1_19' title="bbox 206 1279 997 1319; baseline 0.008 -14"><span class='ocrx_word' id='word_1_100' title='bbox 206 1283 274 1312; x_wconf 82' lang='lat' dir='ltr'><strong>stra,</strong></span> <span class='ocrx_word' id='word_1_101' title='bbox 302 1280 380 1311; x_wconf 90' lang='lat' dir='ltr'><strong>Sara,</strong></span> <span class='ocrx_word' id='word_1_102' title='bbox 395 1279 529 1312; x_wconf 74' lang='lat' dir='ltr'><strong>Rebecca,</strong></span> <span class='ocrx_word' id='word_1_103' title='bbox 545 1280 602 1308; x_wconf 90' lang='lat' dir='ltr'><strong>Lia.</strong></span> <span class='ocrx_word' id='word_1_104' title='bbox 624 1281 670 1308; x_wconf 85' lang='lat' dir='ltr'><strong>Est</strong></span> <span class='ocrx_word' id='word_1_105' title='bbox 690 1287 781 1310; x_wconf 87' lang='lat' dir='ltr'><strong>autem</strong></span> <span class='ocrx_word' id='word_1_106' title='bbox 798 1282 906 1311; x_wconf 85' lang='lat' dir='ltr'><strong>Ilebron</strong></span> <span class='ocrx_word' id='word_1_107' title='bbox 920 1283 997 1319; x_wconf 83' lang='lat' dir='ltr'><strong>juxta</strong></span> 
     </span>
    </p>
   </div>
   <div class='ocr_carea' id='block_1_20' title="bbox 206 1326 997 1365">
    <p class='ocr_par' dir='ltr' id='par_1_20' title="bbox 206 1326 997 1365">
     <span class='ocr_line' id='line_1_20' title="bbox 206 1326 997 1365; baseline 0.008 -12"><span class='ocrx_word' id='word_1_108' title='bbox 206 1326 310 1353; x_wconf 83' lang='lat' dir='ltr'><strong>Vallem</strong></span> <span class='ocrx_word' id='word_1_109' title='bbox 333 1327 514 1361; x_wconf 87' lang='lat' dir='ltr'><strong>lacrymarum</strong></span> <span class='ocrx_word' id='word_1_110' title='bbox 544 1328 606 1356; x_wconf 90' lang='lat' dir='ltr'><strong>sila.</strong></span> <span class='ocrx_word' id='word_1_111' title='bbox 635 1327 721 1356; x_wconf 73' lang='lat' dir='ltr'><strong>Vallis</strong></span> <span class='ocrx_word' id='word_1_112' title='bbox 763 1329 942 1365; x_wconf 85' lang='lat' dir='ltr'><strong>lacrymarum</strong></span> <span class='ocrx_word' id='word_1_113' title='bbox 955 1336 997 1359; x_wconf 90' lang='lat' dir='ltr'><strong>est</strong></span> 
     </span>
    </p>
   </div>
   <div class='ocr_carea' id='block_1_21' title="bbox 206 1371 995 1407">
    <p class='ocr_par' dir='ltr' id='par_1_21' title="bbox 206 1371 995 1407">
     <span class='ocr_line' id='line_1_21' title="bbox 206 1371 995 1407; baseline 0.006 -8"><span class='ocrx_word' id='word_1_114' title='bbox 206 1371 290 1404; x_wconf 87' lang='lat' dir='ltr'><strong>dicta,</strong></span> <span class='ocrx_word' id='word_1_115' title='bbox 318 1379 350 1399; x_wconf 85' lang='lat' dir='ltr'><strong>eo</strong></span> <span class='ocrx_word' id='word_1_116' title='bbox 374 1373 445 1407; x_wconf 91' lang='lat' dir='ltr'><strong>quod</strong></span> <span class='ocrx_word' id='word_1_117' title='bbox 469 1378 577 1400; x_wconf 86' lang='lat' dir='ltr'><strong>centum</strong></span> <span class='ocrx_word' id='word_1_118' title='bbox 609 1374 688 1402; x_wconf 87' lang='lat' dir='ltr'><strong>annis</strong></span> <span class='ocrx_word' id='word_1_119' title='bbox 704 1374 731 1401; x_wconf 91' lang='lat' dir='ltr'><strong>in</strong></span> <span class='ocrx_word' id='word_1_120' title='bbox 759 1382 790 1402; x_wconf 90' lang='lat' dir='ltr'><strong>ea</strong></span> <span class='ocrx_word' id='word_1_121' title='bbox 818 1375 886 1402; x_wconf 82' lang='lat' dir='ltr'><strong>luxit</strong></span> <span class='ocrx_word' id='word_1_122' title='bbox 911 1375 995 1404; x_wconf 91' lang='lat' dir='ltr'><strong>Adam</strong></span> 
     </span>
    </p>
   </div>
   <div class='ocr_carea' id='block_1_22' title="bbox 206 1417 996 1456">
    <p class='ocr_par' dir='ltr' id='par_1_22' title="bbox 206 1417 996 1456">
     <span class='ocr_line' id='line_1_22' title="bbox 206 1417 996 1456; baseline 0.008 -12"><span class='ocrx_word' id='word_1_123' title='bbox 206 1417 292 1444; x_wconf 82' lang='lat' dir='ltr'><strong>ﬁlium</strong></span> <span class='ocrx_word' id='word_1_124' title='bbox 314 1425 392 1445; x_wconf 90' lang='lat' dir='ltr'><strong>suum</strong></span> <span class='ocrx_word' id='word_1_125' title='bbox 408 1419 497 1446; x_wconf 84' lang='lat' dir='ltr'><strong>Abel:</strong></span> <span class='ocrx_word' id='word_1_126' title='bbox 525 1419 551 1446; x_wconf 92' lang='lat' dir='ltr'><strong>in</strong></span> <span class='ocrx_word' id='word_1_127' title='bbox 581 1427 634 1454; x_wconf 92' lang='lat' dir='ltr'><strong>qua</strong></span> <span class='ocrx_word' id='word_1_128' title='bbox 655 1425 682 1447; x_wconf 90' lang='lat' dir='ltr'><strong>et</strong></span> <span class='ocrx_word' id='word_1_129' title='bbox 696 1421 815 1448; x_wconf 89' lang='lat' dir='ltr'><strong>monitus</strong></span> <span class='ocrx_word' id='word_1_130' title='bbox 842 1425 935 1456; x_wconf 83' lang='lat' dir='ltr'><strong>postea</strong></span> <span class='ocrx_word' id='word_1_131' title='bbox 962 1423 996 1450; x_wconf 88' lang='lat' dir='ltr'><strong>ab</strong></span> 
     </span>
    </p>
   </div>
   <div class='ocr_carea' id='block_1_23' title="bbox 206 1464 996 1503">
    <p class='ocr_par' dir='ltr' id='par_1_23' title="bbox 206 1464 996 1503">
     <span class='ocr_line' id='line_1_23' title="bbox 206 1464 996 1503; baseline 0.006 -12"><span class='ocrx_word' id='word_1_132' title='bbox 206 1464 320 1500; x_wconf 83' lang='lat' dir='ltr'><strong>Angelo,</strong></span> <span class='ocrx_word' id='word_1_133' title='bbox 353 1466 478 1501; x_wconf 79' lang='lat' dir='ltr'><strong>cognovit</strong></span> <span class='ocrx_word' id='word_1_134' title='bbox 499 1473 576 1493; x_wconf 82' lang='lat' dir='ltr'><strong>suam</strong></span> <span class='ocrx_word' id='word_1_135' title='bbox 605 1474 739 1499; x_wconf 75' lang='lat' dir='ltr'><strong>uxorem;</strong></span> <span class='ocrx_word' id='word_1_136' title='bbox 765 1475 797 1495; x_wconf 82' lang='lat' dir='ltr'><strong>ex</strong></span> <span class='ocrx_word' id='word_1_137' title='bbox 827 1475 879 1503; x_wconf 85' lang='lat' dir='ltr'><strong>qua</strong></span> <span class='ocrx_word' id='word_1_138' title='bbox 903 1469 996 1503; x_wconf 77' lang='lat' dir='ltr'><strong>genuit</strong></span> 
     </span>
    </p>
   </div>
   <div class='ocr_carea' id='block_1_24' title="bbox 206 1510 995 1547">
    <p class='ocr_par' dir='ltr' id='par_1_24' title="bbox 206 1510 995 1547">
     <span class='ocr_line' id='line_1_24' title="bbox 206 1510 995 1547; baseline 0.006 -10"><span class='ocrx_word' id='word_1_139' title='bbox 206 1510 291 1537; x_wconf 86' lang='lat' dir='ltr'><strong>lilium</strong></span> <span class='ocrx_word' id='word_1_140' title='bbox 318 1518 396 1538; x_wconf 88' lang='lat' dir='ltr'><strong>suum</strong></span> <span class='ocrx_word' id='word_1_141' title='bbox 421 1510 507 1544; x_wconf 87' lang='lat' dir='ltr'><strong>Seth;</strong></span> <span class='ocrx_word' id='word_1_142' title='bbox 537 1512 570 1538; x_wconf 93' lang='lat' dir='ltr'><strong>de</strong></span> <span class='ocrx_word' id='word_1_143' title='bbox 599 1512 677 1547; x_wconf 84' lang='lat' dir='ltr'><strong>cujus</strong></span> <span class='ocrx_word' id='word_1_144' title='bbox 694 1513 763 1540; x_wconf 89' lang='lat' dir='ltr'><strong>tribu</strong></span> <span class='ocrx_word' id='word_1_145' title='bbox 789 1518 848 1540; x_wconf 88' lang='lat' dir='ltr'><strong>erat</strong></span> <span class='ocrx_word' id='word_1_146' title='bbox 873 1514 995 1542; x_wconf 78' lang='lat' dir='ltr'><strong>Christus</strong></span> 
     </span>
    </p>
   </div>
   <div class='ocr_carea' id='block_1_25' title="bbox 205 1555 994 1594">
    <p class='ocr_par' dir='ltr' id='par_1_25' title="bbox 205 1555 994 1594">
     <span class='ocr_line' id='line_1_25' title="bbox 205 1555 994 1594; baseline 0.004 -11"><span class='ocrx_word' id='word_1_147' title='bbox 205 1555 348 1583; x_wconf 87' lang='lat' dir='ltr'><strong>oriundus.</strong></span> <span class='ocrx_word' id='word_1_148' title='bbox 359 1555 419 1583; x_wconf 87' lang='lat' dir='ltr'><strong>Duo</strong></span> <span class='ocrx_word' id='word_1_149' title='bbox 437 1556 562 1583; x_wconf 82' lang='lat' dir='ltr'><strong>milliaria</strong></span> <span class='ocrx_word' id='word_1_150' title='bbox 577 1557 610 1584; x_wconf 92' lang='lat' dir='ltr'><strong>ab</strong></span> <span class='ocrx_word' id='word_1_151' title='bbox 627 1557 747 1590; x_wconf 86' lang='lat' dir='ltr'><strong>chron,</strong></span> <span class='ocrx_word' id='word_1_152' title='bbox 763 1558 899 1594; x_wconf 86' lang='lat' dir='ltr'><strong>sepultura</strong></span> <span class='ocrx_word' id='word_1_153' title='bbox 915 1559 994 1592; x_wconf 86' lang='lat' dir='ltr'><strong>Loth,</strong></span> 
     </span>
    </p>
   </div>
   <div class='ocr_carea' id='block_1_26' title="bbox 206 1602 996 1640">
    <p class='ocr_par' dir='ltr' id='par_1_26' title="bbox 206 1602 996 1640">
     <span class='ocr_line' id='line_1_26' title="bbox 206 1602 996 1640; baseline 0.005 -11"><span class='ocrx_word' id='word_1_154' title='bbox 206 1602 312 1636; x_wconf 83' lang='lat' dir='ltr'><strong>nepotis</strong></span> <span class='ocrx_word' id='word_1_155' title='bbox 331 1602 458 1630; x_wconf 61' lang='lat' dir='ltr'><strong>Abrahz.</strong></span> <span class='ocrx_word' id='word_1_156' title='bbox 482 1603 509 1630; x_wconf 95' lang='lat' dir='ltr'><strong>In</strong></span> <span class='ocrx_word' id='word_1_157' title='bbox 531 1603 638 1631; x_wconf 89' lang='lat' dir='ltr'><strong>llebron</strong></span> <span class='ocrx_word' id='word_1_158' title='bbox 655 1604 769 1632; x_wconf 87' lang='lat' dir='ltr'><strong>habetur</strong></span> <span class='ocrx_word' id='word_1_159' title='bbox 798 1605 908 1640; x_wconf 86' lang='lat' dir='ltr'><strong>quidam</strong></span> <span class='ocrx_word' id='word_1_160' title='bbox 930 1613 996 1640; x_wconf 82' lang='lat' dir='ltr'><strong>ager</strong></span> 
     </span>
    </p>
   </div>
   <div class='ocr_carea' id='block_1_27' title="bbox 205 1648 993 1685">
    <p class='ocr_par' dir='ltr' id='par_1_27' title="bbox 205 1648 993 1685">
     <span class='ocr_line' id='line_1_27' title="bbox 205 1648 993 1685; baseline 0.004 -9"><span class='ocrx_word' id='word_1_161' title='bbox 205 1649 285 1682; x_wconf 82' lang='lat' dir='ltr'><strong>cujus</strong></span> <span class='ocrx_word' id='word_1_162' title='bbox 311 1648 387 1683; x_wconf 89' lang='lat' dir='ltr'><strong>gleba</strong></span> <span class='ocrx_word' id='word_1_163' title='bbox 416 1649 500 1677; x_wconf 83' lang='lat' dir='ltr'><strong>rubea</strong></span> <span class='ocrx_word' id='word_1_164' title='bbox 513 1654 574 1678; x_wconf 86' lang='lat' dir='ltr'><strong>est:</strong></span> <span class='ocrx_word' id='word_1_165' title='bbox 601 1658 661 1685; x_wconf 80' lang='lat' dir='ltr'><strong>quae</strong></span> <span class='ocrx_word' id='word_1_166' title='bbox 678 1651 712 1678; x_wconf 89' lang='lat' dir='ltr'><strong>ab</strong></span> <span class='ocrx_word' id='word_1_167' title='bbox 730 1651 828 1679; x_wconf 89' lang='lat' dir='ltr'><strong>incolis</strong></span> <span class='ocrx_word' id='word_1_168' title='bbox 856 1651 993 1685; x_wconf 82' lang='lat' dir='ltr'><strong>elloditur,</strong></span> 
     </span>
    </p>
   </div>
   <div class='ocr_carea' id='block_1_28' title="bbox 205 1694 995 1736">
    <p class='ocr_par' dir='ltr' id='par_1_28' title="bbox 205 1694 995 1736">
     <span class='ocr_line' id='line_1_28' title="bbox 205 1694 995 1736; baseline 0.008 -15"><span class='ocrx_word' id='word_1_169' title='bbox 205 1699 234 1722; x_wconf 85' lang='lat' dir='ltr'><strong>et</strong></span> <span class='ocrx_word' id='word_1_170' title='bbox 252 1702 300 1729; x_wconf 87' lang='lat' dir='ltr'><strong>per</strong></span> <span class='ocrx_word' id='word_1_171' title='bbox 319 1694 464 1731; x_wconf 67' lang='lat' dir='ltr'><strong>Egyptum</strong></span> <span class='ocrx_word' id='word_1_172' title='bbox 485 1696 587 1724; x_wconf 79' lang='lat' dir='ltr'><strong>venalis</strong></span> <span class='ocrx_word' id='word_1_173' title='bbox 612 1703 777 1732; x_wconf 89' lang='lat' dir='ltr'><strong>asportatttr,</strong></span> <span class='ocrx_word' id='word_1_174' title='bbox 803 1704 840 1732; x_wconf 85' lang='lat' dir='ltr'><strong>et,</strong></span> <span class='ocrx_word' id='word_1_175' title='bbox 856 1700 932 1735; x_wconf 89' lang='lat' dir='ltr'><strong>quasi</strong></span> <span class='ocrx_word' id='word_1_176' title='bbox 946 1708 995 1736; x_wconf 89' lang='lat' dir='ltr'><strong>pro</strong></span> 
     </span>
    </p>
   </div>
   <div class='ocr_carea' id='block_1_29' title="bbox 205 1741 995 1781">
    <p class='ocr_par' dir='ltr' id='par_1_29' title="bbox 205 1741 995 1781">
     <span class='ocr_line' id='line_1_29' title="bbox 205 1741 995 1781; baseline 0.006 -13"><span class='ocrx_word' id='word_1_177' title='bbox 205 1742 306 1776; x_wconf 82' lang='lat' dir='ltr'><strong>specie,</strong></span> <span class='ocrx_word' id='word_1_178' title='bbox 327 1741 466 1770; x_wconf 84' lang='lat' dir='ltr'><strong>carissime</strong></span> <span class='ocrx_word' id='word_1_179' title='bbox 490 1743 599 1770; x_wconf 91' lang='lat' dir='ltr'><strong>emitur.</strong></span> <span class='ocrx_word' id='word_1_180' title='bbox 614 1742 763 1771; x_wconf 68' lang='lat' dir='ltr'><strong>Praedictus</strong></span> <span class='ocrx_word' id='word_1_181' title='bbox 775 1751 849 1779; x_wconf 77' lang='lat' dir='ltr'><strong>ager,</strong></span> <span class='ocrx_word' id='word_1_182' title='bbox 867 1745 894 1772; x_wconf 91' lang='lat' dir='ltr'><strong>in</strong></span> <span class='ocrx_word' id='word_1_183' title='bbox 909 1754 995 1781; x_wconf 88' lang='lat' dir='ltr'><strong>quan-</strong></span> 
     </span>
    </p>
   </div>
   <div class='ocr_carea' id='block_1_30' title="bbox 206 1786 994 1824">
    <p class='ocr_par' dir='ltr' id='par_1_30' title="bbox 206 1786 994 1824">
     <span class='ocr_line' id='line_1_30' title="bbox 206 1786 994 1824; baseline 0.008 -11"><span class='ocrx_word' id='word_1_184' title='bbox 206 1791 262 1814; x_wconf 89' lang='lat' dir='ltr'><strong>tum</strong></span> <span class='ocrx_word' id='word_1_185' title='bbox 280 1786 334 1815; x_wconf 87' lang='lat' dir='ltr'><strong>late</strong></span> <span class='ocrx_word' id='word_1_186' title='bbox 351 1792 378 1815; x_wconf 90' lang='lat' dir='ltr'><strong>et</strong></span> <span class='ocrx_word' id='word_1_187' title='bbox 402 1789 536 1823; x_wconf 79' lang='lat' dir='ltr'><strong>profunde</strong></span> <span class='ocrx_word' id='word_1_188' title='bbox 565 1789 681 1817; x_wconf 79' lang='lat' dir='ltr'><strong>eﬂ‘ossns</strong></span> <span class='ocrx_word' id='word_1_189' title='bbox 698 1789 791 1824; x_wconf 81' lang='lat' dir='ltr'><strong>fuerit,</strong></span> <span class='ocrx_word' id='word_1_190' title='bbox 822 1791 850 1818; x_wconf 88' lang='lat' dir='ltr'><strong>in</strong></span> <span class='ocrx_word' id='word_1_191' title='bbox 888 1795 994 1819; x_wconf 88' lang='lat' dir='ltr'><strong>tantutn</strong></span> 
     </span>
    </p>
   </div>
   <div class='ocr_carea' id='block_1_31' title="bbox 205 1833 994 1873">
    <p class='ocr_par' dir='ltr' id='par_1_31' title="bbox 205 1833 994 1873">
     <span class='ocr_line' id='line_1_31' title="bbox 205 1833 994 1873; baseline 0.006 -13"><span class='ocrx_word' id='word_1_192' title='bbox 205 1833 296 1860; x_wconf 83' lang='lat' dir='ltr'><strong>divina</strong></span> <span class='ocrx_word' id='word_1_193' title='bbox 320 1834 497 1869; x_wconf 83' lang='lat' dir='ltr'><strong>dispositione</strong></span> <span class='ocrx_word' id='word_1_194' title='bbox 526 1835 552 1862; x_wconf 90' lang='lat' dir='ltr'><strong>in</strong></span> <span class='ocrx_word' id='word_1_195' title='bbox 577 1843 646 1863; x_wconf 91' lang='lat' dir='ltr'><strong>anno</strong></span> <span class='ocrx_word' id='word_1_196' title='bbox 660 1836 764 1872; x_wconf 60' lang='lat' dir='ltr'><strong>:futuro</strong></span> <span class='ocrx_word' id='word_1_197' title='bbox 797 1837 994 1873; x_wconf 77' lang='lat' dir='ltr'><strong>redintegratus</strong></span> 
     </span>
    </p>
   </div>
   <div class='ocr_carea' id='block_1_32' title="bbox 207 1880 992 1915">
    <p class='ocr_par' dir='ltr' id='par_1_32' title="bbox 207 1880 992 1915">
     <span class='ocr_line' id='line_1_32' title="bbox 207 1880 992 1915; baseline 0.009 -9"><span class='ocrx_word' id='word_1_198' title='bbox 207 1880 353 1915; x_wconf 87' lang='lat' dir='ltr'><strong>reperitur.</strong></span> <span class='ocrx_word' id='word_1_199' title='bbox 365 1880 446 1908; x_wconf 80' lang='lat' dir='ltr'><strong>Juxta</strong></span> <span class='ocrx_word' id='word_1_200' title='bbox 463 1881 570 1909; x_wconf 84' lang='lat' dir='ltr'><strong>Hebron</strong></span> <span class='ocrx_word' id='word_1_201' title='bbox 597 1890 674 1911; x_wconf 91' lang='lat' dir='ltr'><strong>mons</strong></span> <span class='ocrx_word' id='word_1_202' title='bbox 689 1883 811 1911; x_wconf 85' lang='lat' dir='ltr'><strong>Mambre</strong></span> <span class='ocrx_word' id='word_1_203' title='bbox 823 1885 857 1911; x_wconf 91' lang='lat' dir='ltr'><strong>ad</strong></span> <span class='ocrx_word' id='word_1_204' title='bbox 873 1885 992 1913; x_wconf 86' lang='lat' dir='ltr'><strong>radicem</strong></span> 
     </span>
    </p>
   </div>
   <div class='ocr_carea' id='block_1_33' title="bbox 208 1916 993 1965">
    <p class='ocr_par' dir='ltr' id='par_1_33' title="bbox 208 1916 993 1965">
     <span class='ocr_line' id='line_1_33' title="bbox 208 1916 993 1965; baseline 0.008 -12"><span class='ocrx_word' id='word_1_205' title='bbox 208 1925 286 1961; x_wconf 82' lang='lat' dir='ltr'><strong>cujus</strong></span> <span class='ocrx_word' id='word_1_206' title='bbox 316 1916 567 1960; x_wconf 78' lang='lat' dir='ltr'><strong>Terebinthusilla.</strong></span> <span class='ocrx_word' id='word_1_207' title='bbox 598 1936 657 1964; x_wconf 71' lang='lat' dir='ltr'><strong>quae</strong></span> <span class='ocrx_word' id='word_1_208' title='bbox 683 1929 728 1957; x_wconf 91' lang='lat' dir='ltr'><strong>diu</strong></span> <span class='ocrx_word' id='word_1_209' title='bbox 752 1934 873 1964; x_wconf 85' lang='lat' dir='ltr'><strong>vocatur,</strong></span> <span class='ocrx_word' id='word_1_210' title='bbox 889 1930 915 1958; x_wconf 89' lang='lat' dir='ltr'><strong>id</strong></span> <span class='ocrx_word' id='word_1_211' title='bbox 941 1936 993 1965; x_wconf 88' lang='lat' dir='ltr'><strong>est,</strong></span> 
     </span>
    </p>
   </div>
   <div class='ocr_carea' id='block_1_34' title="bbox 207 1970 994 2011">
    <p class='ocr_par' dir='ltr' id='par_1_34' title="bbox 207 1970 994 2011">
     <span class='ocr_line' id='line_1_34' title="bbox 207 1970 994 2011; baseline 0.009 -13"><span class='ocrx_word' id='word_1_212' title='bbox 207 1970 272 2004; x_wconf 69' lang='lat' dir='ltr'><strong>iter,</strong></span> <span class='ocrx_word' id='word_1_213' title='bbox 297 1976 343 1999; x_wconf 88' lang='lat' dir='ltr'><strong>aut</strong></span> <span class='ocrx_word' id='word_1_214' title='bbox 359 1981 484 2007; x_wconf 87' lang='lat' dir='ltr'><strong>quercus.</strong></span> <span class='ocrx_word' id='word_1_215' title='bbox 503 1974 586 2001; x_wconf 87' lang='lat' dir='ltr'><strong>Secus</strong></span> <span class='ocrx_word' id='word_1_216' title='bbox 601 1982 680 2008; x_wconf 90' lang='lat' dir='ltr'><strong>quam</strong></span> <span class='ocrx_word' id='word_1_217' title='bbox 696 1982 744 2010; x_wconf 87' lang='lat' dir='ltr'><strong>per</strong></span> <span class='ocrx_word' id='word_1_218' title='bbox 758 1976 870 2003; x_wconf 93' lang='lat' dir='ltr'><strong>multum</strong></span> <span class='ocrx_word' id='word_1_219' title='bbox 892 1982 994 2011; x_wconf 86' lang='lat' dir='ltr'><strong>tempo-</strong></span> 
     </span>
    </p>
   </div>
   <div class='ocr_carea' id='block_1_35' title="bbox 206 2015 992 2058">
    <p class='ocr_par' dir='ltr' id='par_1_35' title="bbox 206 2015 992 2058">
     <span class='ocr_line' id='line_1_35' title="bbox 206 2015 992 2058; baseline 0.01 -16"><span class='ocrx_word' id='word_1_220' title='bbox 206 2015 246 2043; x_wconf 79' lang='lat' dir='ltr'><strong>ris</strong></span> <span class='ocrx_word' id='word_1_221' title='bbox 262 2016 378 2051; x_wconf 81' lang='lat' dir='ltr'><strong>spatium</strong></span> <span class='ocrx_word' id='word_1_222' title='bbox 414 2019 512 2046; x_wconf 88' lang='lat' dir='ltr'><strong>mansit</strong></span> <span class='ocrx_word' id='word_1_223' title='bbox 536 2019 674 2047; x_wconf 83' lang='lat' dir='ltr'><strong>Abraham</strong></span> <span class='ocrx_word' id='word_1_224' title='bbox 698 2029 705 2048; x_wconf 89' lang='lat'>:</span> <span class='ocrx_word' id='word_1_225' title='bbox 734 2021 784 2048; x_wconf 88' lang='lat' dir='ltr'><strong>sub</strong></span> <span class='ocrx_word' id='word_1_226' title='bbox 808 2029 859 2056; x_wconf 85' lang='lat' dir='ltr'><strong>qua</strong></span> <span class='ocrx_word' id='word_1_227' title='bbox 885 2023 992 2058; x_wconf 89' lang='lat' dir='ltr'><strong>quidem</strong></span> 
     </span>
    </p>
   </div>
   <div class='ocr_carea' id='block_1_36' title="bbox 206 2063 994 2104">
    <p class='ocr_par' dir='ltr' id='par_1_36' title="bbox 206 2063 994 2104">
     <span class='ocr_line' id='line_1_36' title="bbox 206 2063 994 2104; baseline 0.011 -16"><span class='ocrx_word' id='word_1_228' title='bbox 206 2065 262 2090; x_wconf 76' lang='lat' dir='ltr'><strong>tres</strong></span> <span class='ocrx_word' id='word_1_229' title='bbox 288 2063 398 2097; x_wconf 87' lang='lat' dir='ltr'><strong>angelos</strong></span> <span class='ocrx_word' id='word_1_230' title='bbox 429 2064 505 2098; x_wconf 88' lang='lat' dir='ltr'><strong>vidit,</strong></span> <span class='ocrx_word' id='word_1_231' title='bbox 517 2069 544 2092; x_wconf 84' lang='lat' dir='ltr'><strong>et</strong></span> <span class='ocrx_word' id='word_1_232' title='bbox 565 2073 647 2093; x_wconf 88' lang='lat' dir='ltr'><strong>unum</strong></span> <span class='ocrx_word' id='word_1_233' title='bbox 669 2067 810 2101; x_wconf 83' lang='lat' dir='ltr'><strong>adoravit;</strong></span> <span class='ocrx_word' id='word_1_234' title='bbox 825 2069 994 2104; x_wconf 85' lang='lat' dir='ltr'><strong>hospitioque</strong></span> 
     </span>
    </p>
   </div>
   <div class='ocr_carea' id='block_1_37' title="bbox 1049 830 1838 871">
    <p class='ocr_par' dir='ltr' id='par_1_37' title="bbox 1049 830 1838 871">
     <span class='ocr_line' id='line_1_37' title="bbox 1049 830 1838 871; baseline 0.008 -15"><span class='ocrx_word' id='word_1_235' title='bbox 1049 830 1148 858; x_wconf 88' lang='lat' dir='ltr'><strong>diaboli</strong></span> <span class='ocrx_word' id='word_1_236' title='bbox 1172 832 1283 864; x_wconf 92' lang='lat' dir='ltr'><strong>dicitur,</strong></span> <span class='ocrx_word' id='word_1_237' title='bbox 1304 840 1336 859; x_wconf 92' lang='lat' dir='ltr'><strong>eo</strong></span> <span class='ocrx_word' id='word_1_238' title='bbox 1363 834 1445 867; x_wconf 88' lang='lat' dir='ltr'><strong>quod,</strong></span> <span class='ocrx_word' id='word_1_239' title='bbox 1467 835 1593 862; x_wconf 86' lang='lat' dir='ltr'><strong>instinctu</strong></span> <span class='ocrx_word' id='word_1_240' title='bbox 1621 835 1691 870; x_wconf 84' lang='lat' dir='ltr'><strong>ejus,</strong></span> <span class='ocrx_word' id='word_1_241' title='bbox 1716 841 1838 871; x_wconf 84' lang='lat' dir='ltr'><strong>quatuor</strong></span> 
     </span>
    </p>
   </div>
   <div class='ocr_carea' id='block_1_38' title="bbox 1048 875 1839 913">
    <p class='ocr_par' dir='ltr' id='par_1_38' title="bbox 1048 875 1839 913">
     <span class='ocr_line' id='line_1_38' title="bbox 1048 875 1839 913; baseline 0.01 -12"><span class='ocrx_word' id='word_1_242' title='bbox 1048 875 1099 903; x_wconf 81' lang='lat' dir='ltr'><strong>illae</strong></span> <span class='ocrx_word' id='word_1_243' title='bbox 1126 877 1250 905; x_wconf 83' lang='lat' dir='ltr'><strong>civitates</strong></span> <span class='ocrx_word' id='word_1_244' title='bbox 1268 878 1436 911; x_wconf 78' lang='lat' dir='ltr'><strong>miserrimze,</strong></span> <span class='ocrx_word' id='word_1_245' title='bbox 1455 879 1583 913; x_wconf 83' lang='lat' dir='ltr'><strong>Sodoma,</strong></span> <span class='ocrx_word' id='word_1_246' title='bbox 1601 881 1763 913; x_wconf 83' lang='lat' dir='ltr'><strong>Gontorrha,</strong></span> <span class='ocrx_word' id='word_1_247' title='bbox 1788 881 1839 909; x_wconf 90' lang='lat' dir='ltr'><strong>Sc-</strong></span> 
     </span>
    </p>
   </div>
   <div class='ocr_carea' id='block_1_39' title="bbox 1048 920 1839 961">
    <p class='ocr_par' dir='ltr' id='par_1_39' title="bbox 1048 920 1839 961">
     <span class='ocr_line' id='line_1_39' title="bbox 1048 920 1839 961; baseline 0.009 -14"><span class='ocrx_word' id='word_1_248' title='bbox 1048 920 1123 953; x_wconf 85' lang='lat' dir='ltr'><strong>boin,</strong></span> <span class='ocrx_word' id='word_1_249' title='bbox 1149 922 1265 956; x_wconf 84' lang='lat' dir='ltr'><strong>Adama,</strong></span> <span class='ocrx_word' id='word_1_250' title='bbox 1287 931 1497 958; x_wconf 82' lang='lat' dir='ltr'><strong>perseverantes</strong></span> <span class='ocrx_word' id='word_1_251' title='bbox 1525 926 1551 952; x_wconf 84' lang='lat' dir='ltr'><strong>iit</strong></span> <span class='ocrx_word' id='word_1_252' title='bbox 1581 928 1749 961; x_wconf 85' lang='lat' dir='ltr'><strong>turpitudine</strong></span> <span class='ocrx_word' id='word_1_253' title='bbox 1775 935 1839 959; x_wconf 86' lang='lat' dir='ltr'><strong>sua,</strong></span> 
     </span>
    </p>
   </div>
   <div class='ocr_carea' id='block_1_40' title="bbox 1048 967 1839 1004">
    <p class='ocr_par' dir='ltr' id='par_1_40' title="bbox 1048 967 1839 1004">
     <span class='ocr_line' id='line_1_40' title="bbox 1048 967 1839 1004; baseline 0.009 -10"><span class='ocrx_word' id='word_1_254' title='bbox 1048 967 1109 1003; x_wconf 89' lang='lat' dir='ltr'><strong>igne</strong></span> <span class='ocrx_word' id='word_1_255' title='bbox 1132 968 1280 1001; x_wconf 86' lang='lat' dir='ltr'><strong>sulphureo</strong></span> <span class='ocrx_word' id='word_1_256' title='bbox 1302 976 1493 1004; x_wconf 52' lang='lat' dir='ltr'><strong>concrematas,</strong></span> <span class='ocrx_word' id='word_1_257' title='bbox 1517 972 1543 998; x_wconf 90' lang='lat' dir='ltr'><strong>in</strong></span> <span class='ocrx_word' id='word_1_258' title='bbox 1566 973 1652 1000; x_wconf 85' lang='lat' dir='ltr'><strong>lacum</strong></span> <span class='ocrx_word' id='word_1_259' title='bbox 1669 974 1743 1000; x_wconf 89' lang='lat' dir='ltr'><strong>illttm</strong></span> <span class='ocrx_word' id='word_1_260' title='bbox 1770 975 1839 1000; x_wconf 88' lang='lat' dir='ltr'><strong>sub-</strong></span> 
     </span>
    </p>
   </div>
   <div class='ocr_carea' id='block_1_41' title="bbox 1050 1016 1838 1052">
    <p class='ocr_par' dir='ltr' id='par_1_41' title="bbox 1050 1016 1838 1052">
     <span class='ocr_line' id='line_1_41' title="bbox 1050 1016 1838 1052; baseline 0.008 -11"><span class='ocrx_word' id='word_1_261' title='bbox 1050 1022 1147 1042; x_wconf 67' lang='lat' dir='ltr'><strong>mersae</strong></span> <span class='ocrx_word' id='word_1_262' title='bbox 1171 1022 1245 1043; x_wconf 92' lang='lat' dir='ltr'><strong>sunt.</strong></span> <span class='ocrx_word' id='word_1_263' title='bbox 1271 1016 1362 1051; x_wconf 83' lang='lat' dir='ltr'><strong>Supra</strong></span> <span class='ocrx_word' id='word_1_264' title='bbox 1387 1018 1473 1044; x_wconf 88' lang='lat' dir='ltr'><strong>laeum</strong></span> <span class='ocrx_word' id='word_1_265' title='bbox 1503 1020 1529 1045; x_wconf 91' lang='lat' dir='ltr'><strong>in</strong></span> <span class='ocrx_word' id='word_1_266' title='bbox 1547 1019 1700 1047; x_wconf 85' lang='lat' dir='ltr'><strong>accubitum</strong></span> <span class='ocrx_word' id='word_1_267' title='bbox 1725 1020 1838 1052; x_wconf 69' lang='lat' dir='ltr'><strong>Iuda-1‘,</strong></span> 
     </span>
    </p>
   </div>
   <div class='ocr_carea' id='block_1_42' title="bbox 1049 1060 1837 1099">
    <p class='ocr_par' dir='ltr' id='par_1_42' title="bbox 1049 1060 1837 1099">
     <span class='ocr_line' id='line_1_42' title="bbox 1049 1060 1837 1099; baseline 0.008 -11"><span class='ocrx_word' id='word_1_268' title='bbox 1049 1060 1145 1096; x_wconf 83' lang='lat' dir='ltr'><strong>Segor,</strong></span> <span class='ocrx_word' id='word_1_269' title='bbox 1173 1070 1233 1097; x_wconf 72' lang='lat' dir='ltr'><strong>qua:</strong></span> <span class='ocrx_word' id='word_1_270' title='bbox 1250 1067 1277 1090; x_wconf 89' lang='lat' dir='ltr'><strong>et</strong></span> <span class='ocrx_word' id='word_1_271' title='bbox 1303 1062 1378 1096; x_wconf 84' lang='lat' dir='ltr'><strong>Bala,</strong></span> <span class='ocrx_word' id='word_1_272' title='bbox 1410 1064 1505 1098; x_wconf 86' lang='lat' dir='ltr'><strong>quinta</strong></span> <span class='ocrx_word' id='word_1_273' title='bbox 1529 1065 1563 1092; x_wconf 92' lang='lat' dir='ltr'><strong>de</strong></span> <span class='ocrx_word' id='word_1_274' title='bbox 1590 1065 1744 1093; x_wconf 80' lang='lat' dir='ltr'><strong>civitatibus</strong></span> <span class='ocrx_word' id='word_1_275' title='bbox 1773 1067 1837 1099; x_wconf 86' lang='lat' dir='ltr'><strong>illis,</strong></span> 
     </span>
    </p>
   </div>
   <div class='ocr_carea' id='block_1_43' title="bbox 1047 1108 1838 1146">
    <p class='ocr_par' dir='ltr' id='par_1_43' title="bbox 1047 1108 1838 1146">
     <span class='ocr_line' id='line_1_43' title="bbox 1047 1108 1838 1146; baseline 0.008 -12"><span class='ocrx_word' id='word_1_276' title='bbox 1047 1108 1173 1141; x_wconf 86' lang='lat' dir='ltr'><strong>precibus</strong></span> <span class='ocrx_word' id='word_1_277' title='bbox 1189 1108 1240 1136; x_wconf 89' lang='lat' dir='ltr'><strong>Lot</strong></span> <span class='ocrx_word' id='word_1_278' title='bbox 1256 1110 1289 1136; x_wconf 92' lang='lat' dir='ltr'><strong>de</strong></span> <span class='ocrx_word' id='word_1_279' title='bbox 1304 1110 1481 1138; x_wconf 87' lang='lat' dir='ltr'><strong>subversioue</strong></span> <span class='ocrx_word' id='word_1_280' title='bbox 1501 1115 1528 1138; x_wconf 91' lang='lat' dir='ltr'><strong>et</strong></span> <span class='ocrx_word' id='word_1_281' title='bbox 1544 1111 1668 1139; x_wconf 88' lang='lat' dir='ltr'><strong>incendio</strong></span> <span class='ocrx_word' id='word_1_282' title='bbox 1681 1120 1838 1146; x_wconf 78' lang='lat' dir='ltr'><strong>reservata;</strong></span> 
     </span>
    </p>
   </div>
   <div class='ocr_carea' id='block_1_44' title="bbox 1048 1157 1838 1193">
    <p class='ocr_par' dir='ltr' id='par_1_44' title="bbox 1048 1157 1838 1193">
     <span class='ocr_line' id='line_1_44' title="bbox 1048 1157 1838 1193; baseline 0.008 -12"><span class='ocrx_word' id='word_1_283' title='bbox 1048 1160 1108 1188; x_wconf 65' lang='lat' dir='ltr'><strong>quae</strong></span> <span class='ocrx_word' id='word_1_284' title='bbox 1127 1162 1212 1189; x_wconf 90' lang='lat' dir='ltr'><strong>usque</strong></span> <span class='ocrx_word' id='word_1_285' title='bbox 1239 1162 1312 1183; x_wconf 87' lang='lat' dir='ltr'><strong>nunc</strong></span> <span class='ocrx_word' id='word_1_286' title='bbox 1326 1157 1490 1184; x_wconf 80' lang='lat' dir='ltr'><strong>ostenditur.</strong></span> <span class='ocrx_word' id='word_1_287' title='bbox 1508 1157 1536 1184; x_wconf 91' lang='lat' dir='ltr'><strong>In</strong></span> <span class='ocrx_word' id='word_1_288' title='bbox 1553 1158 1627 1186; x_wconf 78' lang='lat' dir='ltr'><strong>exitu</strong></span> <span class='ocrx_word' id='word_1_289' title='bbox 1648 1159 1745 1193; x_wconf 76' lang='lat' dir='ltr'><strong>Segor,</strong></span> <span class='ocrx_word' id='word_1_290' title='bbox 1768 1168 1838 1187; x_wconf 76' lang='lat' dir='ltr'><strong>uxor</strong></span> 
     </span>
    </p>
   </div>
   <div class='ocr_carea' id='block_1_45' title="bbox 1048 1200 1839 1240">
    <p class='ocr_par' dir='ltr' id='par_1_45' title="bbox 1048 1200 1839 1240">
     <span class='ocr_line' id='line_1_45' title="bbox 1048 1200 1839 1240; baseline 0.009 -13"><span class='ocrx_word' id='word_1_291' title='bbox 1048 1200 1109 1233; x_wconf 90' lang='lat' dir='ltr'><strong>Lot,</strong></span> <span class='ocrx_word' id='word_1_292' title='bbox 1140 1201 1206 1230; x_wconf 87' lang='lat' dir='ltr'><strong>salis</strong></span> <span class='ocrx_word' id='word_1_293' title='bbox 1231 1202 1259 1229; x_wconf 87' lang='lat' dir='ltr'><strong>in</strong></span> <span class='ocrx_word' id='word_1_294' title='bbox 1288 1203 1405 1238; x_wconf 79' lang='lat' dir='ltr'><strong>efﬁgiem</strong></span> <span class='ocrx_word' id='word_1_295' title='bbox 1433 1208 1535 1231; x_wconf 91' lang='lat' dir='ltr'><strong>mutata</strong></span> <span class='ocrx_word' id='word_1_296' title='bbox 1549 1204 1623 1233; x_wconf 79' lang='lat' dir='ltr'><strong>fuit:</strong></span> <span class='ocrx_word' id='word_1_297' title='bbox 1646 1206 1724 1240; x_wconf 87' lang='lat' dir='ltr'><strong>cujus</strong></span> <span class='ocrx_word' id='word_1_298' title='bbox 1749 1206 1839 1234; x_wconf 80' lang='lat' dir='ltr'><strong>adhuc</strong></span> 
     </span>
    </p>
   </div>
   <div class='ocr_carea' id='block_1_46' title="bbox 1049 1248 1839 1285">
    <p class='ocr_par' dir='ltr' id='par_1_46' title="bbox 1049 1248 1839 1285">
     <span class='ocr_line' id='line_1_46' title="bbox 1049 1248 1839 1285; baseline 0.009 -13"><span class='ocrx_word' id='word_1_299' title='bbox 1049 1252 1183 1281; x_wconf 84' lang='lat' dir='ltr'><strong>apparent</strong></span> <span class='ocrx_word' id='word_1_300' title='bbox 1197 1248 1309 1283; x_wconf 83' lang='lat' dir='ltr'><strong>vestigia</strong></span> <span class='ocrx_word' id='word_1_301' title='bbox 1326 1255 1409 1284; x_wconf 83' lang='lat' dir='ltr'><strong>supra</strong></span> <span class='ocrx_word' id='word_1_302' title='bbox 1425 1249 1512 1284; x_wconf 88' lang='lat' dir='ltr'><strong>ripam</strong></span> <span class='ocrx_word' id='word_1_303' title='bbox 1527 1250 1648 1285; x_wconf 73' lang='lat' dir='ltr'><strong>praedicti</strong></span> <span class='ocrx_word' id='word_1_304' title='bbox 1662 1251 1755 1279; x_wconf 89' lang='lat' dir='ltr'><strong>maris.</strong></span> <span class='ocrx_word' id='word_1_305' title='bbox 1770 1252 1839 1279; x_wconf 81' lang='lat' dir='ltr'><strong>Mul-</strong></span> 
     </span>
    </p>
   </div>
   <div class='ocr_carea' id='block_1_47' title="bbox 1049 1292 1839 1332">
    <p class='ocr_par' dir='ltr' id='par_1_47' title="bbox 1049 1292 1839 1332">
     <span class='ocr_line' id='line_1_47' title="bbox 1049 1292 1839 1332; baseline 0.009 -14"><span class='ocrx_word' id='word_1_306' title='bbox 1049 1296 1105 1319; x_wconf 86' lang='lat' dir='ltr'><strong>tum</strong></span> <span class='ocrx_word' id='word_1_307' title='bbox 1121 1297 1162 1320; x_wconf 90' lang='lat' dir='ltr'><strong>est</strong></span> <span class='ocrx_word' id='word_1_308' title='bbox 1182 1292 1320 1327; x_wconf 84' lang='lat' dir='ltr'><strong>aluminis,</strong></span> <span class='ocrx_word' id='word_1_309' title='bbox 1349 1295 1521 1331; x_wconf 77' lang='lat' dir='ltr'><strong>multumque</strong></span> <span class='ocrx_word' id='word_1_310' title='bbox 1545 1298 1698 1329; x_wconf 86' lang='lat' dir='ltr'><strong>cataranni,</strong></span> <span class='ocrx_word' id='word_1_311' title='bbox 1714 1298 1785 1332; x_wconf 90' lang='lat' dir='ltr'><strong>quod</strong></span> <span class='ocrx_word' id='word_1_312' title='bbox 1803 1298 1839 1325; x_wconf 83' lang='lat' dir='ltr'><strong>ab</strong></span> 
     </span>
    </p>
   </div>
   <div class='ocr_carea' id='block_1_48' title="bbox 1050 1338 1839 1376">
    <p class='ocr_par' dir='ltr' id='par_1_48' title="bbox 1050 1338 1839 1376">
     <span class='ocr_line' id='line_1_48' title="bbox 1050 1338 1839 1376; baseline 0.008 -11"><span class='ocrx_word' id='word_1_313' title='bbox 1050 1338 1147 1367; x_wconf 88' lang='lat' dir='ltr'><strong>incolis</strong></span> <span class='ocrx_word' id='word_1_314' title='bbox 1173 1340 1311 1374; x_wconf 87' lang='lat' dir='ltr'><strong>reperitur</strong></span> <span class='ocrx_word' id='word_1_315' title='bbox 1325 1345 1354 1368; x_wconf 83' lang='lat' dir='ltr'><strong>et</strong></span> <span class='ocrx_word' id='word_1_316' title='bbox 1377 1341 1489 1376; x_wconf 80' lang='lat' dir='ltr'><strong>legitur;</strong></span> <span class='ocrx_word' id='word_1_317' title='bbox 1514 1347 1541 1370; x_wconf 88' lang='lat' dir='ltr'><strong>et</strong></span> <span class='ocrx_word' id='word_1_318' title='bbox 1560 1350 1592 1370; x_wconf 80' lang='lat' dir='ltr'><strong>ex</strong></span> <span class='ocrx_word' id='word_1_319' title='bbox 1619 1344 1687 1370; x_wconf 86' lang='lat' dir='ltr'><strong>mari</strong></span> <span class='ocrx_word' id='word_1_320' title='bbox 1715 1343 1839 1371; x_wconf 77' lang='lat' dir='ltr'><strong>bitumen</strong></span> 
     </span>
    </p>
   </div>
   <div class='ocr_carea' id='block_1_49' title="bbox 1048 1384 1837 1424">
    <p class='ocr_par' dir='ltr' id='par_1_49' title="bbox 1048 1384 1837 1424">
     <span class='ocr_line' id='line_1_49' title="bbox 1048 1384 1837 1424; baseline 0.009 -14"><span class='ocrx_word' id='word_1_321' title='bbox 1048 1384 1187 1418; x_wconf 89' lang='lat' dir='ltr'><strong>reperitur</strong></span> <span class='ocrx_word' id='word_1_322' title='bbox 1202 1389 1229 1412; x_wconf 90' lang='lat' dir='ltr'><strong>et</strong></span> <span class='ocrx_word' id='word_1_323' title='bbox 1243 1386 1407 1419; x_wconf 77' lang='lat' dir='ltr'><strong>extrahitur,</strong></span> <span class='ocrx_word' id='word_1_324' title='bbox 1425 1389 1497 1421; x_wconf 85' lang='lat' dir='ltr'><strong>quod</strong></span> <span class='ocrx_word' id='word_1_325' title='bbox 1510 1387 1620 1416; x_wconf 77' lang='lat' dir='ltr'><strong>Judaice</strong></span> <span class='ocrx_word' id='word_1_326' title='bbox 1641 1389 1790 1424; x_wconf 83' lang='lat' dir='ltr'><strong>appellatur</strong></span> <span class='ocrx_word' id='word_1_327' title='bbox 1810 1391 1837 1417; x_wconf 92' lang='lat' dir='ltr'><strong>in</strong></span> 
     </span>
    </p>
   </div>
   <div class='ocr_carea' id='block_1_50' title="bbox 1048 1430 1838 1471">
    <p class='ocr_par' dir='ltr' id='par_1_50' title="bbox 1048 1430 1838 1471">
     <span class='ocr_line' id='line_1_50' title="bbox 1048 1430 1838 1471; baseline 0.009 -15"><span class='ocrx_word' id='word_1_328' title='bbox 1048 1430 1140 1457; x_wconf 90' lang='lat' dir='ltr'><strong>multis</strong></span> <span class='ocrx_word' id='word_1_329' title='bbox 1156 1432 1351 1459; x_wconf 86' lang='lat' dir='ltr'><strong>necessarium.</strong></span> <span class='ocrx_word' id='word_1_330' title='bbox 1369 1433 1454 1468; x_wconf 85' lang='lat' dir='ltr'><strong>Segor</strong></span> <span class='ocrx_word' id='word_1_331' title='bbox 1472 1438 1560 1463; x_wconf 90' lang='lat' dir='ltr'><strong>autem</strong></span> <span class='ocrx_word' id='word_1_332' title='bbox 1579 1435 1669 1468; x_wconf 91' lang='lat' dir='ltr'><strong>modo,</strong></span> <span class='ocrx_word' id='word_1_333' title='bbox 1688 1443 1703 1462; x_wconf 90' lang='lat' dir='ltr'><strong>a</strong></span> <span class='ocrx_word' id='word_1_334' title='bbox 1723 1443 1838 1471; x_wconf 87' lang='lat' dir='ltr'><strong>compa-</strong></span> 
     </span>
    </p>
   </div>
   <div class='ocr_carea' id='block_1_51' title="bbox 1050 1476 1837 1513">
    <p class='ocr_par' dir='ltr' id='par_1_51' title="bbox 1050 1476 1837 1513">
     <span class='ocr_line' id='line_1_51' title="bbox 1050 1476 1837 1513; baseline 0.008 -10"><span class='ocrx_word' id='word_1_335' title='bbox 1050 1476 1150 1510; x_wconf 89' lang='lat' dir='ltr'><strong>triolis,</strong></span> <span class='ocrx_word' id='word_1_336' title='bbox 1168 1477 1296 1512; x_wconf 89' lang='lat' dir='ltr'><strong>oppidum</strong></span> <span class='ocrx_word' id='word_1_337' title='bbox 1313 1478 1408 1512; x_wconf 70' lang='lat' dir='ltr'><strong>palma:</strong></span> <span class='ocrx_word' id='word_1_338' title='bbox 1428 1484 1550 1507; x_wconf 76' lang='lat' dir='ltr'><strong>vocatur.</strong></span> <span class='ocrx_word' id='word_1_339' title='bbox 1572 1479 1656 1513; x_wconf 88' lang='lat' dir='ltr'><strong>Supra</strong></span> <span class='ocrx_word' id='word_1_340' title='bbox 1685 1481 1772 1509; x_wconf 89' lang='lat' dir='ltr'><strong>lacum</strong></span> <span class='ocrx_word' id='word_1_341' title='bbox 1786 1482 1837 1509; x_wconf 85' lang='lat' dir='ltr'><strong>As-</strong></span> 
     </span>
    </p>
   </div>
   <div class='ocr_carea' id='block_1_52' title="bbox 1047 1523 1838 1562">
    <p class='ocr_par' dir='ltr' id='par_1_52' title="bbox 1047 1523 1838 1562">
     <span class='ocr_line' id='line_1_52' title="bbox 1047 1523 1838 1562; baseline 0.008 -13"><span class='ocrx_word' id='word_1_342' title='bbox 1047 1523 1178 1557; x_wconf 88' lang='lat' dir='ltr'><strong>phaltilen</strong></span> <span class='ocrx_word' id='word_1_343' title='bbox 1207 1524 1233 1550; x_wconf 93' lang='lat' dir='ltr'><strong>in</strong></span> <span class='ocrx_word' id='word_1_344' title='bbox 1257 1523 1389 1551; x_wconf 83' lang='lat' dir='ltr'><strong>descensu</strong></span> <span class='ocrx_word' id='word_1_345' title='bbox 1414 1525 1531 1559; x_wconf 66' lang='lat' dir='ltr'><strong>Arabiae,</strong></span> <span class='ocrx_word' id='word_1_346' title='bbox 1558 1526 1692 1553; x_wconf 86' lang='lat' dir='ltr'><strong>Carnaum</strong></span> <span class='ocrx_word' id='word_1_347' title='bbox 1723 1528 1749 1554; x_wconf 91' lang='lat' dir='ltr'><strong>in</strong></span> <span class='ocrx_word' id='word_1_348' title='bbox 1776 1535 1838 1562; x_wconf 87' lang='lat' dir='ltr'><strong>spc-</strong></span> 
     </span>
    </p>
   </div>
   <div class='ocr_carea' id='block_1_53' title="bbox 1046 1567 1836 1606">
    <p class='ocr_par' dir='ltr' id='par_1_53' title="bbox 1046 1567 1836 1606">
     <span class='ocr_line' id='line_1_53' title="bbox 1046 1567 1836 1606; baseline 0.005 -12"><span class='ocrx_word' id='word_1_349' title='bbox 1046 1567 1137 1599; x_wconf 87' lang='lat' dir='ltr'><strong>lunca,</strong></span> <span class='ocrx_word' id='word_1_350' title='bbox 1162 1569 1187 1595; x_wconf 88' lang='lat' dir='ltr'><strong>in</strong></span> <span class='ocrx_word' id='word_1_351' title='bbox 1219 1573 1310 1596; x_wconf 92' lang='lat' dir='ltr'><strong>monte</strong></span> <span class='ocrx_word' id='word_1_352' title='bbox 1339 1569 1539 1603; x_wconf 81' lang='lat' dir='ltr'><strong>Moabitarum;</strong></span> <span class='ocrx_word' id='word_1_353' title='bbox 1571 1571 1597 1598; x_wconf 92' lang='lat' dir='ltr'><strong>in</strong></span> <span class='ocrx_word' id='word_1_354' title='bbox 1621 1579 1700 1606; x_wconf 85' lang='lat' dir='ltr'><strong>quem</strong></span> <span class='ocrx_word' id='word_1_355' title='bbox 1725 1571 1836 1606; x_wconf 80' lang='lat' dir='ltr'><strong>Balat-h,</strong></span> 
     </span>
    </p>
   </div>
   <div class='ocr_carea' id='block_1_54' title="bbox 1046 1613 1837 1646">
    <p class='ocr_par' dir='ltr' id='par_1_54' title="bbox 1046 1613 1837 1646">
     <span class='ocr_line' id='line_1_54' title="bbox 1046 1613 1837 1646; baseline 0.006 -6"><span class='ocrx_word' id='word_1_356' title='bbox 1046 1613 1117 1641; x_wconf 85' lang='lat' dir='ltr'><strong>ﬁlius</strong></span> <span class='ocrx_word' id='word_1_357' title='bbox 1129 1614 1208 1646; x_wconf 87' lang='lat' dir='ltr'><strong>Beor,</strong></span> <span class='ocrx_word' id='word_1_358' title='bbox 1227 1614 1349 1641; x_wconf 88' lang='lat' dir='ltr'><strong>divinum</strong></span> <span class='ocrx_word' id='word_1_359' title='bbox 1364 1616 1475 1642; x_wconf 77' lang='lat' dir='ltr'><strong>adduxit</strong></span> <span class='ocrx_word' id='word_1_360' title='bbox 1488 1616 1595 1643; x_wconf 87' lang='lat' dir='ltr'><strong>Balaam</strong></span> <span class='ocrx_word' id='word_1_361' title='bbox 1613 1618 1646 1644; x_wconf 89' lang='lat' dir='ltr'><strong>ad</strong></span> <span class='ocrx_word' id='word_1_362' title='bbox 1671 1618 1837 1645; x_wconf 82' lang='lat' dir='ltr'><strong>maledicen-</strong></span> 
     </span>
    </p>
   </div>
   <div class='ocr_carea' id='block_1_55' title="bbox 1045 1659 1834 1698">
    <p class='ocr_par' dir='ltr' id='par_1_55' title="bbox 1045 1659 1834 1698">
     <span class='ocr_line' id='line_1_55' title="bbox 1045 1659 1834 1698; baseline 0.008 -13"><span class='ocrx_word' id='word_1_363' title='bbox 1045 1659 1110 1686; x_wconf 88' lang='lat' dir='ltr'><strong>dum</strong></span> <span class='ocrx_word' id='word_1_364' title='bbox 1137 1659 1199 1686; x_wconf 85' lang='lat' dir='ltr'><strong>liliis</strong></span> <span class='ocrx_word' id='word_1_365' title='bbox 1219 1659 1302 1687; x_wconf 74' lang='lat' dir='ltr'><strong>Israel</strong></span> <span class='ocrx_word' id='word_1_366' title='bbox 1324 1668 1331 1687; x_wconf 91' lang='lat'><strong><em>:</em></strong></span> <span class='ocrx_word' id='word_1_367' title='bbox 1350 1661 1394 1695; x_wconf 90' lang='lat' dir='ltr'><strong>qui</strong></span> <span class='ocrx_word' id='word_1_368' title='bbox 1418 1667 1529 1696; x_wconf 88' lang='lat' dir='ltr'><strong>propter</strong></span> <span class='ocrx_word' id='word_1_369' title='bbox 1558 1663 1705 1690; x_wconf 83' lang='lat' dir='ltr'><strong>vehemens</strong></span> <span class='ocrx_word' id='word_1_370' title='bbox 1731 1671 1834 1698; x_wconf 60' lang='lat' dir='ltr'><strong>prarru-</strong></span> 
     </span>
    </p>
   </div>
   <div class='ocr_carea' id='block_1_56' title="bbox 1045 1707 1832 1745">
    <p class='ocr_par' dir='ltr' id='par_1_56' title="bbox 1045 1707 1832 1745">
     <span class='ocr_line' id='line_1_56' title="bbox 1045 1707 1832 1745; baseline 0.005 -13"><span class='ocrx_word' id='word_1_371' title='bbox 1045 1709 1121 1740; x_wconf 89' lang='lat' dir='ltr'><strong>ptum</strong></span> <span class='ocrx_word' id='word_1_372' title='bbox 1145 1707 1255 1734; x_wconf 79' lang='lat' dir='ltr'><strong>excisus</strong></span> <span class='ocrx_word' id='word_1_373' title='bbox 1271 1712 1395 1734; x_wconf 87' lang='lat' dir='ltr'><strong>vocatur.</strong></span> <span class='ocrx_word' id='word_1_374' title='bbox 1418 1707 1506 1735; x_wconf 84' lang='lat' dir='ltr'><strong>Lacus</strong></span> <span class='ocrx_word' id='word_1_375' title='bbox 1524 1709 1690 1744; x_wconf 88' lang='lat' dir='ltr'><strong>Asphaltites</strong></span> <span class='ocrx_word' id='word_1_376' title='bbox 1712 1710 1832 1745; x_wconf 55' lang='lat' dir='ltr'><strong>Iudaeam</strong></span> 
     </span>
    </p>
   </div>
   <div class='ocr_carea' id='block_1_57' title="bbox 1046 1751 1834 1790">
    <p class='ocr_par' dir='ltr' id='par_1_57' title="bbox 1046 1751 1834 1790">
     <span class='ocr_line' id='line_1_57' title="bbox 1046 1751 1834 1790; baseline 0.005 -12"><span class='ocrx_word' id='word_1_377' title='bbox 1046 1751 1142 1778; x_wconf 88' lang='lat' dir='ltr'><strong>dividit</strong></span> <span class='ocrx_word' id='word_1_378' title='bbox 1153 1757 1179 1779; x_wconf 92' lang='lat' dir='ltr'><strong>et</strong></span> <span class='ocrx_word' id='word_1_379' title='bbox 1193 1753 1334 1780; x_wconf 84' lang='lat' dir='ltr'><strong>Arabiam.</strong></span> <span class='ocrx_word' id='word_1_380' title='bbox 1351 1753 1462 1787; x_wconf 80' lang='lat' dir='ltr'><strong>Arabia,</strong></span> <span class='ocrx_word' id='word_1_381' title='bbox 1478 1759 1598 1790; x_wconf 88' lang='lat' dir='ltr'><strong>tempore</strong></span> <span class='ocrx_word' id='word_1_382' title='bbox 1611 1755 1726 1782; x_wconf 80' lang='lat' dir='ltr'><strong>ﬁliorum</strong></span> <span class='ocrx_word' id='word_1_383' title='bbox 1739 1755 1834 1788; x_wconf 78' lang='lat' dir='ltr'><strong>Israel,</strong></span> 
     </span>
    </p>
   </div>
   <div class='ocr_carea' id='block_1_58' title="bbox 1045 1797 1831 1835">
    <p class='ocr_par' dir='ltr' id='par_1_58' title="bbox 1045 1797 1831 1835">
     <span class='ocr_line' id='line_1_58' title="bbox 1045 1797 1831 1835; baseline 0.004 -11"><span class='ocrx_word' id='word_1_384' title='bbox 1045 1797 1160 1825; x_wconf 89' lang='lat' dir='ltr'><strong>solitudo</strong></span> <span class='ocrx_word' id='word_1_385' title='bbox 1173 1803 1243 1832; x_wconf 85' lang='lat' dir='ltr'><strong>crat,</strong></span> <span class='ocrx_word' id='word_1_386' title='bbox 1259 1803 1285 1826; x_wconf 90' lang='lat' dir='ltr'><strong>ct</strong></span> <span class='ocrx_word' id='word_1_387' title='bbox 1299 1799 1450 1832; x_wconf 84' lang='lat' dir='ltr'><strong>desertum,</strong></span> <span class='ocrx_word' id='word_1_388' title='bbox 1467 1804 1539 1827; x_wconf 84' lang='lat' dir='ltr'><strong>terra</strong></span> <span class='ocrx_word' id='word_1_389' title='bbox 1555 1800 1629 1828; x_wconf 88' lang='lat' dir='ltr'><strong>invia</strong></span> <span class='ocrx_word' id='word_1_390' title='bbox 1645 1807 1672 1828; x_wconf 89' lang='lat' dir='ltr'><strong>et</strong></span> <span class='ocrx_word' id='word_1_391' title='bbox 1688 1801 1831 1835; x_wconf 84' lang='lat' dir='ltr'><strong>inaquosa.</strong></span> 
     </span>
    </p>
   </div>
   <div class='ocr_carea' id='block_1_59' title="bbox 1045 1842 1833 1882">
    <p class='ocr_par' dir='ltr' id='par_1_59' title="bbox 1045 1842 1833 1882">
     <span class='ocr_line' id='line_1_59' title="bbox 1045 1842 1833 1882; baseline 0.005 -12"><span class='ocrx_word' id='word_1_392' title='bbox 1045 1842 1074 1870; x_wconf 93' lang='lat' dir='ltr'><strong>In</strong></span> <span class='ocrx_word' id='word_1_393' title='bbox 1095 1851 1125 1871; x_wconf 88' lang='lat' dir='ltr'><strong>ea</strong></span> <span class='ocrx_word' id='word_1_394' title='bbox 1139 1844 1248 1879; x_wconf 88' lang='lat' dir='ltr'><strong>quidem</strong></span> <span class='ocrx_word' id='word_1_395' title='bbox 1277 1845 1394 1872; x_wconf 85' lang='lat' dir='ltr'><strong>detinuit</strong></span> <span class='ocrx_word' id='word_1_396' title='bbox 1425 1853 1471 1873; x_wconf 89' lang='lat' dir='ltr'><strong>eos</strong></span> <span class='ocrx_word' id='word_1_397' title='bbox 1497 1845 1629 1874; x_wconf 90' lang='lat' dir='ltr'><strong>Dominus</strong></span> <span class='ocrx_word' id='word_1_398' title='bbox 1654 1847 1833 1882; x_wconf 80' lang='lat' dir='ltr'><strong>quadraginta</strong></span> 
     </span>
    </p>
   </div>
   <div class='ocr_carea' id='block_1_60' title="bbox 1045 1889 1833 1928">
    <p class='ocr_par' dir='ltr' id='par_1_60' title="bbox 1045 1889 1833 1928">
     <span class='ocr_line' id='line_1_60' title="bbox 1045 1889 1833 1928; baseline 0.005 -12"><span class='ocrx_word' id='word_1_399' title='bbox 1045 1889 1133 1922; x_wconf 87' lang='lat' dir='ltr'><strong>annis,</strong></span> <span class='ocrx_word' id='word_1_400' title='bbox 1153 1897 1252 1917; x_wconf 90' lang='lat' dir='ltr'><strong>manna</strong></span> <span class='ocrx_word' id='word_1_401' title='bbox 1271 1890 1367 1925; x_wconf 85' lang='lat' dir='ltr'><strong>pluens</strong></span> <span class='ocrx_word' id='word_1_402' title='bbox 1395 1892 1427 1918; x_wconf 92' lang='lat' dir='ltr'><strong>ad</strong></span> <span class='ocrx_word' id='word_1_403' title='bbox 1455 1892 1685 1925; x_wconf 86' lang='lat' dir='ltr'><strong>manducandum,</strong></span> <span class='ocrx_word' id='word_1_404' title='bbox 1707 1900 1777 1928; x_wconf 88' lang='lat' dir='ltr'><strong>aqua</strong></span> <span class='ocrx_word' id='word_1_405' title='bbox 1798 1894 1833 1921; x_wconf 88' lang='lat' dir='ltr'><strong>de</strong></span> 
     </span>
    </p>
   </div>
   <div class='ocr_carea' id='block_1_61' title="bbox 1045 1936 1832 1972">
    <p class='ocr_par' dir='ltr' id='par_1_61' title="bbox 1045 1936 1832 1972">
     <span class='ocr_line' id='line_1_61' title="bbox 1045 1936 1832 1972; baseline 0.003 -9"><span class='ocrx_word' id='word_1_406' title='bbox 1045 1943 1111 1970; x_wconf 90' lang='lat' dir='ltr'><strong>rupe</strong></span> <span class='ocrx_word' id='word_1_407' title='bbox 1119 1936 1210 1964; x_wconf 90' lang='lat' dir='ltr'><strong>ducta.</strong></span> <span class='ocrx_word' id='word_1_408' title='bbox 1220 1936 1248 1963; x_wconf 92' lang='lat' dir='ltr'><strong>In</strong></span> <span class='ocrx_word' id='word_1_409' title='bbox 1254 1936 1364 1969; x_wconf 87' lang='lat' dir='ltr'><strong>Arabia,</strong></span> <span class='ocrx_word' id='word_1_410' title='bbox 1375 1936 1473 1970; x_wconf 81' lang='lat' dir='ltr'><strong>llelim,</strong></span> <span class='ocrx_word' id='word_1_411' title='bbox 1481 1938 1726 1972; x_wconf 70' lang='lat' dir='ltr'><strong>castrumjﬁliorum</strong></span> <span class='ocrx_word' id='word_1_412' title='bbox 1737 1937 1832 1970; x_wconf 83' lang='lat' dir='ltr'><strong>lsrael.</strong></span> 
     </span>
    </p>
   </div>
   <div class='ocr_carea' id='block_1_62' title="bbox 1044 1981 1833 2018">
    <p class='ocr_par' dir='ltr' id='par_1_62' title="bbox 1044 1981 1833 2018">
     <span class='ocr_line' id='line_1_62' title="bbox 1044 1981 1833 2018; baseline 0.001 -10"><span class='ocrx_word' id='word_1_413' title='bbox 1044 1981 1120 2008; x_wconf 88' lang='lat' dir='ltr'><strong>locus</strong></span> <span class='ocrx_word' id='word_1_414' title='bbox 1133 1981 1159 2007; x_wconf 92' lang='lat' dir='ltr'><strong>in</strong></span> <span class='ocrx_word' id='word_1_415' title='bbox 1171 1981 1289 2011; x_wconf 87' lang='lat' dir='ltr'><strong>deserto,</strong></span> <span class='ocrx_word' id='word_1_416' title='bbox 1305 1981 1330 2007; x_wconf 92' lang='lat' dir='ltr'><strong>in</strong></span> <span class='ocrx_word' id='word_1_417' title='bbox 1346 1988 1400 2015; x_wconf 93' lang='lat' dir='ltr'><strong>quo</strong></span> <span class='ocrx_word' id='word_1_418' title='bbox 1412 1982 1554 2009; x_wconf 88' lang='lat' dir='ltr'><strong>duodecim</strong></span> <span class='ocrx_word' id='word_1_419' title='bbox 1572 1981 1669 2014; x_wconf 82' lang='lat' dir='ltr'><strong>fontes.</strong></span> <span class='ocrx_word' id='word_1_420' title='bbox 1683 1987 1710 2010; x_wconf 89' lang='lat' dir='ltr'><strong>et</strong></span> <span class='ocrx_word' id='word_1_421' title='bbox 1720 1988 1833 2018; x_wconf 83' lang='lat' dir='ltr'><strong>septua-</strong></span> 
     </span>
    </p>
   </div>
   <div class='ocr_carea' id='block_1_63' title="bbox 1044 2026 1831 2063">
    <p class='ocr_par' dir='ltr' id='par_1_63' title="bbox 1044 2026 1831 2063">
     <span class='ocr_line' id='line_1_63' title="bbox 1044 2026 1831 2063; baseline 0.006 -11"><span class='ocrx_word' id='word_1_422' title='bbox 1044 2027 1117 2061; x_wconf 81' lang='lat' dir='ltr'><strong>ginta</strong></span> <span class='ocrx_word' id='word_1_423' title='bbox 1133 2026 1246 2061; x_wconf 86' lang='lat' dir='ltr'><strong>palmas,</strong></span> <span class='ocrx_word' id='word_1_424' title='bbox 1267 2027 1301 2054; x_wconf 87' lang='lat' dir='ltr'><strong>de</strong></span> <span class='ocrx_word' id='word_1_425' title='bbox 1315 2027 1382 2054; x_wconf 92' lang='lat' dir='ltr'><strong>mari</strong></span> <span class='ocrx_word' id='word_1_426' title='bbox 1400 2026 1492 2054; x_wconf 77' lang='lat' dir='ltr'><strong>Rubro</strong></span> <span class='ocrx_word' id='word_1_427' title='bbox 1510 2034 1641 2056; x_wconf 80' lang='lat' dir='ltr'><strong>exeuntes</strong></span> <span class='ocrx_word' id='word_1_428' title='bbox 1657 2034 1831 2063; x_wconf 84' lang='lat' dir='ltr'><strong>repererunt.</strong></span> 
     </span>
    </p>
   </div>
   <div class='ocr_carea' id='block_1_64' title="bbox 1044 2072 1832 2109">
    <p class='ocr_par' dir='ltr' id='par_1_64' title="bbox 1044 2072 1832 2109">
     <span class='ocr_line' id='line_1_64' title="bbox 1044 2072 1832 2109; baseline 0.003 -9"><span class='ocrx_word' id='word_1_429' title='bbox 1044 2074 1074 2100; x_wconf 87' lang='lat' dir='ltr'><strong>In</strong></span> <span class='ocrx_word' id='word_1_430' title='bbox 1087 2073 1199 2105; x_wconf 83' lang='lat' dir='ltr'><strong>Arabia,</strong></span> <span class='ocrx_word' id='word_1_431' title='bbox 1222 2073 1304 2100; x_wconf 87' lang='lat' dir='ltr'><strong>Vallis</strong></span> <span class='ocrx_word' id='word_1_432' title='bbox 1320 2072 1424 2109; x_wconf 83' lang='lat' dir='ltr'><strong>Moysi;</strong></span> <span class='ocrx_word' id='word_1_433' title='bbox 1440 2073 1467 2100; x_wconf 91' lang='lat' dir='ltr'><strong>in</strong></span> <span class='ocrx_word' id='word_1_434' title='bbox 1483 2081 1536 2108; x_wconf 86' lang='lat' dir='ltr'><strong>qua</strong></span> <span class='ocrx_word' id='word_1_435' title='bbox 1555 2075 1710 2108; x_wconf 87' lang='lat' dir='ltr'><strong>percutiens</strong></span> <span class='ocrx_word' id='word_1_436' title='bbox 1724 2075 1765 2102; x_wconf 88' lang='lat' dir='ltr'><strong>bis</strong></span> <span class='ocrx_word' id='word_1_437' title='bbox 1791 2076 1832 2102; x_wconf 90' lang='lat' dir='ltr'><strong>si-</strong></span> 
     </span>
    </p>
   </div>
   <div class='ocr_carea' id='block_1_65' title="bbox 206 2110 1833 2154">
    <p class='ocr_par' dir='ltr' id='par_1_65' title="bbox 206 2110 1833 2154">
     <span class='ocr_line' id='line_1_65' title="bbox 206 2110 1833 2154; baseline 0.007 -19"><span class='ocrx_word' id='word_1_438' title='bbox 206 2113 359 2143; x_wconf 84' lang='lat' dir='ltr'><strong>susceptos,</strong></span> <span class='ocrx_word' id='word_1_439' title='bbox 393 2110 499 2146; x_wconf 84' lang='lat' dir='ltr'><strong>dignus,</strong></span> <span class='ocrx_word' id='word_1_440' title='bbox 527 2117 606 2147; x_wconf 90' lang='lat' dir='ltr'><strong>prout</strong></span> <span class='ocrx_word' id='word_1_441' title='bbox 632 2113 730 2147; x_wconf 87' lang='lat' dir='ltr'><strong>potuit,</strong></span> <span class='ocrx_word' id='word_1_442' title='bbox 758 2113 826 2141; x_wconf 80' lang='lat' dir='ltr'><strong>fovit</strong></span> <span class='ocrx_word' id='word_1_443' title='bbox 854 2119 880 2141; x_wconf 89' lang='lat' dir='ltr'><strong>et</strong></span> <span class='ocrx_word' id='word_1_444' title='bbox 895 2116 969 2149; x_wconf 86' lang='lat' dir='ltr'><strong>pavit</strong></span> <span class='ocrx_word' id='word_1_445' title='bbox 985 2123 1028 2154; x_wconf 73' lang='grc' dir='ltr'><strong>ιο</strong></span> <span class='ocrx_word' id='word_1_446' title='bbox 1044 2118 1125 2145; x_wconf 80' lang='lat' dir='ltr'><strong>licem</strong></span> <span class='ocrx_word' id='word_1_447' title='bbox 1142 2118 1229 2152; x_wconf 88' lang='lat' dir='ltr'><strong>virga,</strong></span> <span class='ocrx_word' id='word_1_448' title='bbox 1243 2118 1310 2145; x_wconf 90' lang='lat' dir='ltr'><strong>duos</strong></span> <span class='ocrx_word' id='word_1_449' title='bbox 1324 2125 1400 2153; x_wconf 82' lang='lat' dir='ltr'><strong>aquae</strong></span> <span class='ocrx_word' id='word_1_450' title='bbox 1424 2118 1520 2153; x_wconf 91' lang='lat' dir='ltr'><strong>populo</strong></span> <span class='ocrx_word' id='word_1_451' title='bbox 1539 2118 1587 2146; x_wconf 84' lang='lat' dir='ltr'><strong>Dei</strong></span> <span class='ocrx_word' id='word_1_452' title='bbox 1619 2119 1777 2147; x_wconf 86' lang='lat' dir='ltr'><strong>reddentem</strong></span> <span class='ocrx_word' id='word_1_453' title='bbox 1796 2121 1833 2148; x_wconf 90' lang='lat' dir='ltr'><strong>ri-</strong></span> 
     </span>
    </p>
   </div>
   <div class='ocr_carea' id='block_1_66' title="bbox 206 2155 993 2196">
    <p class='ocr_par' dir='ltr' id='par_1_66' title="bbox 206 2155 993 2196">
     <span class='ocr_line' id='line_1_66' title="bbox 206 2155 993 2196; baseline 0.01 -15"><span class='ocrx_word' id='word_1_454' title='bbox 206 2155 279 2183; x_wconf 87' lang='lat' dir='ltr'><strong>unde</strong></span> <span class='ocrx_word' id='word_1_455' title='bbox 297 2156 400 2190; x_wconf 89' lang='lat' dir='ltr'><strong>primus</strong></span> <span class='ocrx_word' id='word_1_456' title='bbox 427 2158 584 2186; x_wconf 86' lang='lat' dir='ltr'><strong>comedendi</strong></span> <span class='ocrx_word' id='word_1_457' title='bbox 609 2159 652 2187; x_wconf 86' lang='lat' dir='ltr'><strong>via</strong></span> <span class='ocrx_word' id='word_1_458' title='bbox 668 2160 757 2188; x_wconf 85' lang='lat' dir='ltr'><strong>dictus</strong></span> <span class='ocrx_word' id='word_1_459' title='bbox 779 2165 831 2189; x_wconf 85' lang='lat' dir='ltr'><strong>est.</strong></span> <span class='ocrx_word' id='word_1_460' title='bbox 853 2161 909 2188; x_wconf 82' lang='lat' dir='ltr'><strong>llex</strong></span> <span class='ocrx_word' id='word_1_461' title='bbox 922 2169 993 2196; x_wconf 67' lang='lat' dir='ltr'><strong>pra:-</strong></span> 
     </span>
    </p>
   </div>
   <div class='ocr_carea' id='block_1_67' title="bbox 206 2200 992 2242">
    <p class='ocr_par' dir='ltr' id='par_1_67' title="bbox 206 2200 992 2242">
     <span class='ocr_line' id='line_1_67' title="bbox 206 2200 992 2242; baseline 0.01 -15"><span class='ocrx_word' id='word_1_462' title='bbox 206 2200 278 2228; x_wconf 86' lang='lat' dir='ltr'><strong>dicta</strong></span> <span class='ocrx_word' id='word_1_463' title='bbox 302 2208 335 2228; x_wconf 78' lang='lat' dir='ltr'><strong>ex</strong></span> <span class='ocrx_word' id='word_1_464' title='bbox 350 2206 412 2229; x_wconf 90' lang='lat' dir='ltr'><strong>tunc</strong></span> <span class='ocrx_word' id='word_1_465' title='bbox 429 2211 513 2238; x_wconf 84' lang='lat' dir='ltr'><strong>usque</strong></span> <span class='ocrx_word' id='word_1_466' title='bbox 529 2204 564 2232; x_wconf 90' lang='lat' dir='ltr'><strong>ad</strong></span> <span class='ocrx_word' id='word_1_467' title='bbox 583 2208 690 2240; x_wconf 88' lang='lat' dir='ltr'><strong>tempus</strong></span> <span class='ocrx_word' id='word_1_468' title='bbox 710 2205 855 2234; x_wconf 88' lang='lat' dir='ltr'><strong>Theodosii</strong></span> <span class='ocrx_word' id='word_1_469' title='bbox 872 2206 992 2242; x_wconf 88' lang='lat' dir='ltr'><strong>Impera-</strong></span> 
     </span>
    </p>
   </div>
   <div class='ocr_carea' id='block_1_68' title="bbox 207 2246 993 2287">
    <p class='ocr_par' dir='ltr' id='par_1_68' title="bbox 207 2246 993 2287">
     <span class='ocr_line' id='line_1_68' title="bbox 207 2246 993 2287; baseline 0.009 -14"><span class='ocrx_word' id='word_1_470' title='bbox 207 2246 284 2280; x_wconf 88' lang='lat' dir='ltr'><strong>toris,</strong></span> <span class='ocrx_word' id='word_1_471' title='bbox 298 2251 416 2276; x_wconf 87' lang='lat' dir='ltr'><strong>testante</strong></span> <span class='ocrx_word' id='word_1_472' title='bbox 429 2248 607 2286; x_wconf 83' lang='lat' dir='ltr'><strong>Ilieronymo,</strong></span> <span class='ocrx_word' id='word_1_473' title='bbox 630 2259 708 2279; x_wconf 78' lang='lat' dir='ltr'><strong>suurn</strong></span> <span class='ocrx_word' id='word_1_474' title='bbox 726 2259 786 2280; x_wconf 89' lang='lat' dir='ltr'><strong>esse</strong></span> <span class='ocrx_word' id='word_1_475' title='bbox 801 2252 926 2287; x_wconf 76' lang='lat' dir='ltr'><strong>dilatavit</strong></span> <span class='ocrx_word' id='word_1_476' title='bbox 941 2273 948 2280; x_wconf 89' lang='lat'><strong>.</strong></span> <span class='ocrx_word' id='word_1_477' title='bbox 965 2257 993 2281; x_wconf 91' lang='lat' dir='ltr'><strong>et</strong></span> 
     </span>
    </p>
   </div>
   <div class='ocr_carea' id='block_1_69' title="bbox 206 2293 993 2333">
    <p class='ocr_par' dir='ltr' id='par_1_69' title="bbox 206 2293 993 2333">
     <span class='ocr_line' id='line_1_69' title="bbox 206 2293 993 2333; baseline 0.01 -14"><span class='ocrx_word' id='word_1_478' title='bbox 206 2299 240 2319; x_wconf 81' lang='lat' dir='ltr'><strong>ex</strong></span> <span class='ocrx_word' id='word_1_479' title='bbox 262 2293 306 2320; x_wconf 86' lang='lat' dir='ltr'><strong>illa</strong></span> <span class='ocrx_word' id='word_1_480' title='bbox 329 2294 385 2321; x_wconf 75' lang='lat' dir='ltr'><strong>haec</strong></span> <span class='ocrx_word' id='word_1_481' title='bbox 398 2294 484 2322; x_wconf 83' lang='lat' dir='ltr'><strong>fuisse</strong></span> <span class='ocrx_word' id='word_1_482' title='bbox 508 2297 675 2330; x_wconf 88' lang='lat' dir='ltr'><strong>perhibetur,</strong></span> <span class='ocrx_word' id='word_1_483' title='bbox 690 2305 752 2332; x_wconf 76' lang='lat' dir='ltr'><strong>qua:</strong></span> <span class='ocrx_word' id='word_1_484' title='bbox 772 2298 798 2325; x_wconf 93' lang='lat' dir='ltr'><strong>in</strong></span> <span class='ocrx_word' id='word_1_485' title='bbox 817 2299 942 2333; x_wconf 75' lang='lat' dir='ltr'><strong>praesenti</strong></span> <span class='ocrx_word' id='word_1_486' title='bbox 959 2299 993 2327; x_wconf 86' lang='lat' dir='ltr'><strong>ab</strong></span> 
     </span>
    </p>
   </div>
   <div class='ocr_carea' id='block_1_70' title="bbox 206 2339 991 2379">
    <p class='ocr_par' dir='ltr' id='par_1_70' title="bbox 206 2339 991 2379">
     <span class='ocr_line' id='line_1_70' title="bbox 206 2339 991 2379; baseline 0.009 -12"><span class='ocrx_word' id='word_1_487' title='bbox 206 2339 262 2368; x_wconf 88' lang='lat' dir='ltr'><strong>illic</strong></span> <span class='ocrx_word' id='word_1_488' title='bbox 279 2341 455 2376; x_wconf 84' lang='lat' dir='ltr'><strong>praesentibus</strong></span> <span class='ocrx_word' id='word_1_489' title='bbox 471 2342 587 2376; x_wconf 91' lang='lat' dir='ltr'><strong>videtur,</strong></span> <span class='ocrx_word' id='word_1_490' title='bbox 614 2349 640 2372; x_wconf 87' lang='lat' dir='ltr'><strong>et</strong></span> <span class='ocrx_word' id='word_1_491' title='bbox 655 2352 720 2373; x_wconf 90' lang='lat' dir='ltr'><strong>caro</strong></span> <span class='ocrx_word' id='word_1_492' title='bbox 735 2349 850 2373; x_wconf 91' lang='lat' dir='ltr'><strong>tenetur.</strong></span> <span class='ocrx_word' id='word_1_493' title='bbox 877 2345 943 2379; x_wconf 80' lang='lat' dir='ltr'><strong>Quae</strong></span> <span class='ocrx_word' id='word_1_494' title='bbox 956 2345 991 2374; x_wconf 90' lang='lat' dir='ltr'><strong>li-</strong></span> 
     </span>
    </p>
   </div>
   <div class='ocr_carea' id='block_1_71' title="bbox 205 2387 991 2426">
    <p class='ocr_par' dir='ltr' id='par_1_71' title="bbox 205 2387 991 2426">
     <span class='ocr_line' id='line_1_71' title="bbox 205 2387 991 2426; baseline 0.009 -14"><span class='ocrx_word' id='word_1_495' title='bbox 205 2390 250 2412; x_wconf 87' lang='lat' dir='ltr'><strong>cet</strong></span> <span class='ocrx_word' id='word_1_496' title='bbox 283 2387 377 2419; x_wconf 85' lang='lat' dir='ltr'><strong>arida,</strong></span> <span class='ocrx_word' id='word_1_497' title='bbox 405 2387 573 2417; x_wconf 84' lang='lat' dir='ltr'><strong>medicabilis</strong></span> <span class='ocrx_word' id='word_1_498' title='bbox 602 2394 691 2417; x_wconf 84' lang='lat' dir='ltr'><strong>tamen</strong></span> <span class='ocrx_word' id='word_1_499' title='bbox 722 2398 783 2418; x_wconf 87' lang='lat' dir='ltr'><strong>esse</strong></span> <span class='ocrx_word' id='word_1_500' title='bbox 812 2392 942 2426; x_wconf 85' lang='lat' dir='ltr'><strong>probatur</strong></span> <span class='ocrx_word' id='word_1_501' title='bbox 964 2392 991 2419; x_wconf 89' lang='lat' dir='ltr'><strong>in</strong></span> 
     </span>
    </p>
   </div>
   <div class='ocr_carea' id='block_1_72' title="bbox 205 2430 991 2471">
    <p class='ocr_par' dir='ltr' id='par_1_72' title="bbox 205 2430 991 2471">
     <span class='ocr_line' id='line_1_72' title="bbox 205 2430 991 2471; baseline 0.009 -13"><span class='ocrx_word' id='word_1_502' title='bbox 205 2430 269 2463; x_wconf 84' lang='lat' dir='ltr'><strong>hoc,</strong></span> <span class='ocrx_word' id='word_1_503' title='bbox 295 2433 376 2466; x_wconf 87' lang='lat' dir='ltr'><strong>quod,</strong></span> <span class='ocrx_word' id='word_1_504' title='bbox 396 2433 420 2460; x_wconf 91' lang='lat' dir='ltr'><strong>si</strong></span> <span class='ocrx_word' id='word_1_505' title='bbox 443 2434 475 2461; x_wconf 90' lang='lat' dir='ltr'><strong>dc</strong></span> <span class='ocrx_word' id='word_1_506' title='bbox 503 2442 534 2461; x_wconf 89' lang='lat' dir='ltr'><strong>ea</strong></span> <span class='ocrx_word' id='word_1_507' title='bbox 556 2435 618 2470; x_wconf 85' lang='lat' dir='ltr'><strong>quis</strong></span> <span class='ocrx_word' id='word_1_508' title='bbox 633 2436 759 2471; x_wconf 87' lang='lat' dir='ltr'><strong>equitans</strong></span> <span class='ocrx_word' id='word_1_509' title='bbox 780 2437 883 2471; x_wconf 85' lang='lat' dir='ltr'><strong>aliquid</strong></span> <span class='ocrx_word' id='word_1_510' title='bbox 900 2445 991 2465; x_wconf 86' lang='lat' dir='ltr'><strong>secum</strong></span> 
     </span>
    </p>
   </div>
   <div class='ocr_carea' id='block_1_73' title="bbox 205 2477 991 2518">
    <p class='ocr_par' dir='ltr' id='par_1_73' title="bbox 205 2477 991 2518">
     <span class='ocr_line' id='line_1_73' title="bbox 205 2477 991 2518; baseline 0.011 -15"><span class='ocrx_word' id='word_1_511' title='bbox 205 2477 343 2511; x_wconf 84' lang='lat' dir='ltr'><strong>detulerit,</strong></span> <span class='ocrx_word' id='word_1_512' title='bbox 363 2479 463 2507; x_wconf 89' lang='lat' dir='ltr'><strong>animal</strong></span> <span class='ocrx_word' id='word_1_513' title='bbox 495 2488 573 2508; x_wconf 90' lang='lat' dir='ltr'><strong>suum</strong></span> <span class='ocrx_word' id='word_1_514' title='bbox 588 2489 641 2508; x_wconf 90' lang='lat' dir='ltr'><strong>nou</strong></span> <span class='ocrx_word' id='word_1_515' title='bbox 677 2482 802 2510; x_wconf 84' lang='lat' dir='ltr'><strong>iufcndit.</strong></span> <span class='ocrx_word' id='word_1_516' title='bbox 827 2483 856 2510; x_wconf 91' lang='lat' dir='ltr'><strong>ln</strong></span> <span class='ocrx_word' id='word_1_517' title='bbox 883 2483 991 2518; x_wconf 15' lang='lat' dir='ltr'><strong>llcvbrou</strong></span> 
     </span>
    </p>
   </div>
   <div class='ocr_carea' id='block_1_74' title="bbox 205 2522 989 2563">
    <p class='ocr_par' dir='ltr' id='par_1_74' title="bbox 205 2522 989 2563">
     <span class='ocr_line' id='line_1_74' title="bbox 205 2522 989 2563; baseline 0.011 -15"><span class='ocrx_word' id='word_1_518' title='bbox 205 2522 294 2556; x_wconf 85' lang='lat' dir='ltr'><strong>primo</strong></span> <span class='ocrx_word' id='word_1_519' title='bbox 318 2524 508 2558; x_wconf 88' lang='lat' dir='ltr'><strong>applicuerunt</strong></span> <span class='ocrx_word' id='word_1_520' title='bbox 530 2533 570 2558; x_wconf 90' lang='lat' dir='ltr'><strong>se,</strong></span> <span class='ocrx_word' id='word_1_521' title='bbox 590 2534 671 2554; x_wconf 83' lang='lat' dir='ltr'><strong>causa</strong></span> <span class='ocrx_word' id='word_1_522' title='bbox 704 2532 783 2555; x_wconf 68' lang='lat' dir='ltr'><strong>terra:</strong></span> <span class='ocrx_word' id='word_1_523' title='bbox 806 2529 989 2563; x_wconf 72' lang='lat' dir='ltr'><strong>explorandae,</strong></span> 
     </span>
    </p>
   </div>
   <div class='ocr_carea' id='block_1_75' title="bbox 206 2567 990 2607">
    <p class='ocr_par' dir='ltr' id='par_1_75' title="bbox 206 2567 990 2607">
     <span class='ocr_line' id='line_1_75' title="bbox 206 2567 990 2607; baseline 0.01 -12"><span class='ocrx_word' id='word_1_524' title='bbox 206 2567 306 2603; x_wconf 85' lang='lat' dir='ltr'><strong>Caleph</strong></span> <span class='ocrx_word' id='word_1_525' title='bbox 329 2573 355 2597; x_wconf 89' lang='lat' dir='ltr'><strong>et</strong></span> <span class='ocrx_word' id='word_1_526' title='bbox 369 2570 462 2604; x_wconf 73' lang='lat' dir='ltr'><strong>Iosue,</strong></span> <span class='ocrx_word' id='word_1_527' title='bbox 480 2579 632 2607; x_wconf 90' lang='lat' dir='ltr'><strong>eorumque</strong></span> <span class='ocrx_word' id='word_1_528' title='bbox 657 2573 724 2601; x_wconf 88' lang='lat' dir='ltr'><strong>socii</strong></span> <span class='ocrx_word' id='word_1_529' title='bbox 751 2574 856 2602; x_wconf 75' lang='lat' dir='ltr'><strong>decem.</strong></span> <span class='ocrx_word' id='word_1_530' title='bbox 881 2574 909 2602; x_wconf 90' lang='lat' dir='ltr'><strong>In</strong></span> <span class='ocrx_word' id='word_1_531' title='bbox 937 2574 990 2603; x_wconf 88' lang='lat' dir='ltr'><strong>He—</strong></span> 
     </span>
    </p>
   </div>
   <div class='ocr_carea' id='block_1_76' title="bbox 205 2614 992 2652">
    <p class='ocr_par' dir='ltr' id='par_1_76' title="bbox 205 2614 992 2652">
     <span class='ocr_line' id='line_1_76' title="bbox 205 2614 992 2652; baseline 0.009 -11"><span class='ocrx_word' id='word_1_532' title='bbox 205 2614 273 2642; x_wconf 91' lang='lat' dir='ltr'><strong>bron</strong></span> <span class='ocrx_word' id='word_1_533' title='bbox 294 2614 377 2643; x_wconf 86' lang='lat' dir='ltr'><strong>David</strong></span> <span class='ocrx_word' id='word_1_534' title='bbox 394 2617 515 2651; x_wconf 83' lang='lat' dir='ltr'><strong>regnavit</strong></span> <span class='ocrx_word' id='word_1_535' title='bbox 538 2623 643 2652; x_wconf 85' lang='lat' dir='ltr'><strong>septem</strong></span> <span class='ocrx_word' id='word_1_536' title='bbox 659 2620 738 2647; x_wconf 89' lang='lat' dir='ltr'><strong>annis</strong></span> <span class='ocrx_word' id='word_1_537' title='bbox 757 2625 785 2647; x_wconf 89' lang='lat' dir='ltr'><strong>et</strong></span> <span class='ocrx_word' id='word_1_538' title='bbox 799 2620 922 2648; x_wconf 89' lang='lat' dir='ltr'><strong>ditnidio.</strong></span> <span class='ocrx_word' id='word_1_539' title='bbox 941 2620 992 2648; x_wconf 89' lang='lat' dir='ltr'><strong>De-</strong></span> 
     </span>
    </p>
   </div>
   <div class='ocr_carea' id='block_1_77' title="bbox 205 2661 992 2700">
    <p class='ocr_par' dir='ltr' id='par_1_77' title="bbox 205 2661 992 2700">
     <span class='ocr_line' id='line_1_77' title="bbox 205 2661 992 2700; baseline 0.01 -14"><span class='ocrx_word' id='word_1_540' title='bbox 205 2667 263 2687; x_wconf 87' lang='lat' dir='ltr'><strong>cem</strong></span> <span class='ocrx_word' id='word_1_541' title='bbox 289 2661 413 2690; x_wconf 86' lang='lat' dir='ltr'><strong>milliaria</strong></span> <span class='ocrx_word' id='word_1_542' title='bbox 442 2663 476 2690; x_wconf 93' lang='lat' dir='ltr'><strong>ab</strong></span> <span class='ocrx_word' id='word_1_543' title='bbox 506 2663 633 2698; x_wconf 84' lang='lat' dir='ltr'><strong>llebron,</strong></span> <span class='ocrx_word' id='word_1_544' title='bbox 659 2669 701 2692; x_wconf 90' lang='lat' dir='ltr'><strong>est</strong></span> <span class='ocrx_word' id='word_1_545' title='bbox 723 2665 798 2693; x_wconf 77' lang='lat' dir='ltr'><strong>lacus</strong></span> <span class='ocrx_word' id='word_1_546' title='bbox 822 2666 992 2700; x_wconf 87' lang='lat' dir='ltr'><strong>Aspbaltices</strong></span> 
     </span>
    </p>
   </div>
   <div class='ocr_carea' id='block_1_78' title="bbox 205 2707 992 2745">
    <p class='ocr_par' dir='ltr' id='par_1_78' title="bbox 205 2707 992 2745">
     <span class='ocr_line' id='line_1_78' title="bbox 205 2707 992 2745; baseline 0.01 -14"><span class='ocrx_word' id='word_1_547' title='bbox 205 2709 300 2733; x_wconf 87' lang='lat' dir='ltr'><strong>contra</strong></span> <span class='ocrx_word' id='word_1_548' title='bbox 324 2707 467 2743; x_wconf 89' lang='lat' dir='ltr'><strong>orientem,</strong></span> <span class='ocrx_word' id='word_1_549' title='bbox 480 2709 524 2744; x_wconf 91' lang='lat' dir='ltr'><strong>qui</strong></span> <span class='ocrx_word' id='word_1_550' title='bbox 541 2713 568 2736; x_wconf 88' lang='lat' dir='ltr'><strong>et</strong></span> <span class='ocrx_word' id='word_1_551' title='bbox 589 2717 666 2737; x_wconf 88' lang='lat' dir='ltr'><strong>mare</strong></span> <span class='ocrx_word' id='word_1_552' title='bbox 680 2709 815 2738; x_wconf 79' lang='lat' dir='ltr'><strong>Mortuum</strong></span> <span class='ocrx_word' id='word_1_553' title='bbox 829 2711 950 2745; x_wconf 88' lang='lat' dir='ltr'><strong>dicitur;</strong></span> <span class='ocrx_word' id='word_1_554' title='bbox 965 2717 992 2739; x_wconf 87' lang='lat' dir='ltr'><strong>et</strong></span> 
     </span>
    </p>
   </div>
   <div class='ocr_carea' id='block_1_79' title="bbox 242 2783 984 2821">
    <p class='ocr_par' dir='ltr' id='par_1_79' title="bbox 242 2783 984 2821">
     <span class='ocr_line' id='line_1_79' title="bbox 242 2783 984 2821; baseline 0.009 -11"><span class='ocrx_word' id='word_1_555' title='bbox 242 2783 274 2818; x_wconf 65' lang='grc' dir='ltr'><strong>(θ)</strong></span> <span class='ocrx_word' id='word_1_556' title='bbox 291 2784 403 2821; x_wconf 86' lang='lat' dir='ltr'><strong>Additur</strong></span> <span class='ocrx_word' id='word_1_557' title='bbox 419 2788 488 2821; x_wconf 86' lang='lat' dir='ltr'><strong>apud</strong></span> <span class='ocrx_word' id='word_1_558' title='bbox 505 2787 642 2821; x_wconf 86' lang='lat' dir='ltr'><strong>Allatium,</strong></span> <span class='ocrx_word' id='word_1_559' title='bbox 662 2789 737 2817; x_wconf 76' lang='lat' dir='ltr'><strong>Anno</strong></span> <span class='ocrx_word' id='word_1_560' title='bbox 762 2790 868 2817; x_wconf 84' lang='lat' dir='ltr'><strong>Domini</strong></span> <span class='ocrx_word' id='word_1_561' title='bbox 896 2789 984 2818; x_wconf 79' lang='lat' dir='ltr'><strong><em>MXL.</em></strong></span> 
     </span>
    </p>
   </div>
   <div class='ocr_carea' id='block_1_80' title="bbox 207 2817 984 2859">
    <p class='ocr_par' dir='ltr' id='par_1_80' title="bbox 207 2817 984 2859">
     <span class='ocr_line' id='line_1_80' title="bbox 207 2817 984 2859; baseline 0.013 -16"><span class='ocrx_word' id='word_1_562' title='bbox 207 2817 378 2859; x_wconf 73' lang='lat' dir='ltr'><strong>Cttm__autcnt</strong></span> <span class='ocrx_word' id='word_1_563' title='bbox 393 2817 603 2859; x_wconf 54' lang='lat' dir='ltr'><strong>iti:ngrratiottis</strong></span> <span class='ocrx_word' id='word_1_564' title='bbox 626 2817 739 2851; x_wconf 83' lang='lat' dir='ltr'><strong>decursu</strong></span> <span class='ocrx_word' id='word_1_565' title='bbox 768 2825 888 2852; x_wconf 82' lang='lat' dir='ltr'><strong>Balduitti</strong></span> <span class='ocrx_word' id='word_1_566' title='bbox 915 2828 984 2859; x_wconf 70' lang='lat' dir='ltr'><strong>regis</strong></span> 
     </span>
    </p>
   </div>
   <div class='ocr_carea' id='block_1_81' title="bbox 209 2853 984 2892">
    <p class='ocr_par' dir='ltr' id='par_1_81' title="bbox 209 2853 984 2892">
     <span class='ocr_line' id='line_1_81' title="bbox 209 2853 984 2892; baseline 0.013 -13"><span class='ocrx_word' id='word_1_567' title='bbox 209 2853 379 2888; x_wconf 86' lang='lat' dir='ltr'><strong>mentio(col.</strong></span> <span class='ocrx_word' id='word_1_568' title='bbox 392 2855 444 2883; x_wconf 72' lang='lat'><strong>992</strong></span> <span class='ocrx_word' id='word_1_569' title='bbox 456 2856 487 2891; x_wconf 82' lang='lat' dir='ltr'><strong>C)</strong></span> <span class='ocrx_word' id='word_1_570' title='bbox 503 2863 637 2892; x_wconf 86' lang='lat' dir='ltr'><strong>occurrat,</strong></span> <span class='ocrx_word' id='word_1_571' title='bbox 648 2860 769 2892; x_wconf 85' lang='lat' dir='ltr'><strong>sequitur</strong></span> <span class='ocrx_word' id='word_1_572' title='bbox 784 2865 920 2889; x_wconf 84' lang='lat' dir='ltr'><strong>auctorem</strong></span> <span class='ocrx_word' id='word_1_573' title='bbox 937 2853 984 2889; x_wconf 70' lang='lat' dir='ltr'><strong>no-</strong></span> 
     </span>
    </p>
   </div>
   <div class='ocr_carea' id='block_1_82' title="bbox 1047 2163 1830 2200">
    <p class='ocr_par' dir='ltr' id='par_1_82' title="bbox 1047 2163 1830 2200">
     <span class='ocr_line' id='line_1_82' title="bbox 1047 2163 1830 2200; baseline 0.004 -10"><span class='ocrx_word' id='word_1_574' title='bbox 1047 2163 1144 2197; x_wconf 79' lang='lat' dir='ltr'><strong>vulos;</strong></span> <span class='ocrx_word' id='word_1_575' title='bbox 1160 2163 1193 2191; x_wconf 91' lang='lat' dir='ltr'><strong>de</strong></span> <span class='ocrx_word' id='word_1_576' title='bbox 1206 2164 1303 2197; x_wconf 85' lang='lat' dir='ltr'><strong>quibus</strong></span> <span class='ocrx_word' id='word_1_577' title='bbox 1322 2164 1401 2192; x_wconf 92' lang='lat' dir='ltr'><strong>modo</strong></span> <span class='ocrx_word' id='word_1_578' title='bbox 1419 2168 1472 2190; x_wconf 85' lang='lat' dir='ltr'><strong>tota</strong></span> <span class='ocrx_word' id='word_1_579' title='bbox 1490 2164 1533 2191; x_wconf 88' lang='lat' dir='ltr'><strong>illa</strong></span> <span class='ocrx_word' id='word_1_580' title='bbox 1548 2165 1624 2199; x_wconf 80' lang='lat' dir='ltr'><strong>regio</strong></span> <span class='ocrx_word' id='word_1_581' title='bbox 1642 2165 1784 2200; x_wconf 78' lang='lat' dir='ltr'><strong>irrigatur.</strong></span> <span class='ocrx_word' id='word_1_582' title='bbox 1801 2166 1830 2194; x_wconf 92' lang='lat' dir='ltr'><strong>In</strong></span> 
     </span>
    </p>
   </div>
   <div class='ocr_carea' id='block_1_83' title="bbox 1042 2207 1832 2242">
    <p class='ocr_par' dir='ltr' id='par_1_83' title="bbox 1042 2207 1832 2242">
     <span class='ocr_line' id='line_1_83' title="bbox 1042 2207 1832 2242; baseline 0.005 -8"><span class='ocrx_word' id='word_1_583' title='bbox 1042 2207 1142 2235; x_wconf 88' lang='lat' dir='ltr'><strong>Arabia</strong></span> <span class='ocrx_word' id='word_1_584' title='bbox 1158 2214 1235 2234; x_wconf 87' lang='lat' dir='ltr'><strong>mons</strong></span> <span class='ocrx_word' id='word_1_585' title='bbox 1255 2207 1340 2240; x_wconf 88' lang='lat' dir='ltr'><strong>Sinai,</strong></span> <span class='ocrx_word' id='word_1_586' title='bbox 1355 2207 1380 2234; x_wconf 94' lang='lat' dir='ltr'><strong>in</strong></span> <span class='ocrx_word' id='word_1_587' title='bbox 1397 2215 1451 2242; x_wconf 91' lang='lat' dir='ltr'><strong>quo</strong></span> <span class='ocrx_word' id='word_1_588' title='bbox 1468 2208 1573 2242; x_wconf 80' lang='lat' dir='ltr'><strong>Moyses</strong></span> <span class='ocrx_word' id='word_1_589' title='bbox 1588 2217 1621 2235; x_wconf 66' lang='grc' dir='ltr'><strong>χιι</strong></span> <span class='ocrx_word' id='word_1_590' title='bbox 1639 2210 1745 2242; x_wconf 86' lang='lat' dir='ltr'><strong>diebus,</strong></span> <span class='ocrx_word' id='word_1_591' title='bbox 1769 2211 1832 2238; x_wconf 88' lang='lat' dir='ltr'><strong>toti-</strong></span> 
     </span>
    </p>
   </div>
   <div class='ocr_carea' id='block_1_84' title="bbox 1042 2242 1829 2290">
    <p class='ocr_par' dir='ltr' id='par_1_84' title="bbox 1042 2242 1829 2290">
     <span class='ocr_line' id='line_1_84' title="bbox 1042 2242 1829 2290; baseline 0.004 -10"><span class='ocrx_word' id='word_1_592' title='bbox 1042 2242 1156 2288; x_wconf 84' lang='lat' dir='ltr'><strong>demque</strong></span> <span class='ocrx_word' id='word_1_593' title='bbox 1178 2253 1313 2285; x_wconf 86' lang='lat' dir='ltr'><strong>noctibus,</strong></span> <span class='ocrx_word' id='word_1_594' title='bbox 1336 2253 1418 2280; x_wconf 85' lang='lat' dir='ltr'><strong>totius</strong></span> <span class='ocrx_word' id='word_1_595' title='bbox 1434 2253 1486 2280; x_wconf 92' lang='lat' dir='ltr'><strong>cibi</strong></span> <span class='ocrx_word' id='word_1_596' title='bbox 1500 2261 1607 2288; x_wconf 69' lang='lat' dir='ltr'><strong>expers,</strong></span> <span class='ocrx_word' id='word_1_597' title='bbox 1624 2260 1745 2283; x_wconf 86' lang='lat' dir='ltr'><strong>moratus</strong></span> <span class='ocrx_word' id='word_1_598' title='bbox 1761 2256 1829 2290; x_wconf 77' lang='lat' dir='ltr'><strong>fuit;</strong></span> 
     </span>
    </p>
   </div>
   <div class='ocr_carea' id='block_1_85' title="bbox 1042 2299 1831 2336">
    <p class='ocr_par' dir='ltr' id='par_1_85' title="bbox 1042 2299 1831 2336">
     <span class='ocr_line' id='line_1_85' title="bbox 1042 2299 1831 2336; baseline 0.004 -9"><span class='ocrx_word' id='word_1_599' title='bbox 1042 2300 1068 2327; x_wconf 93' lang='lat' dir='ltr'><strong>in</strong></span> <span class='ocrx_word' id='word_1_600' title='bbox 1081 2307 1134 2334; x_wconf 91' lang='lat' dir='ltr'><strong>quo</strong></span> <span class='ocrx_word' id='word_1_601' title='bbox 1149 2303 1176 2327; x_wconf 90' lang='lat' dir='ltr'><strong>et</strong></span> <span class='ocrx_word' id='word_1_602' title='bbox 1189 2299 1317 2327; x_wconf 88' lang='lat' dir='ltr'><strong>Dominus</strong></span> <span class='ocrx_word' id='word_1_603' title='bbox 1335 2299 1418 2334; x_wconf 87' lang='lat' dir='ltr'><strong>Moysi</strong></span> <span class='ocrx_word' id='word_1_604' title='bbox 1439 2299 1514 2326; x_wconf 83' lang='lat' dir='ltr'><strong>dedit</strong></span> <span class='ocrx_word' id='word_1_605' title='bbox 1535 2301 1632 2335; x_wconf 80' lang='lat' dir='ltr'><strong>legem,</strong></span> <span class='ocrx_word' id='word_1_606' title='bbox 1658 2303 1769 2336; x_wconf 89' lang='lat' dir='ltr'><strong>proprio</strong></span> <span class='ocrx_word' id='word_1_607' title='bbox 1790 2304 1831 2330; x_wconf 88' lang='lat' dir='ltr'><strong>di-</strong></span> 
     </span>
    </p>
   </div>
   <div class='ocr_carea' id='block_1_86' title="bbox 1042 2343 1832 2382">
    <p class='ocr_par' dir='ltr' id='par_1_86' title="bbox 1042 2343 1832 2382">
     <span class='ocr_line' id='line_1_86' title="bbox 1042 2343 1832 2382; baseline 0.005 -11"><span class='ocrx_word' id='word_1_608' title='bbox 1042 2345 1099 2380; x_wconf 79' lang='lat' dir='ltr'><strong>gito</strong></span> <span class='ocrx_word' id='word_1_609' title='bbox 1117 2345 1247 2378; x_wconf 88' lang='lat' dir='ltr'><strong>scriptam</strong></span> <span class='ocrx_word' id='word_1_610' title='bbox 1270 2344 1297 2371; x_wconf 89' lang='lat' dir='ltr'><strong>in</strong></span> <span class='ocrx_word' id='word_1_611' title='bbox 1315 2343 1414 2371; x_wconf 82' lang='lat' dir='ltr'><strong>tabulis</strong></span> <span class='ocrx_word' id='word_1_612' title='bbox 1433 2344 1559 2379; x_wconf 89' lang='lat' dir='ltr'><strong>lapideis.</strong></span> <span class='ocrx_word' id='word_1_613' title='bbox 1584 2345 1613 2372; x_wconf 88' lang='lat' dir='ltr'><strong>In</strong></span> <span class='ocrx_word' id='word_1_614' title='bbox 1629 2346 1740 2380; x_wconf 83' lang='lat' dir='ltr'><strong>Arabia,</strong></span> <span class='ocrx_word' id='word_1_615' title='bbox 1763 2356 1832 2382; x_wconf 72' lang='lat' dir='ltr'><strong>pra:-</strong></span> 
     </span>
    </p>
   </div>
   <div class='ocr_carea' id='block_1_87' title="bbox 1041 2390 1830 2427">
    <p class='ocr_par' dir='ltr' id='par_1_87' title="bbox 1041 2390 1830 2427">
     <span class='ocr_line' id='line_1_87' title="bbox 1041 2390 1830 2427; baseline 0.004 -9"><span class='ocrx_word' id='word_1_616' title='bbox 1041 2390 1124 2419; x_wconf 88' lang='lat' dir='ltr'><strong>cessit</strong></span> <span class='ocrx_word' id='word_1_617' title='bbox 1142 2390 1211 2418; x_wconf 85' lang='lat' dir='ltr'><strong>ﬁlios</strong></span> <span class='ocrx_word' id='word_1_618' title='bbox 1225 2391 1309 2418; x_wconf 86' lang='lat' dir='ltr'><strong>Israel</strong></span> <span class='ocrx_word' id='word_1_619' title='bbox 1335 2391 1459 2419; x_wconf 86' lang='lat' dir='ltr'><strong>columna</strong></span> <span class='ocrx_word' id='word_1_620' title='bbox 1474 2391 1544 2426; x_wconf 84' lang='lat' dir='ltr'><strong>ignis</strong></span> <span class='ocrx_word' id='word_1_621' title='bbox 1560 2400 1608 2427; x_wconf 83' lang='lat' dir='ltr'><strong>per</strong></span> <span class='ocrx_word' id='word_1_622' title='bbox 1623 2398 1728 2421; x_wconf 87' lang='lat' dir='ltr'><strong>noctem</strong></span> <span class='ocrx_word' id='word_1_623' title='bbox 1743 2394 1830 2422; x_wconf 86' lang='lat' dir='ltr'><strong>nubes</strong></span> 
     </span>
    </p>
   </div>
   <div class='ocr_carea' id='block_1_88' title="bbox 1041 2435 1831 2472">
    <p class='ocr_par' dir='ltr' id='par_1_88' title="bbox 1041 2435 1831 2472">
     <span class='ocr_line' id='line_1_88' title="bbox 1041 2435 1831 2472; baseline 0.005 -11"><span class='ocrx_word' id='word_1_624' title='bbox 1041 2443 1107 2463; x_wconf 86' lang='lat' dir='ltr'><strong>vero</strong></span> <span class='ocrx_word' id='word_1_625' title='bbox 1124 2435 1234 2462; x_wconf 85' lang='lat' dir='ltr'><strong>vallavit</strong></span> <span class='ocrx_word' id='word_1_626' title='bbox 1259 2443 1306 2463; x_wconf 90' lang='lat' dir='ltr'><strong>eos</strong></span> <span class='ocrx_word' id='word_1_627' title='bbox 1329 2436 1422 2463; x_wconf 88' lang='lat' dir='ltr'><strong>diebus</strong></span> <span class='ocrx_word' id='word_1_628' title='bbox 1446 2437 1569 2471; x_wconf 80' lang='lat' dir='ltr'><strong>singulis.</strong></span> <span class='ocrx_word' id='word_1_629' title='bbox 1603 2437 1632 2464; x_wconf 90' lang='lat' dir='ltr'><strong>In</strong></span> <span class='ocrx_word' id='word_1_630' title='bbox 1656 2437 1768 2472; x_wconf 80' lang='lat' dir='ltr'><strong>Arabia,</strong></span> <span class='ocrx_word' id='word_1_631' title='bbox 1795 2446 1831 2465; x_wconf 76' lang='lat' dir='ltr'><strong>ll.</strong></span> 
     </span>
    </p>
   </div>
   <div class='ocr_carea' id='block_1_89' title="bbox 1042 2480 1829 2514">
    <p class='ocr_par' dir='ltr' id='par_1_89' title="bbox 1042 2480 1829 2514">
     <span class='ocr_line' id='line_1_89' title="bbox 1042 2480 1829 2514; baseline 0.003 -6"><span class='ocrx_word' id='word_1_632' title='bbox 1042 2482 1197 2509; x_wconf 85' lang='lat' dir='ltr'><strong>mansiones</strong></span> <span class='ocrx_word' id='word_1_633' title='bbox 1211 2481 1327 2508; x_wconf 88' lang='lat' dir='ltr'><strong>liliorum</strong></span> <span class='ocrx_word' id='word_1_634' title='bbox 1345 2480 1437 2508; x_wconf 90' lang='lat' dir='ltr'><strong>lsrael.</strong></span> <span class='ocrx_word' id='word_1_635' title='bbox 1452 2480 1481 2507; x_wconf 89' lang='lat' dir='ltr'><strong>In</strong></span> <span class='ocrx_word' id='word_1_636' title='bbox 1497 2481 1609 2514; x_wconf 85' lang='lat' dir='ltr'><strong>Arabia,</strong></span> <span class='ocrx_word' id='word_1_637' title='bbox 1626 2490 1703 2510; x_wconf 92' lang='lat' dir='ltr'><strong>mons</strong></span> <span class='ocrx_word' id='word_1_638' title='bbox 1717 2482 1783 2514; x_wconf 88' lang='lat' dir='ltr'><strong>llor,</strong></span> <span class='ocrx_word' id='word_1_639' title='bbox 1802 2483 1829 2510; x_wconf 90' lang='lat' dir='ltr'><strong>in</strong></span> 
     </span>
    </p>
   </div>
   <div class='ocr_carea' id='block_1_90' title="bbox 1043 2527 1831 2562">
    <p class='ocr_par' dir='ltr' id='par_1_90' title="bbox 1043 2527 1831 2562">
     <span class='ocr_line' id='line_1_90' title="bbox 1043 2527 1831 2562; baseline 0.001 -8"><span class='ocrx_word' id='word_1_640' title='bbox 1043 2535 1096 2562; x_wconf 88' lang='lat' dir='ltr'><strong>quo</strong></span> <span class='ocrx_word' id='word_1_641' title='bbox 1114 2528 1237 2562; x_wconf 90' lang='lat' dir='ltr'><strong>sepultus</strong></span> <span class='ocrx_word' id='word_1_642' title='bbox 1249 2528 1364 2561; x_wconf 85' lang='lat' dir='ltr'><strong>quiescit</strong></span> <span class='ocrx_word' id='word_1_643' title='bbox 1378 2527 1480 2555; x_wconf 83' lang='lat' dir='ltr'><strong>Aaron.</strong></span> <span class='ocrx_word' id='word_1_644' title='bbox 1497 2527 1526 2554; x_wconf 90' lang='lat' dir='ltr'><strong>In</strong></span> <span class='ocrx_word' id='word_1_645' title='bbox 1542 2528 1653 2560; x_wconf 79' lang='lat' dir='ltr'><strong>Arabia,</strong></span> <span class='ocrx_word' id='word_1_646' title='bbox 1666 2536 1744 2556; x_wconf 89' lang='lat' dir='ltr'><strong>mons</strong></span> <span class='ocrx_word' id='word_1_647' title='bbox 1759 2530 1831 2555; x_wconf 87' lang='lat' dir='ltr'><strong>Aba-</strong></span> 
     </span>
    </p>
   </div>
   <div class='ocr_carea' id='block_1_91' title="bbox 1042 2573 1830 2608">
    <p class='ocr_par' dir='ltr' id='par_1_91' title="bbox 1042 2573 1830 2608">
     <span class='ocr_line' id='line_1_91' title="bbox 1042 2573 1830 2608; baseline 0.003 -8"><span class='ocrx_word' id='word_1_648' title='bbox 1042 2574 1107 2607; x_wconf 84' lang='lat' dir='ltr'><strong>rim;</strong></span> <span class='ocrx_word' id='word_1_649' title='bbox 1127 2573 1152 2600; x_wconf 92' lang='lat' dir='ltr'><strong>iu</strong></span> <span class='ocrx_word' id='word_1_650' title='bbox 1167 2581 1218 2608; x_wconf 77' lang='lat' dir='ltr'><strong>quo</strong></span> <span class='ocrx_word' id='word_1_651' title='bbox 1236 2574 1364 2601; x_wconf 89' lang='lat' dir='ltr'><strong>Dominus</strong></span> <span class='ocrx_word' id='word_1_652' title='bbox 1381 2573 1489 2608; x_wconf 88' lang='lat' dir='ltr'><strong>Moysen</strong></span> <span class='ocrx_word' id='word_1_653' title='bbox 1502 2574 1636 2607; x_wconf 84' lang='lat' dir='ltr'><strong>sepelivit,</strong></span> <span class='ocrx_word' id='word_1_654' title='bbox 1649 2574 1725 2608; x_wconf 87' lang='lat' dir='ltr'><strong>cujus</strong></span> <span class='ocrx_word' id='word_1_655' title='bbox 1739 2580 1830 2602; x_wconf 85' lang='lat' dir='ltr'><strong>tamen</strong></span> 
     </span>
    </p>
   </div>
   <div class='ocr_carea' id='block_1_92' title="bbox 1041 2620 1864 2656">
    <p class='ocr_par' dir='ltr' id='par_1_92' title="bbox 1041 2620 1864 2656">
     <span class='ocr_line' id='line_1_92' title="bbox 1041 2620 1864 2656; baseline -0.001 -9"><span class='ocrx_word' id='word_1_656' title='bbox 1041 2627 1172 2656; x_wconf 84' lang='lat' dir='ltr'><strong>nusquam</strong></span> <span class='ocrx_word' id='word_1_657' title='bbox 1191 2620 1456 2654; x_wconf 83' lang='lat' dir='ltr'><strong>apparuittumulus.</strong></span> <span class='ocrx_word' id='word_1_658' title='bbox 1475 2621 1502 2647; x_wconf 91' lang='lat' dir='ltr'><strong>In</strong></span> <span class='ocrx_word' id='word_1_659' title='bbox 1519 2620 1631 2653; x_wconf 82' lang='lat' dir='ltr'><strong>Arabia,</strong></span> <span class='ocrx_word' id='word_1_660' title='bbox 1651 2628 1728 2648; x_wconf 88' lang='lat' dir='ltr'><strong>mons</strong></span> <span class='ocrx_word' id='word_1_661' title='bbox 1752 2628 1830 2655; x_wconf 78' lang='lat' dir='ltr'><strong>rega-</strong></span> <span class='ocrx_word' id='word_1_662' title='bbox 1852 2626 1864 2637; x_wconf 58' lang='grc' dir='ltr'><strong>κ</strong></span> 
     </span>
    </p>
   </div>
   <div class='ocr_carea' id='block_1_93' title="bbox 1041 2662 1829 2701">
    <p class='ocr_par' dir='ltr' id='par_1_93' title="bbox 1041 2662 1829 2701">
     <span class='ocr_line' id='line_1_93' title="bbox 1041 2662 1829 2701; baseline 0.003 -8"><span class='ocrx_word' id='word_1_663' title='bbox 1041 2666 1085 2699; x_wconf 86' lang='lat' dir='ltr'><strong>lis,</strong></span> <span class='ocrx_word' id='word_1_664' title='bbox 1112 2674 1194 2700; x_wconf 84' lang='lat' dir='ltr'><strong>quem</strong></span> <span class='ocrx_word' id='word_1_665' title='bbox 1219 2662 1403 2699; x_wconf 78' lang='lat' dir='ltr'><strong>Baldeuitnus,</strong></span> <span class='ocrx_word' id='word_1_666' title='bbox 1421 2666 1524 2701; x_wconf 83' lang='lat' dir='ltr'><strong>primus</strong></span> <span class='ocrx_word' id='word_1_667' title='bbox 1548 2675 1594 2694; x_wconf 84' lang='lat' dir='ltr'><strong>rex</strong></span> <span class='ocrx_word' id='word_1_668' title='bbox 1619 2666 1786 2694; x_wconf 83' lang='lat' dir='ltr'><strong>Francorum</strong></span> <span class='ocrx_word' id='word_1_669' title='bbox 1802 2668 1829 2695; x_wconf 89' lang='lat' dir='ltr'><strong>iu</strong></span> 
     </span>
    </p>
   </div>
   <div class='ocr_carea' id='block_1_94' title="bbox 1041 2712 1829 2748">
    <p class='ocr_par' dir='ltr' id='par_1_94' title="bbox 1041 2712 1829 2748">
     <span class='ocr_line' id='line_1_94' title="bbox 1041 2712 1829 2748; baseline 0.003 -10"><span class='ocrx_word' id='word_1_670' title='bbox 1041 2712 1204 2744; x_wconf 81' lang='lat' dir='ltr'><strong>Jerusalem,</strong></span> <span class='ocrx_word' id='word_1_671' title='bbox 1230 2712 1262 2738; x_wconf 86' lang='lat' dir='ltr'><strong>ad</strong></span> <span class='ocrx_word' id='word_1_672' title='bbox 1279 2717 1378 2739; x_wconf 82' lang='lat' dir='ltr'><strong>terrain</strong></span> <span class='ocrx_word' id='word_1_673' title='bbox 1404 2712 1476 2739; x_wconf 86' lang='lat' dir='ltr'><strong>illaut</strong></span> <span class='ocrx_word' id='word_1_674' title='bbox 1492 2712 1663 2740; x_wconf 81' lang='lat' dir='ltr'><strong>Christicolis</strong></span> <span class='ocrx_word' id='word_1_675' title='bbox 1678 2712 1829 2748; x_wconf 66' lang='lat' dir='ltr'><strong>subjugati—</strong></span> 
     </span>
    </p>
   </div>
   <div class='ocr_carea' id='block_1_95' title="bbox 1038 2791 1827 2826">
    <p class='ocr_par' dir='ltr' id='par_1_95' title="bbox 1038 2791 1827 2826">
     <span class='ocr_line' id='line_1_95' title="bbox 1038 2791 1827 2826; baseline 0.001 -9"><span class='ocrx_word' id='word_1_676' title='bbox 1038 2795 1129 2826; x_wconf 77' lang='lat' dir='ltr'><strong>strum</strong></span> <span class='ocrx_word' id='word_1_677' title='bbox 1155 2791 1315 2818; x_wconf 74' lang='lat' dir='ltr'><strong>duodecimo</strong></span> <span class='ocrx_word' id='word_1_678' title='bbox 1335 2791 1434 2820; x_wconf 70' lang='lat' dir='ltr'><strong>smculo</strong></span> <span class='ocrx_word' id='word_1_679' title='bbox 1452 2799 1498 2826; x_wconf 88' lang='lat' dir='ltr'><strong>per</strong></span> <span class='ocrx_word' id='word_1_680' title='bbox 1514 2797 1612 2820; x_wconf 81' lang='lat' dir='ltr'><strong>terram</strong></span> <span class='ocrx_word' id='word_1_681' title='bbox 1640 2797 1762 2820; x_wconf 84' lang='lat' dir='ltr'><strong>sanetam</strong></span> <span class='ocrx_word' id='word_1_682' title='bbox 1778 2793 1827 2819; x_wconf 81' lang='lat' dir='ltr'><strong>iter</strong></span> 
     </span>
    </p>
   </div>
   <div class='ocr_carea' id='block_1_96' title="bbox 1038 2825 1329 2855">
    <p class='ocr_par' dir='ltr' id='par_1_96' title="bbox 1038 2825 1329 2855">
     <span class='ocr_line' id='line_1_96' title="bbox 1038 2825 1329 2855; baseline 0 -2"><span class='ocrx_word' id='word_1_683' title='bbox 1038 2825 1140 2855; x_wconf 72' lang='lat' dir='ltr'><strong>fecisse.</strong></span> <span class='ocrx_word' id='word_1_684' title='bbox 1160 2834 1229 2854; x_wconf 74' lang='lat' dir='ltr'><strong>Ebl‘l‘.</strong></span> <span class='ocrx_word' id='word_1_685' title='bbox 1251 2834 1329 2854; x_wconf 71' lang='lat' dir='ltr'><strong>rara.</strong></span> 
     </span>
    </p>
   </div>
  </div>
