1956 3077
98 172 153 204 933

104 227 166 253 dam
183 230 209 252 et
222 223 351 250 tuendum
368 227 479 255 regnum
495 217 589 249 David,
605 216 631 242 in
649 218 768 241 rastrum
785 212 893 238 firmum
910 210 932 238 Λ

101 271 228 300 reddidit.
249 268 348 295 Arabia
379 265 500 301 jungitur
527 263 650 290 Idumaei:
680 260 706 286 in
743 256 893 285 conﬁnibus

103 316 231 344 Bostron.
256 314 381 343 ldmmea,
402 317 473 337 terra
500 307 634 335 Damasci.
662 305 780 332 ldunuea
803 306 892 328 tamen

102 363 154 389 sub
166 361 253 396 Syria.
266 358 352 393 Caput
364 356 449 391 Syria:
459 355 566 389 quidem
579 352 736 379 Damascus.
749 349 893 376 Idummam

103 411 131 434 et
145 393 315 434 Phoenicium
342 401 438 429 dividit
469 400 602 427 Libanus.
623 396 774 427 Pharnicia,
799 393 826 420 in
843 398 895 425 qua

105 452 169 484 Sor,
185 452 211 479 id
232 455 283 484 est,
307 449 410 485 Tyrus,
432 446 575 474 Ρὶιαςιιίεεε
600 442 769 471 nobilissima
792 444 895 467 metro-

104 499 188 533 polis,
204 505 264 532 qua:
280 496 431 526 Christum,
446 491 680 528 perambulantcm
702 486 848 518 maritima,
868 487 897 510 ut

107 545 172 580 Syri
190 547 324 574 asserunt,
342 540 428 568 noluit
449 539 591 572 accipere;
608 542 669 570 quae
685 540 723 566 et,
740 532 830 560 divina
855 534 896 557 te-

106 594 197 617 stante
215 589 323 623 pagina,
350 589 388 613 tot
403 589 537 619 martyres
555 583 610 611 Deo
634 580 761 610 reddidit,
777 583 893 612 quorum

106 636 169 671 ejus
183 635 267 662 solius
290 633 403 661 scientia
420 632 509 659 minus
530 630 642 664 colligit.
657 627 745 663 Tyrus
766 625 897 659 originem

107 682 180 709 celat
193 681 365 709 tumulatum.
382 679 453 706 Ante
467 677 568 713 Tyrum
581 675 649 710 lapis
661 674 705 701 ille
719 677 898 701 marmoreus,

109 728 182 755 haud
204 726 336 758 modicus,
362 731 444 759 super
468 730 548 758 quem
569 722 640 749 sedit
662 719 742 747 Jesus
759 726 767 746 :
785 724 900 745 matteas

109 774 222 804 illaesos,
241 780 257 800 a
271 777 392 806 tempore
419 769 523 798 Christi
544 775 631 802 usque
654 766 688 793 ad
710 764 899 799 expulsionem

109 819 232 854 gentium
246 818 280 845 ab
292 817 378 850 urbe;
395 816 441 843 sed
457 819 549 850 postea
567 812 743 840 defraudatus
754 818 769 837 a
787 808 900 836 Francis

110 870 138 892 et
156 874 169 891 a
190 864 308 892 Venetis.
326 863 412 897 Supra
426 869 490 889 vero
511 859 649 887 residuum
666 857 737 885 illius
749 856 856 891 lapidis,
874 854 901 881 in

113 912 244 938 honorem
265 908 424 941 Salvatoris,
442 907 558 935 ecclesia
585 906 707 938 quaedam
722 903 835 929 fundata
850 904 902 928 est.

116 954 186 982 Octo
201 954 325 981 milliaria
340 961 355 980 a
376 953 447 988 Tyro
462 956 556 979 contra
571 951 714 981 orientem,
725 941 805 982 supra
818 953 903 978 mare,

117 1001 255 1035 Sarpbcn,
284 1007 345 1033 quae
362 1003 404 1026 est
430 998 544 1032 Sarepta
575 995 761 1024 Sidoniorum.
789 993 819 1020 In
850 1000 905 1028 qua

114 1046 251 1080 quondam
275 1045 407 1073 habitavit
424 1043 516 1071 Ilelias
539 1042 682 1076 propheta,
701 1041 727 1068 in
746 1048 798 1075 qua
818 1043 844 1067 et
860 1046 904 1066 rc-

115 1092 261 1120 snscitavit
272 1092 356 1119 ﬁlium
370 1090 467 1123 viduae,
482 1089 578 1117 Jonam
594 1087 698 1116 scilicet
715 1095 722 1115 :
737 1093 816 1121 quem
831 1085 905 1120 prius

115 1139 175 1173 ipsa
201 1138 318 1173 hospitio
342 1140 492 1171 receperat,
521 1141 548 1162 et
564 1134 723 1162 charitative
754 1133 858 1159 foverat
874 1138 906 1159 ac

115 1189 240 1219 paverat.
260 1184 313 1210 Sex
341 1182 465 1210 milliaria
489 1189 503 1208 a
532 1181 665 1214 Sarphen,
688 1179 785 1212 Sidon,
810 1178 906 1206 civitas

117 1230 241 1265 egregia;
267 1237 298 1256 ex
316 1237 369 1263 qua
393 1228 472 1261 Dido,
494 1235 555 1262 qua:
572 1226 766 1260 Carthaginem
783 1230 908 1252 constru-

117 1276 160 1303 xit
178 1276 205 1302 in
232 1274 336 1302 Africa.
354 1274 497 1301 Sexdecim
512 1272 640 1300 milliaria
657 1280 671 1298 a
690 1271 798 1303 Sidone,
823 1270 907 1306 Bery-

120 1327 165 1349 tus
180 1321 385 1356 opulcntissima
408 1319 513 1346 civitas.
541 1317 570 1345 In
586 1317 686 1352 Deryto
703 1318 826 1352 quaedam
849 1316 908 1343 Sal-

120 1366 223 1393 vatoris
249 1366 334 1392 nostri
362 1365 436 1398 icon,
463 1371 518 1391 non
541 1363 654 1390 multum
680 1367 740 1397 post
754 1361 908 1396 passionem

118 1413 181 1448 ejus
198 1413 230 1440 ad
248 1412 422 1448 ignominiam
446 1411 506 1446 eius
519 1418 533 1438 a
548 1409 709 1445 quibusdam
725 1408 826 1436 Judteis
843 1406 908 1434 ridi-

119 1459 215 1486 eulose
235 1457 375 1491 cruciﬁxa,
402 1457 562 1491 sanguinem
582 1454 710 1490 produxit
739 1458 767 1481 et
791 1460 907 1488 aquam;

120 1506 192 1532 unde
207 1509 234 1531 et
250 1503 324 1530 multi
343 1503 369 1530 in
383 1510 446 1530 vero
464 1501 599 1529 Cruciﬁxo
614 1500 798 1532 crediderunt,
818 1499 908 1533 bapti-

730 159 780 188 DE
803 154 908 186 LOCIS
927 151 1096 183 SANCTIS.

1670 141 1723 174 994

949 205 1132 243 persecutoris
1156 205 1258 231 veritus
1273 204 1384 231 rabiem.
1403 203 1519 230 Lib-anus
1540 202 1731 232 interpretatur

945 253 1114 282 Candidatio.
1138 251 1175 278 De
1196 257 1250 285 quo
1277 249 1303 276 in
1320 249 1459 281 Canticis:
1481 246 1543 274 Veni
1560 246 1591 272 de
1620 245 1731 274 Libano,

945 307 1040 333 sponsa
1069 306 1136 331 mea,
1154 296 1275 322 columba
1302 303 1358 322 mea
1375 295 1395 320 ⁵.
1412 295 1451 321 Ad
1478 293 1595 320 radicem
1624 290 1730 322 Libani,

945 344 1088 379 Pharphar
1106 347 1134 370 ct
1149 342 1253 374 Abana,
1270 340 1342 367 lluvii
1360 339 1492 366 Damasci.
1510 338 1614 365 Montes
1637 335 1732 362 Libani

946 396 973 418 et
987 390 1125 425 planitiem
1141 387 1275 414 archados
1298 384 1434 412 transiluit
1456 384 1561 416 Abana,
1588 382 1654 409 mari
1676 388 1734 407 ma-

947 445 1000 472 gno
1016 444 1045 463 se
1069 435 1212 470 copulatas,
1240 433 1339 460 ﬁnibus
1355 431 1420 462 illis,
1437 430 1535 464 quibus
1552 433 1663 456 sanctus
1681 426 1734 452 Eu-
1757 447 1760 465 Σ

947 460 999 472 δ”*
1016 460 1044 463 --
1073 460 1145 470 ατη
1169 460 1182 461 η
1205 460 1212 467 ι
1413 460 1418 462 .
1445 460 1453 464 -

947 482 1080 515 stachius,
1098 481 1132 508 ab
1145 487 1228 506 uxore
1244 485 1292 506 sua
1310 477 1439 511 privatus,
1457 480 1483 502 et
1498 474 1558 501 ﬁliis
1576 473 1714 500 desolatus
1727 491 1735 504 ,
1757 460 1771 493 ἰ

949 528 1074 556 recessit.
1091 526 1231 561 Pharphar
1248 532 1294 558 per
1311 523 1416 558 Syriam
1437 520 1522 548 tendit
1539 519 1690 549 Rcblatam.
1708 517 1735 544 id

949 578 1001 606 est,
1017 571 1206 602 Antiochiam;
1227 569 1376 602 labensque
1389 574 1468 593 secus
1493 571 1584 590 muros
1600 563 1669 597 ejus,
1687 561 1736 588 de-

949 626 1008 646 cem
1021 617 1145 644 niilliaria
1161 615 1195 643 ab
1209 614 1351 642 Antioohia
1370 613 1397 639 in
1415 615 1494 646 portu
1506 609 1590 637 Solim
1606 613 1667 634 ortu
1684 606 1737 634 sci-

951 664 1014 691 licet
1029 662 1114 691 sancti
1142 661 1289 693 Simeonis,
1307 659 1507 696 mediterraneo
1523 655 1589 683 mari
1610 662 1640 682 se
1661 661 1738 681 com-

952 709 1075 736 mendat.
1093 708 1122 734 In
1134 707 1281 734 Antiochia
1301 705 1370 733 sedit
1400 704 1496 731 beatus
1513 701 1610 729 Petrus
1633 704 1737 734 septem

953 756 1043 788 annis,
1067 754 1214 790 pontiﬁcali
1243 754 1386 780 decoratus
1419 749 1526 782 infula._
1553 748 1596 790 Ad
1619 746 1738 774 radicem

952 802 1059 834 Libani.
1077 801 1174 829 civitas
1194 800 1303 838 Paneas
1320 798 1372 825 sita
1397 801 1447 830 est,
1475 796 1501 823 id
1522 786 1739 828 est,‘llelymas,

953 856 1013 883 quas
1032 853 1058 875 et
1082 847 1204 875 Caesarea
1219 843 1348 878 Philippi.
1363 843 1404 870 Ad
1428 841 1544 869 radicem
1562 840 1668 871 Libani,
1684 838 1739 864 Dan

955 898 982 921 et
995 893 1041 921 Jur
1055 894 1191 924 oriuntur,
1205 891 1294 919 fontes
1310 889 1345 916 illi
1356 889 1420 921 duo,
1433 887 1465 915 de
1477 886 1586 921 quibus,
1600 884 1649 912 sub
1666 891 1739 910 mon-

957 941 1030 967 tibus
1044 939 1157 971 Gelboe,
1183 936 1308 965 Jordanis
1325 933 1478 962 conﬁcitur.
1502 932 1531 960 In
1549 938 1602 966 quo
1618 930 1743 957 Chiisfus

956 994 971 1013 a
986 986 1101 1018 Joanne,
1120 990 1286 1019 praecursore
1299 981 1367 1016 ejus,
1387 980 1467 1008 tertio
1486 978 1574 1012 lapide
1591 984 1606 1002 a
1622 975 1742 1005 Iericho,

956 1031 1088 1067 baptizari
1104 1030 1189 1058 voluit
1202 1038 1210 1062 ;
1227 1028 1254 1056 in
1272 1035 1325 1062 quo
1339 1027 1421 1054 etiam
1436 1025 1494 1052 loco
1509 1031 1562 1050 vox
1577 1021 1666 1048 Patris
1685 1020 1744 1054 ejus

957 1078 1084 1111 intonuit,
1106 1076 1201 1104 dicens
1220 1083 1227 1102 :
1245 1074 1294 1102 Hic
1318 1078 1356 1101 ert
1383 1071 1471 1098 Filius
1498 1077 1571 1097 meus
1592 1067 1700 1094 dilectus
1715 1067 1743 1094 ἰ

957 1127 984 1149 et
999 1129 1080 1156 super
1105 1120 1196 1148 Jesum
1212 1118 1352 1146 descendit
1375 1116 1412 1143 ibi
1438 1115 1555 1150 Spiritus
1581 1116 1692 1140 sanctus
1717 1111 1743 1137 in

957 1153 1046 1203 specie
1060 1166 1201 1194 columbae.
1213 1165 1233 1191 A
1248 1163 1384 1191 montibus
1397 1162 1497 1190 Gelboe
1510 1167 1595 1195 usque
1610 1153 1744 1186 ad‘lacum

957 1212 1142 1248 Asphaltiten,
1172 1210 1262 1243 vallis,
1292 1216 1339 1244 per
1363 1215 1443 1243 quam
1473 1206 1601 1234 Iordanis
1634 1205 1745 1234 labitur.

958 1260 1055 1288 Sortus
1070 1257 1232 1292 appellatur.
1248 1255 1359 1290 Suphon
1375 1253 1456 1289 (quod
1476 1253 1617 1280 Hebraeum
1635 1256 1676 1279 est
1700 1258 1747 1277 vo-

958 1304 1097 1338 cabulum)
1114 1303 1266 1338 appellatur
1280 1301 1361 1328 etiam
1377 1299 1456 1326 vallis
1476 1299 1539 1331 illa;
1562 1304 1622 1332 quae
1637 1295 1746 1331 grandis

959 1357 1040 1386 atque
1051 1349 1212 1388 campestris
1229 1356 1260 1376 ex
1286 1352 1402 1381 utraque
1426 1351 1503 1380 parte
1515 1344 1631 1371 vallatur
1647 1342 1749 1369 monti-

960 1399 1012 1426 bus
1028 1396 1167 1425 contiuuis
1184 1403 1199 1422 a
1216 1394 1317 1422 Libano
1331 1399 1416 1427 usque
1429 1391 1462 1418 ad
1479 1391 1616 1418 desertum
1628 1388 1746 1414 Pharan.

960 1444 1062 1472 Dividit
1078 1447 1167 1469 autem
1183 1439 1310 1468 Iordanis
1337 1438 1474 1465 Galilaeam
1491 1440 1517 1464 et
1537 1434 1694 1466 Idumaeam,
1723 1437 1751 1460 et

962 1497 1062 1519 terram
1075 1488 1249 1522 Bosrat,ﬁqu:e
1272 1491 1298 1513 et
1311 1485 1435 1512 Idumaaae
1451 1482 1567 1510 secunda
1581 1479 1750 1514 metropolis.

120 1550 175 1578 zati
192 1559 199 1577 :
215 1549 370 1584 quicunque
384 1548 466 1575 etiam
491 1555 525 1575 ex
548 1546 621 1574 stilla
637 1545 724 1573 iconis
743 1525 876 1579 peruncti,
894 1550 908 1570 a
925 1549 946 1578 α
962 1537 1092 1565 Iordanis
1108 1536 1253 1563 descensus
1266 1533 1473 1566 Ῐηῑθΐρτθίθίυτ·
1490 1527 1548 1554 Dan
1562 1526 1621 1553 fere
1640 1525 1674 1552 ab
1688 1531 1750 1552 ⁰Γ¹¹¹

1057 1583 1061 1584 ν
1253 1579 1259 1584 ι
1298 1578 1313 1584 ι.
1403 1576 1437 1584 ’.Α
1458 1583 1464 1584 κ
1480 1580 1564 1584 ..λ-η..-
1580 1573 1611 1584 ..ΑΙ
1624 1571 1735 1584 1...Ι,Ιρι.η

123 1605 289 1632 quacunque
304 1600 487 1632 gravarentur
504 1593 672 1625 inﬁrmitate,
689 1591 748 1619 sani
766 1590 912 1618 reddeban-

123 1650 177 1671 tur.
195 1644 309 1679 Arphat,
329 1643 392 1671 urbs
420 1641 556 1669 Damasci.
582 1639 733 1666 Damascus
756 1637 783 1664 iu
812 1635 910 1671 Syria;

123 1691 160 1717 de
184 1697 236 1724 qua
256 1689 380 1717 historia.
403 1688 552 1715 Damascus
573 1688 654 1720 caput
680 1684 767 1719 Syria:
796 1684 912 1710 tenenda

126 1734 296 1769 metropolis.
325 1735 360 1760 In
383 1740 414 1760 ea
437 1731 598 1758 Damascum
622 1727 774 1756 construxit
797 1725 913 1757 Eliczer,

124 1788 221 1808 servus
240 1779 366 1810 Abrahae,
387 1778 413 1805 in
433 1784 497 1812 agro
513 1776 568 1808 illo,
593 1775 620 1801 in
639 1781 691 1809 quo
716 1772 782 1800 Cain
803 1771 914 1798 fratrem

125 1835 206 1855 suum
222 1826 290 1853 Abel
306 1825 415 1853 occidit.
434 1823 556 1850 Damasci
575 1820 707 1848 habitavit
729 1819 811 1851 Esau,
827 1818 872 1852 qui
888 1819 915 1842 ct

127 1872 201 1905 Seir,
224 1876 251 1899 et
270 1871 354 1898 Edom
382 1870 443 1896 Seir
469 1868 587 1902 pilosus;
606 1866 690 1892 Edoni
714 1863 799 1891 rutqu
813 1867 840 1890 et
869 1870 916 1888 ru-

128 1919 204 1946 bcus.
223 1918 263 1943 Ab
282 1916 364 1943 Edoni
383 1919 437 1941 tota
453 1914 499 1940 illa
516 1917 586 1939 terra
604 1915 716 1937 vocatur
732 1909 860 1936 ldutnzea.
878 1908 917 1934 De

128 1972 179 2000 qua
195 1965 221 1991 in
239 1963 343 1998 psalmo
358 1965 411 1989 ειη
427 1960 573 1987 Idumwam
594 1957 735 1984 extendam
752 1954 916 1981 calceamen-

129 2016 185 2038 tum
204 2009 325 2048 meant}.
343 2008 390 2035 Est
407 2012 496 2033 autem
519 2004 602 2031 Edam
633 2009 727 2030 vocata
743 2009 750 2028 :
766 2001 835 2027 unde
852 2006 917 2034 pro-

131 2057 212 2091 pheta
229 2064 236 2082 :
255 2055 318 2087 Qui:
330 2059 366 2081 est
381 2054 440 2082 ista,
459 2051 505 2086 qui
520 2049 590 2077 venit
616 2048 648 2074 de
665 2047 760 2079 Edunt,
777 2047 862 2073 tinctis
878 2053 920 2071 ve-

132 2101 215 2128 stibus
231 2100 263 2126 de
291 2099 378 2126 Bozra
391 2098 419 2123 ‘?
445 2096 492 2122 Est
509 2100 598 2121 autem
615 2091 738 2127 qumdam
754 2098 817 2124 pars
841 2095 921 2115 terra:

134 2146 216 2177 illius,
233 2151 303 2172 terra
318 2143 383 2174 llus,
397 2149 429 2168 cx
447 2147 499 2174 qua
514 2139 611 2165 beatus
623 2136 671 2163 Job
685 2143 692 2168 ;
706 2141 765 2168 qua:
778 2137 805 2160 et
820 2132 918 2164 Sueta;

135 2200 150 2220 a
179 2199 231 2226 qua
255 2189 354 2216 Baldad
383 2187 509 2218 Subites;
537 2183 564 2211 in
587 2189 639 2217 qua
662 2184 689 2207 ct
711 2179 833 2206 Thcman
863 2184 918 2204 me-

136 2222 261 2273 tropolis.
291 2237 331 2263 Ex
363 2234 511 2261 Themans.
543 2228 652 2263 Elipbat
682 2224 868 2256 Tlicmanites,
894 2222 921 2249 in

138 2268 191 2319 qua
211 2288 239 2311 et
259 2282 388 2309 Naamath
414 2278 560 2314 oppidum;
582 2282 596 2301 a
614 2280 667 2308 quo
683 2272 790 2306 Sophar
810 2268 926 2295 Naama-

139 2314 231 2358 thites.
247 2330 280 2356 Ili
305 2333 360 2355 tres
390 2325 575 2354 consolatores
597 2321 659 2349 Job.
689 2318 718 2345 1n
746 2317 869 2343 Idumam
894 2314 927 2340 ti—

139 2377 231 2408 nibus,
247 2376 300 2402 duo
321 2372 444 2400 milliaria
470 2378 486 2397 a
500 2369 628 2399 Jordane,
645 2365 740 2393 ﬁuvius
759 2362 861 2393 Jaboc;
875 2367 928 2395 quo

142 2422 316 2450 transvadalo
330 2418 423 2451 Jacob,
437 2423 498 2444 cum
512 2423 526 2441 a
545 2409 737 2447 Mesopotamia
754 2408 865 2439 rediret,
884 2405 928 2432 lu-

142 2475 234 2496 ctatus
252 2471 353 2493 cstcum
370 2464 484 2498 angeio;
499 2461 545 2495 qui
564 2460 598 2486 de
611 2457 695 2486 Iacob
710 2456 735 2483 ei
756 2461 853 2482 nomen
867 2460 930 2479 mu-

114 2543 118 2545 _
145 2515 210 2542 tavit
241 2513 268 2540 in
284 2510 378 2538 Israel.
404 2508 432 2535 In
459 2507 574 2534 Idumaea
602 2510 680 2531 tnons
701 2501 780 2534 Seir;
806 2500 856 2527 sub
878 2505 931 2533 quo

145 2559 304 2586 Damascus.
329 2555 388 2581 Duo
412 2551 537 2579 milliaria
565 2557 580 2576 a
611 2548 754 2578 Damasco,
786 2545 872 2576 locus,
905 2543 932 2569 in

145 2613 200 2640 quo
214 2603 296 2630 Saulo
313 2601 439 2628 Christus
458 2596 593 2632 apparuit,
611 2595 705 2621 dicens
724 2600 731 2619 :
749 2590 840 2623 Saule,
857 2589 931 2617 Sau-

146 2636 182 2684 [-9,
199 2649 260 2684 quid
276 2656 316 2674 me
329 2645 493 2680 persequeris
504 2643 532 2669 ‘?
548 2642 574 2669 in
590 2648 643 2673 quo
657 2643 683 2666 et
698 2638 807 2666 Saulum
823 2636 932 2664 claritas

119 2730 121 2733 η
147 2695 262 2725 dte-ctylo
280 2700 336 2721 non
356 2691 459 2719 modica
480 2686 672 2716 circumfulsit.
689 2684 718 2711 In
734 2684 866 2710 Damasco
883 2682 931 2707 ba-

149 2741 261 2778 ptizavit
275 2740 386 2768 Saulum
398 2737 531 2768 Ananias,
546 2741 645 2761 nomen
657 2733 682 2759 ei
696 2730 770 2758 Pauli
779 2729 930 2763 imponens.

151 2775 180 2817 In
198 2788 330 2815 Damasco
343 2786 376 2814 de
396 2783 484 2812 muris
500 2781 598 2810 missus
614 2778 666 2806 fuit
676 2777 776 2804 Paulus
791 2775 816 2802 in
830 2778 933 2809 sporta,

188 2849 198 2864 ι
216 2848 289 2876 Psal.
304 2854 349 2875 ιιι
374 2845 416 2873 to.
455 2845 466 2860 ¹
482 2842 534 2872 lsa.
549 2847 626 2872 um,
641 2839 667 2866 l.

151 2891 223 2918 cna,
239 2883 265 2911 5.

964 1592 1013 1612 suo
1024 1583 1231 1610 subterraneum
1245 1578 1317 1606 ducit
1334 1576 1468 1612 gurgitem
1480 1580 1566 1608 usque
1579 1573 1612 1598 ad
1624 1571 1749 1602 Meldam,

964 1630 1105 1666 planitiem
1121 1627 1195 1654 illam
1211 1626 1239 1652 in
1261 1631 1314 1659 qua
1330 1622 1395 1650 satis
1420 1624 1557 1655 patentem
1580 1625 1658 1645 suum
1678 1616 1752 1642 foras

964 1678 1065 1707 emittit
1092 1676 1210 1703 alveum.
1229 1671 1364 1700 Planities
1392 1669 1436 1697 illa
1467 1667 1553 1695 Melda
1571 1669 1694 1697 vocatur,
1719 1671 1752 1690 eo

965 1724 1038 1760 quod
1058 1724 1083 1750 in
1107 1722 1152 1749 illa
1173 1720 1268 1748 Meldis
1285 1723 1336 1746 est.
1364 1715 1527 1744 Saracenice
1544 1712 1651 1746 quidem
1675 1714 1753 1737 sonat

966 1756 1094 1806 plalaem.
1105 1768 1197 1795 Platea
1208 1765 1305 1797 ltlelda,
1317 1763 1412 1790 Latine
1426 1765 1515 1788 autem
1532 1759 1632 1794 platea,
1648 1756 1752 1785 forum;

967 1815 1053 1843 Mclda
1069 1822 1134 1842 vero
1149 1816 1271 1840 vocatur.
1284 1817 1316 1838 eo
1337 1808 1407 1844 quod
1422 1808 1543 1834 intrante
1561 1806 1653 1831 aestate
1674 1801 1755 1828 inuu~

968 1861 1109 1890 morabilis
1125 1859 1161 1887 ibi
1181 1857 1306 1893 populus,
1324 1860 1418 1883 secum
1433 1851 1557 1880 deferens
1569 1848 1659 1876 omnia
1676 1852 1756 1873 vena-

968 1908 1015 1940 lia,
1028 1905 1156 1934 convcnit
1171 1904 1320 1938 ingensque
1335 1899 1497 1927 Parthorum
1523 1900 1550 1923 et
1574 1895 1691 1920 Arabum
1705 1890 1755 1917 mi-

969 1953 1037 1984 litia,
1049 1950 1083 1977 ad
1100 1936 1227 1976 tuendum
1241 1945 1368 1981 populum
1384 1949 1411 1970 ct
1425 1949 1520 1976 greges
1532 1947 1595 1967 suos
1607 1939 1633 1965 in
1649 1936 1757 1972 pascuis

969 1998 1024 2025 illis
1040 1994 1185 2024 uberrimis
1199 2000 1247 2028 per
1261 1996 1343 2018 totam
1361 1992 1496 2016 azstalem.
1524 1985 1630 2012 Meldan
1648 1989 1757 2016 eumpo-

971 2043 1045 2070 nitur
1071 2049 1105 2069 ex
1130 2027 1206 2072 Mel;
1219 2042 1246 2065 et
1267 2034 1402 2064 [λιιι.Μώ
1423 2031 1588 2061 Saracenice
1604 2037 1684 2064 aqua.
1702 2027 1758 2053 Dan

972 2088 1081 2120 ﬂuvius,
1105 2094 1138 2114 ex
1168 2083 1281 2120 planitie
1306 2083 1364 2110 Dan
1391 2079 1519 2115 praedicta
1540 2085 1569 2104 se
1593 2076 1707 2103 reddens
1731 2073 1759 2099 in

972 2118 1095 2161 ﬂuvium.
1124 2118 1233 2157 Suctam
1256 2130 1392 2162 peragrat,
1410 2126 1436 2152 in
1463 2131 1515 2158 qua
1546 2121 1666 2157 pyramis
1689 2118 1760 2146 beati

974 2180 1024 2206 Job
1040 2181 1190 2212 superstes,
1208 2182 1222 2201 a
1239 2173 1342 2200 Graecis
1356 2176 1382 2198 et
1403 2169 1550 2205 gentilibus
1566 2165 1693 2194 solemnis
1710 2164 1759 2190 ha-

938 2214 960 2241 Ῐ)
977 2227 1066 2253 betur.
1084 2223 1151 2253 Dan,
1167 2226 1260 2247 contra
1277 2217 1415 2245 Galilazam
1429 2214 1547 2248 gentium
1571 2220 1600 2239 se
1616 2211 1761 2244 obliquatis

979 2270 1011 2297 ab
1033 2268 1098 2294 urbe
1124 2265 1211 2292 Cedar
1237 2261 1317 2289 caecis
1344 2258 1512 2286 medicabilia
1539 2256 1634 2282 balnea
1663 2253 1761 2288 spincti

979 2315 1057 2349 plana
1080 2310 1229 2347 profluens,
1253 2307 1300 2334 Jor
1326 2304 1479 2340 copulatur.
1504 2301 1550 2329 Jor
1564 2299 1637 2328 haud
1656 2300 1734 2333 longe
1748 2305 1762 2324 a

980 2360 1084 2388 Paneas
1096 2358 1183 2384 lacum
1201 2354 1273 2382 illius
1288 2351 1378 2380 reddit
1396 2357 1429 2378 ex
1453 2355 1492 2382 se,
1509 2351 1601 2383 postea
1620 2352 1694 2373 mare
1708 2344 1764 2372 Gu-

982 2407 1067 2437 Iilrcae,
1086 2408 1195 2430 sumens
1212 2399 1318 2427 initium
1335 2398 1404 2424 inter
1421 2393 1565 2422 Bethsaida
1591 2396 1619 2419 ct
1643 2390 1766 2425 Caphar-

982 2436 1073 2478 naum.
1090 2448 1112 2474 A
1128 2443 1271 2473 Bethsaida
1286 2443 1383 2470 Petrus
1407 2444 1434 2468 ct
1459 2438 1586 2469 Joannes,
1604 2436 1724 2463 Andreas
1740 2439 1767 2461 et

981 2495 1098 2523 Jacobns
1126 2490 1241 2525 Alphaei.
1267 2488 1388 2521 Quatuor
1411 2484 1538 2512 milliaria
1564 2491 1578 2509 a
1607 2480 1765 2510 Bethsaida,

983 2538 1128 2570 Corozain,
1152 2536 1178 2562 in
1200 2540 1253 2569 qua
1275 2532 1409 2559 nutrietur
1430 2528 1624 2558 Antichristus,
1641 2527 1769 2553 seductor

984 2584 1067 2613 orbis.
1083 2582 1120 2608 De
1132 2579 1264 2608 Corozain
1279 2583 1306 2604 et
1322 2576 1467 2603 Bethsaida
1481 2574 1517 2600 ait
1528 2572 1655 2600 Christus
1667 2569 1745 2597 Jesus
1762 2578 1769 2596 :

990 2631 1034 2658 Vw
1044 2625 1254 2660 libi,Corozain,
1265 2631 1302 2650 me
1315 2623 1373 2654 (ibi,
1385 2620 1527 2659 Bethsaizla
1536 2619 1556 2645 ⁸.
1573 2618 1696 2652 Quinque
1712 2615 1772 2642 mil-

986 2675 1065 2704 liaria
1095 2681 1110 2700 a
1134 2670 1278 2700 Corozain,
1301 2668 1400 2699 Cedar,
1430 2664 1658 2693 excellentissima
1678 2662 1774 2688 civitas

988 2724 1044 2754 illa,
1061 2721 1094 2748 de
1115 2725 1168 2753 qua
1187 2717 1215 2744 in
1233 2707 1355 2746 Psalmo,
1373 2721 1432 2740 cum
1453 2709 1631 2738 habitantibus
1653 2707 1738 2736 Ccdar
1751 2707 1773 2733 ⁷.

989 2769 1077 2798 Cedar
1092 2769 1298 2801 interpretatur,
1322 2762 1349 2788 in
1376 2758 1507 2787 tenebris.
1529 2756 1719 2791 Capharnaum
1733 2753 1773 2786 _in

706 2837 716 2853 ³
733 2835 794 2864 Act.
809 2842 846 2869 ιιι,
856 2834 881 2861 ι.

964 2834 1020 2859 ant.
1031 2836 1067 2862 iv,
1081 2827 1106 2855 8.
1145 2826 1154 2841 "
1165 2823 1260 2851 Matth.
1272 2829 1312 2854 ιιι⁷
1329 2819 1371 2847 l7.
1410 2811 1523 2845 °Matth.
1538 2822 1565 2843 ιι
1576 2834 1584 2846 .
1598 2813 1643 2841 21.
1682 2812 1692 2828 ⁷
1703 2810 1776 2839 Psal.
