1956 3077
213 159 267 192 935

938 153 1077 188 EUGESI
1083 152 1146 184 PPI

1799 153 1851 185 996

213 219 326 247 dextera
343 219 419 250 parte
438 213 522 242 maris
537 213 588 242 sita
614 218 667 248 est,
691 214 789 242 civitas
820 212 1007 244 Centurioms,
1021 213 1046 244 Α
1061 211 1139 240 mini.
1161 211 1292 240 Defuncto
1318 211 1400 248 igitur
1416 210 1547 245 Cleoplta,
1571 198 1680 238 salome
1704 209 1784 238 duxit
1801 210 1852 239 lte-

214 269 294 299 cujus
311 261 395 288 ﬁlium
410 259 438 286 in
453 266 484 286 ea
500 258 608 286 sanavit
629 258 725 292 Iesus;
741 258 775 287 de
791 265 845 294 quo
862 258 901 286 ait
917 266 924 286 :
942 257 1005 285 Non

215 307 300 335 iuveni
322 311 422 333 tantum
448 305 527 340 ﬁdem
551 305 580 332 in
601 304 686 333 Israel
707 305 730 332 '.
753 303 783 332 in
811 304 1004 339 Capharnaum

214 355 299 382 multa
326 353 379 380 alia
407 351 473 380 fecit
488 350 578 384 Iesus,
596 351 699 380 docens
726 351 752 378 in
774 350 929 386 Synagoga.
952 349 1005 377 Ca-

216 399 379 434 pharnaum,
392 397 453 424 villa
464 397 647 433 pulcherrima
663 397 869 432 interpretatur,
885 395 929 423 vel
941 395 1006 423 villa

214 443 428 480 pulchritudinis
446 451 453 470 :
471 450 531 478 quae
557 442 636 470 nobis
650 447 774 469 sanctam
796 441 897 477 ﬁgurat
912 440 1007 469 Eccle-

214 489 296 519 siam.
312 490 353 517 Ad
368 496 450 524 quam
466 493 523 515 tum
544 488 590 523 qui
607 488 640 515 de
664 486 769 515 Libano
783 487 965 520 descendunt,
979 487 1006 515 id

214 539 269 568 est,
281 535 315 562 de
330 538 450 562 candore
470 533 611 565 virtutum,
625 532 659 559 ab
677 539 709 559 ea
725 536 753 559 et
768 531 795 559 in
813 539 844 559 ea
860 531 1007 560 lucidiores

214 581 377 609 redduntur.
410 578 536 606 Secundo
558 577 686 605 milliario
709 585 724 604 a
739 577 943 613 Capharnaum,
962 578 1008 605 de-

215 633 331 655 scensus
344 625 418 653 illius
437 623 537 652 montis
560 629 613 658 est,
636 624 662 651 in
678 630 731 657 quo
756 623 954 651 sermocinatus
967 627 1008 651 est

216 672 250 699 ad
266 672 369 705 turbas,
395 675 421 698 et
447 670 576 697 instruxit
589 670 726 704 apostolos
753 677 836 703 suos;
856 669 883 697 in
910 676 965 704 quo
981 673 1009 697 et

214 719 354 753 leprosum
369 718 488 746 curavit.
506 715 635 744 Milliario
655 724 671 743 a
688 716 820 744 descensu
839 716 897 748 illo,
919 715 1006 748 locus,

216 763 246 791 in
264 770 319 798 quo
337 763 411 798 pavit
435 762 558 797 quinque
574 761 658 789 millia
673 761 814 789 hominum
836 768 870 788 ex
887 757 1009 796 quinque

215 810 331 844 panibus
346 813 373 836 et
389 808 496 836 duobus
512 808 644 842 piscibus.
662 806 740 834 Unde
756 807 832 834 locus
848 806 894 834 ille
913 813 1007 834 mensa

214 862 348 887 vocatur;
365 856 442 890 quasi
463 855 540 883 locus
556 855 726 882 refectionis.
749 854 798 882 Cui
821 854 898 882 locus
913 853 1008 889 subja-

215 907 260 929 cet
277 902 333 934 illc,
349 903 375 929 in
397 909 451 937 quo
466 901 592 928 Christus
606 905 667 936 post
683 899 912 928 resurrectionem
928 907 1006 927 suam

215 947 355 981 discipulis
378 947 514 981 apparuit,
531 947 679 973 comedens
695 953 756 973 cum
773 946 813 973 eis
827 951 934 980 partem
948 946 1005 980 pis-

215 991 255 1018 cis
268 992 322 1018 assi
335 998 417 1026 supra
431 999 526 1024 mare;
544 991 571 1018 in
591 998 645 1025 quo
659 996 686 1018 et
699 990 829 1018 Dominus
846 991 920 1019 sicco
937 991 1006 1026 pede

216 1036 375 1068 ambulavit,
391 1044 451 1064 cum
466 1038 538 1064 circa
555 1041 678 1072 quartam
693 1037 780 1064 noctis
791 1036 911 1072 vigiliam
925 1037 1006 1064 Petro

214 1087 243 1109 et
257 1083 372 1110 Audrea:
386 1083 554 1117 piscantibus
581 1083 725 1118 apparuit;
743 1083 787 1110 ubi
804 1088 832 1110 et
851 1082 944 1116 Petro,
961 1091 1007 1111 su—

214 1134 262 1162 pra
278 1128 311 1154 ad
332 1135 393 1154 eum
415 1128 454 1155 ire
476 1128 589 1161 volenti,
606 1133 633 1156 et
649 1135 749 1161 metso,
767 1128 806 1155 ait
827 1128 907 1156 Iesus
924 1138 931 1156 :
948 1129 1008 1156 Mo-

214 1174 282 1200 dica:
296 1173 359 1207 ﬁdei
371 1173 393 1200 '.
407 1173 459 1201 Ubi
478 1174 561 1200 etiam
586 1173 639 1201 alia
656 1174 716 1201 vice
732 1174 876 1209 discipulis
892 1175 962 1208 suis,
979 1175 1007 1202 in

214 1219 278 1247 navi
294 1219 443 1254 periclitari
459 1219 655 1252 metuentibus,
672 1227 748 1247 mare
778 1221 899 1254 quietum
916 1221 1007 1248 reddi-

216 1264 267 1291 dit.
284 1264 312 1291 ln
338 1265 450 1292 sinistro
480 1265 564 1292 maris
580 1265 679 1299 capite,
707 1265 807 1292 montis
835 1265 862 1292 in
876 1272 1006 1299 concavo,

215 1309 381 1344 Genezaret;
401 1310 480 1338 locus
497 1317 632 1346 generans
653 1317 760 1343 aurum,
783 1310 855 1345 quod
870 1311 957 1337 adhuc
974 1311 1008 1338 ab

214 1355 269 1383 illis
284 1356 464 1391 praesentibus
482 1356 611 1383 sumitur.
628 1355 757 1383 llilliario
775 1357 893 1383 secundo
911 1363 926 1383 a
952 1355 1008 1383 Ge-

214 1407 336 1435 nezaret,
352 1402 507 1437 Magdalum
520 1402 650 1437 oppidum
666 1423 674 1435 ,
693 1410 707 1429 a
725 1410 779 1437 quo
794 1401 877 1429 Maria
899 1401 1007 1437 Magda-

215 1449 289 1477 lena.
314 1448 377 1476 Ilaec
396 1452 486 1475 autetn
508 1450 585 1484 regio
602 1448 712 1476 Galliam
744 1448 865 1483 gentium
892 1453 949 1480 est;
980 1448 1007 1475 in

215 1494 290 1522 tribu
305 1499 395 1522 tamen
405 1493 526 1523 Zabulon
541 1498 568 1522 et
582 1493 766 1528 Nephthalim.
783 1493 813 1520 in
823 1490 1008 1528 superioribus

216 1540 274 1573 ejus
290 1539 419 1573 Galilaeae,
435 1539 531 1575 viginti
548 1540 657 1566 luerunt
669 1538 793 1566 civitates
808 1538 871 1571 illae,
887 1545 946 1572 qua:
959 1545 1007 1566 rex

215 1587 341 1615 Salomon
362 1586 453 1614 lliram
471 1586 526 1621 regi
545 1585 621 1621 Tyri,
639 1585 729 1613 amico
754 1590 815 1617 suo,
833 1585 904 1612 dono
919 1584 1003 1612 dedit.

216 1633 341 1660 Secundo
368 1629 494 1660 milliario
525 1639 540 1658 a
569 1630 702 1666 Magdalo,
733 1630 880 1663 Cenereth,
899 1637 960 1664 quae
978 1633 1005 1657 et

215 1678 339 1705 Tiberius
361 1685 376 1704 a
392 1676 503 1705 Tiberio
525 1676 635 1705 Caesare
656 1676 863 1711 cognominata;
879 1683 960 1710 quati)
977 1675 1006 1703 in

212 1723 357 1758 juventute
368 1731 416 1751 sua
434 1723 610 1758 frequentare
626 1722 741 1751 solebat.
759 1722 862 1755 Quarto
878 1721 1005 1749 milliario

215 1778 229 1796 a
245 1768 400 1804 Tiberiade,
413 1770 537 1797 Bethulia
553 1770 668 1802 civitas;
688 1776 721 1796 cx
741 1776 794 1803 qua
807 1767 913 1801 Iudith,
932 1774 1002 1802 quae,

214 1823 263 1851 pro
279 1821 359 1850 gente
378 1816 519 1849 salvanda,
538 1815 621 1843 nimis
635 1819 726 1843 astute
753 1814 869 1850 peremit
883 1812 1006 1841 Holofer-

215 1869 277 1888 nem
308 1863 334 1890 in
358 1863 501 1890 obsidione
514 1862 598 1890 urbis.
616 1861 743 1889 Milliario
762 1866 861 1895 quarto
885 1868 900 1888 a
924 1859 1006 1888 Tibe-

217 1908 292 1936 riade
318 1913 412 1936 contra
436 1909 592 1942 meridiem,
610 1908 748 1939 Dothaim,
778 1908 805 1934 in
830 1914 883 1942 quo
908 1906 1006 1935 fratres

213 1961 279 1982 suos
307 1962 415 1990 gregem
443 1958 587 1990 pascentes
612 1954 714 1988 reperit
733 1952 854 1988 Ioseph;
873 1960 954 1988 quem
975 1958 1004 1981 et

215 1999 370 2034 lsmaelitis,
397 2008 458 2028 eum
474 2001 536 2028 odio
554 2000 698 2032 habentes,
716 2000 908 2027 vendiderunt.
930 2000 1004 2028 Duo-

214 2048 320 2074 decimo
336 2047 461 2075 milliario
473 2054 488 2074 a
510 2046 662 2079 Tiberiade,
677 2046 822 2079 Nazareth,
838 2047 935 2073 civitas
951 2046 1005 2074 Ga-

214 2093 302 2125 lilmac,
321 2092 406 2127 patria
428 2092 591 2126 Salvatoris,
613 2100 646 2120 eo
669 2092 742 2128 quod
768 2092 795 2120 in
822 2099 855 2120 ea
886 2093 1005 2121 nutritus

215 2139 275 2167 fuit.
306 2137 439 2166 Nazareth
458 2138 652 2174 interpretatur
678 2139 740 2173 flos,
772 2139 814 2166 vel
840 2139 1003 2175 virgultum;

215 2193 265 2212 nec
280 2185 338 2213 sine
358 2193 452 2218 causa,
467 2192 529 2212 cum
546 2185 572 2212 in
595 2193 626 2213 ea
640 2191 717 2214 ortus
734 2186 770 2213 sit
792 2185 852 2218 flos,
873 2193 907 2213 ex
925 2186 1003 2218 cuius

1060 267 1117 287 rum
1129 260 1235 287 Annam
1247 266 1374 291 uxorem;
1387 258 1420 286 de
1430 265 1482 293 qua
1494 257 1587 293 genuit
1601 257 1710 285 tertiam
1722 257 1849 286 Mariam.

1057 305 1204 333 Zebedaeus
1218 304 1295 332 duxit
1311 310 1370 331 eam
1388 310 1510 336 uxorem,
1526 302 1652 330 videlicet
1668 302 1777 331 tertiam
1792 303 1852 330 Ma-

1058 351 1142 384 riam;
1159 357 1219 385 qute
1235 351 1330 386 genuit
1344 350 1369 377 ei
1390 349 1459 377 duos
1480 356 1595 383 magnos
1612 349 1697 381 viros,
1715 348 1850 377 Iacobum

1059 395 1192 425 Minorem
1205 401 1232 424 et
1251 396 1381 424 Joannem
1399 395 1609 432 Evangeiistam.
1631 395 1666 423 Et
1685 395 1731 424 isti
1748 395 1849 423 nihilo-

1058 443 1148 471 minus
1172 441 1282 477 cognati
1301 441 1408 469 Domini
1435 440 1559 469 fuerunt.
1587 440 1707 468 Primam
1734 440 1850 468 Mariam

1059 489 1137 518 duxit
1165 490 1193 518 in
1216 497 1329 517 uxorem
1353 488 1466 524 Ioseph,
1488 488 1534 524 qui
1564 487 1715 516 vocabatur
1742 487 1849 521 Iustus,

1057 537 1204 565 secundam
1219 536 1331 564 Mariam
1343 536 1420 564 duxit
1433 535 1569 571 Alpbazus.
1583 535 1710 563 Secundo
1720 535 1850 563 milliaria

1059 590 1073 609 a
1091 581 1219 616 Sephori,
1241 581 1314 611 Cana
1339 581 1467 613 Galilaate,
1482 584 1578 608 contra
1591 579 1747 614 Orientem;
1765 587 1781 607 a
1796 587 1850 615 qua

1059 628 1200 663 Philippus
1216 632 1245 656 et
1262 627 1422 655 Nathanael.
1442 627 1471 654 In
1485 634 1538 663 qua
1555 632 1584 655 et
1598 634 1665 661 puer
1678 626 1770 659 Iesus,
1786 634 1847 654 eum

1059 679 1146 702 matre
1170 674 1345 702 discumbens
1371 674 1398 701 in
1417 674 1529 708 nuptiis,
1551 681 1647 708 aquam
1671 675 1806 701 convertit
1823 674 1850 700 in

1059 721 1162 748 vinum.
1179 720 1211 748 in
1241 719 1376 748 Nazaretb
1395 719 1494 747 labitur
1521 719 1581 747 fons
1595 719 1726 756 exiguus;
1750 720 1778 746 in
1796 727 1852 755 quo

1060 765 1087 792 in
1112 765 1230 800 pueritia
1263 772 1312 793 sua
1338 764 1462 793 habitare
1490 764 1605 798 solebat,
1632 768 1659 791 et
1677 764 1742 792 inde
1768 764 1852 791 mini-

1059 812 1148 836 strare
1163 808 1244 836 matri
1261 816 1318 837 suae
1330 813 1357 836 et
1371 808 1434 837 sibi.
1450 808 1577 836 Milli-ario
1590 817 1604 835 ι
1620 807 1770 841 Nazareth,
1783 816 1849 836 con-

1059 857 1101 882 tra
1125 855 1278 887 meridiem,
1302 862 1391 889 mons,
1409 855 1455 890 qui
1479 854 1666 889 Praecipitatus
1683 855 1802 888 dicitur;
1817 862 1852 882 ex

1059 907 1112 934 quo
1128 899 1255 933 juvenem
1273 899 1366 928 Iesum
1390 901 1561 935 praecipitare
1586 901 1740 934 voluerunt,
1767 903 1854 928 annu-

1059 944 1145 972 lantes
1165 945 1336 979 prudentiam
1363 945 1439 980 ejus;
1459 945 1505 972 sed
1541 945 1574 972 ab
1604 946 1644 972 eis
1664 945 1691 972 in
1711 950 1853 972 momento

1059 988 1202 1023 disparuit.
1234 989 1337 1022 Quarto
1368 989 1496 1017 millierio
1523 997 1538 1016 a
1571 989 1723 1022 Nazareth,
1753 995 1851 1017 contra

1058 1033 1202 1066 orientem,
1221 1042 1302 1062 mons
1328 1034 1455 1068 Thabor;
1474 1034 1500 1062 in
1517 1042 1571 1070 quo
1598 1035 1801 1070 transﬁguravit
1823 1043 1853 1064 se

1058 1079 1148 1114 Iesus,
1170 1081 1300 1115 apostolis
1317 1081 1375 1109 suis
1396 1081 1562 1114 videntibus,
1588 1081 1681 1114 Petro,
1703 1081 1811 1110 Joanne
1823 1086 1853 1110 et

1058 1124 1172 1159 Iacobo,
1196 1125 1288 1162 Moyse
1313 1131 1341 1154 et
1368 1126 1440 1160 Elia;
1465 1127 1565 1162 quibus
1583 1127 1665 1155 etiam
1690 1135 1742 1156 vox
1761 1128 1852 1156 Patris

1058 1171 1151 1198 audita
1164 1176 1219 1204 est,
1235 1171 1330 1199 dicens
1349 1180 1356 1199 ι
1376 1171 1428 1198 Hic
1441 1176 1478 1198 est
1494 1170 1582 1199 Filius
1596 1180 1668 1200 metu
1684 1173 1798 1201 dilectus
1815 1174 1849 1201 υ.

1061 1216 1189 1244 Secundo
1206 1217 1334 1244 milliario
1348 1224 1363 1244 a
1378 1216 1499 1250 Thabor,
1512 1221 1607 1244 contra
1621 1218 1755 1246 orientem
1771 1226 1851 1247 mons

1060 1262 1189 1291 Hermon.
1219 1263 1248 1290 in
1281 1264 1412 1291 descensu
1439 1263 1540 1291 montis
1564 1263 1682 1297 Thabor,
1729 1265 1854 1292 obviavit

1059 1310 1184 1343 Abrahae,
1203 1309 1326 1337 redeunti
1355 1316 1369 1336 a
1395 1309 1469 1337 caede
1487 1309 1606 1342 Amalec,
1635 1310 1851 1341 Melchisedech.

1059 1356 1104 1391 qui
1130 1361 1158 1384 et
1172 1355 1259 1389 'Sem,
1285 1355 1356 1383 ﬁlius
1385 1354 1452 1389 Noe,
1475 1357 1613 1390 sacerdos,
1630 1361 1658 1384 et
1676 1364 1723 1384 rex
1742 1356 1848 1391 Salem,

1059 1407 1227 1437 przesentans
1252 1402 1277 1429 ei
1301 1409 1398 1437 panem
1418 1406 1446 1430 et
1472 1403 1583 1436 vinum;
1614 1403 1685 1438 quod
1714 1403 1850 1438 signiﬁcet

1059 1448 1221 1476 oblationem
1254 1448 1348 1476 altaris
1378 1448 1479 1475 Christi
1508 1449 1558 1476 sub
1592 1450 1689 1484 gratia.
1719 1450 1849 1478 Secundo

1059 1495 1186 1523 milliario
1199 1502 1215 1521 a
1231 1494 1350 1527 Thabor,
1367 1493 1443 1521 Naim
1465 1494 1563 1522 civitas
1577 1502 1585 1527 ;
1601 1495 1633 1522 ad
1649 1495 1726 1530 cujus
1741 1500 1847 1530 portam

1060 1541 1186 1569 Christus
1206 1541 1325 1568 restituit
1339 1540 1400 1568 vitae
1433 1539 1517 1567 ﬁlium
1535 1541 1632 1568 viduae.
1659 1540 1746 1575 Supra
1770 1541 1850 1569 Naim

1059 1594 1138 1615 mons
1160 1586 1253 1614 Endor
1267 1595 1274 1614 :
1290 1586 1323 1614 ad
1349 1586 1467 1614 radicem
1492 1586 1682 1623 cujus,.lsupra
1701 1593 1851 1615 torrentem

1057 1632 1222 1664 Raduinum,
1244 1632 1291 1668 qui
1315 1635 1357 1659 est
1385 1636 1496 1659 torrens
1521 1632 1614 1665 Cisou,
1644 1633 1688 1660 ubi
1712 1640 1776 1660 cum
1796 1633 1851 1660 ﬁlio

1058 1679 1168 1707 Deborte
1186 1678 1372 1714 prophetissae,
1387 1678 1492 1706 Barach
1512 1679 1584 1707 ﬁlius
1603 1679 1735 1707 Abinoem
1757 1680 1850 1707 derint

1056 1725 1200 1759 Idumaeos,
1228 1725 1320 1753 Sisara
1338 1725 1465 1753 videlicet
1493 1726 1584 1753 occiso
1609 1733 1625 1753 ι
1652 1725 1741 1758 Iahel,
1765 1733 1850 1754 uxore

1056 1770 1145 1799 Heber
1159 1771 1253 1805 Cinmi,
1266 1770 1322 1799 Zeb
1332 1776 1433 1804 autem,
1447 1776 1474 1800 et
1488 1771 1577 1800 Zebee
1593 1777 1619 1799 ct
1632 1771 1758 1799 Sulmana
1771 1776 1848 1810 trans

1056 1816 1201 1845 Iordanem
1235 1824 1412 1853 persequens,
1444 1817 1533 1852 gladio
1565 1818 1696 1852 peremit;
1731 1817 1847 1852 Barach,

1056 1863 1127 1892 duce
1143 1870 1236 1890 eorum
1252 1863 1277 1890 in
1296 1862 1398 1895 Endor,
1412 1867 1439 1890 et
1455 1864 1505 1890 sub
1522 1862 1614 1890 Endor
1629 1864 1752 1892 exercitu
1764 1872 1846 1892 casso.

1056 1908 1120 1935 lude
1146 1908 1172 1935 in
1190 1908 1306 1942 psalmo,
1334 1908 1439 1935 Thabor
1461 1913 1485 1936 et
1503 1909 1618 1937 Hermon
1631 1910 1662 1942 ι’,
1678 1915 1731 1937 etc.
1745 1910 1847 1943 Quinto

1056 1955 1183 1983 milliario
1198 1963 1213 1982 a
1237 1955 1327 1988 Naim,
1343 1955 1467 1983 Iezrahel
1483 1956 1590 1987 civitas,
1609 1963 1671 1991 quae
1687 1960 1714 1983 et
1728 1955 1846 1990 Zarat»;

1055 2009 1088 2030 ex
1101 2010 1154 2037 qua
1167 2001 1286 2034 Iezabel,
1302 2001 1462 2037 impiissima
1489 2001 1593 2037 regina,
1611 2001 1671 2034 fuit,
1683 2009 1744 2037 qua
1753 2002 1846 2030 abstu-

1055 2048 1086 2076 lit
1103 2048 1209 2076 vineam
1224 2047 1332 2075 Naboth
1346 2055 1354 2076 :
1369 2055 1430 2082 qua:
1444 2052 1483 2080 et,
1496 2056 1546 2084 pro
1559 2048 1770 2084 importunitate
1784 2056 1844 2083 sua,

1055 2094 1089 2123 de
1113 2101 1220 2123 summo
1238 2093 1332 2128 palatii
1361 2093 1403 2121 stti
1428 2093 1596 2129 praecipitata
1627 2092 1729 2121 interiit
1747 2103 1753 2120 :
1768 2094 1847 2128 cujus

1055 2140 1145 2169 adhuc
1173 2141 1294 2176 pyramis
1305 2143 1444 2175 superstes
1467 2140 1584 2168 videtur.
1603 2139 1682 2168 quta
1708 2140 1845 2174 Iezrahel,

1055 2195 1166 2223 campus
1178 2187 1326 2222 Mageddo;
1342 2187 1368 2213 in
1384 2193 1437 2221 quo
1446 2185 1535 2214 'Iosias
1548 2179 1594 2214 rex
1609 2194 1625 2214 a
1638 2194 1701 2222 rege
1714 2187 1846 2215 Samaria:

215 2231 303 2258 fructu
320 2232 448 2259 saeculum
467 2232 598 2267 repletum
610 2237 662 2260 est.
680 2231 744 2260 Flos
759 2233 810 2260 iste
830 2233 907 2266 virgo
920 2232 1004 2260 Maria
1018 2234 1043 2264 Ι)
1056 2230 1182 2258 subactus
1197 2229 1335 2264 occubuit,
1351 2229 1448 2258 deinde
1462 2230 1613 2258 translatus
1634 2231 1660 2258 in
1677 2231 1742 2259 Sion
1763 2236 1791 2259 et
1802 2239 1846 2259 se-

213 2285 246 2304 ex
270 2285 323 2313 qua
346 2277 455 2306 Gabriel
485 2272 661 2314 archangelus
692 2279 720 2306 in
746 2280 841 2306 eadem
864 2277 1000 2306 Nazareth

214 2319 311 2350 Filium
329 2323 461 2350 Altissimi
491 2323 659 2351 nasciturum
680 2323 824 2355 nuntiavit,
850 2323 977 2357 inquiens
997 2331 1006 2351 :

212 2369 275 2402 Ave,
292 2368 380 2396 Maria
393 2370 425 2398 ¹⁰.
439 2369 475 2396 De
490 2369 624 2397 Nazareth
639 2370 741 2397 dictum
753 2369 802 2396 fuit
817 2379 824 2398 :
839 2370 859 2396 Α
874 2369 1006 2396 Nazareth

211 2419 296 2450 potest
313 2415 373 2442 boni
399 2415 500 2450 aliquid
528 2414 603 2442 esse?
626 2415 756 2442 Milliario
774 2416 870 2450 quinto
884 2422 898 2442 a
917 2414 1003 2442 Naza-

214 2461 285 2494 reth,
303 2460 433 2496 Sephoris
457 2461 565 2495 civitas,
584 2461 637 2493 via,
655 2468 716 2496 quae
734 2461 809 2488 ducit
830 2461 937 2488 Achon.
961 2459 1002 2488 Ex

215 2506 331 2542 Sephori
355 2512 440 2534 mater
457 2507 542 2535 beatae
566 2507 677 2540 Mariae,
699 2507 788 2540 Anna,
809 2511 835 2534 et
854 2506 1000 2541 Hermana,

213 2561 330 2581 sorores.
347 2553 385 2581 De
413 2553 549 2582 Hermana
575 2558 637 2580 nata
665 2558 708 2581 est
734 2553 886 2585 Elizabeth,
914 2558 1000 2580 mater

212 2599 324 2627 Ioannis
355 2599 493 2634 Baptistae.
522 2600 607 2628 Porro
634 2599 757 2628 Ioachim
787 2599 863 2626 duxit
890 2599 996 2626 Annam

213 2652 336 2678 uxorem.
356 2646 401 2681 qui
415 2647 506 2681 genuit
519 2653 552 2673 ex
566 2653 598 2674 ea
613 2645 737 2679 Mariam,
752 2644 864 2672 Matrem
881 2645 997 2673 Domini.

212 2690 318 2718 Mortuo
330 2690 466 2725 Ioachim,
479 2691 613 2727 Cleophas
627 2691 705 2719 duxit
716 2691 820 2718 Annam
836 2691 862 2717 in
875 2698 998 2722 uxorem,

211 2740 238 2762 et
257 2738 349 2772 genuit
367 2745 401 2765 ex
424 2745 456 2766 ea
471 2738 585 2766 alteram
602 2737 727 2770 Mariam,
760 2744 820 2772 qua:
834 2736 884 2764 fuit
914 2741 1001 2764 mater

212 2781 305 2810 Jacobi
331 2783 445 2812 minoris
462 2784 577 2819 Alpluei,
599 2783 646 2819 qui
667 2783 817 2818 appellatur
838 2783 919 2810 frater
947 2782 1001 2810 Do-

249 2844 506 2887 {Mattb.vttt,i2.
543 2851 692 2882 ’ibid.26.
734 2853 754 2869 ιο
770 2852 838 2881 Luc.
861 2852 942 2882 μεθ.
983 2850 1115 2886 “Matth.
1142 2858 1207 2887 xvn,
1224 2851 1250 2879 5.

215 2891 235 2918 ι,
251 2885 296 2912 21.

1056 2276 1146 2312 pultus
1161 2284 1168 2303 :
1182 2284 1231 2312 pro
1250 2275 1330 2311 cujus
1346 2279 1434 2303 morte
1457 2275 1521 2304 fecit
1546 2276 1678 2305 Ieremias
1702 2277 1846 2306 Lamenta-

1054 2324 1155 2351 ti0nes.
1181 2322 1308 2350 Milliario
1334 2330 1349 2349 a
1380 2321 1518 2356 Iezrahel,
1549 2329 1654 2351 montes
1680 2324 1799 2358 Gelboe;
1818 2326 1845 2353 in

1055 2370 1154 2404 quibus
1180 2368 1345 2396 dimicantes
1365 2368 1429 2396 Saul
1455 2373 1482 2396 et
1509 2368 1650 2403 Ionathas,
1679 2371 1782 2398 subacti
1805 2371 1846 2399 si-

1054 2415 1171 2443 luerunt.
1194 2415 1271 2443 Unde
1290 2414 1375 2443 David
1396 2423 1403 2442 :
1429 2414 1531 2443 Montes
1552 2414 1647 2443 Galbae
1661 2417 1693 2449 ",
1712 2422 1765 2444 etc.
1793 2417 1846 2445 Se-

1056 2461 1146 2489 cundo
1164 2461 1291 2489 milliario
1309 2468 1324 2489 a
1353 2461 1464 2495 Gelboe,
1492 2466 1586 2490 contra
1605 2461 1755 2493 Orientem.
1774 2463 1845 2499 Scy-

1057 2507 1173 2542 thopolis
1197 2507 1304 2539 civitas,
1327 2506 1445 2534 Galilaeae
1472 2508 1646 2542 metropolis,
1669 2516 1728 2544 quae
1746 2514 1773 2536 et
1795 2508 1846 2536 Be-

1054 2555 1144 2587 thsan,
1165 2553 1190 2580 id
1207 2557 1258 2585 est,
1280 2553 1374 2580 domus
1388 2552 1465 2587 solis,
1490 2558 1530 2581 vet
1546 2553 1652 2587 civitas,
1671 2562 1751 2589 supra
1767 2555 1845 2589 cujus

1055 2607 1148 2627 muros
1177 2598 1378 2633 suspenderunt
1399 2603 1481 2633 caput
1513 2598 1588 2626 Saul.
1618 2599 1718 2632 Quinto
1745 2599 1844 2627 millia-

1052 2646 1094 2672 rio
1124 2651 1139 2671 a
1156 2643 1289 2676 Iezrahel,
1313 2643 1449 2679 geminum
1476 2643 1604 2678 oppidum
1633 2645 1715 2677 illud,
1745 2652 1759 2671 a
1791 2652 1845 2679 quo

1052 2690 1147 2725 incipit
1188 2689 1323 2717 Samaria.
1350 2689 1462 2717 Decimo
1496 2690 1623 2717 milliario
1651 2697 1667 2717 a
1700 2689 1843 2724 Samaria,

1053 2744 1113 2771 qua:
1127 2740 1153 2764 et
1168 2735 1290 2768 Sebaste,
1310 2735 1336 2763 id
1363 2739 1416 2768 est,
1432 2735 1565 2770 Augusta,
1586 2736 1620 2763 ab
1635 2737 1756 2771 Augusto
1781 2735 1842 2764 Ca:-

1056 2788 1118 2810 sare
1133 2782 1204 2809 dicta
1219 2790 1227 2809 ι
1246 2781 1272 2809 in
1286 2788 1337 2816 qua
1353 2781 1474 2816 sepultus
1497 2781 1547 2809 fuit
1571 2782 1774 2817 paranymphus
1795 2781 1842 2809 ille

1312 2851 1332 2868 "
1345 2851 1418 2881 Psal.
1444 2858 1575 2885 Lxxxvm,
1593 2851 1635 2880 l3.
1693 2852 1714 2868 ”
1730 2851 1753 2880 fl
1771 2851 1840 2889 Reg.
