1956 3077
149 138 203 170 997

790 136 840 166 DE
860 134 970 166 LOClS
989 133 1158 166 SANCTIS.

1728 139 1780 170 998

151 201 179 225 et
193 203 343 231 prmcursor
364 196 479 229 Domini,
494 195 611 223 Joannes
627 195 762 230 Baptista.
775 195 809 222 ab
832 194 938 221 Herode
953 195 977 224 Α
990 191 1130 221 Bethleem
1159 193 1353 226 interpretatur
1383 194 1483 223 Domus
1509 196 1604 231 panis;
1641 203 1690 224 nec
1720 197 1779 224 sine

151 243 299 270 dccollatus
311 247 387 270 trans
402 242 548 270 Iordanem
559 242 637 276 juxta
650 242 743 269 lacum
767 240 938 274 Asphahilen

151 289 176 315 in
201 288 320 316 Castello
347 287 502 320 Macherus,
533 292 560 315 et
588 295 604 315 a
636 287 776 322 discipulis
804 287 861 314 suis
878 286 940 314 inde

150 335 299 362 translatus
314 334 457 368 Sebasten,
482 335 572 370 ibique
595 335 717 369 sepultus
733 333 803 361 inter
820 332 939 360 Eliseutn

150 387 176 408 et
191 381 306 408 Abdiam
326 389 334 408 :
353 386 447 415 postea
472 381 571 409 exinde
594 384 766 416 assumptum
799 386 900 414 corpus
919 383 938 405 ‘a

150 427 255 454 Iuliano
267 431 408 462 Apostata,
424 427 482 461 ejus
494 428 572 462 jussu
589 431 741 455 crematum
760 425 847 454 fuisse
875 432 939 460 per-

149 473 271 505 lubctur,
287 474 357 500 datis
379 477 460 500 vento
474 474 630 506 cineribus;
647 473 692 500 sed
711 473 815 507 absque
831 472 937 507 capite,

149 518 220 550 quod
246 517 436 544 Alexandriam
451 522 528 544 antea
545 517 707 545 translatum
731 517 829 549 fuerat,
843 522 937 552 postea

148 563 422 598 Constantinopolim,
444 563 478 591 ad
503 563 628 591 ultimum
660 564 686 591 in
711 561 809 591 Gallius
839 569 937 598 pagum

148 607 356 641 Pictavieusem,
380 614 407 636 et
433 609 535 644 absque
557 609 660 645 judice,
683 610 756 644 quod
782 609 937 637 venientem

148 654 241 682 Iesum
257 656 289 682 ad
309 655 443 690 baptisma
466 655 607 689 iudicavit,
631 656 745 684 dicens:
763 656 832 684 Ecce
848 657 938 691 Agnus

148 698 196 726 Dei
212 699 244 726 “.
259 699 381 727 Iudicem
397 699 502 727 Iustum
521 705 616 728 sancta
630 700 714 735 Virgo
740 707 843 737 martyr
854 701 937 736 Alpes

148 746 210 773 tulit
231 745 344 779 Thecla,
359 747 404 774 ubi
431 747 482 774 sub
499 747 616 775 maxima
632 747 806 775 veneratione
833 751 938 775 leuetur

147 792 173 818 iu
202 792 316 820 ecclesia
346 792 505 821 Morinensi.
531 791 657 820 Samaria
684 801 783 821 nomen
813 794 888 821 urbis
907 798 938 821 et

146 838 252 871 patriae.
268 838 380 873 jQuarto
398 838 525 867 milliario
545 846 559 866 a
575 838 701 871 Sebaste,
722 838 859 874 Neapolis,
876 845 936 874 qua:

146 867 174 911 et
191 867 311 916 Sichem,
332 892 348 912 a
375 884 484 912 Siehem
500 889 577 920 patre
593 867 703 917 Hcmor,
718 885 764 920 qui
781 867 893 912 .Dinam-
905 886 936 912 ll-
953 867 974 895 Β

147 929 211 956 liam
230 931 330 964 rapuit,
346 930 447 958 ﬁnibus
462 931 515 958 illis
531 931 762 959 deambulantem.
777 932 807 958 ιιι
827 930 936 958 Sichem

147 981 212 1002 vero
237 975 321 1002 relata
348 975 459 1002 fuerunt
479 983 540 1003 ossa
571 975 669 1010 Ioseph
700 983 733 1003 ex
757 975 884 1011 ngypto.
907 974 937 1002 In

147 1020 256 1048 Sichem
279 1021 356 1055 juxta
377 1021 479 1048 fontem
509 1021 655 1048 fabricavit
670 1020 813 1049 Ieroboam
839 1021 937 1049 vitulos

145 1074 245 1094 aureos
262 1067 341 1098 duos,
359 1074 428 1100 quos
454 1068 562 1094 adorari
581 1067 643 1095 fecit
660 1075 674 1093 a
689 1067 782 1095 decem
799 1067 936 1099 tribubus,

145 1110 215 1146 quas
242 1119 256 1138 a
274 1111 425 1139 Jerusalem
458 1112 607 1139 abduxerat
632 1117 659 1139 et
686 1113 842 1140 sedttxerat.
859 1112 938 1140 Unde

145 1164 228 1182 unum
244 1164 276 1183 ex
288 1157 328 1184 eis
341 1157 430 1191 posuit
446 1157 471 1184 in
486 1157 554 1189 Dan,
570 1158 652 1184 alium
669 1158 692 1184 in
706 1158 810 1185 Betbel.
828 1157 936 1185 Sichem

147 1203 242 1229 urbem
261 1202 333 1229 illam
350 1203 507 1230 deleverunt
523 1203 569 1230 lilii
591 1203 685 1233 Iacob.
702 1203 855 1237 Hemorquc
872 1211 937 1237 per-

146 1252 282 1280 emerunt,
308 1248 429 1275 dolentes
445 1249 477 1275 de
501 1249 635 1276 adulterio
659 1248 734 1276 Dina:
754 1249 854 1276 sororis
870 1256 935 1276 suae.

147 1294 256 1321 Siehem
271 1294 408 1321 iisdiehus
424 1294 549 1325 Neapolis
565 1295 676 1326 dicitur,
694 1295 719 1322 id
737 1299 789 1327 est,
805 1294 879 1322 Nova
896 1296 936 1322 ci-

148 1340 229 1372 vitas,
248 1338 344 1366 Sicbar
367 1345 451 1371 ante;
484 1339 561 1374 juxta
577 1339 685 1367 Sichem
708 1341 847 1374 praedium,
863 1340 936 1375 quod

148 1385 223 1412 dedit
237 1383 322 1412 Iacob
345 1385 401 1412 lilio
418 1392 467 1412 suo
495 1385 607 1419 Ioseph.
635 1385 665 1412 ln
683 1393 737 1420 quo
756 1385 816 1413 foris
840 1385 935 1420 Iacob,

146 1430 192 1464 qui
220 1433 246 1457 et
266 1435 380 1464 puteus;
407 1438 487 1465 supra
503 1438 582 1464 qtteut
608 1431 818 1466 evattgelizalur,
835 1432 935 1459 fessum

147 1477 245 1504 itinere
254 1476 355 1508 Iesum,
367 1484 520 1504 sermonem
537 1477 663 1504 habuisse
675 1485 734 1504 cum
748 1478 934 1511 Samaritana;

147 1523 192 1550 ubi
217 1531 288 1550 nunc
314 1527 342 1550 et
358 1523 474 1550 ecclesia
505 1523 682 1551 construitur.
701 1523 783 1550 quta
813 1523 933 1556 Sichem,

149 1569 318 1596 terebinthus
339 1569 395 1601 illa,
411 1569 462 1596 sub
480 1577 532 1603 qua
550 1569 634 1596 Iacob
646 1565 891 1598 absconditidola.
908 1570 937 1598 ln

148 1614 253 1646 Bcthel,
274 1614 401 1642 tnilliario
421 1623 435 1641 a
455 1614 576 1646 Sichetn,
594 1614 668 1642 Luza
689 1615 797 1648 civitas,
825 1616 851 1642 in
884 1623 937 1651 qua

148 1669 196 1696 per
213 1661 326 1688 multum
344 1661 476 1695 temporis
493 1661 609 1695 spatium
627 1661 760 1688 habitavit
774 1661 912 1689 Abraham
928 1670 936 1689 :

147 1706 192 1732 ubi
207 1710 234 1733 et
249 1705 344 1738 Iacob,
360 1705 507 1738 dormiens,
528 1705 629 1732 scalam
646 1706 711 1733 vidit
725 1707 758 1733 ad
774 1711 854 1740 caput
866 1706 935 1741 ejus,

147 1751 249 1779 ctelum
265 1757 430 1787 tangentem,
459 1750 624 1786 angelusque
639 1759 687 1786 per
702 1759 761 1779 eam
788 1753 938 1780 ascenden-

148 1802 189 1825 tes
212 1802 239 1824 et
252 1797 467 1830 descendentes;
488 1801 515 1824 et
537 1797 630 1825 statim
653 1797 798 1833 evigilaus,
811 1798 848 1825 ait
864 1808 871 1826 :
888 1797 937 1826 Hic

147 1843 222 1871 locus
252 1851 310 1871 rere.
333 1849 440 1870 sanctus
454 1848 502 1877 est,
517 1848 540 1870 et
556 1849 634 1879 porta
648 1844 705 1871 celi
727 1845 764 1877 ¹⁵,
776 1844 937 1880 erigensun

147 1889 264 1924 lapidem
282 1890 310 1916 in
343 1889 460 1922 titulum,
486 1889 630 1924 oleumque
661 1890 776 1918 fundens
808 1890 936 1924 desuper,

149 1935 298 1971 appellavit
327 1942 425 1963 nomen
443 1935 494 1963 loci
516 1936 587 1962 illius
613 1935 718 1968 Bethel,
738 1936 784 1971 qui
810 1937 937 1972 primitus

148 1981 220 2009 ana
236 1982 435 2017 appellabatur.
455 1980 483 2008 In
500 1981 605 2013 Betltel,
622 1983 709 2017 angeli
730 1988 875 2018 pracepto,
890 1990 937 2011 vo-

135 2058 137 2060 ,
150 2028 200 2055 luit
217 2028 354 2055 Abraham
369 2027 510 2055 immolare
526 2027 640 2055 Domino
655 2028 740 2055 tilium
756 2036 834 2056 suum
848 2030 936 2057 Isaac.

149 2075 198 2102 Est
217 2080 306 2102 autem
321 2074 415 2102 Bethel
428 2073 596 2101 collateralis
611 2082 689 2101 mons
704 2073 838 2107 Garilim,
850 2075 938 2110 respi-

148 2121 226 2148 ciens
249 2125 366 2148 montem
401 2120 498 2150 Hebal.
527 2120 660 2147 orientem
684 2119 762 2154 juxta
778 2119 836 2147 Dan
856 2127 938 2154 super

150 2167 271 2194 Sichem.
291 2167 426 2193 Viceslmo
450 2165 577 2193 Inilliario
592 2173 606 2193 a
624 2165 735 2193 Sichem
752 2170 907 2200 quartoque
920 2173 936 2194 a

991 246 1084 271 causa,
1104 239 1165 273 quia
1180 239 1213 266 de
1235 239 1300 267 ﬂore
1322 239 1462 269 Nazarcno
1478 243 1610 276 processit
1632 242 1658 270 in
1676 249 1707 270 ea
1722 242 1780 270 fru-

990 288 1049 312 olus
1067 285 1139 316 vitae,
1155 285 1189 312 de
1204 284 1312 320 Virgine
1323 285 1406 314 Maria
1421 285 1504 316 Filius
1519 288 1565 316 Dei
1579 288 1643 321 vivi,
1653 288 1779 317 videlicet

989 329 1114 357 Christus
1128 328 1217 360 Iesus.
1236 330 1281 364 qui
1306 330 1383 364 panis
1399 335 1440 358 est
1455 332 1624 367 angelorum,
1642 336 1778 369 totiusque

991 373 1084 401 mundi
1111 374 1176 401 vita.
1195 373 1223 401 In
1254 373 1401 408 Bethleem,
1429 375 1507 410 juxta
1531 376 1617 404 locum
1646 377 1778 406 Nulli-ita-

988 418 1036 450 tis.
1067 426 1195 454 prtesepe,
1217 419 1248 447 in
1279 427 1332 455 quo
1358 425 1386 448 et
1412 421 1469 454 ipse
1495 420 1609 450 latitavit
1633 423 1722 451 infans
1734 424 1781 451 Ie-

988 472 1046 493 sus.
1064 464 1140 493 Unde
1154 469 1182 492 et
1205 466 1337 500 propheta
1355 474 1362 492 :
1379 465 1507 500 Cognovit
1529 466 1574 494 bos
1601 475 1777 500 possessorem
1798 475 1801 477 '

989 519 1066 538 suum
1082 511 1115 539 ¹⁷.
1133 511 1173 538 Ex
1197 519 1250 547 quo
1266 511 1368 540 frenum
1386 512 1460 545 illud,
1488 511 1515 539 in
1536 520 1590 547 quo
1612 513 1778 546 latitaverat,

990 557 1104 584 Romam
1119 558 1236 586 delatum
1254 557 1343 585 fuerat
1362 561 1397 586 ab
1421 558 1535 592 Helena,
1551 563 1576 586 et
1604 559 1717 588 honeste
1733 568 1777 588 re-

989 603 1129 630 conditum
1143 603 1169 631 in
1183 604 1298 631 ecclesia
1313 610 1415 632 sancta
1430 604 1521 632 Mariae
1545 604 1665 638 majoris.
1680 605 1777 633 Millia-

989 649 1031 676 rio
1058 656 1074 676 a
1101 648 1253 682 Bethleem,
1282 650 1386 678 refulsit
1410 650 1454 677 lux
1475 651 1637 684 pastoribus,
1663 650 1779 679 Domino

989 699 1064 727 nato,
1081 694 1140 730 ejus
1164 699 1313 730 apparentc
1338 695 1434 730 angelo
1455 701 1483 723 et
1498 696 1605 724 dicente
1621 696 1733 724 :Glaria
1750 699 1777 726 iu

987 741 1098 769 excelsis
1111 741 1165 769 Deo
1178 742 1210 770 ’⁸.
1236 741 1264 769 ln
1283 742 1421 770 Bethleem
1437 750 1507 770 nova
1534 743 1612 771 stella
1636 745 1716 778 duce,
1733 751 1778 774 ve-

990 791 1088 816 nerunt
1103 793 1158 816 tres
1172 796 1252 823 reges
1275 788 1310 815 ab
1334 787 1457 820 Oriente,
1475 789 1596 816 venerati
1623 796 1715 817 natum
1731 790 1777 818 Ie-

989 842 1063 867 sum,
1079 838 1116 867 et,
1133 839 1163 862 ut
1180 834 1282 870 Regem
1306 834 1462 869 angelorum
1485 837 1642 869 adorarent,
1659 843 1778 870 prmeri-

991 885 1080 909 tanles
1097 881 1213 917 mystica
1228 888 1352 912 munera,
1366 889 1473 914 aurum,
1491 881 1566 914 thus,
1582 885 1609 908 et
1627 882 1776 917 myrrham.

989 927 1018 954 ln
1041 927 1178 956 Bethleem
1199 927 1312 962 ejusque
1330 927 1440 960 ﬁnibus,
1458 927 1588 954 decollari
1603 927 1687 962 jussit
1701 927 1779 955 lnno-

990 979 1082 1001 centes
1109 974 1231 1002 llermles
1253 982 1260 1000 :
1284 981 1400 1009 quorum
1426 980 1489 1008 pars
1522 974 1656 1006 maxima,
1683 977 1778 1004 contra

990 1020 1143 1053 meridiem,
1163 1020 1284 1048 secundo
1308 1019 1434 1047 milliaria
1456 1028 1471 1046 a
1488 1019 1639 1053 Bethleem,
1656 1020 1777 1047 secundo

989 1073 1005 1092 a
1020 1065 1141 1099 Thecua,
1158 1066 1262 1101 sepulta
1277 1067 1405 1101 quiescit.
1428 1066 1531 1098 Quarto
1547 1067 1675 1094 ntilliario
1688 1074 1703 1093 a
1727 1066 1780 1094 Be-

992 1111 1102 1143 thleem.
1119 1116 1214 1138 contra
1230 1111 1382 1144 meridiem,
1399 1114 1440 1138 est
1453 1111 1568 1138 ecclesia
1581 1111 1654 1138 beati
1666 1110 1779 1139 Purelo-

991 1157 1044 1190 lie;
1060 1157 1105 1185 ubi
1118 1161 1155 1188 et,
1176 1158 1234 1192 ipso
1254 1161 1415 1184 transeunte
1432 1156 1464 1184 de
1491 1157 1542 1184 hoc
1558 1158 1668 1190 mundo,
1685 1165 1779 1185 mom-

990 1203 1033 1230 chi
1061 1203 1130 1237 ejus,
1147 1203 1246 1238 quibus
1276 1204 1334 1237 ipse
1362 1206 1455 1236 pastor
1484 1202 1640 1237 praefuerat,
1667 1210 1728 1230 cum
1745 1210 1778 1230 eo

991 1249 1092 1283 pariter
1108 1249 1341 1283 agonizaverunt;
1359 1248 1430 1283 quod
1449 1248 1517 1276 adeo
1533 1249 1630 1276 devote
1646 1249 1779 1284 praestite-

991 1299 1066 1327 runt,
1087 1301 1120 1322 eo
1136 1295 1207 1328 quod
1222 1300 1299 1328 pater
1313 1301 1406 1321 eorum
1425 1293 1485 1327 pius
1497 1293 1640 1326 extiterat;
1655 1301 1704 1321 nec
1717 1297 1780 1328 post

990 1348 1053 1368 cum
1069 1341 1096 1369 in
1114 1341 1213 1367 mundo
1227 1341 1320 1368 vivere
1333 1339 1472 1372 volebant,
1489 1341 1524 1367 ita
1540 1339 1598 1374 ejus
1612 1347 1706 1367 amore
1719 1340 1778 1368 l'er-

990 1387 1102 1421 vehant;
1119 1394 1234 1420 quorum
1251 1386 1420 1420 singulorum
1431 1386 1604 1420 coiupagines
1621 1386 1647 1413 in
1661 1386 1778 1414 ecclesia

992 1434 1075 1461 videri
1095 1437 1218 1467 pousont,
1234 1433 1314 1460 modo
1333 1431 1379 1459 illo
1403 1439 1457 1467 quo
1471 1440 1500 1459 se
1516 1432 1668 1459 habuerunt
1684 1433 1710 1459 in
1729 1432 1780 1460 de-

989 1480 1123 1508 solatione
1137 1479 1221 1513 patris
1235 1485 1330 1506 eorum
1346 1479 1526 1512 agon'tnmis,
1547 1479 1669 1505 translati
1684 1483 1778 1513 postea

992 1526 1018 1553 in
1034 1525 1198 1553 Ierusalem.
1212 1524 1242 1551 In
1260 1524 1412 1557 Bethleem,
1440 1524 1467 1551 in
1483 1524 1595 1552 basilica
1611 1524 1683 1551 haud
1700 1525 1779 1561 longe

990 1580 1004 1600 a
1032 1572 1173 1607 prtesepio,
1192 1571 1340 1606 requiescit
1373 1578 1473 1606 corpus
1504 1571 1574 1599 beati
1606 1570 1776 1607 Hieronymi,

991 1625 1064 1645 nunc
1089 1617 1198 1652 quidem
1217 1616 1320 1649 Romae,
1346 1616 1390 1644 ubi
1407 1617 1489 1644 etiam
1515 1617 1541 1644 in
1558 1617 1675 1644 ecclesia
1691 1617 1780 1644 sancti

989 1662 1090 1691 Nieolai
1115 1663 1290 1697 requiescunt
1317 1669 1430 1696 corpora
1463 1666 1620 1690 sanctorum
1651 1662 1726 1690 l-‘auli
1750 1666 1778 1690 et

989 1707 1144 1741 Eustachii;
1163 1707 1261 1742 quibus
1277 1706 1334 1741 ipse
1349 1706 1533 1742 Hieronymus
1560 1706 1666 1734 scribit.
1681 1706 1779 1734 Milli:-

988 1755 1029 1782 rio
1045 1762 1061 1782 a
1077 1754 1227 1786 Bethleem,
1241 1753 1295 1786 via,
1310 1760 1369 1788 qua:
1382 1748 1456 1780 ducit
1468 1752 1629 1785 Ierusalem,
1652 1752 1777 1786 Hablata,
1812 1749 1819 1782 ί

989 1803 1074 1835 locus,
1094 1802 1120 1829 in
1135 1809 1201 1836 quo,
1218 1807 1280 1828 cum
1297 1799 1446 1834 peperisset
1461 1798 1661 1833 Benjaminum,
1676 1799 1778 1827 Rachel
1808 1794 1811 1822 δ

988 1848 1134 1880 occubuit;
1160 1846 1251 1881 ibique
1276 1852 1339 1873 cum
1361 1844 1455 1878 Iacob,
1484 1845 1543 1873 viro
1560 1852 1620 1878 suo,
1643 1845 1776 1873 tumulata

966 1913 970 1915 Α
989 1892 1105 1928 quiescit
1126 1899 1133 1918 :
1153 1891 1232 1925 cujus
1244 1891 1272 1918 in
1289 1890 1393 1919 tumulo
1415 1890 1556 1925 supposuit
1576 1889 1662 1918 Iacob
1677 1890 1778 1918 duode-

988 1938 1041 1966 cim
1057 1937 1161 1972 lapides
1175 1944 1228 1964 non
1248 1936 1381 1969 modicos,
1407 1935 1433 1963 lu
1455 1939 1619 1963 testamento
1634 1936 1776 1964 duodecim

988 1985 1105 2012 ﬁliorum
1121 1990 1244 2016 suorum,
1258 1982 1337 2017 cujus
1351 1982 1440 2009 adhuc
1464 1982 1582 2017 pyramis
1598 1989 1613 2008 a
1634 1986 1778 2009 transeun-

990 2031 1062 2058 tibus
1075 2030 1193 2057 videlur.
1208 2028 1371 2062 Ierusalem,
1387 2028 1505 2064 gloriosa
1526 2027 1625 2055 Iudaeae
1640 2032 1777 2061 metropo-

988 2076 1034 2109 lis,
1048 2076 1126 2110 juxta
1140 2074 1315 2110 philosophos
1331 2074 1357 2101 in
1377 2074 1466 2102 medio
1482 2073 1573 2100 mundi
1588 2073 1641 2101 sita
1654 2077 1707 2100 est.
1722 2072 1777 2100 Re-

988 2121 1082 2157 gnavit
1097 2126 1186 2148 autem
1199 2120 1281 2147 David
1296 2121 1322 2147 in
1336 2128 1367 2147 ea
1385 2120 1493 2156 triginta
1506 2119 1609 2147 duobus
1623 2119 1702 2147 annis
1714 2126 1776 2147 cum

989 2166 1111 2195 dimidio.
1136 2164 1182 2193 Est
1197 2165 1305 2199 quidem
1322 2165 1348 2192 in
1364 2164 1515 2192 Ierusalem
1538 2172 1615 2192 mons
1630 2164 1713 2191 Maria
1728 2171 1776 2192 su-

149 2211 311 2244 Icrusalem,
330 2212 372 2239 via
398 2219 457 2246 qua:
473 2212 548 2239 ducit
561 2212 718 2246 Diospolim,
732 2219 810 2240 mons
826 2211 894 2245 Silo,
910 2209 977 2240 etD
990 2219 1038 2249 per
1064 2218 1144 2246 quem
1171 2210 1276 2242 David,
1303 2210 1396 2237 videns
1426 2209 1550 2244 angelum
1580 2210 1776 2244 percutientem

150 2258 257 2290 civitas,
273 2265 333 2292 quae
346 2261 374 2284 et
389 2256 491 2290 Rama;
513 2258 557 2284 ubi
584 2265 647 2284 arca
666 2257 773 2284 Dotnini
799 2262 828 2285 et
846 2257 937 2285 tuber-

151 2305 276 2332 naculum
303 2305 337 2332 ab
369 2305 486 2333 adventu
516 2304 632 2332 ﬁliorum
662 2304 745 2332 Israel
779 2309 939 2334 manserunt

151 2358 236 2385 usque
248 2350 279 2377 ad
294 2355 414 2386 tempora
426 2349 561 2378 Samuelis
572 2351 710 2385 propheta:
723 2350 843 2384 et_David
856 2352 937 2386 regis.

189 2398 324 2432 Vigesimo
356 2402 453 2431 quarto
480 2397 608 2424 milliario
638 2405 653 2424 a
686 2397 807 2430 Sichem,
832 2398 938 2425 decitno

150 2450 247 2472 oetavo
259 2452 273 2470 a
291 2443 419 2478 Diospoli,
440 2443 545 2470 decimo
557 2448 635 2470 sexto
651 2443 684 2470 ab
699 2443 819 2476 Hebron,
831 2443 937 2471 decitno

152 2491 232 2518 tertio
245 2499 258 2517 a
273 2489 392 2521 Iericho.
409 2493 504 2524 quarto
518 2497 535 2516 a
551 2489 702 2521 Bethleem,
719 2489 825 2517 decimo
841 2495 938 2518 octavo

153 2547 168 2565 ιι
183 2537 327 2568 Bersabee,
343 2537 473 2570 vigesimo
489 2541 584 2570 quarto
604 2537 636 2563 ab
651 2535 794 2567 Ascalone,
812 2536 940 2563 totidem-

152 2590 206 2618 que
219 2590 233 2608 a
259 2581 354 2616 Ioppe,
380 2582 474 2616 quinto
495 2590 509 2608 a
526 2582 658 2609 Ramatha
675 2581 857 2614 ;Ierusalem.
875 2590 939 2609 san-

153 2628 275 2656 ctissima
292 2627 397 2659 ciiitas,
413 2625 510 2653 Iudaeae
529 2625 695 2659 metropolis,
714 2632 774 2660 qua:
803 2629 830 2652 et
854 2624 937 2658 Sion;

153 2674 187 2701 de
198 2681 250 2708 qua
271 2673 370 2700 dictum
387 2679 428 2699 est
443 2681 450 2700 :
467 2672 592 2699 Gloriosa
607 2671 680 2698 dicta
695 2676 756 2698 sunt
772 2673 803 2698 de
820 2676 853 2704 te,
870 2671 937 2698 civi-

153 2725 193 2746 Ias
211 2718 259 2745 Dei
285 2718 317 2745 “.
341 2718 406 2751 Quae
421 2717 492 2745 Elia
516 2718 550 2745 ab
566 2716 638 2744 Elio
659 2716 788 2749 Adriano,
814 2716 859 2750 qui
878 2723 938 2744 eam

153 2765 316 2793 construxit.
327 2764 476 2798 Bethleem,
488 2765 584 2793 civitas
592 2763 679 2797 Iudae,
691 2770 751 2799 quae
763 2768 790 2791 et
806 2762 936 2798 prrata.

156 2822 300 2887 “"Ioan.
318 2831 338 2857 ι,
353 2822 398 2851 29.
437 2822 460 2839 "
472 2822 539 2852 Gen.
562 2829 660 2855 nvm,
679 2821 724 2848 Π.

763 2821 784 2837 ¹⁶
798 2819 869 2849 Psal.
886 2825 996 2853 anvt,
1023 2818 1050 2846 3.
1090 2817 1111 2834 "
1126 2817 1179 2846 lsa.
1192 2824 1212 2852 l,
1227 2817 1255 2845 5.

991 2256 1135 2292 evaginalo
1148 2255 1248 2290 gladio,
1261 2254 1307 2289 qui
1320 2253 1445 2288 populum
1461 2253 1505 2280 Dei
1516 2252 1774 2287 graviteretedebat,

989 2304 1098 2335 timens,
1115 2309 1148 2329 ne
1164 2301 1191 2328 in
1209 2307 1239 2328 se
1252 2304 1280 2327 et
1303 2299 1330 2327 in
1348 2299 1441 2326 urbem
1458 2298 1647 2330 ulcisceretur,
1662 2297 1733 2332 quod
1749 2298 1776 2325 in

992 2348 1090 2384 populo
1105 2346 1272 2375 numerando
1298 2345 1451 2379 deliquerat
1464 2344 1483 2377 ,ξ
1493 2344 1597 2377 primus
1621 2343 1646 2383 in
1676 2347 1776 2370 terram

990 2395 1102 2426 corruit,
1118 2401 1180 2420 vere
1197 2391 1344 2427 paenitens,
1359 2389 1530 2425 graviterque
1555 2396 1584 2416 se
1599 2388 1729 2422 aﬂligens,
1750 2393 1778 2415 et

991 2449 1005 2469 a
1021 2440 1134 2468 Domino
1159 2438 1316 2471 exauditus,
1349 2436 1452 2463 veniam
1478 2435 1593 2467 meruit;
1615 2434 1649 2461 de
1664 2441 1718 2468 quo
1740 2433 1778 2461 ait

993 2486 1146 2514 Dominus:
1173 2484 1265 2512 Inveni
1291 2484 1375 2510 virum
1398 2481 1478 2516 juxta
1505 2488 1551 2507 cor
1579 2487 1663 2506 meum
1688 2480 1720 2505 “'.
1748 2479 1779 2507 ιιι

993 2537 1085 2559 monte
1101 2530 1196 2562 Moris,
1214 2533 1346 2564 regnante
1364 2527 1456 2558 David,
1475 2525 1589 2553 ﬂorebat
1603 2532 1665 2552 area
1685 2523 1779 2552 Ornan

992 2578 1117 2610 Iebusaei,
1133 2585 1147 2605 a
1162 2584 1215 2611 quo
1234 2580 1261 2603 et
1281 2575 1338 2610 ipse
1364 2573 1448 2601 David
1463 2580 1522 2599 eam
1539 2578 1629 2599 emere
1647 2570 1730 2598 voluit
1744 2570 1780 2598 ad

994 2623 1212 2652 constituendam
1235 2622 1271 2649 ibi
1289 2623 1396 2648 domum
1414 2617 1531 2650 Domini,
1549 2624 1582 2645 eo
1595 2616 1670 2651 quod
1694 2616 1779 2644 mise-

993 2669 1139 2698 ricordiam
1162 2669 1221 2696 loco
1244 2668 1289 2696 illo
1304 2670 1469 2695 consecutus
1483 2669 1535 2698 est,
1556 2668 1583 2692 et
1596 2671 1629 2692 eo
1646 2663 1718 2698 quod
1731 2671 1780 2691 au-

992 2717 1068 2752 gelus
1082 2714 1199 2746 Domini,
1215 2714 1239 2742 ei
1256 2720 1381 2749 parcens,
1400 2711 1459 2739 urbi
1477 2711 1626 2742 restiterat.
1643 2713 1708 2737 sunt
1721 2709 1781 2744 quit

997 2763 1069 2795 dem,
1093 2760 1140 2789 sed
1153 2759 1265 2787 vetitum
1282 2758 1332 2786 fuit
1356 2765 1372 2785 a
1392 2756 1519 2790 Domino,
1535 2763 1570 2784 ne
1588 2754 1782 2784 intromitteret

1308 2815 1330 2833 "
1345 2814 1412 2845 Luc.
1430 2822 1461 2850 tl,
1478 2814 1522 2848 ﬂ,
1575 2814 1597 2831 "
1610 2812 1621 2841 ι
1633 2811 1700 2849 Reg.
1717 2819 1778 2847 xui,
