1956 3077
203 175 256 206 £99

910 164 1050 196 EUGESI
1056 163 1118 195 PP!

1763 159 1835 192 10οθ

203 238 234 258 se
254 230 327 262 inde,
344 229 406 263 quia
423 235 463 254 Vll'
476 226 616 260 sanguinis
632 230 700 252 crat.
720 224 788 259 Ergo
808 231 875 258 quas
889 222 923 249 ad
940 223 992 249 hoc
1006 223 1030 251 Α
1044 223 1088 254 tyr
1099 218 1234 246 occubuit.
1249 217 1336 253 Supra
1367 218 1494 252 templum
1512 217 1561 245 hoc
1578 217 1606 244 in
1624 217 1707 245 reteri
1735 216 1835 245 Testa-

203 279 401 311 praeparaverat
415 279 558 307 expensas.
577 271 714 298 Sulomoni
744 271 799 297 filio
825 278 885 302 suo,
912 268 954 296 cui
976 275 992 294 α

204 323 318 352 Domino
343 319 551 351 concedebatur,
567 318 686 349 tradidit,
711 321 844 351 quatenus
859 315 921 342 inde
945 314 993 341 do-

203 374 275 395 mum
293 365 406 392 Domino
421 368 605 391 construeret.
623 362 781 390 [Editieavit
800 369 844 389 rex
864 361 991 388 Salomon

203 412 317 441 Doiiiino
338 411 484 444 templum,
531 410 556 436 id
584 414 646 441 cst,
676 408 791 439 Bethel,
823 413 849 434 et
876 407 991 433 altare:

201 466 262 492 qua:
286 462 312 484 et
334 456 470 484 dedicavit
496 455 702 489 incomparabili
727 458 852 488 sumptu:
868 458 993 488 petensa

201 505 332 535 Domino,
357 504 439 538 quod,
455 503 609 538 quicunque
626 503 659 529 de
672 509 832 536 quocunque
849 501 992 528 Dominum

202 551 367 583 consuleret,
401 551 428 577 in
456 557 489 577 eo
517 549 639 577 exaudiri
657 553 817 580 mereretur,
832 547 903 582 quod
927 553 994 574 con-

203 604 311 624 cessum
326 596 375 623 fuit
389 604 403 622 a
420 594 544 622 Domino.
559 594 631 629 Ergo
647 594 743 620 domus
759 592 879 624 Domini,
895 592 992 619 domus

203 643 322 670 consilii.
338 642 402 669 Illud
417 647 518 673 autem,
543 648 591 674 pro
613 639 811 667 incontinentis
841 637 992 672 principum

203 694 231 716 et
255 688 358 723 populi,
374 687 550 722 exspoliavit'
564 685 816 713 Nabuchodonosor
834 691 882 718 per
902 683 993 710 Nabuo

204 734 317 765 zardan,
331 733 480 768 principem
494 739 642 766 coquorum
660 738 782 761 suorum,
804 734 926 764 tempore
943 728 994 756 Se-

203 779 307 806 dechiaa
325 778 406 812 regis,
435 778 578 812 ipsumque
606 776 722 811 privavit
750 776 827 807 urbe,
853 773 993 808 totumque

204 825 274 858 quod
293 823 442 858 pretiosum
471 822 593 857 fulgebat
618 822 644 848 in
665 822 722 848 ante
744 825 771 847 et
786 821 811 846 in
826 821 902 852 urbe,
919 819 992 852 tulit,

205 869 313 904 sibique
328 868 486 904 pra-sculari
510 868 592 902 jussit
614 867 640 894 in
659 866 820 902 Babylonem
833 886 840 898 ,
857 870 885 893 et
909 872 992 900 popu-

1047 269 1138 292 mento
1151 264 1322 291 sanetilicare
1343 264 1466 291 solebant
1482 268 1601 290 turtures
1628 269 1655 291 et
1673 263 1814 291 columbas
1829 273 1835 289 2

1044 311 1117 345 quod
1136 319 1150 337 a
1169 310 1315 338 Saracenis
1325 314 1418 344 postea
1434 310 1603 337 immutatum
1617 315 1659 337 est
1681 311 1707 336 in
1725 310 1836 337 horolo-

1043 357 1128 390 gium,
1145 361 1173 383 et
1197 357 1287 383 adhuc
1302 356 1390 384 videri
1409 361 1508 390 potest.
1532 356 1584 383 Per
1600 356 1756 390 Speciosam
1773 364 1837 392 por-

1044 407 1099 430 tam
1113 403 1206 438 templi
1221 403 1355 430 transiens
1371 401 1470 429 Petrus
1483 409 1544 429 cum
1557 402 1671 435 Joanne,
1690 403 1838 437 respondit

1044 448 1145 482 petenti
1160 447 1194 475 ab
1206 448 1245 476 eis
1263 456 1270 475 :
1288 448 1364 480 Quod
1379 453 1465 475 autem
1480 448 1574 481 ltubeo,
1591 449 1638 474 hoc
1651 448 1699 475 tibi
1715 448 1748 475 da
1760 448 1794 474 ".
1807 449 1837 485 In

1044 493 1195 522 Jerusalem
1209 493 1352 522 Probatiea
1369 495 1490 529 piseina;
1508 502 1602 529 quam,
1621 499 1744 530 tempore
1757 494 1835 527 Jesu,

1044 541 1127 568 certis
1142 540 1308 575 temporibus
1321 547 1430 567 movere
1447 540 1561 574 angelus
1576 539 1683 566 Domini
1706 540 1834 573 solebat;

1044 586 1200 621 quicunque
1215 587 1341 614 infirmus
1353 591 1443 613 autem
1461 590 1523 620 post
1535 587 1683 613 motionem
1701 586 1834 619 intrabat,

1044 640 1126 659 sanus
1146 632 1238 664 fiebat,
1252 639 1267 658 a
1289 639 1451 667 quacunque
1471 631 1646 659 detinebatur
1662 631 1833 659 infirmitate.

1044 678 1181 706 Probatou
1199 678 1303 711 Graece,
1326 685 1409 712 pecus
1424 677 1529 710 Latine,
1544 685 1576 704 eo
1595 678 1668 712 quod
1685 678 1712 704 in
1728 678 1836 705 sacriﬁ-

1044 723 1095 751 ciis
1109 723 1233 750 solebant
1250 723 1312 750 inde
1326 722 1401 750 ablui
1417 727 1479 750 exta
1499 722 1642 756 peeudutu.
1658 722 1835 758 Eratquippe

1043 769 1127 796 rubea
1139 775 1172 796 ex
1189 767 1297 800 hostiis,
1313 775 1374 802 quae
1397 767 1435 794 ibi
1450 767 1672 795 immolabantur.
1687 767 1714 794 In
1732 767 1837 795 Proba-

1044 815 1096 842 tica
1112 814 1164 840 ista
1181 814 1353 848 languentem
1370 813 1483 840 sanitati
1499 813 1622 840 restituit
1636 813 1836 846 Jesus,diccns

1044 860 1069 887 ei
1085 868 1092 886 :
1110 858 1183 886 Tolle
1198 859 1338 894 grabatum
1357 864 1432 885 tuum
1453 858 1486 892 “,
1503 863 1556 886 etc.
1570 858 1599 886 In
1615 859 1704 886 medio
1722 858 1837 887 Jerusa-

301 895 386 942 Ρέυιο
403 895 465 948 ῥνοει
490 895 598 947 (“lide
617 895 723 940 pilai-ar;
739 895 847 939 Νεςιιθξ)
863 895 990 946 ιθηξριῖηη
1008 895 1027 922 Β
1045 907 1109 940 lem,
1123 906 1253 934 excitavit
1266 914 1280 933 a
1294 910 1381 933 tnorte
1397 905 1514 940 puellam
1530 905 1620 939 Jcsus,
1645 906 1696 933 sub
1710 905 1837 933 Salomoo

203 960 303 987 delevit
324 965 350 986 et
366 960 470 987 urbem.
487 959 565 986 Modo
585 966 659 991 vero,
685 966 718 985 ne
736 957 846 986 relatori
867 957 993 984 videatur

200 1005 364 1037 absurdum,
381 1005 496 1032 auditori
512 1005 663 1037 taediosum,
679 1005 729 1031 sub
740 1004 839 1039 quibus
854 1008 880 1031 et
901 1012 915 1030 a
931 1004 992 1038 qui-

202 1052 255 1078 bus
270 1050 453 1078 restitutiones
477 1055 504 1078 et
519 1050 718 1078 destructiones
732 1049 812 1085 primi
836 1055 862 1077 et
879 1049 992 1077 set-undi

202 1101 231 1123 et
246 1096 317 1124 tertii
341 1096 432 1130 templi
451 1096 613 1128 commissa,
632 1097 683 1131 hoc
697 1096 730 1123 de
746 1095 872 1130 praesenti
887 1095 991 1128 Bethel,

203 1147 283 1176 prout
297 1141 387 1168 verius
410 1149 520 1176 queam,
536 1141 674 1168 elucidare
691 1141 822 1168 conabor.
839 1140 943 1169 Revera
959 1142 993 1169 de

204 1187 256 1214 hoc
279 1186 381 1218 Bethel,
400 1188 450 1214 sub
470 1194 525 1221 quo
539 1191 566 1213 et
588 1193 603 1213 a
626 1193 680 1220 quo
696 1185 820 1220 principe
836 1186 992 1213 restitutum

201 1232 249 1265 sit,
268 1232 323 1260 fere
339 1232 491 1268 ignoratur.
506 1232 620 1265 Quidam
638 1233 723 1265 enim,
749 1233 799 1260 sub
814 1231 992 1259 Constantino

203 1279 380 1313 Imperatore,
409 1280 443 1306 ab
469 1278 571 1306 Ilelena
610 1283 698 1305 matre
722 1286 772 1306 sua
800 1278 991 1306 reaedillcatum

176 1358 177 1362 η
203 1322 287 1352 fuisse
300 1324 453 1358 perhibent,
483 1331 532 1358 pro
547 1324 701 1352 reverentia
719 1328 824 1352 sanctae
840 1324 929 1351 crucis
945 1330 992 1358 per
1004 1329 1016 1336 ‘-

205 1376 266 1396 eam
289 1373 420 1410 repertae;
440 1368 485 1396 alii
503 1369 536 1396 ab
551 1368 676 1396 Heraclio
696 1369 868 1404 imperatore,
886 1376 935 1404 pro
952 1376 993 1395 re-
1017 1371 1023 1406 "

204 1412 326 1440 verentia
342 1413 406 1446 ligni
426 1412 544 1445 Domini,
561 1413 633 1447 quod
649 1413 682 1440 dc
696 1413 806 1440 Perside
821 1412 992 1446 triumphans

204 1459 332 1486 attulerat
345 1467 352 1491 ;
366 1459 413 1485 alii
427 1467 440 1485 a
453 1458 608 1486 Iustiniano
622 1459 763 1495 Augusto;
783 1459 828 1486 alii
845 1466 859 1486 a
875 1458 992 1493 quodam

203 1504 364 1532 admirando
376 1505 505 1540 Memphis
521 1505 641 1540 Egyptl,
659 1513 708 1540 pro
725 1504 875 1532 reverentia
889 1503 993 1530 Allahi~

1044 954 1086 982 nis
1104 953 1187 990 regia,
1207 953 1232 980 in
1245 953 1372 980 aecubitu
1397 952 1475 980 Sion.
1490 952 1515 979 In
1534 952 1676 987 Josaphat,
1693 952 1836 979 natatoria

1044 998 1118 1026 Siloe
1136 1007 1143 1025 :
1158 998 1193 1026 ad
1209 1005 1290 1033 quam
1307 997 1433 1026 Christus
1456 1005 1569 1030 caecum,
1586 1000 1620 1025 ab
1639 1005 1672 1025 eo
1691 998 1836 1025 illumina-

1045 1050 1112 1077 tum,
1143 1044 1227 1076 misit,
1260 1047 1289 1071 ut
1302 1051 1334 1071 ex
1364 1050 1396 1070 ea
1424 1043 1529 1071 Iavaret
1559 1044 1653 1072 oculos
1675 1052 1758 1078 suos,
1786 1045 1837 1080 qui

1043 1090 1148 1123 abiens,
1164 1089 1239 1122 lavit,
1256 1093 1282 1116 et
1293 1089 1369 1117 vidit.
1390 1088 1474 1122 Siloe,
1501 1090 1601 1117 missus
1627 1090 1834 1126 interpretatur.

1045 1136 1130 1169 Siloe,
1164 1136 1312 1164 secundum
1337 1135 1509 1163 traditionem
1539 1136 1685 1170 majorum,
1717 1144 1748 1164 ex
1777 1137 1835 1165 Silo

1045 1189 1155 1209 manare
1171 1182 1282 1209 dicitur.
1310 1180 1387 1209 Unde
1407 1181 1493 1209 Isaias
1509 1191 1516 1210 :
1535 1181 1610 1209 Siloe
1634 1190 1696 1209 cum
1722 1183 1835 1211 silentio

1044 1228 1177 1262 gurgitem
1199 1235 1279 1255 suum
1307 1227 1397 1261 ducit;
1423 1228 1487 1262 quia
1509 1228 1732 1256 subterraneum.
1750 1228 1836 1257 Juxta

1045 1273 1119 1301 Siloe
1131 1274 1236 1301 exstitit
1250 1280 1367 1308 quercus
1385 1273 1467 1309 Regel
1480 1282 1488 1306 ;
1502 1274 1552 1301 sub
1572 1282 1625 1308 qua
1643 1274 1739 1302 beatus
1750 1275 1836 1302 Isaias

1045 1319 1168 1353 sepultus
1191 1319 1318 1354 quiescit.
1334 1319 1363 1346 In
1375 1320 1444 1346 valle
1461 1319 1603 1354 Josaphat,
1619 1321 1670 1348 sub
1682 1325 1762 1348 acuta
1783 1329 1834 1357 py-

1045 1365 1159 1398 ramide,
1196 1373 1243 1392 rex
1265 1365 1335 1392 idem
1356 1365 1487 1400 Josaphat
1512 1365 1633 1400 sepultus
1648 1367 1776 1400 quiescit.
1804 1367 1833 1395 In

1045 1410 1114 1437 valle
1129 1409 1262 1444 Josaphat
1277 1410 1398 1444 sepultus
1409 1414 1451 1437 est
1465 1410 1559 1438 beatus
1572 1410 1701 1444 Iacobus,
1717 1411 1834 1446 indeque

1045 1456 1193 1484 translatus
1212 1455 1477 1491 Censtantinopolin.
1506 1456 1632 1484 Secundo
1662 1458 1790 1485 milliario
1818 1467 1833 1486 a

1042 1502 1205 1535 Jerusalem,
1221 1505 1276 1535 via,
1292 1511 1352 1538 qua:
1375 1503 1451 1530 ducit
1468 1502 1587 1536 Sichem,
1611 1511 1687 1531 mons
1710 1504 1833 1532 Sabauth

200 1550 260 1585 vhyi,
274 1550 299 1576 id
313 1555 364 1583 est,
377 1551 475 1578 summi
493 1550 550 1583 Dei,
563 1550 645 1578 etiam
659 1551 691 1577 ad
706 1550 821 1585 primum
836 1549 990 1578 colendum.
1005 1565 1026 1594 ε
1045 1550 1070 1576 iu
1088 1548 1158 1576 tribu
1171 1548 1321 1583 Benjamin.
1340 1548 1463 1576 Milliario
1486 1556 1501 1576 a
1521 1548 1682 1582 Jeruéalem,
1699 1550 1725 1577 in
1751 1558 1834 1578 accu-

204 1595 246 1622 Ah
260 1596 334 1622 omni
363 1595 452 1631 lingua
479 1596 626 1624 reverende
643 1601 785 1624 veneratur
800 1603 919 1631 prtesens
938 1596 991 1623 hoc

203 1641 348 1676 templum,
363 1646 496 1676 quantum
518 1641 690 1676 praedicatur.
701 1640 783 1675 Cujus
795 1641 821 1668 in
832 1640 990 1676 penultimo,

198 1689 298 1713 octavo
319 1685 363 1713 die
379 1685 475 1712 natalis
493 1687 546 1717 sui,
565 1693 632 1721 puer
651 1686 829 1713 circumcisus
844 1690 904 1718 est;
922 1693 990 1720 prte-

202 1731 308 1766 putium
321 1732 406 1767 cujus,
421 1731 568 1765 Jerusalem
585 1732 610 1759 in
625 1732 723 1766 templo
736 1733 769 1759 de
782 1731 869 1765 caelis,
887 1732 921 1761 ab
939 1740 990 1759 an-

203 1779 274 1814 gelo,
287 1779 384 1807 Carolo
397 1779 493 1814 Magno
510 1776 774 1814 regi'praesentatnm
792 1779 855 1812 fuit,
867 1784 893 1808 et
909 1780 942 1806 ab
956 1787 989 1807 eo

203 1826 324 1853 delatum
345 1826 371 1852 in
395 1825 509 1853 Galliam
529 1825 729 1861 Aquisgranum
749 1835 755 1853 :
773 1831 865 1861 postea
880 1826 989 1860 quidem

204 1878 218 1897 ιι
231 1871 329 1897 Carolo
345 1870 426 1902 Calvo
443 1871 602 1897 translatum
619 1871 645 1897 in
660 1879 756 1906 pagum
779 1870 988 1903 Pictaviensem,

204 1916 274 1950 apud
289 1916 459 1948 Carnosiam,
482 1917 508 1943 iu
522 1916 647 1948 ecclesia,
662 1924 742 1950 quam
760 1916 795 1943 ibi
817 1916 843 1942 in
858 1916 989 1942 honorem

203 1962 352 1989 Salvatoris
360 1962 520 1994 construxit,
530 1966 557 1989 et
571 1962 651 1996 regiis
665 1962 744 1990 bonis
754 1962 928 1996 amplissimis
940 1961 990 1989 sub

200 2007 355 2035 monacbali
383 2008 512 2042 religione
543 2009 738 2042 locupletavit,
770 2009 841 2043 quod
866 2016 899 2035 ex
925 2013 989 2036 tune

201 2061 289 2088 usque
301 2055 381 2081 modo
400 2055 438 2082 ibi
451 2054 610 2082 solemniter
626 2060 771 2083 veneratur
784 2057 840 2090 ipsa
863 2056 990 2091 praesenti

203 2106 252 2127 suo
269 2098 347 2127 Jesus
360 2107 374 2126 λ
395 2104 479 2127 matre
504 2107 551 2127 sua
567 2107 622 2134 pra:
633 2105 745 2127 ’cutatus
760 2104 811 2133 est,
827 2105 854 2128 et
867 2107 990 2137 receptus

202 2152 218 2172 a
244 2146 323 2172 beato
352 2145 472 2177 Simone,
495 2145 600 2172 dicente
617 2154 624 2172 :
642 2144 722 2172 Num:
749 2146 860 2173 dimittis
885 2155 989 2174 servum

202 2195 289 2221 tuum,
309 2190 418 2218 Domine
428 2190 461 2217 '°.
472 2190 509 2218 De
521 2190 621 2225 templo
633 2191 690 2225 ipso
702 2191 825 2218 liberavit
841 2192 989 2219 adulteram

1045 1595 1102 1621 bitu
1123 1594 1224 1621 montis
1241 1594 1349 1626 Oliveti,
1368 1599 1462 1622 contra
1475 1594 1656 1629 Asphaltiten.
1672 1594 1803 1623 Bethania
1823 1604 1832 1626 ς

1048 1647 1109 1675 quae
1128 1640 1293 1667 collateralis
1312 1644 1354 1668 est
1373 1641 1457 1667 monti
1487 1641 1595 1669 Oliveti.
1621 1641 1696 1670 Mons
1721 1642 1832 1675 Oliveti,

1046 1693 1124 1714 mons
1144 1685 1313 1718 offensionis,
1329 1691 1356 1713 et
1371 1686 1528 1714 continuus.
1554 1686 1654 1714 Dividit
1674 1693 1764 1716 autem
1782 1696 1832 1716 eos

1046 1734 1101 1765 via,
1121 1740 1181 1767 qua:
1213 1733 1246 1759 de
1261 1731 1392 1766 Josaphat
1412 1740 1460 1766 per
1476 1732 1614 1769 Bctphage
1637 1734 1720 1762 ducit.
1739 1735 1832 1762 Dictus

1045 1784 1088 1806 est
1106 1784 1195 1806 autem
1213 1785 1290 1805 mons
1308 1779 1477 1811 ollcnsionis,
1490 1786 1522 1807 eo
1546 1780 1618 1814 quod
1640 1788 1686 1808 rex
1703 1781 1830 1808 Salo‘mon

1046 1825 1072 1852 in
1087 1832 1119 1852 co
1139 1824 1238 1852 idolum
1261 1823 1366 1852 Moluch
1382 1825 1514 1852 adoravit.
1539 1825 1672 1854 Bethania
1699 1831 1740 1854 est
1754 1828 1833 1862 oppi-

1046 1871 1110 1898 dum
1124 1870 1201 1903 illud,
1220 1871 1246 1897 in
1261 1879 1314 1904 quo
1332 1869 1424 1897 Simon
1443 1871 1566 1905 Ieprosus
1588 1880 1658 1906 saepe
1682 1872 1772 1900 Iesum
1788 1881 1833 1900 re-

1045 1917 1117 1952 cepit
1130 1917 1155 1943 in
1170 1917 1322 1951 hospitem;
1336 1917 1380 1944 cui
1395 1917 1491 1944 devote
1506 1918 1697 1945 ministrabant
1709 1919 1791 1946 Maria
1804 1925 1831 1947 et

1045 1962 1160 1990 Martha.
1178 1962 1315 1989 Bethania:
1342 1961 1425 1989 Maria
1457 1970 1517 1989 cum
1535 1962 1661 1998 lacrymis
1680 1963 1769 1999 rigans
1783 1972 1830 1999 pe-

1049 2009 1097 2035 des
1123 2007 1198 2040 Jesu,
1228 2007 1340 2041 suisque
1357 2007 1477 2034 crinibus
1497 2013 1652 2043 extergens,
1673 2014 1700 2036 et
1727 2017 1830 2048 ungens

1048 2058 1195 2088 unguento,
1213 2061 1322 2081 suorum
1338 2054 1443 2080 veniam
1467 2054 1564 2080 meruit
1576 2060 1761 2088 peccatorum.
1781 2055 1832 2085 Be-

1048 2099 1147 2126 thania:
1174 2099 1296 2126 Christus
1320 2098 1453 2126 Martham
1482 2099 1613 2132 laudavit,
1642 2105 1669 2128 ct
1701 2099 1830 2134 Mariam,

1047 2143 1192 2175 lilartham,
1219 2143 1246 2170 in
1273 2143 1451 2170 ministrando
1479 2144 1643 2176 sollicitam;
1662 2144 1786 2177 Mariam,
1803 2146 1830 2172 in

1045 2190 1136 2216 verbis
1149 2190 1207 2225 ejus
1225 2189 1368 2216 sollicitam
1386 2199 1393 2216 :
1411 2197 1526 2224 quarum
1549 2191 1673 2224 precibus
1688 2195 1715 2218 et
1742 2191 1830 2227 lacry-

199 2237 238 2264 ab
246 2237 436 2264 accusantibus
447 2244 518 2269 eam,
532 2237 642 2264 dicens:
656 2236 708 2269 Qui
720 2237 776 2264 sine
790 2243 895 2272 peccato
909 2243 944 2265 est
955 2239 990 2271 ιι,
1008 2233 1030 2260 ι)
1046 2236 1097 2263 mis
1111 2240 1272 2267 commotus,
1291 2235 1402 2262 fratrem
1419 2243 1512 2262 carum
1530 2235 1663 2264 Lazarum
1691 2239 1716 2264 in
1736 2246 1830 2264 menu-

198 2287 256 2309 ctc.
274 2281 324 2309 Ista
344 2283 466 2309 adultera
481 2281 530 2309 fuit
547 2282 580 2309 de
594 2282 665 2310 tribu
680 2281 843 2317 Nephtalim,
867 2283 920 2310 lilia
941 2285 991 2312 Se-

200 2335 262 2362 gor.
287 2328 315 2355 In
341 2329 441 2363 templo
464 2329 517 2355 isto
541 2328 660 2355 laudavit
685 2337 784 2356 munus
807 2330 989 2364 pauperculae,

201 2376 274 2410 quod
295 2375 320 2403 in
336 2376 529 2412 gazophylacio
549 2381 694 2410 posuerat;
714 2383 774 2409 qua:
802 2380 898 2408 totum,
918 2377 990 2410 quod

203 2421 329 2454 habebat,
346 2422 486 2449 attulerat.
503 2421 530 2448 In
549 2421 648 2455 templo
671 2422 732 2454 isto,
749 2421 812 2448 dum
836 2427 991 2448 moraretur

201 2466 364 2499 Jerusalem,
379 2467 494 2494 docebat
513 2465 630 2500 Iudaeos,
656 2467 719 2494 licet
737 2474 797 2493 eum
814 2467 987 2495 zeniulantes.

202 2512 290 2547 Supra
317 2512 489 2546 pinnaculum
512 2512 603 2546 tcmpli
623 2512 717 2547 statuit
738 2511 828 2538 Iesum
853 2512 989 2544 diabolus,

204 2545 397 2590 ten-tanseum,
416 2563 443 2585 et
455 2558 546 2585 dicens
563 2545 614 2585 {Si
633 2545 717 2584 ιδῖιὶιιε
736 2557 784 2584 Dei
798 2566 824 2584 eo
836 2559 869 2589 ",
885 2564 937 2586 etc.
953 2558 991 2585 De

202 2604 304 2639 templo
317 2604 498 2638 praecipitatus
515 2603 566 2630 fuit
582 2604 661 2631 divus
674 2603 802 2635 .lacobns,
822 2604 924 2638 primus
936 2603 987 2631 sub

203 2649 290 2685 gratia
315 2649 434 2684 pontifex
456 2649 483 2676 in
497 2649 658 2677 Jcsus:ilem.
679 2649 707 2676 lu
729 2649 828 2684 templo
852 2649 904 2676 isto
922 2657 991 2676 nun-

203 2697 300 2727 tiatum
319 2695 379 2729 fuit,
403 2696 436 2723 ab
459 2695 564 2732 angelo,
583 2695 732 2727 Zacharim,
763 2695 851 2722 natale
876 2695 923 2722 filii
951 2696 991 2722 sui

201 2741 314 2770 Joannis
331 2742 469 2776 Baptistae,
494 2742 561 2770 feria
576 2747 664 2774 sexta,
690 2742 755 2769 hora
774 2741 900 2769 secunda.
921 2740 993 2768 Inter

206 2788 336 2822 templum
351 2792 377 2814 et
390 2788 476 2815 altare
494 2787 649 2821 Zacharias,
664 2787 734 2815 ﬁlius
750 2786 901 2820 Barachiae,
916 2794 990 2813 mar-

244 2873 267 2889 “
282 2873 348 2901 Luc.
368 2882 399 2908 tt,
419 2876 465 2905 29.
504 2877 524 2892 "
538 2876 613 2906 Joau.
633 2885 691 2911 vni,
709 2878 734 2905 7.
773 2880 795 2896 ’ί
810 2878 905 2906 Matth.
921 2886 957 2912 tv,
973 2879 1002 2907 Ζ.

1043 2287 1133 2309 mento
1147 2282 1203 2315 jam
1219 2282 1442 2316 quatriduanum,
1461 2281 1523 2309 vita:
1538 2282 1668 2309 restituit.
1685 2281 1827 2316 Bethania,

1040 2328 1134 2354 domus
1160 2327 1314 2354 obedieutt'tc
1333 2327 1538 2361 interpretatur.
1558 2326 1704 2361 Betphage,
1729 2336 1788 2362 qua:
1802 2335 1830 2354 et

1041 2371 1136 2399 vitulus
1146 2373 1322 2406 sacerdotum,
1338 2373 1429 2399 domus
1443 2372 1531 2399 (lucta:
1549 2373 1590 2399 vel
1604 2374 1775 2399 "taciturum
1791 2375 1831 2400 in-

1042 2422 1215 2452 tcrpretatur.
1231 2418 1307 2445 Mons
1326 2418 1434 2451 Olivcti,
1452 2426 1528 2446 mons
1551 2419 1690 2451 tribuat-is,
1707 2420 1746 2446 vel
1765 2428 1830 2447 sau<

1043 2465 1226 2492 ttilicationis.
1247 2464 1329 2492 Vallis
1346 2464 1489 2500 Josaphat,
1509 2465 1583 2493 vallis
1595 2465 1700 2500 judicii.
1718 2466 1831 2493 Jerusa-

1042 2511 1189 2544 lem,visio
1213 2512 1298 2546 pacis.
1329 2511 1405 2544 Sion,
1422 2513 1572 2547 speculum,
1601 2513 1642 2540 vel
1668 2514 1829 2548 spceulatio.

1042 2557 1093 2584 I’cr
1121 2557 1193 2584 hunc
1211 2560 1346 2584 tramitem
1361 2559 1483 2586 ascendit
1497 2558 1577 2586 Jesus
1604 2558 1830 2594 Hierosolymam,

1043 2603 1140 2630 sedens
1165 2611 1245 2637 super
1262 2603 1376 2636 asinam,
1403 2603 1456 2635 die,
1483 2612 1534 2638 qua
1559 2604 1711 2631 celebratur
1739 2613 1830 2632 ramus

1047 2648 1209 2683 palmarum.
1227 2648 1272 2675 Sic
1289 2655 1314 2675 ct
1330 2649 1443 2682 quisque
1458 2649 1607 2677 catholicus
1630 2649 1716 2684 angeli
1730 2651 1829 2677 summi

1043 2693 1148 2721 consilii
1165 2694 1244 2721 debet
1257 2694 1395 2727 inecdere,
1407 2699 1435 2722 et
1453 2695 1529 2722 adire
1542 2697 1712 2730 prtescutiam
1733 2704 1827 2724 sacer-

1043 2739 1149 2772 dotum,
1167 2741 1212 2775 qui
1226 2740 1270 2767 Dei
1286 2741 1396 2768 verbum
1413 2741 1570 2775 rumiuaut;
1585 2747 1613 2770 ut
1632 2743 1666 2771 ab
1682 2744 1722 2771 cis
1741 2744 1829 2771 corri-

1046 2791 1136 2822 gatur,
1149 2791 1176 2813 ct
1197 2787 1357 2819 instruatur,
1375 2794 1462 2822 eoque
1479 2788 1593 2817 consilio
1606 2794 1632 2817 et
1650 2790 1771 2818 doctrina
1783 2798 1829 2818 su-

1041 2881 1062 2896 "
1088 2880 1147 2908 Aet.
1166 2889 1206 2914 ni,
1236 2880 1262 2908 6.
1303 2881 1324 2897 "
1338 2881 1421 2910 Marc.
1441 2890 1469 2915 n,
1483 2882 1510 2910 9.
