1956 3077
125 127 191 162 1001

741 130 789 162 DE
811 131 918 162 LOCIS
938 131 1095 162 SANCTIS

1682 133 1750 164 I002

125 189 184 215 bire
211 186 307 214 vallem
339 185 445 221 iudicii,
475 185 502 212 id
529 190 586 217 est,
617 186 807 213 contritionem
836 194 910 214 sanie
926 187 1124 222 Aliquoribus.
1140 190 1168 214 et
1194 187 1362 214 aromatibns
1392 185 1522 218 condivit,
1547 185 1752 222 involutumun

123 232 352 268 compunctionis,
366 232 392 258 in
409 235 570 266 conspectu,
587 233 595 242 '
605 231 728 258 videlicet
740 233 784 266 qui
799 240 828 259 se
842 232 911 259 ami-

122 279 172 314 git,
190 285 237 313 per
253 283 356 312 portant
386 275 550 304 Orientalem
566 277 646 311 digne
661 276 823 303 introitnrns
847 285 910 304 san-

124 329 195 351 ctam
208 322 370 355 Jerusalem,
387 322 524 350 omit-stem
551 322 627 353 Sion,
643 322 711 349 stola
732 323 911 356 jlttlltttIilaliS

122 371 303 397 decorandus.
321 369 410 397 Mittite
428 368 492 395 Sion
511 369 576 394 lavit
591 367 671 396 Jesus
691 370 773 402 pedes
789 368 910 402 discipu-

122 414 210 442 lorttm
245 422 367 445 suorum,
395 415 487 441 dicens
514 412 635 441 eis:Sic
663 413 744 448 facile
770 414 797 440 in
826 421 910 440 meam

122 452 392 488 commemorationem
412 460 445 486 ".
465 460 552 486 Monte
580 460 644 487 Sion
676 460 793 486 ctenavit
829 458 910 486 Jesns

121 514 185 534 cum
209 506 347 540 discipulis
360 507 427 538 suis,
444 507 510 532 dans
528 506 567 533 eis
583 505 609 532 in
631 513 698 539 pane
712 512 810 540 corpus
831 512 909 532 stnun

121 553 156 579 ad
176 552 405 583 manducandum,
423 556 450 578 et
476 551 502 578 in
530 551 592 577 vino
609 551 769 586 sanguinem
783 559 861 578 suum
877 550 908 576 :ul

121 599 290 628 bibendum:
305 599 377 632 quod
390 603 431 624 est
447 598 572 624 viaticum
588 602 688 624 nostra:
704 597 908 631 redemptioris.

122 643 212 671 Home
228 643 305 676 Sion,
325 644 351 670 in
365 651 443 670 cinna
462 651 542 678 supra
574 649 669 678 pectus
685 643 791 670 Domini
815 645 910 669 beatus

120 689 239 718 Joannes
270 690 415 722 recubuit,
445 691 479 716 de
509 690 582 716 fonte
616 690 756 724 sapientiae
800 694 906 723 potans.

121 736 213 764 Monte
231 737 307 768 Sion,
324 736 410 768 Judse,
426 737 556 770 proditori
569 743 628 769 sue,
645 736 671 762 in
689 743 766 763 cmna
785 735 910 763 Christus

122 783 272 810 buccellam
311 782 389 817 panis
415 782 518 809 intulit.
541 782 630 808 Monte
652 782 715 809 Sion
744 781 784 808 ait
808 781 908 809 Jcsus:

123 827 225 854 Mecum
245 828 321 854 estin
342 836 444 859 mensa,
483 835 583 854 mecum
607 828 713 862 intiugit
745 836 851 854 mammt
883 829 909 854 in

967 235 992 261 in
1005 235 1118 262 sindone
1133 233 1242 266 munda,
1258 233 1327 260 haud
1344 233 1421 268 longe
1435 233 1558 268 sepelivit
1575 233 1600 260 in
1618 233 1708 266 horto,
1726 235 1752 261 in

966 285 1153 311 monumento,
1171 279 1240 314 quod
1270 286 1368 305 novum
1389 279 1440 306 sibi
1457 280 1489 305 de
1506 286 1572 314 rupe
1589 279 1752 314 sculpscrat.

967 326 1033 353 lnde
1058 326 1197 352 descendit
1225 326 1257 351 ad
1286 323 1387 352 inferos
1412 326 1445 352 ad
1463 325 1650 353 redimendum
1667 326 1755 353 homi-

966 378 1053 399 nem:
1079 371 1140 397 inde
1158 371 1324 402 resurrexit,
1349 378 1429 398 verus
1455 371 1497 398 leo
1521 373 1554 399 tle
1577 373 1659 399 tribu,
1671 371 1753 403 Jnda.

967 421 1053 442 morte
1069 416 1180 443 subacta
1195 416 1230 443 ihi
1247 425 1254 443 :
1273 421 1300 443 et
1315 416 1428 450 angelus
1445 416 1550 442 Domini
1571 417 1672 443 sant-tis
1695 425 1755 442 tnti-

967 461 1077 488 Iieribus
1102 463 1235 495 apparuit,
1254 462 1309 496 jam
1328 461 1362 488 ab
1376 461 1447 488 ostio
1465 461 1634 487 monumenti
1664 461 1754 496 lapide

967 507 1100 539 revoluto,
1112 511 1148 540 et,
1162 506 1253 534 Jesum
1266 514 1329 534 vere
1341 506 1525 533 resurrexisse
1540 507 1679 539 nuntians,
1693 506 1718 532 ai
1746 515 1752 532 :

966 553 1016 585 lle,
1032 558 1054 579 et
1071 553 1149 580 dicit:
1160 553 1295 587 discipulis
1306 553 1372 587 ejus,
1389 558 1412 579 et
1434 552 1526 582 Petro.
1540 552 1609 587 quod
1625 553 1753 586 prwccdct

964 607 1008 626 uas
1024 600 1050 626 in
1074 599 1212 627 Galilaeam
1230 600 1262 627 ".
1280 600 1336 628 Sub
1353 600 1412 627 loco
1438 599 1582 631 Calui-ite,
1615 599 1640 626 ili
1666 599 1754 632 capite

964 643 1103 675 Ecclesite,
1122 645 1154 671 ab
1171 644 1271 671 Helena
1296 653 1361 671 crux
1381 645 1484 671 Domini
1504 649 1610 678 reperta
1636 649 1688 671 cst.
1704 644 1754 671 Sc-

963 691 1053 718 cundo
1071 690 1222 718 milliarioa
1236 689 1400 722 Jerusalem,
1416 695 1512 718 contta
1529 690 1678 718 Jerusalem
1694 698 1755 717 cre-

964 737 1002 762 vit
1021 736 1102 762 arbor
1126 736 1169 762 illa
1188 736 1357 770 dignissima,
1377 745 1402 763 tn
1416 745 1468 772 qua
1485 744 1563 763 verus
1577 737 1622 764 ille
1645 736 1686 764 leo
1704 743 1754 770 pe-

964 782 1066 816 pendit,
1082 782 1127 816 qui
1144 786 1231 809 morte
1244 789 1291 809 sua
1305 787 1420 809 mortetn
1434 782 1542 814 delevit,
1557 783 1640 809 vitam
1652 782 1754 809 mundo

965 836 1103 861 reparans.
1121 827 1196 855 Unde
1209 829 1338 862 pmpheta
1353 837 1360 856 :
1379 828 1401 855 0
1418 836 1498 861 mors,
1509 837 1552 855 era
1571 837 1640 855 mors
1656 834 1701 856 tua
1718 829 1751 861 ",

118 875 269 908 paropside.
282 876 326 909 qui
337 883 376 901 me
390 875 536 901 Irudilurm
549 879 586 900 est
599 875 632 901 ".
652 874 701 901 Cui
712 873 811 900 Jndas:
825 874 911 900 Num-
927 874 946 900 Β
960 879 1014 902 etc.
1032 874 1068 902 De
1085 882 1195 902 carcere
1214 883 1287 906 vero,
1315 881 1342 902 et
1366 875 1456 902 medio
1473 876 1576 905 mundi.
1592 875 1753 903 Iabulatorie

117 921 183 955 quid
194 929 240 955 ego
258 929 326 953 sum,
343 920 424 947 Rabbi
438 921 450 946 .9
466 920 546 948 Jesus
571 920 717 955 respondet
733 921 757 947 ei
777 929 784 947 :
804 920 844 947 Tu
865 921 908 946 di-

118 967 156 992 cis
170 966 203 992 ’⁷.
219 967 258 992 Ad
272 967 410 993 sinistram
424 967 523 993 montis
538 965 614 997 Sion,
631 973 712 1000 super
724 973 817 1000 agrum
831 973 910 1000 pere-

117 1013 270 1045 grinorum.
293 1013 338 1047 qui
357 1017 384 1039 et
400 1012 575 1044 llakeldama,
602 1012 628 1039 id
644 1017 695 1044 est,
719 1019 782 1046 ager
796 1013 908 1046 sangui-

117 1059 171 1092 nis,
187 1067 267 1086 secus
283 1061 365 1092 viam,
379 1069 437 1095 quae
451 1061 525 1088 ducit
539 1061 672 1096 Ephrata.
685 1063 692 1072 '
704 1061 778 1088 Mons
794 1060 870 1093 Sion,
882 1061 907 1088 in

116 1113 171 1139 quo
185 1113 230 1132 rex
246 1105 375 1133 Salomon
393 1110 501 1138 unctus,
519 1108 592 1141 regni
608 1107 734 1134 diadema
751 1108 865 1141 recepit.
880 1107 907 1134 In

115 1151 268 1178 Jerusalem
289 1152 409 1179 vendidit
425 1151 519 1179 Jesunt
538 1152 621 1179 Judas
639 1153 704 1179 hora
720 1159 907 1187 vesperarum.

117 1198 145 1223 In
161 1198 289 1224 accubitu
319 1199 420 1225 montis
445 1198 543 1225 Oliveti
564 1204 658 1226 contra
682 1199 814 1225 orientem
833 1203 908 1225 trans

116 1243 319 1278 Cedron,jactu
334 1243 431 1278 lapidis
445 1251 459 1270 a
472 1243 658 1276 Gcthsemani,
679 1244 768 1270 oravit
783 1243 908 1270 Christus

116 1291 150 1317 ad
178 1290 283 1317 Patrem
306 1299 397 1320 suum.
427 1292 519 1318 dicens
535 1299 541 1317 :
557 1291 655 1322 Pater,
675 1291 698 1317 si
725 1291 783 1324 ﬁeri
814 1295 907 1324 potest,

116 1341 232 1362 transeat
247 1344 262 1362 a
278 1344 318 1362 me
345 1337 415 1362 calix
433 1336 482 1363 iste
497 1336 539 1369 “;
561 1336 604 1363 ubi
630 1344 661 1362 ex
686 1336 783 1363 timore
805 1336 907 1368 carnis,

115 1382 241 1409 sudorem
260 1381 329 1408 fudit
346 1382 422 1417 quasi
447 1383 606 1416 sanguinem
622 1391 630 1416 ;
647 1382 690 1410 tibi
709 1388 735 1408 et
752 1383 791 1409 ait
803 1380 884 1409 Petro
899 1391 907 1410 :

119 1427 178 1454 Non
192 1428 316 1462 potuistis
338 1436 390 1454 tnta
416 1428 481 1454 Itora
497 1427 607 1462 uigilare
631 1436 732 1455 "tecum
750 1428 790 1455 "‘2
808 1428 908 1455 Deinde

115 1473 290 1502 Getltsemani
318 1482 456 1508 regressus
481 1479 533 1501 eSl.
550 1473 633 1501 Judns
663 1479 753 1500 autem
781 1475 905 1506 traditur,

115 1521 292 1554 acceptojam
307 1521 404 1555 pretio,
420 1521 452 1547 ad
466 1520 492 1547 id
509 1521 579 1554 quod
597 1521 629 1547 tle
643 1519 705 1547 Jesu
721 1520 822 1548 Judaeis
840 1529 906 1555 Spu-

115 1567 219 1600 pontlit,
237 1567 343 1600 signum
358 1567 467 1593 dederat
482 1566 586 1593 CullOt'lI
603 1575 609 1592 :
627 1565 813 1601 Quemcunque
827 1575 905 1593 oscu-

115 1612 185 1638 latus
198 1611 273 1646 [uero
286 1612 320 1644 ³⁸,
337 1618 391 1638 etc.
410 1611 506 1644 Quem,
522 1612 658 1646 tognitum
675 1612 776 1638 Iraudis
799 1613 904 1645 osenlo,

116 1659 235 1684 vinctum
251 1658 351 1684 ducunt
370 1657 395 1683 itt
419 1658 495 1689 Sion,
519 1659 552 1684 ad
570 1657 646 1683 I’ilati
664 1659 831 1692 pra-torium.
855 1658 904 1686 Ubi

113 1708 140 1730 et
161 1702 258 1730 Petrus
275 1707 317 1730 ter
334 1711 394 1729 eunt
419 1704 527 1737 negavit
545 1711 552 1730 :
570 1703 640 1730 unde
668 1708 702 1733 et.
735 1704 795 1739 galli
824 1710 904 1731 cantu

115 1749 158 1784 pie
174 1749 351 1777 reminiscens
370 1749 443 1775 verbi
458 1747 535 1780 Jcsu,
549 1756 612 1776 vere
626 1750 762 1784 ptrnitnit,
778 1749 904 1784 ﬂevitque

114 1803 227 1827 amare;
253 1801 279 1821 et
303 1795 408 1830 fugiens
423 1795 450 1821 in
477 1801 632 1825 cavernam,
660 1801 720 1828 quae
737 1796 815 1822 modo
836 1796 903 1822 Galli

115 1847 211 1870 cantus
226 1842 388 1876 appellatur,
407 1842 607 1876 vulgariterque
631 1841 749 1869 Galila‘ae
772 1843 825 1874 via,
845 1851 904 1876 quae

115 1888 256 1915 deacendit
277 1887 420 1922 Josaphat,
444 1887 493 1914 sub
508 1892 582 1921 porta
599 1887 699 1914 montis
722 1886 797 1914 Sion.
815 1888 904 1915 Monte

115 1929 182 1958 Sion
196 1930 286 1958 Jesunt
300 1932 451 1966 opprobriis
465 1929 601 1962 adﬂictum,
618 1932 775 1958 verberibus
790 1940 902 1965 caesum,

113 1979 220 2005 catenis
241 1982 354 2009 teutum,
371 1985 402 2004 ac
423 1977 552 2008 derisum,
578 1977 667 2004 crucis
695 1985 750 2004 suae
773 1978 901 2012 bajttlnttt,

114 2024 194 2051 Pila'i
207 2023 294 2056 jussu,
312 2023 465 2051 Judaeorum
483 2022 609 2057 impulsu,
624 2024 651 2049 in
664 2022 806 2058 Golgotha,
830 2024 902 2058 quod

113 2074 155 2096 cst
176 2069 306 2096 Calvarizu
333 2069 419 2100 locus,
439 2069 526 2095 tunica
545 2073 666 2100 exutum,
682 2068 745 2096 felle
768 2076 796 2096 et
825 2076 902 2097 aceto

115 2121 247 2150 potatmn,
263 2115 352 2142 crucis
364 2115 484 2148 patibulo
500 2121 659 2147 suspensum
682 2114 743 2140 neci
759 2115 900 2142 dederunt.

115 2162 213 2194 Locus,
231 2163 351 2197 inquam,
377 2160 510 2188 Calvaria:
532 2160 631 2191 dictus,
663 2167 696 2186 eo
723 2160 795 2194 quod
814 2160 839 2187 in
869 2169 901 2187 eo

962 921 1139 955 praedicatur;
1164 929 1225 947 cttm
1254 922 1394 956 utriusque
1412 922 1461 948 loci
1482 922 1602 956 dignitas
1623 922 1688 949 satis
1706 930 1754 949 re-

961 969 1078 995 verenda
1094 968 1138 995 sit.
1155 968 1252 1000 Locus,
1270 969 1388 1002 inquam,
1407 968 1452 1003 qui
1467 969 1545 995 modo
1560 969 1659 995 Curccr
1675 968 1754 995 Chri-

961 1015 994 1041 sti
1015 1014 1127 1046 dicitur,
1144 1016 1169 1041 in
1189 1016 1315 1049 passione
1337 1014 1400 1042 Jesu
1422 1016 1583 1048 campestris
1606 1021 1683 1047 erat;
1704 1015 1752 1042 sed

962 1060 986 1086 in
1001 1060 1039 1094 lea
1058 1068 1159 1087 moram
1185 1060 1287 1093 habuit,
1320 1061 1438 1094 quantliu
1470 1060 1696 1087 machinabantur
1726 1060 1750 1087 ei

960 1107 1050 1134 crttcis
1065 1106 1251 1140 suspendium.
1277 1106 1323 1133 Illo
1341 1107 1448 1140 quidem
1465 1106 1536 1138 loco,
1559 1106 1680 1133 secundo
1694 1114 1752 1133 ma-

961 1152 1100 1180 nii'estavit
1113 1160 1142 1180 se
1157 1152 1237 1180 Iesus
1257 1152 1348 1179 Marte
1363 1152 1537 1186 lllagdalenae,
1559 1160 1621 1179 cum
1649 1152 1752 1180 redirtt

961 1198 994 1225 ab
1013 1198 1118 1226 inferis.
1134 1199 1234 1226 Eadem
1251 1199 1360 1233 diejam
1378 1199 1531 1226 declinante
1541 1199 1575 1226 ad
1596 1206 1749 1234 vesperam,

959 1243 1010 1270 sub
1026 1245 1160 1278 peregrini
1178 1245 1269 1278 specie
1298 1245 1418 1275 latitans,
1437 1243 1563 1277 apparuit
1587 1243 1693 1271 duobus
1710 1245 1752 1270 ιιι-

960 1298 980 1318 si
991 1290 1071 1324 ipulis
1085 1290 1112 1316 in
1128 1290 1180 1321 via,
1209 1290 1260 1317 sub
1286 1294 1434 1324 conquestu
1449 1290 1482 1316 de
1497 1295 1584 1316 morte
1606 1281 1676 1316 illius
1693 1294 1751 1316 tenw

959 1335 1085 1363 tlentibns
1101 1335 1141 1362 Νίι
1151 1336 1253 1369 opolin,
1269 1336 1295 1362 id
1309 1339 1362 1367 est,
1372 1335 1500 1362 Emmaus
1515 1335 1655 1370 oppidum,
1666 1335 1751 1371 septi-

961 1390 1005 1408 mo
1022 1382 1149 1408 milliaria
1164 1390 1178 1408 a
1194 1381 1345 1408 Jerusalem
1362 1390 1368 1408 :
1385 1389 1463 1416 «piem
1476 1386 1503 1409 et
1518 1382 1554 1409 ibi
1571 1376 1708 1416 reétitttttt
1723 1382 1749 1410 in

959 1427 1094 1462 hospitem
1126 1432 1341 1462 recngnoverunt
1377 1428 1404 1454 in
1440 1427 1571 1456 l‘ractione
1607 1429 1697 1462 panis;
1723 1433 1751 1456 et

961 1474 1052 1500 statim
1069 1473 1203 1508 disparuit
1216 1473 1249 1500 ab
1272 1473 1321 1500 eis.
1348 1473 1439 1500 Monte
1460 1473 1525 1500 Sion
1543 1474 1670 1508 apparuit
1684 1481 1751 1508 apo-

959 1519 1035 1546 stolis
1063 1519 1198 1552 omnilnus,
1218 1518 1320 1552 absque
1340 1517 1455 1551 Thema,
1469 1518 1560 1551 januis
1575 1518 1685 1550 clausis,
1707 1519 1749 1545 di-

959 1571 1023 1591 cens
1037 1565 1100 1592 eis:
1121 1563 1179 1591 Pax
1201 1565 1270 1591 vobis
1294 1565 1326 1592 ”.
1353 1565 1442 1592 Monte
1469 1564 1544 1597 Sion,
1570 1570 1664 1592 octava
1692 1564 1747 1594 die.

959 1609 1069 1638 Thema;
1093 1619 1153 1637 cum
1172 1611 1235 1643 illis,
1249 1610 1338 1644 januis
1355 1610 1456 1638 clausis
1475 1610 1613 1642 omnibus,
1635 1610 1747 1637 vulnera

957 1663 1006 1683 sua
1030 1655 1162 1691 palpanda
1175 1656 1283 1683 obtulit.
1308 1655 1358 1683 Cui
1383 1656 1421 1683 ait
1451 1655 1570 1683 Thomas
1593 1664 1600 1682 :
1620 1655 1748 1682 Dominus

957 1711 1040 1735 metu,
1054 1708 1077 1728 ει
1095 1702 1166 1730 Deus
1189 1710 1260 1729 meus
1278 1703 1312 1729 ".
1329 1701 1357 1729 In
1378 1701 1488 1730 Galil-.ea
1512 1709 1591 1728 secus
1617 1709 1702 1733 mare,
1720 1707 1748 1728 et

958 1750 984 1776 in
1000 1750 1066 1776 mari
1088 1749 1230 1783 discipulis
1248 1749 1305 1776 suis
1327 1754 1368 1775 ter
1387 1757 1416 1776 se
1451 1747 1747 1780 manifestavil..Qua-

959 1795 1113 1829 dragesimo
1128 1795 1182 1826 die,
1198 1795 1223 1822 iu
1240 1800 1330 1821 ntonte
1353 1793 1462 1824 Olivcti,
1477 1798 1624 1828 susceptus
1635 1802 1649 1820 a
1663 1794 1745 1824 nube,

958 1841 1084 1867 manibus
1097 1840 1207 1872 erectis,
1218 1840 1301 1867 caelos
1315 1840 1447 1866 ascendi.
1465 1840 1678 1874 ρυιιιιι·;ιει;εἰιι.υ
1692 1839 1746 1871 die,

956 1888 1001 1922 qui
1015 1886 1093 1914 nobis
1107 1886 1239 1920 jubileum
1254 1893 1367 1920 annum,
1386 1886 1413 1913 id
1430 1892 1480 1919 est,
1492 1891 1620 1913 mternam
1635 1885 1747 1912 liberta-

957 1938 1009 1959 tem
1024 1931 1134 1968 ﬁgurat,
1153 1931 1337 1967 apostolorum
1354 1931 1436 1959 corda
1451 1938 1562 1958 suorum
1578 1930 1745 1957 inﬂamman-

959 1983 1025 2010 teut,
1042 1983 1166 2005 sanctum
1184 1977 1288 2005 remisit
1303 1977 1433 2012 Spiritum
1452 1976 1635 2004 Paraclctum.
1655 1975 1746 2003 Monte

956 2025 1020 2051 Sion
1039 2024 1131 2059 Virgo,
1156 2023 1218 2051 Jesn
1242 2024 1337 2056 Mater,
1362 2023 1469 2052 transiit
1485 2023 1518 2050 de
1542 2023 1652 2055 mundo,
1671 2022 1745 2050 etin

954 2069 1086 2103 Josapltat
1100 2071 1133 2097 ab
1147 2070 1276 2104 apostolis
1290 2069 1395 2104 sepulta
1413 2069 1480 2101 fuit;
1497 2069 1559 2096 imle
1577 2077 1590 2095 θ
1609 2068 1680 2096 Filio
1695 2075 1745 2095 suo

954 2122 1034 2149 supra
1049 2116 1147 2142 choros
1159 2115 1316 2150 angelorum
1328 2115 1457 2142 exaltita.
1476 2115 1567 2142 Monte
1583 2115 1647 2142 Sion
1661 2114 1745 2141 David

955 2168 1012 2193 rex,
1037 2165 1065 2187 et
1092 2160 1234 2193 Salomon,
1263 2161 1365 2196 aliique
1389 2168 1466 2195 rcges
1496 2159 1744 2195 Hierosolymitani,

113 2209 226 2241 calvati,
245 2209 270 2235 id
288 2212 340 2240 est,
357 2206 479 2234 damnari
495 2206 532 2233 rei
547 2205 680 2233 solebant.
693 2205 823 2235 Calvaria:
837 2207 899 2233 dum
914 2210 941 2240 ι)
953 2205 1052 2240 sepulti
1077 2206 1230 2241 quiescunt.
1260 2207 1330 2233 Ante
1360 2210 1464 2241 portam
1495 2205 1656 2238 Jerusalem,
1683 2212 1745 2239 qua:

114 2255 140 2282 in
155 2262 236 2281 cruce
259 2257 396 2288 pateretur
409 2251 500 2284 Jesus,
523 2250 636 2278 Matrem
651 2259 728 2279 suam
748 2251 837 2278 amico
855 2258 904 2278 suo

113 2299 312 2327 conmendavit
340 2304 368 2326 ut
387 2298 519 2333 virginem
546 2297 640 2332 virgini
666 2296 756 2329 Matri,
781 2297 874 2324 dicens
895 2306 901 2324 :

117 2345 182 2371 Ecce
199 2345 272 2379 [ilius
284 2351 345 2372 tuus
363 2345 397 2378 ³⁸,
411 2350 466 2372 etc.
486 2343 617 2372 Calvariae
631 2344 695 2371 dum
710 2343 736 2370 itt
753 2350 834 2370 cruce
855 2351 899 2377 pa-

114 2396 217 2418 teretur
238 2392 325 2418 hostia
345 2391 449 2423 mundi,
479 2390 575 2418 latroni
603 2390 728 2425 pendenti
756 2389 788 2416 ad
806 2391 899 2416 dexte-

114 2444 183 2468 ram,
200 2438 233 2463 ab
250 2444 281 2463 eu
301 2436 402 2471 petenti
429 2437 546 2468 veniam,
564 2436 659 2463 stol.nn
686 2435 899 2462 immortalitatis

112 2483 262 2516 promisit:
285 2482 373 2510 crucis
401 2482 428 2509 in
454 2481 583 2517 patibulo,
613 2481 765 2516 perloratus
794 2481 898 2513 lancea,

112 2528 271 2562 sanguinem
302 2528 392 2555 emisit
426 2531 455 2554 et
484 2533 594 2562 aquam,
631 2535 664 2554 ex
683 2534 799 2562 quorum
827 2526 899 2554 stilla

111 2574 200 2608 aperti
225 2578 288 2600 sunt
308 2573 381 2600 oculi
413 2573 539 2609 Longini,
566 2573 612 2608 qui
631 2581 691 2601 eunt
718 2578 898 2608 percusserat.

112 2620 169 2647 Sub
186 2620 245 2646 leco
261 2620 393 2648 Calvaria:
408 2621 441 2647 ad
460 2621 611 2654 dexteram,
631 2620 657 2647 in
679 2619 789 2647 introitu
804 2619 912 2658 Eccle-/

112 2667 171 2700 size,
188 2667 273 2698 locus,
288 2668 315 2694 in
333 2675 385 2702 quo
404 2666 502 2703 Joseph
524 2668 680 2702 impetravit
701 2675 717 2694 a
739 2667 826 2695 Pilato
840 2674 902 2695 cor-

94 2746 95 2749 ,
113 2722 161 2748 pus
177 2715 253 2746 Jesu,
272 2713 407 2741 sublatum
420 2715 453 2741 de
468 2721 549 2741 cruce
569 2714 636 2741 lavit
650 2715 807 2740 reverenter
829 2713 901 2745 caris

149 2803 171 2818 "
187 2803 249 2829 Luc.
270 2808 338 2832 uti,
350 2801 394 2829 l9.
433 2801 456 2818 "
470 2802 569 2829 Matth.
586 2809 660 2834 xxvu,
674 2802 719 2829 23.

113 2846 140 2870 ι,
155 2838 201 2865 20.
239 2838 260 2852 ³¹
278 2837 374 2864 Matth.
392 2845 489 2872 umt,
506 2837 533 2864 7.
573 2837 596 2852 ⁸⁸
612 2837 681 2864 Osee
698 2845 757 2871 ιιιι,
775 2838 816 2866 14.

270 2885 405 2916 Ριιτιιοι..
422 2885 479 2914 Gn.
498 2883 672 2916 CXXXIII.

758 2802 779 2817 ⁸⁷
796 2802 862 2830 ibid.
879 2802 925 2830 25.

855 2838 878 2854 ³⁵
890 2837 958 2867 Luc.
976 2845 1050 2870 utv,
1066 2838 1110 2865 56.

956 2251 1064 2285 respicit
1082 2259 1207 2279 occasum
1223 2254 1228 2261 ‘
1243 2252 1308 2278 urbs
1321 2256 1415 2278 sancta
1430 2250 1525 2281 Israel,
1536 2251 1612 2278 saxis
1628 2251 1742 2276 obrutus

955 2297 1051 2324 beatus
1066 2297 1222 2332 Stephanus
1235 2301 1418 2332 protomartyr
1429 2296 1507 2328 obiit,
1521 2296 1584 2323 inde
1595 2296 1743 2322 translatus

954 2344 981 2370 in
1000 2343 1078 2377 Sion,
1093 2350 1120 2371 et
1143 2345 1266 2379 sepultus
1289 2345 1358 2371 inter
1372 2342 1550 2371 Nicodamum
1575 2349 1602 2370 et
1615 2341 1740 2373 Habilun,

951 2394 978 2417 et
1004 2389 1199 2423 Gamalielem;
1226 2394 1321 2424 postea
1351 2387 1630 2424 Constantinopolin:
1650 2388 1740 2414 nonne

955 2435 989 2462 ad
1005 2435 1129 2463 ultimum
1149 2435 1226 2463 beato
1254 2434 1401 2462 Laurentio
1427 2433 1641 2461 contumulatus.
1665 2432 1742 2460 Unde

953 2488 980 2508 ct
997 2481 1022 2508 in
1040 2481 1144 2508 tumulo
1155 2482 1283 2508 scribitur
1299 2490 1306 2508 :
1325 2481 1391 2514 Qua:
1410 2479 1475 2507 Sion
1488 2480 1583 2507 occidit
1596 2479 1668 2506 nobis
1682 2478 1741 2506 bis'

950 2533 1043 2554 austra
1074 2528 1154 2555 ηιὶδὶι.
1185 2529 1254 2555 Ante
1276 2532 1378 2562 portam
1407 2526 1569 2559 Jerusalem,
1592 2526 1668 2562 juxta
1699 2526 1741 2552 lo-

951 2581 1010 2600 cum
1036 2574 1081 2608 qui
1107 2573 1220 2608 respicit
1245 2573 1387 2600 meridiem
1403 2579 1486 2600 cavea
1511 2571 1567 2604 illa,
1585 2573 1610 2598 in
1628 2579 1680 2606 qua
1695 2571 1740 2598 leo

951 2619 1072 2654 quidam,
1096 2619 1176 2654 jussu
1208 2620 1253 2647 Dei
1283 2619 1491 2654 omnipotentis,
1509 2623 1657 2654 martyrum
1683 2619 1740 2645 fere

951 2664 1093 2692 duodecim
1112 2664 1196 2692 millia
1215 2664 1265 2693 sub
1281 2665 1401 2692 Cosrhoc
1418 2668 1567 2699 perempta,
1585 2671 1638 2691 una
1661 2672 1740 2692 nocte

953 2713 1047 2742 detulit
1069 2721 1076 2738 ε
1096 2713 1167 2740 unde
1194 2717 1221 2739 et
1251 2720 1368 2740 caverna
1393 2712 1480 2739 leonis
1513 2713 1623 2740 dicitur.
1655 2706 1768 2740 Sexto"

1165 2801 1187 2816 "
1208 2800 1275 2828 Ibid.
1292 2801 1337 2828 40.
1375 2800 1397 2817 ³⁰
1414 2799 1481 2827 Ibid.
1503 2799 1549 2827 48.

1149 2836 1171 2853 ³³
1185 2835 1264 2864 Jutm.
1284 2844 1329 2871 xx,
1349 2836 1395 2864 28.

1538 2881 1575 2913 32

964 2802 987 2818 ’⁸
1000 2801 1069 2829 Ibid.
1081 2802 1126 2829 59.
1165 2801 1187 2816 "
1208 2801 1275 2828 Ibid.
1292 2801 1337 2828 40.
1375 2801 1397 2817 ³⁰
1414 2801 1481 2827 Ibid.
1503 2801 1549 2827 48.
1588 2801 1697 2829 "Joatt.
1712 2809 1738 2829 xl
