1956 3077
208 143 275 176 1003

814 141 1012 172 TIIEtlDOBI
1033 140 1232 171 I’RODBOMI

1760 139 1827 171 160i

207 200 334 230 milliaria
362 207 376 225 a
407 197 569 228 Jerusalem,
593 197 646 229 via,
666 204 725 231 quae
749 197 821 223 ducit
849 197 991 227 llamatha,
1006 200 1031 228 Α
1046 196 1139 227 David,
1157 196 1277 222 miserere
1289 196 1339 221 mei
1352 195 1384 225 ",
1397 195 1473 221 abeo
1487 194 1633 222 illuminari
1651 196 1761 227 meruit,
1774 201 1829 221 tam

206 256 284 277 mans
303 245 392 274 Modin
407 253 414 277 ;
433 252 464 271 ex
479 251 532 278 qua
548 242 722 275 Malhathias,
733 247 809 277 pater
824 243 991 270 Machaba-a-

206 301 282 324 rum;
301 292 327 318 in
339 297 393 325 quo
405 289 504 321 sepulti
517 288 674 321 quiescunt,
688 295 780 315 earum
795 288 882 314 adhuc
907 294 991 321 appa-

207 340 327 368 rentibus
352 335 476 363 tnmulis.
505 335 606 361 Octavo
634 334 760 360 milliaria
787 341 800 359 a
819 333 919 362 Madin.
948 333 990 358 via

206 392 265 420 quae
280 382 355 410 ducit
382 380 498 415 Joppen,
529 379 626 411 Lidda,
655 387 715 414 quae
746 384 772 406 et
790 379 922 412 Diospolis
940 388 946 404 :
964 379 990 404 in

206 438 258 465 qua
274 435 372 462 corpus
386 426 458 454 beati
484 425 592 460 Georgii
608 425 741 459 sepultum
768 425 853 451 fuisse
879 423 993 450 manife-

206 479 304 503 statur.
320 472 448 500 Milliario
469 478 483 498 a
501 470 646 500 Ramatlia,
666 471 745 497 tertio
763 469 893 496 milliaria
910 478 924 494 a
944 468 993 495 Be-

208 521 317 552 thleem,
330 518 440 546 Thecue
455 517 593 552 oppidum,
616 523 646 542 ex
663 523 716 550 quo
731 516 813 542 Amas
838 516 967 550 propheta
984 523 990 541 :

207 567 252 602 qui
269 570 295 592 et
311 565 348 592 ibi
365 564 485 600 sepultus
507 563 635 598 quiescit.
650 562 751 595 Quarto
766 561 892 588 milliaria
916 569 930 587 a
945 560 993 587 Je-

209 612 324 639 rusalem
340 612 373 637 ad
398 606 532 641 austrum,
546 608 671 643 oppidtttn
699 608 774 638 illud,
792 608 816 633 in
835 607 992 641 quo'mora-

209 660 288 686 batur
302 655 447 684 Zacharias
473 659 537 681 tunc
562 655 703 687 temporis,
735 661 797 680 cum
815 652 901 680 Mater
928 652 991 680 Jesu

208 703 301 734 Maria,
322 701 463 731 festinans,
478 700 533 733 jam
550 700 652 726 habens
678 700 703 726 in
722 704 798 726 utero
816 698 914 725 Fiiium
932 698 992 731 Dei,

208 748 281 775 venit
293 748 325 774 ad
339 745 506 773 salutandam
521 745 666 775 Elisabeth,
680 749 820 778 cognatam
833 751 992 778 suam,qum

209 798 268 820 erat
289 791 401 827 gravida
421 789 525 818 Joanne
542 790 684 825 Baptista;
701 797 780 824 quem
797 789 833 817 ibi
852 794 879 816 et
900 794 993 816 natum

211 839 293 866 fuisse
314 837 466 872 perhibent.
484 836 593 862 Decimo
610 836 689 862 tertio
704 835 830 862 milliaria
851 843 865 862 a
886 834 992 862 Jerusa<

210 886 260 912 lem
276 888 370 910 contra
389 883 509 914 boream,
525 880 645 913 Jericho,
665 888 698 907 ex
722 888 775 915 qua
792 880 885 907 llahab
903 888 992 907 mere-
1011 869 1030 897 Β

211 930 275 962 trix,
291 937 349 964 quze
367 928 485 962 hospitio
497 927 615 962 suscepit
629 932 656 954 et
674 927 748 961 pavit
761 927 912 961 celavitque
928 934 993 961 qna-

212 982 272 1002 tuor
299 974 488 1008 exploratores
526 978 604 1000 terra;
632 972 830 1007 promissionis.
866 972 905 998 Ex
941 979 993 1006 qua

209 1021 339 1048 Zachzens
365 1024 468 1047 statura
493 1019 617 1053 pusillus,
643 1018 754 1045 audiens
780 1017 881 1049 Jesnm.
904 1023 994 1052 partes

209 1067 269 1094 illas
284 1065 528 1100 perambulantem,
544 1063 849 1099 sycomorum‘arborem
862 1064 993 1095 ascendit,

210 1117 247 1144 et,
266 1117 294 1138 ut
310 1111 454 1139 Dominum
467 1111 583 1143 videret,
598 1115 627 1138 et
650 1117 710 1137 cum
732 1117 765 1138 eo
781 1111 948 1144 loqueretur.
966 1117 996 1137 se

209 1158 348 1190 indicavit,
365 1161 459 1192 petens
476 1157 599 1189 veniam;
613 1164 644 1183 ex
663 1164 714 1190 qua
731 1161 757 1182 et
772 1156 858 1190 pueri,
872 1156 915 1190 qni
933 1156 996 1183 bea-

211 1209 266 1230 tutn
284 1203 422 1234 Eliszeum,
443 1202 654 1237 Hierosolymam
669 1202 873 1234 ascendentem,
892 1201 997 1228 derise-

211 1253 273 1275 runt
290 1249 476 1275 exclamantes
494 1257 501 1274 :
520 1248 639 1274 Ascende
652 1247 734 1278 calve,
752 1247 863 1273 ascende
874 1247 946 1273 calve
960 1246 992 1273 ".

211 1294 337 1321 Secundo
356 1294 445 1328 lapide
464 1301 478 1320 a
495 1292 604 1320 Jericho
630 1294 663 1320 ad
679 1297 812 1325 austrum,
833 1298 872 1320 est
900 1294 995 1320 deser-

212 1345 281 1371 tum,
298 1340 369 1374 quod
385 1340 559 1372 Quarantena
576 1343 698 1371 vocatur,
724 1339 750 1366 in
765 1347 819 1373 quo
833 1339 911 1366 Jesus
926 1347 995 1373 qua-

211 1386 334 1420 draginta
364 1385 460 1412 diebus
489 1385 657 1419 totidemque
695 1385 820 1412 noctibus
848 1385 995 1419 jejunavit,

210 1439 327 1466 cumque
344 1431 379 1458 ibi
393 1432 556 1458 esurientem
575 1436 685 1458 tentans
700 1431 834 1463 diabolus,
852 1432 888 1457 ait
908 1440 915 1458 :
935 1431 994 1462 Dic,

210 1484 238 1505 ut
261 1478 360 1512 lapides
383 1478 428 1505 isti
448 1485 527 1511 partes
554 1477 619 1510 ﬁant
638 1478 671 1504 ³⁷.
690 1477 817 1504 Secundo
844 1477 996 1504 milliariaa

211 1523 386 1555 Quarantena
404 1526 498 1549 contra
522 1521 672 1553 Galilaeam,
692 1529 769 1548 mons
794 1521 920 1548 excelsus
941 1521 994 1553 ille,
1010 1533 1032 1562 ο

211 1569 239 1595 in
257 1576 312 1603 qua
330 1569 428 1596 iterum
446 1567 571 1595 diabolus
597 1569 712 1595 tentavit
726 1567 829 1600 Jesum,
848 1568 994 1595 ostendens

211 1616 235 1642 ei
253 1615 343 1641 omnia
370 1621 451 1647 regna
472 1614 578 1647 mundi,
598 1619 625 1640 et
652 1614 799 1648 inquiens:
819 1613 884 1640 Ilwc
905 1613 994 1640 omnia

211 1660 258 1687 tibi
271 1659 350 1691 dabo,
376 1660 398 1686 si
413 1660 508 1686 cadens
530 1659 682 1686 adoraveris
697 1667 736 1686 me
747 1659 779 1686 πε
806 1659 860 1686 Sth
872 1659 996 1692 Quarun-

211 1710 284 1738 tena,
305 1705 387 1733 fontis
405 1705 477 1732 illius
498 1705 613 1737 rivulus,
631 1712 710 1739 quem
742 1706 838 1732 beatus
871 1704 994 1736 Elismns,

211 1752 271 1787 ejus
289 1756 384 1779 sanata
404 1752 560 1783 sterilitate,
587 1751 621 1778 de
641 1758 734 1778 amaro
746 1751 890 1785 potabilem
910 1751 998 1778 reddi—

212 1798 260 1825 dit.
286 1797 357 1824 Ante
380 1796 501 1829 Jericho,
526 1804 607 1824 secus
623 1797 705 1828 viam,
732 1804 818 1823 ctecus
847 1797 996 1827 mendicus,

212 1841 325 1869 audiens
345 1843 416 1876 quod
443 1841 521 1870 Iesus
549 1841 686 1873 transiret,
710 1841 848 1868 clamans:
865 1840 939 1873 Iesu,
956 1841 997 1874 ﬁli

247 1923 271 1939 ³⁸
291 1921 324 1949 1V
341 1921 409 1957 Reg.
431 1929 462 1955 ιι,
483 1922 527 1949 25.

579 1923 601 1938 ³⁷
617 1922 713 1951 Matth.
732 1930 767 1957 tv,
786 1923 813 1950 5.

213 1964 261 1990 vn,
279 1957 306 1984 5.

863 1924 884 1939 ³⁸
898 1923 964 1951 ibid.
986 1924 1012 1950 9.

1043 241 1158 268 interius
1173 248 1251 275 quam
1269 241 1397 267 exterius.
1414 239 1505 266 Tertio
1530 239 1656 266 milliaria
1673 247 1688 266 a
1705 238 1830 271 Iericho.

1043 287 1161 314 secunda
1186 287 1311 313 milliaria
1337 294 1350 312 a
1379 285 1518 318 Bethagla,
1542 285 1614 319 quod
1633 285 1833 319 interpretatur

1044 333 1115 359 locus
1131 334 1198 367 gyri,
1214 340 1245 359 eo
1261 332 1331 366 quod
1354 331 1388 357 ibi
1415 338 1490 358 more
1517 331 1698 366 plangentium
1717 331 1832 358 circuis-

1043 383 1102 405 sent
1117 378 1209 405 l'iinera
1226 378 1321 408 JaCob,
1343 377 1389 403 lilii
1405 377 1462 410 ejus
1477 382 1503 404 et
1519 385 1586 412 gens
1603 385 1663 409 sua,
1681 377 1831 405 referentes

1043 432 1103 450 cuin
1120 424 1153 450 de
1170 422 1287 458 Egypta
1299 423 1323 449 in
1340 422 1455 449 llebron.
1473 422 1592 456 Engaddi
1614 423 1640 449 in
1660 423 1731 450 tribu
1750 422 1831 455 Iuda,

1045 469 1087 495 ubi
1119 468 1260 495 abscondit
1283 475 1311 494 se
1333 467 1415 493 David
1440 468 1466 494 in
1493 468 1649 499 solitudine,
1673 475 1734 502 qnze
1745 473 1789 495 est
1804 469 1831 495 in

1044 515 1141 541 aulone
1154 515 1163 524 ‘
1180 513 1297 545 Jericha,
1315 515 1366 540 hoc
1380 519 1431 544 est,
1444 514 1469 539 in
1487 514 1596 548 regione
1615 514 1658 540 illa
1672 514 1831 548 campestri,

1045 560 1076 586 de
1089 568 1139 593 qna
1153 568 1232 593 supra
1251 560 1377 587 d'xiinns.
1393 559 1513 586 Vocatur
1528 561 1602 586 vicus
1613 560 1658 586 ille
1669 561 1832 595 pergrandis

1045 604 1209 632 Iudaeorum.
1230 605 1256 631 In
1279 605 1371 632 Gadda
1393 605 1470 639 juxta
1487 613 1560 631 mare
1582 605 1729 637 Martnnm,
1743 605 1834 632 balsa-

1045 659 1118 678 tnum
1144 650 1234 677 allerri
1252 651 1356 677 sali-bat
1379 657 1405 677 et
1421 651 1496 678 ariri.
1515 650 1591 677 Unde
1617 656 1644 677 et
1673 651 1760 679 vinea:
1774 651 1832 678 En-

1045 697 1124 731 gaddi
1147 701 1346 730 nuncupantur.
1373 697 1475 724 ()csava
1500 696 1624 724 milliaria
1656 705 1669 722 a
1697 695 1834 724 Nazarctlt

1045 746 1138 769 contra
1152 741 1304 769 Carmelnm
1331 742 1415 769 Cham
1442 750 1537 776 mons;
1553 743 1585 769 ad
1609 743 1728 770 radicem
1743 744 1834 778 cujus,

1044 790 1121 824 juxta
1142 789 1254 821 lentem,
1277 789 1406 820 Lamach,
1425 794 1499 822 pater
1513 788 1580 821 Nae,
1593 788 1689 823 sagitta
1706 797 1753 816 sua
1770 797 1835 824 per-

1046 835 1113 861 emit
1129 835 1206 865 Cain,
1230 842 1349 868 arcuque
1367 843 1415 860 sua
1429 835 1523 861 tlutein
1546 843 1635 862 suum.
1653 835 1728 863 Unde
1741 835 1836 862 furare

1047 881 1175 915 rcplelus,
1204 885 1230 907 et
1256 881 1351 912 iratus,
1382 880 1547 907 ait:Orcidi
1574 881 1658 907 cirum
1685 882 1711 908 in
1738 882 1836 908 vulnus

1046 934 1141 958 meum,
1154 931 1178 952 et
1193 926 1413 952 adolescentulum
1431 927 1456 952 in
1473 926 1580 953 livorem
1595 935 1678 953 meum
1692 927 1726 953 ⁸ο.
1739 923 1836 954 Tertio

1046 972 1170 998 milliaria
1198 979 1211 997 a
1234 971 1300 997 Cain
1318 976 1418 1002 monte,
1433 979 1512 998 mons
1536 971 1664 1004 Carmeli,
1679 973 1711 999 de
1733 979 1789 1006 quo
1806 972 1834 998 in

1045 1018 1164 1045 Cantieis
1182 1026 1190 1044 '.
1205 1017 1307 1045 Callani
1326 1022 1410 1049 tuum,
1428 1024 1453 1043 ut
1479 1017 1613 1044 Carmelus
1631 1018 1669 1051 “;
1694 1019 1721 1045 in
1738 1026 1794 1053 quo
1807 1024 1836 1046 et

1047 1071 1093 1097 per
1111 1063 1224 1090 multum
1244 1064 1385 1098 'teniparis
1418 1064 1534 1097 spatium
1564 1065 1720 1092 conversari
1747 1065 1836 1092 voluit

1046 1111 1140 1138 beatus
1161 1110 1244 1141 Elius,
1277 1110 1388 1144 ejusque
1412 1111 1560 1144 discipulus
1585 1119 1645 1138 cum
1671 1119 1718 1144 ea,
1736 1112 1836 1142 beatus

1052 1156 1173 1183 Eltszcns.
1187 1155 1307 1190 Septimo
1324 1155 1448 1182 milliaria
1460 1164 1473 1182 a
1483 1155 1616 1183 NaZaretlt
1630 1157 1834 1184 eantra‘Geni-

1048 1202 1140 1232 inium.
1155 1201 1252 1233 Gaver,
1264 1202 1338 1227 locus
1350 1201 1376 1227 in
1388 1209 1440 1235 quo
1451 1201 1518 1228 .lehn
1537 1210 1580 1229 rex
1597 1202 1677 1229 Israel
1700 1203 1835 1237 percussit

1049 1247 1195 1273 Ochoziam
1212 1253 1300 1279 regem
1325 1245 1434 1272 Juda‘w.
1454 1245 1560 1272 Decimo
1581 1251 1658 1273 sexto
1678 1246 1805 1273 milliaria
1819 1254 1833 1272 a

1048 1291 1181 1317 Nazatetli
1210 1295 1304 1316 contra
1339 1290 1469 1316 arientetn
1494 1297 1573 1323 supra
1597 1298 1672 1317 mare
1702 1290 1834 1323 Galila-m,

1047 1337 1175 1372 Gergesa,
1191 1337 1293 1364 vicnlus
1315 1337 1369 1368 ille,
1388 1337 1414 1362 in
1441 1344 1496 1370 quo
1527 1336 1650 1362 Salvator
1678 1344 1726 1363 eos
1742 1338 1788 1371 qui
1819 1348 1832 1362 ει

1048 1383 1217 1410 ᾱιεωοιιηηιδ
1234 1382 1413 1414 vexabantur,
1446 1382 1554 1408 sanitati
1575 1383 1759 1413 restituit;ex
1779 1390 1834 1416 qua

1048 1430 1113 1456 etin
1131 1429 1200 1455 mari
1222 1428 1294 1462 porri
1321 1427 1481 1462 prmcipitati
1506 1428 1608 1454 obiere.
1628 1429 1738 1454 Decimo
1754 1433 1834 1455 sexta

1049 1474 1174 1501 milliaria
1190 1479 1280 1500 tuante
1292 1473 1407 1500 Carmeli
1419 1479 1514 1499 contra
1530 1474 1682 1506 meridiem,
1697 1473 1835 1504 Caesarea.

1048 1521 1198 1548 l’almstina:
1215 1519 1383 1554 metropolis,
1409 1527 1440 1545 ex
1472 1527 1523 1553 qua
1542 1520 1684 1546 Cornelius
1699 1521 1834 1552 centuria,

1048 1574 1128 1601 qnetn
1144 1566 1169 1592 in
1186 1573 1217 1592 ea
1236 1565 1382 1600 baptizavit
1405 1565 1502 1592 beatus
1521 1565 1627 1597 Petrus,
1641 1571 1666 1592 ct
1684 1567 1788 1593 creavit
1807 1567 1833 1593 in

1048 1612 1202 1646 episcopum
1214 1620 1220 1637 :
1234 1612 1259 1637 in
1274 1619 1325 1645 qua
1342 1616 1368 1637 et
1387 1611 1470 1638 turris
1485 1611 1631 1643 Strat0nis,
1649 1620 1731 1646 quam
1748 1613 1834 1640 Hern-

1049 1659 1098 1686 des
1122 1663 1216 1684 contra
1238 1659 1383 1684 adventum
1409 1659 1520 1692 Augusti
1536 1657 1652 1685 Cat-saris
1680 1660 1835 1686 construxit

1051 1705 1083 1732 de
1109 1703 1169 1730 alba
1198 1711 1348 1736 marmore;
1373 1708 1401 1730 et
1425 1705 1538 1735 turrim,
1565 1712 1626 1738 qua:
1651 1705 1834 1738 supereminet

1050 1748 1255 1784 Hierosolymis,
1279 1749 1335 1783 ipse
1359 1748 1491 1781 Ilerodes,
1517 1757 1576 1783 qua:
1597 1754 1623 1776 et
1641 1751 1724 1776 turris
1748 1750 1832 1776 David

1049 1796 1159 1828 dicitur,
1174 1795 1292 1829 Josepho
1312 1799 1469 1826 attestante,
1488 1794 1632 1821 fabricavit
1648 1802 1764 1830 eamque
1778 1796 1834 1822 An-

1051 1841 1151 1868 toniam
1164 1840 1280 1867 vocavit.
1487 1844 1490 1848 '

1066 1923 1086 1938 ³’
1116 1922 1210 1949 Matth.
1239 1930 1277 1954 ix,
1308 1920 1352 1948 27.
1406 1921 1429 1936 ⁸ο
1452 1919 1521 1948 Gen.
1549 1928 1586 1952 tv,
1615 1919 1660 1947 εδ.
1711 1919 1732 1935 ⁸·
1752 1919 1833 1947 Cant.

219 2047 1831 2075 ΜΞ

804 2141 878 2162 POST
894 2140 1022 2163 MEDIUH
1042 2139 1194 2161 SECULUM
1212 2140 1256 2161 XII

317 2213 982 2322 THEODORUS

1059 2227 1723 2318 PBODBOMUS

596 2484 610 2490 ς
902 2452 1152 2496 ΝΟΤΙῚῚΑ

419 2543 464 2574 (Ex
478 2542 561 2566 Leone
578 2541 668 2566 Allatio
683 2541 715 2566 De
729 2538 864 2565 Theodori:
882 2547 948 2564 num.
965 2539 1047 2570 CXVI,
1062 2546 1100 2570 ap.
1117 2538 1204 2563 Maium
1217 2539 1241 2563 in
1257 2539 1320 2564 Bibl.
1334 2540 1399 2565 Νου.
1416 2540 1486 2564 Patr.
1500 2542 1558 2564 tam.
1573 2539 1621 2572 Vl.)

247 2665 406 2695 Theodorus
429 2669 601 2701 Prodromus,
620 2669 676 2696 sive
703 2669 975 2703 Ptochopradromus,
994 2669 1028 2694 ita
1044 2668 1114 2695 enirn
1129 2667 1277 2700 saepissime
1293 2667 1320 2694 in
1350 2667 1541 2702 tnanuscriptis
1563 2667 1735 2703 exprimitur,
1755 2666 1832 2694 Chri-

212 2711 308 2740 stianis
325 2715 481 2748 parentibus
496 2721 584 2748 ortus,
601 2716 679 2743 bonis
694 2716 800 2751 piisque
815 2715 966 2750 disciplinis
981 2715 1135 2743 instruitur.
1153 2715 1211 2749 lpse
1226 2715 1298 2742 enim
1315 2714 1348 2742 de
1361 2722 1390 2741 se
1410 2714 1494 2744 dicit:

737 2774 785 2804 Ὃς
799 2774 924 2808 πατέρων
947 2771 996 2808 μὲν
1012 2773 1108 2807 ἑξέφυν
1128 2773 1290 2807 θεοφρόνων,

733 2809 787 2844 Καὶ
801 2809 891 2835 πίστιν
905 2809 936 2835 ἐκ
960 2816 989 2834 τε
1006 2808 1176 2844 πραγμάτων
1195 2808 1381 2834 nia-cauusva

734 2843 788 2869 Kal.
801 2843 913 2874 κλήσεσι
926 2844 1042 2874 μάλιστα
1057 2843 1269 2875 γριστωνυμίας·
