1956 3077
156 146 226 182 101⁷1

783 144 942 177 OPERUM
961 142 1160 177 RECENSIO.

1714 142 1778 176 1018

187 207 242 232 ια’.
262 203 316 231 Τοῦ
334 202 427 231 αὐτοῦ.
442 203 621 238 ’Δμάραντος,
645 203 662 238 ἢ
678 202 805 238 γέροντος
828 203 939 237 ἔρωτες.
955 201 979 230 Α
993 201 1041 228 τοῦ
1055 200 1257 235 αὐτοκράτορος
1273 199 1367 235 κυρίου
1383 197 1509 226 Ἰωάννου
1540 197 1587 226 τοῦ
1618 198 1776 233 Κομνηνοῦ.

184 250 239 287 κβ’.
254 250 307 278 Τοῦ
323 250 417 277 06106.
429 249 501 276 Βίων
515 249 615 285 πρᾶσις
630 250 778 284 ποιητικῶν
798 249 845 275 καὶ
863 248 934 275 πολι-

149 297 244 325 τικῶν.

185 346 240 378 κγ’.
254 343 308 370 Τοῦ
333 344 429 371 αὐτοῦ.
455 343 541 378 Λόγος
557 345 597 376 είς
611 343 655 370 τὸν
670 341 845 377 πατριάρχην
861 340 938 367 Κων-

149 390 396 422 σταντινουπόλεως
409 390 502 425 κύριον
523 390 662 425 Ἰωάννην.

185 435 224 462 κδ’
227 455 235 463 .
251 435 303 462 Τοῦ
319 435 413 463 06106.
425 436 551 471 Μονῳδία
565 436 606 467 είς
620 435 666 462 τὺν
679 433 938 470 Πορφυρογέννητον

147 481 197 509 καὶ
215 482 469 518 σεϐαστοκράτορα,
489 483 585 518 κύριον
599 481 771 516 ’Δνδρόνικον
793 479 839 507 τὸν
863 480 937 514 Κομ-

150 528 243 563 νήνον.

184 577 234 601 κε’.
251 573 304 601 Τοῦ
333 574 427 601 αὑτοῦ.
456 573 581 609 Μονῳδία
608 574 648 605 είς
662 573 709 600 τὸν
725 572 858 600 σεδαστδν
885 573 934 599 καὶ

146 620 303 655 λογοθέτην,
319 621 414 656 κύριον
429 620 579 655 Γρηγόριον
591 620 636 646 τὸν
650 619 832 655 Καματηρόν.

182 669 240 698 κς¹.
256 665 309 693 Τοῦ
336 665 430 693 αὑτοῦ.
457 666 582 701 Μονῳδία
606 666 647 698 είς
671 665 717 692 τὸν
733 665 938 700 ’Δγιοθεοδωρί-

145 719 197 746 την
218 711 313 745 κύριον
327 711 528 738 Κωσταντῖνον.

185 754 239 786 κζ’.
257 754 310 781 Τοῦ
331 754 423 782 06106.
446 754 644 790 Ἐπιθαλάμιος
672 756 728 787 τοῖς
750 755 798 782 τοῦ
824 755 936 789 εὐτυχίη

147 799 245 826 στάτου
261 799 399 834 Καίσαρος
416 800 494 830 υἱοῖς.

182 843 235 881 κη’.
250 844 303 871 Τοῦ
321 844 416 871 αὑτοῦ.
441 844 585 880 Ἐπιστολὴ
601 844 744 880 Θεοδώρῳ.

184 890 235 917 κΘ¹.
253 890 306 917 Τοῦ
324 890 419 917 0.6106.
434 890 481 926 Τῷ
494 890 580 926 αὐτῷ.

181 935 213 964 λ’.
227 936 273 971 Τῷ
285 935 387 968 Arena.

181 980 233 1008 λα’.
249 981 294 1016 Τῷ
308 981 392 1016 αὐτῷ.

181 1026 233 1062 λβ’.
247 1027 304 1054 Τοῦ
318 1027 413 1057 06106.
426 1027 472 1063 Τῷ
482 1027 572 1063 Μυτᾷ.

183 1073 235 1107 λγ’.
250 1073 295 1109 Τῷ
307 1074 394 1109 αὐτῷ.

177 1118 226 1145 λδί.
240 1118 285 1154 Τῷ
300 1118 386 1154 αὐτῷ.

176 1163 224 1191 λε’.
244 1164 336 1199 Στίχοι
353 1164 492 1202 ἐπιτάφιοι
520 1163 559 1198 τῷ
588 1163 760 1198 μεγαλονίκῳ
789 1164 932 1199 Πορφυρο-

144 1209 268 1244 γεννήτῳ
283 1209 331 1235 καὶ
344 1209 459 1243 βασιλεῖ,
483 1207 572 1243 κυρίῳ
586 1207 697 1244 Ἰωάννῃ
714 1208 752 1243 τῷ
780 1209 931 1244 Κομνηνῷ,

142 1253 182 1283 ὡς
191 1253 245 1280 ἀπὸ
257 1253 305 1280 τοῦ
321 1255 460 1290 κειμένου.

179 1299 234 1332 λς’.
248 1300 423 1335 Πρόγραμμα
437 1300 478 1332 είς
491 1299 538 1327 τὸν
551 1299 634 1327 06106
649 1300 733 1334 τάφον
747 1299 877 1335 ήρωῑκόν.

179 1344 230 1377 λζ’.
256 1346 368 1381 Ἕτερον
393 1345 564 1381 πρόγραμμα
595 1345 635 1376 είς
665 1346 710 1372 τὸν
736 1345 817 1372 αὑτὸν
845 1345 931 1380 τάφον

179 1391 231 1427 λη’.
252 1392 418 1428 Ἰλαστήριοι
433 1393 473 1425 είς
491 1392 537 1419 τὸν
551 1391 680 1427 Χριστὸν,
696 1392 735 1423 ὡς
751 1392 807 1418 ἀπὸ
819 1391 866 1418 τοῦ
883 1391 930 1426 βα-

144 1437 241 1470 σιλέως
250 1445 258 1454 ο
275 1438 370 1474 ήρῷοι.

177 1483 229 1512 λθ’.
247 1484 294 1515 Εἰς
310 1483 340 1511 τὸ
356 1484 432 1512 αὐτό.
450 1483 592 1520 Ἰάμσειοι.

1028 245 1075 274 νδ’.
1091 246 1144 273 Τοῦ
1159 244 1255 273 αὑτοῦ.
1279 245 1369 280 Στίχοι
1385 244 1543 271 ὑποθετικοὶ
1565 244 1606 276 εἰς
1622 244 1779 271 Παυσανίαν

991 291 1194 319 ἀπολιθωθέντα
1217 290 1261 317 διὰ
1285 290 1331 316 τὸν
1350 289 1463 317 θάνατον
1476 289 1522 316 τοῦ
1547 288 1606 316 υἱοῦ
1626 289 1707 317 αὑτοῦ
1724 290 1778 316 Πέ-

989 346 1065 373 τρου.

1027 386 1076 409 νε’.
1092 382 1145 409 Τοῦ
1161 381 1254 409 06106.
1271 382 1318 414 Είς
1334 381 1364 409 τὺ
1375 380 1451 408 0616.

1026 427 1082 461 νς·’.
1099 429 1146 460 Et;
1160 430 1190 455 τὸ
1203 429 1278 456 αὐτό.

1024 474 1073 507 νζ’.
1091 474 1144 502 Τοῦ
1159 475 1254 503 αὑτοῦ.
1273 474 1446 501 Ύποθετικοὶ
1461 474 1508 501 ἐπί
1522 483 1576 501 τινι
1597 475 1776 511 ὲκὸρασθέντι

989 522 1037 556 της
1054 520 1194 556 Θαλάσσης
1213 520 1303 556 ἄχειρι
1321 520 1421 555 νεκρῷ.

1023 567 1131 601 νη¹.Τοῦ
1142 567 1237 594 αὑτοῦ.
1251 567 1297 599 Εἰς
1308 567 1353 594 τδν
1367 568 1481 603 μοναχὸν
1495 567 1588 602 κύριον
1598 566 1775 594 Ἶωαννίκιον.

1022 613 1072 640 60'.
1089 612 1143 640 Τοῦ
1158 613 1254 640 06106.
1269 614 1391 648 Αἴνιγμά
1405 614 1445 645 είς
1459 613 1508 648 τὴν
1522 613 1651 648 νεφέλην.

1024 660 1056 692 ξ’.
1070 659 1124 686 Τοῦ
1138 659 1235 686 06106.
1259 659 1322 685 Ἐπὶ
1335 659 1374 694 τῷ
1392 659 1473 694 γάμῳ
1489 659 1537 685 τοῦ
1565 657 1625 685 υἱοῦ
1640 657 1687 684 τοῦ
1709 666 1776 685 παν-

988 705 1195 740 υπερσεόἀστου
1213 705 1308 741 κυρίου
1324 705 1484 740 Νικηφόρον
1499 705 1546 731 τοῦ
1569 703 1708 739 Φορὸηνοῦ
1726 712 1775 730 κυ-

987 754 1047 790 ρίου
1059 753 1180 786 Ἀλεξίου
1193 760 1199 767 ·
1217 754 1246 780 ἐν
1255 753 1383 787 τμήμασι
1396 753 1488 779 πέντε.

1023 800 1074 833 ξω.
1090 800 1144 826 T06
1162 799 1260 827 06106.
1287 800 1334 831 Εἰς
1352 799 1402 834 τὴν
1419 799 1465 825 ἐπὶ
1484 800 1517 834 τῇ
1535 798 1638 825 ἁλώσει
1658 798 1705 833 τῆς
1718 799 1776 825 Κα-

987 847 1119 881 σταμόνος
1131 846 1266 873 ἐπινίκιον
1279 846 1393 881 πρόοδον
1405 845 1451 872 τοῦ
1464 845 1664 880 αὐτοκράτορος
1678 845 1774 880 κυρίου

1004 892 1121 919 ῐωάννου
1146 892 1303 927 Κομνηνοῦ,
1321 891 1471 925 δεκάστιχα
1495 890 1636 922 πολιτικὰ,
1660 891 1716 921 τοῖς
1730 889 1772 925 δή-

992 946 1063 974 μοις,
1081 939 1111 964 ὲν
1125 937 1255 972 τμήμασι
1275 937 1435 972 τριάκοντα.

1022 984 1074 1020 ξβ’.
1091 983 1146 1011 Τοῦ
1174 983 1270 1011 αὑτοῦ.
1293 983 1337 1013 Ὠς
1360 983 1414 1009 ἀπὸ
1433 983 1483 1017 τῆς
1500 981 1605 1014 πόλεως
1626 981 1774 1016 δεκάστιχσ

989 1029 1186 1066 παρακλητικὰ
1201 1029 1240 1064 τῷ
1254 1028 1439 1063 αὐτοκράτορι
1463 1028 1530 1062 περὶ
1552 1027 1583 1053 τὸ
1598 1026 1714 1054 καθίσαι
1732 1027 1776 1061 ἐφ’

989 1077 1113 1112 ἅρματος
1127 1077 1184 1107 τοῖς
1199 1076 1309 1111 δήμοις,
1323 1076 1351 1101 ὲν
1366 1075 1494 1109 τμήμασι
1509 1074 1587 1100 δέκα.

1022 1123 1072 1156 ξγ’.
1091 1122 1144 1150 Τοῦ
1161 1121 1259 1148 06106.
1272 1121 1319 1152 Είς
1338 1120 1526 1155 είκονισμένον
1545 1121 1590 1145 τὸν
1605 1119 1671 1154 βίον.

1023 1168 1068 1201 ξδ’.
1081 1167 1136 1194 Τοῦ
1162 1167 1259 1194 06106.
1286 1167 1442 1201 Μονόστιχα
1457 1165 1582 1200 Ἰαμῗεῖα
1596 1165 1635 1197 είς
1651 1164 1687 1191 τά
1709 1164 1775 1198 τέλη

985 1214 1040 1241 τῶν
1056 1213 1177 1248 ἑκάστης
1202 1212 1311 1248 ἡμέρας
1340 1210 1589 1246 μνημονευομένων
1611 1211 1639 1236 ἐν
1663 1209 1717 1245 ὅλῳ
1734 1210 1774 1244 τῷ

986 1261 1041 1288 ἔτει
1059 1259 1156 1294 ἁγίων,
1169 1256 1425 1292 συνεμφαινομένου
1442 1256 1488 1282 καὶ
1502 1255 1549 1282 τοῦ
1562 1255 1709 1289 ἐπωνύμου
1725 1254 1774 1281 τοῦ

985 1304 1099 1341 ποιητοῦ
1116 1305 1172 1336 τοῖς
1184 1304 1214 1330 ὲν
1232 1303 1339 1337 ἑκάστῳ
1352 1302 1418 1337 μηνὶ
1429 1301 1571 1336 ἀρκτικοῖς
1584 1300 1640 1326 τῶν
1656 1299 1775 1334 πρώτων

985 1352 1100 1386 στοίχων
1128 1349 1284 1384 στοιχείοις.
1311 1347 1373 1382 Μὴν
1402 1346 1594 1381 Σεπτέμὸριος
1623 1346 1679 1381 ἔχει
1706 1347 1770 1382 ἠμέ-

1003 1406 1035 1429 0;
1050 1397 1083 1423 λ’,

1023 1406 1035 1429 ς
1051 1406 1083 1423 κ.

986 1406 1065 1476 Pais’.
1082 1441 1135 1468 Τοῦ
1150 1440 1243 1468 06106.
1260 1440 1351 1474 Στίχοι
1371 1438 1505 1473 Ἰαμὸεἶοι
1534 1438 1575 1470 εἰς
1597 1439 1646 1470 τὰς
1663 1438 1697 1474 ιβ’
1712 1438 1772 1473 ἑορ-

983 1490 1033 1522 τὰς
1046 1489 1093 1516 τοῦ
1109 1487 1203 1523 κυρίου
1220 1486 1298 1521 ἡμῶν
1311 1484 1398 1520 Ἰησοῦ
1418 1484 1549 1519 Χριστοῦ.

179 1533 217 1566 μ’.
231 1530 391 1565 Ἐπιτάφιοι
406 1531 439 1566 τῇ
455 1530 614 1566 μακαρίτιδι
632 1529 928 1566 βασιλίσσῃῬωμαίων
942 1540 964 1570 c
1017 1537 1071 1569 ξς’.
1090 1534 1145 1562 Τοῦ
1162 1533 1257 1560 06106.
1287 1531 1332 1563 Είς
1348 1529 1394 1557 τὺν
1410 1530 1537 1565 Ἀϐραάμ
1562 1530 1705 1564 ξενίζοντα
1720 1532 1772 1567 τὴν

142 1575 257 1611 Είρήνῃ,
275 1576 313 1607 ὡς
329 1576 383 1602 ἀπὸ
397 1575 446 1610 τῆς
461 1576 604 1611 κειμένης.

180 1624 237 1656 μα’.
257 1621 304 1652 Et;
319 1620 383 1652 τοὺς
407 1622 506 1653 παῖδας
529 1622 576 1648 τοῦ
605 1622 865 1657 Πορφυρογεννήτου
883 1623 929 1649 καὶ

143 1667 396 1703 σεϐαστὸκρατορος
413 1667 509 1703 κυρίου
527 1667 674 1701 Ἰσαακίου,
690 1668 728 1700 ὡς
745 1669 797 1695 ἀπὸ
815 1668 861 1695 τοῦ
881 1668 930 1704 βα-

142 1715 250 1747 σιλέως.

180 1761 235 1796 μβ’.
254 1761 300 1797 Τῷ
324 1761 454 1797 λογοθέτῃ
491 1761 580 1797 κυρίῳ
604 1762 733 1797 Στεφάνῳ
756 1763 795 1798 τῷ
822 1763 927 1799 Μέλητι

141 1806 336 1842 ἁπολογητικοὶ
366 1807 412 1834 ἐπὶ
432 1808 465 1842 τῇ
493 1807 671 1844 ὑπερημερίᾳ
697 1809 746 1844 τῆς
773 1811 814 1841 εἰς
845 1810 927 1837 αὑτὸν

140 1853 287 1885 ἐλεύσεως.

178 1898 234 1934 μγ¹.
253 1900 300 1932 Είς
314 1900 399 1935 τάφον
411 1899 458 1927 τοῦ
473 1901 673 1937 αὐτοκράτορος
689 1902 785 1936 κυρίου
800 1901 925 1929 Ἰωάννου

139 1945 186 1971 τοῦ
202 1945 356 1982 Κομνηνοῦ.

179 1991 231 2026 μδν.
247 1991 300 2017 Τοῦ
314 1991 408 2018 06106.
421 1991 510 2026 Στίχοι
531 1992 626 2027 ήρῷοι,
644 1993 684 2024 είς
698 1993 748 2028 τὴν
765 1992 926 2028 βασίλισσαν

138 2039 240 2073 κυρίαν
260 2038 388 2074 Είρήνην,
405 2038 453 2073 τὴν
466 2037 627 2071 Δούκαιναν,
643 2038 690 2064 ἐπὶ
703 2038 740 2074 τῷ
756 2038 864 2074 θανάτῳ
876 2039 924 2066 τοῦ

140 2083 392 2119 σεϐαστοκράτορος
407 2082 465 2109 υίοῦ
481 2082 575 2117 αὐτῆς.

176 2128 228 2164 με’.
246 2129 300 2156 Τοῦ
318 2129 411 2156 06106.
430 2129 476 2164 Τῷ
492 2129 742 2165 Πορφυρογεννήτῳ
757 2129 804 2155 καὶ
820 2129 926 2164 βασιλεί

139 2174 227 2209 κυρίῳ
247 2174 358 2210 Ἰωάννῃ
366 2174 405 2210 τῷ
421 2173 569 2209 Κομνηνῷ,
586 2173 632 2199 ἐπὶ
643 2174 675 2208 τῇ
693 2173 853 2207 ἀλώσειτῆς
869 2174 926 2199 Κα-

141 2220 284 2255 σταμόνος.

175 2266 236 2300 μς·’.
255 2266 309 2293 Τοῦ
330 2266 425 2293 06106.
441 2266 488 2296 Είς
514 2265 563 2301 τὴν
594 2264 754 2299 σοφωτάτην
781 2265 924 2300 Πορφυρο-

137 2314 269 2347 γέννητον
294 2313 341 2340 καὶ
373 2313 582 2346 Καισσάρισσαν
614 2313 712 2346 κύριαν
738 2310 839 2337 ’Δνναν
873 2309 922 2344 τὴν

137 2358 299 2391 Δούκαιναν,
317 2358 383 2394 περὶ
398 2358 452 2385 τῶν
468 2357 576 2384 ἑαυτοῦ.

174 2405 228 2440 με’.
246 2405 301 2432 Τοῦ
331 2404 427 2432 06106.
445 2405 620 2440 Πρόγραμμα
638 2404 679 2434 εἰς
704 2401 848 2429 κοντάκιον
861 2400 921 2436 ἔχον

137 2451 218 2485 σχέδη
230 2451 278 2477 τοῦ
295 2450 391 2485 κυρίου
413 2449 591 2476 Ἰωαννικίου.

173 2495 230 2531 μη’.
249 2496 303 2522 T06
332 2495 426 2523 06106.
453 2495 500 2526 Εἰς
529 2495 616 2528 τάφον
634 2493 796 2521 Ἀθανασίου
819 2493 921 2528 ἡσυχα-

136 2542 212 2573 στοῦ,
229 2542 317 2577 στίχοι
334 2541 525 2576 ὲπιτιμητικοὶ
541 2539 745 2574 τυμϐωρύχοις.

174 2584 229 2620 μίν.
252 2585 305 2612 Τοῦ
320 2585 415 2612 06106.
439 2584 501 2611 Ἐπὶ
520 2584 652 2619 ἀποδήμῳ
664 2585 698 2619 τῇ
712 2583 799 2619 Φιλίᾳ.

171 2629 204 2657 ν’.
222 2630 277 2656 Τοῦ
293 2630 387 2657 06106.
411 2629 616 2665 Σχετλιαστικοὶ
640 2631 681 2661 είς
705 2629 755 2663 τὴν
775 2629 918 2664 Πρόνοιαν.

169 2679 220 2704 να’.
236 2677 290 2703 Τοῦ
306 2676 399 2703 06106.
415 2675 492 2703 Κατὰ
507 2676 669 2711 φιλοπόρνου
682 2676 776 2712 γραός.

170 2721 219 2757 νβ’.
237 2721 290 2748 Τοῦ
313 2721 409 2750 06106.
437 2721 515 2749 Κατὰ
545 2721 752 2756 μακρογενείου,
776 2722 918 2755 δοκοῦντος

133 2765 203 2795 εἶναι
216 2767 260 2793 διὰ
273 2766 352 2793 τοῦτο
364 2767 457 2802 σοφοῦ.

169 2813 219 2848 v1'.
234 2813 287 2840 T06
316 2813 409 2843 06106.
433 2814 586 2850 Ἔκφρασις
603 2815 647 2842 διὰ
665 2814 765 2851 στίχων
790 2815 917 2851 ἡρωϊκῶν

132 2861 182 2896 τῆς
197 2861 244 2887 ἐπὶ
267 2862 301 2897 τῇ
318 2860 419 2890 ἁλώσει
448 2862 498 2898 τῆς
523 2863 705 2898 Κασταμόνος
730 2861 916 2898 προελεύσεως

981 1583 1062 1616 ἁγίαν
1077 1580 1193 1615 Τριάδα.

1013 1629 1062 1662 ξζι.
1079 1627 1133 1654 Τοῦ
1151 1626 1245 1654 06106.
1266 1626 1313 1658 Εἰς
1329 1625 1375 1652 τὸν
1394 1624 1540 1652 δακτύλιον
1559 1623 1657 1658 ἔχοντα
1672 1632 1768 1659 σφρα-

979 1675 1053 1710 γῖδα,
1074 1672 1245 1709 ὲρῶνταὶβν,
1261 1671 1309 1698 καὶ
1325 1671 1381 1698 άπὸ
1394 1670 1448 1697 τῶν
1466 1669 1586 1704 στέρνων
1616 1669 1707 1696 αὐτῶν
1721 1669 1769 1696 δύο

978 1721 1076 1755 δένδρα
1097 1718 1284 1753 ἐκπεφυκότα,
1302 1717 1352 1744 καὶ
1382 1716 1423 1747 είς
1451 1716 1499 1742 ἕνα
1524 1715 1768 1751 συγκορυφούμενα

979 1765 1131 1800 κόρυμϐον.

1013 1811 1063 1846 ξη’.
1083 1810 1136 1836 Τοῦ
1153 1802 1245 1836 αὑτοῦ.
1262 1806 1467 1842 Σχετλιαστικοὶ
1493 1806 1540 1833 ἐπὶ
1561 1807 1594 1842 τῇ
1610 1807 1708 1843 ἀτιμίᾳ
1719 1807 1766 1833 τοῦ

977 1855 1068 1888 λόγου.

1014 1899 1062 1932 ἔθ’.
1081 1900 1128 1932 Είς
1142 1900 1189 1926 τὸν
1213 1900 1304 1934 Βαρέα
1319 1900 1365 1926 τδν
1394 1899 1663 1934 καταφλυαρήσαντα
1679 1898 1764 1925 06106

977 1947 1007 1972 τὸ
1024 1946 1070 1973 τοῦ
1084 1945 1227 1982 αίρετικοῦ
1240 1945 1336 1980 ὖνομα.

1012 1992 1045 2020 0’.
1062 1993 1141 2020 Κατὰ
1156 1992 1335 2027 φθονούντων.

1011 2043 1062 2067 οα’.
1077 2039 1251 2066 Νουθετικοί.

1011 2085 1061 2120 οβ’.
1079 2085 1143 2111 Ἐπὶ
1162 2084 1252 2119 κήπῳ.

1012 2135 1062 2166 ογ’.
1080 2126 1186 2166 ’Υμνος
1202 2131 1241 2164 τῷ
1266 2129 1374 2165 βασιλεῖ
1393 2130 1482 2165 κυρίῳ
1500 2130 1613 2166 Ἰωάννῃ
1629 2130 1669 2165 τῷ
1687 2130 1763 2164 K041.-

978 2176 1051 2210 νηνῷ
1065 2177 1111 2202 ἐπὶ
1126 2177 1159 2211 τῇ
1176 2175 1296 2210 Χριστοῦ
1313 2176 1441 2210 γεννήσει
1461 2176 1515 2205 τοῖς
1531 2175 1638 2210 δήμοις.

1013 2221 1061 2248 οδ’.
1076 2221 1181 2255 ’Υμνος
1202 2221 1240 2255 τῷ
1258 2221 1365 2256 βασιλεῖ
1390 2220 1607 2256 κυρίῳ.”1ωάννῃ
1622 2220 1662 2255 τῷ
1687 2221 1762 2255 Κομ-

974 2267 1047 2302 νηνῷ
1064 2267 1110 2293 ἐπὶ
1120 2267 1153 2301 τῇ
1169 2265 1296 2301 βαπτίσει
1310 2265 1430 2301 Χριστοῦ
1445 2266 1502 2296 τοῖς
1515 2265 1624 2300 δῆμον.

1010 2316 1057 2340 σε’,
1073 2312 1152 2339 Κατὰ
1167 2312 1216 2346 τῆς
1230 2311 1308 2338 νόσου
1321 2311 1417 2347 ήρῷοι.

1011 2357 1062 2391 ος’.
1081 2358 1134 2385 Τοῦ
1152 2357 1245 2385 06106.
1273 2357 1318 2393 Τῷ
1346 2356 1521 2392 μεγαλονίκῳ
1538 2356 1645 2391 βασιλεῖ
1671 2355 1759 2390 κυρίῳ

979 2404 1094 2439 Ἰωάννη
1109 2403 1148 2438 τῷ
1162 2403 1311 2439 Κομνηνῷ,
1334 2402 1381 2429 ἐπὶ
1396 2403 1429 2438 τῇ
1448 2401 1565 2437 δευτέρᾳ
1579 2401 1758 2436 Καστάμονος

971 2450 1084 2482 ἁλώσει,
1103 2450 1148 2476 καὶ
1162 2450 1300 2484 Γάγγρας.

1005 2494 1053 2527 οζ¹.
1070 2496 1312 2531 Προσφωνητήριοι
1341 2495 1382 2527 εις
1407 2495 1493 2530 μέγαν
1514 2493 1662 2520 ἀπόστολον
1683 2493 1757 2520 Παῦ-

971 2540 1027 2568 λον.

1005 2591 1055 2622 οη’.
1077 2587 1186 2622 Ὅμοιοι
1201 2588 1242 2620 είς
1258 2588 1303 2614 τὴν
1324 2587 1456 2621 Θεολόγον
1475 2587 1639 2622 Γρηγόριον.

1005 2633 1053 2661 00'.
1071 2634 1179 2668 Ὅμοιοι
1197 2635 1236 2665 είς
1249 2634 1336 2669 μέγαν
1352 2633 1497 2668 βασίλειον.

1003 2678 1042 2705 π’.
1063 2679 1171 2713 Ὅμοιοι
1200 2680 1240 2709 είς
1273 2679 1319 2706 τὸν
1341 2678 1420 2713 ἅγιον
1434 2678 1563 2713 Ἰωάννην
1578 2677 1625 2704 τὸν
1643 2676 1752 2712 Χρυσό-

969 2732 1080 2759 στομον.

1004 2773 1062 2798 πα¹.
1079 2771 1186 2804 Ὅμοιοι
1203 2769 1304 2803 είςτδν
1319 2769 1452 2796 Νυσσαέα
1463 2770 1624 2805 Γρηγόριον.

1005 2815 1061 2852 πβ’.
1080 2817 1188 2852 Ὅμοιοι
1201 2817 1240 2849 είς
1250 2816 1296 2843 τὸν
1307 2815 1386 2850 ἅγιον
1402 2815 1548 2843 Νικόλαον.

1005 2862 1060 2898 πγ¹.
1077 2862 1131 2890 Τοῦ
1146 2862 1241 2892 αὑτοῦ.
1260 2862 1457 2899 Συντακτήριοι
1474 2862 1644 2896 Βυζαντίοις.
