1936 3086
79 174 146 206 1097
785 173 843 207 PR.

932 176 982 206 .‘IO
1631 177 1696 210 1ον8

74 239 195 268 qumque
214 234 313 268 gradus
323 234 518 261 ascendebatur
529 234 724 262 celebraretur.
742 235 818 262 Alias
837 235 907 268 apud
924 234 1051 262 Nostrum
1064 234 1141 260 sedes
1163 234 1222 260 sive
1244 238 1363 268 potestas
1375 242 1435 261 cum
1450 235 1521 269 regia
1537 239 1594 262 tum
1617 236 1699 262 επις.

77 277 189 303 siastioa
203 277 252 304 hoc
265 278 374 304 nomine
388 278 470 308 venit.
486 279 574 313 Atque
586 279 622 305 ita
642 279 668 306 in
686 279 730 315 illa
747 279 841 313 inangu

935 279 1046 310 alioue,
1069 279 1140 313 Διχῆ
1155 279 1219 313 γὰρ,
1246 280 1343 314 inquit.
1362 279 1410 314 τῆς
1425 279 1486 306 καθ’
1504 280 1578 314 ἡμᾶς
1590 279 1699 314 ἁπάσης

74 322 243 357 διῃρημένης
255 322 343 356 ἀρχῆς
357 322 404 349 καὶ
416 322 480 348 δυσὶ
494 323 779 359 συνδιανενεμημένης
794 325 850 355 τοῖς
866 325 979 360 βήμασι,
998 325 1037 360 τῷ
1054 325 1197 359 ἱερατικῷ,
1218 327 1301 359 φημτ,
1318 325 1364 352 καὶ
1377 325 1510 360 βασιλικῷ
1525 333 1532 341 ·
1549 330 1575 352 et
1588 326 1613 352 in
1629 331 1699 354 orat.

74 366 108 391 ad
127 365 250 391 Alcxiutu
264 365 420 392 Aristeuum
435 367 525 394 eidem
540 367 730 402 uomophylaci
746 373 773 395 et
788 376 837 403 orp

935 371 1012 403 'oplto
1029 369 1124 395 tribuit
1142 369 1172 395 τδ
1187 369 1374 404 συγκλητικόν
1401 377 1431 395 τε
1447 368 1506 404 ἅμα
1539 370 1587 397 καὶ
1621 370 1699 405 ἱερα-

75 409 152 434 τικὸν
164 408 252 443 βῆμα.

111 451 239 486 Plerique
253 454 416 480 nmnaclmm
435 453 517 482 fuisse
533 454 704 482 Theodorum
721 460 843 482 nostrmn
858 455 961 483 velunt.
977 457 1008 483 Et
1024 457 1157 490 ιιι-(ιΐιιι-ιο,
1177 458 1199 484 si
1214 465 1295 484 unam
1314 458 1493 491 cumdcmqne
1520 456 1635 484 facimus
1665 464 1697 484 ac

75 494 352 530 Ptochtqtrodrmnunt
370 497 443 524 illum
460 498 493 524 de
508 506 561 532 qtto
577 498 708 531 diximus,
725 506 777 526 non
795 507 936 533 possumus
948 500 1020 527 aliud
1033 505 1162 529 slalttct'e.
1182 503 1208 528 In
1232 503 1263 528 iis
1283 502 1352 528 enim
1371 502 1494 528 versibus
1521 508 1589 535 quos
1619 507 1700 534 supe-

75 539 132 566 rius
148 540 326 567 indicavimus
355 541 379 567 id
399 541 431 568 de
447 549 476 568 se
493 546 584 574 aperte
607 547 708 574 narrat,
730 543 774 570 ubi
789 544 822 570 de
849 544 966 570 aliorum
982 545 1116 577 elegantia
1135 545 1268 572 scribendi
1287 545 1354 571 dixit
1370 553 1377 571 :
1411 537 1481 578 Ἐκξὼ
1512 544 1533 571 δ’
1550 545 1600 579 οὺχ
1627 544 1700 570 οὕτω

77 583 189 618 γράφω,
206 583 253 610 καὶ
273 583 327 618 γὰρ
340 583 522 618 ἀγρέμματός
539 585 598 620 εἰμι
620 586 666 612 καὶ
677 586 735 617 νέος
757 587 926 622 ῥακενδύτης
951 589 1000 614 καὶ
1017 589 1135 623 privaqu
1161 589 1216 615 τῶν
1241 588 1359 615 εὐτελῶν
1375 589 1429 615 τῶν
1448 589 1532 623 μηδὲν
1557 588 1701 621 κεκτημέ-

76 635 140 654 νων.
157 627 312 661 Congruere
326 626 382 654 lttec
398 627 465 655 satis
478 628 604 656 videmur
618 636 679 656 cum
694 630 726 657 iis
738 638 798 664 qua:
810 631 840 658 ad

936 639 973 659 cm
994 632 1090 660 scribit
1107 632 1174 668 (42).
1190 634 1223 659 τὰ
1254 633 1277 659 δ’
1292 633 1415 668 ἡμέτερα
1432 630 1612 667 ἀλουτοῦμεν,
1635 637 1700 661 etc..

75 676 157 705 etcp.
185 670 197 696 I
227 670 261 697 de
289 670 436 698 solitudine
453 679 513 698 stta.
529 671 564 699 Ut
577 672 647 699 enim
665 673 760 700 horum
776 678 839 709 tem;

943 675 1060 710 scriptor
1071 675 1179 703 Nicetas
1191 676 1260 712 (45),
1275 677 1337 703 δέον
1353 677 1381 702 ὲν
1401 675 1495 708 τόποις
1511 675 1700 710 δυσερενήτοις

76 716 124 742 καὶ
167 715 280 749 χωρίοις
330 717 500 750 πανερὴμοις
531 718 587 747 τοῖς
635 717 799 751 μονάζουσιν
827 719 840 745 ἁ

937 727 964 745 ιι
1003 719 1034 745 τὸ
1068 720 1212 754 σκήνωμα.
1257 719 1334 753 Quod
1363 720 1385 746 si
1411 720 1437 746 in
1474 719 1701 754 orphanntropltio

77 765 169 794 postea
185 759 261 791 rixit,
290 759 374 787 luisse
388 760 424 787 ibi
441 761 488 787 καὶ
503 760 677 794 μοναζόντων
691 763 738 788 καὶ
753 763 841 798 μομαζ

951 762 1125 797 καταγώγια,
1141 763 1262 790 Zonaras
1290 768 1317 790 et
1333 763 1410 790 Anna
1429 763 1495 790 locis
1520 762 1608 789 allatis
1632 770 1701 788 nar-

78 808 150 830 rant.
168 804 266 830 Contra
286 811 359 836 vero,
375 803 438 838 quid
454 810 526 831 esset
540 812 589 831 cur
605 806 755 833 monachus
769 806 803 833 de
818 807 915 840 capillo
937 811 1079 842 tantopere
1106 813 1278 842 quereretur,
1292 808 1364 842 qttod
1390 807 1478 842 capite
1505 807 1637 838 ﬂuxisset,
1669 813 1699 833 ιιι

79 849 136 884 ipse
150 848 213 875 iacit
228 848 308 882 epist.
325 848 356 874 IO
369 848 436 882 ‘llaut
449 849 494 883 qui
510 849 641 876 monacho
653 849 722 877 idem
736 851 893 878 conveniret
906 856 1040 884 unguento
1054 851 1318 883 delibutus,uthabet
1331 851 1411 885 epist.
1430 852 1462 878 15
1475 851 1486 877 2
1499 851 1535 878 De
1552 851 1700 878 monachu-

79 901 139 920 rutn
152 898 261 920 tonsura
282 892 323 919 his
336 893 502 925 temporibus
513 894 590 920 testis
602 899 643 920 est
657 894 804 927 Cetlrenus,
820 895 867 929 qui
881 895 913 921 de
928 894 1057 922 Michacle
1072 895 1218 929 Calephate
1230 903 1244 921 a
1261 895 1317 922 Zoe
1331 895 1364 922 de
1380 895 1496 929 imperio
1511 894 1615 928 deiecto
1629 895 1697 921 srri-

80 937 129 968 bit,
145 936 173 962 ἐν
192 935 231 970 τῷ
246 935 317 961 κατὰ.
335 936 384 970 τὴν
401 936 481 970 νῆσον
500 935 617 970 Πρώτην
627 937 805 973 μοναστηρίη)
830 938 881 972 τὴν
895 939 1033 973 κοτμικὴν
1055 939 1225 974 ἀπθθέμενος
1256 939 1335 973 τρίχα
1351 936 1397 966 τδν
1428 939 1522 965 λοιπὸν
1552 939 1601 972 τῆς
1628 939 1702 973 ζωῆς

78 979 189 1016 διὴνὺσε
203 980 310 1015 χρόνον.
329 979 360 1006 In
381 979 476 1008 instth
490 982 583 1008 Proles
597 982 755 1008 monasteria
770 983 931 1009 mundanum
943 982 1073 1016 deponens
1082 982 1220 1015 capillum,
1234 982 1361 1017 reliquam
1375 982 1454 1008 vitam
1467 983 1562 1015 exegit.
1591 982 1701 1014 Verum,

80 1032 141 1051 cum
157 1032 228 1052 nunc
239 1031 345 1059 quoque
359 1024 467 1051 Graecos
480 1027 628 1052 monachos
643 1025 781 1052 videamus
792 1026 889 1060 capillo
906 1026 1043 1060 aliquanto
1059 1026 1180 1060 longiore
1196 1027 1280 1056 nti,et
1295 1033 1356 1052 cum
1369 1027 1438 1060 apud
1455 1025 1576 1055 Latinos.
1605 1033 1658 1051 non
1677 1025 1702 1051 id

80 1068 170 1096 facere
184 1068 394 1096 ecclesiasticam
411 1074 560 1101 tonsuram,
576 1073 605 1095 ut
621 1069 710 1096 crines
729 1070 867 1097 resecandi
888 1072 997 1097 omnino
1014 1071 1070 1097 sint
1091 1077 1098 1095 :
1118 1077 1173 1096 rem
1202 1070 1279 1104 plane
1291 1071 1361 1104 apud
1376 1077 1419 1097 me
1451 1071 1616 1097 constituere
1645 1076 1699 1096 non

81 1119 192 1146 possum
210 1121 217 1143 ς
233 1111 297 1143 etsi,
317 1117 448 1139 utvernm
465 1111 560 1145 fatear,
581 1113 606 1139 in
619 1109 678 1139 eam
706 1119 808 1146 partem
825 1113 936 1140 inclinat
965 1114 1084 1145 animus,
1106 1121 1165 1148 quae
1193 1114 1278 1148 ponit,
1297 1120 1310 1138 τι
1339 1112 1590 1148 Ptmhoprodromo
1612 1112 1657 1147 qui
1674 1119 1704 1139 se

81 1157 162 1183 etiam
178 1155 341 1184 Hilarionem
359 1157 507 1183 tnonastico
527 1157 634 1183 nomine
651 1162 737 1185 vocat.
757 1157 839 1184 fuisse
855 1157 1032 1184 Prodromnm
1047 1162 1168 1184 nostrmn
1187 1157 1334 1183 diversum.

119 1199 218 1225 \‘ersus
234 1199 331 1233 quibus
352 1199 377 1226 in
390 1199 501 1226 Baream
514 1199 572 1226 sive
587 1199 675 1234 Baryn
691 1200 823 1232 scribens,
840 1199 997 1234 parentibus
1013 1207 1042 1226 se
1057 1202 1145 1226 ortum
1160 1198 1250 1233 probis
1267 1202 1360 1225 narrat
1375 1198 1540 1233 optimisque
1553 1198 1704 1233 disciplinis

82 1245 248 1270 instructum
265 1249 291 1270 ct
305 1244 339 1271 de
354 1244 486 1271 avunculo
500 1244 624 1279 episcopo
642 1245 768 1279 loquitur,
786 1244 823 1271 all
839 1251 863 1272 rt
878 1244 1028 1272 Fabricius.
1044 1243 1139 1269 Mirum
1167 1247 1209 1269 cst
1222 1242 1374 1277 Kwnigium
1406 1243 1583 1270 Prodromum
1614 1244 1702 1278 ipsum

83 1293 204 1316 nostrum
219 1290 374 1323 episcopum
391 1289 479 1316 facere
491 1289 592 1324 (ἐοιγωί
609 1290 633 1316 ἱιι
647 1289 762 1324 Phrygia
780 1297 787 1322 ;
804 1293 830 1317 et
847 1288 966 1316 scribere
992 1286 1116 1313 eumdem
1149 1286 1272 1313 lloruisse
1303 1286 1428 1318 saecuqu
1445 1295 1453 1320 ;
1482 1286 1622 1313 Fabricius
1647 1295 1702 1321 quo

81 1337 193 1360 auctore
209 1333 250 1359 vel
268 1336 335 1359 teste
352 1332 377 1359 id
393 1332 434 1359 ille
446 1333 556 1365 dixerit,
574 1333 671 1360 fatetur
700 1341 730 1360 se
747 1333 884 1367 ignora'e.
896 1331 1023 1358 Arbitror
1037 1335 1126 1357 tamen
1141 1330 1168 1356 in
1182 1336 1302 1356 errorem
1316 1329 1454 1357 inductum
1473 1338 1487 1357 a
1513 1330 1576 1365 Cyri
1596 1332 1705 1357 nomine

82 1377 156 1411 quod
173 1375 296 1403 nonnulli
313 1376 336 1402 ei
356 1376 518 1408 tribuerunt,
533 1377 606 1411 quod
621 1377 746 1412 legerunt
762 1377 846 1411 κύρου

940 1375 1003 1415 ρρου
1019 1374 1067 1401 τοῦ
1086 1374 1265 1410 Προδρόμου;
1283 1375 1386 1410 Cyrum
1403 1382 1466 1401 vero
1481 1375 1557 1402 illum
1570 1375 1702 1402 celebrent

82 1422 132 1448 sub
145 1420 297 1447 Theodosio
309 1420 417 1454 juniore
428 1421 495 1450 olim_
507 1419 600 1448 CPolis
613 1421 784 1456 pra-fectum,
801 1425 892 1455 postea
906 1420 1107 1454 Smyrnaeorum
1121 1419 1279 1454 episcopum
1292 1424 1355 1447 sunt
1369 1420 1414 1454 qui
1428 1419 1530 1454 ϐαι)νωί
1547 1419 1703 1453 episcopum

87 1466 172 1493 fuisse
187 1465 290 1496 volunt.
309 1471 337 1492 ut
357 1465 488 1491 llaronius
504 1465 559 1500 (Η)
577 1465 671 1492 tradit.
684 1466 919 1499 Supervacaneum
936 1471 1001 1491 vero
1012 1468 1054 1490 est
1068 1464 1215 1492 admonere
1230 1464 1316 1498 κύρου
1331 1472 1379 1499 pro
1407 1463 1502 1498 κυρίου
1528 1464 1630 1490 dixisse
1645 1471 1703 1490 ma-

84 1509 155 1536 xime
170 1509 218 1535 atri
234 1509 369 1543 sequioris
389 1507 509 1541 Grtecos,
538 1509 657 1543 adeoque
675 1509 779 1535 titulum
793 1507 905 1535 honoris
921 1515 983 1535 esse
1013 1508 1088 1541 illud,
1105 1516 1156 1534 non
1189 1515 1286 1535 nomen
1315 1509 1342 1535 in
1363 1509 1505 1536 Theodoro
1531 1513 1637 1539 nostro,
1665 1509 1703 1534 uti

85 1553 398 1586 animadverteruntjam
413 1552 503 1585 mnIIi,
524 1552 661 1583 Barthius.
676 1552 848 1582 Gaulminus,
865 1551 1017 1583 Fabricius.
1033 1557 1087 1580 etc.
1116 1553 1249 1579 Caeterum
1281 1557 1346 1579 aetas
1376 1551 1524 1583 Theodori,
1557 1556 1655 1586 praeter
1670 1561 1702 1578 ca

84 1605 145 1632 quia
159 1597 283 1632 superius
296 1597 422 1630 diximus,
442 1596 619 1624 conﬁrmatur
635 1604 666 1623 ex
686 1598 726 1624 his
743 1596 864 1631 epistolis
877 1595 980 1622 nostris
997 1604 1005 1629 ;
1021 1603 1053 1623 ex
1067 1600 1201 1629 postrema
1219 1595 1323 1622 scilicet
1342 1602 1401 1629 quae
1418 1596 1450 1622 ad
1467 1595 1621 1631 Gregorium
1639 1596 1705 1622 seri.

84 1641 220 1674 Μιαῃὸτε
230 1638 297 1675 ἦλθε
311 1640 380 1675 πρὸς
393 1641 423 1666 τὸ
437 1640 531 1676 νησίον
544 1641 558 1667 ὁ
569 1639 721 1674 ἁγιώτατος
733 1639 811 1675 ἡμῶν
821 1639 955 1674 δεσπότης
970 1639 1025 1666 ἀπὸ
1036 1640 1084 1666 τοῦ
1098 1640 1295 1674 πιτριαρχείου
1311 1639 1492 1674 ἀρρωστήσας
1506 1640 1552 1665 καὶ
1566 1647 1704 1674 παραιτη-

87 1685 205 1720 σάμενος
215 1694 221 1700 ·
235 1685 342 1720 quando
356 1686 389 1711 ad
405 1685 520 1712 insulam
532 1686 598 1712 venit
608 1685 788 1712 sanctissimus
804 1684 926 1711 dominus
938 1688 1025 1710 noster
1041 1692 1054 1710 ε
1068 1683 1252 1717 patriarrlmtu
1267 1687 1323 1716 post
1335 1682 1454 1709 morbum
1465 1688 1490 1709 ct
1500 1682 1703 1710 abdicationem.

87 1728 172 1757 hetno
188 1729 231 1756 hic
245 1736 297 1756 non
311 1733 439 1763 agnoscet
451 1728 608 1756 Michaelem
623 1727 654 1760 Il,
668 1727 775 1755 Oxitetn
787 1728 900 1760 dictum,
913 1728 959 1762 qui
975 1735 1037 1754 cum
1072 1735 1117 1754 an.
1137 1727 1204 1754 1145
1233 1727 1314 1753 l.e0ni
1343 1727 1490 1761 Styppiotaa
1513 1726 1703 1758 successisset,

89 1778 150 1808 post
163 1780 249 1800 annos
265 1772 333 1800 duos
348 1780 506 1807 menseSque
521 1776 583 1800 octo
599 1779 667 1807 quos
681 1772 739 1806 ejus
751 1772 807 1799 sedi
821 1770 960 1806 Philippus
971 1770 1086 1807 Cyprius
1098 1777 1179 1806 atque
1194 1778 1287 1799 omnes
1299 1771 1342 1798 alii
1362 1771 1577 1806 patriarcharum
1591 1770 1704 1804 catalogi

85 1818 221 1850 tribuunt,
231 1825 260 1844 se
271 1817 456 1851 patriarchatu
473 1816 617 1849 abdicavit,
630 1816 774 1842 utNicetns
784 1815 841 1850 (l5)
857 1820 883 1842 et
894 1815 1042 1843 Cinnamus
1054 1814 1109 1850 (46)
1123 1815 1254 1842 scributtt.
1267 1815 1354 1849 Atque
1364 1814 1428 1841 hinc
1441 1814 1616 1841 confirmatur
1633 1813 1704 1848 quod

85 1867 144 1889 erat
160 1870 193 1889 ex
211 1862 271 1889 aliis
300 1862 482 1888 monumentis
496 1861 673 1888 constituttnn
688 1868 702 1887 a
728 1860 816 1892 nobis,
835 1860 958 1887 ﬂoruisse
970 1859 1148 1886 Prodromum
1173 1865 1258 1893 usque
1270 1859 1303 1885 ad
1319 1866 1361 1885 an.
1379 1858 1447 1884 IIIIS
1462 1866 1469 1890 ;
1497 1857 1595 1884 addere
1622 1857 1704 1883 etiam

87 1913 233 1940 possumus
247 1913 292 1932 an.
309 1904 387 1932 1146.
406 1905 466 1932 Hice
481 1904 586 1939 longius
603 1905 715 1932 fortasse
728 1904 761 1931 de
779 1904 911 1938 scriptore
929 1908 1033 1936 nostro,
1051 1904 1084 1931 de
1096 1910 1149 1938 quo
1164 1907 1227 1930 sunt
1240 1902 1326 1930 ferme
1353 1903 1443 1930 omnia
1459 1907 1487 1929 ut
1500 1901 1574 1928 vides
1605 1901 1706 1928 obscu-

86 1949 195 1976 rissitna
211 1955 281 1981 ;nec
296 1954 384 1975 tamen
397 1956 446 1975 nos
467 1948 569 1983 aliquid
585 1949 785 1975 nonillustrare
800 1949 934 1982 cupimus.
969 1947 1045 1981 Quod
1060 1946 1190 1981 epistolas
1214 1950 1320 1981 spectat
1348 1951 1411 1972 sunt
1437 1945 1488 1972 illa:
1517 1951 1628 1972 numero
1660 1944 1703 1976 l4,

90 2000 216 2027 magnam
235 1996 338 2026 partem
355 1991 615 2025 olliciosat,qua:que
630 1993 663 2019 ab
693 1992 753 2018 aliis
786 1999 910 2027 acceptas
922 1991 1051 2026 epistolas
1078 1991 1188 2017 laudant
1201 1996 1246 2016 aut
1276 1991 1382 2017 easdem
1409 1993 1539 2023 expetunt
1568 1996 1619 2015 non
1647 1989 1706 2015 sine

89 2037 179 2070 aliqua
199 2035 409 2062 intermissionis
423 2042 516 2061 earum
532 2035 651 2069 querela.
671 2035 827 2069 Eloquentia
849 2041 937 2063 tamen
956 2035 1071 2061 hominis
1086 2039 1175 2061 exstat
1189 2031 1268 2067 plan‘é
1295 2034 1450 2067 singularis,
1474 2041 1533 2067 qua:
1568 2034 1593 2059 in
1609 2033 1704 2059 eodem

89 2079 250 2114 aignutento
266 2085 352 2111 eoque
369 2077 470 2111 vulgari
485 2078 564 2105 habet
582 2078 760 2105 nihilominus
774 2086 882 2113 semper
896 2078 996 2112 aliquid
1013 2078 1085 2111 quod
1118 2078 1247 2105 delectat.
1266 2077 1381 2105 Morosis
1408 2077 1557 2111 praesertim
1588 2076 1707 2103 homini-

89 2126 139 2150 bus
152 2124 195 2157 qui
213 2116 296 2158 genus
311 2122 376 2148 illud
390 2121 531 2148 fastidient
548 2121 727 2148 redundantis
753 2126 780 2148 et
805 2123 881 2155 quasi
899 2122 1062 2148 lascivientis
1093 2123 1235 2154 orationis,
1266 2123 1443 2155 reputandum
1472 2126 1524 2153 est,
1549 2128 1601 2147 non
1630 2121 1708 2146 aliter

88 2168 209 2194 scribere
223 2169 271 2193 hoc
290 2171 410 2199 tempore
426 2165 601 2191 consuevisse
629 2165 675 2198 qui
696 2165 767 2198 apud
786 2163 894 2192 Graecos
921 2165 1071 2192 doctissimi
1092 2170 1173 2199 atque
1190 2165 1403 2199 eIOquentissitni
1442 2164 1620 2195 habebantur,
1652 2164 1707 2190 into

90 2212 233 2238 historicos
246 2210 329 2243 ipsos,
347 2213 374 2234 ut
386 2216 419 2235 ex
434 2207 540 2238 Niceta.
557 2208 632 2234 Anna
643 2207 782 2234 Comm-na
798 2208 913 2242 aliisque
931 2213 1047 2236 constat.
1064 2208 1155 2235 Restat
1179 2213 1208 2234 ut
1225 2209 1258 2235 de
1273 2209 1496 2242 interpretatione
1521 2215 1580 2233 utea
1607 2208 1704 2234 dicam.

90 2254 124 2280 Et
138 2255 252 2289 prinnttn
276 2260 325 2279 cur
345 2251 436 2279 Italice
452 2255 558 2278 vertere
571 2251 618 2277 has
631 2251 772 2278 Prodrouti
789 2251 894 2278 litteras
908 2253 1049 2278 maluerim
1063 2252 1074 2277 ?
1088 2252 1184 2279 Verum
1197 2252 1249 2278 hoc
1276 2259 1310 2278 cx
1334 2258 1375 2277 me
1403 2251 1447 2284 qni
1484 2250 1704 2277 molestissimum

96 2299 150 2324 hoc
166 2297 429 2329 tricosissitnumque
444 2295 639 2328 interpretandi
655 2295 793 2329 negotium
810 2295 956 2329 aliquando
985 2302 1173 2330 susceperunt,
1191 2303 1237 2321 eos
1263 2295 1424 2329 quaesituros
1454 2301 1505 2320 non
1538 2299 1612 2328 puto.
1635 2294 1706 2320 Satis

89 2342 161 2368 enim
174 2347 273 2368 norunt
290 2346 391 2375 quanto
407 2340 575 2366 commodius
587 2338 687 2366 Grmcis
706 2339 795 2366 Italica
813 2339 993 2373 respondeant
1009 2347 1089 2374 quam
1106 2339 1212 2371 Latina,
1228 2339 1282 2366 Cur
1298 2339 1377 2373 igitur
1390 2339 1477 2365 minus
1496 2339 1546 2365 hoc
1563 2338 1628 2365 tnihi
1648 2347 1706 2365 mo-

91 2386 178 2412 lestia:
198 2393 250 2411 tton
269 2392 393 2419 caperem
410 2384 421 2410 ?
437 2384 526 2410 minus
542 2383 622 2410 etiam
646 2383 805 2415 lectoribus,
824 2391 892 2418 qttos
910 2384 995 2410 ferme
1013 2383 1097 2409 Italici
1125 2383 1258 2410 sermonis
1287 2390 1338 2409 non
1366 2382 1508 2414 imperitos
1542 2382 1706 2409 obventmos

96 2428 163 2454 mihi
178 2427 332 2461 sperabam,
347 2426 505 2453 exhiberem
519 2425 531 2451 ?
548 2425 643 2457 Postea
659 2429 747 2452 tamen
765 2432 826 2451 cutn
842 2432 933 2453 essent
951 2427 996 2461 qui
1018 2426 1141 2453 Latinam
1172 2426 1418 2461 interpretationem
1447 2426 1608 2460 ﬂagitarent,
1622 2420 1705 2451 totum

92 2470 118 2497 id
137 2470 236 2505 negotii
252 2469 421 2500 amicodedi,
441 2469 486 2503 qui
504 2474 624 2495 nostraut
640 2468 835 2499 cumvidisset.
849 2469 979 2497 th-aecis
997 2475 1085 2497 tamen
1102 2478 1178 2498 suam
1192 2471 1349 2498 adornavit.
1369 2470 1462 2504 Itaque
1480 2470 1502 2496 si
1533 2469 1591 2496 haec
1607 2469 1705 2496 alicubi

91 2515 229 2546 disctcpat
247 2521 260 2539 a
281 2520 350 2545 mea,
369 2522 420 2539 non
439 2520 545 2544 recuso,
563 2513 709 2547 quominus
728 2513 767 2539 illi
782 2513 870 2547 potius
888 2514 973 2540 lector
991 2514 1091 2540 luet-eat
1104 2522 1184 2548 quant
1199 2522 1275 2541 meas.
1290 2513 1345 2549 Ego
1363 2515 1389 2541 in
1403 2514 1505 2541 Grecis
1518 2514 1704 2548 exprimendis

91 2557 174 2593 paulo
193 2558 308 2584 lot'tasse
323 2556 434 2583 liberius
450 2561 573 2583 versatus
585 2564 654 2582 sutn.
672 2556 800 2583 Nolcbam
817 2558 889 2583 enim
902 2557 993 2584 Italica
1013 2557 1146 2591 legentem
1164 2563 1288 2584 non-tam
1308 2558 1399 2585 Italica
1416 2559 1496 2585 verba
1515 2564 1541 2585 et
1553 2565 1706 2584 sermonem

93 2605 214 2629 nostrum
230 2601 351 2627 invenire
369 2608 448 2634 quant
465 2599 587 2627 Graecum
600 2608 646 2627 seu
663 2601 817 2627 barbarum.
834 2601 885 2627 Sed
903 2607 930 2627 ut
946 2602 970 2627 in
987 2602 1096 2628 czcteris
1114 2603 1152 2627 ita
1167 2601 1209 2628 hic
1227 2602 1312 2629 multo
1341 2602 1426 2636 magis
1444 2609 1492 2629 sua
1518 2602 1619 2636 cuique
1635 2603 1704 2628 ratio

93 2651 120 2672 et
134 2643 429 2678 consiliumplaceLUt
442 2643 534 2671 Graeca
549 2645 640 2671 darent
657 2644 820 2671 c0rrectiora
836 2644 868 2670 ad
880 2644 969 2672 ValiC.
986 2647 1046 2672 cod.
1063 2645 1162 2676 ερον,
1179 2654 1257 2680 quem
1274 2647 1399 2681 superius
1419 2645 1561 2680 descripsi,
1579 2645 1686 2679 confugi
1700 2654 1707 2673 :

92 2688 184 2715 attulit
196 2688 277 2715 etiam
293 2694 371 2720 opem
379 2687 498 2721 aliquam
514 2688 541 2715 in
557 2688 691 2715 nonnullis
702 2695 759 2722 quae
774 2689 929 2715 continebat
942 2689 1061 2723 ejusdem
1081 2689 1138 2716 Vat.
1158 2690 1221 2717 bibl.
1234 2689 1300 2717 Cod.
1317 2690 1533 2717 Otltobonianus.
1551 2689 1579 2716 In
1598 2690 1708 2716 varian-

94 2732 164 2760 tibus
194 2731 356 2760 lectionibus
381 2731 541 2760 exhibendis
560 2733 615 2760 sive
630 2732 804 2760 emendandis
813 2733 912 2760 nostris
921 2735 1036 2768 primum
1052 2734 1167 2761 iudicavi
1182 2735 1269 2762 littera
1279 2734 1299 2761 C
1309 2734 1365 2762 sive
1377 2734 1510 2770 eutnICod.
1525 2733 1583 2762 Vat.
1596 2734 1709 2770 pratcis:

130 2812 187 2844 (ω)
205 2810 291 2847 Epist.
307 2811 349 2847 ιι,

964 2815 1018 2847 (i5)
1034 2815 1091 2842 Lib.
1110 2823 1137 2843 ll.
1157 2822 1229 2840 ntnn.
1248 2814 1273 2840 3.

131 2848 188 2885 μζ.)
203 2846 230 2885 In
246 2844 428 2885 Mam-QQIIIII.
442 2847 489 2875 lib.
509 2855 558 2880 vn,
575 2855 650 2876 num.
668 2849 696 2876 εὶ.

442 2847 489 2875 lib.
509 2855 558 2880 vn,
575 2855 650 2876 num.
668 2849 696 2876 εὶ.
964 2844 1019 2885 (ιιι)
1035 2850 1092 2876 Lm.
1106 2858 1135 2880 ιι,
1151 2855 1203 2877 ctc.

131 2881 186 2918 (Η)
201 2882 240 2908 Ad
256 2889 301 2907 an.
318 2881 380 2908 446.

252 2929 389 2958 Ρηιιοι.
407 2929 464 2959 Gn.
482 2929 654 2962 CXXXIII.

1402 2936 1413 2942 "
1515 2932 1551 2962 35
