1936 3086
83 176 161 210 1105

517 176 780 208 TETRASTICHA
799 177 841 208 IN
860 177 985 209 VETUS
1005 175 1301 207 TES’IAMENTUM.

1645 173 1728 209 1106~

82 236 159 271 Οὐχὶ
173 235 256 263 Θέλων
267 235 299 263 ἂν
313 234 421 267 ἔτευξεν
441 235 496 262 ἀπ’)
511 235 620 271 χθονόςς
633 233 672 262 Ἦ
688 235 759 270 μάλα
786 235 864 262 τοῦτο
873 243 880 251 ·
898 238 920 267 Α
935 235 1028 271 Ἔχεις
1036 234 1152 269 ἀδελφὸν
1166 233 1246 261 ἄλλον
1263 234 1328 260 ἰδεῖν
1341 231 1399 260 ἀντ’
1418 232 1500 260 mea;

83 283 149 309 Νὖν
162 283 191 310 δέ
205 290 251 317 μιν
266 282 294 315 ἐξ
308 281 404 316 ἀνέρος
411 281 529 316 πλευρῆς
536 280 733 316 πλάσεν,,δφρα
746 281 874 316 μιγέντες

91 325 210 362 ’Δνιρες
222 327 270 362 ἠδὲ
285 319 412 360 γῦναίκες
422 326 562 363 ὁμόφρονα
578 326 665 361 Θυμδν
677 326 786 361 ἔχωσιν.

250 372 302 404 Εἰς
314 369 372 404 τὴν
386 371 439 398 τοῦ
457 371 552 406 ὄφεως
566 371 696 404 ἀπάτην.

135 417 258 452 Δαίμων,
295 416 402 451 φθόνος,
419 417 539 450 γύναιον,
551 416 647 452 ἡδονῆς
661 416 739 449 ξύλον

93 463 307 496 Ἀπεκδύουσιν,
323 463 352 496 ἐξ
370 462 450 498 Ἑδὲμ
467 463 608 497 πέμπιυσί
624 471 668 497 με.

86 508 170 540 Θεὸς,
186 509 280 541 πόθος,
297 507 421 543 γύναιον,
436 507 545 542 ἔντιμον
557 508 636 540 ξύλον

93 553 301 586 Ἐπενδύουσιν,
319 553 359 585 εἰς
379 553 460 588 Ἐδὲμ
474 553 614 589 πέμψουσι
630 562 676 589 με.

383 601 436 632 Εἰς
455 599 489 626 τὸ
509 600 594 627 αὐτό.

121 643 233 677 Τλῆμον
241 643 338 679 mea“,
347 645 374 670 τί
383 644 479 672 παθὼν
486 646 587 680 γυμνὸς
595 647 659 681 περὶ
667 646 772 682 δένδρεϊ
780 646 879 683 κεύθῃς

88 688 268 724 Κλεπτοσύνῃ
287 689 315 723 μ’
329 689 467 725 ἀπάτησεν
483 691 514 725 ἑῇ
532 690 633 726 δάμαρ,
651 691 668 726 ἢ
682 691 750 727 πόρε
773 693 879 727 καρπὸν

90 733 238 769 Ἕδμεναι,
253 735 308 761 οὐδ’
323 735 447 770 ἅπίθησα
458 743 464 751 ⁸
484 735 580 770 φαγὼν
596 737 625 763 δέ
652 737 676 770 ἐ,
693 737 796 772 γυμνὸς
810 738 880 764 ἑλεί-

749 783 843 820 [φοην-

90 826 208 860 Ὠφελον
220 825 275 859 οἶος
292 826 344 853 ὲὼν
357 827 397 854 ἑνὶ.
415 828 495 863 κήπῳ
511 828 578 864 τῷδε
591 829 724 857 πολεύειν.

146 873 200 905 Εἰς
215 872 273 907 τὴν
291 873 413 907 έξορίαν
434 874 485 900 καὶ
507 874 566 908 τὴν
581 875 728 909 γέννησιν
739 875 823 902 Κάῒν.

128 917 246 950 Βλέπεις
262 918 307 944 τὸν
332 919 434 953 Ἀδάμς
452 920 505 946 Καὶ
524 920 625 954 βλέπω,
643 921 689 947 καὶ
705 920 828 956 δακρύω’

96 962 278 990 Ἐκϐάλλεται
293 964 346 999 γὰρ
362 965 410 999 τῆς
425 966 532 1000 τρυφῆς
544 965 590 992 τοῦ
609 965 628 1000 -Ῐ-
638 966 752 1001 χωρίου.

90 1008 157 1034 Δέον
172 1008 200 1035 δὲ
219 1010 308 1044 μισεῖν
322 1009 369 1036 τοῦ
385 1009 471 1036 κακοῦ
487 1010 537 1046 τὴν
551 1012 651 1044 αἰτίαν,

98 1054 129 1081 '0
141 1054 164 1081 δ’
211 1055 270 1082 ἀλλ’
287 1055 416 1090 ἐπιγνοὺς
431 1056 513 1082 παῖδα
526 1058 611 1091 γεννᾷ
625 1056 671 1082 τὸν
684 1057 767 1084 Κάῖν.

395 1102 449 1134 Εἰς
463 1101 496 1128 τὸ
511 1102 597 1129 αὑτό.

133 1146 182 1179 Ἐξ
197 1147 297 1173 ἁπόνου
315 1146 413 1182 βιότοιο
424 1149 506 1174 πόνον
520 1148 543 1174 τ’
554 1149 652 1184 ἐχέμεν
667 1151 713 1176 καὶ
726 1150 810 1182 ὀϊζὺν,

92 1191 206 1226 Τλῆμον
225 1192 322 1227 Ἀδὰμ,
337 1192 477 1228 κέκρισαι,
490 1194 538 1220 καὶ
557 1195 677 1229 γηπόνον
690 1196 753 1222 ἀντὶ
767 1196 846 1223 Θεοῖο

93 1236 183 1263 Σατάν
200 1245 230 1263 σε
245 1237 388 1272 σχεδίασσε
406 1239 591 1273 παραίφασίς,
605 1237 671 1276 ᾖ-ρα
686 1241 815 1276 πιθήσας,

96 1281 197 1318 Πάτμῳ
213 1281 278 1317 ἔφυς
306 1283 440 1316 ὒπόδικος,
457 1285 594 1320 ἀναγκαίῃ
611 1294 650 1318 τε,
671 1286 745 1322 πόνῳ
764 1295 804 1314 τε.

273 1329 325 1362 Εις
342 1328 399 1363 τὴν
408 1329 532 1364 σφαγὴν
545 1331 599 1358 τοῦ
610 1331 708 1359 "A681.

122 1369 165 1405 ΓΩ
180 1372 266 1407 μιαρὰ
282 1372 344 1407 χεὶρ
365 1372 415 1400 τοῦ
428 1374 498 1400 Κάῑν
521 1374 568 1400 καὶ
583 1375 693 1410 καρδία,

94 1416 128 1444 Τί
140 1417 207 1453 δρᾷς
219 1418 265 1444 τὸν
280 1418 380 1452 ”Α6ελ;
402 1419 419 1454 ἦ
441 1419 593 1453 φόνευσας;
611 1421 678 1448 Εἰπέ
694 1430 751 1457 μοι,

96 1495 224 1530 numquid
241 1500 268 1522 et
279 1495 362 1522 Evam
376 1500 476 1523 eterra
489 1496 524 1524 de
543 1497 674 1524 industria
693 1505 746 1526 non
764 1498 886 1527 efﬂuxit?

95 1540 212 1568 Omnino
227 1548 303 1572 sane,
315 1548 386 1568 nunc
396 1541 467 1568 cnim
479 1549 539 1568 eam
555 1549 588 1569 ex
601 1542 651 1569 viri
663 1547 735 1570 costa
746 1543 882 1578 formavit,

96 1591 126 1613 ut
138 1594 190 1613 una
208 1586 343 1621 conjuncti
358 1586 418 1619 viri,
434 1591 461 1614 et
471 1586 597 1614 mulieres
605 1588 765 1615 concordem
774 1588 883 1618 foveant

97 1632 233 1659 animum.

316 1675 350 1703 In
367 1677 492 1711 serpentis
507 1677 691 1711 deceptiancm.

133 1721 253 1755 Daemon,
267 1721 382 1755 invidia,
395 1722 502 1756 mulier,
515 1727 542 1749 et
556 1723 703 1758 voluptatis
717 1723 818 1760 lignum
839 1732 883 1753 me

98 1768 256 1800 extrudunt,
273 1771 301 1795 et
324 1774 358 1794 ex
385 1768 464 1794 horto
480 1767 563 1795 Edem
592 1769 781 1797 amoliuntur:
811 1777 882 1799 nunc

100 1819 163 1840 vero
181 1812 262 1847 Deus,
285 1820 373 1847 amor,
398 1812 505 1846 mulier,
516 1818 543 1840 et
556 1814 784 1848 pretiosissimum
794 1815 884 1844 crucis

100 1857 209 1892 lignum,
226 1865 270 1886 me
283 1857 412 1894 inferunt,
427 1863 454 1887 et
469 1859 497 1886 in
516 1859 598 1887 Edent
616 1859 777 1888 immittunt.

441 1904 472 1932 In
487 1905 566 1932 idem.

134 1947 227 1976 Infelix
250 1949 344 1982 Adam,
359 1957 412 1985 quo
437 1954 539 1977 terrore
555 1951 694 1986 perculsus
716 1951 742 1978 in
756 1952 883 1980 arborcto

100 1992 256 2020 delitescis'!
278 1991 389 2020 Vufritie
406 2000 448 2020 me
463 2001 510 2021 sua
524 1994 629 2030 decepit
646 2003 723 2028 uxor,
749 2004 809 2031 qua;
823 1996 882 2024 fru-

101 2042 170 2064 ctum
184 2037 303 2072 porrexit
314 2037 456 2070 edendum,
475 2046 524 2065 nec
541 2039 615 2066 renul
628 2047 636 2073 ;
654 2041 701 2067 sed
717 2047 750 2067 eo
765 2045 884 2069 comesto

101 2084 208 2112 relictus
221 2091 279 2112 sum
290 2083 394 2111 nudus:
411 2084 538 2119 praeclare
554 2092 659 2112 mecum
671 2091 761 2114 actum
772 2086 881 2121 fuisset,

99 2129 122 2156 si
140 2128 166 2156 In
181 2127 232 2156 hoc
248 2128 327 2155 horto
341 2126 413 2155 solus
429 2127 632 2156 inbabitassem.

203 2183 237 2211 In
257 2184 353 2211 Λάαν)ιί
369 2183 503 2216 exsilium,
516 2189 540 2211 et
554 2183 632 2211 Caini
648 2184 771 2213 natalem.

135 2229 265 2257 Adumum
279 2229 375 2257 vides?
389 2237 429 2256 nae
448 2229 535 2261 video,
552 2234 579 2256 et
594 2229 740 2264 lacrymor.
761 2238 777 2258 e
800 2232 884 2260 vireto

101 2274 170 2303 cnim
187 2275 342 2303 deliciarum
354 2275 468 2302 extorris
483 2275 641 2302 eliminatur
654 2283 663 2308 ;
678 2283 882 2312 cumqueopor-

103 2320 197 2347 tuisset
210 2319 298 2347 odisse
310 2319 372 2346 mali
383 2327 504 2352 causam,
518 2319 676 2353 mulierem,
687 2327 720 2347 ea
731 2325 820 2348 tamen
835 2329 882 2350 co-

102 2367 186 2401 gnita,
199 2365 314 2393 Caiuum
338 2369 451 2400 generat
465 2364 562 2392 lilium.

421 2418 455 2445 In
469 2418 549 2445 idem.

135 2463 172 2491 Ex
192 2464 343 2499 tranquilla:
369 2465 429 2490 vitae
447 2469 531 2496 statu.
544 2464 680 2493 laboribus
693 2465 822 2499 ferendis,
849 2474 881 2494 ac

101 2510 216 2538 miseriis
239 2510 360 2538 addictus
368 2517 408 2542 es,
425 2510 516 2538 infelix
530 2510 629 2545 Adam,
643 2516 670 2539 et
691 2519 740 2546 pro
755 2520 787 2540 eo
809 2514 881 2547 quod

100 2556 181 2584 Deum
208 2563 287 2590 agere
302 2556 430 2584 studebas
453 2556 608 2592 agricolam,
624 2557 754 2593 evestigio
774 2563 799 2586 te
818 2558 883 2587 fecit

102 2602 433 2630 irauduleutuanatantn
462 2602 614 2636 consilium,
638 2604 682 2631 cui
711 2605 883 2639 obsequendo

103 2649 187 2676 factus
201 2655 232 2675 es
249 2648 382 2676 obnoxius
399 2648 489 2680 morti.
503 2649 678 2677 necessitatis
693 2651 834 2685 angustiis,
849 2658 881 2679 ac

101 2692 248 2722 laboribus.

320 2738 354 2767 In
363 2739 557 2775 jugulatianem
573 2740 674 2769 Abelis.

132 2785 153 2812 0
164 2785 279 2813 scelesta
298 2792 406 2818 manus,
421 2793 437 2813 ο
453 2793 530 2814 mens
541 2786 617 2815 Caini
647 2787 724 2822 longe
746 2788 882 2815 nocentis-

101 2831 164 2858 sima
183 2831 190 2858 ί
211 2831 275 2865 quid
298 2830 380 2858 Abelo
405 2830 473 2860 facis
488 2831 499 2858 ἰ
514 2840 577 2859 num
589 2832 736 2868 jugulasti?
763 2834 826 2861 mihi
843 2835 882 2862 lo-

103 2884 191 2912 guerc,
207 2876 289 2904 babes
303 2876 432 2912 alterum,
458 2885 537 2912 quem
562 2877 622 2906 luco
651 2878 741 2907 Abelis
769 2880 879 2907 [latrem

934 282 969 307 "H
990 282 1043 313 πᾶς
1064 282 1077 307 ὁ
1095 281 1196 316 κόσμος
1213 280 1272 315 οὐχὶ
1289 281 1374 314 χωρεί
1384 280 1446 310 τοὺς
1463 280 1524 313 δύος

1227 327 1278 358 Εἰς
1291 326 1324 352 τὸ
1337 326 1422 354 αὑτό.

973 373 1112 408 Τέσσαρες
1127 372 1199 408 ἀμφί
1215 372 1230 407 ρ
1246 371 1355 400 ἃπασαν
1372 371 1436 398 ἔσαν
1452 371 1533 407 χθόνα
1541 372 1714 408 ἔνναετῆρες,

931 419 1016 450 Δοιοῖς
1033 418 1090 452 πὰρ
1107 418 1259 451 τοκέεσσιν,
1274 415 1397 451 ἀδελφεὼ
1411 416 1508 452 ἄρῤενε
1523 417 1595 443 δοιώ.

932 463 988 491 Καί
997 463 1023 499 ῤ’
1039 464 1054 490 ὁ
1067 463 1113 490 τὸν
1128 462 1279 498 ἐξενάριξε,
1291 462 1361 489 Κάῖν
1379 462 1474 494 Ἅϐελ,
1490 460 1561 498 αἷμα
1577 462 1604 489 δὲ
1619 462 1718 497 νεκροῦ

932 509 1039 545 Νέρθεν
1053 509 1126 541 ᾶῧσ“,
1136 510 1150 536 ὁ
1167 509 1190 535 δ’
1200 508 1302 536 ἄκουσε
1318 507 1395 540 Θεὸς,
1418 507 1466 535 καὶ
1479 507 1548 543 τύψε
1566 508 1663 543 φονῆα.

1108 556 1160 588 Εἰς
1172 555 1230 590 τὴν
1244 556 1409 590 μετάθεσιν
1426 554 1531 589 Ἑνώχ.

959 601 997 628 Οὺ
1013 601 1131 637 φθαρτὸς
1149 601 1235 636 ’Δδὰμ
1247 600 1276 627 ἐν
1288 608 1319 634 γε
1335 600 1369 635 τῇ
1389 600 1487 636 πρώτῃ
1499 599 1609 631 πλάσει,

938 646 1021 674 Ἀλλὰ
1032 647 1148 682 φθαρείς
1161 646 1291 681 τέθνηκεν
1301 653 1309 662 ο
1325 643 1399 677 οἶδας
1411 645 1457 672 τὸν
1472 644 1584 680 τρόπον.

939 693 1023 729 Ἑνὼχ
1038 693 1066 719 δὲ
1081 692 1213 723 πλασθεὶς
1226 692 1267 723 εἰς
1281 691 1384 727 φθορὰν
1398 691 1448 718 οὐκ
1461 690 1579 725 ἐφθάρη,

939 739 1010 766 Ἀλλ’
1024 739 1063 771 εἰς
1078 738 1118 765 ἐτι
1135 738 1168 773 ζῇ
1179 745 1186 753 ·
1203 737 1352 773 μανθάνεις
1366 737 1417 772 τὴν
1432 737 1535 764 αἰτίαν.

1232 784 1283 816 Εἰς
1299 783 1333 811 τὸ
1347 783 1432 810 αὑτό.

968 830 1020 858 Τὸν
1033 831 1087 867 Σὴθ
1096 829 1181 864 ’Δδὰμ
1196 829 1324 864 ἐφυσσεν,
1342 827 1426 860 Ἐνὼς
1438 828 1460 855 δ’
1476 828 1611 864 ἐκυήσατο
1621 828 1718 860 κεῖνος,

933 876 1025 912 Αὐτὰρ
1043 876 1128 908 Ἑνὼς
1142 874 1261 908 Καϊνὰν,
1275 876 1289 902 ὸ
1301 875 1329 901 δὲ
1342 873 1484 909 Μαλελεὴλ
1494 873 1577 908 λάχεν
1591 870 1648 905 υἷα,

898 914 920 940 n
938 921 987 953 Ὃς
1006 921 1029 948 δ’
1050 921 1137 956 Ἰάρεδ
1153 920 1296 955 γέννησεν,
1315 919 1402 954 Ἐνὼχ
1412 919 1440 945 δέ
1453 920 1477 946 οἰ
1494 918 1591 945 ἔπλετο
1607 919 1683 951 πάϊς,

933 968 982 998 ’ος
993 967 1041 993 καὶ
1053 965 1206 1000 ἀθανασίην
1222 966 1304 1000 λάχεν
1321 965 1349 1006 ἐς
1375 965 1461 999 Ἀδὰμ
1476 964 1590 999 ἓΰδομος
1601 964 1682 999 ἁνήρ.

1078 1013 1131 1046 Ely
1143 1012 1197 1039 τὸν
1207 1012 1257 1038 ἐπὶ
1268 1011 1332 1038 Νῶε
1343 1010 1570 1045 κατακλυσμόν.

936 1058 970 1084 'H
983 1056 1030 1084 τοῦ
1046 1056 1115 1083 Θεοῦ
1131 1056 1181 1091 μὲν
1195 1055 1351 1089 αὑτάγαθος
1367 1055 1522 1090 χρηστότης

932 1102 1069 1129 Οἰκοῦσαν
1085 1101 1222 1137 ὑπέστησε
1239 1100 1289 1136 τὴν
1307 1101 1396 1127 πᾶσαν
1407 1100 1497 1127 κτίσιν
1507 1108 1514 1115 ·

936 1147 967 1175 '0
980 1147 1034 1174 τῶν
1046 1147 1150 1182 βροτῶν
1166 1146 1194 1173 δὲ
1209 1145 1458 1181 πλημμελέστατος
1475 1144 1532 1180 βίος

934 1193 1095 1220 Κατὲκλυσε
1111 1192 1260 1227 ξύμπασαν
1276 1191 1363 1226 αὐτὴν
1378 1190 1488 1226 ἁθρόον.

1221 1237 1271 1269 Εἰς
1285 1236 1319 1263 τὸ
1334 1236 1420 1264 αὑτό.

974 1283 1037 1310 Νῶε
1053 1283 1086 1310 σὺ
1103 1283 1157 1310 σύν
1166 1291 1196 1309 τε
1209 1282 1339 1317 δάμαρτι,
1355 1281 1401 1308 καὶ
1414 1281 1510 1314 υἰέσιν,
1524 1281 1571 1316 ἠδέ
1589 1289 1620 1308 τε
1630 1282 1702 1314 νυοῖς

932 1329 1012 1364 Τήνδ¹
1027 1329 1074 1355 ἐπὶ
1090 1328 1187 1363 κίστην
1198 1327 1315 1359 εἰσδυτε,
1335 1326 1398 1362 ῥίζα
1429 1325 1498 1361 βίοιο
1513 1326 1596 1353 νέοιο.

934 1374 1029 1410 Αὐτὰρ
1043 1374 1099 1408 ἐγὼ
1111 1373 1224 1409 βροτέην
1241 1372 1294 1399 ἀπὸ
1310 1371 1415 1407 φύτλην
1426 1370 1511 1406 γῆθεν
1526 1372 1614 1407 ἀείρω

933 1420 1034 1456 Πάτμῳ
1050 1419 1200 1454 λευγαλέῳ,
1216 1418 1292 1454 ὑγρῷ
1302 1418 1324 1444 δ’
1346 1418 1397 1445 ὑπὸ
1410 1419 1516 1455 σήματι
1530 1417 1632 1446 κεύσω.

936 1495 1045 1528 videas;
1061 1495 1103 1523 vel
1133 1495 1277 1523 universus
1307 1494 1366 1521 orbi
1391 1499 1535 1529 utrumque
1556 1501 1609 1522 non
1633 1497 1723 1529 potest

934 1546 1032 1575 capere
1040 1539 1053 1566 ί

1265 1583 1298 1612 In
1310 1585 1389 1612 idrm.

968 1631 1090 1664 Quatuor
1103 1630 1133 1658 in
1160 1630 1285 1658 universa
1303 1634 1375 1658 terra
1404 1630 1493 1658 coloni
1521 1634 1608 1663 erant,
1623 1635 1723 1665 prater

932 1677 1066 1712 geminum
1077 1680 1216 1711 parentem
1234 1676 1289 1705 duo
1313 1676 1436 1712 germani
1452 1676 1551 1703 fratres
1576 1676 1639 1711 ique
1661 1683 1721 1704 ma-

933 1729 996 1755 rcs;
1011 1729 1125 1756 quorum
1141 1720 1186 1748 hic
1201 1720 1293 1753 istum,
1308 1720 1420 1748 Abelum
1449 1719 1551 1748 Cainus
1576 1719 1722 1754 interfecit,

935 1766 1094 1800 sanguinem
1110 1772 1173 1793 vero
1191 1765 1326 1793 demortui
1346 1764 1451 1793 inferne
1463 1764 1626 1793 clamantem
1651 1765 1722 1793 Deus

934 1811 1077 1845 inaudivit,
1094 1815 1122 1841 et
1138 1811 1304 1839 fratricidam
1317 1810 1464 1847 percussit.

1142 1865 1176 1893 In
1190 1865 1290 1893 Enochi
1317 1865 1528 1893 translationem.

968 1911 1098 1944 Adamus,
1114 1910 1142 1938 in
1167 1911 1328 1939 innocentia:
1352 1915 1426 1939 statu
1439 1916 1558 1945 creatus,
1579 1918 1632 1940 non
1660 1917 1720 1940 erat

933 1956 1053 1984 interitui
1069 1955 1211 1984 obnoxius.
1225 1956 1273 1983 sed
1288 1957 1390 1991 peccati
1401 1956 1461 1984 labe
1476 1961 1622 1993 corruptus
1634 1957 1721 1992 obiit;

934 2001 1009 2029 nosti
1023 2001 1141 2028 modum.
1159 2000 1284 2029 Enoclms
1299 2009 1350 2029 non
1362 2007 1403 2029 est
1426 2006 1540 2030 martem
1566 2010 1721 2038 perpessus,

934 2046 961 2074 in
979 2054 1059 2081 quam
1080 2046 1213 2074 formatus
1235 2046 1336 2081 fuerat,
1352 2048 1399 2075 scd
1425 2049 1514 2077 adhuc
1527 2049 1594 2077 vivit
1609 2057 1617 2082 ;
1632 2050 1716 2085 probo

934 2092 997 2119 item
1016 2097 1166 2127 prorogata
1176 2093 1237 2120 vitm
1256 2093 1388 2121 rationem
1407 2094 1538 2130 percipis.

1282 2144 1313 2172 1η
1326 2146 1404 2172 idem.

969 2188 1088 2217 Adamns
1119 2188 1240 2223 Sethnm,
1273 2191 1316 2217 hic
1337 2190 1438 2218 Enoem
1469 2193 1620 2226 progenuit,
1648 2193 1722 2222 Enos

937 2241 1015 2268 porro
1029 2234 1154 2268 Cainam,
1167 2235 1212 2270 qui
1225 2234 1390 2262 Malaleclcnt
1407 2240 1502 2264 nactus
1515 2242 1556 2264 est
1568 2237 1663 2270 fllium;
1678 2240 1722 2267 hic

933 2279 1012 2307 Jurcd
1029 2280 1054 2306 in
1078 2281 1163 2307 lucem
1175 2281 1270 2313 edidit,
1283 2281 1325 2308 cui
1340 2281 1468 2309 Enochus
1481 2282 1507 2308 in
1521 2283 1630 2316 stirpem
1642 2289 1722 2312 natus

933 2325 967 2352 ab
982 2325 1083 2352 Atlamo
1092 2325 1222 2359 septimus
1234 2325 1395 2353 immortalis
1404 2327 1463 2353 vitm
1478 2331 1578 2355 sortem
1593 2335 1722 2357 consecu<

934 2375 976 2398 tus
987 2374 1037 2398 εει.

1017 2425 1052 2453 In
1076 2426 1219 2454 eluvionem
1235 2435 1363 2461 aquarum
1377 2428 1535 2462 temporibus
1551 2428 1618 2456 Noe.

969 2471 1028 2506 Ipsa
1044 2471 1151 2507 quidem
1168 2471 1215 2500 Dei
1232 2472 1389 2507 primigenia
1403 2472 1510 2501 bonitas
1521 2481 1584 2508 qua
1598 2475 1624 2501 in
1639 2475 1720 2503 torris

933 2518 1085 2546 inhabitant
1098 2518 1198 2551 omnia,
1219 2519 1244 2545 in
1255 2526 1344 2545 rerum
1355 2523 1480 2546 naturam
1496 2520 1632 2555 produxit,
1646 2529 1720 2549 mor-

934 2564 1028 2591 talium
1042 2571 1105 2592 vero
1114 2563 1322 2597 flagitiosissima
1338 2565 1392 2592 vita
1405 2572 1495 2593 rerum
1503 2567 1712 2596 universitatem

933 2610 965 2637 de
979 2609 1124 2645 improviso
1139 2611 1217 2645 aquis
1229 2610 1330 2639 obruit.

1238 2656 1272 2684 In
1287 2657 1365 2685 idem.

968 2702 1019 2736 Tu,
1034 2702 1107 2737 Noc,_
1117 2710 1171 2731 una
1184 2711 1244 2731 cum
1259 2711 1353 2738 uxore,
1377 2704 1480 2737 liberis,
1498 2711 1525 2733 et
1538 2705 1661 2739 nuribus,
1673 2707 1720 2741 qui

932 2755 1008 2774 nova:
1018 2748 1079 2775 vita:
1092 2748 1167 2775 radix
1185 2748 1267 2776 futuri
1282 2750 1360 2781 estis,
1377 2749 1404 2776 in
1419 2757 1509 2777 arcam
1528 2750 1718 2783 ingredimini:

934 2797 1061 2820 caeterum
1087 2801 1135 2828 ego
1151 2802 1235 2829 genus
1251 2795 1389 2822 hominum
1404 2803 1418 2822 e
1434 2800 1503 2822 terra
1520 2803 1582 2823 mox
1595 2797 1717 2825 auferunt

933 2837 1089 2870 perniciosa
1102 2844 1204 2873 morte,
1227 2846 1329 2874 eosque
1349 2838 1399 2867 sub
1421 2846 1508 2875 aqueo
1523 2841 1664 2868 recondam
1677 2849 1721 2870 se-

932 2882 1036 2914 pulcro.
