1936 3086
189 107 210 139 ξι
219 106 267 140 135

479 160 531 194 Εἰς
544 159 577 187 τὸ
592 159 676 187 αὐτό.

197 219 331 255 Ἄγγελος
345 217 467 252 αἱγλήεις
480 217 510 249 ἐξ
522 216 631 252 αἰθέρος
644 215 684 246 εἰς
696 214 779 250 χθόνα
792 213 893 249 βαίνων

200 266 365 301 Ὀπλοφόρος
381 264 557 300 προπέφαντο
575 261 663 298 Ἰησοῦ
680 262 736 288 υἱέϊ
747 261 837 295 Ναυῆ.

198 313 246 343 Ὃς
257 312 284 337 δέ
298 318 355 345 μιν,
373 309 410 341 ὡς
426 309 520 343 ἐνόησε
537 307 603 334 Θεοῦ
621 307 708 342 μέγαν
722 306 838 341 ἄγγελον
854 304 923 332 εἶναι

197 357 291 392 Τῆμος
305 355 386 391 ἔραζε
401 354 511 390 κύνησε,
529 354 629 388 τρόμος
647 353 676 380 δέ
691 352 716 378 οι
732 351 806 378 ἵκετο
820 352 894 385 γυῐα.

390 423 442 456 Εὶς
455 423 512 457 τὴν
527 423 644 450 ἅλωσιν
662 421 783 456 ’1εριχώ.

196 483 228 509 Ει
239 481 374 516 δακρῦσαι
387 479 492 515 βούλοιο
508 479 629 509 δικαίως,
645 478 714 509 ξένε,

195 527 252 563 Τὴν
272 526 377 562 Ίεριχὼ
393 525 508 552 κλαῦσον
523 523 724 559 ὴφανισμένην,

187 575 276 602 ,Πόλιν
293 572 427 607 τοσαύτην
443 569 725 606 μυριοπληθεστάτην,

199 619 246 651 Ἐξ
261 616 295 655 ἦς
315 617 401 644 Ῥαὰϐ
417 616 536 642 σέσωστο
548 615 603 641 τῶν
615 614 702 641 ἄλλων
719 615 798 649 μόνη,

478 673 532 705 Εις
545 671 578 698 τὸ
594 671 678 698 αὑτό.

202 731 319 759 Ἕπτάκι
339 729 530 757 σαλπισάντων
543 728 614 755 ἑπτὰ
626 727 694 755 Θεοῦ
709 729 822 764 ῑερήων,

195 777 296 811 Τεῑχεα
315 775 421 811 Ἶεριχὼ
436 775 553 810 χαμάδις
568 775 651 802 πέσεν
669 773 757 808 ἀθρόα
774 774 874 800 πάντα.

195 824 280 850 Τιπτε
293 823 321 849 δὲ
331 821 394 853 λαὸς
413 822 486 852 ἅπας
501 821 547 847 καὶ
560 821 661 855 κτήνεα
678 820 781 846 ὤλλυτο
801 820 909 852 atina;

192 871 246 906 Οἴη
268 870 316 905 ἀπ’
333 870 366 895 ὲκ
385 868 537 903 κακότητος
554 867 623 894 Ῥἇϐ
637 867 723 901 φύγεν
738 867 767 900 ἐξ
783 867 841 902 ἅμα
865 866 984 893 πάντων.

186 937 246 970 Elg-
254 936 312 970 τὴν
325 935 511 972 κατάλευσιν
521 932 680 972 Ἀ-χαρ-ζοῦ
695 932 868 972 κλέψαντος
880 932 915 959 ἐκ
927 932 986 959 τῶν

292 972 437 1005 λαφύρων
455 969 568 1003 Ἰεριχὼ
589 968 737 1003 γλῶσσαν
751 968 884 1002 χρυσῆν.

190 1035 233 1063 ’Τί
245 1036 296 1071 τὴν
311 1034 462 1062 κλαπεῖσαν
479 1033 608 1068 γλῶσσαν
623 1033 652 1060 ὲν
668 1033 702 1067 γῇ
720 1031 861 1067 χωννύεις,

200 1083 291 1117 Ι’Δχαρ
304 1081 407 1116 πονηρὲ
421 1089 428 1113 ;
447 1080 497 1106 κᾶν
512 1080 566 1114 γάρ
578 1080 635 1106 ἐστι
648 1079 765 1113 χρυσέη,

200 1129 297 1163 Ὅμως
317 1127 443 1162 λαλήσει,
460 1125 508 1151 καὶ
519 1125 633 1157 σιγῶσα,
650 1124 694 1150 τὸν
707 1124 793 1155 δόλον,

196 1174 257 1200 Καὶ
273 1173 405 1207 πετρίνην
421 1179 450 1197 σε
468 1170 516 1206 τὴν
533 1169 629 1205 στολὴν
646 1169 798 1196 ἑπενδύσει.

482 1239 534 1271 Εἰς
554 1237 587 1264 τὸ
602 1237 686 1265 αὐτό.

196 1297 304 1324 Ὲῖνεκα
323 1296 371 1330 σῆς
386 1295 476 1322 δολόεν
502 1294 692 1328 κακομῇγανε.
718 1294 831 1330 Κύριος,
843 1295 942 1330 Ἀχαρ,

195 1343 318 1370 Χώσατο
332 1339 529 1375 κλεπτοσύνης,
544 1340 641 1367 πολλὸν
655 1340 684 1366 δέ
700 1349 748 1367 κεν
765 1340 849 1367 ὤλεσε
862 1340 937 1369 λαόν.

212 1387 293 1415 Ἀλλά
311 1395 342 1420 γε
363 1386 455 1413 καὶσὺ
467 1385 558 1412 λάϊνον
572 1383 691 1411 ὲπέσόαο
706 1385 782 1411 τόνδε
802 1386 914 1420 χιτῶνα,

195 1430 334 1461 Λικιστόν
349 1439 379 1457 τε
409 1431 542 1466 πέτρῃσιν
570 1430 685 1466 ὲφεύρεο
706 1431 837 1466 κάμμορε
868 1431 985 1467 πότμον.

515 1508 549 1536 1η
563 1509 644 1536 idem.

230 1557 383 1592 Splendens
403 1555 514 1590 angelus
527 1555 636 1583 caelitus
651 1556 677 1582 in
691 1559 790 1583 terram
806 1555 942 1591 delapsus,
956 1560 984 1584 et

196 1611 271 1632 arma
290 1607 397 1637 gestans
409 1601 499 1629 Josuae
519 1600 598 1628 Navae
613 1601 667 1628 lilio
680 1602 813 1636 apparuit.
827 1601 913 1635 Quem
923 1609 983 1629 cum

195 1651 247 1678 iste
275 1649 424 1684 principem
445 1646 494 1674 Dei
524 1647 648 1681 angelum
665 1654 726 1674 esse
756 1647 901 1679 intellexit,
919 1651 985 1676 tunc

190 1695 269 1724 humi
284 1700 401 1722 cernuus
416 1692 539 1720 adoravit
556 1699 564 1726 ;
580 1699 641 1718 nam
655 1691 714 1727 ejus
730 1692 853 1720 membra
882 1697 985 1720 tremor

189 1741 343 1768 invaserat.

336 1784 370 1812 In
385 1784 566 1811 Hierichuntir
577 1784 806 1819 expugnationem.

228 1833 260 1859 Si
276 1831 409 1865 legitimas
425 1830 562 1858 elTuudere
573 1830 704 1864 lacrymas
721 1830 769 1857 tibi
792 1829 867 1857 cordi
884 1834 936 1862 est,
968 1837 985 1857 ο

199 1873 310 1912 hospes,
327 1875 529 1903 Hierichuntem
541 1882 588 1903 sus
602 1874 688 1909 deque
698 1882 801 1902 versam
814 1874 886 1902 luctu
896 1882 989 1909 prose-

195 1931 291 1958 quere,
309 1922 400 1953 talem.
415 1925 507 1955 totque
521 1920 660 1948 hominum
689 1920 808 1947 millibus
840 1919 986 1948 refertissi-

200 1964 271 1995 m'am
285 1968 432 2001 civitatem,
449 1966 520 1994 unde
534 1974 587 1993 una
605 1966 632 1993 in
641 1965 748 1994 caeteris
762 1965 901 1993 occidione
911 1965 986 1994 Raab

190 2018 322 2048 .exempta
336 2016 388 2041 est.

534 2056 569 2084 In
583 2057 665 2084 idem.

226 2103 345 2139 .qutem
363 2103 408 2131 Dei
434 2103 621 2131 sacerdotibus
638 2103 739 2137 septies
771 2102 885 2130 buccina
909 2100 987 2131 'clan-

193 2150 334 2184 gentibus,
351 2149 534 2176 Ilierichuntis
548 2149 617 2176 muri
638 2147 718 2176 simul
732 2155 826 2175 omnes
845 2148 871 2176 in
888 2153 986 2175 terram

198 2201 341 2223 corruunt.
367 2195 420 2224 Sed
448 2203 587 2229 quorsum,
619 2202 678 2221 cum
700 2194 830 2229 jumentis
852 2194 987 2228 omnibus,
1006 2185 1027 2213 Ι)

199 2243 341 2270 universus
356 2241 471 2277 populus
484 2240 606 2268 interiit?
620 2239 681 2268 Sola
702 2240 827 2268 videlicet
854 2247 886 2267 ex
901 2240 989 2268 omni-

199 2289 249 2316 lms
270 2289 304 2316 ab
322 2288 459 2323 impietate
472 2286 547 2314 Raab
565 2286 756 2314 declinaverat.

195 2334 233 2361 In
242 2334 333 2360 Achan
342 2333 471 2367 lapidibus
481 2333 613 2363 obrutum.
625 2332 694 2365 quod
707 2340 739 2359 ea;
755 2331 934 2359 Hierichuntis
946 2340 990 2359 e1»

290 2369 355 2394 neiis
376 2376 482 2394 auream
502 2367 628 2394 laminam
645 2367 716 2401 furto
732 2367 911 2394 subduxisset.

235 2413 305 2448 Quid
320 2414 478 2441 subductam
496 2413 522 2440 in
541 2417 612 2439 terra
630 2411 754 2447 lingulam
770 2411 987 2445 defodis,Acban

196 2460 411 2487 sceleratissime
422 2459 438 2485 ?’
447 2457 567 2486 Tametsi
583 2458 654 2485 enim
671 2465 751 2485 aurea
763 2458 809 2491 sit,
838 2463 926 2486 tamen
947 2459 989 2486 vel

200 2505 304 2532 sllendo
320 2509 393 2531 tuum
410 2503 585 2538 proloquetur
601 2503 704 2537 dolum,
722 2507 802 2538 teque
814 2503 923 2539 lapidea
949 2505 989 2532 in-

200 2551 294 2578 dutum
310 2555 383 2577 veste
397 2551 503 2578 obruet.

524 2594 558 2622 In
573 2595 652 2622 idem.

234 2641 259 2670 0
274 2642 384 2677 perﬁde,
413 2641 541 2677 pravique
557 2641 661 2669 consilii
682 2640 778 2668 artifex
792 2641 897 2675 Acbari,
923 2649 987 2677 pro-

201 2694 261 2724 pter
292 2694 366 2716 tuum
394 2689 508 2721 furtum,
531 2688 601 2715 Dens
621 2689 822 2716 excandescens
851 2689 985 2724 ingentem

201 2734 292 2769 populi
308 2731 510 2761 multitudinem
527 2734 682 2769 prostravit.
701 2733 754 2762 Sed
782 2739 809 2762 ct
826 2739 853 2762 tu
879 2735 985 2770 lapidea

198 2780 291 2807 tunica
310 2781 416 2808 indutus
433 2780 517 2808 latum
530 2780 665 2815 lapidibus
686 2779 830 2816 indictum,
847 2783 916 2811 unde
929 2783 985 2811 dis-

197 2827 334 2860 cerpar-is,
350 2826 462 2855 sortitus
483 2834 522 2855 es.

799 101 997 132 THEODORI
1018 100 1218 131 PRODROMI

999 160 1020 188 Α
1036 157 1088 188 Εἰς
1110 155 1167 189 τὴν
1182 153 1376 189 πιφπόλησιν
1407 152 1460 189 τῆς
1478 153 1534 180 Γαι
1550 152 1678 189 πόλεως,
1702 152 1754 189 gat
1774 153 1833 180 τὸν

1758 96 1835 129 1136

1119 186 1393 224 ἀῒασκολοπισμὸν
1409 186 1462 215 τοῦ
1475 187 1629 221 ,βασιλέως
1643 186 1750 222 αὐτῆς.

1042 237 1075 264 Ἠ
1092 237 1142 264 Fati
1155 236 1230 267 πόλις
1245 235 1346 270 δάκρυε
1362 233 1572 269 πυρπολουμὲνη
1584 241 1591 248 '

1043 281 1125 313 Ἀλλ’,
1144 281 1182 312 ὡς
1198 282 1296 313 ἔοικεν,
1312 279 1373 306 οὐδὲ
1389 279 1517 314 δακρύειν
1532 279 1619 315 ἔχεις·

1038 327 1075 354 Τὸ
1093 327 1148 362 πῦρ
1162 326 1216 362 γὰρ
1228 326 1344 362 ἐξήρανε
1359 326 1392 353 τὰ
1414 326 1536 361 βλέφαρά
1553 335 1611 359 σου,

1038 374 1093 400 Καὶ
1110 374 1202 400 πᾶσαν
1216 372 1365 408 ὲξίκμασεν
1382 372 1469 406 ὑγρὰν
1480 372 1592 406 ἀτμίδα.

1325 420 1375 451 Εἰς
1391 418 1425 445 τὸ
1445 417 1529 445 αὐτό.

1037 463 1086 495 Τίς
1101 463 1162 491 ποθ’
1180 464 1217 491 ὅδ’
1229 464 1262 491 ὲκ
1273 464 1360 496 ξύλοιο
1375 463 1507 499 μετῄορός
1522 464 1580 490 ἐστι
1594 463 1706 499 διδύμου

1037 510 1147 541 Ἀθλιος
1160 518 1167 542 ;
1187 511 1218 536 ὲκ
1232 510 1260 536 δέ
1274 510 1298 536 οἱ
1314 510 1378 536 εσσε
1394 510 1439 545 βίη
1451 510 1549 545 βάλεν;
1567 507 1652 541 Οὗτος
1668 511 1771 541 ἐκεῖνος

1036 556 1086 582 Fui.
1101 556 1229 592 βασιλεὺς
1256 556 1404 592 μεγάδοξος
1419 564 1426 572 ·
1448 557 1519 592 ἀτὰρ
1548 557 1620 592 μέγα
1642 555 1736 592 αἶσχος
1754 556 1829 583 ἀπό-

1707 602 1792 638 tau.

1038 647 1118 681 Ἄρτι
1132 647 1182 681 μὲν
1194 647 1298 683 ὴνεμίῳ
1311 647 1363 674 ὑπὸ
1376 647 1471 684 πότμῳ
1492 647 1577 682 θυμὸν
1591 647 1715 678 ὀλέσσας.

1037 693 1090 725 Εἰς
1119 692 1177 726 τὴν
1203 693 1241 718 δι’
1265 693 1285 729 -ὶ-
1307 693 1509 728 ἐπιτιμήσεως
1529 693 1631 727 Ἰησοῦ
1656 693 1692 720 ὲν
1719 693 1832 721 Γαϐαὼ

1319 729 1431 755 στάσιν
1445 729 1545 762 ἡλίου.

1039 773 1128 804 Ἥλιε,
1142 773 1189 800 νῦν
1206 774 1256 808 μὲν
1279 774 1383 809 Ἰησοῦς
1399 774 1489 809 ἵστησι
1502 783 1543 806 σε,

999 838 1024 868 Β
1043 819 1087 845 Ἐν
1102 819 1200 846 Γαϐαὼ
1211 821 1274 852 τοὺς
1292 821 1375 847 πέντε
1387 821 1470 847 νικῶν
1489 820 1645 856 σατράπας,

1040 864 1157 898 Χριστὸς
1169 865 1191 890 δ’
1207 865 1311 900 Ἰησοῦς
1326 865 1533 902 ἐξαμαυρώσειὲ
1554 875 1595 898 σε,

1037 910 1089 937 Τὸν
1106 910 1153 937 τοῦ
1169 911 1282 944 σκότους
1296 912 1413 948 ἄρχοντα
1431 913 1469 948 τῷ
1483 912 1592 948 σταυρῷ
1604 912 1724 948 τρέπων.

1320 958 1371 991 Εἰς
1387 958 1420 985 τὸ
1437 959 1521 985 αὑτό.

1044 1005 1150 1032 Ἡελὶου
1165 1004 1309 1040 ἀκάματος
1321 1004 1465 1039 ἀείδρομος
1482 1004 1592 1030 ἵσταται
1604 1004 1679 1039 ὁρμὴ

1037 1051 1088 1077 ιΕν
1101 1050 1200 1077 Γαῦαώ
1211 1059 1218 1066 ⁸
1231 1050 1260 1076 τὸ
1277 1049 1331 1084 γάρ
1340 1050 1363 1075 οἱ
1374 1049 1539 1076 ὲπεκέκλετο
1553 1049 1608 1080 δῖος
1623 1048 1739 1083 Ἰησοῦς.

1037 1094 1074 1123 Ἶι
1092 1098 1127 1132 ῥα
1143 1095 1346 1131 μετεσσομένου
1360 1095 1397 1121 ὅδ’
1412 1095 1500 1130 Ἰησοῦ
1516 1095 1612 1121 ἔπλετο
1627 1095 1711 1126 τύπος

1041 1143 1088 1174 Ὃς
1106 1141 1186 1172 σέλας
1207 1140 1311 1176 ὴελιοιο
1332 1141 1402 1176 μετὰ
1415 1140 1496 1174 ζόφον
1512 1141 1597 1180 ἤματι
1616 1141 1720 1175 τρέψει.

1038 1189 1091 1221 Εἰς
1121 1187 1175 1213 τὸν
1197 1187 1257 1214 τῶν
1286 1186 1477 1214 Ἰεϐουσαίων
1502 1185 1639 1220 ὀλεθρον,
1664 1186 1718 1218 οὓς
1748 1186 1831 1213 κάτω

1070 1223 1130 1284 ger
1146 1222 1268 1255 Ἰησοῦς
1287 1222 1460 1257 μαχαίραις,
1474 1221 1535 1248 ἅνω
1549 1221 1582 1248 δὲ
1596 1222 1667 1254 Θεὸς
1681 1221 1829 1255 χαλάζαις

1092 1265 1198 1284 news.

1039 1303 1093 1330 Ποῦ
1110 1302 1298 1339 δραπετεύεις,
1311 1302 1443 1336 ἀλλόφυλε
1456 1312 1464 1336 ;
1488 1302 1530 1337 Πῆ
1543 1302 1650 1338 τρέχεις

1041 1351 1115 1377 Ἀνω
1133 1351 1200 1382 Θεός
1221 1359 1251 1377 σε
1265 1351 1327 1382 ταῖς
1347 1349 1479 1385 χαλάζαις
1496 1349 1627 1382 κτιννύει,

1038 1396 1123 1424 Κάτω
1137 1396 1287 1431 μαχαίραις
1313 1395 1420 1430 Ἰσραὴλ
1433 1395 1525 1421 δλλυσί
1536 1403 1565 1422 σε
1575 1402 1582 1409 ⁴

1039 1442 1137 1476 Μάτην
1154 1441 1333 1476 προφεύγεις,
1350 1442 1381 1467 οὐ
1401 1441 1541 1477 παρέλθῃς
1561 1441 1607 1468 τὸν
1627 1442 1717 1476 φόνον.

1000 1505 1022 1536 c
1038 1520 1073 1548 In
1099 1520 1189 1548 urbem
1211 1520 1266 1548 Hui
1289 1507 1418 1549 vastatam
1439 1521 1554 1562 ignibus,
1576 1523 1656 1558 deque
1673 1525 1739 1559 regis
1768 1525 1828 1560 ejus

1350 1565 1527 1591 suspensione.

1071 1612 1120 1641 Hai
1149 1613 1245 1641 civitas
1271 1613 1398 1642 incendio
1425 1614 1575 1648 devastata,
1596 1615 1756 1652 lacrymare,
1775 1618 1823 1644 sed

1036 1666 1124 1694 neque
1139 1660 1197 1693 tibi,
1210 1664 1289 1694 prout
1306 1665 1518 1687 consentaneum
1535 1665 1588 1693 est.
1607 1662 1729 1696 plorandi
1742 1662 1827 1690 facul-

1037 1708 1079 1732 tas
1093 1705 1183 1737 datur,
1214 1712 1276 1732 cum
1295 1705 1436 1740 palpebras
1455 1710 1514 1734 luas
1531 1706 1600 1741 ignis
1626 1707 1781 1740 arefecerit,
1797 1712 1825 1736 «ι

1037 1758 1145 1779 omnem
1174 1751 1355 1787 lacrymarum
1370 1752 1511 1780 humorem
1528 1753 1669 1780 dedoctum
1686 1754 1822 1782 exhause-

1038 1796 1085 1824 rit.

1395 1844 1428 1872 In
1445 1845 1524 1872 idem.

1072 1888 1171 1924 Ecquis
1187 1897 1220 1917 ex
1237 1890 1380 1918 decussato
1390 1892 1481 1919 crucis
1493 1891 1564 1926 ligno
1575 1893 1687 1927 pensilis
1702 1898 1823 1928 apparet.

1039 1934 1233 1968 infortunatus,
1250 1936 1328 1971 cujus
1347 1936 1417 1964 oculi
1435 1944 1483 1971 per
1499 1937 1553 1964 vim
1582 1942 1646 1965 sunt
1670 1938 1740 1965 eruti
1758 1939 1826 1966 title

1039 1980 1096 2015 ipse
1121 1988 1167 2008 rex
1201 1980 1250 2008 Hai
1274 1983 1416 2017 superbus,
1444 1990 1569 2018 magnam
1589 1984 1697 2011 ludibrii
1715 1985 1824 2011 multam

1040 2025 1100 2060 luit,
1126 2026 1190 2054 dum
1207 2028 1346 2062 spiritibus
1360 2028 1477 2056 occlusis
1495 2034 1606 2057 tnortem
1622 2036 1730 2057 aeream
1754 2031 1824 2065 pati-

1039 2076 1094 2100 tur.

1116 2117 1150 2145 In
1159 2118 1240 2146 solem
1253 2119 1443 2147 contestatione
1454 2119 1536 2147 Iosue
1557 2121 1755 2148 consistentem.

1077 2164 1099 2192 Ο
1117 2165 1167 2198 sol,
1186 2173 1256 2193 nunc
1271 2171 1296 2193 te
1315 2164 1398 2193 Josue
1426 2171 1580 2194 currentem
1597 2167 1679 2199 sistit,
1706 2168 1824 2202 quinque

1042 2211 1149 2246 regibus
1163 2211 1189 2238 in
1205 2211 1316 2239 Gabaon
1333 2212 1442 2240 civitate
1463 2212 1611 2247 proﬂigatis
1625 2222 1632 2246 ;
1646 2213 1692 2240 sed
1703 2212 1825 2241 Christus

1041 2254 1120 2283 Jesus
1142 2256 1255 2290 caligine
1279 2261 1304 2283 te
1338 2257 1464 2290 obducet,
1486 2257 1657 2284 tenebrarum
1674 2257 1820 2293 principem

1041 2302 1130 2329 crucis
1147 2301 1243 2329 vexillo
1258 2300 1409 2336 rogaturus.

1377 2356 1411 2384 In
1432 2357 1513 2385 idem.

1077 2403 1243 2439 lrrequietus
1257 2403 1322 2432 solis
1347 2408 1435 2431 motus
1462 2411 1534 2430 nunc
1547 2403 1735 2439 interquiescit
1757 2405 1824 2439 apud

1040 2448 1168 2478 Gabaou:
1187 2456 1334 2484 generosus
1363 2449 1461 2484 quippe
1477 2448 1560 2476 Josue
1581 2449 1605 2475 el
1633 2450 1799 2484 praescripsit
1816 2458 1823 2482 ;

1038 2496 1146 2523 venturi
1163 2495 1255 2530 procul
1268 2495 1351 2523 dubio
1366 2495 1464 2522 Christi
1481 2495 1579 2530 ﬁgura,
1596 2495 1642 2530 qni
1657 2496 1691 2523 de
1705 2496 1749 2524 die
1764 2496 1827 2524 solis

1037 2543 1117 2578 jubar
1130 2543 1157 2570 in
1172 2542 1297 2570 tenebras
1315 2541 1479 2570 immutabit.

1039 2599 1073 2627 In
1091 2599 1272 2627 lebusaeorum
1300 2598 1513 2634 internecionem,
1526 2606 1592 2633 quos
1615 2598 1717 2634 inferne
1731 2599 1826 2633 gladiis

1115 2634 1208 2667 λοιπε,
1221 2642 1329 2668 superne
1346 2634 1416 2660 Dem
1429 2633 1602 2668 grandinibus
1618 2633 1745 2661 «necauit.

1073 2691 1195 2724 Quonam
1208 2695 1233 2717 te
1243 2690 1372 2725 proripis,
1388 2691 1547 2726 alienigena,
1558 2698 1611 2725 quo
1624 2689 1730 2718 curris?
1739 2690 1761 2717 Α
1776 2690 1827 2718 Deo

1037 2744 1153 2772 superne
1172 2736 1347 2772 grandinibus
1360 2737 1527 2771 impetitum,
1544 2737 1658 2771 populus
1684 2736 1769 2764 Israel
1786 2736 1826 2764 in-

1037 2782 1113 2810 ferne
1131 2787 1157 2810 te
1172 2783 1256 2811 armis
1270 2782 1394 2811 devastat
1409 2790 1417 2816 ;
1441 2790 1585 2818 perperam
1609 2782 1694 2818 fugis,
1720 2782 1825 2811 cladem

1038 2837 1090 2858 DOIl
1104 2836 1243 2858 evasurus.
