1936 3086
174 134 242 165 i183

464 188 514 220 Εἰς
528 186 561 214 τὸ
580 186 662 213 αὑτό.

175 237 305 271 Σιαγόσιος
323 235 382 262 ποτ’
402 234 472 261 ovato
488 234 608 269 ὲφήψαο,
621 232 720 267 ἇλκιμε
734 230 865 265 Σαμψὼν,

180 285 224 310 Ἑν
245 283 267 310 δ’
285 282 387 317 ἀνέρας
417 280 547 315 ὲνάριξας
575 279 735 314 ἁπείρονας,
754 277 869 312 ὕστερον
897 275 964 303 αὖτε

176 330 260 362 Δεψης
278 327 417 364 ἀργαλέης
432 326 609 353 κατεπαύσαο
622 325 704 359 ἄχθος
718 324 835 351 ἄλαστον
847 330 854 337 ’

176 377 243 402 "Has
259 374 313 409 γὰρ
335 373 444 408 ἱμερόεν
458 381 498 398 τοι
518 371 658 398 ἀπέκλυσε
674 371 749 405 νᾶμα
762 369 874 404 σιαγών.

176 434 224 464 Eu;
238 432 369 467 Σαμψὼν
383 431 437 464 τὰς
453 430 509 464 τῆς
522 429 616 462 Γάζης
634 429 734 467 mihi;
745 428 793 455 ἐπὶ
809 426 868 467 τῷν
880 427 966 467 ὼμωις

212 463 373 502 ἀράρὶεὶεον,
402 467 453 493 καὶ
483 463 528 499 εὶς
554 464 673 498 Χείφὼν
704 463 906 497 ἀνενεγκόν-τα
932 463 966 488 τὸ

213 503 292 537 ὅρος.

177 547 212 576 Ὦ
223 547 338 583 φρικτδς
350 544 435 582 ὦμος,
449 547 477 578 ὃς
491 545 578 576 πύλας
591 544 680 578 Γάζης
697 544 771 575 ὅλας,

179 595 288 630 Μοχλοῦ
305 593 364 629 μετ’
380 592 474 625 αὑτοῦ,
488 593 535 619 καὶ
554 591 627 617 δυοῖν
643 590 825 625 παραστάδων

178 639 272 673 Φὲρων
285 637 344 665 ἀνέὶ
351 646 410 669 κεις
427 637 466 668 είς
485 636 600 671 Χεϐρὼν
613 635 693 670 ὄρους
706 635 787 669 λόφον
800 643 808 651 ⁸

180 684 215 711 Σὺ
227 684 298 719 τάχα
314 684 361 710 καὶ
374 683 426 718 γῆν
442 684 531 709 πᾶσαν
540 682 737 715 ὲξεὸἁστασας.

473 730 524 761 Εἰς
541 728 573 755 τὸ
589 729 674 755 αὐτό.

180 775 271 807 Γάζαν
289 775 342 801 ὕπὸ
361 774 522 809 πτολίεθρον
539 775 638 810 ἑταίρη
654 775 767 808 μίσγετο
785 774 916 809 Σαμψὼν,

180 821 227 856 Τῷ
245 821 273 847 δὲ
289 821 378 853 πύλας
401 822 530 853 πτύξαντ’
546 821 683 856 ἀραρυίας
697 820 858 855 ἐνναετῆρες
875 828 881 834 ·

182 868 252 899 Τοὺς
269 867 290 893 δ’
302 867 338 899 ὼς
352 867 399 893 οὖν
414 868 509 902 ἐνόησε
523 867 611 902 μέσην
623 866 694 893 κατὰ
708 866 792 892 νύκτα
811 866 934 901 βαθεῖαν,

183 911 276 949 Ἦρκε
293 912 483 947 κατωμαδίους
494 912 645 943 πυλεῶνας,
660 909 725 939 ἆλτο
741 912 764 939 δ’
775 911 891 938 ἐκεῖθεν.

183 959 235 991 Είς
247 957 305 991 τὴν
322 957 441 991 πρώτην
459 957 627 990 ἀπόπειραν
640 957 767 989 Δαλιδιὶς
783 956 823 990 ἣν
837 955 974 990 ἐπειρᾶτο

217 993 271 1020 τοῦ
284 993 427 1027 Σαμψὼν,
446 993 510 1019 καθ’
526 992 566 1025 ἢν
577 994 613 1018 οὺ
631 992 817 1026 περιεγένετο
832 992 925 1019 αὑτοῦ

189 1041 235 1073 Ὠς
254 1041 384 1075 κρεῖσσον
400 1040 440 1071 εἰς
454 1039 509 1075 πῦρ
524 1040 655 1074 ἐμπεσεῖν
669 1039 699 1065 τὸ
716 1039 880 1074 παμφάγον,

192 1087 237 1118 Ὠς
253 1087 380 1122 κρεῖσσον
397 1087 436 1117 εἰς
447 1086 586 1112 θάλασσαν
600 1085 641 1116 εἰς
658 1085 741 1120 ”ᾼ“ου
759 1085 857 1120 στόμα,

186 1133 223 1160 Ἥ
238 1133 264 1168 γ’
281 1133 322 1165 είς
335 1132 466 1167 γυναικὸς
480 1133 612 1166 ἐμπεσεῖν
626 1132 764 1167 μυσαρίαν
777 1140 784 1147 ο

193 1180 225 1206 Ἦ
243 1179 344 1206 Δαλιδᾱ
357 1187 388 1205 σε
402 1177 489 1205 ταῦτα
500 1179 629 1210 πειθέτω,
648 1178 718 1210 ξένε.

342 1224 346 1228 “
407 1233 412 1239 ’
481 1224 533 1256 Εἰς
549 1223 582 1250 τὸ
600 1224 683 1250 αὐτό.

185 1269 283 1302 Time,
302 1269 394 1304 γύναι,
414 1269 566 1304 κακότεχν¹,
578 1269 655 1301 ὀλοὸν
668 1269 756 1303 γένος,
768 1256 869 1305 αἰσχρὰ
879 1271 982 1298 Δαλιδὰ“

193 1315 305 1349 Ἀνδρὸς
320 1315 365 1342 ὲοῦ
381 1315 552 1350 πειρητίςεις
567 1315 754 1350 διαγνώμεναι
768 1316 875 1352 ἀλκήνς

188 1363 280 1396 Ὀφρα
297 1369 346 1388 κεν
358 1360 532 1395 ἁλλοφύλοισι
552 1361 638 1397 φάγῃς
656 1361 777 1398 κρυφίας
797 1362 841 1389 διὰ
861 1363 977 1397 βουλάς·

192 1407 237 1439 Ὠς
262 1407 317 1442 ἄρα
332 1407 425 1442 πάγχυ
441 1407 523 1441 γύναι
537 1407 720 1443 φιλομόζυγος
738 1408 819 1435 ἔπλεο
830 1408 951 1444 δάμαρί,

207 1453 218 1467 Ο

519 1486 550 1514 In
567 1487 645 1514 idem.

776 125 972 157 THEODORI
998 124 1199 156 PRODROMI

1734 117 1824 151 1114

976 183 1000 211 Α
1011 181 1062 214 Είς
1080 180 1138 215 τὴν
1156 179 1299 213 δευτέραν
1311 179 1487 211 ἀπόπειραν,
1509 177 1573 204 καθ’
1582 174 1621 210 ἣν
1636 175 1708 204 οὐδὲ
1717 173 1825 210 αὖθις

1311 215 1510 249 περιεγένετο.

1021 262 1066 294 Ὦς
1079 263 1206 297 κρεῖσσον
1226 262 1337 297 ἄρκτοις
1358 260 1493 296 συμϐιοῦν
1511 261 1572 292 ταῖς
1588 259 1711 294 ἀγρίαις,

1017 309 1072 336 Καὶ
1084 309 1225 335 συλλαλεῖν
1241 308 1384 344 δράκουσι,
1401 307 1448 333 καὶ
1469 307 1554 342 συζῇν
1569 306 1672 339 λύκοις,

1017 356 1071 382 Καὶ
1087 355 1281 389 συγκατοικεῖν
1296 353 1438 389 σκορπίοις
1453 352 1614 387 ἀνημέροις,

1018 401 1053 428 Ἣ
1068 399 1085 435 1'
1099 400 1165 435 γοῦν
1178 400 1303 435 γυναιξί·
1316 399 1366 435 τὴν
1378 398 1496 426 Δαλιδάν
1513 407 1558 433 μοι
1577 398 1668 433 βλέπε.

1310 448 1363 479 Είς
1376 446 1409 473 τὸ
1423 446 1509 473 αὐτό.

1019 493 1165 529 λονριδίης
1177 493 1274 528 ἀλόχου
1290 492 1439 528 ἐπεϐήσαο,
1457 492 1556 527 ἇλκιμε
1570 491 1701 526 Σαμψὼν,

1017 537 1072 570 Ἦς
1086 539 1182 573 ὄφελες
1199 539 1299 574 λεχέων
1309 538 1363 566 ειπο
1377 538 1470 573 τηλόθι
1485 538 1587 572 λέκτρα
1604 537 1734 573 βαλέσθαι
1746 545 1756 554 ’

1019 582 1074 611 Ἦν
1088 585 1143 621 γὰρ
1165 585 1198 612 ἂν
1213 586 1245 611 ἐκ
1263 594 1291 612 σε
1311 584 1395 620 φίλων
1419 584 1564 620 βλεφάρων
1585 585 1648 611 ὅσον
1672 583 1753 610 ὅσσον
1781 582 1822 610 ό·-

1662 629 1781 665 [μέρει-ει

1022 678 1176 713 Μειλιχίοις
1188 678 1310 710 ἐπέεσσι,
1329 677 1388 704 νόον
1401 676 1455 704 ἀπὸ
1471 675 1593 712 κρυπτὸν
1607 674 1720 702 ἑλοῦσα.

1125 736 1177 768 El;
1188 730 1247 769 tipp-
1262 735 1376 769 τρίτην,
1392 733 1457 761 καθ’
1470 732 1510 767 ’ἣν
1523 732 1595 760 οὐδὲ
1606 730 1703 765 αὖθις.

1021 780 1072 807 Τὸν
1084 781 1206 807 Σατανᾶν
1223 779 1300 815 σχοίη
1317 789 1360 811 τις
1374 781 1414 811 είς
1430 778 1584 810 συνοικίαν,

1022 827 1128 861 Τελχῖνι
1146 826 1237 861 πικρῷ
1254 825 1405 860 συνδιάξων
1420 826 1465 852 τὸν
1481 825 1538 860 βίον

1025 873 1070 907 Μὴ
1085 871 1150 906 γοῦν
1162 872 1283 906 γυναικὶ,
1301 873 1348 899 καὶ
1364 871 1475 906 γυναικῖ
1493 869 1612 905 μαχλάδι
1624 877 1632 885 ·

1030 917 1062 943 'H
1077 916 1176 943 Δαλιδόι
1195 925 1240 952 μοι
1258 917 1364 952 μάρτυς
1378 916 1437 943 ἐστὶ
1451 915 1500 943 τοῦ
1512 916 1602 950 λόγου.

1321 974 1372 1007 Εἰς
1382 973 1416 1000 τὸ
1429 974 1515 1000 αὐτό.

1026 1020 1084 1047 Νῦν
1096 1020 1223 1054 τρίτατον
1241 1020 1296 1052 σέο,
1311 1019 1443 1054 Σαμψὼν,
1457 1018 1556 1046 Δαλιδὰ
1568 1019 1732 1056 πειρητίξει,

1027 1066 1076 1092 Σὸν
1089 1066 1189 1101 κράτος
1202 1065 1385 1100 ἀμφαφόωσα.
1405 1065 1491 1092 Πόθεν
1511 1065 1533 1092 δ’
1556 1066 1609 1101 ἄρα
1622 1074 1629 1099 ;
1642 1065 1713 1101 ὖφρα
1724 1065 1822 1100 δαείη,

1028 1113 1099 1147 Εἵπῃ
1112 1112 1134 1138 δ’
1149 1112 1310 1146 ἀλλοφύλοις
1324 1120 1331 1127 ·
1353 1112 1385 1138 σὺ
1398 1111 1426 1138 δέ
1438 1111 1465 1138 oi
1480 1112 1620 1145 ἀπατήλια
1636 1111 1742 1146 βάζεις,

1027 1157 1064 1184 Εὖ
1081 1157 1201 1193 φρονέων
1217 1157 1281 1193 ἄχρι
1298 1157 1357 1189 τοῦ,
1372 1157 1491 1193 τετάρτη
1506 1157 1535 1184 δέ
1552 1166 1582 1185 σε
1598 1159 1680 1192 πεῖρα
1694 1157 1819 1185 ὀλέσσει.

1159 1216 1210 1248 Είς
1223 1215 1281 1249 τὴν
1295 1215 1453 1249 τύφλωσιν
1468 1214 1522 1242 τοῦ
1538 1214 1680 1249 Σαμψὼν.

1030 1262 1062 1290 Τί
1076 1262 1131 1298 γὰρ
1149 1261 1236 1297 μιαρὰ
1257 1261 1357 1288 Δαλιδὰ
1373 1261 1442 1296 πρὸς
1457 1261 1520 1288 νοῦν
1541 1261 1690 1296 στρέφειςς

1003 1318 1007 1324 ·
1028 1309 1174 1344 τυφλοῦσα
1191 1307 1326 1344 Σαμψὼν,
1341 1306 1386 1343 ἆρ’
1397 1308 1517 1343 ἐραστὴν
1530 1308 1627 1344 βελτίω

1029 1354 1123 1386 Δοκεῐς
1134 1354 1281 1390 ὲφευρεῖν;
1295 1354 1346 1380 ποῦ
1355 1353 1378 1380 δ’
1395 1353 1428 1380 ἂν
1447 1352 1542 1389 εὕρῃς,
1560 1354 1608 1380 καὶ
1618 1353 1680 1380 τινα
1692 1361 1700 1386 ;

1032 1399 1140 1429 Ὄντως
1156 1399 1226 1436 γυνὴ
1245 1399 1277 1426 σὺ
1293 1399 1388 1435 χρῆμα
1405 1399 1614 1434 μυσαρώτατον.

1030 1481 1187 1509 renunties?
1199 1482 1311 1510 omnino
1319 1480 1441 1516 conjugis
1458 1487 1553 1508 amans
1571 1479 1668 1507 mulier
1682 1479 1757 1507 l‘uisti
1767 1479 1821 1507 sci-

238 1533 315 1561 Asini
346 1533 485 1560 maxillam
513 1533 658 1567 aliquando
688 1532 839 1568 arripuisti,
865 1527 1010 1561 strenueC
1031 1527 1110 1554 "€61!

189 1579 316 1613 Samson,
329 1579 582 1607 numerosissimam
603 1584 734 1613 praeterea
758 1580 896 1608 hominum
923 1580 978 1607 vim

188 1625 243 1652 vita
260 1625 381 1660 spoliosti
396 1634 403 1659 ;
418 1624 532 1652 subinde
547 1624 665 1651 molesta:
680 1625 738 1652 sitis
758 1625 978 1652 ardentissimum

191 1671 341 1698 restinxisti
358 1671 476 1698 laborem
488 1680 496 1704 ;
510 1671 566 1698 haec
581 1671 680 1706 quippe
701 1670 853 1698 mandibula
868 1671 895 1698 in
910 1678 979 1698 sua-

191 1725 238 1746 ves
258 1717 305 1745 tibi
318 1718 411 1745 latices
429 1717 580 1745 inundavit.

191 1773 224 1800 In
238 1772 391 1800 Samsonem
410 1771 490 1799 Gazw
503 1777 592 1806 portas
604 1777 746 1807 gestantem
761 1773 885 1805 humeris,
910 1777 933 1799 et
945 1774 981 1800 ad

227 1809 347 1836 vertit-em
368 1809 475 1841 montis,
503 1808 549 1842 qui
565 1808 670 1841 respicit
697 1807 815 1840 Hebro",
834 1808 981 1842 importan-

227 1849 285 1870 tem.

230 1900 253 1927 0
267 1901 299 1927 ad
322 1904 459 1934 stuporem
476 1906 560 1933 usque
579 1899 759 1927 formidabilis
773 1900 912 1932 humerus,
935 1900 982 1934 qui

192 1946 310 1980 integras
318 1943 396 1972 Gaza:
403 1948 495 1978 portas
505 1951 557 1971 una
570 1951 631 1971 cum
640 1944 707 1979 ipsis
720 1945 851 1978 vectibus,
861 1949 888 1972 et
899 1946 981 1978 gemi-

193 1991 235 2017 nis
252 1990 464 2025 antepagmeutis
475 1997 584 2017 sursum
597 1995 696 2017 tractas
713 1990 739 2016 in
763 1991 866 2025 apicem
884 1992 983 2020 ntontis

193 2037 301 2064 llebron
337 2035 458 2070 bajulas;
490 2041 517 2062 tu
531 2035 600 2063 forte
615 2036 801 2064 succollatoris
812 2044 887 2065 more
899 2042 982 2065 totam

194 2087 293 2110 terram
311 2081 445 2109 sustinere
474 2088 578 2116 posses.

549 2138 580 2166 In
594 2139 673 2166 idem.

1031 1573 1063 1601 In
1080 1573 1224 1601 secundum
1239 1574 1457 1608 experimentum,
1484 1580 1534 1607 qua
1552 1580 1584 1600 ne
1600 1572 1704 1608 quidem
1715 1572 1824 1600 ’τίει-ειη

1223 1609 1380 1643 expugnavit
1402 1607 1570 1635 Samsonem.

1066 1655 1087 1681 0
1104 1661 1184 1689 quam
1205 1653 1397 1682 ferocientibus
1423 1653 1494 1681 ursis
1509 1660 1654 1681 convtt'ere
1681 1653 1823 1688 praestabi-

1031 1700 1083 1727 lius
1097 1704 1148 1732 est.
1162 1700 1317 1728 conversari
1340 1707 1403 1726 cum
1431 1699 1606 1732 draconibus,
1628 1705 1730 1727 etcum
1750 1700 1818 1734 lupis

1032 1746 1244 1778 communicare,
1260 1753 1376 1780 cumque
1396 1746 1585 1774 immansuctis
1608 1745 1733 1773 habitare
1743 1754 1819 1774 scor-

1032 1792 1158 1827 pionibus
1182 1799 1263 1825 quam
1292 1799 1354 1819 cum
1379 1791 1513 1824 feminis;
1534 1793 1560 1819 in
1582 1791 1696 1820 Dalilam
1724 1793 1821 1820 mentis

1033 1837 1125 1865 oculos
1140 1837 1237 1872 adjice.

1367 1884 1400 1910 In
1414 1884 1494 1911 idem.

1068 1928 1188 1956 Puellam
1204 1929 1230 1956 in
1248 1936 1358 1957 uxorem
1370 1930 1481 1963 duxisti,
1494 1931 1663 1965 magnanime
1694 1929 1820 1964 Samson,

1036 1975 1117 2010 cujus
1147 1975 1256 2002 thalami
1284 1980 1399 2003 stratum
1419 1976 1512 2011 procul
1529 1976 1636 2004 amoliri
1665 1976 1820 2004 debueras:

1034 2020 1155 2055 profecto
1175 2026 1201 2048 te
1213 2021 1267 2048 tuis
1282 2021 1368 2049 oculis
1387 2021 1549 2057 quantocius
1567 2021 1676 2050 orbabit
1691 2022 1818 2050 suavibus

1037 2066 1183 2099 illecebris,
1210 2074 1273 2094 cum
1302 2074 1430 2095 arcanam
1455 2067 1502 2095 tibi
1527 2074 1643 2096 mentem
1671 2068 1822 2096 abstulerit.

1041 2122 1069 2150 ἠ
1083 2124 1189 2151 tertium
1205 2124 1421 2165 experimentttm,
1437 2133 1488 2158 quo
1499 2133 1530 2152 ne
1546 2133 1652 2152 rursum
1663 2125 1768 2161 quidem
1778 2133 1823 2160 po-

1364 2163 1412 2186 tt'ta
1425 2163 1475 2187 est.

230 2193 307 2228 Apud
322 2193 401 2221 Gala:
429 2193 566 2220 civitatem
593 2193 914 2229 meretrici‘conjunctus
944 2202 975 2222 es

1077 2205 1105 2232 In
1126 2206 1332 2233 contubernium
1360 2206 1421 2240 quis
1437 2207 1563 2234 admittat
1588 2207 1729 2238 Satanam.
1743 2208 1820 2235 vitam

197 2239 323 2272 Samson,
337 2240 381 2266 cui
395 2244 551 2275 compactos
563 2239 737 2267 occluserunt
756 2241 827 2268 t'orcs
842 2240 980 2275 oppidani.

196 2287 270 2320 Quos
284 2287 364 2321 igitur
386 2290 415 2312 ut
431 2286 561 2314 concubia
579 2290 658 2313 nocte
673 2287 817 2319 persensit,
836 2285 984 2320 pendentes

195 2333 229 2359 ab
249 2332 360 2359 humero
376 2336 474 2366 portas,
490 2331 561 2364 tulit,
577 2336 603 2359 et
620 2332 681 2359 inde
697 2332 807 2359 exsiliit.

196 2388 230 2415 In
248 2388 359 2415 primum
378 2387 472 2415 Dalila:
487 2389 701 2422 experimentum,
723 2397 773 2423 quo
787 2393 885 2417 tentato
908 2389 986 2417 Sum-

433 2431 495 2450 sone
512 2431 563 2450 non
586 2428 624 2450 est
642 2425 736 2458 potita.

231 2481 344 2515 anam
362 2481 388 2508 in
412 2489 524 2509 voraces
539 2481 659 2509 incidere
686 2482 808 2510 ﬂammas
834 2483 983 2518 optabilius

195 2533 255 2561 est;
274 2535 355 2562 quam
372 2527 467 2555 melius
484 2529 509 2555 in
523 2535 608 2560 mare,
620 2529 645 2554 in
667 2528 814 2556 infcrorum
843 2529 985 2564 voragines

196 2575 376 2609 illabi,~quam
403 2574 429 2601 in
445 2574 655 2602 abominandam
673 2573 815 2601 mulierum
833 2574 983 2602 locditatem

197 2625 335 2652 incurrch
349 2629 357 2648 :
373 2629 389 2649 ο
406 2621 514 2656 hospes,
533 2622 559 2648 in
576 2621 647 2649 lianc
671 2626 697 2648 te
712 2621 876 2649 sententiam
892 2620 978 2648 addu-

197 2673 240 2694 cat
256 2667 352 2695 Dalilo.

553 2720 585 2748 In
600 2722 678 2749 idem.

237 2767 372 2799 Quorsum
396 2772 505 2794 versuta
525 2768 631 2800 mulier,
660 2767 862 2801 dispendiosum
890 2775 987 2802 genus,

202 2814 346 2842 inhonesta
364 2812 459 2845 Dalila,
474 2813 512 2840 tni
525 2813 612 2840 mariti
629 2814 700 2841 vires
726 2814 910 2841 internoscere
932 2821 990 2841 mo-

204 2860 275 2894 tiris,
294 2867 348 2895 quo
377 2864 498 2893 externis
512 2861 660 2891 secundum
688 2859 850 2889 clancularla
877 2860 989 2890 consilia

1036 2259 1098 2279 cum
1113 2252 1305 2279 molestissimo
1320 2251 1466 2287 impostore
1481 2253 1674 2286 traducturus;
1691 2253 1739 2280 sed
1757 2261 1820 2281 nun-

1037 2305 1120 2333 quam
1144 2305 1206 2325 cum
1237 2297 1348 2325 muliere
1373 2303 1542 2331 consuescat,
1562 2305 1648 2333 eaque
1673 2299 1820 2327 meretrice.

1041 2343 1126 2371 Dalila
1149 2343 1225 2371 testis
1246 2347 1289 2370 est
1307 2342 1386 2377 hujus
1398 2342 1470 2370 cll‘ati
1483 2343 1708 2371 luculentissima.
1832 2349 1837 2393 γ

1367 2388 1402 2416 In
1417 2389 1497 2416 idem.

1075 2435 1151 2463 Nunc
1182 2435 1263 2462 tertio
1289 2440 1314 2462 te
1342 2435 1530 2469 experimento
1557 2435 1681 2463 adoritur
1698 2435 1792 2471 Dalila,
1808 2444 1823 2465 ο

1038 2481 1163 2514 Samson,
1181 2487 1293 2515 tuasque
1309 2485 1445 2514 pertentat
1458 2481 1681 2515 t‘ires.Qnorsum
1695 2482 1776 2509 vero?
1788 2483 1822 2510 uti

1037 2527 1146 2559 resciat,
1169 2533 1202 2553 ac
1220 2527 1356 2553 renuntiet
1371 2528 1519 2560 extraneis,
1535 2532 1563 2555 tn
1579 2535 1643 2555 vero
1661 2528 1772 2556 subdola
1793 2529 1815 2555 ei

1038 2572 1118 2599 verba
1130 2572 1342 2599 comminisceris
1353 2572 1360 2599 !
1373 2573 1502 2600 hactenus
1515 2573 1644 2608 sapuisti;
1657 2574 1704 2601 sed
1718 2574 1820 2602 tertium

1039 2618 1189 2653 periculum
1205 2618 1352 2653 perniciem
1371 2618 1418 2646 tibi
1435 2619 1599 2647 consciscct.

1234 2675 1272 2703 De
1286 2675 1424 2704 Samsonis
1449 2678 1631 2705 occwcatione.

1076 2723 1145 2755 Quid
1158 2722 1230 2749 enim
1250 2723 1318 2757 apud
1334 2723 1454 2750 animum
1475 2724 1574 2757 volvis,
1591 2724 1696 2758 impura
1721 2723 1820 2750 Dalilat

1040 2769 1126 2797 oculis
1136 2768 1232 2796 orbato
1251 2769 1390 2802 Samsone,
1411 2770 1544 2797 amasium
1568 2769 1707 2798 meliorem
1735 2770 1819 2797 inven-

1043 2820 1128 2843 turam
1145 2815 1247 2850 putas?
1262 2815 1305 2843 ubi
1323 2823 1401 2850 quem
1417 2817 1504 2851 possis
1517 2815 1671 2844 oﬂendere?
1689 2823 1706 2846 ο
1722 2816 1818 2848 mulier,

1042 2860 1152 2890 omnino
1164 2868 1207 2904 res
1221 2868 1251 2890 cs
1269 2862 1341 2891 omni
1353 2862 1547 2898 imprecatione
1562 2862 1651 2899 digna.
