1936 3086
195 200 252 226 Καὶ
266 199 313 226 σὺν
327 197 387 232 Θεῷ
407 196 470 228 τοὺς
484 195 589 227 πάντας
603 195 642 226 εἰς
660 193 749 230 φυγὴν
762 194 870 229 τρέπει.

197 247 228 273 Εἰ
243 245 289 273 καὶ
303 244 406 279 θανατᾷ
424 242 554 278 βρώσεως
571 242 673 277 μικρᾶς
688 241 778 276 χάριν.

483 289 533 320 Εις
559 287 592 314 τὸ
621 287 705 314 αὑτό.

199 339 247 368 Ὃς
267 335 345 371 μόνος
361 332 552 368 ἀλλοφύλοισιν
566 333 701 359 ἐπέσσυτο
717 331 785 366 ἠΰτε
799 339 840 363 τις
852 330 916 366 θὴρ,

197 383 254 410 Νῦν
270 382 364 418 μέλεος
385 381 521 412 θανάτοιο,
543 379 682 411 Ἰωνάθαν,
703 376 793 409 ἀντίος
808 377 882 412 ἥκει,

197 429 292 456 Oiivex‘
309 427 353 454 ἐπ’
371 427 494 462 ἁσιτίῃφι
509 425 596 460 φάγεν
615 424 687 459 μέλι.
705 424 737 450 Ὢ
751 422 812 458 μέλι
827 421 938 465 πικρόνι

197 476 265 502 Οὐδὲ
280 475 371 510 πατήρ
385 474 410 500 οἱ
423 473 519 509 ἀρηξε,
537 472 646 506 πρόπας
662 470 689 497 δέ
706 471 719 497 ἑ
734 469 834 496 λύσατο
851 467 924 500 λαός.

197 524 249 555 Εἰς
265 521 323 554 τὴν
339 519 466 554 σφαγὴν
482 516 649 555 “Tunger,
669 514 806 555 dwOérru
829 513 869 545 τῷ
884 513 986 555 Σαο-ὺλ

230 550 312 591 αἱαρᾶ
337 550 395 589 τῆν
410 550 416 554 ”
437 550 525 581 bsiar'
545 552 690 579 κέλευε-ιν
707 571 714 585 ,
740 550 898 578 ἀπέκτεινε
928 550 987 575 Σα-

229 591 344 626 μουήλ.

196 639 256 665 Κᾶν
272 636 318 665 τοῦ
331 636 418 663 Σαοὺλ
432 635 482 666 τὰς
494 634 587 669 χεῖρας
603 632 735 668 ἀπέδρας,
753 631 854 666 Ι’Δγαγ,

200 685 230 710 '0
245 682 406 717 παμμίαρος
429 680 616 715 Ἀμαληκίτης
633 679 710 713 ἄναξ,

202 729 272 757 Ἀλλ’
286 730 316 756 οὒ
332 728 460 764 Σαμουὴλ
473 727 493 763 1·
508 727 557 762 τὴν
575 725 714 762 μάχαιραν
725 725 745 760 ’ἷ-
755 723 891 759 ἐκφύγῃς.

196 778 251 813 Τὴν
267 775 382 812 πικρίαν
394 775 423 802 δὲ
438 774 488 809 τῆς
506 774 590 808 θανῆς
606 772 732 804 κτανθεὶς
750 771 850 806 μάθῃς.

477 821 526 852 Εἰς
553 819 587 846 τύ
615 819 701 846 αὐτό.

196 870 281 898 Time
297 867 384 895 Σαοὺλ
399 866 528 903 μεγάλοιο
546 865 613 892 Θεοῦ
629 865 759 897 ἀπέωσας
774 864 914 900 ἐφετμάς;

202 917 247 944 Ἐν
262 916 283 942 δ’
300 916 390 949 Ἀγαγ
410 913 565 946 ὲξεσάωσας
585 912 771 947 Ἀμαληκίτην
789 910 916 945 βασιλῆα,

195 963 257 990 Οὐδ’
273 960 548 996 ἀπεδειροτόμησαςς
567 958 651 994 Ἀτὰρ
663 959 708 985 σέο
725 958 916 993 δειροτομήσει

195 1007 344 1043 Κοιρανίην
356 1007 459 1042 Κύριος
474 1015 480 1022 ·
498 1006 590 1040 Ἀγαγ
603 1005 625 1032 δ’
635 1005 737 1031 ὀλέσειε
750 1003 888 1038 Σαμουήλ.

195 1067 247 1099 Εις
255 1065 344 1092 Δαϐὶδ
349 1066 447 1100 μόνον
454 1063 515 1090 τῶν
528 1063 668 1098 ἀδελφῶν
682 1063 776 1090 αὑτοῦ
789 1060 987 1096 προκριθέντα

466 1101 510 1133 εἰς
528 1100 703 1131 βασιλείαν.

193 1147 273 1183 Χρίει
291 1146 419 1182 Σαμουὴλ
434 1146 479 1173 τὸν
494 1145 575 1173 Δαὸὶδ
596 1145 720 1180 βασιλέα,

195 1193 247 1220 Καὶ
267 1193 380 1227 Πνεῦμα
392 1192 431 1227 τῷ
447 1192 587 1227 χρισθέντι
607 1191 705 1218 σεπτὴν
721 1189 880 1225 προσπνέει,

195 1240 283 1266 Σαοὺλ
301 1239 422 1266 ἀποστὰν
442 1237 462 1274 -ί-
476 1237 524 1264 τοῦ
545 1236 788 1272 κεκατηραμένου·

195 1286 281 1313 Αὑτὸν
295 1285 323 1311 δὲ
341 1284 442 1320 μᾶλλον
461 1284 561 1318 μιαρὸν
580 1283 690 1317 πνεῦμα
708 1281 810 1316 πνίγει.

477 1330 530 1361 ΕΙς
554 1329 587 1356 τὸ
614 1330 699 1356 αὐτό.

194 1378 232 1405 Οὐ
249 1377 363 1413 μέγεθός
375 1385 416 1409 τε,
432 1376 476 1412 βίη
488 1385 528 1408 τε,
549 1376 603 1411 φυή
624 1376 647 1401 τ’
661 1373 762 1409 ἀγαθόν
780 1382 809 1401 τε
827 1374 984 1409 πρόσωπον,

195 1424 262 1451 Οὐδὲ
276 1422 446 1458 πρωτοτοκίη
462 1423 560 1458 ἀρείων
576 1421 717 1457 ὀψιτοκίης

196 1494 308 1521 numine
330 1491 470 1520 universas
487 1491 512 1518 in
527 1492 617 1526 fugam
641 1490 741 1523 vertit;
763 1489 869 1516 tametsi
899 1488 985 1516 mellis

194 1549 242 1569 esu
256 1539 426 1567 amarissimo
445 1546 515 1565 nunc
528 1538 555 1564 in
574 1537 669 1564 mortis
682 1537 822 1571 procinctu
843 1539 977 1562 versatur.
994 1535 1016 1566 ς

533 1593 567 1620 In
584 1594 662 1621 idem.

225 1643 275 1677 Qui
291 1642 376 1670 leonis
390 1641 477 1668 instar
492 1640 518 1668 iu
534 1640 605 1675 ipsos
621 1644 765 1666 extraneos
793 1639 923 1666 audenter
946 1638 983 1665 ir-

194 1690 257 1722 ruit,
273 1687 412 1720 Jonatbas,
428 1693 499 1714 nunc
519 1685 612 1713 infelix
627 1685 654 1712 iu
673 1684 757 1720 ipsius
771 1685 868 1712 mortis
884 1684 982 1711 discri-

194 1743 255 1762 men
270 1734 395 1765 incurrit,
411 1734 482 1768 quod
499 1740 554 1767 pra:
576 1731 666 1759 inedia
690 1731 741 1759 tnel
768 1730 928 1763 esitaverit;
966 1737 983 1757 ο

194 1781 247 1808 mel
262 1781 341 1814 longe
353 1778 555 1806 acerbissimum
570 1778 576 1803 l
596 1784 646 1804 nec
661 1777 684 1804 ei
698 1777 858 1810 opitulatum
871 1775 919 1802 ivit
933 1783 982 1810 pa-

194 1832 246 1859 ter,
266 1827 312 1854 sed
329 1826 362 1853 ab
376 1825 500 1852 universa
516 1822 687 1852 multitudine
704 1822 832 1850 liberatus
847 1826 899 1849 est.

193 1882 227 1910 In
243 1883 340 1910 eadem
358 1881 431 1916 Agttg
442 1901 449 1913 ,
464 1881 640 1916 quiilereatua
657 1888 673 1906 a
693 1879 784 1916 Saule,
800 1884 891 1905 contra
900 1886 981 1913 quant

256 1918 324 1945 Deut
333 1915 460 1951 jusSeral,
477 1925 492 1942 a
507 1915 627 1942 Samuele
644 1915 731 1949 gladio
749 1919 892 1940 mactatur.

228 1975 350 2003 Tametsi
367 1981 462 2001 manus
483 1973 572 2000 Saulis
592 1971 747 2004 evitaveris,
771 1971 855 2005 Agag,
874 1971 981 1998 Amale-

195 2022 312 2049 citarum
330 2027 375 2048 rex
398 2026 527 2054 perquam
557 2018 700 2053 flagitiose,
729 2023 817 2045 tamen
848 2018 982 2045 Samuelis

194 2067 312 2102 gladium
328 2066 442 2093 evadere
461 2072 513 2092 non
531 2070 618 2100 potes,
649 2064 696 2092 sed
730 2064 906 2098 interemptus
933 2063 982 2091 fati

194 2112 370 2141 acerbitatem
384 2111 494 2140 senties.

532 2157 560 2187 In
575 2158 654 2185 idem.

232 2206 367 2240 Quorsum
394 2204 483 2240 magni
510 2204 629 2231 numinis
655 2203 781 2230 mandata
797 2202 944 2235 tescidistt,
962 2209 978 2229 ο
994 2211 1016 2238 ι)

195 2252 281 2281 Sani?
296 2251 472 2279 Amalecitetn
487 2255 617 2284 praeterea
632 2257 720 2285 regem
736 2254 838 2276 tutatus
852 2248 911 2283 ejus
926 2256 978 2276 non

194 2299 362 2328 obtruncasti
391 2297 536 2324 cervices?
568 2301 644 2324 tuum
671 2303 753 2330 porro
779 2295 914 2322 truncabit
948 2301 980 2322 ac

193 2346 297 2374 scindet
321 2344 461 2379 imperium
476 2343 558 2377 Deus,
572 2348 599 2371 et
615 2350 630 2369 a
644 2342 771 2370 Samuele
791 2341 866 2376 Agag
884 2341 980 2369 interi-

194 2398 264 2420 metu
268 2399 292 2419 Γ.

194 2449 233 2477 De
263 2448 372 2481 Davide,
398 2447 454 2474 solo
471 2455 527 2482 pra:
540 2446 641 2507 “lateris
668 2445 796 2479 fratribus
824 2446 851 2472 in
872 2453 979 2481 regnum

547 2490 559 2507 2
572 2488 639 2507 8610.

547 2488 639 2508 ειευιο.

228 2529 356 2558 Davidem
375 2528 486 2556 Samuel
501 2529 526 2554 in
540 2535 628 2562 regem
649 2527 764 2562 inungit,
780 2533 808 2555 et
820 2532 902 2555 uncto
919 2534 980 2555 san-

193 2577 228 2603 cti
247 2575 365 2610 Spiritus
378 2575 479 2608 aspirat
510 2574 608 2609 gratia,
629 2581 688 2609 qua:
707 2575 742 2601 ab
759 2574 979 2601 exsecratissimo

194 2621 274 2649 Saule
287 2620 410 2651 discedit,
422 2627 500 2654 quem
515 2619 624 2654 spiritus
651 2627 767 2654 nequam
794 2624 868 2647 tanto
896 2620 978 2647 vehe—

193 2668 308 2695 mentius
320 2666 448 2700 exagitat.

526 2719 557 2748 In
573 2720 650 2748 idem.

227 2765 320 2801 Neque
333 2766 484 2801 granditas,
495 2767 588 2799 robur,
603 2767 749 2801 ingenium,
765 2767 854 2794 vultus
869 2767 977 2802 elegan-

193 2811 240 2843 tia,
254 2819 339 2845 neque
352 2812 511 2848 primigenia
527 2812 716 2846 spectabiliora
731 2817 794 2840 sunt
811 2813 975 2841 tardioribus

194 2855 326 2884 natalibus
343 2864 434 2885 coram
459 2857 524 2891 Deo,
541 2858 585 2892 qui
613 2865 664 2885 tton
682 2865 789 2893 corpus,
811 2859 857 2886 sed
887 2859 977 2887 cordis

811 136 1010 168 THEODORI
1029 137 1231 168 PRODROMI

1002 195 1025 224 Α
1047 193 1131 228 Ἀμφὶ
1144 194 1218 229 Θεῷι
1231 193 1345 230 κραδίην
1360 194 1414 230 γὰρ
1435 195 1449 222 ὃ
1461 194 1574 227 δίζεται,
1589 193 1649 221 οὺδέ
1665 203 1693 221 τε
1708 194 1796 229 σῶμα
1811 202 1820 210 ⁸

1765 136 1845 168 1152

1040 240 1140 275 Δέρκεο
1151 239 1233 266 Δαῦὶδ
1251 240 1355 268 ἄνακτα
1367 241 1412 266 τὸν
1426 241 1456 266 ὲν
1472 240 1602 276 ποῖμνῃσι
1616 239 1760 267 πονοῦντα.

1040 285 1093 319 Εἰς
1110 286 1143 312 τὸ
1158 286 1294 321 πονηρὸν
1313 286 1433 321 πνεῦμα
1449 286 1482 313 τὸ
1496 287 1607 320 πνίτον
1627 287 1726 314 Σαοὺλ
1743 287 1847 313 Δαϐὶδ

1286 321 1393 356 κιθάρῃ
1419 321 1581 356 ἡσύχαζεν.

1046 367 1220 394 Ἐναντίωσιν
1234 364 1284 394 ὧδε
1300 368 1464 402 πνευμάτων
1485 368 1578 402 βλέπε,

1039 414 1076 440 Τδ
1091 414 1140 448 μὲν
1154 414 1299 449 προφήτην
1313 414 1359 440 τὸν
1374 413 1424 444 Kl;
1437 413 1494 439 υἱὸν
1506 413 1635 446 δεικνύει,

1039 460 1075 486 Τὸ
1086 459 1107 485 δ’
1120 459 1200 487 αὑτὸν
1216 460 1306 495 ἄγχει,
1328 460 1373 487 καὶ
1389 460 1490 494 πιέζει,
1504 461 1550 487 καὶ
1567 461 1669 495 πνίγει.

1038 505 1085 542 Μὴ
1096 505 1144 532 τοῦ
1159 505 1311 540 πνίγοντος,
1327 503 1350 533 ὦ
1369 506 1465 542 Τριὰς,
1489 508 1586 542 πεῖραν
1602 507 1687 535 λάϐω.

1323 552 1377 584 Eli;
1404 551 1438 578 τὸ
1462 552 1546 580 αὑτό.

1038 595 1152 632 Πνεῦμα
1171 597 1364 633 θεηγορέοντος
1380 597 1523 624 ἀπέπτατο
1541 599 1573 625 ἐκ
1594 599 1649 633 σέο,
1661 599 1760 632 Σαοὺλ,

1038 642 1146 669 Οὖνεκα
1161 643 1366 677 παμμεδέοντος
1382 644 1481 679 ἑλήσαο
1496 645 1662 672 συνθεσιάων
1676 654 1683 661 ι

1038 688 1152 723 Πνεῦμα
1171 688 1199 715 δέ
1211 697 1252 715 τοι
1268 689 1369 725 κακίης
1385 690 1567 724 μεταέπτατο,
1582 692 1629 717 καί
1648 700 1677 717 σε
1697 692 1837 727 ἀπάγχει,

1038 736 1092 763 Καὶ
1105 737 1175 771 τάχα
1191 737 1238 763 κέν
1255 745 1285 762 σε
1305 737 1381 768 τέλος
1397 737 1479 763 Δαὸὶδ
1493 737 1621 770 ἀπέπνιξ⁵
1635 739 1778 771 ἀπεόντος.

1232 784 1284 816 Εἰς
1302 782 1358 817 τὴν
1373 783 1498 818 σφαγὴν
1511 783 1634 811 Puduit).

1037 829 1121 856 Aaﬁ't6
1135 830 1149 856 6
1165 829 1268 864 ποιμὴν
1288 830 1302 856 ὁ
1320 829 1423 864 βραχὺς
1443 830 1513 857 κατὰ
1526 830 1623 865 χρόνον

1001 863 1023 894 Β
1039 875 1147 902 Κτείνει
1162 863 1258 902 Γολιὰθ
1275 863 1448 910 τὺννέίίῇαντα
1464 877 1508 903 τὸν
1526 863 1625 911 ρεγαν,

1038 923 1089 949 Τὸν
1106 922 1219 957 ὁπλίτην
1232 922 1343 956 ἄοπλος,
1360 922 1389 955 ὲξ
1403 923 1463 954 ἑνὸς
1477 923 1551 949 λίθου
1565 931 1573 940 ο

1037 969 1082 1005 Τῷ
1096 969 1117 996 δ’
1130 969 1238 1005 Ἰσραὴλ
1251 969 1382 1004 καύχημα
1397 971 1520 1004 γίγνεται
1538 970 1621 1006 μέγα.

1319 1017 1371 1049 Εἰς
1387 1015 1421 1043 τὸ
1441 1017 1526 1044 αὑτό.

1036 1061 1179 1097 Βάρσαρος
1192 1061 1367 1096 ἀλλοφύλοισι
1381 1062 1544 1098 προέσσυτο,
1560 1063 1593 1090 ὲκ
1608 1063 1636 1090 δὲ
1654 1063 1762 1090 καλεῖτο

1043 1107 1140 1142 Ἀνέρα
1157 1108 1331 1143 μουνομάχον
1346 1106 1375 1134 εὖ
1392 1108 1481 1135 εἰδότα
1497 1108 1647 1143 δηϊοτῆτος,

1036 1152 1136 1188 Θαῦμα
1156 1152 1178 1179 δ’
1196 1153 1296 1179 ἰδέσθαι
1312 1153 1377 1188 Εην·
1403 1154 1500 1189 μικρὸς
1521 1154 1549 1181 δέ
1573 1164 1619 1190 μιν
1634 1154 1718 1181 ὤλεσε
1734 1155 1832 1186 Δαὸίδ,

1037 1199 1092 1225 Καί
1108 1199 1132 1225 οἱ
1147 1200 1160 1225 ὁ
1176 1199 1286 1234 βληθεὶς
1301 1200 1374 1226 κεῖτο
1397 1200 1485 1234 μέγας
1503 1201 1658 1235 μεγαλωστὶ
1671 1201 1831 1232 τανυσθείς.

1126 1245 1181 1277 Εὶς
1197 1244 1256 1278 τὴν
1269 1244 1393 1278 ἀγάπην
1408 1245 1497 1272 Δαόὶὸ
1512 1246 1563 1272 καὶ
1584 1247 1738 1274 Ἰωνάθαν.

1036 1289 1091 1324 Τῆς
1106 1289 1212 1325 ἀγαθῆς
1230 1298 1275 1316 σου
1294 1290 1409 1325 καρδίας
1433 1291 1577 1319 Ἰωνάθανί

1036 1336 1088 1362 Τὸν
1104 1337 1187 1363 παῖδα
1199 1337 1282 1363 Δαῦὶδ
1299 1335 1367 1369 εἶδες
1380 1338 1574 1373 ἠριστευκότα,

1036 1382 1092 1409 Καὶ
1105 1384 1181 1417 φίλον
1203 1384 1285 1410 αὐτὸν
1303 1384 1384 1418 ἔσχες
1398 1385 1466 1420 αὐτῇ
1484 1386 1516 1420 τῇ
1536 1385 1595 1419 θέᾳ,

1036 1428 1099 1460 Υἱὸς
1114 1429 1231 1460 ἄνακτος
1253 1429 1298 1456 τδν
1320 1430 1448 1457 ταπεινὸν
1463 1430 1593 1465 ποιμένα.

1036 1498 1160 1526 atfectum
1174 1502 1331 1532 scrutatur;
1350 1499 1436 1534 adjice
1452 1498 1547 1526 oculus
1559 1498 1584 1525 in
1598 1497 1825 1534 Davidemregem

1034 1543 1176 1578 pascendis
1189 1544 1315 1579 gregibus
1331 1544 1540 1572 incumbentem.

1035 1588 1074 1616 De
1093 1589 1187 1624 spiritu
1208 1597 1319 1623 nequam
1337 1588 1444 1626 Squlem
1458 1591 1617 1624 exagitante,
1647 1591 1693 1626 qui
1714 1590 1825 1617 Dauidis

1244 1626 1348 1651 cit/tura
1363 1625 1592 1659 inter-quiescebat.

1071 1667 1120 1695 llic
1134 1668 1288 1699 discrimen,
1305 1674 1332 1696 et
1345 1668 1507 1696 discordiam
1524 1671 1666 1704 spirituum
1685 1670 1798 1697 obserVa
1813 1677 1822 1696 :

1034 1713 1102 1740 alter
1117 1713 1163 1741 Cis
1181 1713 1262 1740 filium
1279 1713 1386 1740 Saulem
1404 1714 1564 1749 prophetam
1589 1715 1718 1747 declarat,
1738 1715 1771 1741 ab
1783 1714 1823 1742 al-

1035 1764 1093 1786 tero
1117 1760 1150 1787 ad
1175 1759 1313 1794 angustias
1333 1767 1419 1794 usque
1454 1766 1568 1788 vexatur
1588 1769 1620 1788 ac
1643 1761 1786 1796 premitur.
1801 1760 1822 1787 0

1034 1805 1167 1833 Trinitas!
1187 1813 1323 1840 nunquam
1350 1807 1515 1841 exagitantis
1539 1808 1650 1843 spiritus
1671 1807 1820 1842 periculum

1034 1849 1144 1878 faciatn.

1359 1896 1392 1924 Ιιι
1409 1897 1487 1925 idem.

1069 1941 1183 1975 Spiritus
1195 1941 1341 1977 prophetiae
1353 1949 1368 1969 a
1383 1947 1409 1969 te
1422 1942 1547 1976 evolavit,
1565 1949 1582 1969 ο
1597 1942 1672 1976 Saul,
1688 1942 1819 1970 ftederum

1033 1986 1080 2014 Dei
1101 1987 1154 2014 late
1169 1988 1306 2022 regnantis
1324 1988 1419 2020 oblito,
1445 1993 1526 2023 teque
1541 1988 1655 2015 subinde
1670 1988 1820 2022 malignita-

1033 2033 1068 2060 tis
1081 2033 1190 2068 spiritus
1206 2033 1315 2067 invasit,
1328 2034 1373 2069 qui
1391 2040 1417 2061 te
1435 2034 1561 2068 denique,
1589 2034 1702 2062 absente
1726 2035 1819 2065 David.

1033 2079 1162 2106 subitario
1175 2079 1243 2106 forte
1256 2079 1356 2113 impetu
1373 2079 1552 2108 sulfucaturus
1567 2085 1618 2108 est.

1209 2125 1242 2152 In
1260 2125 1342 2153 Golia:
1353 2127 1590 2154 obtruncationem.

1068 2172 1152 2199 David
1171 2172 1263 2207 upilio,
1285 2180 1333 2207 per
1349 2178 1458 2200 aetatem
1483 2173 1596 2208 pusillus
1626 2180 1750 2208 corpore,
1769 2173 1820 2201 Go-

1032 2217 1073 2246 liae
1090 2225 1201 2253 procero
1215 2218 1316 2253 giganti
1332 2223 1445 2245 mortem
1463 2218 1554 2251 infert,
1567 2218 1682 2246 inermis
1694 2224 1818 2251 armato;

1031 2263 1111 2297 idque
1147 2263 1226 2290 unius
1254 2263 1350 2298 lapidis
1380 2263 1537 2296 emissione,
1557 2265 1628 2292 unde
1654 2264 1818 2292 incredibilis

1030 2307 1136 2335 lsraelis
1151 2308 1296 2335 hilaritudo
1311 2313 1403 2336 exorta
1417 2315 1469 2336 est.

1380 2354 1415 2381 1η
1427 2355 1506 2382 idem.

1064 2398 1132 2426 Ante
1145 2398 1342 2427 l‘ltilistteorum
1377 2408 1478 2428 cuneos
1511 2401 1653 2436 prosiliens
1677 2401 1818 2435 barbarus,

1029 2445 1194 2479 promcabat
1210 2445 1242 2472 ad
1257 2446 1394 2480 singulare
1408 2451 1544 2474 certamen
1561 2447 1648 2473 virum
1677 2448 1750 2475 bello
1781 2449 1819 2475 itt-

1028 2491 1251 2524 structissitnum,
1267 2492 1312 2526 qui
1329 2492 1385 2519 visu
1402 2493 1510 2527 quidem
1527 2493 1666 2521 horribilis
1681 2501 1752 2525 erat,
1771 2496 1816 2522 sed

1029 2538 1062 2564 ab
1077 2537 1139 2565 exili
1161 2537 1260 2564 Davide
1273 2544 1422 2573 prostratus
1435 2544 1487 2572 est,
1499 2547 1513 2566 a
1524 2547 1578 2574 qtto
1593 2547 1740 2574 percussus
1755 2542 1814 2573 iste,

1029 2588 1055 2611 et
1074 2588 1202 2610 extensus
1220 2584 1381 2610 immensum
1401 2589 1479 2611 terra:
1493 2585 1609 2619 spatium
1622 2585 1772 2612 sternebat.

1150 2628 1187 2656 De
1203 2635 1292 2655 mutuo
1311 2629 1417 2656 Davidis
1432 2636 1456 2657 et
1470 2630 1595 2658 Jonatlta:
1610 2638 1710 2657 amore.

1065 2674 1087 2702 Ο
1102 2683 1180 2710 quam
1196 2675 1300 2709 prolixa
1312 2680 1352 2703 est
1364 2676 1401 2703 tui
1422 2677 1504 2704 animi
1530 2677 1691 2712 benignitas,
1709 2677 1815 2705 oJoua-

1029 2721 1073 2748 tha
1086 2729 1093 2754 ;
1106 2722 1272 2756 exploratum
1290 2722 1374 2749 habes
1388 2729 1498 2756 puerum
1515 2723 1641 2750 Davidem
1656 2724 1775 2758 perbelle
1788 2732 1814 2751 se

1028 2767 1155 2802 gessisse,
1178 2775 1292 2802 eumque
1311 2773 1455 2803 propterea
1474 2776 1536 2796 cum
1567 2770 1684 2803 primum
1711 2771 1811 2802 vidisti,

1029 2813 1144 2841 habuisti
1165 2814 1190 2841 itt
1220 2813 1333 2847 intimis,
1356 2814 1533 2842 humillimum
1563 2820 1711 2850 pastorem,
1727 2818 1815 2851 proles

1028 2868 1109 2892 recta.
