1936 3086
178 182 246 216 1183

412 241 464 274 Εἰς
479 239 539 274 τὴν
554 239 728 274 αιμόρῤουν.

175 287 209 314 Ὢ
226 287 316 319 πίστις
330 285 408 322 ὀρθὴ,
424 287 518 318 πῖστις
534 284 778 321 ἀκραιφνεοτάτηι

172 337 212 362 Δι’
229 333 263 369 ἧς
278 335 370 370 βροτοὶ
386 333 535 360 κλέπτουσι
547 334 597 367 τὴν
610 332 762 367 σωτηρίαν.

180 381 250 407 Ἀλλ’
265 381 296 407 οὑ
313 380 443 415 λέληθας,
456 380 508 406 κᾶν
519 379 611 405 λαθεῖν
624 379 717 414 δοκῇς,
734 379 831 413 γύναι⁸

174 426 225 454 Τὸν
237 429 291 462 γὰρ
308 426 451 462 πανόπτην
466 426 525 457 πῶς
539 425 632 452 λαϐεῖν
646 425 757 452 δύναιτό
775 431 838 458 etc;

473 472 526 505 Εὶς
538 471 572 498 τὸ
585 471 670 498 αὐτό.

177 518 307 550 Ἀσθενὲς
319 516 392 553 ἦσθα
406 518 531 553 γύναιον,
542 517 613 552 ἀτὰρ
629 516 766 553 κρατερὸν
778 516 849 543 κατὰ
859 515 964 549 πίστιν,

171 567 228 593 Καὶ
242 566 310 593 δοιοὶ
330 565 478 600 προχέοντο
492 565 550 599 ῥόοι
566 564 645 590 σέθεν
661 563 846 596 ὲκπιδύοντες,

172 612 294 646 Αἵματος
309 610 361 642 εἷς,
379 610 459 642 ἄλλος
474 610 502 637 δέ
518 618 548 637 τε
575 610 682 642 πίστιος
698 611 728 641 ἐς
751 609 820 636 πολὺ
839 609 943 645 μείζων
954 615 965 625 ⁵

171 657 269 684 Ἔνθεν
283 657 297 682 ό
312 657 401 684 κεῖνον
417 656 530 691 ξήρανε,
549 656 596 683 καὶ
609 655 692 683 λάϐεν
706 655 810 690 οὔνομα
824 655 891 682 δῖον.

171 714 222 747 Εις
239 713 296 748 τὴν
309 712 464 748 διαγωγὴν
476 712 536 739 τῶν
546 713 742 745 ἀποστόλων,
758 712 808 739 καὶ
820 711 879 746 τὴν
893 710 963 739 τού-

431 757 491 775 των
504 747 698 782 ἀποστολήν.

169 795 287 827 Καινοὺς
305 795 485 830 στρατηγοὺς,
496 795 544 821 καὶ
559 794 673 830 βασιλέα
686 793 769 829 βλέπε
782 801 791 810 ·

172 841 203 868 ’0
217 843 265 876 μὲν
280 841 369 869 κλῖναί
384 848 434 868 που
448 841 498 877 τὴν
514 841 637 876 κεφαλὴν
647 841 698 868 οὐκ
715 841 774 876 ἔχει
784 847 792 855 ο

166 889 199 915 Οἱ
212 888 235 914 δ’
246 889 286 919 εις
303 888 394 924 μάχην
407 887 516 922 ὁρμῶσι
528 886 625 922 γυμνῷ
638 886 755 922 σαρκίῳ.

169 935 288 961 Ἔπειτα
302 935 346 968 τίς
365 933 506 969 ζωγροῦσι
525 933 575 968 τὴν
592 933 770 969 οἰκουμένην.

464 991 517 1023 Εἰς
530 991 563 1017 τὸ
574 991 659 1018 αὐτό.

167 1037 280 1069 Ἵπποις
297 1037 347 1072 μὲν
360 1037 407 1063 καὶ
423 1036 531 1072 ὄχεσφι,
548 1037 596 1063 καὶ
611 1036 724 1063 ἀσπίσιν
743 1036 961 1072 ὀμφαλοέσσαις,

169 1084 268 1118 Χαλκῷ
284 1091 326 1114 τε,
340 1082 435 1118 χρυσῷ
449 1091 490 1115 τε,
505 1083 552 1109 καὶ
563 1082 694 1118 ἀνδράσιν
713 1083 942 1117 ῑπποκορυσταῐς,

167 1129 342 1165 Στρατηγοὺς
355 1127 509 1163 κοσμοῦσιν
525 1128 675 1163 ἐπιχθόνιοι
691 1128 820 1164 βασιλῆες
832 1136 840 1144 ο

165 1175 272 1210 Γυμνδς
285 1174 313 1201 δὲ
327 1174 456 1210 Χριστοϊο
465 1173 533 1201 λάϐε
549 1174 666 1208 στρατὸς
681 1173 761 1200 ἔθνεα
778 1173 879 1201 πάντα.

268 1230 322 1263 Εἰς
336 1230 370 1257 τὸ
388 1228 466 1256 κατὰ
477 1229 531 1256 τὸν
545 1228 709 1263 ξηρόχειρα
729 1228 839 1264 θαῦμα.

171 1276 216 1307 Ὠς
227 1275 371 1311 ὲξανιστᾷς
383 1276 416 1302 ὲκ
432 1276 527 1309 τάφων
541 1275 656 1310 νεκροὺς
673 1275 762 1308 ὅλους,

166 1321 260 1353 Οὕτως
276 1319 390 1356 ἅνιστᾷς
402 1321 449 1348 καὶ
464 1320 551 1356 νεκρὰ
571 1320 676 1355 βροτῶν
691 1321 772 1356 μέλη.

170 1368 200 1394 '0
212 1367 343 1403 ξηρόχειρ
357 1366 386 1393 δὲ
401 1367 509 1403 μάρτυς
523 1366 582 1393 ἐστι
601 1375 657 1401 μοι,
672 1367 755 1400 Δόγε,

130 1434 133 1439 .
168 1413 220 1450 Τὴν
237 1412 338 1448 νεκρὰν
356 1410 436 1445 αὖθις
454 1412 577 1443 εὐπετῶς
590 1411 675 1439 κινῶν
691 1412 773 1448 χέρα.

162 1481 172 1493 ι
449 1459 502 1491 Εἰς
518 1457 553 1484 τὸ
568 1458 655 1485 αὐτό.

167 1506 275 1539 Χείλεος
290 1505 320 1540 ἐξ
337 1505 414 1540 ἁγίου
433 1504 576 1541 προθορὼν
592 1505 672 1540 λόγος
685 1502 729 1532 οἷα
740 1506 847 1534 κελεύει
857 1513 865 1522 ι

403 1581 438 1608 In
457 1581 711 1609 meorrltot'ssam.

201 1629 224 1657 0
236 1632 310 1657 recta
325 1628 402 1660 ﬁdes,
429 1627 495 1655 ﬁdes
514 1628 700 1656 sincerissima
717 1627 724 1655 l
750 1634 802 1662 qua
830 1629 958 1657 mortales

166 1677 277 1704 salutem
309 1676 410 1703 furtive
442 1675 551 1710 rapiunt
579 1683 586 1702 :
616 1675 665 1702 sed
680 1682 741 1709 quae
760 1675 800 1704 sis
815 1675 956 1704 Christum

163 1731 219 1751 non
236 1723 313 1755 latet,
328 1723 453 1758 quamvis
479 1729 542 1750 eum
569 1721 653 1749 latere
675 1722 783 1756 credas,
799 1730 815 1750 ο
835 1723 932 1750 mulier
946 1742 955 1756 ,

163 1777 230 1798 cum
246 1771 317 1797 enim
345 1769 390 1804 qui
414 1769 599 1797 oculatissime
623 1768 721 1796 lustrat
747 1770 861 1805 omnia,
891 1771 957 1806 quid

163 1819 303 1854 praeterire
318 1822 406 1853 potest
419 1817 430 1844 2

481 1862 516 1891 In
542 1864 624 1892 idem.

199 1909 268 1937 Eras
282 1908 439 1937 valetudine
452 1909 571 1943 inﬁrma,
585 1911 692 1944 mulier,
707 1910 753 1938 sed
766 1910 818 1938 ﬁde
831 1910 960 1938 valentis-

164 1955 247 1988 sima,
261 1955 372 1990 duoque
388 1963 422 1982 ex
438 1959 464 1983 te
478 1957 661 1984 scaturientes
675 1958 851 1985 exundabant
864 1957 957 1990 rivuli,

163 2001 307 2036 sanguinis
324 2001 404 2034 alter,
418 2001 488 2028 alter
503 2002 563 2029 ﬁdei
580 2002 659 2037 longe
675 2003 792 2031 nobilior
806 2011 813 2037 ;
843 2003 957 2037 exinde,

163 2048 305 2081 sanguinis
315 2046 418 2074 (luxum
435 2047 500 2075 ﬁdes
508 2048 667 2082 exsiccavit,
679 2057 693 2076 a
707 2048 761 2077 Deo
775 2050 881 2077 laudem
897 2057 959 2085 pro-

162 2093 271 2121 merita.

235 2150 272 2178 De
285 2151 345 2179 ulla:
358 2151 492 2184 instituta,
505 2156 531 2180 et
543 2153 669 2181 missione
686 2153 883 2188 apostolorum.
917 2160 919 2162 '

201 2197 295 2225 Novus
310 2197 416 2226 intuere
433 2199 526 2231 dttces,
541 2203 569 2226 ct
586 2207 687 2227 novum
702 2199 822 2236 Regem:
838 2201 882 2228 hic
895 2200 956 2236 qui-

164 2245 228 2272 dem
246 2252 298 2271 non
316 2244 398 2272 habet
413 2245 458 2272 ubi
475 2249 555 2280 caput
574 2245 700 2278 reclinet,
719 2246 754 2273 illi
781 2246 879 2274 inermi
896 2254 957 2273 cor-

163 2298 230 2320 pore
243 2290 270 2317 in
289 2298 406 2326 pugnam
423 2278 569 2326 prodeunt.
586 2291 656 2326 Quid
673 2283 729 2319 tum
741 2293 853 2327 postea?
864 2292 956 2320 Terrae
973 2278 994 2306 Ι)

161 2335 325 2364 habitabilis
345 2337 452 2364 animas
468 2337 614 2365 invadunt.

489 2393 523 2422 In
544 2395 624 2422 idem.

199 2437 232 2465 Et
248 2438 326 2473 cquis
352 2443 380 2466 et
405 2440 543 2474 curribus,
560 2448 587 2469 et
603 2442 706 2478 clypeis
722 2444 889 2472 umbilicatis
903 2465 911 2477 ,
930 2448 958 2471 et

164 2491 225 2517 tre,
242 2489 269 2511 et
284 2492 364 2517 auro,
381 2485 496 2520 galeatis
509 2488 629 2522 denique
658 2489 790 2517 militibus
822 2498 886 2518 suos
916 2490 957 2517 in-

164 2533 267 2556 ttruunt
280 2530 361 2558 duces
377 2531 474 2559 terreni
489 2532 682 2567 imperatores;
699 2536 744 2562 scd
758 2536 846 2563 nudus
856 2535 956 2563 Christi

172 2575 299 2602 xercitus
314 2575 435 2604 inﬁnitas
450 2581 546 2612 gentes
560 2581 735 2615 expugnavit.

188 2631 226 2658 De
241 2633 370 2661 miraculo
389 2634 417 2661 in
435 2635 566 2664 hominem
582 2645 661 2665 oratiu
677 2638 783 2666 aridum
797 2641 927 2675 praestita.

194 2678 270 2707 Sicut
286 2681 390 2717 integra
407 2683 540 2711 cadavera
556 2692 571 2712 θ
595 2687 778 2714 monumentis
792 2688 955 2722 excitas,sic

159 2729 187 2752 et
219 2726 346 2755 exanima
367 2729 522 2757 mortalium
553 2733 673 2759 membra
686 2739 844 2767 restauras;
862 2735 896 2767 is,
912 2735 955 2763 cui

160 2779 255 2799 manus
265 2777 386 2807 aruerst,
400 2775 466 2802 mihi
479 2777 557 2805 testis
571 2781 622 2809 est,
636 2785 652 2806 ο
667 2777 797 2812 Verbum,
812 2787 866 2807 non
883 2788 955 2816 acng

167 2823 211 2843 am
239 2824 352 2846 movens
381 2826 504 2852 manum,
531 2822 604 2849 omni
620 2823 694 2857 prius
711 2831 792 2851 sensu
807 2821 952 2853 delectam.

489 2867 521 2894 1η
533 2868 614 2896 idem.

191 2907 231 2934 Ex
248 2908 339 2937 divino
355 2912 501 2944 prosiliens
515 2921 561 2942 ore
577 2922 666 2942 sermo
681 2916 720 2944 sic
735 2917 849 2951 imperat
870 2926 876 2945 :
896 2917 949 2945 Ex-

784 179 983 211 THEODORI
1005 178 1206 211 PRODROMI

984 240 1006 269 Α
1020 238 1087 272 Χεὶρ
1102 237 1184 273 ξηρὰ,
1196 237 1357 273 προτάθητι.
1372 236 1421 264 καὶ
1431 236 1529 270 ἄπτεο,
1546 237 1636 265 πάντα
1651 237 1676 264 δ’
1691 238 1813 274 ὲνέργει.

1743 183 1815 214 1184

1023 283 1055 309 'H
1070 283 1093 309 δ’
1107 283 1188 316 εὐθὺς
1198 284 1361 318 προτέτατο,
1371 283 1418 310 καὶ
1429 284 1544 319 ἥπτετο,
1554 284 1643 311 πάντα
1657 284 1813 320 δ’ὲνήργει.

1016 326 1056 356 Ἦ
1066 330 1101 365 ῥα
1117 330 1164 356 καὶ
1181 330 1254 365 ἀμφὶ
1284 330 1414 366 χέρεσσιν
1438 330 1485 357 ὑπ’
1505 329 1601 363 οὔατα,
1628 330 1742 365 Χριστὲ,
1761 340 1816 365 φυ-

1651 375 1754 412 [τεύεις

1015 421 1070 454 Εις
1080 421 1124 452 τὸ,
1137 421 1203 448 ὀτι
1216 421 1252 448 ἐν
1260 420 1441 452 Βεελζῖςεοὺλ
1453 421 1597 450 ἐκϐάλλει
1609 422 1646 449 τὰ
1660 422 1811 456 δαιμόνια.

1022 466 1050 494 '0
1065 466 1237 502 φυγαδευτὴς
1247 466 1396 502 δαιμόνων,
1417 468 1611 503 τραμματέες,

1020 513 1101 548 ’Υμῑν
1117 514 1242 541 καλεῖται
1256 514 1410 549 δαιμονῶν;
1428 515 1481 542 Φεῦ
1491 515 1539 541 τοῦ
1554 514 1653 549 λόγουι

1014 559 1070 586 Καὶ
1086 559 1128 591 τίς
1144 559 1170 594 γ’
1182 560 1216 586 ἂν
1233 559 1311 595 ὑμῶν
1325 561 1509 596 δαιμονίζοιτο
1525 560 1617 592 πλέον,

1014 605 1056 632 Τὰ
1069 604 1225 641 δαιμονώδη
1238 607 1323 633 ταῦτα
1337 607 1502 642 τολμώντων
1517 606 1626 641 λέγειν;

1302 651 1354 685 Εὶς
1369 652 1402 679 τὸ
1419 652 1506 687 αὐτό,

1012 696 1166 732 Δαιμονιων
1179 697 1318 732 λεγεῶνας
1331 698 1458 733 ἀπήλασε
1470 697 1565 733 τηλόθι
1578 698 1699 732 Χριστὸς

1019 743 1065 770 Ἐν
1080 743 1214 779 Γαδάροις
1233 744 1395 779 ἔπιτάγδην,
1412 744 1520 779 χοιροφι
1538 744 1561 771 δ’
1571 741 1644 779 ὦρσε
1657 745 1808 779 φυγόντας·

1011 789 1201 824 Δαιμονιῶντα
1217 788 1239 816 δ’
1253 789 1322 823 ἔφαν
1335 790 1516 824 γραμματέες
1529 790 1612 816 αὑτὸν
1625 791 1741 816 ἐκεῖνον.

1011 832 1076 871 *Δρ*
1090 835 1152 871 οὐχί
1166 844 1229 870 σφιν
1250 836 1380 871 ἐμήνισεν
1396 836 1502 872 ἄγριος,
1520 833 1542 863 ὦ
1559 836 1629 869 ξένε,
1646 835 1770 870 Saluum;

1167 893 1220 925 Εις
1240 892 1314 925 τοὺς
1328 892 1488 926 αἰτοῦντας
1507 892 1648 928 σημεῖον.

975 929 998 960 Β
1011 939 1130 974 Σημεϊον
1146 939 1242 970 αἰτεῖς,
1255 939 1434 974 γραμματεῦ,
1447 939 1493 965 τὸν
1504 940 1655 973 Δεσπότην.

1017 986 1048 1011 '0
1064 985 1163 1019 τυφλὸς
1176 985 1206 1010 οὐ
1219 985 1332 1020 σημεῖον
1348 984 1487 1020 ἐμϐλέψας
1504 985 1605 1018 πάλιν;

1017 1031 1048 1058 '0
1063 1031 1155 1066 κωφὸς
1170 1031 1199 1057 οὐ
1219 1031 1332 1066 σημεῖον
1345 1030 1465 1062 ἀκούσας
1480 1031 1584 1064 πάλης

1014 1078 1119 1108 Ὄντως
1136 1075 1233 1111 φθόνος
1251 1075 1283 1103 τὸ
1294 1077 1425 1112 πρᾶγμα,
1447 1077 1494 1104 καὶ
1507 1076 1607 1112 φθόνου
1625 1076 1714 1111 λόγος.

1293 1135 1347 1167 Εις
1360 1134 1393 1162 τὸ
1406 1135 1493 1162 αὑτό.

1018 1180 1134 1208 Ἠελίοιο
1153 1179 1225 1215 φόως
1242 1180 1288 1206 καὶ
1303 1180 1399 1215 αἰθέρα
1411 1180 1524 1215 δέρκετο
1538 1180 1658 1215 ett-916p

1016 1227 1061 1254 Ἐν
1075 1226 1104 1253 δέ
1120 1235 1148 1252 τε
1164 1227 1256 1258 κωφὸς
1269 1225 1371 1253 ἄκουσε
1383 1234 1390 1242 ·
1407 1226 1467 1261 ῥόος
1482 1226 1505 1253 δ’
1527 1227 1573 1253 ἐπὶ
1583 1227 1700 1261 αἵματος
1719 1225 1785 1262 ἔστη
1795 1235 1805 1244 ·

1010 1272 1067 1298 Καὶ
1082 1270 1185 1306 λεγεὼν
1203 1271 1313 1306 ἔπτηξε,
1332 1272 1429 1305 νεκρὸς
1445 1271 1468 1298 δ’
1488 1271 1640 1306 ἀναέκθορε
1651 1271 1768 1306 τύμϐου.

1010 1317 1206 1352 Γραμματέες,
1223 1318 1250 1344 τι
1266 1317 1348 1344 πλέον
1360 1317 1478 1353 σημήϊον
1492 1317 1582 1353 ἄμμιν
1592 1317 1723 1353 ἁρέσσειές

1010 1374 1064 1408 Εἰς
1081 1373 1126 1408 τὸ,
1145 1373 1250 1408 Μήτηρ
1263 1375 1405 1414 [seruaui
1417 1374 1545 1414 ἀδελφοί
1555 1383 1626 1414 μου,
1640 1376 1667 1402 οι
1682 1374 1806 1402 ποιοῦν-

1198 1418 1247 1442 τες
1269 1410 1302 1436 τὸ
1318 1409 1435 1444 θέλημα
1449 1409 1504 1437 τοῦ
1525 1410 1611 1438 Θεοῦ.

1009 1452 1046 1482 Ὠ
1059 1455 1196 1491 δυστυχὴς
1207 1455 1348 1491 ἄνθρωπε,
1365 1456 1414 1482 καὶ
1426 1456 1530 1490 φαύλου
1544 1456 1652 1491 γένους,

1009 1501 1103 1533 Θέλεις
1114 1501 1248 1536 ἁνυψώσω
1260 1509 1290 1528 σε
1306 1501 1374 1536 πρὸς
1385 1501 1513 1538 λαμπρὸν
1526 1502 1606 1537 γένος
1619 1510 1627 1536 ;

1011 1580 1142 1614 tenditor,
1178 1581 1254 1608 arlda
1282 1588 1397 1615 manus,
1421 1586 1448 1609 et
1472 1589 1568 1609 sensus
1585 1583 1803 1618 operationisqne

1011 1630 1107 1660 potens
1124 1625 1255 1658 tellit-itur;
1281 1634 1341 1661 qute
1364 1627 1457 1654 statim
1485 1633 1625 1662 porrecta,
1645 1637 1753 1656 necnon
1777 1634 1803 1657 et

1011 1677 1095 1703 tactu,
1113 1677 1140 1699 et
1157 1673 1231 1700 omni
1248 1675 1407 1707 operatione
1427 1675 1519 1701 functa
1531 1680 1582 1703 est.
1600 1675 1669 1703 Num
1690 1682 1716 1704 et
1731 1679 1801 1704 auri-

1012 1723 1052 1746 tas
1069 1719 1151 1745 etiam
1167 1725 1264 1746 manus
1276 1719 1370 1751 eﬁicis,
1386 1728 1403 1747 o
1420 1720 1548 1748 Christe?

1030 1773 1064 1801 In
1081 1774 1148 1801 illud
1165 1782 1175 1801 :
1195 1774 1328 1807 Quoniam
1343 1777 1370 1803 in
1383 1776 1527 1805 Beelzebub
1548 1779 1679 1808 da’monia
1701 1781 1785 1816 ejicil.

1045 1819 1097 1852 Qui
1113 1820 1188 1854 fugat
1205 1821 1351 1854 daemones,
1368 1830 1384 1849 ο
1399 1823 1508 1857 scribae,
1526 1833 1564 1851 vae
1578 1825 1584 1852 l
1604 1827 1668 1860 quid
1687 1827 1800 1854 dicitis?

1011 1873 1026 1894 ι
1042 1866 1119 1893 vobis
1133 1866 1269 1894 daemonio
1280 1873 1421 1904 correptus
1436 1870 1544 1903 dicitur;
1559 1872 1621 1906 quis
1636 1873 1712 1900 vobis
1726 1880 1800 1908 mage

1009 1911 1168 1946 lymphatus
1182 1912 1311 1947 insaniat,
1329 1915 1374 1949 qui
1397 1915 1455 1943 haec
1470 1916 1605 1945 diabolica
1627 1919 1735 1946 audetis
1757 1920 1799 1946 ef-

1009 1957 1115 1985 l‘utire?

1343 2005 1377 2034 In
1390 2006 1469 2035 idem.

1045 2050 1205 2080 Dazmonum
1222 2051 1342 2087 legiones
1363 2055 1456 2092 procul
1477 2056 1568 2091 exegit
1580 2056 1705 2085 Christus
1730 2059 1804 2092 apud

1009 2094 1175 2130 Gerasenos,
1185 2102 1212 2124 et
1222 2098 1300 2131 jussu
1317 2107 1366 2126 suo
1382 2100 1408 2127 in
1425 2090 1567 2134 porcorum
1584 2110 1692 2137 gregem
1710 2105 1806 2138 protu-

1010 2148 1059 2175 gos
1071 2140 1181 2175 intulit;
1205 2142 1251 2169 sed
1269 2143 1356 2177 ipsum
1375 2152 1389 2170 a
1408 2145 1529 2173 dannone
1547 2152 1682 2180 arreptum
1700 2149 1806 2182 garrie-

1009 2185 1075 2214 bant
1090 2186 1193 2215 Scribte
1210 2195 1218 2214 :
1235 2189 1332 2216 Annon
1350 2191 1447 2225 magis,
1464 2198 1479 2218 ο
1496 2192 1594 2227 hospes
1609 2212 1616 2225 ,
1638 2194 1711 2222 [crus
1752 2196 1805 2221 illis

1010 2231 1127 2261 Satanas
1144 2237 1203 2261 erat
1218 2234 1341 2262 infensus
1349 2235 1362 2262 τ

1197 2279 1229 2306 In
1243 2288 1287 2307 eos
1300 2280 1345 2315 qui
1360 2281 1464 2317 signum
1478 2284 1609 2318 petebant.

1046 2324 1067 2351 Α
1082 2323 1197 2352 Domino
1214 2327 1322 2361 sig-num
1348 2329 1460 2363 quaeris,
1480 2337 1496 2356 ο
1517 2329 1629 2364 Scriba;
1656 2338 1743 2357 annon
1775 2332 1803 2358 in

1009 2377 1081 2396 ωιοο
1097 2370 1235 2405 deiutegro
1247 2372 1357 2400 vidente
1370 2374 1476 2409 signum
1493 2375 1558 2402 est?
1573 2383 1662 2402 annon
1688 2377 1753 2402 item
1776 2378 1803 2403 iu

1008 2416 1091 2441 surdo
1109 2422 1216 2442 rursum
1231 2418 1359 2446 audiente
1379 2419 1486 2454 signum
1509 2421 1571 2448 est?
1591 2423 1704 2449 ouutiuo
1729 2425 1803 2457 quod

1009 2459 1108 2493 facitis,
1123 2467 1156 2487 ac
1166 2460 1268 2495 dicitis,
1280 2462 1458 2491 invidentiam
1474 2473 1528 2500 pra:
1543 2473 1573 2493 se
1591 2465 1652 2493 fert.

1338 2508 1371 2536 In
1387 2511 1467 2539 idem.

1045 2549 1159 2578 Lumine
1186 2551 1253 2579 solis
1289 2560 1322 2580 ac
1347 2555 1458 2582 a-theris
1484 2562 1597 2590 aspectu
1619 2559 1737 2585 donatus
1762 2565 1803 2586 est

1010 2603 1115 2629 caecus;
1144 2597 1250 2625 audivit
1278 2605 1408 2633 praeterea
1436 2602 1553 2636 surdus;
1573 2605 1716 2638 sanguinis
1735 2605 1802 2632 item

1007 2642 1096 2669 lluxus
1109 2643 1205 2677 stetit;
1223 2645 1359 2672 inhorruit
1374 2648 1525 2675 daemonum
1544 2649 1635 2683 legio;
1659 2658 1674 2677 e
1698 2654 1803 2678 tutnulu

1010 2689 1133 2724 prorupit
1148 2695 1291 2724 mortuus;
1307 2692 1378 2726 quod
1395 2694 1510 2728 amplius
1532 2695 1639 2730 signum
1656 2697 1800 2730 probaturi

1006 2734 1083 2768 estis,
1099 2742 1115 2761 ο
1128 2734 1252 2764 Scrihae?

1059 2789 1094 2818 ln
1108 2792 1135 2819 id
1149 2798 1159 2818 .'
1174 2792 1261 2831 Mater
1271 2803 1338 2825 mea,
1354 2800 1377 2821 el
1393 2795 1489 2831 fratres
1503 2797 1563 2824 mei.
1581 2788 1625 2831 qui
1643 2797 1747 2831 facium

1205 2829 1380 2856 't'olunlalem
1407 2830 1496 2858 Putris
1519 2841 1579 2859 met.

1046 2872 1068 2901 Ο
1081 2873 1175 2901 infelix
1192 2875 1346 2909 homuncio,
1365 2883 1392 2904 et
1404 2885 1435 2904 cx
1456 2879 1498 2905 vili
1511 2880 1614 2914 origine
1630 2886 1802 2914 procreatus,

1003 2919 1046 2947 vis
1061 2924 1087 2947 te
1100 2920 1133 2947 ad
1147 2920 1252 2949 illustre
1270 2929 1356 2957 genus
1372 2924 1539 2958 provehunt?
1555 2925 1600 2953 Dei
1627 2926 1678 2953 riu-
1704 2928 1802 2953 vuiutt-
