1936 3086
142 147 212 181 1185

138 209 176 235 Ti.
191 208 238 235 τοῦ
251 208 319 236 Θεοῦ
340 209 447 245 θέλημα
463 210 565 246 πρᾶττε
581 213 712 248 γνησίως,

139 255 194 282 Καὶ
206 254 253 282 τοῦ
269 255 346 286 Θεοῦ,
362 256 491 290 γίνωσκε,
512 259 647 294 συγγενὴς
660 260 742 296 γένῃ.

434 303 488 335 Εἰς
504 302 537 328 τὸ
553 304 638 330 αὑτό.

138 346 176 372 Οὐ
192 347 323 381 γενεῆθεν
337 347 408 384 ἀνὴρ
419 349 497 384 παρὰ
516 349 628 385 Χριστῷ
638 349 743 386 ἔμμορε
757 351 777 387 -ι-
792 351 877 387 τιμῆς
890 361 898 386 ;

138 392 206 418 Οὑδὲ
221 401 249 418 τε
268 393 406 429 θηλυτέρη
423 395 495 429 μέγα
512 396 610 423 πότνια
624 397 701 423 ἔνθεν
714 397 840 433 ὲδείχθη;

137 438 234 470 Κείνος
247 439 377 474 ἀδελφεός
389 441 446 467 ἐστι
464 441 544 475 Θεοῦ,
556 442 662 476 γενέτις
677 443 705 469 δέ
718 450 747 470 τε
765 445 854 480 κείνη,

137 484 171 510 Oi
183 484 203 519 -ι-
222 493 272 519 σφε
290 485 387 520 λόγους
400 486 535 520 τελέουσι,
549 489 598 515 καὶ
621 488 715 517 ἔνδικα
729 489 749 525 1-
762 489 852 524 οεσμὰ
865 499 927 517 ποι-

791 535 888 571 [οὖσιν.

153 577 204 609 El;-
219 575 272 604 τὸν
287 577 418 611 Χριστὸν
444 578 505 606 ἀπὸ
520 579 574 606 τοῦ
591 581 702 608 πλοίου
716 581 905 609 διδάσκοντα

367 613 438 647 τοὺς
450 614 485 641 ἐν
497 613 537 648 τῷ
548 615 685 650 αἰγιαλῷ.

140 659 200 694 ’Ἐφ’
213 660 327 692 ὑδάτων,
343 661 464 696 λέγουσι,
480 662 557 699 φωνὴ
571 664 673 698 Κυρίου
687 672 694 680 '

135 708 171 733 Τὸ
183 707 275 734 πλοῖον
290 708 395 743 ἀθρεῑς,
411 709 457 736 τὸν
475 710 634 738 διδάσκαλον
652 711 762 746 βλέπεις
773 720 780 729 ·

135 753 187 778 Τὸν
205 753 327 786 αἰγιαλὸν
342 755 489 790 τοιγαροῦν
501 756 615 791 δραμὼν
628 757 743 792 φθάσον,

134 799 190 826 Καὶ
204 799 253 834 τῆς
269 801 354 836 σοφῆς
370 801 452 829 ἄκουε
469 802 656 836 διδασκαλίας.

417 849 470 881 Εἰς
484 849 518 875 τὸ
534 851 619 879 αὑτό.

134 893 168 919 ’Ὦ
182 893 297 926 πέλεκυς
314 895 460 930 μακάριος,
473 895 496 921 ὣ
511 895 608 932 οὔρεος
622 897 712 930 ἔνθεος
724 898 791 933 ὓληε

134 938 268 973 Εὑτυχὲες
283 939 427 974 δρυτόμοιῐ
446 942 597 975 ναυπηγῶν
617 943 736 970 δάκτυλα
752 943 850 971 κεδνάι

133 983 165 1010 Οἳ
179 984 237 1011 τόδε
254 984 274 1020 -ι-
288 984 388 1019 λέμὸος
401 985 494 1013 ἔθεσθε
506 986 711 1024 θαλασσοπῆρον
723 990 905 1025 καλεγομφον,

134 1025 169 1065 ’ῼ
186 1029 251 1062 Θεὸς
262 1030 405 1065 ὲμσεὸαὼς
418 1030 577 1064 διδάσκαλος
593 1033 686 1060 ὤπασε
704 1034 801 1070 γῆρυν.

292 1087 346 1122 Εις
360 1089 418 1123 τὴν
431 1091 594 1126 ἀποτομὴν
617 1092 772 1120 Ἰωάννου.

135 1134 167 1160 Ὢ
177 1134 275 1169 κοῦφος
288 1134 364 1167 ἅναξ,
379 1137 480 1172 μιαρᾶς
494 1137 586 1170 δοῦλος
600 1139 703 1175 κόρηςΙ

136 1181 168 1206 Ὢ
179 1181 270 1215 μωρὸς
283 1182 364 1216 ὅρκος
379 1183 558 1219 συμμεριζων
575 1185 606 1211 τὸ
624 1186 741 1221 κράτοςι

133 1226 165 1252 Ὢ
177 1225 283 1252 δεῖπνον
296 1227 408 1262 αἰσχρὸν
421 1228 538 1263 αῖματος
548 1229 653 1266 χλωροῦ
667 1231 763 1259 πνέονῐ

135 1271 165 1307 ᾫ
177 1272 272 1308 νεκρὸς
284 1271 413 1308 ἔμπνους,
426 1275 473 1301 καὶ
486 1274 516 1301 τὸ
528 1275 613 1308 μῦσος
630 1276 761 1304 δεικνύων
773 1280 780 1306 ι

411 1331 463 1365 Εἰς
478 1332 511 1358 τὸ
529 1333 614 1360 αὐτό.

136 1373 169 1401 Ἦ
185 1375 290 1409 γένεσις
299 1376 388 1410 βιότου
402 1377 448 1404 καὶ
465 1377 539 1412 ζωῆς
552 1379 647 1406 ἔπλετο
659 1379 734 1415 ῥίζα,

132 1421 223 1456 Πρᾶξε
236 1422 315 1455 φόνον
328 1422 350 1448 δ’
370 1422 492 1457 Ἡρώδης
507 1425 535 1450 ὲν
550 1425 644 1460 τελετῇ
658 1427 803 1460 γενεσίωνδ

131 1466 210 1494 Οἰνου
227 1466 255 1493 δὲ
267 1467 393 1502 κρητῆρα
409 1467 564 1503 κεράσσατο
580 1470 678 1505 αἵματι
690 1471 796 1507 θερμῷ.

560 153 826 186 ΤΕΤΒΛΞΤΙΟΗΑ
850 155 892 186 1N
911 154 1044 187 NOVUM
1066 157 1365 189 TESTAMENTUM.

1702 163 1770 197 1186

940 215 962 244 Α
978 213 1033 250 οὐχ
1053 215 1066 241 ὀ
1081 214 1170 242 θανὼν
1184 215 1295 252 ἐσίγησε
1308 224 1315 232 ·
1327 216 1445 252 λυγίζεο,
1463 216 1570 253 μαχλὰς
1585 218 1714 253 ἀσελγής.

1068 273 1120 305 Εἰς
1133 272 1166 299 τὸ
1174 273 1249 300 κατὰ
1266 274 1338 308 τοὺς
1349 277 1440 302 πέντε
1452 275 1563 310 ἄρτους
1576 277 1684 312 θαῦμα.

984 327 1014 354 '0
1030 327 1119 364 μάννα
1131 328 1161 354 τ’)
1176 329 1240 364 πρὶν
1253 330 1294 361 εἰς
1314 331 1458 364 Ἰουδαίους
1474 333 1581 368 βρέχων

978 373 1035 400 Νῦν
1051 374 1083 401 ὲκ
1102 375 1185 409 μόνης
1205 375 1319 410 ἔθρεψεν
1334 377 1425 411 ἄρτων
1437 379 1569 411 πεντάδος

978 420 1034 454 Τὴν
1045 422 1268 456 πεντακισχίλιον
1284 423 1389 458 ἀνδρῶν
1402 424 1504 459 ἀγέλην
1515 433 1522 441 ·

976 467 1032 494 Καὶ
1045 468 1109 500 τοὺς
1122 470 1249 502 κοφίνους
1266 469 1317 504 τῆς
1337 471 1498 504 περισσειας
1511 471 1572 507 ὅρα.

1261 526 1313 560 Εἰς
1327 527 1361 553 τὸ
1374 529 1462 555 αὑτό.

977 570 1095 606 Ἔντερα
1108 571 1158 598 οὐκ
1171 572 1287 608 ἐπέδησε
1301 574 1417 609 τροφὴν,
1432 574 1520 611 τάπερ
1534 574 1621 602 ἔνδοθι
1640 575 1734 602 κεύθει

974 616 1104 652 Χριστὸς,
1120 618 1163 644 ὅτε
1181 617 1346 654 βραχέεσσιν
1358 621 1505 656 ἁπείρονας
1531 621 1645 657 ἔτρεφεν
1661 622 1763 657 ἄρτοις,

974 663 1031 695 Τὰς
1047 663 1075 690 δὲ
1087 664 1190 700 τροφὰς
1203 665 1306 700 aliique
1317 674 1323 680 ·
1339 668 1373 693 τὰ
1384 667 1407 693 δ’
1420 666 1509 701 ἄγγεα
1523 667 1621 694 ἔπλετο
1637 668 1753 704 μάρτυς,

973 706 1022 741 Οἷς
1038 710 1072 738 τά
1084 718 1114 744 γε
1126 710 1232 746 λείψαν’
1247 711 1354 747 ἕερκτο,
1368 714 1449 740 πέλεν
1460 714 1489 740 δέ
1501 723 1531 740 τε
1544 714 1649 741 δώδεκα
1664 715 1764 741 πάντα.

1007 766 1061 798 El;-
1073 765 1127 793 τὸν
1139 765 1176 794 ἐν
1192 767 1343 830 θαλάττἿῆ
1350 769 1519 802 περίπατον
1532 769 1664 804 Χριστοῦ
1678 769 1729 797 καὶ

1346 813 1427 830 τοου.

1346 813 1427 831 τοου.

1300 813 1427 838 ιιετρου.

971 844 1074 879 *Ηλθες
1091 848 1153 875 καθ’
1171 848 1273 884 ὑγρῶν,
1293 849 1500 886 θαυματουργία
1517 851 1567 886 μία
1579 858 1587 866 ·

937 887 958 915 Β
973 892 1093 927 Συνῆλθέ
1107 901 1148 920 σοι
1165 894 1210 920 καὶ
1227 894 1340 929 Πέτρος,
1352 895 1422 930 αὕτη
1434 896 1550 931 δευτέρα
1560 904 1568 911 ·

974 937 1101 970 "Eoum;
1113 940 1193 966 αὐτὴν
1205 940 1237 966 ἐκ
1255 940 1351 975 βυθῶν,
1365 941 1436 975 αὓτη
1453 943 1533 978 τρίτη
1545 951 1554 960 ο

972 983 1043 1015 Τοὺς
1056 984 1175 1020 ἀνέμους
1190 985 1324 1018 ἔπαυσας,
1341 986 1411 1022 αὕτη
1426 987 1543 1016 λοισθία.

1255 1045 1309 1077 Εἰς
1323 1044 1358 1071 τὸ
1377 1046 1464 1073 αὐτό.

971 1089 1074 1125 Πέτρος
1090 1089 1160 1125 ὑπὲρ
1171 1090 1266 1117 νὼτοιο
1286 1090 1437 1127 θαλάσσης,
1453 1092 1551 1128 Πέτρε,
1566 1093 1690 1130 πορεῦῃ;

971 1134 1067 1166 Πεζός.
1095 1135 1177 1170 ’Δτᾶρ
1192 1135 1233 1166 τίς
1245 1143 1285 1162 τοι
1304 1135 1382 1170 πτέρ’
1395 1136 1509 1172 ὲνάρσια
1524 1137 1590 1172 θῆκε
1609 1138 1724 1172 ποδοῖιν,

971 1180 1008 1207 Ἦ
1019 1180 1061 1211 τίς
1076 1179 1124 1206 ἀπ’
1138 1180 1287 1216 οὐρανόθεν
1298 1181 1406 1217 δολιχὴν
1418 1182 1512 1218 σειρὴν
1527 1184 1724 1218 προπετάσσας

977 1226 1023 1252 Ἐκ
1039 1225 1161 1262 κεφαλῆς
1170 1226 1262 1262 ἀνέχει
1277 1235 1324 1258 se;
1343 1228 1395 1255 Τὸν
1405 1229 1502 1263 ἐγγύθι
1515 1230 1611 1265 δέρκεο
1631 1230 1761 1265 Χριστόν.

1204 1285 1255 1316 Εἰς
1271 1284 1328 1318 τὴν
1343 1285 1532 1312 Χαναναίαν.

975 1340 1005 1367 '0
1016 1339 1134 1374 Χριστὸς
1147 1340 1229 1375 ἄρτος
1240 1348 1248 1356 ·
1266 1340 1375 1376 Ἰσραὴλ
1387 1343 1453 1373 πατς
1469 1342 1575 1377 Κυρίου
1584 1349 1594 1358 ·

974 1387 1007 1414 'ﬂ
1020 1387 1043 1412 δ’
1060 1386 1156 1422 ὲθνικὴ
1173 1387 1307 1422 σύμπασα
1323 1387 1429 1423 πατριὰ
1443 1388 1529 1416 κύων.

977 1432 1007 1458 '0
1024 1432 1089 1463 qui;
1098 1431 1144 1458 τὸν
1161 1431 1245 1467 ἄρτον
1258 1432 1383 1468 ἀφρόνως
1398 1433 1564 1469 ἀπεστράφη
1575 1443 1584 1452 ο

974 1476 1005 1503 '0
1017 1475 1040 1503 δ’
1053 1475 1099 1503 οὖν
1115 1476 1188 1504 κύων
1199 1476 1339 1512 βέσρωκεν
1351 1477 1432 1504 αὑτὸν
1447 1479 1586 1514 ἀσμένως.

131 1550 212 1575 tatem
229 1552 378 1580 exsequere
388 1566 396 1580 ,
408 1554 439 1574 ac
453 1547 522 1575 scito
535 1552 560 1575 te
575 1548 787 1583 consaguineum
802 1549 848 1577 Dei
859 1558 923 1578 eva-
936 1563 958 1592 (ς
975 1553 1121 1585 commisit,
1136 1553 1245 1588 vinique
1260 1558 1380 1588 pateram
1393 1555 1480 1583 calido
1497 1556 1590 1584 libavit
1605 1560 1735 1593 sanguine
1750 1567 1758 1588 :

130 1598 234 1619 ειιτυιη.

460 1638 492 1666 1η
506 1640 585 1667 idem.

164 1682 260 1710 Annon
276 1683 321 1718 qui
337 1691 369 1711 ex
386 1685 548 1719 cognatione
561 1685 661 1713 Christi
677 1690 746 1719 eral,
766 1687 800 1715 ab
815 1695 847 1715 eo
858 1687 918 1722 glo-

129 1729 197 1756 riam
208 1731 447 1764 consequebatur?
466 1739 555 1758 annon
571 1732 668 1766 eteius
683 1738 769 1760 mater
781 1734 918 1768 impendio

128 1775 292 1802 venerabilis
320 1776 383 1803 lude
398 1781 506 1804 ostensa
524 1777 587 1804 est?
600 1777 647 1806 Est
660 1779 696 1806 ita
714 1786 797 1813 sane;
814 1780 861 1807 scd
875 1780 917 1808 ille

127 1828 210 1849 verus
224 1820 269 1848 Dei
288 1821 382 1855 frater,
406 1827 433 1850 et
449 1822 494 1850 illa
510 1829 596 1851 mater
616 1830 667 1857 est,
681 1825 726 1860 qui
741 1827 799 1859 ejus
815 1834 917 1853 sermo-

128 1866 208 1894 nibus
223 1867 434 1902 obsecuti,justa
449 1868 495 1896 Dei
510 1869 617 1897 decreta
632 1875 827 1906 exsequuntur.

201 1922 235 1950 In
261 1922 398 1952 Christum
421 1933 476 1963 eos,
500 1927 546 1960 qui
572 1927 676 1955 stabant
695 1928 723 1955 in
738 1929 807 1963 ripa,
832 1937 846 1956 ε

385 1962 489 1994 navigio
503 1962 649 1990 docentem.

166 2003 221 2031 V'ox
239 2005 345 2032 Domini
362 2013 442 2040 super
451 2014 546 2042 aquas,
561 2009 685 2043 inquiunt
701 2010 817 2038 Psalmi:
833 2011 915 2039 Navi-

127 2050 215 2078 (niam
235 2051 320 2083 vides,
341 2057 536 2087 praeceptorem
565 2054 694 2088 intueris,
711 2064 796 2091 quare
819 2062 915 2084 auctor

129 2103 199 2127 sinu,
217 2101 245 2122 ut
260 2097 344 2129 ripam
362 2099 496 2125 currendo
513 2099 588 2134 prior
603 2107 728 2135 occupes,
749 2108 775 2129 et
797 2103 911 2138 sapieno

129 2143 248 2170 tissimus
263 2143 383 2170 docentis
398 2145 593 2178 pra-ceptiones
606 2147 751 2174 auscultes.

456 2199 490 2227 In
506 2201 585 2228 idem.

163 2244 185 2272 Ο
197 2245 322 2280 pcrbeata
338 2246 459 2273 securis!
474 2254 489 2274 o
501 2247 592 2275 divina
606 2233 703 2276 monti:
717 2250 800 2279 silva!
816 2258 832 2278 ο
843 2250 911 2279 fabri
929 2246 951 2274 Ῑ)

127 2290 232 2325 lignarii
254 2291 361 2319 felices!
390 2300 406 2319 ο
434 2300 618 2327 uaupagorum
636 2294 761 2330 gloriosze
795 2298 910 2325 manus!

127 2337 173 2371 qui
191 2338 261 2365 hunc
278 2337 408 2370 lembum,
420 2340 504 2365 maria
523 2339 685 2372 sulcantem.
701 2341 784 2370 clavis
800 2343 913 2378 pulchre

127 2387 296 2415 compactum
315 2383 482 2415 aadilicastis,
494 2384 520 2410 in
534 2377 613 2418 quem
631 2377 815 2415 conscendens
830 2389 910 2421 Deus,

127 2430 298 2463 prtecepturis
315 2429 403 2457 instar
416 2437 509 2457 vocem
535 2431 643 2459 extulit.

304 2486 338 2513 In
351 2486 480 2514 Joannem
490 2487 557 2514 collo
570 2492 731 2516 truncatum.

160 2533 182 2560 0
200 2533 337 2560 levissime
362 2533 499 2567 princeps,
531 2533 651 2560 scelesta:
670 2535 765 2570 puellm
784 2538 911 2572 nequiter

125 2579 292 2607 inserviens!
304 2578 354 2606 heu
369 2579 495 2606 stolidum
509 2585 718 2614 sacramentum,
733 2581 838 2617 imperii
855 2592 911 2619 po-

125 2630 247 2654 lestatem
263 2626 441 2659 disperticns!
467 2626 518 2653 heu
529 2627 643 2654 couvivii
671 2629 836 2658 finditateml
855 2640 910 2667 quo

125 2672 234 2700 decolor
260 2672 403 2699 anhelatur
426 2671 547 2708 sanguis,
576 2673 619 2701 hei
643 2675 751 2710 spirans
767 2678 903 2706 cadaver!

125 2719 238 2746 Herodis
255 2718 343 2745 scelus
356 2726 484 2753 arguens.

443 2775 476 2802 In
500 2776 580 2803 idem.

159 2822 219 2849 Dies
234 2823 295 2848 vitae
311 2822 407 2849 natalis
422 2827 449 2849 et
466 2823 644 2856 primordium
664 2830 733 2858 erat,
745 2833 805 2853 cum
823 2826 908 2856 Hero-

124 2868 170 2896 des
195 2869 220 2896 in
247 2869 413 2897 Solemuibus
450 2870 578 2897 natalium
602 2873 772 2901 caeremoniis
803 2874 903 2903 caedem

974 1606 1023 1625 nec
1034 1598 1141 1626 occisus
1158 1599 1250 1631 tacuit,
1268 1601 1337 1627 unde
1354 1601 1493 1636 impudica
1511 1603 1640 1631 meretrix
1653 1610 1759 1633 contor-

969 1646 1111 1680 quebatur.

1152 1704 1189 1730 De
1202 1704 1330 1731 miraculo
1348 1705 1459 1740 quinque
1472 1714 1581 1741 panum.

1003 1750 1053 1784 Qui
1069 1751 1144 1785 prius
1159 1751 1185 1777 in
1204 1749 1311 1778 Judaeos
1333 1759 1431 1778 manna
1453 1752 1606 1786 depluebat,
1630 1762 1702 1781 nunc
1724 1762 1757 1782 ex
1809 1756 1814 1760 '

967 1798 1058 1832 quinis
1081 1801 1184 1824 lantiunt
1218 1797 1314 1824 refecit
1339 1798 1454 1830 panibus
1491 1799 1612 1834 quinqtte
1642 1801 1757 1828 millium

968 1844 1109 1871 hominum
1128 1843 1259 1871 turbam:
1280 1844 1404 1872 residuos
1431 1852 1447 1872 ο
1469 1846 1598 1874 convivio
1624 1847 1757 1882 c0phinos

969 1889 1089 1917 intuere.

1293 1935 1325 1964 In
1346 1937 1425 1964 idem.

1002 1983 1096 2016 Populi
1107 1983 1210 2010 viscera
1223 1991 1303 2010 omne
1315 1990 1368 2010 non
1382 1983 1575 2012 continuerunt
1588 1984 1756 2018 alimentum.

965 2028 1037 2063 quod
1055 2029 1127 2055 intus
1143 2029 1284 2063 ingerebat
1301 2028 1439 2061 Christus,
1457 2037 1518 2057 cum
1534 2030 1627 2065 paucis
1641 2031 1756 2065 panibus

965 2073 1124 2101 innumeros
1140 2074 1212 2108 pavit
1228 2074 1362 2108 homines,
1379 2075 1603 2110 multiplicatione
1632 2075 1755 2103 alimenti

965 2115 1055 2150 facta;
1070 2122 1151 2144 testes
1174 2117 1239 2143 mihi
1268 2122 1331 2145 sunt
1350 2118 1457 2152 cophini
1471 2119 1612 2147 duodecim
1631 2127 1754 2153 numero,

965 2162 1064 2196 quibus
1081 2162 1187 2195 prandii
1204 2163 1326 2196 reliquis:
1342 2169 1407 2190 aunt
1422 2165 1559 2198 repositae.

1013 2217 1053 2245 De
1072 2218 1171 2246 Christi
1186 2222 1210 2246 et
1239 2219 1314 2246 Petri
1335 2228 1413 2254 super
1427 2229 1500 2248 mare
1515 2222 1705 2251 ambulatione.

1001 2264 1054 2292 Per
1064 2273 1137 2293 mare
1150 2265 1339 2298 tleambulasti,
1353 2267 1468 2300 primum
1481 2268 1651 2302 miraculum;
1667 2275 1753 2297 tecum

964 2310 1115 2338 ambulavit
1130 2315 1157 2338 et
1171 2310 1280 2344 Petrus,
1297 2312 1349 2339 hoc
1364 2313 1530 2347 secundum;
1557 2322 1618 2341 eum
1640 2323 1672 2342 ex
1699 2316 1753 2343 imo

966 2356 1051 2383 maris
1063 2357 1187 2391 eripuisti
1206 2358 1324 2392 gurgite,
1343 2359 1393 2385 hoc
1409 2359 1517 2386 tertium
1531 2368 1539 2394 ;
1554 2363 1681 2396 quodque
1705 2370 1752 2398 po-

963 2406 1092 2430 stremum
1114 2407 1165 2436 est,
1180 2409 1319 2431 ventorum
1347 2405 1467 2434 turbines
1483 2407 1594 2434 sedasti.

1293 2460 1326 2489 1η
1349 2461 1427 2489 idem.

999 2509 1084 2538 Pedes
1101 2511 1127 2538 in
1153 2519 1282 2547 suprema
1308 2514 1378 2540 unda
1397 2515 1509 2549 gradum
1535 2514 1612 2549 facis,
1627 2523 1643 2542 ο
1660 2515 1750 2543 Putre!
1768 2511 1770 2516 ’

963 2557 1026 2591 quis
1043 2564 1125 2590 porro
1143 2559 1301 2586 commodas
1328 2560 1380 2586 tuis
1402 2561 1516 2594 pedibus
1539 2562 1597 2589 alas
1627 2563 1750 2597 aptavit?

960 2601 1002 2629 vel
1016 2603 1076 2636 quis
1086 2602 1217 2638 prolixam
1232 2612 1247 2631 e
1260 2604 1329 2633 celo
1340 2609 1462 2633 catenam
1478 2607 1652 2641 protendens,
1666 2613 1691 2634 te
1703 2615 1748 2634 ca-

960 2647 1015 2682 pite
1034 2650 1187 2676 sustentat!
1201 2651 1466 2684 prosit-ieiuvantem
1482 2652 1619 2681 Christum
1632 2654 1747 2682 intuere.

1231 2695 1265 2724 In
1278 2696 1468 2725 (Iliananwnm.

995 2738 1077 2767 Panis
1093 2740 1281 2774 Cliristus.es|;
1297 2743 1411 2778 populus
1433 2744 1552 2774 Israelita
1580 2746 1648 2774 filius
1670 2748 1746 2777 fami-

961 2783 1029 2817 lias;
1050 2784 1177 2813 universa
1191 2786 1361 2814 ethnicorum
1378 2787 1480 2816 familia
1503 2790 1597 2824 canis,
1613 2792 1671 2825 jain'
1683 2801 1746 2821 vero

959 2832 1030 2860 ﬁlius
1053 2841 1152 2868 panem
1174 2835 1394 2865 fastidiosissime
1419 2844 1560 2867 aversatus
1589 2846 1630 2869 est
1658 2849 1666 2872 :
1692 2852 1746 2879 quo

958 2877 1071 2909 factum.
1084 2884 1114 2907 ut
1128 2879 1308 2910 libentissime
1317 2882 1425 2911 tandem
1441 2885 1517 2912 canis
1529 2888 1687 2914 comederit.
