1936 3086
423 193 475 226 Εἰς
488 192 546 227 τὴν
559 191 737 222 ἀνάστασιν.

188 238 237 266 Ναὶ
249 238 298 272 λὰξ
312 237 420 266 ὲνάλλου
433 239 472 273 τῷ
490 238 606 273 θανάτῳ.
624 238 728 274 Χριστὲ
743 247 806 274 μου,

188 284 239 312 Ναὶ
254 285 354 320 πλῆττε
368 285 418 320 τὴν
432 284 570 320 ἄπληστον
585 284 668 321 νᾼδου
684 284 818 320 γαστέρα,

187 330 259 362 Ἕως
270 331 304 357 ἂν
316 329 364 361 οὓς
381 330 510 357 πέπωκεν
526 330 705 367 ἑξαναπτύσῃ
715 339 722 347 ·

186 375 240 402 Καὶ
250 375 296 402 λύε
311 375 374 407 τοὺς
392 375 538 410 σχεθέντας
553 377 629 412 αὐτῷ
646 377 783 412 δεσμίους.

465 432 518 464 Εἰ(-
537 432 570 458 τὸ
585 432 670 459 αὑτό.

187 489 298 523 Ἔγρεο,
311 488 519 524 πρωτόπλαστε,
539 489 714 524 παλαιγενὲς,
733 489 813 526 ἔγρεο
834 490 949 526 τύμϐου·

184 534 275 568 Κάμὲ,
293 533 373 568 Λὸγε,
388 534 538 570 ξυνάειρον,
552 535 617 569 ἐμὸς
628 535 656 562 δέ
671 544 717 563 κεν
730 532 784 568 ult;
792 536 918 571 ὲτύχθης,

186 580 263 614 Κάμὲ
278 580 317 613 δὲ,
332 581 515 615 παμμεδέων·
535 581 598 616 μηδ’
612 582 698 616 ἡμέες
718 579 768 609 ὦδε
786 582 932 617 μενοῦμεν.

187 626 300 653 ﬂat-auat
313 627 402 654 πάντα
418 627 489 662 φόως
509 619 697 664 ποτιδέρκεσ6’
717 628 797 656 ἔθνεα
809 628 924 664 νεκρῶν.

403 686 456 718 Εὶς
471 685 525 718 τὰς
534 687 737 721 μυροφόρους.

187 738 308 772 Ἰωάννα,
325 739 388 772 ποῦ,
410 739 473 773 ποῦ,
491 740 619 776 Σαλώμη,
638 741 794 776 αυντρέχεις

181 785 246 820 “In
261 786 395 822 Μαριάμς
418 786 465 819 El:
480 787 570 823 Ἰησοῦ
585 787 631 815 τὸν
649 788 748 822 τάφον.

185 830 267 865 Κάγὼ
281 832 329 858 σὺν
341 832 415 868 ὑμῖν.
429 830 484 860 Ποῦ
497 833 520 860 δ’
537 834 551 860 ὁ
565 833 660 869 νεκρὸς
675 833 780 870 ἐκλάπη
794 843 801 868 ;

185 877 239 904 οὐκ
253 878 372 914 ἑκλάπη,
388 878 530 913 γυναῖκες,
545 879 614 906 ἀλλὰ
627 879 681 912 ζῶν
695 880 780 916 μένει.

440 958 475 985 1η
491 959 719 987 resurrectionem.

212 1002 272 1034 Eia.
283 1003 392 1032 Christe
402 1005 447 1038 mi,
463 1005 576 1040 pedibus
586 1005 717 1033 insultans
737 1009 851 1032 mortem
863 1004 970 1039 procul-

178 1055 235 1082 τοι
251 1049 292 1077 eia
304 1050 492 1085 inexplebilem
510 1050 658 1078 inferorum
678 1051 834 1085 voraginem
851 1050 968 1085 corripe,

183 1095 269 1123 donec
283 1096 351 1131 ipsa,
368 1105 436 1131 quos
458 1097 543 1124 hianti
569 1097 636 1125 rictu
663 1098 800 1129 exhausit,
824 1101 966 1131 revomat;

183 1145 211 1168 et
221 1141 344 1170 thlCﬂlOS
363 1142 398 1169 ibi
411 1142 533 1177 captivos
548 1143 574 1170 in
591 1143 742 1171 libertatem
757 1150 858 1171 assere.

509 1200 542 1228 In
560 1201 638 1230 idem.

215 1256 324 1284 Annose
346 1256 443 1290 Adam.
460 1257 508 1291 qui
532 1256 608 1288 prior
627 1257 758 1284 formatus
783 1264 821 1290 es,
849 1264 964 1293 exsurge

181 1302 303 1335 tumulo;
321 1307 348 1330 et
375 1310 428 1334 me,
441 1310 457 1330 ο
473 1302 602 1336 Verbum.
618 1303 717 1335 excita,
732 1310 790 1331 mea
807 1303 870 1331 item
891 1303 965 1331 fuisti

178 1347 305 1381 soboles;
319 1355 362 1376 me
376 1349 470 1383 etiam,
480 1349 666 1384 potentissime
678 1349 751 1382 Rex;
774 1350 818 1377 hic
831 1358 883 1377 non
897 1351 957 1378 diu-

180 1394 234 1420 tius
259 1394 446 1428 morabimur;
464 1400 595 1430 quantum
622 1402 790 1423 mortuorum
818 1396 883 1424 estis
910 1404 962 1424 uno

181 1445 271 1467 omnes
284 1440 385 1475 impetu
400 1441 485 1468 lucem
498 1441 621 1475 aspicite.

286 1497 324 1525 De
348 1498 502 1525 mulieribus
517 1504 678 1534 unguentum
703 1498 854 1532 ferentibus.

213 1555 283 1588 Quo,
297 1554 412 1587 Joanna,
426 1563 490 1590 quo,
506 1555 623 1588 Salome,
648 1556 751 1583 citatim
773 1556 885 1584 curritis
911 1564 963 1583 una

179 1608 239 1629 cum
253 1602 352 1629 comite
371 1601 476 1629 Maria?
496 1601 524 1629 In
550 1602 650 1630 Christi
674 1603 838 1637 sepulcrum.
858 1603 891 1629 Et
915 1609 964 1636 ego

178 1653 222 1673 me
235 1646 309 1673 vobis
321 1647 475 1682 adiungant.
495 1648 552 1681 Quo
573 1655 636 1675 vero
651 1648 813 1675 snbductmn
828 1652 869 1674 est
881 1648 963 1675 cada-

178 1690 249 1717 ver?
277 1689 452 1726 Nequaquam
486 1697 592 1727 raptum
637 1696 697 1725 est,
735 1692 879 1726 mulieres;
916 1694 963 1720 sed

175 1735 255 1763 vivit.

780 138 985 170 THEODORI.
997 139 1196 170 PRODROMI

1742 143 1815 175 H96

1320 195 1371 229 Εἰς
1384 195 1417 223 τὸ
1430 196 1513 224 αὐτό.

1022 241 1069 272 Τίς
1082 240 1150 268 λᾶαν
1165 241 1321 278 μετάειρεν,
1337 243 1482 278 ὑπέρμεγα
1495 242 1580 278 πῶμα
1594 242 1690 277 τάφοιο
1702 251 1710 275 ;

1021 285 1068 318 Τίς
1082 286 1110 314 δέ
1124 295 1154 314 τε
1165 287 1262 323 νεκρὸν
1275 288 1382 315 ἄνακτα
1398 288 1532 323 συλήσατο
1546 288 1650 323 τύμϐον
1663 288 1784 324 ὀρύξας

1021 332 1104 366 Σῶμα
1116 333 1211 367 νεκρὸν
1225 333 1319 360 auide:
1329 332 1521 368 τυμϐωρύχος.
1540 333 1634 369 Αὐτὰρ
1658 333 1764 369 Ἰησοῦς

1023 377 1142 413 Ἐγρετ’,
1157 378 1219 406 ἐπεὶ
1234 379 1300 411 Θεός
1313 381 1387 406 ἐστι·
1402 379 1499 415 Πέτρῳ
1511 379 1580 414 φάτε
1604 379 1702 413 ταῦτα,
1713 381 1811 414 γυναῖ-

1700 425 1770 462 [χες.

1287 472 1338 505 Εις
1349 472 1393 504 τὸ,
1408 472 1539 506 Χαίρετε.

1022 517 1058 543 Τὸ
1072 518 1149 552 χαῖρε
1163 518 1211 544 καὶ
1220 517 1284 553 πρὶν
1300 518 1400 554 appear]
1414 520 1447 554 τῇ
1464 518 1613 554 Παρθένῳ·

1021 563 1058 589 Τὸ
1068 564 1146 599 χαῖρε
1161 564 1208 590 καὶ
1224 564 1271 591 νῦν
1290 566 1349 595 ταῖς
1367 565 1490 599 γυναιξὶν
1505 564 1619 600 season.

1026 608 1059 635 Ἦ
1077 610 1125 644 μὲν
1137 609 1246 637 δέδεκτο
1259 611 1309 646 τὴν
1322 612 1410 647 χαρὰν
1421 611 1471 646 τὴν
1483 611 1596 646 ὑψόθεν,

1020 654 1054 681 Αἱ
1073 654 1102 681 δὲ
1112 655 1241 690 κροτοῦσι
1252 656 1300 692 τὴν
1313 656 1402 691 χαρὰν
1412 657 1461 691 τὴν
1478 657 1511 683 ὲκ
1525 656 1623 691 τάφου.

1301 702 1355 734 Εις
1364 700 1398 727 τὸ
1412 701 1497 728 αὐτό.

1021 743 1178 780 Θηλυτέρῃς
1194 744 1346 782 προτέρῃσι
1358 746 1524 780 παλαιγενὲς
1542 747 1641 774 ἔπλετο
1654 747 1770 780 πένθος·

1021 787 1180 824 Θηλυτέρῃς
1200 790 1351 826 προτέρῃσι
1363 791 1451 826 χαρὰν
1464 791 1533 825 ιδότο
1548 792 1666 827 Χριστὸς
1678 793 1808 826 ἀναστάς.

1021 833 1118 870 Γήθευ,
1131 835 1151 870 -ί-
1162 835 1261 870 κόσμος
1272 836 1355 869 ἅπας,
1372 837 1471 872 χειρῶν
1483 837 1507 864 δ’
1521 837 1567 864 ἐπὶ
1577 837 1705 873 κύμϐαλα
1715 839 1810 872 παῖζε,

987 872 1010 902 Β
1022 881 1103 908 ὀττι
1119 881 1143 908 σ¹
1158 881 1225 915 ἄναξ
1236 881 1380 919 ἀνέγειρεν
1397 883 1487 910 Ἀΐδαο
1498 883 1530 910 ὲκ
1544 872 1701 913 πυλεῶνων.

1348 962 1382 990 In
1398 963 1476 991 idem.

1059 1005 1127 1040 Quis
1141 1006 1276 1042 ingentem
1290 1007 1417 1043 lapidem,
1432 1016 1487 1044 quo
1502 1014 1705 1037 monumentum
1718 1015 1808 1038 conte-

1021 1051 1103 1087 gitur,
1114 1051 1167 1079 alio
1180 1052 1317 1080 traduxit?
1330 1053 1396 1086 Quis
1408 1053 1471 1081 item
1485 1055 1673 1089 sepulcrorum
1683 1055 1806 1085 eﬂ‘ractor

1020 1100 1154 1123 mortuum
1163 1095 1262 1131 Regem
1274 1097 1405 1133 sacrilege
1416 1098 1495 1126 tulit?
1505 1098 1553 1126 soli
1562 1105 1729 1127 mortuorum
1737 1107 1805 1135 prte-

1020 1141 1130 1170 datores
1142 1142 1271 1170 cadavera
1283 1143 1384 1170 violant
1393 1151 1400 1170 :
1409 1144 1464 1171 imo
1483 1142 1563 1172 Iesus
1588 1150 1683 1180 suapte
1696 1147 1806 1175 virtute.

1021 1194 1082 1214 cum
1099 1187 1135 1214 sit
1151 1187 1232 1220 Deus,
1245 1195 1259 1214 ο
1283 1189 1398 1217 mortuis
1418 1190 1553 1225 surrexit;
1581 1191 1606 1218 id
1631 1193 1702 1226 quod
1726 1191 1805 1221 Petra

1018 1233 1171 1266 edisserite,
1183 1234 1318 1262 mulieres.

1315 1281 1348 1308 In
1363 1283 1389 1309 id
1404 1290 1413 1310 :
1437 1283 1524 1311 Avele.

1051 1325 1130 1353 Prius
1146 1326 1252 1360 quidem
1270 1327 1372 1362 Virgini
1388 1329 1445 1357 Ave
1466 1331 1674 1364 praenuntiatum
1699 1331 1803 1363 luerat;

1018 1378 1088 1398 nunc
1100 1379 1181 1405 porro
1196 1373 1289 1399 eadem
1321 1373 1480 1402 mulieribus
1496 1375 1623 1403 salutatio
1641 1377 1802 1410 replicatur;

1016 1415 1059 1442 illa
1074 1417 1179 1450 quidem
1195 1416 1287 1443 laetitia
1310 1418 1414 1446 ccclitus
1433 1419 1540 1454 perfusa
1555 1425 1606 1454 est,
1630 1421 1687 1449 istae
1709 1421 1797 1448 hilari-

1017 1461 1135 1488 tudinem
1151 1469 1166 1488 e
1182 1461 1284 1488 tumulo
1295 1470 1354 1489 cum
1371 1463 1464 1498 plausu
1476 1471 1626 1501 reportant.

1346 1508 1378 1536 In
1395 1511 1474 1538 idem.

1056 1554 1184 1583 Omnium
1197 1557 1290 1590 prima:
1302 1556 1428 1583 mulieres
1440 1557 1585 1591 patientem
1600 1557 1736 1585 Christum
1747 1558 1799 1586 elu-

1018 1606 1131 1634 xerunt;
1147 1602 1266 1628 omnium
1293 1601 1394 1636 primas
1419 1602 1490 1629 item'
1510 1603 1637 1630 mulieres
1657 1611 1800 1639 resurges

1016 1646 1142 1674 Christus
1155 1647 1337 1674 exsullatione
1352 1646 1473 1681 perfudit
1497 1657 1504 1676 :
1530 1648 1636 1683 gaudiis
1654 1649 1770 1683 exsulta,
1786 1657 1800 1675 r

1016 1692 1102 1724 orbis,
1118 1692 1242 1727 cymbala
1263 1693 1388 1720 manibus
1406 1692 1520 1728 pulsato,
1536 1693 1608 1729 quod
1622 1698 1649 1722 te
1662 1702 1708 1722 rex
1721 1695 1799 1723 Chri-

1015 1743 1073 1767 stus
1093 1739 1125 1766 ah
1140 1739 1287 1768 inferorum
1304 1740 1446 1769 vestibulis
1460 1741 1597 1770 extulerit.

868 1907 1106 1953 ΜΑΡΚΟΣ.

861 2061 1114 2110 MARCUS.

403 2217 457 2250 Εις
472 2214 527 2243 τὸν
541 2215 719 2252 μογιλάλον.

181 2263 283 2300 Ἰατρδν
294 2262 393 2299 εὑρὼν,
409 2262 567 2298 μογγιλάλε,
581 2263 626 2290 τὸν
642 2263 741 2297 Λόγον,

174 2311 230 2346 Τὴν
242 2309 368 2345 γλῶσσαν
383 2309 500 2344 ὑγίαινε,
515 2309 562 2336 καὶ
578 2309 684 2344 τρανῶς
701 2308 765 2342 λέγε
775 2316 782 2324 ·

174 2356 227 2383 Τοῦ
242 2356 296 2391 γὰρ
306 2354 394 2389 Λόγου
406 2355 550 2390 παρόντος,
568 2355 599 2381 οὐ
620 2354 766 2388 φθέγξαιτό
778 2353 798 2390 -ι-
813 2362 874 2388 τις;

173 2401 232 2430 Καὶ
242 2401 291 2429 τοῦ
306 2400 400 2437 ἰατροῦ
415 2399 624 2436 μογγιλαλήσειέ
638 2407 699 2433 τις;

455 2446 508 2478 Εις
520 2444 555 2472 τὸ
573 2444 659 2472 αὐτό.

174 2491 348 2528 Μογγιλάλου
363 2490 490 2527 γλῶσσάν
501 2490 563 2518 ποθ’
578 2490 704 2525 ὑγίασας,
721 2487 744 2517 ὧ
757 2491 808 2519 ἄνα.
824 2489 938 2527 Χριστὲ,

304 2572 337 2602 In
355 2582 413 2602 eum
429 2574 474 2609 qui
491 2574 616 2609 impedita
645 2578 700 2601 erat
716 2574 815 2610 lingua.

201 2621 252 2655 Tu,
269 2621 314 2655 qui
327 2627 397 2656 aegre
411 2620 541 2655 loqueris,
555 2619 665 2648 invento
679 2621 783 2648 medico
796 2620 842 2648 Dei
858 2619 955 2652 Verbo,

173 2668 265 2703 lingua
281 2666 352 2695 belle
365 2671 390 2694 te
406 2667 517 2699 habeas.
527 2667 651 2701 expedite
663 2667 772 2702 loquere
784 2674 792 2699 ;
806 2673 868 2693 num
884 2665 955 2692 enim

171 2714 258 2749 possit
269 2712 337 2746 ﬁeri,
354 2716 383 2739 ut
395 2712 455 2747 quis
478 2716 610 2748 praesente
624 2711 712 2740 Verbo
738 2720 791 2740 non
811 2711 957 2747 loquatur?

171 2763 219 2787 aut
233 2766 324 2787 coram
345 2759 450 2786 medico
465 2766 528 2785 num
543 2758 606 2793 quis
621 2753 757 2786 balbutire
773 2757 882 2793 potest?

502 2804 535 2832 In
550 2805 628 2831 idem.

203 2850 380 2880 Balhutientis
395 2851 513 2880 hominis
536 2851 656 2886 linguam
680 2850 816 2886 quondam
835 2849 949 2883 sanasti,

975 2218 999 2247 Ι)
1013 2215 1067 2243 Καὶ
1084 2216 1154 2252 μετά
1165 2216 1191 2243 οἱ
1207 2216 1331 2252 χείλεσφι
1345 2215 1426 2250 λόγον
1443 2213 1527 2250 πόρις
1541 2213 1721 2249 ἀγλαόφωνον
1730 2219 1740 2230 ⁸

1010 2261 1104 2297 Αὐτὰρ
1116 2261 1182 2297 ἐμδν
1192 2261 1402 2297 βραδύγλωσσον
1414 2261 1461 2287 lui.
1478 2260 1566 2295 στόμα
1581 2260 1669 2295 γῆρυν
1681 2257 1795 2287 ὀπάσαις

1010 2307 1226 2344 Κραιπνοσάτιν,
1239 2307 1384 2343 ταχέεσσιν
1400 2306 1565 2341 ὲῖσκομένην
1580 2305 1734 2339 πετεηνοῖς.

1043 2375 1094 2408 Ek
1106 2374 1165 2408 τὴν
1183 2374 1220 2401 τὰ
1233 2374 1288 2402 δύο
1299 2374 1396 2401 λεπτὰ
1409 2372 1642 2407 προενέγκασαν
1657 2370 1768 2405 χήρην.

1009 2443 1102 2477 Ψυχὴ,
1122 2441 1217 2469 παθῶν
1226 2442 1327 2476 χήρευε
1344 2441 1399 2468 τῶν
1413 2439 1565 2476 ὀμοζύγων,

1008 2489 1063 2516 Καὶ
1073 2488 1159 2515 λεπτὰ
1173 2487 1338 2523 προσκόμιζε
1352 2487 1390 2522 τῷ
1406 2487 1484 2521 Λόγῳ
1494 2485 1551 2518 δύο,

1013 2571 1122 2599 Christe
1139 2571 1206 2603 Rex,
1221 2569 1381 2597 transmissa
1397 2568 1456 2603 ejus
1466 2568 1546 2595 labiis
1560 2566 1703 2595 artlculata
1716 2573 1793 2600 voce,

1012 2617 1079 2645 mihi
1102 2625 1167 2645 vero
1195 2624 1267 2645 nunc
1292 2623 1340 2644 ore
1366 2615 1520 2649 tardiloquo
1542 2613 1676 2641 laboranti
1701 2619 1792 2640 vocem

1011 2665 1143 2700 prmbcas,
1155 2663 1191 2692 ita
1200 2663 1364 2698 expeditam,
1377 2667 1406 2689 ut
1418 2661 1571 2697 pernicibus
1582 2660 1693 2687 alitibus
1708 2658 1789 2687 similv

1011 2711 1074 2738 lima
1089 2711 1134 2739 sit.

1146 2755 1184 2782 De
1200 2755 1277 2782 vidua
1296 2755 1369 2781 binos
1385 2754 1513 2781 terunlior
1523 2754 1657 2788 offerente.

1045 2802 1150 2829 lntimis
1162 2801 1312 2834 all'eetibus,
1326 2801 1430 2834 tibique
1440 2804 1536 2827 natura
1550 2797 1791 2834 coniunctissimis.

1009 2857 1026 2877 ο
1047 2849 1147 2882 anima,
1161 2852 1220 2876 esto
1245 2847 1338 2880 vidua,
1360 2846 1518 2880 duobusque
1554 2845 1664 2873 minutis
1690 2843 1791 2874 assibus
