1936 3086
135 180 202 216 119⁸1

137 241 186 268 Γὸν
202 239 263 266 νοῦν
277 247 307 266 τε
319 238 503 273 λεπτύνουσα,
518 238 606 266 καὶτὸ
622 238 734 275 σαρκίον
746 258 755 272 ,

136 284 184 315 Ὠς
199 283 350 319 εὐλογηθῇς
365 283 419 312 τῶν
437 283 618 319 πολυχρύσων
630 284 725 312 πλέον.

418 331 470 364 Εὶς
485 329 519 357 τὸ
536 331 621 358 αὐτό.

135 375 168 404 Ὠ
179 377 252 412 ψυχὴ
265 376 389 412 βασίλεια
403 377 465 412 μέγ’
480 377 569 413 ὸλϐίη,
589 379 660 414 ἀμφὶ
677 379 789 414 γυναικὶ

135 424 212 459 Χήρῃ
228 423 358 459 δυστυχέῖ
373 424 526 456 ζάπλουτον
540 424 585 460 ἄρ’
598 425 658 452 sua).
670 425 796 459 γύναιον.

136 469 183 499 Ἢ,
197 469 244 496 δύο
258 469 345 497 λεπτά
363 469 432 505 βίοιο
445 469 578 506 ἐχέγγυον
592 468 647 498 οἷον
663 470 775 506 ἔχουσα,

134 514 229 542 Ταῦτα
238 514 299 550 Θεῷ
312 515 498 551 προδέδωκας,
516 516 586 551 ἀτὰρ
613 515 638 542 a‘
654 516 808 550 ἀπεδέξατο
825 517 924 549 κεῖνος.

365 563 417 595 El;
433 561 490 596 τὴν
505 562 674 596 ἀνάληψιν.

135 608 259 642 Ἀνελθε,
277 608 451 644 Παράκλητε,
469 608 538 644 πρὸς
550 608 596 636 τὸν
613 609 732 646 Πατέρα,

132 678 243 706 Christo
257 677 335 705 litare
353 678 483 713 satagilo,
502 682 593 707 mente
606 683 634 706 ct
644 685 758 715 corpore
770 679 928 715 suppliciter

133 732 226 753 coram
250 723 306 752 Deo
325 724 525 760 demlssis.quo
545 731 627 760 supra
639 725 866 761 locupletissimos
879 726 928 755 bo-

133 777 231 799 norum
248 770 483 799 benedictionibus
498 771 642 799 exuberes.

456 837 492 866 In
518 838 597 868 idem.

133 954 208 982 fores
227 961 380 982 aerumnosa
404 954 496 987 vidua,
511 961 552 981 nae
567 961 637 982 nunc
649 953 677 982 in
693 953 927 989 opulentissimam

134 1001 278 1029 mulierem
293 1000 424 1034 evasisti;
439 1007 501 1036 quae
515 1000 584 1028 duos
606 1001 724 1028 minutos
738 1000 845 1034 obolos,
858 1008 927 1036 quos

134 1047 197 1075 vitm
212 1051 266 1075 tua:
281 1047 379 1083 pignus
396 1047 507 1075 unicum
535 1047 707 1081 asservabas,
727 1046 783 1075 Deo
804 1054 926 1083 praesen-

135 1095 216 1128 tasti;
231 1094 280 1122 hos
294 1094 366 1122 enim
385 1093 429 1122 ille
442 1092 565 1122 inventor
576 1093 694 1129 accepit.

543 179 808 212 TETRASTICHA
829 179 872 212 IN
891 178 1028 213 NOVUM
1047 180 1349 213 TESTAMENTUM.

938 242 965 269 Α
977 238 1033 266 Καὶ
1048 238 1142 274 πέμπε
1156 238 1339 274 Παράκλητον
1356 237 1438 266 ἄλλον
1451 237 1508 270 τοῖς
1520 236 1607 270 κάτω,

979 284 1077 311 Ἀλλον
1088 284 1239 320 προσώπῳ·
1258 284 1296 320 μὴ
1312 285 1365 320 γὰρ
1383 285 1510 319 εἴποιμεν
1523 283 1616 318 φύσει,

977 327 1025 362 οἷς
1037 330 1171 366 ταυτότης
1185 330 1320 366 ᾰτμητος,
1333 330 1350 365 ἠ
1367 330 1418 364 τῆς
1433 329 1541 362 οὐσίας.

1698 182 1767 217 1198

1265 400 1316 433 Εἷς
1331 399 1365 426 τὸ
1382 400 1468 427 αὑτό.

979 469 1119 504 ΙἈγγελοι,
1135 468 1312 504 ἀμπετάνυτε
1326 468 1371 495 ἐπ’
1383 467 1527 504 οὐρανίους
1544 467 1699 502 πυλεῶνας,

977 516 1097 552 Χριστὸς
1111 515 1180 549 ἄναξ
1192 515 1326 549 ἀνάεισιν,
1338 514 1444 552 ἐρυθρά
1458 524 1489 543 τε
1502 514 1523 551 ἰ-
1540 515 1633 543 πέπλα
1645 515 1733 544 Θαοίο·

979 563 1034 590 Ναὶ
1045 561 1111 589 τάδε
1126 561 1180 598 γὰρ
1198 561 1373 598 περίχρωσιν
1385 560 1528 597 ἁλουργίδι
1541 561 1659 597 αἵματος
1674 560 1770 596 ἁγνοῦ,

985 608 1094 636 Ῥύσιον
1106 608 1121 635 ὃ
1137 607 1252 644 βροτέης
1267 608 1316 635 ἐπὶ
1330 607 1422 644 πάσης
1436 607 1537 644 χεύατο
1552 607 1667 643 φύτλης.

1264 678 1302 706 De
1326 679 1487 706 ascensione.

1015 725 1139 754 Ascende
1149 725 1183 753 ad
1194 725 1314 759 Patrem,
1324 726 1481 754 consolator
1489 725 1643 758 hominum,
1654 724 1773 758 Christe;

981 771 1080 806 quibus
1092 771 1175 799 alium
1190 772 1268 800 mitte
1278 771 1461 805 Paracletum,
1473 771 1557 800 alium
1571 778 1691 807 persona
1703 779 1711 806 ;
1724 778 1773 800 nec

980 816 1054 845 enim
1072 823 1168 845 natura
1183 816 1344 851 dixerimus,
1358 817 1458 854 quibus
1473 816 1634 846 substantiae
1645 815 1775 846 identitas

981 863 1157 892 indivisibilis
1168 868 1222 892 est.
1310 877 1313 879 -
1508 867 1512 871 ‘

171 907 194 935 0
208 907 306 943 regalis
324 914 355 935 ac
377 913 509 943 perquam
534 906 600 935 felix
620 907 722 940 anima,
753 915 817 936 cum
847 911 927 936 antea
942 924 966 957 Β

1318 908 1353 936 In
1366 909 1447 937 idem.

1019 955 1049 984 In
1066 955 1197 984 caelorum
1214 955 1379 984 vestibulum
1402 957 1517 990 evolate,
1531 956 1632 992 angeli,
1649 954 1775 984 Christus

982 1008 1030 1029 rex
1047 1008 1109 1029 curn
1127 1005 1203 1029 veste
1224 1008 1365 1037 purpurea
1391 1001 1574 1036 conscendit;
1601 1000 1677 1029 illam
1700 999 1775 1028 enim

981 1046 1136 1075 intemerati
1151 1047 1293 1082 sanguinis
1304 1046 1439 1076 coloravit
1448 1054 1580 1084 purpura,
1594 1053 1676 1082 quem
1692 1043 1773 1078 fudit.

980 1093 1100 1121 universi
1117 1093 1226 1129 generis
1240 1093 1352 1121 humani
1366 1093 1484 1128 pretium
1500 1092 1633 1122 futurum.

837 1252 1079 1297 ΛΟΥΚΑΣ

860 1407 1060 1454 LUCAS.

346 1558 399 1590 Εἰς
413 1557 466 1585 τὸν
480 1557 724 1593 Εὑατγελισμόν.

134 1607 178 1639 Ὠ,
195 1607 287 1642 χαῖρε,
301 1605 389 1640 σεμνὴ
403 1605 453 1640 τῆς
470 1604 550 1640 ξένης
565 1603 708 1637 ὀπτασίας,

134 1653 202 1680 Θεὸν
216 1653 332 1688 κυήσεις
344 1659 352 1667 ·
362 1651 410 1679 τοῦ
425 1651 570 1687 τεραστίου
580 1651 678 1685 λόγουῐ

134 1699 251 1727 Πίστευέ
265 1698 314 1734 τὴν
329 1697 430 1732 κύησιν
441 1698 556 1733 ἄρρενος
571 1697 633 1732 δίχα
643 1704 650 1712 ·

132 1746 197 1779 Ναὶ,
211 1745 259 1773 τοῦ
274 1745 342 1772 Θεοῦ
358 1745 495 1778 θέλοντος,
511 1743 548 1775 ὣς
563 1743 672 1778 γένοιτό
689 1752 747 1779 μοι.

438 1793 492 1825 Εἰς
507 1789 541 1817 τὸ
551 1790 638 1817 αὑτό.

136 1840 268 1875 ’Ἄγγελος
280 1838 404 1874 αἱγλὴεις
418 1837 540 1873 Γαϐριὴλ
555 1836 586 1870 ἐξ
600 1836 758 1871 Οὐλύμποιο
801 1873 804 1879 ι

133 1886 261 1922 Ναζαρὲτ
272 1886 421 1920 ὰμφιάῖξεν
435 1885 576 1920 ἐπηράτου
595 1883 692 1919 ἀγχόθι
705 1883 819 1918 κούρης.

133 1931 220 1967 Χαῖρε
233 1931 262 1958 δὲ
277 1931 436 1966 προσέειπε,
449 1931 533 1966 τέκῃς
548 1929 626 1957 Θεόν.
641 1930 676 1956 Ἦ
690 1929 719 1956 δὲ
747 1929 876 1964 μετεῖπεν
887 1936 895 1944 ο

139 1978 185 2010 Ὠς
202 1977 268 2013 φῂς,
285 1976 322 2009 ὣς
331 1977 360 2004 δὲ
373 1977 491 2011 γένοιτο,
506 1976 573 2003 Θεοῦ
591 1976 615 2003 δ’
636 1975 693 2010 ἐγὼ
710 1972 928 2011 εὖχομαιβῖναι.

365 2025 418 2058 Εἷς
431 2023 489 2058 τὴν
502 2022 703 2057 ῠπαπαντήν.

135 2071 220 2106 Ὀρα.
234 2071 342 2106 γεραιὲ,
356 2070 394 2106 μὴ
411 2071 532 2105 πέσηται
542 2069 572 2096 τδ
587 2069 687 2106 βρέφος

140 2117 371 2153 ’Υποτρεμούσης
383 2117 422 2153 τῷ
435 2117 523 2152 χρόνῳ
540 2117 589 2152 τῆς
600 2115 739 2151 ἀγκάλης·

139 2163 208 2195 Θεὸς
223 2163 315 2199 πατὴρ
330 2163 441 2196 αἰῶνος,
455 2163 470 2189 ὃ
485 2162 596 2198 βλέπεις
611 2162 723 2199 βρέφος,

393 2233 431 2261 De
449 2233 669 2261 Annuntiatione.

171 2279 275 2313 Gaude,
294 2280 457 2308 venerabilis
471 2280 562 2314 Virgo.
579 2280 642 2307 novi
659 2279 810 2315 spectaculi
827 2281 926 2316 gratia,

137 2328 220 2356 Deum
238 2327 344 2362 paries;
361 2327 427 2362 proh
441 2334 522 2361 quam
538 2328 668 2361 stupenda
682 2327 788 2354 oratio!
804 2328 851 2354 sed
867 2335 932 2355 con-

137 2380 245 2410 ceptum
262 2375 294 2402 iri
312 2374 410 2402 Filium
425 2374 491 2401 citra
505 2374 555 2401 viri
572 2374 696 2410 copulam
711 2375 848 2402 existima.
867 2375 933 2403 0m-

136 2422 200 2449 nino
214 2421 442 2457 quemadmodum
454 2421 575 2450 decrevit
589 2421 671 2456 Deus,
686 2422 726 2450 sic
741 2422 806 2450 mihi
821 2422 877 2450 ﬁat.

470 2468 504 2496 In
519 2470 599 2498 idem.

173 2516 330 2552 Splendens
343 2515 455 2551 angelus
472 2515 608 2544 Gabrielis
629 2516 748 2548 nomine,
763 2524 779 2544 ο
793 2516 862 2544 (σξιο
878 2515 932 2544 Na-

137 2563 244 2595 zaretb,
266 2564 300 2590 ad
327 2562 591 2590 desideratissimam
630 2563 767 2599 Virginem
805 2563 931 2591 celeriter

136 2609 255 2638 advenit.
270 2609 348 2644 eique
361 2608 476 2636 salutent
493 2608 571 2636 dixit.
585 2607 678 2636 Paries
698 2609 796 2643 inquit,
820 2608 928 2642 Filium;

138 2656 182 2682 cui
201 2656 343 2690 respondit
359 2655 404 2682 illa
432 2664 440 2683 :
467 2654 527 2683 Fiat
551 2655 617 2682 mihi
645 2656 796 2683 secundum
817 2656 928 2683 verbum

137 2703 228 2732 tuum,
249 2707 292 2727 me
307 2699 352 2727 Dei
370 2699 496 2727 ancillam
514 2706 574 2726 esse
590 2699 702 2734 glorior.

383 2745 415 2772 In
429 2746 496 2772 diem
516 2735 698 2780 Ilyﬁrrpantes.

171 2792 284 2826 Caveas,
302 2800 404 2820 annosa
419 2792 539 2825 Simeon,
552 2799 587 2820 ne
601 2792 679 2819 cadat
693 2791 783 2819 infans
796 2792 928 2828 nlnistuis

132 2846 189 2874 prae
203 2839 278 2866 senio
291 2838 586 2872 vacillantibus.Quem
596 2838 671 2866 vides
691 2837 835 2871 Infantem,
848 2830 928 2873 pater

133 2885 292 2913 saeculorum
310 2885 379 2912 Deus
395 2889 447 2913 est.
463 2884 551 2919 Quare
563 2892 615 2914 non
629 2885 718 2921 cadet,
731 2884 778 2913 sed
791 2891 866 2913 meas
880 2892 928 2920 po-

135 2932 188 2960 tius
202 2940 298 2960 manus
314 2932 474 2961 ﬁrmaverit.

981 1557 1058 1584 Ὤστ¹
1073 1557 1104 1584 οὐ
1122 1558 1258 1590 πεσεῖται,
1277 1557 1327 1588 τὰς
1340 1556 1368 1583 δὲ
1383 1558 1478 1592 χεῖρας
1493 1555 1620 1591 ἑδράσαι.

1283 1604 1335 1636 Εἰς
1347 1602 1381 1630 τὸ
1396 1603 1481 1630 αὐτό.

977 1650 1116 1686 Παρθένος
1135 1650 1299 1684 ἀγνοτόκεια
1320 1650 1414 1685 νόμοιο
1426 1648 1547 1675 κέλευθα
1562 1647 1678 1683 περῶσα

978 1695 1032 1725 Υἴα
1049 1696 1102 1732 νεῲ
1115 1697 1265 1733 πρόφερεν,
1281 1695 1429 1732 Συμεώνου
1445 1696 1514 1730 θῆκε
1528 1695 1552 1722 δ’
1575 1695 1620 1722 ἐπ’
1636 1694 1736 1728 ἀγκὰς,

981 1744 1029 1775 Ὃς
1042 1743 1131 1770 κύκλα
1145 1742 1220 1769 πόλλ’
1232 1742 1384 1778 ὲμέτρησιν
1396 1740 1565 1776 ἀπειρεαίων
1581 1739 1772 1771 λυκασάντων,

982 1789 1069 1817 Τοῦτο
1080 1788 1182 1825 βρέφος
1194 1788 1370 1824 προᾶναρχον
1384 1787 1450 1815 ἰδεῖν
1476 1786 1674 1822 ποτιδέγμενος
1688 1785 1754 1813 alii.

983 1847 1034 1881 Εις
1048 1846 1105 1882 τὴν
1122 1846 1157 1874 ἐν
1177 1845 1379 1909 Ἰερουσααξῗμ
1391 1844 1553 1886 ὑπομονὴν
1569 1842 1774 1875 δωδεκαέτους

1206 1891 1208 1893 ·
1353 1889 1445 1909 ησου.

1206 1891 1208 1893 ·
1331 1889 1445 1915 ·ιησου.

983 1932 1018 1960 Ἦ
1033 1931 1071 1967 μὴ
1085 1930 1248 1965 φθονοῦντες
1262 1929 1401 1966 ἀκροᾶσθε
1419 1929 1554 1965 γνησίως,

977 1976 1154 2013 Φαρισσαῖκὴ
1167 1975 1280 2007 δύσθεος
1292 1975 1426 2012 γερουσία
1436 1983 1443 1991 ·

981 2023 1018 2050 'H
1032 2031 1060 2050 τι
1075 2022 1239 2058 φθονοῦντες
1250 2022 1390 2057 ἀκροᾶσθε
1404 2022 1461 2049 τῶν
1471 2021 1570 2056 λόγων,

979 2065 1030 2096 Ὦν
1042 2069 1108 2101 παῖς
1119 2069 1134 2096 ό
1148 2068 1325 2104 παμπάλαιος
1352 2067 1458 2103 Ἰησοῦς
1473 2067 1561 2103 λέγει.

1281 2116 1335 2148 Εἰς
1350 2115 1385 2142 τὸ
1397 2114 1484 2142 αὑτό.

981 2162 1029 2195 Τις
1049 2170 1116 2190 ποτε
1130 2165 1195 2194 παις
1211 2162 1226 2189 ὁ
1240 2161 1372 2189 κάθισσεν
1390 2161 1432 2196 ἐφ’
1446 2160 1681 2196 ὑψηλοῖο-Θοὼκου
1693 2169 1702 2195 ;

1332 2231 1359 2260 'n
1373 2233 1452 2260 idem.

1021 2291 1101 2328 Legis
1125 2291 1282 2319 tramitibus
1312 2289 1444 2318 insistens
1477 2290 1639 2318 intemerata
1670 2288 1774 2325 Virgo.

986 2338 1108 2366 oblatum
1122 2339 1222 2374 templo
1234 2337 1332 2366 Filium
1349 2338 1421 2365 inter
1437 2337 1578 2367 Simeonis
1601 2338 1680 2366 ulnas
1694 2344 1774 2372 repo-

985 2386 1057 2420 suit;
1073 2385 1117 2420 qui
1136 2385 1331 2420 permultorum
1352 2393 1487 2414 annorum
1503 2385 1635 2415 circulum
1650 2391 1774 2420 permen-

984 2438 1031 2458 sus
1057 2431 1157 2463 fucrat,
1186 2430 1318 2458 infantem
1345 2436 1407 2459 ante
1437 2431 1496 2466 ipsa
1526 2437 1617 2459 rerum
1641 2429 1774 2466 principia

984 2477 1105 2513 genitum
1120 2477 1212 2505 videre
1223 2477 1397 2512 praestolans.

1074 2535 1112 2563 De
1127 2535 1305 2564 duodecennis
1329 2536 1428 2578 Christi
1446 2536 1517 2570 apud
1533 2535 1685 2564 Jerusalem

1296 2580 1472 2600 "mansione.
1484 2601 1488 2615 ἱ

1019 2627 1083 2655 Sive
1098 2627 1193 2654 livoris
1204 2626 1271 2654 nihil
1284 2627 1418 2660 habeatis,
1428 2631 1547 2656 attentas
1556 2635 1635 2656 aures
1641 2628 1772 2663 praebeto,

982 2681 999 2701 ο
1016 2673 1091 2708 impii
1108 2673 1309 2702 Pharisaeorum
1327 2677 1441 2702 senatus
1456 2681 1622 2709 assessores,
1635 2675 1694 2703 sive
1708 2676 1774 2711 quid

982 2720 1137 2752 invideatis,
1153 2727 1296 2749 sermones
1312 2720 1474 2754 auscultate,
1486 2727 1556 2755 quos
1565 2720 1772 2756 antiquissimus

980 2767 1087 2795 dierum
1103 2766 1184 2795 Jcsus
1199 2766 1308 2794 etiatur.

1309 2824 1344 2852 In
1358 2825 1436 2852 idem.

1016 2882 1083 2916 Quis
1096 2883 1143 2910 ille
1158 2890 1236 2918 puer,
1255 2883 1302 2919 qui
1318 2883 1344 2910 in
1361 2882 1471 2911 sublimi
1487 2887 1617 2918 suggestu
1634 2881 1719 2915 sedet,
1737 2888 1771 2911 ac

981 2929 1092 2964 senilem
1118 2933 1252 2964 praeterea
1282 2929 1443 2959 concionem
1479 2928 1632 2958 c0nvocat?
1660 2927 1769 2962 Quanta
