  <div class='ocr_page' id='page_1' title='image "/cluster/home/n/w/nwhite01/storage/ocr_20150623/133/njp.32101007797895/624.png"; bbox 0 0 1936 3086; ppageno 0'>
   <div class='ocr_carea' id='block_1_1' title="bbox 134 199 198 234">
    <p class='ocr_par' dir='ltr' id='par_1_1' title="bbox 134 199 198 234">
     <span class='ocr_line' id='line_1_1' title="bbox 134 199 198 234; baseline -0.016 -1"><span class='ocrx_word' id='word_1_1' title='bbox 134 199 198 234; x_wconf 73' lang='grc'><strong>1201</strong></span> 
     </span>
    </p>
   </div>
   <div class='ocr_carea' id='block_1_2' title="bbox 392 256 658 291">
    <p class='ocr_par' dir='ltr' id='par_1_2' title="bbox 392 256 658 291">
     <span class='ocr_line' id='line_1_2' title="bbox 392 256 658 291; baseline -0.011 -6"><span class='ocrx_word' id='word_1_2' title='bbox 392 259 443 291; x_wconf 71' lang='grc' dir='ltr'><strong>Είς</strong></span> <span class='ocrx_word' id='word_1_3' title='bbox 460 257 512 284; x_wconf 82' lang='grc' dir='ltr'><strong>τὸν</strong></span> <span class='ocrx_word' id='word_1_4' title='bbox 529 256 658 283; x_wconf 77' lang='grc' dir='ltr'><strong>ἄσωτον.</strong></span> 
     </span>
    </p>
   </div>
   <div class='ocr_carea' id='block_1_3' title="bbox 133 302 712 341">
    <p class='ocr_par' dir='ltr' id='par_1_3' title="bbox 133 302 712 341">
     <span class='ocr_line' id='line_1_3' title="bbox 133 302 712 341; baseline -0.007 -9"><span class='ocrx_word' id='word_1_5' title='bbox 133 305 189 341; x_wconf 84' lang='grc' dir='ltr'>Τὴν</span> <span class='ocrx_word' id='word_1_6' title='bbox 201 305 251 340; x_wconf 80' lang='grc' dir='ltr'>σὴν</span> <span class='ocrx_word' id='word_1_7' title='bbox 264 304 468 339; x_wconf 74' lang='grc' dir='ltr'>δαπανήσαντα,</span> <span class='ocrx_word' id='word_1_8' title='bbox 487 303 589 338; x_wconf 87' lang='grc' dir='ltr'>Σῶτερ,</span> <span class='ocrx_word' id='word_1_9' title='bbox 607 302 712 335; x_wconf 77' lang='grc' dir='ltr'>οὐσίαν,</span> 
     </span>
    </p>
   </div>
   <div class='ocr_carea' id='block_1_4' title="bbox 134 348 783 386">
    <p class='ocr_par' dir='ltr' id='par_1_4' title="bbox 134 348 783 386">
     <span class='ocr_line' id='line_1_4' title="bbox 134 348 783 386; baseline -0.006 -9"><span class='ocrx_word' id='word_1_10' title='bbox 134 351 190 377; x_wconf 73' lang='grc' dir='ltr'><strong>Καὶ</strong></span> <span class='ocrx_word' id='word_1_11' title='bbox 206 350 472 386; x_wconf 75' lang='grc' dir='ltr'>χοιροόοσκήσαντα,</span> <span class='ocrx_word' id='word_1_12' title='bbox 486 349 555 384; x_wconf 80' lang='grc' dir='ltr'>πλὴν</span> <span class='ocrx_word' id='word_1_13' title='bbox 573 348 729 384; x_wconf 81' lang='grc' dir='ltr'>στραφέντα</span> <span class='ocrx_word' id='word_1_14' title='bbox 749 356 783 382; x_wconf 89' lang='grc' dir='ltr'>με</span> 
     </span>
    </p>
   </div>
   <div class='ocr_carea' id='block_1_5' title="bbox 133 394 775 431">
    <p class='ocr_par' dir='ltr' id='par_1_5' title="bbox 133 394 775 431">
     <span class='ocr_line' id='line_1_5' title="bbox 133 394 775 431; baseline -0.002 -9"><span class='ocrx_word' id='word_1_15' title='bbox 133 397 222 428; x_wconf 77' lang='grc' dir='ltr'><strong>Φιλεῖς</strong></span> <span class='ocrx_word' id='word_1_16' title='bbox 235 396 374 429; x_wconf 81' lang='grc' dir='ltr'><strong>ὑπαντῶν,</strong></span> <span class='ocrx_word' id='word_1_17' title='bbox 390 396 438 422; x_wconf 76' lang='grc' dir='ltr'><strong>καὶ</strong></span> <span class='ocrx_word' id='word_1_18' title='bbox 453 396 565 431; x_wconf 74' lang='grc' dir='ltr'>κρατεῖς</span> <span class='ocrx_word' id='word_1_19' title='bbox 581 395 626 421; x_wconf 79' lang='grc' dir='ltr'>ὑπ’</span> <span class='ocrx_word' id='word_1_20' title='bbox 638 394 775 429; x_wconf 79' lang='grc' dir='ltr'><strong>ἀγκάλην.</strong></span> 
     </span>
    </p>
   </div>
   <div class='ocr_carea' id='block_1_6' title="bbox 135 440 824 478">
    <p class='ocr_par' dir='ltr' id='par_1_6' title="bbox 135 440 824 478">
     <span class='ocr_line' id='line_1_6' title="bbox 135 440 824 478; baseline -0.004 -9"><span class='ocrx_word' id='word_1_21' title='bbox 135 443 167 469; x_wconf 85' lang='grc' dir='ltr'><em>’Ὠ</em></span> <span class='ocrx_word' id='word_1_22' title='bbox 185 443 331 478; x_wconf 84' lang='grc' dir='ltr'>σπλάγχνα</span> <span class='ocrx_word' id='word_1_23' title='bbox 345 443 446 477; x_wconf 81' lang='grc' dir='ltr'>πατρός</span> <span class='ocrx_word' id='word_1_24' title='bbox 461 443 467 469; x_wconf 94' lang='lat' dir='ltr'><strong>l</strong></span> <span class='ocrx_word' id='word_1_25' title='bbox 480 442 522 472; x_wconf 83' lang='grc' dir='ltr'>τίς</span> <span class='ocrx_word' id='word_1_26' title='bbox 535 441 643 476; x_wconf 83' lang='grc' dir='ltr'><strong>φρονῶν</strong></span> <span class='ocrx_word' id='word_1_27' title='bbox 660 440 824 473; x_wconf 59' lang='lat' dir='ltr'><strong>(inimicat;</strong></span> 
     </span>
    </p>
   </div>
   <div class='ocr_carea' id='block_1_7' title="bbox 420 487 630 522">
    <p class='ocr_par' dir='ltr' id='par_1_7' title="bbox 420 487 630 522">
     <span class='ocr_line' id='line_1_7' title="bbox 420 487 630 522; baseline -0.01 -7"><span class='ocrx_word' id='word_1_28' title='bbox 420 490 472 522; x_wconf 80' lang='grc' dir='ltr'><strong>Εἰς</strong></span> <span class='ocrx_word' id='word_1_29' title='bbox 494 490 526 515; x_wconf 78' lang='grc' dir='ltr'>τὸ</span> <span class='ocrx_word' id='word_1_30' title='bbox 545 487 630 515; x_wconf 79' lang='grc' dir='ltr'>αὐτό.</span> 
     </span>
    </p>
   </div>
   <div class='ocr_carea' id='block_1_8' title="bbox 135 532 922 572">
    <p class='ocr_par' dir='ltr' id='par_1_8' title="bbox 135 532 922 572">
     <span class='ocr_line' id='line_1_8' title="bbox 135 532 922 572; baseline -0.006 -8"><span class='ocrx_word' id='word_1_31' title='bbox 135 537 282 572; x_wconf 82' lang='grc' dir='ltr'>Δεξιτερὴν</span> <span class='ocrx_word' id='word_1_32' title='bbox 298 535 428 570; x_wconf 81' lang='grc' dir='ltr'><strong>παλάμην</strong></span> <span class='ocrx_word' id='word_1_33' title='bbox 447 542 492 569; x_wconf 84' lang='grc' dir='ltr'><strong>μοι</strong></span> <span class='ocrx_word' id='word_1_34' title='bbox 503 533 547 560; x_wconf 68' lang='grc' dir='ltr'><strong>ἐπ’</strong></span> <span class='ocrx_word' id='word_1_35' title='bbox 562 533 667 568; x_wconf 78' lang='grc' dir='ltr'><strong>αὐχένι,</strong></span> <span class='ocrx_word' id='word_1_36' title='bbox 681 533 788 563; x_wconf 80' lang='grc' dir='ltr'>τέκνον,</span> <span class='ocrx_word' id='word_1_37' title='bbox 805 532 922 568; x_wconf 75' lang='grc' dir='ltr'>ἀνάρτα,</span> 
     </span>
    </p>
   </div>
   <div class='ocr_carea' id='block_1_9' title="bbox 137 578 850 615">
    <p class='ocr_par' dir='ltr' id='par_1_9' title="bbox 137 578 850 615">
     <span class='ocr_line' id='line_1_9' title="bbox 137 578 850 615; baseline -0.008 -5"><span class='ocrx_word' id='word_1_38' title='bbox 137 583 222 615; x_wconf 76' lang='grc' dir='ltr'><strong>Ἴζεο,</strong></span> <span class='ocrx_word' id='word_1_39' title='bbox 241 582 287 609; x_wconf 79' lang='grc' dir='ltr'><strong>τὸν</strong></span> <span class='ocrx_word' id='word_1_40' title='bbox 299 580 443 608; x_wconf 84' lang='grc' dir='ltr'>δακτύλιον</span> <span class='ocrx_word' id='word_1_41' title='bbox 460 580 529 615; x_wconf 77' lang='grc' dir='ltr'><strong>ἀμφ’</strong></span> <span class='ocrx_word' id='word_1_42' title='bbox 546 580 579 607; x_wconf 74' lang='grc' dir='ltr'><strong>ἑὰ</strong></span> <span class='ocrx_word' id='word_1_43' title='bbox 594 579 715 606; x_wconf 79' lang='grc' dir='ltr'>δάκτυλα</span> <span class='ocrx_word' id='word_1_44' title='bbox 739 578 850 613; x_wconf 81' lang='grc' dir='ltr'>βάλλευ.</span> 
     </span>
    </p>
   </div>
   <div class='ocr_carea' id='block_1_10' title="bbox 137 624 886 663">
    <p class='ocr_par' dir='ltr' id='par_1_10' title="bbox 137 624 886 663">
     <span class='ocr_line' id='line_1_10' title="bbox 137 624 886 663; baseline -0.008 -8"><span class='ocrx_word' id='word_1_45' title='bbox 137 628 234 663; x_wconf 86' lang='grc' dir='ltr'>Δμῶες</span> <span class='ocrx_word' id='word_1_46' title='bbox 248 628 322 663; x_wconf 68' lang='grc' dir='ltr'>ἐμοὶ,</span> <span class='ocrx_word' id='word_1_47' title='bbox 340 627 386 653; x_wconf 78' lang='grc' dir='ltr'><strong>τὸν</strong></span> <span class='ocrx_word' id='word_1_48' title='bbox 403 626 515 662; x_wconf 83' lang='grc' dir='ltr'>ἄριστον</span> <span class='ocrx_word' id='word_1_49' title='bbox 534 626 638 661; x_wconf 82' lang='grc' dir='ltr'>ἰκρίοφι</span> <span class='ocrx_word' id='word_1_50' title='bbox 652 624 752 651; x_wconf 84' lang='grc' dir='ltr'>ούσατε</span> <span class='ocrx_word' id='word_1_51' title='bbox 768 624 886 659; x_wconf 78' lang='grc' dir='ltr'><strong>μόσχον·</strong></span> 
     </span>
    </p>
   </div>
   <div class='ocr_carea' id='block_1_11' title="bbox 137 669 924 709">
    <p class='ocr_par' dir='ltr' id='par_1_11' title="bbox 137 669 924 709">
     <span class='ocr_line' id='line_1_11' title="bbox 137 669 924 709; baseline -0.006 -8"><span class='ocrx_word' id='word_1_52' title='bbox 137 674 244 709; x_wconf 79' lang='grc' dir='ltr'>Νεκρὸς</span> <span class='ocrx_word' id='word_1_53' title='bbox 262 675 275 700; x_wconf 77' lang='grc' dir='ltr'>ὁ</span> <span class='ocrx_word' id='word_1_54' title='bbox 291 674 354 705; x_wconf 82' lang='grc' dir='ltr'>παῖς</span> <span class='ocrx_word' id='word_1_55' title='bbox 367 672 426 699; x_wconf 83' lang='grc' dir='ltr'>ποτ’</span> <span class='ocrx_word' id='word_1_56' title='bbox 445 672 493 707; x_wconf 78' lang='grc' dir='ltr'>έην</span> <span class='ocrx_word' id='word_1_57' title='bbox 509 673 557 699; x_wconf 74' lang='grc' dir='ltr'>καὶ</span> <span class='ocrx_word' id='word_1_58' title='bbox 573 671 716 707; x_wconf 75' lang='grc' dir='ltr'><strong>ἄμπνυτο·</strong></span> <span class='ocrx_word' id='word_1_59' title='bbox 730 670 843 706; x_wconf 79' lang='grc' dir='ltr'>χαίρετε</span> <span class='ocrx_word' id='word_1_60' title='bbox 857 669 924 697; x_wconf 83' lang='grc' dir='ltr'>πάν-</span> 
     </span>
    </p>
   </div>
   <div class='ocr_carea' id='block_1_12' title="bbox 821 714 878 750">
    <p class='ocr_par' dir='ltr' id='par_1_12' title="bbox 821 714 878 750">
     <span class='ocr_line' id='line_1_12' title="bbox 821 714 878 750; baseline 0 -4"><span class='ocrx_word' id='word_1_61' title='bbox 821 714 878 750; x_wconf 83' lang='grc' dir='ltr'>[τες</span> 
     </span>
    </p>
   </div>
   <div class='ocr_carea' id='block_1_13' title="bbox 237 761 827 798">
    <p class='ocr_par' dir='ltr' id='par_1_13' title="bbox 237 761 827 798">
     <span class='ocr_line' id='line_1_13' title="bbox 237 761 827 798; baseline -0.005 -7"><span class='ocrx_word' id='word_1_62' title='bbox 237 765 290 798; x_wconf 73' lang='grc' dir='ltr'><strong>Εἰς</strong></span> <span class='ocrx_word' id='word_1_63' title='bbox 304 764 358 791; x_wconf 78' lang='grc' dir='ltr'><strong>τὸν</strong></span> <span class='ocrx_word' id='word_1_64' title='bbox 374 763 533 796; x_wconf 79' lang='grc' dir='ltr'>πλούσιον,</span> <span class='ocrx_word' id='word_1_65' title='bbox 550 763 599 790; x_wconf 82' lang='grc' dir='ltr'><strong>καί</strong></span> <span class='ocrx_word' id='word_1_66' title='bbox 616 762 671 790; x_wconf 82' lang='grc' dir='ltr'><strong>τὸν</strong></span> <span class='ocrx_word' id='word_1_67' title='bbox 684 761 827 796; x_wconf 74' lang='grc' dir='ltr'><strong>Λάζαρον.</strong></span> 
     </span>
    </p>
   </div>
   <div class='ocr_carea' id='block_1_14' title="bbox 144 809 746 844">
    <p class='ocr_par' dir='ltr' id='par_1_14' title="bbox 144 809 746 844">
     <span class='ocr_line' id='line_1_14' title="bbox 144 809 746 844; baseline -0.007 -5"><span class='ocrx_word' id='word_1_68' title='bbox 144 812 176 840; x_wconf 85' lang='lat'><strong>&#39;0</strong></span> <span class='ocrx_word' id='word_1_69' title='bbox 188 811 317 843; x_wconf 79' lang='grc' dir='ltr'>πλούσιος</span> <span class='ocrx_word' id='word_1_70' title='bbox 334 810 398 843; x_wconf 81' lang='grc' dir='ltr'><strong>ζῶν,</strong></span> <span class='ocrx_word' id='word_1_71' title='bbox 412 809 460 836; x_wconf 75' lang='grc' dir='ltr'><strong>καὶ</strong></span> <span class='ocrx_word' id='word_1_72' title='bbox 472 809 637 844; x_wconf 81' lang='grc' dir='ltr'><strong>τελευτήσας</strong></span> <span class='ocrx_word' id='word_1_73' title='bbox 650 809 746 844; x_wconf 81' lang='grc' dir='ltr'><strong>πένης,</strong></span> 
     </span>
    </p>
   </div>
   <div class='ocr_carea' id='block_1_15' title="bbox 138 855 782 892">
    <p class='ocr_par' dir='ltr' id='par_1_15' title="bbox 138 855 782 892">
     <span class='ocr_line' id='line_1_15' title="bbox 138 855 782 892; baseline -0.008 -6"><span class='ocrx_word' id='word_1_74' title='bbox 138 859 191 886; x_wconf 81' lang='grc' dir='ltr'><strong>Τὸν</strong></span> <span class='ocrx_word' id='word_1_75' title='bbox 204 858 295 890; x_wconf 79' lang='grc' dir='ltr'>ζῶντα</span> <span class='ocrx_word' id='word_1_76' title='bbox 308 858 358 892; x_wconf 77' lang='grc' dir='ltr'><strong>μὲν</strong></span> <span class='ocrx_word' id='word_1_77' title='bbox 372 857 477 892; x_wconf 84' lang='grc' dir='ltr'>πένητα</span> <span class='ocrx_word' id='word_1_78' title='bbox 493 856 574 891; x_wconf 83' lang='grc' dir='ltr'>μέχρι</span> <span class='ocrx_word' id='word_1_79' title='bbox 588 856 638 883; x_wconf 80' lang='grc' dir='ltr'>καὶ</span> <span class='ocrx_word' id='word_1_80' title='bbox 649 855 782 891; x_wconf 79' lang='grc' dir='ltr'>τρύφους,</span> 
     </span>
    </p>
   </div>
   <div class='ocr_carea' id='block_1_16' title="bbox 139 900 702 937">
    <p class='ocr_par' dir='ltr' id='par_1_16' title="bbox 139 900 702 937">
     <span class='ocr_line' id='line_1_16' title="bbox 139 900 702 937; baseline -0.005 -7"><span class='ocrx_word' id='word_1_81' title='bbox 139 904 261 930; x_wconf 83' lang='grc' dir='ltr'>Θανόντα</span> <span class='ocrx_word' id='word_1_82' title='bbox 275 903 304 929; x_wconf 77' lang='grc' dir='ltr'><strong>δὲ</strong></span> <span class='ocrx_word' id='word_1_83' title='bbox 317 901 456 934; x_wconf 81' lang='grc' dir='ltr'>πλούσιον,</span> <span class='ocrx_word' id='word_1_84' title='bbox 476 902 598 937; x_wconf 80' lang='grc' dir='ltr'><strong>αἰτήσεις</strong></span> <span class='ocrx_word' id='word_1_85' title='bbox 620 900 702 936; x_wconf 77' lang='grc' dir='ltr'>ὕδωρ,</span> 
     </span>
    </p>
   </div>
   <div class='ocr_carea' id='block_1_17' title="bbox 145 945 824 983">
    <p class='ocr_par' dir='ltr' id='par_1_17' title="bbox 145 945 824 983">
     <span class='ocr_line' id='line_1_17' title="bbox 145 945 824 983; baseline -0.007 -7"><span class='ocrx_word' id='word_1_86' title='bbox 145 948 216 976; x_wconf 72' lang='grc' dir='ltr'><strong>’Λ).λ⁹</strong></span> <span class='ocrx_word' id='word_1_87' title='bbox 230 948 260 975; x_wconf 76' lang='grc' dir='ltr'>οὐ</span> <span class='ocrx_word' id='word_1_88' title='bbox 278 947 380 983; x_wconf 77' lang='grc' dir='ltr'><strong>λάϐῃς·</strong></span> <span class='ocrx_word' id='word_1_89' title='bbox 397 946 427 973; x_wconf 77' lang='grc' dir='ltr'>τὺ</span> <span class='ocrx_word' id='word_1_90' title='bbox 442 947 535 981; x_wconf 83' lang='grc' dir='ltr'>χάσμα</span> <span class='ocrx_word' id='word_1_91' title='bbox 550 946 598 972; x_wconf 79' lang='grc' dir='ltr'><strong>καὶ</strong></span> <span class='ocrx_word' id='word_1_92' title='bbox 613 946 667 982; x_wconf 82' lang='grc' dir='ltr'>γὰρ</span> <span class='ocrx_word' id='word_1_93' title='bbox 684 946 721 977; x_wconf 79' lang='grc' dir='ltr'><strong>ὡς</strong></span> <span class='ocrx_word' id='word_1_94' title='bbox 741 945 824 980; x_wconf 78' lang='grc' dir='ltr'>μέγα.</span> 
     </span>
    </p>
   </div>
   <div class='ocr_carea' id='block_1_18' title="bbox 431 990 629 1024">
    <p class='ocr_par' dir='ltr' id='par_1_18' title="bbox 431 990 629 1024">
     <span class='ocr_line' id='line_1_18' title="bbox 431 990 629 1024; baseline 0 -6"><span class='ocrx_word' id='word_1_95' title='bbox 431 992 482 1024; x_wconf 85' lang='grc' dir='ltr'><strong>Είς</strong></span> <span class='ocrx_word' id='word_1_96' title='bbox 498 990 531 1018; x_wconf 87' lang='grc' dir='ltr'>τὸ</span> <span class='ocrx_word' id='word_1_97' title='bbox 545 991 629 1018; x_wconf 80' lang='grc' dir='ltr'>αὑτό.</span> 
     </span>
    </p>
   </div>
   <div class='ocr_carea' id='block_1_19' title="bbox 140 1032 890 1074">
    <p class='ocr_par' dir='ltr' id='par_1_19' title="bbox 140 1032 890 1074">
     <span class='ocr_line' id='line_1_19' title="bbox 140 1032 890 1074; baseline -0.009 -7"><span class='ocrx_word' id='word_1_98' title='bbox 140 1040 255 1067; x_wconf 79' lang='grc' dir='ltr'>Πλούσιε</span> <span class='ocrx_word' id='word_1_99' title='bbox 266 1038 333 1074; x_wconf 84' lang='grc' dir='ltr'>τῷδε</span> <span class='ocrx_word' id='word_1_100' title='bbox 345 1038 442 1072; x_wconf 83' lang='grc' dir='ltr'>πένητι</span> <span class='ocrx_word' id='word_1_101' title='bbox 456 1037 527 1064; x_wconf 82' lang='grc' dir='ltr'>δίδου</span> <span class='ocrx_word' id='word_1_102' title='bbox 546 1037 663 1072; x_wconf 79' lang='grc' dir='ltr'>τρύφος·</span> <span class='ocrx_word' id='word_1_103' title='bbox 681 1035 792 1062; x_wconf 72' lang='grc' dir='ltr'>ἔσσεται</span> <span class='ocrx_word' id='word_1_104' title='bbox 810 1032 890 1070; x_wconf 79' lang='grc' dir='ltr'>ἦμαρ</span> 
     </span>
    </p>
   </div>
   <div class='ocr_carea' id='block_1_20' title="bbox 146 1080 891 1120">
    <p class='ocr_par' dir='ltr' id='par_1_20' title="bbox 146 1080 891 1120">
     <span class='ocr_line' id='line_1_20' title="bbox 146 1080 891 1120; baseline -0.009 -7"><span class='ocrx_word' id='word_1_105' title='bbox 146 1086 265 1113; x_wconf 82' lang='grc' dir='ltr'>Ὀππότε</span> <span class='ocrx_word' id='word_1_106' title='bbox 278 1086 324 1112; x_wconf 86' lang='grc' dir='ltr'><strong>κέν</strong></span> <span class='ocrx_word' id='word_1_107' title='bbox 343 1093 389 1120; x_wconf 88' lang='grc' dir='ltr'>μιν</span> <span class='ocrx_word' id='word_1_108' title='bbox 403 1083 495 1119; x_wconf 81' lang='grc' dir='ltr'>ἀρήσῃ</span> <span class='ocrx_word' id='word_1_109' title='bbox 508 1083 586 1118; x_wconf 84' lang='grc' dir='ltr'><strong>ὑγρῷ</strong></span> <span class='ocrx_word' id='word_1_110' title='bbox 598 1083 664 1118; x_wconf 68' lang='grc' dir='ltr'>περὶ</span> <span class='ocrx_word' id='word_1_111' title='bbox 675 1081 763 1117; x_wconf 85' lang='grc' dir='ltr'>χεῖλος</span> <span class='ocrx_word' id='word_1_112' title='bbox 780 1080 891 1114; x_wconf 80' lang='grc' dir='ltr'>ἀλεῖψαι</span> 
     </span>
    </p>
   </div>
   <div class='ocr_carea' id='block_1_21' title="bbox 142 1127 879 1165">
    <p class='ocr_par' dir='ltr' id='par_1_21' title="bbox 142 1127 879 1165">
     <span class='ocr_line' id='line_1_21' title="bbox 142 1127 879 1165; baseline -0.007 -6"><span class='ocrx_word' id='word_1_113' title='bbox 142 1133 251 1164; x_wconf 69' lang='grc' dir='ltr'>νΥόατι,</span> <span class='ocrx_word' id='word_1_114' title='bbox 266 1131 416 1165; x_wconf 81' lang='grc' dir='ltr'><strong>καιομένην</strong></span> <span class='ocrx_word' id='word_1_115' title='bbox 431 1129 458 1156; x_wconf 79' lang='grc' dir='ltr'><strong>δὲ</strong></span> <span class='ocrx_word' id='word_1_116' title='bbox 471 1129 539 1165; x_wconf 78' lang='grc' dir='ltr'>πυρὶ</span> <span class='ocrx_word' id='word_1_117' title='bbox 549 1128 726 1164; x_wconf 76' lang='grc' dir='ltr'>δροσίσασθαι</span> <span class='ocrx_word' id='word_1_118' title='bbox 740 1127 879 1162; x_wconf 86' lang='grc' dir='ltr'>γλῶσσαν.</span> 
     </span>
    </p>
   </div>
   <div class='ocr_carea' id='block_1_22' title="bbox 148 1173 892 1213">
    <p class='ocr_par' dir='ltr' id='par_1_22' title="bbox 148 1173 892 1213">
     <span class='ocr_line' id='line_1_22' title="bbox 148 1173 892 1213; baseline -0.007 -9"><span class='ocrx_word' id='word_1_119' title='bbox 148 1178 230 1205; x_wconf 83' lang='grc' dir='ltr'><strong>’Λλλὰ</strong></span> <span class='ocrx_word' id='word_1_120' title='bbox 244 1178 257 1204; x_wconf 82' lang='grc' dir='ltr'>ὲ</span> <span class='ocrx_word' id='word_1_121' title='bbox 272 1177 364 1213; x_wconf 82' lang='grc' dir='ltr'><strong>χάσμα</strong></span> <span class='ocrx_word' id='word_1_122' title='bbox 379 1176 503 1203; x_wconf 81' lang='grc' dir='ltr'>κολούσει</span> <span class='ocrx_word' id='word_1_123' title='bbox 518 1175 662 1210; x_wconf 80' lang='grc' dir='ltr'><strong>ὑπέρμεγα</strong></span> <span class='ocrx_word' id='word_1_124' title='bbox 679 1173 762 1208; x_wconf 77' lang='grc' dir='ltr'><strong>ἐγγὺς</strong></span> <span class='ocrx_word' id='word_1_125' title='bbox 775 1173 892 1200; x_wconf 74' lang='grc' dir='ltr'>ἱκέσθαι.</span> 
     </span>
    </p>
   </div>
   <div class='ocr_carea' id='block_1_23' title="bbox 310 1219 758 1256">
    <p class='ocr_par' dir='ltr' id='par_1_23' title="bbox 310 1219 758 1256">
     <span class='ocr_line' id='line_1_23' title="bbox 310 1219 758 1256; baseline -0.007 -7"><span class='ocrx_word' id='word_1_126' title='bbox 310 1223 360 1256; x_wconf 83' lang='grc' dir='ltr'><strong>Είς</strong></span> <span class='ocrx_word' id='word_1_127' title='bbox 380 1223 517 1254; x_wconf 80' lang='grc' dir='ltr'>ὶαθέντας</span> <span class='ocrx_word' id='word_1_128' title='bbox 530 1219 603 1248; x_wconf 80' lang='grc' dir='ltr'>δέκα</span> <span class='ocrx_word' id='word_1_129' title='bbox 616 1219 758 1254; x_wconf 75' lang='grc' dir='ltr'><strong>λεπροὺς.</strong></span> 
     </span>
    </p>
   </div>
   <div class='ocr_carea' id='block_1_24' title="bbox 149 1266 699 1304">
    <p class='ocr_par' dir='ltr' id='par_1_24' title="bbox 149 1266 699 1304">
     <span class='ocr_line' id='line_1_24' title="bbox 149 1266 699 1304; baseline -0.007 -9"><span class='ocrx_word' id='word_1_130' title='bbox 149 1268 179 1296; x_wconf 86' lang='lat'><strong>&#39;0</strong></span> <span class='ocrx_word' id='word_1_131' title='bbox 191 1268 365 1304; x_wconf 80' lang='grc' dir='ltr'><strong>Σαμαρείτης</strong></span> <span class='ocrx_word' id='word_1_132' title='bbox 379 1267 538 1302; x_wconf 83' lang='grc' dir='ltr'>εὐχαριστεῖ</span> <span class='ocrx_word' id='word_1_133' title='bbox 553 1266 592 1301; x_wconf 87' lang='grc' dir='ltr'>τῷ</span> <span class='ocrx_word' id='word_1_134' title='bbox 606 1266 699 1301; x_wconf 84' lang='grc' dir='ltr'><strong>Λόγῳ,</strong></span> 
     </span>
    </p>
   </div>
   <div class='ocr_carea' id='block_1_25' title="bbox 151 1312 714 1349">
    <p class='ocr_par' dir='ltr' id='par_1_25' title="bbox 151 1312 714 1349">
     <span class='ocr_line' id='line_1_25' title="bbox 151 1312 714 1349; baseline -0.005 -8"><span class='ocrx_word' id='word_1_135' title='bbox 151 1314 181 1342; x_wconf 89' lang='lat'>&#39;0</span> <span class='ocrx_word' id='word_1_136' title='bbox 196 1314 380 1349; x_wconf 80' lang='grc' dir='ltr'>Σαμαρείτης,</span> <span class='ocrx_word' id='word_1_137' title='bbox 393 1314 456 1346; x_wconf 82' lang='grc' dir='ltr'>τοὺς</span> <span class='ocrx_word' id='word_1_138' title='bbox 469 1313 496 1340; x_wconf 82' lang='grc' dir='ltr'><strong>δὲ</strong></span> <span class='ocrx_word' id='word_1_139' title='bbox 512 1312 622 1344; x_wconf 83' lang='grc' dir='ltr'>λοιποὺς</span> <span class='ocrx_word' id='word_1_140' title='bbox 635 1313 714 1339; x_wconf 77' lang='grc' dir='ltr'>ἐννέα</span> 
     </span>
    </p>
   </div>
   <div class='ocr_carea' id='block_1_26' title="bbox 145 1359 663 1396">
    <p class='ocr_par' dir='ltr' id='par_1_26' title="bbox 145 1359 663 1396">
     <span class='ocr_line' id='line_1_26' title="bbox 145 1359 663 1396; baseline -0.004 -9"><span class='ocrx_word' id='word_1_141' title='bbox 145 1361 226 1396; x_wconf 84' lang='grc' dir='ltr'>Δεινὴ</span> <span class='ocrx_word' id='word_1_142' title='bbox 242 1360 371 1396; x_wconf 76' lang='grc' dir='ltr'>συνέσχεν</span> <span class='ocrx_word' id='word_1_143' title='bbox 385 1359 550 1395; x_wconf 72' lang='grc' dir='ltr'>ἀχαριστίας</span> <span class='ocrx_word' id='word_1_144' title='bbox 568 1359 646 1390; x_wconf 81' lang='grc' dir='ltr'>νόσος</span> <span class='ocrx_word' id='word_1_145' title='bbox 656 1365 663 1372; x_wconf 94' lang='grc'><strong>·</strong></span> 
     </span>
    </p>
   </div>
   <div class='ocr_carea' id='block_1_27' title="bbox 148 1405 733 1440">
    <p class='ocr_par' dir='ltr' id='par_1_27' title="bbox 148 1405 733 1440">
     <span class='ocr_line' id='line_1_27' title="bbox 148 1405 733 1440; baseline -0.003 -6"><span class='ocrx_word' id='word_1_146' title='bbox 148 1407 271 1435; x_wconf 78' lang='grc' dir='ltr'>Ὀλοιντο</span> <span class='ocrx_word' id='word_1_147' title='bbox 286 1407 379 1439; x_wconf 84' lang='grc' dir='ltr'>κακῶς</span> <span class='ocrx_word' id='word_1_148' title='bbox 396 1407 443 1434; x_wconf 76' lang='grc' dir='ltr'><strong>καὶ</strong></span> <span class='ocrx_word' id='word_1_149' title='bbox 455 1405 622 1440; x_wconf 81' lang='grc' dir='ltr'>λεπρωθεῖεν</span> <span class='ocrx_word' id='word_1_150' title='bbox 640 1405 733 1433; x_wconf 85' lang='grc' dir='ltr'>πάλιν.</span> 
     </span>
    </p>
   </div>
   <div class='ocr_carea' id='block_1_28' title="bbox 407 1453 664 1486">
    <p class='ocr_par' dir='ltr' id='par_1_28' title="bbox 407 1453 664 1486">
     <span class='ocr_line' id='line_1_28' title="bbox 407 1453 664 1486; baseline 0 -8"><span class='ocrx_word' id='word_1_151' title='bbox 407 1453 459 1486; x_wconf 78' lang='grc' dir='ltr'><strong>Εἰς</strong></span> <span class='ocrx_word' id='word_1_152' title='bbox 476 1453 522 1485; x_wconf 82' lang='grc' dir='ltr'><strong>τὸ,</strong></span> <span class='ocrx_word' id='word_1_153' title='bbox 533 1453 664 1486; x_wconf 77' lang='grc' dir='ltr'>Χαίρετε.</span> 
     </span>
    </p>
   </div>
   <div class='ocr_carea' id='block_1_29' title="bbox 147 1497 841 1534">
    <p class='ocr_par' dir='ltr' id='par_1_29' title="bbox 147 1497 841 1534">
     <span class='ocr_line' id='line_1_29' title="bbox 147 1497 841 1534; baseline -0.006 -6"><span class='ocrx_word' id='word_1_154' title='bbox 147 1500 255 1530; x_wconf 60' lang='grc' dir='ltr'>Δώδεκα</span> <span class='ocrx_word' id='word_1_155' title='bbox 269 1499 318 1534; x_wconf 78' lang='grc' dir='ltr'><strong>μὲν</strong></span> <span class='ocrx_word' id='word_1_156' title='bbox 331 1500 460 1534; x_wconf 71' lang='grc' dir='ltr'>Χριστοῖο</span> <span class='ocrx_word' id='word_1_157' title='bbox 473 1497 600 1533; x_wconf 86' lang='grc' dir='ltr'><strong>μαθητῶν</strong></span> <span class='ocrx_word' id='word_1_158' title='bbox 615 1497 704 1525; x_wconf 77' lang='grc' dir='ltr'>ἔπλετ’</span> <span class='ocrx_word' id='word_1_159' title='bbox 715 1498 841 1534; x_wconf 82' lang='grc' dir='ltr'><strong>ἀριθμὸς,</strong></span> 
     </span>
    </p>
   </div>
   <div class='ocr_carea' id='block_1_30' title="bbox 449 1577 622 1612">
    <p class='ocr_par' dir='ltr' id='par_1_30' title="bbox 449 1577 622 1612">
     <span class='ocr_line' id='line_1_30' title="bbox 449 1577 622 1612; baseline -0.006 -7"><span class='ocrx_word' id='word_1_160' title='bbox 449 1578 488 1605; x_wconf 77' lang='lat' dir='ltr'><strong>De</strong></span> <span class='ocrx_word' id='word_1_161' title='bbox 501 1577 622 1612; x_wconf 78' lang='lat' dir='ltr'><strong>prodigo.</strong></span> 
     </span>
    </p>
   </div>
   <div class='ocr_carea' id='block_1_31' title="bbox 552 188 1348 228">
    <p class='ocr_par' dir='ltr' id='par_1_31' title="bbox 552 188 1348 228">
     <span class='ocr_line' id='line_1_31' title="bbox 552 188 1348 228; baseline -0.011 0"><span class='ocrx_word' id='word_1_162' title='bbox 552 194 815 228; x_wconf 73' lang='lat' dir='ltr'><strong>TETRASTICIIA</strong></span> <span class='ocrx_word' id='word_1_163' title='bbox 837 193 876 223; x_wconf 84' lang='lat' dir='ltr'><strong>IN</strong></span> <span class='ocrx_word' id='word_1_164' title='bbox 898 192 1031 223; x_wconf 88' lang='lat' dir='ltr'><strong>NOVUM</strong></span> <span class='ocrx_word' id='word_1_165' title='bbox 1050 188 1348 222; x_wconf 72' lang='lat' dir='ltr'><strong>TESTAMENTUM.</strong></span> 
     </span>
    </p>
   </div>
   <div class='ocr_carea' id='block_1_32' title="bbox 935 241 1688 286">
    <p class='ocr_par' dir='ltr' id='par_1_32' title="bbox 935 241 1688 286">
     <span class='ocr_line' id='line_1_32' title="bbox 935 241 1688 286; baseline -0.017 -7"><span class='ocrx_word' id='word_1_166' title='bbox 935 251 959 280; x_wconf 83' lang='lat' dir='ltr'><strong>A</strong></span> <span class='ocrx_word' id='word_1_167' title='bbox 974 250 1019 283; x_wconf 71' lang='grc' dir='ltr'><strong>Εἷς</strong></span> <span class='ocrx_word' id='word_1_168' title='bbox 1031 251 1053 277; x_wconf 83' lang='grc' dir='ltr'><strong>δ’</strong></span> <span class='ocrx_word' id='word_1_169' title='bbox 1069 251 1122 286; x_wconf 78' lang='grc' dir='ltr'><strong>ἄρα</strong></span> <span class='ocrx_word' id='word_1_170' title='bbox 1138 249 1192 276; x_wconf 82' lang='grc' dir='ltr'>τῶν</span> <span class='ocrx_word' id='word_1_171' title='bbox 1206 247 1312 280; x_wconf 70' lang='grc' dir='ltr'>ἐξώλετ*</span> <span class='ocrx_word' id='word_1_172' title='bbox 1329 245 1474 280; x_wconf 78' lang='grc' dir='ltr'>ἀϐέλτερος</span> <span class='ocrx_word' id='word_1_173' title='bbox 1491 241 1670 277; x_wconf 73' lang='grc' dir='ltr'>Ἰσκαριώτης</span> <span class='ocrx_word' id='word_1_174' title='bbox 1681 248 1688 255; x_wconf 64' lang='grc' dir='ltr'>δ</span> 
     </span>
    </p>
   </div>
   <div class='ocr_carea' id='block_1_33' title="bbox 1687 181 1762 214">
    <p class='ocr_par' dir='ltr' id='par_1_33' title="bbox 1687 181 1762 214">
     <span class='ocr_line' id='line_1_33' title="bbox 1687 181 1762 214; baseline 0 -1"><span class='ocrx_word' id='word_1_175' title='bbox 1687 181 1762 214; x_wconf 65' lang='lat'><strong>1209</strong></span> 
     </span>
    </p>
   </div>
   <div class='ocr_carea' id='block_1_34' title="bbox 974 290 1665 332">
    <p class='ocr_par' dir='ltr' id='par_1_34' title="bbox 974 290 1665 332">
     <span class='ocr_line' id='line_1_34' title="bbox 974 290 1665 332; baseline -0.016 -7"><span class='ocrx_word' id='word_1_176' title='bbox 974 298 1101 332; x_wconf 77' lang='grc' dir='ltr'>Δεπροὺς</span> <span class='ocrx_word' id='word_1_177' title='bbox 1113 297 1136 323; x_wconf 84' lang='grc' dir='ltr'><strong>δ’</strong></span> <span class='ocrx_word' id='word_1_178' title='bbox 1149 294 1214 323; x_wconf 81' lang='grc' dir='ltr'>αὖτε</span> <span class='ocrx_word' id='word_1_179' title='bbox 1230 295 1296 322; x_wconf 80' lang='grc' dir='ltr'>δέκα</span> <span class='ocrx_word' id='word_1_180' title='bbox 1311 292 1430 328; x_wconf 82' lang='grc' dir='ltr'>Χριστοῦ</span> <span class='ocrx_word' id='word_1_181' title='bbox 1443 291 1523 327; x_wconf 81' lang='grc' dir='ltr'>χέρες</span> <span class='ocrx_word' id='word_1_182' title='bbox 1543 290 1665 325; x_wconf 78' lang='grc' dir='ltr'>ἱήσαντο,</span> 
     </span>
    </p>
   </div>
   <div class='ocr_carea' id='block_1_35' title="bbox 976 334 1760 377">
    <p class='ocr_par' dir='ltr' id='par_1_35' title="bbox 976 334 1760 377">
     <span class='ocr_line' id='line_1_35' title="bbox 976 334 1760 377; baseline -0.018 -5"><span class='ocrx_word' id='word_1_183' title='bbox 976 343 1023 376; x_wconf 78' lang='grc' dir='ltr'><strong>Εἷς</strong></span> <span class='ocrx_word' id='word_1_184' title='bbox 1038 344 1063 371; x_wconf 79' lang='grc' dir='ltr'>δι</span> <span class='ocrx_word' id='word_1_185' title='bbox 1078 345 1103 370; x_wconf 78' lang='lat' dir='ltr'><strong>oi</strong></span> <span class='ocrx_word' id='word_1_186' title='bbox 1116 343 1180 370; x_wconf 82' lang='grc' dir='ltr'>αὖτε</span> <span class='ocrx_word' id='word_1_187' title='bbox 1193 340 1337 377; x_wconf 70' lang='grc' dir='ltr'>προσῆλθ’,</span> <span class='ocrx_word' id='word_1_188' title='bbox 1353 340 1377 366; x_wconf 83' lang='lat' dir='ltr'><strong>oi</strong></span> <span class='ocrx_word' id='word_1_189' title='bbox 1390 339 1412 364; x_wconf 68' lang='lat'><strong>6&#39;</strong></span> <span class='ocrx_word' id='word_1_190' title='bbox 1425 338 1504 364; x_wconf 73' lang='grc' dir='ltr'>ἐννέα</span> <span class='ocrx_word' id='word_1_191' title='bbox 1518 335 1618 366; x_wconf 79' lang='grc' dir='ltr'>πάντες</span> <span class='ocrx_word' id='word_1_192' title='bbox 1629 334 1760 360; x_wconf 78' lang='grc' dir='ltr'>ἁπέσταν.</span> 
     </span>
    </p>
   </div>
   <div class='ocr_carea' id='block_1_36' title="bbox 1052 381 1691 424">
    <p class='ocr_par' dir='ltr' id='par_1_36' title="bbox 1052 381 1691 424">
     <span class='ocr_line' id='line_1_36' title="bbox 1052 381 1691 424; baseline -0.017 -6"><span class='ocrx_word' id='word_1_193' title='bbox 1052 392 1104 424; x_wconf 79' lang='grc' dir='ltr'><strong>Εἰς</strong></span> <span class='ocrx_word' id='word_1_194' title='bbox 1118 390 1172 417; x_wconf 82' lang='grc' dir='ltr'><strong>τὸν</strong></span> <span class='ocrx_word' id='word_1_195' title='bbox 1186 386 1384 424; x_wconf 74' lang='grc' dir='ltr'>φαρισσαῖον,</span> <span class='ocrx_word' id='word_1_196' title='bbox 1408 384 1456 411; x_wconf 82' lang='grc' dir='ltr'>καὶ</span> <span class='ocrx_word' id='word_1_197' title='bbox 1471 383 1526 410; x_wconf 79' lang='grc' dir='ltr'><strong>τὸν</strong></span> <span class='ocrx_word' id='word_1_198' title='bbox 1544 381 1691 421; x_wconf 66' lang='grc' dir='ltr'><strong>τελώνην.</strong></span> 
     </span>
    </p>
   </div>
   <div class='ocr_carea' id='block_1_37' title="bbox 976 429 1596 473">
    <p class='ocr_par' dir='ltr' id='par_1_37' title="bbox 976 429 1596 473">
     <span class='ocr_line' id='line_1_37' title="bbox 976 429 1596 473; baseline -0.016 -9"><span class='ocrx_word' id='word_1_199' title='bbox 976 439 1008 464; x_wconf 83' lang='grc' dir='ltr'><strong>Ὢ</strong></span> <span class='ocrx_word' id='word_1_200' title='bbox 1021 437 1116 473; x_wconf 80' lang='grc' dir='ltr'>χρῆμα</span> <span class='ocrx_word' id='word_1_201' title='bbox 1135 435 1234 462; x_wconf 83' lang='grc' dir='ltr'>σεπτὸν</span> <span class='ocrx_word' id='word_1_202' title='bbox 1250 432 1403 466; x_wconf 80' lang='grc' dir='ltr'>πανσοενὴς</span> <span class='ocrx_word' id='word_1_203' title='bbox 1416 429 1596 469; x_wconf 70' lang='grc' dir='ltr'>ταπεινότηςί</span> 
     </span>
    </p>
   </div>
   <div class='ocr_carea' id='block_1_38' title="bbox 976 477 1547 518">
    <p class='ocr_par' dir='ltr' id='par_1_38' title="bbox 976 477 1547 518">
     <span class='ocr_line' id='line_1_38' title="bbox 976 477 1547 518; baseline -0.018 -7"><span class='ocrx_word' id='word_1_204' title='bbox 976 485 1013 511; x_wconf 82' lang='grc' dir='ltr'><strong>Σὺ</strong></span> <span class='ocrx_word' id='word_1_205' title='bbox 1030 483 1075 511; x_wconf 72' lang='grc' dir='ltr'><strong>καὶ</strong></span> <span class='ocrx_word' id='word_1_206' title='bbox 1093 483 1160 518; x_wconf 82' lang='grc' dir='ltr'>μόνη</span> <span class='ocrx_word' id='word_1_207' title='bbox 1176 481 1303 517; x_wconf 85' lang='grc' dir='ltr'>παροῦσα</span> <span class='ocrx_word' id='word_1_208' title='bbox 1317 479 1414 511; x_wconf 77' lang='grc' dir='ltr'>σώζειν</span> <span class='ocrx_word' id='word_1_209' title='bbox 1431 477 1547 512; x_wconf 58' lang='lat' dir='ltr'><strong>tax-Seu,</strong></span> 
     </span>
    </p>
   </div>
   <div class='ocr_carea' id='block_1_39' title="bbox 976 524 1551 566">
    <p class='ocr_par' dir='ltr' id='par_1_39' title="bbox 976 524 1551 566">
     <span class='ocr_line' id='line_1_39' title="bbox 976 524 1551 566; baseline -0.016 -8"><span class='ocrx_word' id='word_1_210' title='bbox 976 531 1031 558; x_wconf 70' lang='grc' dir='ltr'><strong>Καὶ</strong></span> <span class='ocrx_word' id='word_1_211' title='bbox 1047 531 1085 566; x_wconf 81' lang='grc' dir='ltr'><strong>μὴ</strong></span> <span class='ocrx_word' id='word_1_212' title='bbox 1102 529 1228 565; x_wconf 75' lang='grc' dir='ltr'>παροῦσα</span> <span class='ocrx_word' id='word_1_213' title='bbox 1247 527 1329 554; x_wconf 79' lang='grc' dir='ltr'>πάλιν</span> <span class='ocrx_word' id='word_1_214' title='bbox 1344 525 1451 556; x_wconf 84' lang='grc' dir='ltr'>ὁλλύεις</span> <span class='ocrx_word' id='word_1_215' title='bbox 1464 524 1533 559; x_wconf 85' lang='grc' dir='ltr'>μόνη</span> <span class='ocrx_word' id='word_1_216' title='bbox 1543 531 1551 539; x_wconf 89' lang='grc'><strong>·</strong></span> 
     </span>
    </p>
   </div>
   <div class='ocr_carea' id='block_1_40' title="bbox 977 570 1554 609">
    <p class='ocr_par' dir='ltr' id='par_1_40' title="bbox 977 570 1554 609">
     <span class='ocr_line' id='line_1_40' title="bbox 977 570 1554 609; baseline -0.016 -5"><span class='ocrx_word' id='word_1_217' title='bbox 977 576 1017 605; x_wconf 76' lang='grc' dir='ltr'><strong>Τὰ</strong></span> <span class='ocrx_word' id='word_1_218' title='bbox 1036 576 1086 603; x_wconf 82' lang='grc' dir='ltr'>τοῦ</span> <span class='ocrx_word' id='word_1_219' title='bbox 1104 575 1219 602; x_wconf 79' lang='grc' dir='ltr'>τελώνου</span> <span class='ocrx_word' id='word_1_220' title='bbox 1238 575 1283 601; x_wconf 69' lang='grc' dir='ltr'><strong>καὶ</strong></span> <span class='ocrx_word' id='word_1_221' title='bbox 1295 572 1460 609; x_wconf 77' lang='grc' dir='ltr'>Φαρισσαίου</span> <span class='ocrx_word' id='word_1_222' title='bbox 1471 570 1554 604; x_wconf 87' lang='grc' dir='ltr'>λέγω.</span> 
     </span>
    </p>
   </div>
   <div class='ocr_carea' id='block_1_41' title="bbox 1271 617 1474 652">
    <p class='ocr_par' dir='ltr' id='par_1_41' title="bbox 1271 617 1474 652">
     <span class='ocr_line' id='line_1_41' title="bbox 1271 617 1474 652; baseline -0.02 -5"><span class='ocrx_word' id='word_1_223' title='bbox 1271 619 1322 652; x_wconf 85' lang='grc' dir='ltr'><strong>Εις</strong></span> <span class='ocrx_word' id='word_1_224' title='bbox 1339 619 1371 645; x_wconf 87' lang='grc' dir='ltr'>τὸ</span> <span class='ocrx_word' id='word_1_225' title='bbox 1387 617 1474 644; x_wconf 78' lang='grc' dir='ltr'>αὑτό.</span> 
     </span>
    </p>
   </div>
   <div class='ocr_carea' id='block_1_42' title="bbox 979 659 1721 705">
    <p class='ocr_par' dir='ltr' id='par_1_42' title="bbox 979 659 1721 705">
     <span class='ocr_line' id='line_1_42' title="bbox 979 659 1721 705; baseline -0.019 -8"><span class='ocrx_word' id='word_1_226' title='bbox 979 669 1079 705; x_wconf 83' lang='grc' dir='ltr'>Ἀνδρε</span> <span class='ocrx_word' id='word_1_227' title='bbox 1096 669 1143 695; x_wconf 75' lang='grc' dir='ltr'><strong>δύο</strong></span> <span class='ocrx_word' id='word_1_228' title='bbox 1155 667 1235 703; x_wconf 72' lang='grc' dir='ltr'>προτὶ</span> <span class='ocrx_word' id='word_1_229' title='bbox 1252 666 1336 700; x_wconf 61' lang='grc' dir='ltr'>σηκὸν</span> <span class='ocrx_word' id='word_1_230' title='bbox 1347 664 1492 698; x_wconf 77' lang='grc' dir='ltr'>ἀμείῦετον</span> <span class='ocrx_word' id='word_1_231' title='bbox 1509 661 1583 697; x_wconf 78' lang='grc' dir='ltr'>ἴχνια</span> <span class='ocrx_word' id='word_1_232' title='bbox 1595 659 1704 694; x_wconf 87' lang='grc' dir='ltr'>ταρσῶν</span> <span class='ocrx_word' id='word_1_233' title='bbox 1713 663 1721 672; x_wconf 87' lang='grc'><strong>·</strong></span> 
     </span>
    </p>
   </div>
   <div class='ocr_carea' id='block_1_43' title="bbox 977 704 1708 751">
    <p class='ocr_par' dir='ltr' id='par_1_43' title="bbox 977 704 1708 751">
     <span class='ocr_line' id='line_1_43' title="bbox 977 704 1708 751; baseline -0.021 -7"><span class='ocrx_word' id='word_1_234' title='bbox 977 717 1025 744; x_wconf 84' lang='grc' dir='ltr'><strong>Χώ</strong></span> <span class='ocrx_word' id='word_1_235' title='bbox 1042 704 1092 751; x_wconf 76' lang='grc' dir='ltr'>μὲν</span> <span class='ocrx_word' id='word_1_236' title='bbox 1109 714 1157 749; x_wconf 77' lang='grc' dir='ltr'><strong>ἐην</strong></span> <span class='ocrx_word' id='word_1_237' title='bbox 1173 713 1304 748; x_wconf 82' lang='grc' dir='ltr'>ἀρετῇσιν</span> <span class='ocrx_word' id='word_1_238' title='bbox 1322 709 1365 736; x_wconf 75' lang='grc' dir='ltr'><strong>ἐπ’</strong></span> <span class='ocrx_word' id='word_1_239' title='bbox 1379 708 1484 743; x_wconf 76' lang='grc' dir='ltr'><strong>ὀφρύας</strong></span> <span class='ocrx_word' id='word_1_240' title='bbox 1503 705 1581 741; x_wconf 75' lang='grc' dir='ltr'>ὑψόσ’</span> <span class='ocrx_word' id='word_1_241' title='bbox 1596 704 1708 738; x_wconf 80' lang='grc' dir='ltr'>ἀείρων,</span> 
     </span>
    </p>
   </div>
   <div class='ocr_carea' id='block_1_44' title="bbox 977 750 1730 797">
    <p class='ocr_par' dir='ltr' id='par_1_44' title="bbox 977 750 1730 797">
     <span class='ocr_line' id='line_1_44' title="bbox 977 750 1730 797; baseline -0.02 -7"><span class='ocrx_word' id='word_1_242' title='bbox 977 750 1071 797; x_wconf 55' lang='grc' dir='ltr'>Αὐτὰρ</span> <span class='ocrx_word' id='word_1_243' title='bbox 1083 761 1124 795; x_wconf 81' lang='grc' dir='ltr'><strong>ὅγ’</strong></span> <span class='ocrx_word' id='word_1_244' title='bbox 1139 758 1313 794; x_wconf 78' lang='grc' dir='ltr'>ἀμπλακίῃσι</span> <span class='ocrx_word' id='word_1_245' title='bbox 1327 756 1399 783; x_wconf 83' lang='grc' dir='ltr'>κατὰ</span> <span class='ocrx_word' id='word_1_246' title='bbox 1415 753 1509 790; x_wconf 79' lang='grc' dir='ltr'>χθονὸς</span> <span class='ocrx_word' id='word_1_247' title='bbox 1521 750 1730 797; x_wconf 16' lang='grc' dir='ltr'>ὅμματαγπῆγς</span> 
     </span>
    </p>
   </div>
   <div class='ocr_carea' id='block_1_45' title="bbox 979 796 1696 844">
    <p class='ocr_par' dir='ltr' id='par_1_45' title="bbox 979 796 1696 844">
     <span class='ocr_line' id='line_1_45' title="bbox 979 796 1696 844; baseline -0.021 -7"><span class='ocrx_word' id='word_1_248' title='bbox 979 809 1034 838; x_wconf 78' lang='grc' dir='ltr'><strong>Καί</strong></span> <span class='ocrx_word' id='word_1_249' title='bbox 1050 807 1075 844; x_wconf 80' lang='grc' dir='ltr'><strong>ῤ’</strong></span> <span class='ocrx_word' id='word_1_250' title='bbox 1088 809 1102 834; x_wconf 84' lang='grc' dir='ltr'>ὁ</span> <span class='ocrx_word' id='word_1_251' title='bbox 1116 807 1200 838; x_wconf 76' lang='grc' dir='ltr'>κακὸς</span> <span class='ocrx_word' id='word_1_252' title='bbox 1212 805 1326 839; x_wconf 78' lang='grc' dir='ltr'>νόστησε</span> <span class='ocrx_word' id='word_1_253' title='bbox 1340 802 1509 836; x_wconf 82' lang='grc' dir='ltr'>δικαιότερος</span> <span class='ocrx_word' id='word_1_254' title='bbox 1520 800 1568 826; x_wconf 77' lang='grc' dir='ltr'><strong>καὶ</strong></span> <span class='ocrx_word' id='word_1_255' title='bbox 1584 796 1696 833; x_wconf 84' lang='grc' dir='ltr'>ἀρείων.</span> 
     </span>
    </p>
   </div>
   <div class='ocr_carea' id='block_1_46' title="bbox 1221 847 1518 883">
    <p class='ocr_par' dir='ltr' id='par_1_46' title="bbox 1221 847 1518 883">
     <span class='ocr_line' id='line_1_46' title="bbox 1221 847 1518 883; baseline -0.02 -5"><span class='ocrx_word' id='word_1_256' title='bbox 1221 852 1243 877; x_wconf 84' lang='grc' dir='ltr'><strong><em>Ε</em></strong></span> <span class='ocrx_word' id='word_1_257' title='bbox 1246 852 1274 883; x_wconf 88' lang='grc' dir='ltr'>ίς</span> <span class='ocrx_word' id='word_1_258' title='bbox 1289 849 1343 876; x_wconf 81' lang='grc' dir='ltr'><strong>τὸν</strong></span> <span class='ocrx_word' id='word_1_259' title='bbox 1356 847 1518 882; x_wconf 81' lang='grc' dir='ltr'>Ζακχαῖον.</span> 
     </span>
    </p>
   </div>
   <div class='ocr_carea' id='block_1_47' title="bbox 981 891 1568 935">
    <p class='ocr_par' dir='ltr' id='par_1_47' title="bbox 981 891 1568 935">
     <span class='ocr_line' id='line_1_47' title="bbox 981 891 1568 935; baseline -0.019 -7"><span class='ocrx_word' id='word_1_260' title='bbox 981 901 1100 935; x_wconf 79' lang='grc' dir='ltr'>Ζακχαῖε</span> <span class='ocrx_word' id='word_1_261' title='bbox 1117 898 1210 934; x_wconf 82' lang='grc' dir='ltr'>μικρὲ,</span> <span class='ocrx_word' id='word_1_262' title='bbox 1231 896 1328 932; x_wconf 70' lang='grc' dir='ltr'>μικρὸς</span> <span class='ocrx_word' id='word_1_263' title='bbox 1343 896 1380 922; x_wconf 82' lang='grc' dir='ltr'><strong>ὢν</strong></span> <span class='ocrx_word' id='word_1_264' title='bbox 1395 895 1426 921; x_wconf 74' lang='grc' dir='ltr'>τὸ</span> <span class='ocrx_word' id='word_1_265' title='bbox 1444 891 1568 927; x_wconf 85' lang='grc' dir='ltr'>σαρκίον,</span> 
     </span>
    </p>
   </div>
   <div class='ocr_carea' id='block_1_48' title="bbox 942 935 1592 983">
    <p class='ocr_par' dir='ltr' id='par_1_48' title="bbox 942 935 1592 983">
     <span class='ocr_line' id='line_1_48' title="bbox 942 935 1592 983; baseline -0.022 -7"><span class='ocrx_word' id='word_1_266' title='bbox 942 935 964 963; x_wconf 66' lang='grc' dir='ltr'><strong>Β</strong></span> <span class='ocrx_word' id='word_1_267' title='bbox 984 947 1101 983; x_wconf 74' lang='grc' dir='ltr'><strong>’Υψηλδς</strong></span> <span class='ocrx_word' id='word_1_268' title='bbox 1116 944 1140 972; x_wconf 74' lang='grc' dir='ltr'><strong>εἴ</strong></span> <span class='ocrx_word' id='word_1_269' title='bbox 1152 945 1182 972; x_wconf 84' lang='grc' dir='ltr'>τὺ</span> <span class='ocrx_word' id='word_1_270' title='bbox 1199 943 1310 978; x_wconf 81' lang='grc' dir='ltr'>πνεῦμα</span> <span class='ocrx_word' id='word_1_271' title='bbox 1323 941 1370 968; x_wconf 75' lang='grc' dir='ltr'>καὶ</span> <span class='ocrx_word' id='word_1_272' title='bbox 1382 939 1480 975; x_wconf 80' lang='grc' dir='ltr'>κέδρου</span> <span class='ocrx_word' id='word_1_273' title='bbox 1493 938 1574 964; x_wconf 79' lang='grc' dir='ltr'>πλέον</span> <span class='ocrx_word' id='word_1_274' title='bbox 1583 944 1592 981; x_wconf 21' lang='grc' dir='ltr'><strong>’γ</strong></span> 
     </span>
    </p>
   </div>
   <div class='ocr_carea' id='block_1_49' title="bbox 981 985 1566 1024">
    <p class='ocr_par' dir='ltr' id='par_1_49' title="bbox 981 985 1566 1024">
     <span class='ocr_line' id='line_1_49' title="bbox 981 985 1566 1024; baseline -0.022 -3"><span class='ocrx_word' id='word_1_275' title='bbox 981 993 1094 1020; x_wconf 83' lang='grc' dir='ltr'>Ἀνελθε</span> <span class='ocrx_word' id='word_1_276' title='bbox 1109 991 1200 1018; x_wconf 73' lang='grc' dir='ltr'>λοιπὸν</span> <span class='ocrx_word' id='word_1_277' title='bbox 1213 989 1263 1024; x_wconf 83' lang='grc' dir='ltr'><strong>τὴν</strong></span> <span class='ocrx_word' id='word_1_278' title='bbox 1275 989 1361 1022; x_wconf 84' lang='grc' dir='ltr'>συκῆν</span> <span class='ocrx_word' id='word_1_279' title='bbox 1374 986 1455 1021; x_wconf 76' lang='grc' dir='ltr'>τάχος</span> <span class='ocrx_word' id='word_1_280' title='bbox 1471 985 1566 1019; x_wconf 75' lang='grc' dir='ltr'>τάχος,</span> 
     </span>
    </p>
   </div>
   <div class='ocr_carea' id='block_1_50' title="bbox 979 1031 1535 1076">
    <p class='ocr_par' dir='ltr' id='par_1_50' title="bbox 979 1031 1535 1076">
     <span class='ocr_line' id='line_1_50' title="bbox 979 1031 1535 1076; baseline -0.018 -8"><span class='ocrx_word' id='word_1_281' title='bbox 979 1040 1034 1076; x_wconf 85' lang='grc' dir='ltr'>Τὴν</span> <span class='ocrx_word' id='word_1_282' title='bbox 1049 1038 1172 1074; x_wconf 81' lang='grc' dir='ltr'>ἄμπελον</span> <span class='ocrx_word' id='word_1_283' title='bbox 1188 1037 1217 1063; x_wconf 79' lang='grc' dir='ltr'><strong>δὲ</strong></span> <span class='ocrx_word' id='word_1_284' title='bbox 1231 1036 1281 1072; x_wconf 85' lang='grc' dir='ltr'>τὴν</span> <span class='ocrx_word' id='word_1_285' title='bbox 1298 1033 1429 1070; x_wconf 79' lang='grc' dir='ltr'>ἀληθινὴν</span> <span class='ocrx_word' id='word_1_286' title='bbox 1441 1031 1535 1068; x_wconf 80' lang='grc' dir='ltr'>βλέπε.</span> 
     </span>
    </p>
   </div>
   <div class='ocr_carea' id='block_1_51' title="bbox 1273 1079 1480 1115">
    <p class='ocr_par' dir='ltr' id='par_1_51' title="bbox 1273 1079 1480 1115">
     <span class='ocr_line' id='line_1_51' title="bbox 1273 1079 1480 1115; baseline -0.014 -7"><span class='ocrx_word' id='word_1_287' title='bbox 1273 1080 1371 1115; x_wconf 57' lang='grc' dir='ltr'><strong>Είςβὸ</strong></span> <span class='ocrx_word' id='word_1_288' title='bbox 1395 1079 1480 1106; x_wconf 79' lang='grc' dir='ltr'>αὑτό.</span> 
     </span>
    </p>
   </div>
   <div class='ocr_carea' id='block_1_52' title="bbox 981 1121 1706 1164">
    <p class='ocr_par' dir='ltr' id='par_1_52' title="bbox 981 1121 1706 1164">
     <span class='ocr_line' id='line_1_52' title="bbox 981 1121 1706 1164; baseline -0.017 -5"><span class='ocrx_word' id='word_1_289' title='bbox 981 1132 1013 1159; x_wconf 82' lang='lat' dir='ltr'><strong>El.’</strong></span> <span class='ocrx_word' id='word_1_290' title='bbox 1026 1140 1066 1158; x_wconf 85' lang='grc' dir='ltr'>σοι</span> <span class='ocrx_word' id='word_1_291' title='bbox 1077 1131 1117 1157; x_wconf 73' lang='grc' dir='ltr'><strong>ἑνὶ</strong></span> <span class='ocrx_word' id='word_1_292' title='bbox 1130 1128 1262 1164; x_wconf 74' lang='grc' dir='ltr'>στήθεσφι</span> <span class='ocrx_word' id='word_1_293' title='bbox 1277 1126 1360 1158; x_wconf 83' lang='grc' dir='ltr'>πόθος</span> <span class='ocrx_word' id='word_1_294' title='bbox 1375 1124 1442 1151; x_wconf 82' lang='grc' dir='ltr'>πέσε</span> <span class='ocrx_word' id='word_1_295' title='bbox 1457 1122 1575 1158; x_wconf 69' lang='grc' dir='ltr'>Χριστὸν</span> <span class='ocrx_word' id='word_1_296' title='bbox 1590 1121 1706 1151; x_wconf 73' lang='grc' dir='ltr'>ίδέσοαι,</span> 
     </span>
    </p>
   </div>
   <div class='ocr_carea' id='block_1_53' title="bbox 987 1163 1718 1213">
    <p class='ocr_par' dir='ltr' id='par_1_53' title="bbox 987 1163 1718 1213">
     <span class='ocr_line' id='line_1_53' title="bbox 987 1163 1718 1213; baseline -0.019 -7"><span class='ocrx_word' id='word_1_297' title='bbox 987 1176 1161 1213; x_wconf 78' lang='grc' dir='ltr'>Ἀμπλακίης</span> <span class='ocrx_word' id='word_1_298' title='bbox 1171 1163 1341 1208; x_wconf 63' lang='grc' dir='ltr'>πολῦφυλλον</span> <span class='ocrx_word' id='word_1_299' title='bbox 1353 1169 1490 1206; x_wconf 79' lang='grc' dir='ltr'>ὑπέρὸαῡι</span> <span class='ocrx_word' id='word_1_300' title='bbox 1508 1167 1698 1203; x_wconf 84' lang='grc' dir='ltr'>συκομοραίην</span> <span class='ocrx_word' id='word_1_301' title='bbox 1711 1174 1718 1181; x_wconf 90' lang='grc'>·</span> 
     </span>
    </p>
   </div>
   <div class='ocr_carea' id='block_1_54' title="bbox 987 1212 1705 1259">
    <p class='ocr_par' dir='ltr' id='par_1_54' title="bbox 987 1212 1705 1259">
     <span class='ocr_line' id='line_1_54' title="bbox 987 1212 1705 1259; baseline -0.021 -7"><span class='ocrx_word' id='word_1_302' title='bbox 987 1212 1032 1251; x_wconf 74' lang='grc' dir='ltr'><strong>Ἐν</strong></span> <span class='ocrx_word' id='word_1_303' title='bbox 1046 1222 1122 1259; x_wconf 77' lang='grc' dir='ltr'>χθονὶ</span> <span class='ocrx_word' id='word_1_304' title='bbox 1132 1222 1186 1256; x_wconf 75' lang='grc' dir='ltr'><strong>γὰρ</strong></span> <span class='ocrx_word' id='word_1_305' title='bbox 1199 1219 1341 1254; x_wconf 70' lang='grc' dir='ltr'>στείχοντα</span> <span class='ocrx_word' id='word_1_306' title='bbox 1355 1215 1498 1252; x_wconf 80' lang='grc' dir='ltr'>ἀμήχανόν</span> <span class='ocrx_word' id='word_1_307' title='bbox 1512 1215 1586 1240; x_wconf 70' lang='grc' dir='ltr'>ἐστιν</span> <span class='ocrx_word' id='word_1_308' title='bbox 1603 1212 1705 1239; x_wconf 77' lang='grc' dir='ltr'>ἰδέσθαι</span> 
     </span>
    </p>
   </div>
   <div class='ocr_carea' id='block_1_55' title="bbox 983 1259 1631 1302">
    <p class='ocr_par' dir='ltr' id='par_1_55' title="bbox 983 1259 1631 1302">
     <span class='ocr_line' id='line_1_55' title="bbox 983 1259 1631 1302; baseline -0.02 -4"><span class='ocrx_word' id='word_1_309' title='bbox 983 1269 1060 1302; x_wconf 75' lang='grc' dir='ltr'><strong>Εἶδος</strong></span> <span class='ocrx_word' id='word_1_310' title='bbox 1075 1268 1223 1302; x_wconf 81' lang='grc' dir='ltr'>θειότερον,</span> <span class='ocrx_word' id='word_1_311' title='bbox 1236 1262 1446 1298; x_wconf 80' lang='grc' dir='ltr'>κεκαλυμμένον</span> <span class='ocrx_word' id='word_1_312' title='bbox 1458 1261 1521 1296; x_wconf 73' lang='grc' dir='ltr'>ἠέρι</span> <span class='ocrx_word' id='word_1_313' title='bbox 1536 1259 1631 1293; x_wconf 84' lang='grc' dir='ltr'>πολλῇ.</span> 
     </span>
    </p>
   </div>
   <div class='ocr_carea' id='block_1_56' title="bbox 1118 1303 1638 1347">
    <p class='ocr_par' dir='ltr' id='par_1_56' title="bbox 1118 1303 1638 1347">
     <span class='ocr_line' id='line_1_56' title="bbox 1118 1303 1638 1347; baseline -0.017 -6"><span class='ocrx_word' id='word_1_314' title='bbox 1118 1315 1170 1347; x_wconf 83' lang='grc' dir='ltr'><strong>Είς</strong></span> <span class='ocrx_word' id='word_1_315' title='bbox 1186 1313 1244 1346; x_wconf 80' lang='grc' dir='ltr'><strong>τὴν</strong></span> <span class='ocrx_word' id='word_1_316' title='bbox 1266 1310 1426 1343; x_wconf 79' lang='grc' dir='ltr'>ἐξαίτησιν</span> <span class='ocrx_word' id='word_1_317' title='bbox 1437 1307 1491 1334; x_wconf 83' lang='grc' dir='ltr'><strong>τοῦ</strong></span> <span class='ocrx_word' id='word_1_318' title='bbox 1508 1303 1638 1333; x_wconf 83' lang='grc' dir='ltr'>Σατανᾶ.</span> 
     </span>
    </p>
   </div>
   <div class='ocr_carea' id='block_1_57' title="bbox 983 1354 1549 1395">
    <p class='ocr_par' dir='ltr' id='par_1_57' title="bbox 983 1354 1549 1395">
     <span class='ocr_line' id='line_1_57' title="bbox 983 1354 1549 1395; baseline -0.023 -4"><span class='ocrx_word' id='word_1_319' title='bbox 983 1363 1086 1395; x_wconf 79' lang='grc' dir='ltr'><strong>Δίτεῖς,</strong></span> <span class='ocrx_word' id='word_1_320' title='bbox 1102 1359 1222 1391; x_wconf 67' lang='grc' dir='ltr'>Σατανᾶ,</span> <span class='ocrx_word' id='word_1_321' title='bbox 1237 1356 1369 1388; x_wconf 72' lang='grc' dir='ltr'>σινιάζειν</span> <span class='ocrx_word' id='word_1_322' title='bbox 1386 1355 1432 1382; x_wconf 79' lang='grc' dir='ltr'><strong>τὸν</strong></span> <span class='ocrx_word' id='word_1_323' title='bbox 1445 1354 1549 1388; x_wconf 64' lang='grc' dir='ltr'>Πέτρον</span> 
     </span>
    </p>
   </div>
   <div class='ocr_carea' id='block_1_58' title="bbox 989 1398 1648 1442">
    <p class='ocr_par' dir='ltr' id='par_1_58' title="bbox 989 1398 1648 1442">
     <span class='ocr_line' id='line_1_58' title="bbox 989 1398 1648 1442; baseline -0.02 -5"><span class='ocrx_word' id='word_1_324' title='bbox 989 1412 1034 1442; x_wconf 82' lang='grc' dir='ltr'><strong>Ὠς</strong></span> <span class='ocrx_word' id='word_1_325' title='bbox 1049 1409 1121 1435; x_wconf 85' lang='grc' dir='ltr'>σῖτον</span> <span class='ocrx_word' id='word_1_326' title='bbox 1135 1416 1142 1440; x_wconf 90' lang='grc'><strong>;</strong></span> <span class='ocrx_word' id='word_1_327' title='bbox 1159 1405 1243 1438; x_wconf 84' lang='grc' dir='ltr'><strong>Αίτῶ,</strong></span> <span class='ocrx_word' id='word_1_328' title='bbox 1259 1402 1343 1439; x_wconf 78' lang='grc' dir='ltr'>φησιν</span> <span class='ocrx_word' id='word_1_329' title='bbox 1356 1410 1362 1418; x_wconf 92' lang='grc'><strong>·</strong></span> <span class='ocrx_word' id='word_1_330' title='bbox 1379 1399 1429 1428; x_wconf 75' lang='grc' dir='ltr'>εἴτ’</span> <span class='ocrx_word' id='word_1_331' title='bbox 1446 1400 1496 1427; x_wconf 76' lang='grc' dir='ltr'>οὐκ</span> <span class='ocrx_word' id='word_1_332' title='bbox 1512 1398 1648 1434; x_wconf 79' lang='grc' dir='ltr'>αἰσχύνῃ,</span> 
     </span>
    </p>
   </div>
   <div class='ocr_carea' id='block_1_59' title="bbox 985 1446 1606 1491">
    <p class='ocr_par' dir='ltr' id='par_1_59' title="bbox 985 1446 1606 1491">
     <span class='ocr_line' id='line_1_59' title="bbox 985 1446 1606 1491; baseline -0.023 -6"><span class='ocrx_word' id='word_1_333' title='bbox 985 1456 1067 1491; x_wconf 75' lang='grc' dir='ltr'>Κακὴ</span> <span class='ocrx_word' id='word_1_334' title='bbox 1083 1453 1203 1488; x_wconf 80' lang='grc' dir='ltr'>κεφαλὴ,</span> <span class='ocrx_word' id='word_1_335' title='bbox 1217 1452 1262 1478; x_wconf 77' lang='grc' dir='ltr'><strong>τὸν</strong></span> <span class='ocrx_word' id='word_1_336' title='bbox 1272 1451 1300 1477; x_wconf 78' lang='grc' dir='ltr'><strong>δὲ</strong></span> <span class='ocrx_word' id='word_1_337' title='bbox 1312 1449 1415 1484; x_wconf 81' lang='grc' dir='ltr'>Πέτρον</span> <span class='ocrx_word' id='word_1_338' title='bbox 1426 1447 1457 1474; x_wconf 74' lang='grc' dir='ltr'>οὐ</span> <span class='ocrx_word' id='word_1_339' title='bbox 1469 1446 1582 1481; x_wconf 79' lang='grc' dir='ltr'>τρέμεις</span> <span class='ocrx_word' id='word_1_340' title='bbox 1597 1465 1606 1478; x_wconf 88' lang='lat'><strong>,</strong></span> 
     </span>
    </p>
   </div>
   <div class='ocr_carea' id='block_1_60' title="bbox 985 1494 1507 1536">
    <p class='ocr_par' dir='ltr' id='par_1_60' title="bbox 985 1494 1507 1536">
     <span class='ocr_line' id='line_1_60' title="bbox 985 1494 1507 1536; baseline -0.019 -7"><span class='ocrx_word' id='word_1_341' title='bbox 985 1502 1033 1536; x_wconf 80' lang='grc' dir='ltr'><strong>Μὴ</strong></span> <span class='ocrx_word' id='word_1_342' title='bbox 1048 1500 1189 1534; x_wconf 80' lang='grc' dir='ltr'>σινιασοῇς</span> <span class='ocrx_word' id='word_1_343' title='bbox 1206 1496 1307 1533; x_wconf 82' lang='grc' dir='ltr'>μᾶλλον</span> <span class='ocrx_word' id='word_1_344' title='bbox 1325 1495 1342 1530; x_wconf 85' lang='grc' dir='ltr'>ἢ</span> <span class='ocrx_word' id='word_1_345' title='bbox 1364 1494 1507 1529; x_wconf 60' lang='lat' dir='ltr'><strong>annois-9;;</strong></span> 
     </span>
    </p>
   </div>
   <div class='ocr_carea' id='block_1_61' title="bbox 987 1573 1777 1616">
    <p class='ocr_par' dir='ltr' id='par_1_61' title="bbox 987 1573 1777 1616">
     <span class='ocr_line' id='line_1_61' title="bbox 987 1573 1777 1616; baseline -0.015 -9"><span class='ocrx_word' id='word_1_346' title='bbox 987 1581 1103 1616; x_wconf 82' lang='lat' dir='ltr'><strong>leprosis</strong></span> <span class='ocrx_word' id='word_1_347' title='bbox 1131 1585 1229 1606; x_wconf 86' lang='lat' dir='ltr'><strong>manus</strong></span> <span class='ocrx_word' id='word_1_348' title='bbox 1255 1575 1358 1604; x_wconf 75' lang='lat' dir='ltr'><strong>Christi</strong></span> <span class='ocrx_word' id='word_1_349' title='bbox 1384 1573 1527 1601; x_wconf 73' lang='lat' dir='ltr'><strong>medicata:</strong></span> <span class='ocrx_word' id='word_1_350' title='bbox 1550 1575 1636 1603; x_wconf 88' lang='lat' dir='ltr'><strong>sunt,</strong></span> <span class='ocrx_word' id='word_1_351' title='bbox 1661 1577 1777 1605; x_wconf 85' lang='lat' dir='ltr'><strong>quorum</strong></span> 
     </span>
    </p>
   </div>
   <div class='ocr_carea' id='block_1_62' title="bbox 183 1605 943 1661">
    <p class='ocr_par' dir='ltr' id='par_1_62' title="bbox 183 1624 934 1660">
     <span class='ocr_line' id='line_1_62' title="bbox 183 1624 934 1660; baseline -0.004 -7"><span class='ocrx_word' id='word_1_352' title='bbox 183 1626 234 1660; x_wconf 85' lang='lat' dir='ltr'><strong>Qui</strong></span> <span class='ocrx_word' id='word_1_353' title='bbox 251 1632 311 1654; x_wconf 87' lang='lat' dir='ltr'><strong>tuas</strong></span> <span class='ocrx_word' id='word_1_354' title='bbox 326 1625 468 1660; x_wconf 75' lang='lat' dir='ltr'><strong>abligurivi</strong></span> <span class='ocrx_word' id='word_1_355' title='bbox 484 1624 636 1656; x_wconf 73' lang='lat' dir='ltr'><strong>facultates,</strong></span> <span class='ocrx_word' id='word_1_356' title='bbox 652 1631 668 1650; x_wconf 93' lang='grc' dir='ltr'>ο</span> <span class='ocrx_word' id='word_1_357' title='bbox 683 1624 817 1656; x_wconf 85' lang='lat' dir='ltr'><strong>Salvator,</strong></span> <span class='ocrx_word' id='word_1_358' title='bbox 828 1628 855 1652; x_wconf 85' lang='lat' dir='ltr'><strong>et</strong></span> <span class='ocrx_word' id='word_1_359' title='bbox 871 1632 934 1651; x_wconf 84' lang='lat' dir='ltr'><strong>scn-</strong></span> 
     </span>
    </p>
   </div>
   <div class='ocr_carea' id='block_1_63' title="bbox 995 1605 1779 1661">
    <p class='ocr_par' dir='ltr' id='par_1_63' title="bbox 995 1605 1779 1661">
     <span class='ocr_line' id='line_1_63' title="bbox 1000 1605 1100 1616; baseline -0.03 -7"><span class='ocrx_word' id='word_1_360' title='bbox 1000 1605 1100 1616; x_wconf 59' lang='lat'><strong>-,..___,</strong></span> 
     </span>
     <span class='ocr_line' id='line_1_64' title="bbox 995 1616 1779 1661; baseline -0.017 -7"><span class='ocrx_word' id='word_1_361' title='bbox 995 1635 1061 1654; x_wconf 83' lang='lat' dir='ltr'><strong>unus</strong></span> <span class='ocrx_word' id='word_1_362' title='bbox 1075 1625 1265 1661; x_wconf 77' lang='lat' dir='ltr'><strong>gratulaturus</strong></span> <span class='ocrx_word' id='word_1_363' title='bbox 1278 1620 1406 1652; x_wconf 84' lang='lat' dir='ltr'><strong>accessit,</strong></span> <span class='ocrx_word' id='word_1_364' title='bbox 1421 1619 1527 1646; x_wconf 66' lang='lat' dir='ltr'><strong>caeteris</strong></span> <span class='ocrx_word' id='word_1_365' title='bbox 1539 1617 1668 1646; x_wconf 85' lang='lat' dir='ltr'><strong>omnibus</strong></span> <span class='ocrx_word' id='word_1_366' title='bbox 1683 1616 1779 1642; x_wconf 72' lang='lat' dir='ltr'><strong>absce-</strong></span> 
     </span>
    </p>
   </div>
   <div class='ocr_carea' id='block_1_64' title="bbox 150 1670 934 1707">
    <p class='ocr_par' dir='ltr' id='par_1_64' title="bbox 150 1670 934 1707">
     <span class='ocr_line' id='line_1_65' title="bbox 150 1670 934 1707; baseline -0.006 -6"><span class='ocrx_word' id='word_1_367' title='bbox 150 1681 195 1701; x_wconf 63' lang='lat' dir='ltr'><strong>sus</strong></span> <span class='ocrx_word' id='word_1_368' title='bbox 213 1681 287 1700; x_wconf 88' lang='lat' dir='ltr'><strong>meos</strong></span> <span class='ocrx_word' id='word_1_369' title='bbox 302 1680 351 1700; x_wconf 91' lang='lat' dir='ltr'><strong>ceu</strong></span> <span class='ocrx_word' id='word_1_370' title='bbox 365 1679 463 1707; x_wconf 84' lang='lat' dir='ltr'><strong>porcos</strong></span> <span class='ocrx_word' id='word_1_371' title='bbox 480 1670 551 1705; x_wconf 83' lang='lat' dir='ltr'><strong>pavi,</strong></span> <span class='ocrx_word' id='word_1_372' title='bbox 582 1671 615 1697; x_wconf 90' lang='lat' dir='ltr'><strong>ad</strong></span> <span class='ocrx_word' id='word_1_373' title='bbox 631 1675 656 1697; x_wconf 88' lang='lat' dir='ltr'><strong>te</strong></span> <span class='ocrx_word' id='word_1_374' title='bbox 673 1676 761 1697; x_wconf 87' lang='lat' dir='ltr'><strong>tamen</strong></span> <span class='ocrx_word' id='word_1_375' title='bbox 783 1678 934 1704; x_wconf 73' lang='lat' dir='ltr'><strong>regressum</strong></span> 
     </span>
    </p>
   </div>
   <div class='ocr_carea' id='block_1_65' title="bbox 152 1718 934 1755">
    <p class='ocr_par' dir='ltr' id='par_1_65' title="bbox 152 1718 934 1755">
     <span class='ocr_line' id='line_1_66' title="bbox 152 1718 934 1755; baseline 0.001 -10"><span class='ocrx_word' id='word_1_376' title='bbox 152 1722 256 1746; x_wconf 62' lang='lat' dir='ltr'><strong>simam</strong></span> <span class='ocrx_word' id='word_1_377' title='bbox 272 1728 433 1755; x_wconf 75' lang='lat' dir='ltr'><strong>progressus</strong></span> <span class='ocrx_word' id='word_1_378' title='bbox 447 1719 634 1753; x_wconf 86' lang='lat' dir='ltr'><strong>amplecteris,</strong></span> <span class='ocrx_word' id='word_1_379' title='bbox 653 1723 679 1746; x_wconf 92' lang='lat' dir='ltr'><strong>et</strong></span> <span class='ocrx_word' id='word_1_380' title='bbox 697 1719 748 1746; x_wconf 85' lang='lat' dir='ltr'><strong>sub</strong></span> <span class='ocrx_word' id='word_1_381' title='bbox 763 1718 833 1747; x_wconf 89' lang='lat' dir='ltr'><strong>ulnis</strong></span> <span class='ocrx_word' id='word_1_382' title='bbox 849 1719 934 1752; x_wconf 82' lang='lat' dir='ltr'><strong>foves,</strong></span> 
     </span>
    </p>
   </div>
   <div class='ocr_carea' id='block_1_66' title="bbox 149 1763 885 1799">
    <p class='ocr_par' dir='ltr' id='par_1_66' title="bbox 149 1763 885 1799">
     <span class='ocr_line' id='line_1_67' title="bbox 149 1763 885 1799; baseline -0.001 -7"><span class='ocrx_word' id='word_1_383' title='bbox 149 1766 171 1792; x_wconf 85' lang='lat'><strong>0</strong></span> <span class='ocrx_word' id='word_1_384' title='bbox 187 1763 275 1793; x_wconf 76' lang='lat' dir='ltr'><strong>Patris</strong></span> <span class='ocrx_word' id='word_1_385' title='bbox 292 1766 394 1793; x_wconf 83' lang='lat' dir='ltr'><strong>viscera</strong></span> <span class='ocrx_word' id='word_1_386' title='bbox 408 1765 414 1791; x_wconf 79' lang='grc' dir='ltr'><strong>ι</strong></span> <span class='ocrx_word' id='word_1_387' title='bbox 431 1765 491 1799; x_wconf 87' lang='lat' dir='ltr'><strong>quis</strong></span> <span class='ocrx_word' id='word_1_388' title='bbox 504 1769 634 1798; x_wconf 80' lang='lat' dir='ltr'><strong>praeterea</strong></span> <span class='ocrx_word' id='word_1_389' title='bbox 658 1772 732 1799; x_wconf 88' lang='lat' dir='ltr'><strong>spem</strong></span> <span class='ocrx_word' id='word_1_390' title='bbox 750 1764 885 1799; x_wconf 80' lang='lat' dir='ltr'><strong>deponat?</strong></span> 
     </span>
    </p>
   </div>
   <div class='ocr_carea' id='block_1_67' title="bbox 482 1821 611 1848">
    <p class='ocr_par' dir='ltr' id='par_1_67' title="bbox 482 1821 611 1848">
     <span class='ocr_line' id='line_1_68' title="bbox 482 1821 611 1848; baseline 0 0"><span class='ocrx_word' id='word_1_391' title='bbox 482 1821 516 1848; x_wconf 84' lang='lat' dir='ltr'><strong>In</strong></span> <span class='ocrx_word' id='word_1_392' title='bbox 533 1822 611 1848; x_wconf 85' lang='lat' dir='ltr'><strong>idem.</strong></span> 
     </span>
    </p>
   </div>
   <div class='ocr_carea' id='block_1_68' title="bbox 187 1868 937 1903">
    <p class='ocr_par' dir='ltr' id='par_1_68' title="bbox 187 1868 937 1903">
     <span class='ocr_line' id='line_1_69' title="bbox 187 1868 937 1903; baseline -0.003 -6"><span class='ocrx_word' id='word_1_393' title='bbox 187 1870 314 1897; x_wconf 77' lang='lat' dir='ltr'><strong>Dextram</strong></span> <span class='ocrx_word' id='word_1_394' title='bbox 329 1878 437 1898; x_wconf 84' lang='lat' dir='ltr'><strong>manum</strong></span> <span class='ocrx_word' id='word_1_395' title='bbox 452 1870 521 1897; x_wconf 83' lang='lat' dir='ltr'><strong>meis</strong></span> <span class='ocrx_word' id='word_1_396' title='bbox 547 1869 700 1896; x_wconf 85' lang='lat' dir='ltr'><strong>cervicibus</strong></span> <span class='ocrx_word' id='word_1_397' title='bbox 723 1868 862 1903; x_wconf 87' lang='lat' dir='ltr'><strong>appende,</strong></span> <span class='ocrx_word' id='word_1_398' title='bbox 888 1868 937 1901; x_wconf 85' lang='lat' dir='ltr'><strong>liii,</strong></span> 
     </span>
    </p>
   </div>
   <div class='ocr_carea' id='block_1_69' title="bbox 151 1914 936 1951">
    <p class='ocr_par' dir='ltr' id='par_1_69' title="bbox 151 1914 936 1951">
     <span class='ocr_line' id='line_1_70' title="bbox 151 1914 936 1951; baseline -0.001 -8"><span class='ocrx_word' id='word_1_399' title='bbox 151 1916 226 1949; x_wconf 83' lang='lat' dir='ltr'><strong>sede,</strong></span> <span class='ocrx_word' id='word_1_400' title='bbox 236 1916 315 1950; x_wconf 86' lang='lat' dir='ltr'><strong>inque</strong></span> <span class='ocrx_word' id='word_1_401' title='bbox 328 1916 424 1951; x_wconf 74' lang='lat' dir='ltr'><strong>digitos</strong></span> <span class='ocrx_word' id='word_1_402' title='bbox 437 1915 565 1942; x_wconf 88' lang='lat' dir='ltr'><strong>annulum</strong></span> <span class='ocrx_word' id='word_1_403' title='bbox 579 1915 706 1942; x_wconf 81' lang='lat' dir='ltr'><strong>immitte.</strong></span> <span class='ocrx_word' id='word_1_404' title='bbox 724 1915 797 1942; x_wconf 86' lang='lat' dir='ltr'><strong>lleus</strong></span> <span class='ocrx_word' id='word_1_405' title='bbox 813 1915 820 1942; x_wconf 89' lang='lat' dir='ltr'><strong>l</strong></span> <span class='ocrx_word' id='word_1_406' title='bbox 834 1914 936 1947; x_wconf 80' lang='lat' dir='ltr'><strong>famuli,</strong></span> 
     </span>
    </p>
   </div>
   <div class='ocr_carea' id='block_1_70' title="bbox 152 1960 940 1995">
    <p class='ocr_par' dir='ltr' id='par_1_70' title="bbox 152 1960 940 1995">
     <span class='ocr_line' id='line_1_71' title="bbox 152 1960 940 1995; baseline 0 -7"><span class='ocrx_word' id='word_1_407' title='bbox 152 1966 288 1995; x_wconf 87' lang='lat' dir='ltr'><strong>arreptum</strong></span> <span class='ocrx_word' id='word_1_408' title='bbox 306 1969 339 1989; x_wconf 81' lang='lat' dir='ltr'><strong>ex</strong></span> <span class='ocrx_word' id='word_1_409' title='bbox 363 1962 468 1989; x_wconf 84' lang='lat' dir='ltr'><strong>stabulo</strong></span> <span class='ocrx_word' id='word_1_410' title='bbox 496 1961 608 1989; x_wconf 89' lang='lat' dir='ltr'><strong>vitulum</strong></span> <span class='ocrx_word' id='word_1_411' title='bbox 635 1961 761 1989; x_wconf 67' lang='lat' dir='ltr'><strong>oucidite.</strong></span> <span class='ocrx_word' id='word_1_412' title='bbox 793 1960 940 1989; x_wconf 80' lang='lat' dir='ltr'><strong>Defunctus</strong></span> 
     </span>
    </p>
   </div>
   <div class='ocr_carea' id='block_1_71' title="bbox 155 2007 848 2040">
    <p class='ocr_par' dir='ltr' id='par_1_71' title="bbox 155 2007 848 2040">
     <span class='ocr_line' id='line_1_72' title="bbox 155 2007 848 2040; baseline 0.001 -6"><span class='ocrx_word' id='word_1_413' title='bbox 155 2012 219 2035; x_wconf 89' lang='lat' dir='ltr'><strong>ante</strong></span> <span class='ocrx_word' id='word_1_414' title='bbox 231 2007 303 2034; x_wconf 84' lang='lat' dir='ltr'><strong>[ilius</strong></span> <span class='ocrx_word' id='word_1_415' title='bbox 314 2011 383 2039; x_wconf 87' lang='lat' dir='ltr'><strong>erat,</strong></span> <span class='ocrx_word' id='word_1_416' title='bbox 402 2015 456 2040; x_wconf 85' lang='lat' dir='ltr'><strong>quo</strong></span> <span class='ocrx_word' id='word_1_417' title='bbox 471 2007 589 2034; x_wconf 85' lang='lat' dir='ltr'><strong>redivivo</strong></span> <span class='ocrx_word' id='word_1_418' title='bbox 602 2014 695 2034; x_wconf 90' lang='lat' dir='ltr'><strong>omnes</strong></span> <span class='ocrx_word' id='word_1_419' title='bbox 707 2007 848 2036; x_wconf 78' lang='lat' dir='ltr'><strong>exsultate.</strong></span> 
     </span>
    </p>
   </div>
   <div class='ocr_carea' id='block_1_72' title="bbox 390 2052 699 2081">
    <p class='ocr_par' dir='ltr' id='par_1_72' title="bbox 390 2052 699 2081">
     <span class='ocr_line' id='line_1_73' title="bbox 390 2052 699 2081; baseline 0 -1"><span class='ocrx_word' id='word_1_420' title='bbox 390 2053 430 2080; x_wconf 84' lang='lat' dir='ltr'><strong>De</strong></span> <span class='ocrx_word' id='word_1_421' title='bbox 443 2053 522 2080; x_wconf 76' lang='lat' dir='ltr'><strong>divite</strong></span> <span class='ocrx_word' id='word_1_422' title='bbox 538 2057 563 2080; x_wconf 85' lang='lat' dir='ltr'><strong>et</strong></span> <span class='ocrx_word' id='word_1_423' title='bbox 581 2052 699 2081; x_wconf 79' lang='lat' dir='ltr'><strong>Lazaro.</strong></span> 
     </span>
    </p>
   </div>
   <div class='ocr_carea' id='block_1_73' title="bbox 187 2098 940 2134">
    <p class='ocr_par' dir='ltr' id='par_1_73' title="bbox 187 2098 940 2134">
     <span class='ocr_line' id='line_1_74' title="bbox 187 2098 940 2134; baseline 0 -7"><span class='ocrx_word' id='word_1_424' title='bbox 187 2098 239 2134; x_wconf 87' lang='lat' dir='ltr'><strong>Qui</strong></span> <span class='ocrx_word' id='word_1_425' title='bbox 251 2098 315 2127; x_wconf 92' lang='lat' dir='ltr'><strong>dum</strong></span> <span class='ocrx_word' id='word_1_426' title='bbox 328 2099 431 2127; x_wconf 84' lang='lat' dir='ltr'><strong>viveres</strong></span> <span class='ocrx_word' id='word_1_427' title='bbox 442 2106 502 2126; x_wconf 87' lang='lat' dir='ltr'><strong>eras</strong></span> <span class='ocrx_word' id='word_1_428' title='bbox 511 2098 597 2130; x_wconf 80' lang='lat' dir='ltr'><strong>dives,</strong></span> <span class='ocrx_word' id='word_1_429' title='bbox 605 2102 632 2126; x_wconf 88' lang='lat' dir='ltr'><strong>et</strong></span> <span class='ocrx_word' id='word_1_430' title='bbox 644 2102 703 2133; x_wconf 89' lang='lat' dir='ltr'><strong>post</strong></span> <span class='ocrx_word' id='word_1_431' title='bbox 713 2099 816 2126; x_wconf 88' lang='lat' dir='ltr'><strong>obitum</strong></span> <span class='ocrx_word' id='word_1_432' title='bbox 828 2106 940 2134; x_wconf 83' lang='lat' dir='ltr'><strong>pauper,</strong></span> 
     </span>
    </p>
   </div>
   <div class='ocr_carea' id='block_1_74' title="bbox 152 2145 940 2181">
    <p class='ocr_par' dir='ltr' id='par_1_74' title="bbox 152 2145 940 2181">
     <span class='ocr_line' id='line_1_75' title="bbox 152 2145 940 2181; baseline -0.004 -6"><span class='ocrx_word' id='word_1_433' title='bbox 152 2154 225 2179; x_wconf 90' lang='lat' dir='ltr'><strong>eum,</strong></span> <span class='ocrx_word' id='word_1_434' title='bbox 241 2145 286 2181; x_wconf 89' lang='lat' dir='ltr'><strong>qui</strong></span> <span class='ocrx_word' id='word_1_435' title='bbox 302 2146 365 2173; x_wconf 91' lang='lat' dir='ltr'><strong>dum</strong></span> <span class='ocrx_word' id='word_1_436' title='bbox 382 2145 496 2178; x_wconf 87' lang='lat' dir='ltr'><strong>viveret,</strong></span> <span class='ocrx_word' id='word_1_437' title='bbox 514 2145 623 2178; x_wconf 74' lang='lat' dir='ltr'><strong>itacrat</strong></span> <span class='ocrx_word' id='word_1_438' title='bbox 639 2145 726 2179; x_wconf 84' lang='lat' dir='ltr'><strong>inops,</strong></span> <span class='ocrx_word' id='word_1_439' title='bbox 743 2150 816 2172; x_wconf 88' lang='lat' dir='ltr'><strong>utne</strong></span> <span class='ocrx_word' id='word_1_440' title='bbox 835 2145 940 2172; x_wconf 86' lang='lat' dir='ltr'><strong>lrustu-</strong></span> 
     </span>
    </p>
   </div>
   <div class='ocr_carea' id='block_1_75' title="bbox 154 2190 942 2227">
    <p class='ocr_par' dir='ltr' id='par_1_75' title="bbox 154 2190 942 2227">
     <span class='ocr_line' id='line_1_76' title="bbox 154 2190 942 2227; baseline 0 -8"><span class='ocrx_word' id='word_1_441' title='bbox 154 2194 208 2220; x_wconf 91' lang='lat' dir='ltr'><strong>lum</strong></span> <span class='ocrx_word' id='word_1_442' title='bbox 223 2193 300 2227; x_wconf 86' lang='lat' dir='ltr'><strong>panis</strong></span> <span class='ocrx_word' id='word_1_443' title='bbox 314 2192 435 2224; x_wconf 87' lang='lat' dir='ltr'><strong>haberet,</strong></span> <span class='ocrx_word' id='word_1_444' title='bbox 454 2191 501 2218; x_wconf 89' lang='lat' dir='ltr'><strong>sed</strong></span> <span class='ocrx_word' id='word_1_445' title='bbox 522 2190 585 2217; x_wconf 90' lang='lat' dir='ltr'><strong>dum</strong></span> <span class='ocrx_word' id='word_1_446' title='bbox 622 2191 689 2217; x_wconf 89' lang='lat' dir='ltr'><strong>obiit</strong></span> <span class='ocrx_word' id='word_1_447' title='bbox 714 2190 942 2226; x_wconf 79' lang='lat' dir='ltr'><strong>locupletissimus</strong></span> 
     </span>
    </p>
   </div>
   <div class='ocr_carea' id='block_1_76' title="bbox 154 2235 940 2273">
    <p class='ocr_par' dir='ltr' id='par_1_76' title="bbox 154 2235 940 2273">
     <span class='ocr_line' id='line_1_77' title="bbox 154 2235 940 2273; baseline -0.006 -6"><span class='ocrx_word' id='word_1_448' title='bbox 154 2239 252 2270; x_wconf 85' lang='lat' dir='ltr'><strong>evasit,</strong></span> <span class='ocrx_word' id='word_1_449' title='bbox 278 2245 377 2273; x_wconf 84' lang='lat' dir='ltr'><strong>aquam</strong></span> <span class='ocrx_word' id='word_1_450' title='bbox 403 2236 522 2271; x_wconf 76' lang='lat' dir='ltr'><strong>rogabis.</strong></span> <span class='ocrx_word' id='word_1_451' title='bbox 543 2235 614 2262; x_wconf 86' lang='lat' dir='ltr'><strong>haud</strong></span> <span class='ocrx_word' id='word_1_452' title='bbox 644 2240 831 2270; x_wconf 85' lang='lat' dir='ltr'><strong>accepturus;</strong></span> <span class='ocrx_word' id='word_1_453' title='bbox 861 2240 940 2263; x_wconf 77' lang='lat' dir='ltr'><strong>terra:</strong></span> 
     </span>
    </p>
   </div>
   <div class='ocr_carea' id='block_1_77' title="bbox 155 2281 798 2321">
    <p class='ocr_par' dir='ltr' id='par_1_77' title="bbox 155 2281 798 2321">
     <span class='ocr_line' id='line_1_78' title="bbox 155 2281 798 2321; baseline -0.008 -8"><span class='ocrx_word' id='word_1_454' title='bbox 155 2286 254 2321; x_wconf 85' lang='lat' dir='ltr'><strong>quippe</strong></span> <span class='ocrx_word' id='word_1_455' title='bbox 269 2284 358 2313; x_wconf 81' lang='lat' dir='ltr'><strong>hiatus</strong></span> <span class='ocrx_word' id='word_1_456' title='bbox 372 2283 567 2319; x_wconf 85' lang='lat' dir='ltr'><strong>impedimento</strong></span> <span class='ocrx_word' id='word_1_457' title='bbox 581 2285 632 2315; x_wconf 84' lang='lat' dir='ltr'><strong>est,</strong></span> <span class='ocrx_word' id='word_1_458' title='bbox 649 2289 682 2308; x_wconf 85' lang='lat' dir='ltr'><strong>ne</strong></span> <span class='ocrx_word' id='word_1_459' title='bbox 694 2281 798 2309; x_wconf 80' lang='lat' dir='ltr'><strong>audiat.</strong></span> 
     </span>
    </p>
   </div>
   <div class='ocr_carea' id='block_1_78' title="bbox 481 2327 614 2355">
    <p class='ocr_par' dir='ltr' id='par_1_78' title="bbox 481 2327 614 2355">
     <span class='ocr_line' id='line_1_79' title="bbox 481 2327 614 2355; baseline -0.008 0"><span class='ocrx_word' id='word_1_460' title='bbox 481 2328 515 2355; x_wconf 83' lang='grc' dir='ltr'><em>1η</em></span> <span class='ocrx_word' id='word_1_461' title='bbox 534 2327 614 2355; x_wconf 83' lang='lat' dir='ltr'><strong>idem.</strong></span> 
     </span>
    </p>
   </div>
   <div class='ocr_carea' id='block_1_79' title="bbox 188 2373 943 2413">
    <p class='ocr_par' dir='ltr' id='par_1_79' title="bbox 188 2373 943 2413">
     <span class='ocr_line' id='line_1_80' title="bbox 188 2373 943 2413; baseline -0.008 -7"><span class='ocrx_word' id='word_1_462' title='bbox 188 2378 257 2406; x_wconf 79' lang='lat' dir='ltr'><strong>Huic</strong></span> <span class='ocrx_word' id='word_1_463' title='bbox 264 2385 349 2413; x_wconf 73' lang='lat' dir='ltr'><strong>egeno</strong></span> <span class='ocrx_word' id='word_1_464' title='bbox 360 2376 473 2404; x_wconf 79' lang='lat' dir='ltr'><strong>frustum</strong></span> <span class='ocrx_word' id='word_1_465' title='bbox 490 2374 568 2409; x_wconf 88' lang='lat' dir='ltr'><strong>panis</strong></span> <span class='ocrx_word' id='word_1_466' title='bbox 582 2381 677 2409; x_wconf 78' lang='lat' dir='ltr'><strong>eroga,</strong></span> <span class='ocrx_word' id='word_1_467' title='bbox 687 2381 704 2401; x_wconf 90' lang='grc' dir='ltr'>ο</span> <span class='ocrx_word' id='word_1_468' title='bbox 717 2373 802 2407; x_wconf 83' lang='lat' dir='ltr'><strong>dives;</strong></span> <span class='ocrx_word' id='word_1_469' title='bbox 818 2373 870 2401; x_wconf 87' lang='lat' dir='ltr'><strong>erit</strong></span> <span class='ocrx_word' id='word_1_470' title='bbox 882 2382 943 2401; x_wconf 92' lang='lat' dir='ltr'><strong>cum</strong></span> 
     </span>
    </p>
   </div>
   <div class='ocr_carea' id='block_1_80' title="bbox 157 2419 945 2460">
    <p class='ocr_par' dir='ltr' id='par_1_80' title="bbox 157 2419 945 2460">
     <span class='ocr_line' id='line_1_81' title="bbox 157 2419 945 2460; baseline -0.01 -6"><span class='ocrx_word' id='word_1_471' title='bbox 157 2433 218 2455; x_wconf 86' lang='lat' dir='ltr'><strong>eum</strong></span> <span class='ocrx_word' id='word_1_472' title='bbox 235 2423 389 2460; x_wconf 87' lang='lat' dir='ltr'><strong>preeaberis</strong></span> <span class='ocrx_word' id='word_1_473' title='bbox 403 2426 447 2448; x_wconf 86' lang='lat' dir='ltr'><strong>tua</strong></span> <span class='ocrx_word' id='word_1_474' title='bbox 464 2421 565 2448; x_wconf 89' lang='lat' dir='ltr'><strong>circum</strong></span> <span class='ocrx_word' id='word_1_475' title='bbox 581 2420 651 2448; x_wconf 84' lang='lat' dir='ltr'><strong>labia</strong></span> <span class='ocrx_word' id='word_1_476' title='bbox 672 2420 794 2448; x_wconf 90' lang='lat' dir='ltr'><strong>humenti</strong></span> <span class='ocrx_word' id='word_1_477' title='bbox 811 2427 879 2455; x_wconf 88' lang='lat' dir='ltr'><strong>aqua</strong></span> <span class='ocrx_word' id='word_1_478' title='bbox 894 2419 945 2447; x_wconf 92' lang='lat' dir='ltr'><strong>illi-</strong></span> 
     </span>
    </p>
   </div>
   <div class='ocr_carea' id='block_1_81' title="bbox 158 2465 946 2502">
    <p class='ocr_par' dir='ltr' id='par_1_81' title="bbox 158 2465 946 2502">
     <span class='ocr_line' id='line_1_82' title="bbox 158 2465 946 2502; baseline -0.008 -4"><span class='ocrx_word' id='word_1_479' title='bbox 158 2478 233 2502; x_wconf 84' lang='lat' dir='ltr'><strong>nere,</strong></span> <span class='ocrx_word' id='word_1_480' title='bbox 246 2474 273 2497; x_wconf 84' lang='lat' dir='ltr'><strong>et</strong></span> <span class='ocrx_word' id='word_1_481' title='bbox 286 2473 410 2496; x_wconf 80' lang='lat' dir='ltr'><strong>exustam</strong></span> <span class='ocrx_word' id='word_1_482' title='bbox 423 2466 540 2493; x_wconf 84' lang='lat' dir='ltr'><strong>ﬂammis</strong></span> <span class='ocrx_word' id='word_1_483' title='bbox 552 2466 672 2501; x_wconf 77' lang='lat' dir='ltr'><strong>linguam</strong></span> <span class='ocrx_word' id='word_1_484' title='bbox 695 2466 823 2501; x_wconf 80' lang='lat' dir='ltr'><strong>irrigare;</strong></span> <span class='ocrx_word' id='word_1_485' title='bbox 838 2466 897 2498; x_wconf 89' lang='lat' dir='ltr'><strong>sed,</strong></span> <span class='ocrx_word' id='word_1_486' title='bbox 912 2465 946 2492; x_wconf 90' lang='lat' dir='ltr'><strong>ad</strong></span> 
     </span>
    </p>
   </div>
   <div class='ocr_carea' id='block_1_82' title="bbox 159 2513 945 2551">
    <p class='ocr_par' dir='ltr' id='par_1_82' title="bbox 159 2513 945 2551">
     <span class='ocr_line' id='line_1_83' title="bbox 159 2513 945 2551; baseline -0.009 -5"><span class='ocrx_word' id='word_1_487' title='bbox 159 2524 186 2546; x_wconf 88' lang='lat' dir='ltr'><strong>te</strong></span> <span class='ocrx_word' id='word_1_488' title='bbox 203 2524 237 2544; x_wconf 91' lang='lat' dir='ltr'><strong>ne</strong></span> <span class='ocrx_word' id='word_1_489' title='bbox 251 2515 376 2551; x_wconf 67' lang='lat' dir='ltr'><strong>proxime</strong></span> <span class='ocrx_word' id='word_1_490' title='bbox 401 2513 524 2546; x_wconf 85' lang='lat' dir='ltr'><strong>accedat,</strong></span> <span class='ocrx_word' id='word_1_491' title='bbox 553 2513 649 2548; x_wconf 73' lang='lat' dir='ltr'><strong>ingens</strong></span> <span class='ocrx_word' id='word_1_492' title='bbox 678 2516 815 2540; x_wconf 84' lang='lat' dir='ltr'><strong>terrarum</strong></span> <span class='ocrx_word' id='word_1_493' title='bbox 843 2519 945 2547; x_wconf 75' lang='lat' dir='ltr'><strong>vorago</strong></span> 
     </span>
    </p>
   </div>
   <div class='ocr_carea' id='block_1_83' title="bbox 158 2562 325 2599">
    <p class='ocr_par' dir='ltr' id='par_1_83' title="bbox 158 2562 325 2599">
     <span class='ocr_line' id='line_1_84' title="bbox 158 2562 325 2599; baseline -0.012 -8"><span class='ocrx_word' id='word_1_494' title='bbox 158 2562 325 2599; x_wconf 73' lang='lat' dir='ltr'><strong>prohibebit.</strong></span> 
     </span>
    </p>
   </div>
   <div class='ocr_carea' id='block_1_84' title="bbox 284 2605 829 2642">
    <p class='ocr_par' dir='ltr' id='par_1_84' title="bbox 284 2605 829 2642">
     <span class='ocr_line' id='line_1_85' title="bbox 284 2605 829 2642; baseline -0.004 -6"><span class='ocrx_word' id='word_1_495' title='bbox 284 2609 316 2636; x_wconf 81' lang='lat' dir='ltr'><strong>In</strong></span> <span class='ocrx_word' id='word_1_496' title='bbox 331 2609 419 2636; x_wconf 79' lang='lat' dir='ltr'><strong>decem</strong></span> <span class='ocrx_word' id='word_1_497' title='bbox 434 2607 548 2642; x_wconf 70' lang='lat' dir='ltr'><strong>leprosos</strong></span> <span class='ocrx_word' id='word_1_498' title='bbox 563 2615 579 2633; x_wconf 88' lang='lat' dir='ltr'><strong>a</strong></span> <span class='ocrx_word' id='word_1_499' title='bbox 590 2605 694 2633; x_wconf 71' lang='lat' dir='ltr'><strong>Christo</strong></span> <span class='ocrx_word' id='word_1_500' title='bbox 709 2610 829 2634; x_wconf 72' lang='lat' dir='ltr'><strong>sanatos.</strong></span> 
     </span>
    </p>
   </div>
   <div class='ocr_carea' id='block_1_85' title="bbox 199 2650 947 2688">
    <p class='ocr_par' dir='ltr' id='par_1_85' title="bbox 199 2650 947 2688">
     <span class='ocr_line' id='line_1_86' title="bbox 199 2650 947 2688; baseline -0.009 -5"><span class='ocrx_word' id='word_1_501' title='bbox 199 2655 310 2684; x_wconf 83' lang='lat' dir='ltr'><strong>Gratias</strong></span> <span class='ocrx_word' id='word_1_502' title='bbox 323 2654 435 2682; x_wconf 79' lang='lat' dir='ltr'><strong>Christo</strong></span> <span class='ocrx_word' id='word_1_503' title='bbox 454 2652 578 2688; x_wconf 87' lang='lat' dir='ltr'><strong>rependit</strong></span> <span class='ocrx_word' id='word_1_504' title='bbox 604 2651 805 2683; x_wconf 85' lang='lat' dir='ltr'><strong>Samaritanus,</strong></span> <span class='ocrx_word' id='word_1_505' title='bbox 825 2650 947 2678; x_wconf 65' lang='lat' dir='ltr'><strong>SantarL</strong></span> 
     </span>
    </p>
   </div>
   <div class='ocr_carea' id='block_1_86' title="bbox 160 2696 948 2734">
    <p class='ocr_par' dir='ltr' id='par_1_86' title="bbox 160 2696 948 2734">
     <span class='ocr_line' id='line_1_87' title="bbox 160 2696 948 2734; baseline -0.01 -3"><span class='ocrx_word' id='word_1_506' title='bbox 160 2708 239 2731; x_wconf 87' lang='lat' dir='ltr'><strong>tanus</strong></span> <span class='ocrx_word' id='word_1_507' title='bbox 254 2700 378 2734; x_wconf 75' lang='lat' dir='ltr'><strong>tantum],</strong></span> <span class='ocrx_word' id='word_1_508' title='bbox 402 2703 515 2727; x_wconf 72' lang='lat' dir='ltr'><strong>caeteros</strong></span> <span class='ocrx_word' id='word_1_509' title='bbox 527 2705 591 2725; x_wconf 87' lang='lat' dir='ltr'><strong>vero</strong></span> <span class='ocrx_word' id='word_1_510' title='bbox 617 2705 713 2724; x_wconf 87' lang='lat' dir='ltr'><strong>novem</strong></span> <span class='ocrx_word' id='word_1_511' title='bbox 737 2696 836 2732; x_wconf 80' lang='lat' dir='ltr'><strong>ingrati</strong></span> <span class='ocrx_word' id='word_1_512' title='bbox 864 2697 948 2724; x_wconf 87' lang='lat' dir='ltr'><strong>animi</strong></span> 
     </span>
    </p>
   </div>
   <div class='ocr_carea' id='block_1_87' title="bbox 161 2744 949 2780">
    <p class='ocr_par' dir='ltr' id='par_1_87' title="bbox 161 2744 949 2780">
     <span class='ocr_line' id='line_1_88' title="bbox 161 2744 949 2780; baseline -0.006 -4"><span class='ocrx_word' id='word_1_513' title='bbox 161 2749 271 2777; x_wconf 86' lang='lat' dir='ltr'><strong>morbus</strong></span> <span class='ocrx_word' id='word_1_514' title='bbox 294 2746 442 2775; x_wconf 79' lang='lat' dir='ltr'><strong>ineessivit.</strong></span> <span class='ocrx_word' id='word_1_515' title='bbox 474 2744 759 2780; x_wconf 84' lang='lat' dir='ltr'><strong>Dispereantntinam,</strong></span> <span class='ocrx_word' id='word_1_516' title='bbox 782 2751 813 2772; x_wconf 89' lang='lat' dir='ltr'><strong>ac</strong></span> <span class='ocrx_word' id='word_1_517' title='bbox 842 2751 949 2771; x_wconf 87' lang='lat' dir='ltr'><strong>rursum</strong></span> 
     </span>
    </p>
   </div>
   <div class='ocr_carea' id='block_1_88' title="bbox 160 2794 451 2831">
    <p class='ocr_par' dir='ltr' id='par_1_88' title="bbox 160 2794 451 2831">
     <span class='ocr_line' id='line_1_89' title="bbox 160 2794 451 2831; baseline -0.014 -7"><span class='ocrx_word' id='word_1_518' title='bbox 160 2797 233 2831; x_wconf 83' lang='lat' dir='ltr'><strong>lepra</strong></span> <span class='ocrx_word' id='word_1_519' title='bbox 251 2794 451 2822; x_wconf 81' lang='lat' dir='ltr'><strong>sufiundantut&#39;.</strong></span> 
     </span>
    </p>
   </div>
   <div class='ocr_carea' id='block_1_89' title="bbox 485 2834 613 2862">
    <p class='ocr_par' dir='ltr' id='par_1_89' title="bbox 485 2834 613 2862">
     <span class='ocr_line' id='line_1_90' title="bbox 485 2834 613 2862; baseline -0.008 0"><span class='ocrx_word' id='word_1_520' title='bbox 485 2834 520 2862; x_wconf 79' lang='grc' dir='ltr'><em>1η</em></span> <span class='ocrx_word' id='word_1_521' title='bbox 533 2835 613 2862; x_wconf 77' lang='lat' dir='ltr'><strong>idem.</strong></span> 
     </span>
    </p>
   </div>
   <div class='ocr_carea' id='block_1_90' title="bbox 197 2881 947 2917">
    <p class='ocr_par' dir='ltr' id='par_1_90' title="bbox 197 2881 947 2917">
     <span class='ocr_line' id='line_1_91' title="bbox 197 2881 947 2917; baseline -0.008 -2"><span class='ocrx_word' id='word_1_522' title='bbox 197 2885 383 2915; x_wconf 81' lang='lat' dir='ltr'><strong>Duodenarius</strong></span> <span class='ocrx_word' id='word_1_523' title='bbox 406 2887 466 2912; x_wconf 86' lang='lat' dir='ltr'><strong>erat</strong></span> <span class='ocrx_word' id='word_1_524' title='bbox 487 2881 681 2917; x_wconf 87' lang='lat' dir='ltr'><strong>discipulorum</strong></span> <span class='ocrx_word' id='word_1_525' title='bbox 717 2887 856 2914; x_wconf 86' lang='lat' dir='ltr'><strong>numerus,</strong></span> <span class='ocrx_word' id='word_1_526' title='bbox 880 2888 947 2916; x_wconf 85' lang='lat' dir='ltr'><strong>quo-</strong></span> 
     </span>
    </p>
   </div>
   <div class='ocr_carea' id='block_1_91' title="bbox 163 2927 950 2964">
    <p class='ocr_par' dir='ltr' id='par_1_91' title="bbox 163 2927 950 2964">
     <span class='ocr_line' id='line_1_92' title="bbox 163 2927 950 2964; baseline -0.011 0"><span class='ocrx_word' id='word_1_527' title='bbox 163 2942 223 2964; x_wconf 78' lang='lat' dir='ltr'><strong>rum</strong></span> <span class='ocrx_word' id='word_1_528' title='bbox 242 2933 404 2962; x_wconf 83' lang='lat' dir='ltr'><strong>deterrimus</strong></span> <span class='ocrx_word' id='word_1_529' title='bbox 420 2938 489 2958; x_wconf 89' lang='lat' dir='ltr'><strong>unus</strong></span> <span class='ocrx_word' id='word_1_530' title='bbox 509 2929 638 2958; x_wconf 79' lang='lat' dir='ltr'><strong>lscariota</strong></span> <span class='ocrx_word' id='word_1_531' title='bbox 657 2927 752 2963; x_wconf 82' lang='lat' dir='ltr'><strong>periit;</strong></span> <span class='ocrx_word' id='word_1_532' title='bbox 776 2928 853 2956; x_wconf 81' lang='lat' dir='ltr'><strong>denis</strong></span> <span class='ocrx_word' id='word_1_533' title='bbox 889 2936 950 2955; x_wconf 81' lang='lat' dir='ltr'><strong>vero</strong></span> 
     </span>
    </p>
   </div>
   <div class='ocr_carea' id='block_1_92' title="bbox 988 1673 1123 1701">
    <p class='ocr_par' dir='ltr' id='par_1_92' title="bbox 988 1673 1123 1701">
     <span class='ocr_line' id='line_1_93' title="bbox 988 1673 1123 1701; baseline -0.015 0"><span class='ocrx_word' id='word_1_534' title='bbox 988 1673 1123 1701; x_wconf 86' lang='lat' dir='ltr'><strong>dentibus.</strong></span> 
     </span>
    </p>
   </div>
   <div class='ocr_carea' id='block_1_93' title="bbox 1169 1712 1582 1744">
    <p class='ocr_par' dir='ltr' id='par_1_93' title="bbox 1169 1712 1582 1744">
     <span class='ocr_line' id='line_1_94' title="bbox 1169 1712 1582 1744; baseline -0.015 0"><span class='ocrx_word' id='word_1_535' title='bbox 1169 1717 1204 1744; x_wconf 84' lang='lat' dir='ltr'><strong>De</strong></span> <span class='ocrx_word' id='word_1_536' title='bbox 1228 1716 1366 1743; x_wconf 66' lang='lat' dir='ltr'><strong>Pltariswo</strong></span> <span class='ocrx_word' id='word_1_537' title='bbox 1384 1719 1407 1741; x_wconf 78' lang='grc' dir='ltr'><strong>ει</strong></span> <span class='ocrx_word' id='word_1_538' title='bbox 1424 1712 1582 1741; x_wconf 76' lang='lat' dir='ltr'><strong>l’ublicano.</strong></span> 
     </span>
    </p>
   </div>
   <div class='ocr_carea' id='block_1_94' title="bbox 1026 1753 1779 1798">
    <p class='ocr_par' dir='ltr' id='par_1_94' title="bbox 1026 1753 1779 1798">
     <span class='ocr_line' id='line_1_95' title="bbox 1026 1753 1779 1798; baseline -0.019 -5"><span class='ocrx_word' id='word_1_539' title='bbox 1026 1765 1049 1793; x_wconf 90' lang='lat'><strong>0</strong></span> <span class='ocrx_word' id='word_1_540' title='bbox 1066 1771 1109 1792; x_wconf 85' lang='lat' dir='ltr'><strong>res</strong></span> <span class='ocrx_word' id='word_1_541' title='bbox 1132 1769 1261 1798; x_wconf 86' lang='lat' dir='ltr'><strong>perquam</strong></span> <span class='ocrx_word' id='word_1_542' title='bbox 1289 1760 1417 1795; x_wconf 80' lang='lat' dir='ltr'><strong>pretiosa,</strong></span> <span class='ocrx_word' id='word_1_543' title='bbox 1446 1757 1594 1786; x_wconf 84' lang='lat' dir='ltr'><strong>fortissima</strong></span> <span class='ocrx_word' id='word_1_544' title='bbox 1616 1753 1779 1782; x_wconf 75' lang='lat' dir='ltr'><strong>humilitas!</strong></span> 
     </span>
    </p>
   </div>
   <div class='ocr_carea' id='block_1_95' title="bbox 991 1802 1781 1843">
    <p class='ocr_par' dir='ltr' id='par_1_95' title="bbox 991 1802 1781 1843">
     <span class='ocr_line' id='line_1_96' title="bbox 991 1802 1781 1843; baseline -0.018 -3"><span class='ocrx_word' id='word_1_545' title='bbox 991 1813 1017 1840; x_wconf 91' lang='lat' dir='ltr'><strong>in</strong></span> <span class='ocrx_word' id='word_1_546' title='bbox 1034 1816 1060 1839; x_wconf 90' lang='lat' dir='ltr'><strong>te</strong></span> <span class='ocrx_word' id='word_1_547' title='bbox 1075 1810 1116 1838; x_wconf 87' lang='lat' dir='ltr'><strong>vel</strong></span> <span class='ocrx_word' id='word_1_548' title='bbox 1137 1809 1194 1837; x_wconf 89' lang='lat' dir='ltr'><strong>soia</strong></span> <span class='ocrx_word' id='word_1_549' title='bbox 1214 1811 1357 1843; x_wconf 64' lang='lat' dir='ltr'><strong>praesente,</strong></span> <span class='ocrx_word' id='word_1_550' title='bbox 1380 1805 1482 1832; x_wconf 91' lang='lat' dir='ltr'><strong>servari</strong></span> <span class='ocrx_word' id='word_1_551' title='bbox 1508 1810 1588 1839; x_wconf 84' lang='lat' dir='ltr'><strong>posse</strong></span> <span class='ocrx_word' id='word_1_552' title='bbox 1612 1802 1693 1829; x_wconf 80' lang='lat' dir='ltr'><strong>situm</strong></span> <span class='ocrx_word' id='word_1_553' title='bbox 1719 1804 1781 1831; x_wconf 83' lang='lat' dir='ltr'><strong>est;</strong></span> 
     </span>
    </p>
   </div>
   <div class='ocr_carea' id='block_1_96' title="bbox 991 1846 1783 1892">
    <p class='ocr_par' dir='ltr' id='par_1_96' title="bbox 991 1846 1783 1892">
     <span class='ocr_line' id='line_1_97' title="bbox 991 1846 1783 1892; baseline -0.016 -7"><span class='ocrx_word' id='word_1_554' title='bbox 991 1865 1107 1892; x_wconf 84' lang='lat' dir='ltr'><strong>cumque</strong></span> <span class='ocrx_word' id='word_1_555' title='bbox 1123 1855 1164 1883; x_wconf 87' lang='lat' dir='ltr'><strong>vel</strong></span> <span class='ocrx_word' id='word_1_556' title='bbox 1177 1856 1253 1887; x_wconf 85' lang='lat' dir='ltr'><strong>abes,</strong></span> <span class='ocrx_word' id='word_1_557' title='bbox 1289 1853 1347 1880; x_wconf 85' lang='lat' dir='ltr'><strong>sola</strong></span> <span class='ocrx_word' id='word_1_558' title='bbox 1365 1851 1479 1886; x_wconf 81' lang='lat' dir='ltr'><strong>perdere</strong></span> <span class='ocrx_word' id='word_1_559' title='bbox 1495 1854 1572 1885; x_wconf 88' lang='lat' dir='ltr'><strong>potes</strong></span> <span class='ocrx_word' id='word_1_560' title='bbox 1587 1857 1594 1876; x_wconf 89' lang='lat'><strong>:</strong></span> <span class='ocrx_word' id='word_1_561' title='bbox 1615 1848 1642 1875; x_wconf 87' lang='lat' dir='ltr'><strong>id</strong></span> <span class='ocrx_word' id='word_1_562' title='bbox 1656 1846 1730 1883; x_wconf 87' lang='lat' dir='ltr'><strong>quod</strong></span> <span class='ocrx_word' id='word_1_563' title='bbox 1749 1853 1783 1873; x_wconf 78' lang='lat' dir='ltr'><strong>ex</strong></span> 
     </span>
    </p>
   </div>
   <div class='ocr_carea' id='block_1_97' title="bbox 989 1892 1782 1937">
    <p class='ocr_par' dir='ltr' id='par_1_97' title="bbox 989 1892 1782 1937">
     <span class='ocr_line' id='line_1_98' title="bbox 989 1892 1782 1937; baseline -0.014 -6"><span class='ocrx_word' id='word_1_564' title='bbox 989 1904 1024 1932; x_wconf 89' lang='lat' dir='ltr'><strong>iis</strong></span> <span class='ocrx_word' id='word_1_565' title='bbox 1044 1902 1185 1937; x_wconf 79' lang='lat' dir='ltr'><strong>intelligo,</strong></span> <span class='ocrx_word' id='word_1_566' title='bbox 1224 1906 1284 1934; x_wconf 68' lang='lat' dir='ltr'><strong>quae</strong></span> <span class='ocrx_word' id='word_1_567' title='bbox 1309 1897 1453 1931; x_wconf 59' lang='lat' dir='ltr'><strong>Pharisaeo;</strong></span> <span class='ocrx_word' id='word_1_568' title='bbox 1474 1901 1500 1924; x_wconf 90' lang='lat' dir='ltr'><strong>et</strong></span> <span class='ocrx_word' id='word_1_569' title='bbox 1526 1895 1670 1931; x_wconf 84' lang='lat' dir='ltr'><strong>publicano</strong></span> <span class='ocrx_word' id='word_1_570' title='bbox 1693 1892 1782 1921; x_wconf 90' lang='lat' dir='ltr'><strong>conti-</strong></span> 
     </span>
    </p>
   </div>
   <div class='ocr_carea' id='block_1_98' title="bbox 991 1953 1097 1986">
    <p class='ocr_par' dir='ltr' id='par_1_98' title="bbox 991 1953 1097 1986">
     <span class='ocr_line' id='line_1_99' title="bbox 991 1953 1097 1986; baseline 0 -10"><span class='ocrx_word' id='word_1_571' title='bbox 991 1953 1097 1986; x_wconf 77' lang='lat' dir='ltr'><strong>gerunt.</strong></span> 
     </span>
    </p>
   </div>
   <div class='ocr_carea' id='block_1_99' title="bbox 1318 1991 1448 2018">
    <p class='ocr_par' dir='ltr' id='par_1_99' title="bbox 1318 1991 1448 2018">
     <span class='ocr_line' id='line_1_100' title="bbox 1318 1991 1448 2018; baseline -0.008 0"><span class='ocrx_word' id='word_1_572' title='bbox 1318 1991 1351 2018; x_wconf 83' lang='grc' dir='ltr'><em>1η</em></span> <span class='ocrx_word' id='word_1_573' title='bbox 1368 1991 1448 2017; x_wconf 69' lang='lat' dir='ltr'><strong>idem.</strong></span> 
     </span>
    </p>
   </div>
   <div class='ocr_carea' id='block_1_100' title="bbox 1031 2030 1783 2078">
    <p class='ocr_par' dir='ltr' id='par_1_100' title="bbox 1031 2030 1783 2078">
     <span class='ocr_line' id='line_1_101' title="bbox 1031 2030 1783 2078; baseline -0.016 -9"><span class='ocrx_word' id='word_1_574' title='bbox 1031 2043 1087 2070; x_wconf 92' lang='lat' dir='ltr'><strong>Duo</strong></span> <span class='ocrx_word' id='word_1_575' title='bbox 1100 2040 1150 2068; x_wconf 83' lang='lat' dir='ltr'><strong>viri</strong></span> <span class='ocrx_word' id='word_1_576' title='bbox 1164 2039 1262 2078; x_wconf 78' lang='lat' dir='ltr'><strong>pedum</strong></span> <span class='ocrx_word' id='word_1_577' title='bbox 1276 2038 1459 2073; x_wconf 80' lang='lat' dir='ltr'><strong>glomerantes</strong></span> <span class='ocrx_word' id='word_1_578' title='bbox 1476 2034 1589 2068; x_wconf 71' lang='lat' dir='ltr'><strong>vestigia</strong></span> <span class='ocrx_word' id='word_1_579' title='bbox 1610 2034 1637 2060; x_wconf 92' lang='lat' dir='ltr'><strong>in</strong></span> <span class='ocrx_word' id='word_1_580' title='bbox 1651 2030 1783 2078; x_wconf 70' lang='lat' dir='ltr'><strong>templum</strong></span> 
     </span>
    </p>
   </div>
   <div class='ocr_carea' id='block_1_101' title="bbox 993 2072 1780 2115">
    <p class='ocr_par' dir='ltr' id='par_1_101' title="bbox 993 2072 1780 2115">
     <span class='ocr_line' id='line_1_102' title="bbox 993 2072 1780 2115; baseline -0.017 -2"><span class='ocrx_word' id='word_1_581' title='bbox 993 2093 1024 2114; x_wconf 85' lang='lat' dir='ltr'><strong>se</strong></span> <span class='ocrx_word' id='word_1_582' title='bbox 1046 2072 1241 2114; x_wconf 77' lang='lat' dir='ltr'><strong>conferebant;</strong></span> <span class='ocrx_word' id='word_1_583' title='bbox 1255 2072 1372 2115; x_wconf 84' lang='lat' dir='ltr'><strong>quorum</strong></span> <span class='ocrx_word' id='word_1_584' title='bbox 1392 2079 1479 2106; x_wconf 87' lang='lat' dir='ltr'><strong>altero</strong></span> <span class='ocrx_word' id='word_1_585' title='bbox 1504 2085 1560 2113; x_wconf 74' lang='lat' dir='ltr'><strong>pm</strong></span> <span class='ocrx_word' id='word_1_586' title='bbox 1582 2075 1728 2103; x_wconf 89' lang='lat' dir='ltr'><strong>virtutibus</strong></span> <span class='ocrx_word' id='word_1_587' title='bbox 1751 2072 1780 2100; x_wconf 86' lang='lat' dir='ltr'><strong>in</strong></span> 
     </span>
    </p>
   </div>
   <div class='ocr_carea' id='block_1_102' title="bbox 995 2119 1786 2163">
    <p class='ocr_par' dir='ltr' id='par_1_102' title="bbox 995 2119 1786 2163">
     <span class='ocr_line' id='line_1_103' title="bbox 995 2119 1786 2163; baseline -0.016 -5"><span class='ocrx_word' id='word_1_588' title='bbox 995 2130 1094 2158; x_wconf 73' lang='lat' dir='ltr'><strong>coelum</strong></span> <span class='ocrx_word' id='word_1_589' title='bbox 1107 2127 1251 2163; x_wconf 83' lang='lat' dir='ltr'><strong>supercilia</strong></span> <span class='ocrx_word' id='word_1_590' title='bbox 1265 2126 1387 2158; x_wconf 89' lang='lat' dir='ltr'><strong>tollente,</strong></span> <span class='ocrx_word' id='word_1_591' title='bbox 1403 2124 1471 2151; x_wconf 89' lang='lat' dir='ltr'><strong>alter</strong></span> <span class='ocrx_word' id='word_1_592' title='bbox 1500 2124 1535 2151; x_wconf 89' lang='lat' dir='ltr'><strong>ob</strong></span> <span class='ocrx_word' id='word_1_593' title='bbox 1555 2121 1672 2158; x_wconf 81' lang='lat' dir='ltr'><strong>piacula,</strong></span> <span class='ocrx_word' id='word_1_594' title='bbox 1691 2119 1786 2148; x_wconf 82' lang='lat' dir='ltr'><strong>oculos</strong></span> 
     </span>
    </p>
   </div>
   <div class='ocr_carea' id='block_1_103' title="bbox 994 2165 1786 2210">
    <p class='ocr_par' dir='ltr' id='par_1_103' title="bbox 994 2165 1786 2210">
     <span class='ocr_line' id='line_1_104' title="bbox 994 2165 1786 2210; baseline -0.014 -6"><span class='ocrx_word' id='word_1_595' title='bbox 994 2176 1068 2205; x_wconf 89' lang='lat' dir='ltr'><strong>humi</strong></span> <span class='ocrx_word' id='word_1_596' title='bbox 1081 2175 1229 2210; x_wconf 80' lang='lat' dir='ltr'><strong>deﬁgebat;</strong></span> <span class='ocrx_word' id='word_1_597' title='bbox 1240 2172 1340 2208; x_wconf 90' lang='lat' dir='ltr'><strong>quique</strong></span> <span class='ocrx_word' id='word_1_598' title='bbox 1354 2171 1441 2198; x_wconf 90' lang='lat' dir='ltr'><strong>malus</strong></span> <span class='ocrx_word' id='word_1_599' title='bbox 1450 2174 1572 2202; x_wconf 85' lang='lat' dir='ltr'><strong>venerat,</strong></span> <span class='ocrx_word' id='word_1_600' title='bbox 1584 2168 1680 2196; x_wconf 84' lang='lat' dir='ltr'><strong>melior</strong></span> <span class='ocrx_word' id='word_1_601' title='bbox 1693 2174 1725 2194; x_wconf 89' lang='lat' dir='ltr'><strong>ac</strong></span> <span class='ocrx_word' id='word_1_602' title='bbox 1741 2165 1786 2201; x_wconf 72' lang='lat' dir='ltr'><strong>ju:</strong></span> 
     </span>
    </p>
   </div>
   <div class='ocr_carea' id='block_1_104' title="bbox 994 2223 1287 2256">
    <p class='ocr_par' dir='ltr' id='par_1_104' title="bbox 994 2223 1287 2256">
     <span class='ocr_line' id='line_1_105' title="bbox 994 2223 1287 2256; baseline -0.014 -6"><span class='ocrx_word' id='word_1_603' title='bbox 994 2223 1063 2250; x_wconf 83' lang='lat' dir='ltr'><strong>slior</strong></span> <span class='ocrx_word' id='word_1_604' title='bbox 1080 2227 1220 2256; x_wconf 76' lang='lat' dir='ltr'><strong>regressus</strong></span> <span class='ocrx_word' id='word_1_605' title='bbox 1233 2223 1287 2247; x_wconf 89' lang='lat' dir='ltr'><strong>est.</strong></span> 
     </span>
    </p>
   </div>
   <div class='ocr_carea' id='block_1_105' title="bbox 1299 2262 1486 2291">
    <p class='ocr_par' dir='ltr' id='par_1_105' title="bbox 1299 2262 1486 2291">
     <span class='ocr_line' id='line_1_106' title="bbox 1299 2262 1486 2291; baseline -0.011 0"><span class='ocrx_word' id='word_1_606' title='bbox 1299 2263 1338 2291; x_wconf 81' lang='lat' dir='ltr'><strong>De</strong></span> <span class='ocrx_word' id='word_1_607' title='bbox 1363 2262 1486 2290; x_wconf 67' lang='lat' dir='ltr'><strong>Zachaao.</strong></span> 
     </span>
    </p>
   </div>
   <div class='ocr_carea' id='block_1_106' title="bbox 996 2303 1788 2345">
    <p class='ocr_par' dir='ltr' id='par_1_106' title="bbox 996 2303 1788 2345">
     <span class='ocr_line' id='line_1_107' title="bbox 996 2303 1788 2345; baseline -0.016 -1"><span class='ocrx_word' id='word_1_608' title='bbox 996 2342 997 2345; x_wconf 44' lang='grc' dir='ltr'><strong>η</strong></span> <span class='ocrx_word' id='word_1_609' title='bbox 1031 2313 1133 2342; x_wconf 76' lang='lat' dir='ltr'><strong>Pusille</strong></span> <span class='ocrx_word' id='word_1_610' title='bbox 1140 2312 1266 2343; x_wconf 73' lang='lat' dir='ltr'><strong>Zaeluee,</strong></span> <span class='ocrx_word' id='word_1_611' title='bbox 1282 2317 1397 2344; x_wconf 87' lang='lat' dir='ltr'><strong>corpore</strong></span> <span class='ocrx_word' id='word_1_612' title='bbox 1409 2307 1519 2343; x_wconf 87' lang='lat' dir='ltr'><strong>quidem</strong></span> <span class='ocrx_word' id='word_1_613' title='bbox 1533 2306 1636 2338; x_wconf 84' lang='lat' dir='ltr'><strong>brevis,</strong></span> <span class='ocrx_word' id='word_1_614' title='bbox 1649 2305 1695 2333; x_wconf 89' lang='lat' dir='ltr'><strong>sed</strong></span> <span class='ocrx_word' id='word_1_615' title='bbox 1711 2303 1788 2337; x_wconf 86' lang='lat' dir='ltr'><strong>cujus</strong></span> 
     </span>
    </p>
   </div>
   <div class='ocr_carea' id='block_1_107' title="bbox 998 2348 1787 2385">
    <p class='ocr_par' dir='ltr' id='par_1_107' title="bbox 998 2348 1787 2385">
     <span class='ocr_line' id='line_1_108' title="bbox 998 2348 1787 2385; baseline -0.013 0"><span class='ocrx_word' id='word_1_616' title='bbox 998 2358 1039 2385; x_wconf 90' lang='lat' dir='ltr'><strong>vel</strong></span> <span class='ocrx_word' id='word_1_617' title='bbox 1053 2359 1135 2385; x_wconf 85' lang='lat' dir='ltr'><strong>cedro</strong></span> <span class='ocrx_word' id='word_1_618' title='bbox 1149 2355 1292 2384; x_wconf 87' lang='lat' dir='ltr'><strong>sublimior</strong></span> <span class='ocrx_word' id='word_1_619' title='bbox 1304 2359 1346 2381; x_wconf 84' lang='lat' dir='ltr'><strong>est</strong></span> <span class='ocrx_word' id='word_1_620' title='bbox 1360 2355 1477 2384; x_wconf 85' lang='lat' dir='ltr'><strong>animus,</strong></span> <span class='ocrx_word' id='word_1_621' title='bbox 1489 2351 1606 2379; x_wconf 87' lang='lat' dir='ltr'><strong>ascende</strong></span> <span class='ocrx_word' id='word_1_622' title='bbox 1618 2357 1698 2385; x_wconf 91' lang='lat' dir='ltr'><strong>quam</strong></span> <span class='ocrx_word' id='word_1_623' title='bbox 1713 2348 1787 2376; x_wconf 86' lang='lat' dir='ltr'><strong>citis-</strong></span> 
     </span>
    </p>
   </div>
   <div class='ocr_carea' id='block_1_108' title="bbox 998 2395 1788 2439">
    <p class='ocr_par' dir='ltr' id='par_1_108' title="bbox 998 2395 1788 2439">
     <span class='ocr_line' id='line_1_109' title="bbox 998 2395 1788 2439; baseline -0.014 -7"><span class='ocrx_word' id='word_1_624' title='bbox 998 2405 1067 2432; x_wconf 85' lang='lat' dir='ltr'><strong>sime</strong></span> <span class='ocrx_word' id='word_1_625' title='bbox 1092 2407 1169 2439; x_wconf 86' lang='lat' dir='ltr'><strong>potes</strong></span> <span class='ocrx_word' id='word_1_626' title='bbox 1193 2408 1379 2436; x_wconf 82' lang='lat' dir='ltr'><strong>sycomorum,</strong></span> <span class='ocrx_word' id='word_1_627' title='bbox 1396 2398 1549 2432; x_wconf 88' lang='lat' dir='ltr'><strong>Christum,</strong></span> <span class='ocrx_word' id='word_1_628' title='bbox 1569 2397 1616 2432; x_wconf 90' lang='lat' dir='ltr'><strong>qui</strong></span> <span class='ocrx_word' id='word_1_629' title='bbox 1635 2403 1700 2424; x_wconf 87' lang='lat' dir='ltr'><strong>vera</strong></span> <span class='ocrx_word' id='word_1_630' title='bbox 1723 2395 1788 2422; x_wconf 77' lang='lat' dir='ltr'><strong>vitis</strong></span> 
     </span>
    </p>
   </div>
   <div class='ocr_carea' id='block_1_109' title="bbox 999 2453 1250 2484">
    <p class='ocr_par' dir='ltr' id='par_1_109' title="bbox 999 2453 1250 2484">
     <span class='ocr_line' id='line_1_110' title="bbox 999 2453 1250 2484; baseline -0.008 -5"><span class='ocrx_word' id='word_1_631' title='bbox 999 2455 1051 2484; x_wconf 82' lang='lat' dir='ltr'><strong>est,</strong></span> <span class='ocrx_word' id='word_1_632' title='bbox 1066 2453 1250 2484; x_wconf 85' lang='lat' dir='ltr'><strong>spectaturus.</strong></span> 
     </span>
    </p>
   </div>
   <div class='ocr_carea' id='block_1_110' title="bbox 1331 2499 1459 2527">
    <p class='ocr_par' dir='ltr' id='par_1_110' title="bbox 1331 2499 1459 2527">
     <span class='ocr_line' id='line_1_111' title="bbox 1331 2499 1459 2527; baseline 0 -1"><span class='ocrx_word' id='word_1_633' title='bbox 1331 2499 1364 2527; x_wconf 83' lang='lat' dir='ltr'><strong><em>In</em></strong></span> <span class='ocrx_word' id='word_1_634' title='bbox 1379 2499 1459 2527; x_wconf 80' lang='lat' dir='ltr'><strong>idem.</strong></span> 
     </span>
    </p>
   </div>
   <div class='ocr_carea' id='block_1_111' title="bbox 1018 2542 1789 2585">
    <p class='ocr_par' dir='ltr' id='par_1_111' title="bbox 1018 2542 1789 2585">
     <span class='ocr_line' id='line_1_112' title="bbox 1018 2542 1789 2585; baseline -0.012 -8"><span class='ocrx_word' id='word_1_635' title='bbox 1018 2583 1021 2585; x_wconf 9' lang='grc' dir='ltr'><em>ἓ</em></span> <span class='ocrx_word' id='word_1_636' title='bbox 1037 2549 1064 2577; x_wconf 88' lang='lat' dir='ltr'><strong>Si</strong></span> <span class='ocrx_word' id='word_1_637' title='bbox 1079 2549 1127 2577; x_wconf 88' lang='lat' dir='ltr'><strong>tibi</strong></span> <span class='ocrx_word' id='word_1_638' title='bbox 1140 2549 1166 2576; x_wconf 93' lang='lat' dir='ltr'><strong>in</strong></span> <span class='ocrx_word' id='word_1_639' title='bbox 1182 2552 1300 2575; x_wconf 88' lang='lat' dir='ltr'><strong>mentem</strong></span> <span class='ocrx_word' id='word_1_640' title='bbox 1313 2546 1414 2575; x_wconf 88' lang='lat' dir='ltr'><strong>Christi</strong></span> <span class='ocrx_word' id='word_1_641' title='bbox 1426 2544 1536 2573; x_wconf 81' lang='lat' dir='ltr'><strong>videndi</strong></span> <span class='ocrx_word' id='word_1_642' title='bbox 1552 2543 1651 2579; x_wconf 82' lang='lat' dir='ltr'><strong>cupido</strong></span> <span class='ocrx_word' id='word_1_643' title='bbox 1669 2542 1789 2574; x_wconf 83' lang='lat' dir='ltr'><strong>venerit,</strong></span> 
     </span>
    </p>
   </div>
   <div class='ocr_carea' id='block_1_112' title="bbox 1002 2587 1789 2628">
    <p class='ocr_par' dir='ltr' id='par_1_112' title="bbox 1002 2587 1789 2628">
     <span class='ocr_line' id='line_1_113' title="bbox 1002 2587 1789 2628; baseline -0.01 -6"><span class='ocrx_word' id='word_1_644' title='bbox 1002 2595 1161 2623; x_wconf 85' lang='lat' dir='ltr'><strong>umbrosam</strong></span> <span class='ocrx_word' id='word_1_645' title='bbox 1179 2593 1357 2628; x_wconf 70' lang='lat' dir='ltr'><strong>malignitatis</strong></span> <span class='ocrx_word' id='word_1_646' title='bbox 1369 2598 1545 2627; x_wconf 85' lang='lat' dir='ltr'><strong>sycomorum</strong></span> <span class='ocrx_word' id='word_1_647' title='bbox 1571 2587 1789 2624; x_wconf 71' lang='lat' dir='ltr'><strong>supergredere;</strong></span> 
     </span>
    </p>
   </div>
   <div class='ocr_carea' id='block_1_113' title="bbox 1002 2636 1791 2674">
    <p class='ocr_par' dir='ltr' id='par_1_113' title="bbox 1002 2636 1791 2674">
     <span class='ocr_line' id='line_1_114' title="bbox 1002 2636 1791 2674; baseline -0.008 -6"><span class='ocrx_word' id='word_1_648' title='bbox 1002 2648 1053 2669; x_wconf 90' lang='lat' dir='ltr'><strong>nec</strong></span> <span class='ocrx_word' id='word_1_649' title='bbox 1066 2641 1138 2668; x_wconf 90' lang='lat' dir='ltr'><strong>enim</strong></span> <span class='ocrx_word' id='word_1_650' title='bbox 1152 2639 1187 2670; x_wconf 88' lang='lat' dir='ltr'><strong>ei,</strong></span> <span class='ocrx_word' id='word_1_651' title='bbox 1200 2640 1245 2674; x_wconf 92' lang='lat' dir='ltr'><strong>qui</strong></span> <span class='ocrx_word' id='word_1_652' title='bbox 1259 2646 1307 2674; x_wconf 87' lang='lat' dir='ltr'><strong>per</strong></span> <span class='ocrx_word' id='word_1_653' title='bbox 1321 2644 1420 2666; x_wconf 86' lang='lat' dir='ltr'><strong>terram</strong></span> <span class='ocrx_word' id='word_1_654' title='bbox 1435 2636 1569 2672; x_wconf 69' lang='lat' dir='ltr'><strong>graditur,</strong></span> <span class='ocrx_word' id='word_1_655' title='bbox 1585 2637 1665 2664; x_wconf 89' lang='lat' dir='ltr'><strong>datur</strong></span> <span class='ocrx_word' id='word_1_656' title='bbox 1680 2642 1791 2663; x_wconf 86' lang='lat' dir='ltr'><strong>cernere</strong></span> 
     </span>
    </p>
   </div>
   <div class='ocr_carea' id='block_1_114' title="bbox 1002 2683 1697 2720">
    <p class='ocr_par' dir='ltr' id='par_1_114' title="bbox 1002 2683 1697 2720">
     <span class='ocr_line' id='line_1_115' title="bbox 1002 2683 1697 2720; baseline -0.007 -6"><span class='ocrx_word' id='word_1_657' title='bbox 1002 2686 1121 2715; x_wconf 85' lang='lat' dir='ltr'><strong>divinam</strong></span> <span class='ocrx_word' id='word_1_658' title='bbox 1135 2685 1243 2717; x_wconf 82' lang='lat' dir='ltr'><strong>faciem,</strong></span> <span class='ocrx_word' id='word_1_659' title='bbox 1258 2685 1345 2712; x_wconf 83' lang='lat' dir='ltr'><strong>multa</strong></span> <span class='ocrx_word' id='word_1_660' title='bbox 1364 2684 1481 2720; x_wconf 81' lang='lat' dir='ltr'><strong>caligine</strong></span> <span class='ocrx_word' id='word_1_661' title='bbox 1493 2683 1697 2711; x_wconf 78' lang='lat' dir='ltr'><strong>circumfusam.</strong></span> 
     </span>
    </p>
   </div>
   <div class='ocr_carea' id='block_1_115' title="bbox 1237 2738 1566 2773">
    <p class='ocr_par' dir='ltr' id='par_1_115' title="bbox 1237 2738 1566 2773">
     <span class='ocr_line' id='line_1_116' title="bbox 1237 2738 1566 2773; baseline -0.006 -7"><span class='ocrx_word' id='word_1_662' title='bbox 1237 2739 1275 2766; x_wconf 83' lang='lat' dir='ltr'><strong>De</strong></span> <span class='ocrx_word' id='word_1_663' title='bbox 1291 2739 1401 2767; x_wconf 68' lang='lat' dir='ltr'><strong>Salano:</strong></span> <span class='ocrx_word' id='word_1_664' title='bbox 1423 2738 1566 2773; x_wconf 74' lang='lat' dir='ltr'><strong>postulato.</strong></span> 
     </span>
    </p>
   </div>
   <div class='ocr_carea' id='block_1_116' title="bbox 1040 2784 1792 2820">
    <p class='ocr_par' dir='ltr' id='par_1_116' title="bbox 1040 2784 1792 2820">
     <span class='ocr_line' id='line_1_117' title="bbox 1040 2784 1792 2820; baseline -0.005 -5"><span class='ocrx_word' id='word_1_665' title='bbox 1040 2787 1122 2819; x_wconf 82' lang='lat' dir='ltr'><strong>Petis,</strong></span> <span class='ocrx_word' id='word_1_666' title='bbox 1138 2787 1234 2820; x_wconf 88' lang='lat' dir='ltr'><strong>Satan,</strong></span> <span class='ocrx_word' id='word_1_667' title='bbox 1245 2787 1354 2814; x_wconf 73' lang='lat' dir='ltr'><strong>Petrum</strong></span> <span class='ocrx_word' id='word_1_668' title='bbox 1365 2786 1496 2819; x_wconf 87' lang='lat' dir='ltr'><strong>cribrare,</strong></span> <span class='ocrx_word' id='word_1_669' title='bbox 1513 2793 1562 2813; x_wconf 87' lang='lat' dir='ltr'><strong>ceu</strong></span> <span class='ocrx_word' id='word_1_670' title='bbox 1576 2784 1710 2813; x_wconf 76' lang='lat' dir='ltr'><strong>triticum?</strong></span> <span class='ocrx_word' id='word_1_671' title='bbox 1719 2784 1792 2816; x_wconf 83' lang='lat' dir='ltr'><strong>Peto,</strong></span> 
     </span>
    </p>
   </div>
   <div class='ocr_carea' id='block_1_117' title="bbox 1005 2832 1793 2870">
    <p class='ocr_par' dir='ltr' id='par_1_117' title="bbox 1005 2832 1793 2870">
     <span class='ocr_line' id='line_1_118' title="bbox 1005 2832 1793 2870; baseline -0.005 -8"><span class='ocrx_word' id='word_1_672' title='bbox 1005 2835 1127 2870; x_wconf 85' lang='lat' dir='ltr'><strong>inquam.</strong></span> <span class='ocrx_word' id='word_1_673' title='bbox 1151 2834 1248 2861; x_wconf 89' lang='lat' dir='ltr'><strong>Annon</strong></span> <span class='ocrx_word' id='word_1_674' title='bbox 1272 2841 1338 2861; x_wconf 88' lang='lat' dir='ltr'><strong>vero</strong></span> <span class='ocrx_word' id='word_1_675' title='bbox 1354 2838 1380 2861; x_wconf 89' lang='lat' dir='ltr'><strong>te</strong></span> <span class='ocrx_word' id='word_1_676' title='bbox 1395 2834 1477 2868; x_wconf 84' lang='lat' dir='ltr'><strong>pudet</strong></span> <span class='ocrx_word' id='word_1_677' title='bbox 1493 2833 1668 2861; x_wconf 91' lang='lat' dir='ltr'><strong>deterrimum</strong></span> <span class='ocrx_word' id='word_1_678' title='bbox 1689 2832 1793 2867; x_wconf 77' lang='lat' dir='ltr'><strong>caput?</strong></span> 
     </span>
    </p>
   </div>
   <div class='ocr_carea' id='block_1_118' title="bbox 1006 2878 1793 2915">
    <p class='ocr_par' dir='ltr' id='par_1_118' title="bbox 1006 2878 1793 2915">
     <span class='ocr_line' id='line_1_119' title="bbox 1006 2878 1793 2915; baseline -0.004 -6"><span class='ocrx_word' id='word_1_679' title='bbox 1006 2889 1056 2909; x_wconf 84' lang='lat' dir='ltr'><strong>nec</strong></span> <span class='ocrx_word' id='word_1_680' title='bbox 1066 2881 1174 2908; x_wconf 84' lang='lat' dir='ltr'><strong>Petrum</strong></span> <span class='ocrx_word' id='word_1_681' title='bbox 1186 2880 1274 2915; x_wconf 89' lang='lat' dir='ltr'><strong>ipsum</strong></span> <span class='ocrx_word' id='word_1_682' title='bbox 1287 2879 1469 2914; x_wconf 67' lang='lat' dir='ltr'><strong>formitlasmc</strong></span> <span class='ocrx_word' id='word_1_683' title='bbox 1485 2884 1513 2908; x_wconf 90' lang='lat' dir='ltr'><strong>tu</strong></span> <span class='ocrx_word' id='word_1_684' title='bbox 1527 2884 1553 2909; x_wconf 81' lang='lat' dir='ltr'><strong>te</strong></span> <span class='ocrx_word' id='word_1_685' title='bbox 1567 2880 1686 2909; x_wconf 87' lang='lat' dir='ltr'><strong>cribrcre</strong></span> <span class='ocrx_word' id='word_1_686' title='bbox 1694 2878 1793 2914; x_wconf 79' lang='lat' dir='ltr'><strong>potius,</strong></span> 
     </span>
    </p>
   </div>
   <div class='ocr_carea' id='block_1_119' title="bbox 1007 2925 1818 2963">
    <p class='ocr_par' dir='ltr' id='par_1_119' title="bbox 1007 2925 1818 2963">
     <span class='ocr_line' id='line_1_120' title="bbox 1007 2925 1818 2963; baseline 0 -9"><span class='ocrx_word' id='word_1_687' title='bbox 1007 2935 1087 2963; x_wconf 80' lang='lat' dir='ltr'><strong>quam</strong></span> <span class='ocrx_word' id='word_1_688' title='bbox 1103 2934 1164 2954; x_wconf 84' lang='lat' dir='ltr'><strong>cum</strong></span> <span class='ocrx_word' id='word_1_689' title='bbox 1181 2926 1285 2954; x_wconf 83' lang='lat' dir='ltr'><strong>crihrcs</strong></span> <span class='ocrx_word' id='word_1_690' title='bbox 1296 2925 1312 2953; x_wconf 71' lang='grc' dir='ltr'><strong>τ’·</strong></span> <span class='ocrx_word' id='word_1_691' title='bbox 1815 2926 1818 2930; x_wconf 93' lang='grc'><strong>’</strong></span> 
     </span>
    </p>
   </div>
  </div>
