1936 3086
111 683 119 702 ὶ

108 707 120 725 '1

137 176 207 207 1205

188 235 239 267 Εἰς
261 233 314 261 τὸν
333 233 511 266 νυκτερινὸν
531 232 673 268 μαθητὴν
688 230 871 265 Νικόδημον.

137 281 195 315 Τῆς
212 280 319 315 ἡμέρας
335 280 365 306 τὸ
378 280 466 315 δόγμα
479 280 557 307 νυκτὶ
574 278 705 314 μανθάνει

144 328 173 353 '0
186 315 342 362 Νικόδημος
353 327 400 354 καὶ
415 326 510 360 φυγὼν
529 325 615 353 νύκτα
629 325 733 360 πλάνης

138 374 191 400 Τὺν
204 373 304 410 ὄρθρον
320 371 374 400 εἶδε
386 375 436 407 τῆς
450 373 549 408 νοητῆς
566 373 685 407 ἡμέρας.

143 420 189 453 Ὦς
201 420 257 447 εἰθε
273 415 428 455 Νικόδημος
442 420 527 455 ἤμην,
541 419 643 453 Χριστέ
660 427 722 453 μου.

427 468 477 498 Εἰς
498 467 531 493 τὸ
549 466 634 493 αὐτό.

137 515 234 541 Νύκτα
251 513 284 540 δι’
299 513 454 548 ἁμῦροσίην
467 512 624 547 Νιικόδημός
637 512 663 546 γ’
677 512 728 546 ἠόα
743 511 803 538 δίαν

139 559 240 590 Εῐσιδε,
256 559 373 593 Χριστὸν
385 559 491 590 ᾇνακτα
503 557 576 592 φόως
594 557 666 592 μέγα
679 557 786 592 Πατρός
797 558 930 593 ἀνάρχουν

139 604 222 631 Καδδ’
236 603 321 638 ἔμαθε
340 604 487 630 σκοτόεντα
505 603 609 638 πλάνης
624 604 717 638 ζόφον,
734 604 763 630 ιν
778 603 806 630 δὲ
820 603 912 639 μυήθη

138 649 236 687 Ἷίμαρ
251 650 298 678 ἀπ’
315 651 417 686 ἠελίοιο
432 650 578 685 προτιδύον
591 650 793 686 ἀρχεσιφώτου.

369 699 421 731 Εὶς
443 698 499 732 τὴν
511 697 700 732 Σαμαρεῖτιν.

140 746 234 778 Γύναι,
247 746 274 772 τί
292 745 410 781 μέλλεις,
430 746 510 780 ῥῖπτε
527 753 574 771 σου
586 744 636 780 τὴν
651 744 747 780 ὑδρίαν
758 764 765 776 ,

139 792 195 819 Καὶ
210 791 404 827 συνδραμοῦσα
419 791 470 826 τὴν
483 791 643 826 Σαμάρειαν
656 791 734 818 κάλει

139 838 234 874 ”Υδωρ
250 839 322 865 πιεῖν
333 837 388 871 ζῶν
403 837 436 864 lx
454 837 572 876 φρέατος
595 837 700 870 ἐνθέου,

140 886 199 913 Κάν
210 886 271 917 ταῖς
288 884 399 920 γυναιξὶ
415 884 646 920 πρωταπόστολος
664 883 752 918 γίνου.

419 932 472 964 Εις
495 931 529 958 τὸ
553 931 640 958 αὐτό.

141 977 299 1013 Θηλυτέρῃς
314 977 444 1014 πόρνῃσι,
461 977 530 1004 Θεοῦ
546 978 617 1012 Λόγε
635 978 703 1013 πρὸς
718 977 797 1011 λόγον
815 977 896 1013 ἔρχῃ,

146 1024 192 1050 ‘Ev
202 1024 230 1050 δέ
244 1024 268 1050 θ’
285 1024 359 1058 ὕδωρ
370 1024 469 1059 πιέμεν
486 1024 578 1059 ζητεῖς
596 1025 694 1059 σφέας,
710 1024 810 1059 ἄφθονε
825 1026 914 1061 πηγή·

143 1071 209 1099 Οὐδὲ
221 1071 276 1107 γὰρ
292 1071 365 1106 ἀμφὶ
381 1071 487 1107 μόνοισι
502 1071 656 1107 κατήλυθες
669 1072 766 1107 ἄρσεσι
776 1071 882 1107 Σωτὴρ,

143 1118 205 1145 Οὐδ’
221 1117 342 1145 ὲσθλοῑσι
361 1118 509 1154 βροτοῖσιν,
527 1119 598 1154 ἀτὰρ
617 1118 762 1153 φλαύροισι
785 1117 915 1153 μάλιστα.

366 1166 418 1198 Εις
443 1165 496 1192 τὸν
518 1165 706 1198 πιιράλιιτον.

145 1211 304 1247 Σφίγχθητι,
322 1212 471 1246 παράλυτε,
489 1212 545 1238 πᾶν
560 1212 591 1238 τὸ
604 1213 729 1248 σαρκίον,

145 1258 190 1289 Ὠς
207 1259 238 1285 ὲκ
251 1258 338 1293 τάφου
351 1258 380 1284 δὲ
391 1258 441 1294 τῆς
457 1259 538 1290 στοᾶς
554 1258 720 1294 ἀνηγμένας,

146 1304 199 1338 Γὴν
212 1303 388 1339 βαστάσασαν
402 1305 542 1339 βαστάσας
557 1305 663 1340 κλίνην,
674 1307 766 1341 τρέχε.

145 1350 198 1385 Τῆς
213 1351 305 1387 ίσχύος
317 1360 378 1384 σου,
389 1351 503 1388 Χριστὲ,
519 1352 570 1386 τῆς
582 1352 745 1388 ἀμηχάνουι

434 1399 487 1430 Είς
511 1398 544 1425 τὸ
567 1399 653 1426 αὐτό.

145 1444 254 1480 Ἄρορα
267 1443 336 1479 παρ’
351 1443 442 1480 ἄρθρα
457 1444 566 1480 δέθητε,
587 1445 636 1472 καὶ
657 1446 685 1478 ἐς
712 1446 771 1481 βίον
797 1446 863 1474 αὖτε
885 1456 934 1482 μο-

804 1493 899 1529 θεῖτε,

283 1579 322 1607 De
345 1578 493 1606 Nicomede
508 1583 638 1609 nocturno
653 1579 795 1614 discipulo.

182 1625 239 1653 Dici
256 1625 429 1661 disciplinam
450 1630 531 1654 noctu
548 1626 622 1654 audit
638 1625 816 1658 Nicontetlus,
833 1631 860 1654 et
876 1626 940 1653 reli-

144 1678 188 1700 cta
204 1673 306 1700 erroris
323 1677 413 1706 nocte,
429 1672 561 1707 spiritalis
578 1673 630 1700 diei
643 1672 836 1706 crepusculum
852 1672 937 1700 videt.

144 1719 166 1747 0
181 1719 284 1746 utinant
304 1717 469 1747 Nicomedus
483 1719 606 1751 fuissem,
622 1717 732 1747 Christe
751 1719 802 1745 nti!

472 1765 506 1792 In
532 1765 611 1793 idem.
849 1786 863 1793 χ

180 1811 275 1838 Divina
302 1810 345 1838 illa
371 1817 450 1839 nocte
474 1811 594 1839 divinam
623 1819 749 1840 auroram
775 1810 941 1839 Nicodemnl

144 1857 269 1891 aspexit,
301 1865 393 1892 regem
419 1857 570 1892 Christum,
601 1858 693 1887 lumen
720 1859 779 1895 ejus
807 1859 853 1894 qui
883 1858 942 1886 sine

145 1903 282 1938 principio
297 1901 376 1930 Pater
391 1908 455 1937 est;
479 1912 493 1931 a
512 1912 566 1940 quo
595 1905 796 1933 tenebricosam
826 1904 941 1939 cognovi

145 1949 246 1976 erroris
279 1949 433 1984 caliginem,
459 1956 590 1985 praeterea
616 1951 688 1979 diem
709 1951 830 1979 condoce
852 1951 942 1978 factus

145 1999 188 2023 est
212 1995 404 2030 procedentem
430 2003 447 2023 a
468 1996 531 2024 Sole
553 1996 682 2031 Christo,
707 1997 796 2026 omnis
829 1996 942 2025 luminis

146 2043 307 2078 archetypo.

413 2087 447 2116 In
459 2088 673 2117 Samaritanam.

180 2133 253 2167 Quid
268 2133 420 2167 cunctaris,
438 2134 556 2162 mulieri
572 2134 650 2162 mitte
665 2135 790 2164 manibus
806 2136 941 2172 hydriam,

149 2185 288 2216 totamque
305 2179 458 2208 Samariam
472 2187 588 2215 propere
605 2181 741 2209 currendo
766 2189 848 2210 evoca
864 2190 872 2216 ;
886 2190 940 2217 quo

146 2235 180 2255 ex
197 2227 291 2255 divino
308 2227 470 2255 exhaustam
487 2232 569 2262 puteo
586 2235 685 2262 aquam
709 2229 784 2256 bibat
800 2237 807 2255 :
823 2230 863 2257 sic
882 2235 942 2258 esto

148 2274 255 2302 tandem
270 2274 358 2310 prima
374 2275 444 2302 inter
461 2274 589 2302 mulieres
604 2275 737 2310 apostola.

483 2319 516 2348 Ιιι
531 2321 613 2348 idem.

183 2365 252 2393 Cum
268 2364 430 2394 mulieribus
444 2365 576 2394 adulteris
592 2366 620 2393 in
643 2366 810 2402 colloquium
826 2369 914 2402 venis,
926 2376 943 2397 ο

150 2409 280 2443 Verbum;
293 2411 326 2438 ab
349 2410 402 2438 illis
426 2411 525 2439 deinde
540 2416 636 2447 potum
653 2413 784 2448 postulas,
809 2413 863 2449 qui,
883 2414 943 2442 fons

148 2457 276 2491 perennis
297 2464 326 2484 es
342 2461 371 2484 et
403 2459 578 2492 exuberans;
601 2459 706 2486 scilicet
730 2468 783 2487 non
812 2460 845 2487 ad
871 2460 942 2489 solos

149 2507 253 2530 tantum
269 2504 413 2532 salvattdos
424 2504 499 2532 viros
522 2505 696 2540 descendisti,
721 2515 770 2534 nec
794 2507 940 2542 iustorum,

147 2548 194 2576 sed
210 2552 354 2576 nocentum
369 2549 503 2584 imprimis
519 2551 658 2578 hominum
676 2553 764 2587 gratia
781 2559 879 2588 passus
899 2560 940 2582 es.

429 2594 463 2622 In
480 2596 668 2632 paralyticum.

183 2641 268 2669 Attus
287 2641 323 2669 tui
339 2642 562 2678 constt-iugantur
590 2651 622 2671 ac
642 2643 812 2678 coalescant.
828 2652 845 2673 o
863 2653 943 2681 para-

148 2685 241 2721 lytice.
257 2686 350 2722 Deque
372 2688 478 2722 porticu
499 2692 627 2723 tanquam
655 2689 688 2717 de
711 2689 838 2724 sepulcra
880 2698 943 2726 pro-

149 2733 287 2769 grediens,
303 2737 330 2761 et
345 2734 485 2768 grabatum
503 2734 610 2768 tollens,
626 2736 673 2770 qui
699 2740 724 2762 te
748 2736 856 2769 tulerat,
880 2743 943 2771 pro.

149 2780 204 2808 sili.
235 2780 258 2808 0
281 2780 515 2817 incomparabilis:
532 2785 584 2809 tua:
615 2782 725 2810 virtutis
752 2782 940 2812 immensitas!

149 2826 269 2855 Christe.

482 2871 516 2900 In
530 2873 609 2901 idem.

138 2938 140 2941 ι
180 2918 322 2955 vJuncturis
345 2920 496 2951 commissa
525 2924 553 2949 et
581 2919 713 2956 colligata
740 2921 885 2958 iuncturae,
912 2923 940 2953 in

548 169 814 202 TETRASTICHA
834 168 876 199 ΙΝ
900 166 1034 198 NOVUM
1054 162 1352 196 TESTAMENTUM.

941 235 966 265 Α
986 227 1033 255 Ἐν
1047 226 1075 254 δέ
1091 234 1132 258 τε,
1146 222 1243 260 νεῦρα,
1255 223 1369 258 τάθητε,
1387 220 1435 249 καὶ
1445 218 1538 252 ὀστέα,
1553 217 1645 246 hours
1667 215 1757 265 lcxbv,

1699 155 1775 190 1206

985 275 1030 301 Ἐν
1040 273 1075 306 δ’,
1089 272 1199 308 ὑμένες,
1209 270 1377 307 προχύθητε,
1389 269 1475 304 δέμας
1488 266 1518 294 δὲ
1527 265 1666 300 καλύψατε
1681 262 1770 291 τοῦτο.

981 320 1084 356 Ἐγρεό
1097 328 1154 354 μοι,
1166 318 1318 354 παράλυτε,
1338 315 1434 350 κλίνην
1446 314 1468 341 δ’
1481 313 1533 341 ἀνὰ
1549 313 1630 349 ἔρχευ
1646 311 1754 345 ἀείρας.

1247 364 1299 395 Εἰς
1315 363 1367 389 τὸν
1384 361 1511 396 τυφλόν.

987 413 1017 440 '0
1037 411 1123 448 πηλὸς
1139 410 1218 442 οὗτος
1234 408 1316 444 πηλὸς
1332 408 1558 443 ὀμματεργάτης,

982 462 1040 496 Οὐχ
1050 460 1088 492 ὡς
1102 460 1183 494 φύσιν
1202 457 1274 493 σχὼν
1289 455 1459 492 δημιουργὸν
1474 454 1619 489 ὀμμάτων,

989 507 1059 535 Ἀλλ’
1077 507 1115 539 ὡς
1136 505 1282 542 ὑπουργῶν
1296 505 1328 540 τῇ
1347 502 1472 530 κελεύσει
1489 500 1537 528 τοῦ
1553 500 1652 533 Λόγου·

985 556 1032 586 ’Ὡς
1046 553 1200 590 ἑμπτύσαις
1218 560 1275 587 μοι,
1288 550 1402 587 Χριετὲ,
1419 550 1479 581 τοῖς
1493 547 1582 584 ψυχῆς
1599 546 1705 581 κόραις.

1267 598 1320 630 Εἰς
1342 596 1376 623 τὸ
1405 594 1492 622 αὑτό.

985 646 1118 682 ’Δσμενος
1142 644 1232 679 ἠελίου
1247 652 1276 670 σε
1289 643 1381 679 βλέπω
1394 642 1484 673 σέλας,
1499 639 1546 674 ἠδὲ
1562 638 1688 674 σελήνης,

983 692 1104 729 Οὐρανὸν
1119 691 1294 727 ἀστερόεντα,
1316 688 1404 722 πυρὸς
1418 688 1510 722 φύσιν,
1528 686 1599 722 ἠέρα
1623 685 1689 716 δῖον,

985 740 1039 768 Καὶ
1052 738 1205 774 ποταμοὺς,
1221 736 1335 772 ψάμμον
1351 744 1380 762 τε
1393 733 1541 769 παράλιον,
1558 731 1605 767 ἠδέ
1621 740 1650 758 τε
1664 730 1757 765 γαῖαν.

986 785 1121 820 Ὅμματα
1146 782 1202 818 γάρ
1237 790 1283 817 μοι
1313 780 1419 807 πλάσσε
1443 777 1512 805 Θεοῦ
1539 777 1625 812 Λόγος
1651 775 1781 858 ηίὶιόπρὶν

1719 828 1779 847 ντα.

1719 828 1779 847 ντα.

1237 875 1288 907 Εὶς
1309 873 1363 902 τόν
1378 871 1526 906 Λάζαρον.

950 913 970 941 Β
986 925 1017 952 Εἰ
1035 923 1145 960 μακρὰν
1161 921 1247 953 ἑστὼς
1263 919 1381 956 Χριστὸς
1397 912 1547 945 ἑσκύλὲυσι
1560 924 1602 948 σε,

985 971 1068 998 Ζωῶν
1082 970 1166 1005 λόγῳ,
1181 968 1295 1000 θάνατε,
1313 966 1458 1001 Λαζάρους
1481 963 1570 995 ὅλους,

990 1018 1095 1048 Ὀποῖα,
1113 1015 1263 1050 κατάρατε,
1277 1012 1369 1040 λοιπόν
1384 1020 1413 1039 σε
1424 1011 1519 1048 δράσει

991 1062 1093 1090 Ἐλθὼν
1110 1061 1155 1088 ἐπ’
1169 1060 1252 1088 αὑτὸν
1268 1059 1315 1087 τὸν
1335 1058 1422 1095 βαθύν
1440 1066 1488 1083 σου
1510 1054 1662 1090 πυθμένα;

1288 1107 1340 1139 Εἰς
1352 1104 1386 1132 τὸ
1401 1103 1488 1132 αὑτό.

985 1154 1105 1188 Λύσατε,
1134 1153 1237 1180 λύσατέ
1272 1161 1318 1188 μοι
1347 1151 1444 1178 σκολιὰ
1471 1148 1702 1185 προτιπλέγματα
1715 1153 1782 1180 σαρ-

1713 1193 1785 1229 [κὸς.

991 1249 1040 1276 Ἐκ
1054 1248 1082 1275 δὲ
1096 1247 1256 1283 καλύπτραν
1276 1245 1371 1272 ἕλεσθε
1390 1245 1542 1280 καρήατος,
1568 1239 1591 1270 ὧ
1609 1241 1782 1275 κασίγνητοι.

987 1296 1079 1328 ὀφρα
1091 1294 1175 1329 κόρας
1190 1293 1302 1320 πετάσω
1316 1293 1363 1319 καὶ
1373 1291 1514 1327 ἄμπνυμι,
1530 1289 1578 1325 ἠδέ
1591 1297 1623 1315 τε
1643 1286 1739 1323 μέλψω

987 1340 1119 1376 Χριστὸν,
1131 1339 1160 1372 ὃς
1174 1340 1206 1366 ἐκ
1224 1339 1253 1374 μ’
1264 1338 1370 1366 ἐσάωσε
1385 1336 1549 1373 τανηλεγέος
1575 1334 1712 1363 θανάτοιο.

1248 1386 1301 1418 Εις
1317 1384 1371 1411 τὸν
1386 1382 1531 1418 νιπτῆρα.

986 1432 1032 1468 Ὦ,
1044 1434 1134 1469 δεῦρο,
1147 1433 1244 1468 Πέτρε,
1260 1430 1373 1466 νίψομαί
1388 1438 1435 1457 σου
1451 1429 1514 1461 τοὺς
1531 1428 1616 1460 πόδας

988 1481 1025 1507 Οὺ
1043 1480 1081 1516 μή
1104 1488 1137 1513 με
1157 1479 1245 1513 νίψεις
1262 1479 1302 1509 είς
1311 1477 1358 1504 τὸν
1374 1477 1485 1504 ἅπαντα
1501 1475 1607 1511 χρόνον.

954 1585 975 1615 α
994 1579 1075 1607 vitam
1092 1575 1268 1613 egredimini,
1286 1580 1419 1611 praeterea
1437 1574 1525 1606 nervi,
1553 1574 1660 1602 extensi
1686 1578 1785 1606 estote,

993 1634 1057 1654 ossa
1087 1623 1268 1655 roboramitti,
1292 1621 1365 1649 cutis
1386 1620 1543 1653 extendere,
1568 1626 1596 1647 et
1621 1620 1672 1648 ltoc
1688 1627 1790 1654 corpus-

991 1674 1136 1704 insterne;
1167 1677 1261 1705 surge,
1288 1667 1457 1704 paralytice,
1482 1671 1511 1695 et
1529 1666 1639 1696 sublato
1673 1667 1789 1702 grabato

992 1717 1112 1747 ambula.

1310 1762 1344 1790 In
1354 1769 1465 1791 meum.

1026 1810 1084 1839 lloc
1107 1809 1193 1838 lutum
1209 1816 1296 1837 novos
1312 1808 1509 1837 architectatur
1519 1808 1631 1841 oculos;
1650 1816 1704 1835 non
1724 1815 1786 1843 per-

991 1857 1055 1885 inde
1079 1856 1156 1892 quasi
1183 1860 1308 1883 naturam
1329 1855 1429 1883 habeat
1442 1854 1584 1882 oculorum
1608 1853 1790 1887 effectricem,

991 1904 1040 1932 sed
1058 1906 1087 1931 ut
1108 1901 1189 1930 Verbi
1207 1902 1344 1930 mandatis
1360 1901 1543 1937 obsequenter
1569 1900 1713 1928 ancillans.
1740 1901 1787 1928 Sic

994 1949 1061 1978 mihi
1079 1950 1106 1977 in
1123 1949 1222 1977 mentis
1238 1947 1517 1984 palpebrasinspuere
1530 1947 1607 1980 velis,
1617 1947 1725 1975 Christe
1738 1948 1785 1975 mii

1326 1995 1361 2023 In
1377 1995 1460 2023 idem.

1030 2043 1080 2077 Te,
1100 2051 1116 2071 ο
1133 2043 1198 2072 solis
1229 2047 1256 2070 et
1273 2042 1343 2070 luna:
1356 2042 1448 2078 jubar,
1463 2041 1562 2070 alacris
1580 2041 1697 2074 intueor,
1721 2041 1787 2068 stel-

993 2090 1064 2118 latos
1076 2089 1173 2123 cmlos,
1191 2089 1261 2124 ignis
1272 2089 1449 2122 elementum,
1467 2088 1588 2116 divinum
1602 2095 1677 2120 nera,
1693 2091 1720 2116 et
1739 2087 1788 2115 ﬂu-

993 2136 1064 2170 vios,
1079 2140 1107 2164 et
1126 2136 1277 2163 maritimas
1299 2143 1398 2162 arenas
1418 2135 1559 2170 ipsamque
1579 2140 1709 2170 praeterea
1735 2139 1787 2162 ter,

994 2190 1052 2210 ram
1078 2191 1084 2210 :
1110 2181 1206 2209 oculos
1231 2181 1314 2214 enim,
1338 2181 1435 2216 quibus
1459 2181 1587 2209 carebam
1612 2181 1700 2216 prius,
1718 2181 1787 2209 mihi

995 2227 1116 2257 Verbum
1133 2227 1181 2256 Dei
1198 2226 1338 2255 formavit.

1292 2273 1326 2300 In
1351 2273 1494 2301 Lazarum.

1033 2319 1060 2349 Si
1076 2327 1156 2356 porro
1169 2320 1202 2347 ab
1219 2319 1313 2347 inferis
1326 2325 1402 2347 stans
1417 2319 1543 2347 Christus
1569 2325 1595 2347 te
1619 2325 1708 2347 tamen
1723 2327 1787 2354 spo-

996 2367 1095 2401 liavit,
1117 2374 1133 2395 o
1158 2374 1241 2397 mors.
1270 2365 1417 2399 Lazarum,
1439 2371 1466 2393 et
1481 2366 1503 2394 si
1521 2366 1566 2401 qui
1580 2373 1609 2394 se
1624 2366 1787 2394 obtulissent

995 2415 1051 2448 alii,
1072 2415 1099 2442 in
1113 2414 1195 2442 vitam
1212 2421 1360 2450 rovocans;
1377 2414 1454 2448 quid,
1470 2421 1486 2441 ο
1501 2415 1572 2441 omni
1593 2414 1788 2449 imprecatione

995 2463 1087 2498 digna,
1102 2463 1135 2490 de
1150 2465 1249 2489 canem
1265 2466 1290 2489 te
1306 2459 1429 2488 facturus
1442 2466 1484 2488 est
1504 2461 1568 2488 dum
1593 2461 1619 2488 in
1638 2460 1788 2496 profundas

995 2509 1084 2545 abyssi
1101 2512 1153 2536 tua!
1167 2507 1293 2543 regiones
1308 2507 1469 2535 devenerit?

1323 2553 1353 2581 In
1375 2554 1455 2581 idem.

1029 2600 1233 2636 Circumplexas
1244 2600 1308 2628 mihi
1316 2601 1441 2636 corporis
1451 2600 1548 2629 fascias
1558 2599 1788 2635 exsolvitc,ipsius

995 2646 1182 2682 integumenta
1204 2647 1303 2682 capitis
1327 2646 1452 2681 auferte,
1478 2647 1579 2674 fratres
1594 2667 1602 2680 ,
1634 2650 1664 2674 ut
1692 2647 1788 2675 oculos

994 2693 1139 2729 explicem,
1155 2694 1341 2729 acrespirem,
1367 2701 1474 2722 necnon
1501 2699 1531 2722 et
1555 2694 1691 2722 celebrem
1704 2694 1789 2722 Chri-

995 2743 1079 2773 stumI
1108 2741 1155 2776 qui
1184 2748 1228 2768 me
1241 2740 1341 2776 prolixi
1351 2740 1442 2768 somni
1464 2739 1602 2769 eﬂ‘cctrice
1621 2745 1709 2768 morte
1720 2740 1788 2769 libe-

995 2786 1076 2814 ravit.

1237 2834 1274 2861 De
1287 2834 1382 2870 pedum
1397 2834 1542 2862 ablatione.

1029 2878 1179 2914 Adesdum,
1198 2880 1291 2913 Petre.
1319 2885 1380 2909 tuos
1396 2880 1492 2910 lavabo
1511 2881 1604 2917 pedes.
1631 2882 1691 2910 Non
1718 2884 1788 2913 mihi

993 2925 1096 2956 lavabis
1109 2927 1193 2963 pedes
1213 2927 1242 2956 in
1267 2931 1411 2957 aeternum.
1427 2925 1487 2958 Nisi
1511 2932 1536 2958 te
1551 2927 1654 2964 lavero,
1674 2935 1692 2957 ι
1714 2932 1796 2961 meis
