1936 3086
153 158 224 194 1207

152 217 186 246 Et
199 219 238 256 μή
250 227 281 246 σε
294 218 373 255 νίψω,
390 219 444 248 τῶν
458 220 532 256 ἐμῶν
550 220 635 255 ξενοῖς
651 221 749 255 φίλωνέ

154 265 212 293 Καὶ
224 266 275 301 τὴν
286 266 419 302 κεφαλὴν,
445 267 494 296 καὶ
507 267 540 294 τδ
557 267 652 294 λοιπὸν
667 268 791 302 σαρκίον.

445 326 498 358 Εἰς
517 325 549 352 τὸ
566 326 648 354 αὐτό.

152 369 256 397 Νιπτεο
270 370 341 397 τοῖσι
355 371 494 405 πόδεσσιν,
520 372 590 406 ἀτὰρ
602 372 750 407 κραδίηφιν
767 371 890 403 ἄνιπτος·

159 417 205 449 Ὠς
215 417 313 451 ὄφελον
331 419 474 453 πεπάλαξο
488 420 598 454 πρόπαν
613 419 699 454 δέμας
712 419 804 454 αἴσχεῖ
816 418 913 454 πηλοῦι

152 463 230 498 Μηδὲ
247 463 405 500 θεοκτονῐης
417 465 457 492 ὲνὶ
470 465 587 500 τέλματι
603 464 719 500 ἕχρανας
732 462 810 500 ἦτορ,

153 509 273 546 Χριστὸν
287 510 352 538 ὅταν
369 511 544 546 προδέδωκας
560 511 711 543 Ἰουδαίοις,
727 507 749 538 ὧ
763 510 861 538 Ἰούδα.

190 567 242 600 Εἰς
264 567 406 601 Ἰωάννην
434 567 621 601 ἐμπίπτοντα
647 566 687 600 τῷ
715 567 820 600 στήθει
855 567 908 594 τοῦ

484 603 626 637 Χριστοῦ.

155 659 203 689 Εἰς
223 660 322 694 στῆθος
337 661 421 693 ἁγνὸν
436 662 568 696 ἐμπεσὼν
585 661 632 688 τοῦ
647 661 794 694 Δεσπότου,

153 703 277 740 Ἰωάννη,
295 705 400 739 ῥύακας
410 706 505 742 ὴρύσω
518 707 629 740 πόσουςς

159 751 203 782 Ὠς
217 753 406 787 παμμυρὶους,
422 753 467 779 να).
485 753 524 788 μὰ
540 754 570 780 τὸ
587 755 684 789 στῆθος
695 756 767 787 τόδε,

152 797 192 824 Δι’
209 794 246 825 ὧν
258 798 340 830 πολὺς
353 800 410 834 ρεῖς
423 801 463 832 εἰς
477 800 541 835 ὅλην
552 802 735 838 οἰκουμένην.

449 857 500 890 Εἰς
516 857 549 885 τὸ
568 859 652 886 αὐτό.

151 902 273 937 Χριστοῦ
285 902 326 929 ἐνὶ
342 902 481 938 στήθεσφι
492 904 640 937 λελαθότας
654 906 683 937 ἒς
700 906 841 938 πυλεῶνας

152 947 247 983 Κύψεν
266 948 405 984 Ἰωάννης,
423 949 471 976 καὶ
491 950 610 977 ἐσειδετο
629 951 753 986 δόγματα
768 951 838 978 θεῖα·

153 995 244 1021 ’Ἄσσα
255 994 277 1021 δ’
292 995 376 1022 ἔειδεν
391 995 477 1030 ἔειπε,
488 998 536 1023 καὶ
552 997 656 1033 Εκφορα
668 998 773 1033 θήκατο
788 998 909 1033 θνητοῖς·

90 1064 98 1075 ,
153 1042 207 1068 Εὶν
225 1040 301 1076 ἀρχῇ
330 1041 385 1077 γὰρ
418 1043 474 1076 ἔην
492 1044 508 1069 ό
525 1043 634 1077 Λόγος,
661 1042 742 1077 φάτο,
760 1042 854 1078 θαῦμα
873 1042 948 1070 διδάη

851 1089 947 1122 [σκων.

361 1145 415 1178 Εἰς
430 1145 487 1179 τὴν
500 1145 751 1180 ἁποκαθήλωσιν.

156 1191 285 1228 Τολμηρὲ
300 1191 454 1227 Νικόδημε,
472 1192 552 1227 ῥῖψον
573 1192 622 1227 τὴν
641 1191 760 1227 σφῦραν,

154 1237 201 1274 Μὴ
215 1237 348 1273 συντριϐῇ
361 1246 388 1264 τι
400 1237 561 1265 δεσποταϊον
576 1237 683 1264 ὀστέον·

162 1285 196 1311 Ἥ
215 1284 294 1316 λαὸὶς
313 1284 404 1319 ἀρκεῖ,
421 1284 470 1310 καὶ
484 1284 529 1310 τὸν
544 1281 610 1319 ἧλον
623 1283 735 1310 ὲλκέτω·

158 1329 196 1358 Εὖ
216 1331 270 1358 τῶν
283 1331 400 1366 χειρῶνί
416 1331 528 1366 μέτελθε
541 1331 633 1358 λοιπὸν
649 1331 713 1363 τοὺς
737 1331 832 1363 πόδας.

445 1388 497 1421 Εἷς
525 1387 559 1414 τὸ
584 1388 668 1415 αὑτό.

159 1433 286 1460 Δάκτυλά
308 1441 362 1467 τοι,
378 1433 531 1468 Νικόδημε,
545 1433 695 1469 προήλυθε,
716 1433 842 1460 δάκτυλα
853 1433 950 1468 Θωμᾶ·

159 1523 255 1552 amicis
278 1523 334 1552 eris
365 1528 524 1552 cxtraneus.
547 1522 631 1559 Igitur
649 1527 676 1550 ct
691 1527 789 1558 caput,
816 1527 842 1551 et
866 1526 950 1551 totum

159 1577 268 1606 corpus.
478 1570 485 1575 ”

486 1627 519 1655 In
537 1628 618 1655 idem.

196 1675 248 1708 Tu,
266 1675 312 1710 qui
329 1673 412 1701 corde
437 1673 531 1700 illotus
555 1679 628 1705 eras,
650 1672 721 1699 lotus
739 1679 768 1699 es
786 1671 915 1706 pedibus;
933 1677 950 1697 0

159 1722 265 1750 utinam
284 1721 332 1748 ltiti
344 1719 471 1749 sordibus
494 1719 600 1753 integro
616 1718 715 1746 fuisses
730 1725 846 1752 corpore
863 1717 950 1744 [teda-

160 1774 219 1802 tus;
234 1774 284 1794 nec
294 1774 339 1800 eo,
351 1773 404 1802 quo
412 1765 512 1793 Christi
526 1765 627 1792 caedem
645 1763 813 1791 machinatus
822 1770 863 1796 es,
874 1770 951 1790 emno

159 1822 208 1842 cor
223 1819 298 1841 tuum
314 1812 506 1846 maculasses,
526 1817 582 1839 tum
598 1818 659 1839 cum
682 1810 784 1839 Judteis
808 1809 950 1837 Christum

159 1860 315 1893 vendidisti,
333 1859 414 1888 Juda.

232 1917 270 1945 De
285 1916 390 1944 Joanne
404 1924 482 1951 supra
496 1919 585 1950 pectus
596 1914 694 1942 Christi
709 1914 878 1941 recumbente.

197 1963 225 1991 In
243 1970 340 1997 purum
367 1961 475 1988 Domini
492 1966 588 1996 pectus
611 1960 772 1987 incumbens
785 1978 793 1991 ,
821 1958 951 1991 Joannes,

161 2014 227 2043 quot
240 2009 389 2042 gratiarum
411 2008 437 2034 in
454 2012 479 2034 te
492 2006 621 2034 det'ivasti
635 2005 749 2034 latices?
773 2005 818 2032 Nre
833 2005 953 2033 inﬁnitos

162 2056 321 2089 (ipsummet
336 2052 436 2079 Christi
454 2057 549 2087 pectus
566 2051 705 2086 attestor),
721 2051 820 2086 quibus
833 2058 880 2085 per
891 2050 954 2077 uni-

162 2106 269 2127 versam
281 2101 382 2126 terram
393 2096 496 2132 jugiter
510 2096 582 2125 ﬂuis.

485 2151 518 2180 In
539 2153 618 2180 idem.

201 2201 289 2236 Supra
305 2204 401 2235 pectus
412 2199 514 2227 Christi
532 2198 709 2231 decumbens,
727 2199 752 2226 in
767 2199 882 2226 latentes
896 2197 954 2232 ejus

164 2249 254 2277 aditus
269 2248 385 2283 diapexit
398 2246 528 2279 Joannes,
541 2245 586 2273 ubi
600 2245 720 2273 divinant
736 2245 888 2272 doctrinam
912 2244 954 2270 in-

166 2295 279 2328 tellexit,
295 2299 323 2321 et
336 2300 502 2329 quaecunque
514 2292 590 2323 vidit,
603 2299 664 2326 qua:
678 2291 780 2325 vulgari
790 2291 829 2318 las
843 2294 911 2322 erat,
930 2289 955 2316 in

164 2342 285 2369 medium
307 2341 407 2376 posuit.
427 2340 459 2366 In
473 2338 601 2375 principio
611 2343 666 2365 erat
685 2337 808 2370 Verbum,
821 2337 955 2371 inquiens,

165 2388 233 2416 mira
249 2394 360 2423 prorsus
377 2386 496 2414 edocuit.

357 2443 396 2471 De
413 2442 517 2470 Christo
534 2450 548 2470 ε
559 2449 634 2469 cruce
649 2441 754 2468 sublato

202 2490 320 2518 Oanimi
352 2489 438 2517 ﬁdens
462 2489 621 2521 Nicomede,
647 2487 774 2527 malleum
795 2486 905 2522 projice,
924 2494 957 2514 ne

169 2538 240 2566 forte
258 2537 364 2565 Domini
385 2545 447 2564 ossa
467 2536 690 2570 coni'ringunlur;
706 2534 814 2562 abunde
829 2534 882 2561 erit
899 2533 955 2561 [οι--

168 2591 242 2620 ceps,
259 2590 310 2620 qua
327 2582 419 2610 clavos
443 2581 581 2609 extraliito
597 2589 603 2608 :
623 2587 702 2615 quam
721 2579 817 2606 bonam
843 2585 953 2614 operam

168 2633 301 2658 navarunt
327 2628 446 2656 manus!
474 2629 508 2655 ad
527 2627 609 2663 pedes
638 2627 734 2654 transi.

493 2685 529 2713 In
545 2685 624 2712 idem.

209 2732 275 2763 Tua
290 2741 399 2768 manus,
411 2739 428 2761 ο
443 2732 600 2766 Nicomede,
618 2730 728 2759 Tuomae
752 2729 854 2766 digitos
880 2734 957 2756 ante-

755 161 952 194 THEODORI
973 163 1173 195 PRODROMI

957 225 980 254 Α
996 222 1098 258 Θωμᾶς
1113 222 1169 258 γὰρ
1191 224 1345 258 μετόπ.σθε
1361 225 1409 253 καὶ
1420 227 1460 260 εἰς
1475 227 1560 255 τύπον
1575 229 1689 256 ἔϐλεπεν
1700 228 1794 266 ἥλων,

1717 173 1791 208 Ῑ,Ξθ8

995 268 1088 304 Αὐτὰρ
1106 268 1138 295 σὺ
1162 270 1293 306 πρότερός
1308 279 1337 298 τε
1351 273 1396 299 καὶ
1411 273 1509 305 αὐτοὺς
1521 274 1636 310 ἔδρακες
1648 275 1743 310 ἥλους,

1004 315 1049 342 Ἐν
1067 315 1088 342 δ’
1107 316 1182 352 ἱερὴν
1198 317 1330 353 ὲδίφησας
1346 319 1433 356 ὑγρὴν
1448 321 1488 347 ἔτι
1506 321 1626 356 πλευρὰν
1641 323 1770 354 ἄνακτος.

1228 386 1279 419 Εἰς
1295 386 1328 413 τὸ
1349 387 1424 414 κατὰ
1442 389 1559 422 Θωμᾶν.

995 448 1058 480 ΙῙῶς
1071 446 1154 484 ἦλθες
1165 449 1240 482 ὲντδς
1253 450 1308 477 τῶν
1321 450 1412 486 θυρῶν
1423 452 1641 488 κεκλεισμένων;

995 493 1096 526 Καθὼς
1110 495 1232 530 ἀπῆλθον
1249 496 1296 522 τοῦ
1316 497 1402 531 τάφου
1416 498 1632 534 φρουρουμένου.

994 541 1051 568 Καὶ
1065 540 1124 573 πῶς
1134 541 1238 569 ἐκεῖθεν
1257 542 1432 578 ἐξελήλυθας,
1449 544 1520 578 Λῦγε
1533 553 1541 578 ;

1001 587 1045 619 Ὠς
1063 588 1128 623 πρὶν
1142 589 1278 624 προῆλθον
1298 590 1330 616 ἐκ
1345 591 1432 625 πύλης
1444 591 1652 627 κεκλεισμένης.

1280 660 1332 692 Εἰς
1351 659 1384 686 τὸ
1403 660 1488 687 αὑτό.

997 714 1100 741 "Amen
1116 715 1166 750 τῆς
1185 715 1320 751 ρωθείσης
1334 716 1431 752 λόγχῃ,
1443 716 1506 743 Δίδυ
1512 725 1556 750 με,
1573 716 1706 751 πλευρᾶς,

996 758 1113 792 Ἀπτεο,
1135 759 1183 786 καὶ
1197 759 1319 793 πίστευε,
1335 761 1406 796 ἐμὴν
1417 761 1438 787 δ’
1453 760 1613 796 ὲπιδέχνυσο
1625 761 1733 787 θέσπιν·

998 804 1130 831 Ἐσσεται
1147 803 1237 841 ἦμαρ,
1253 806 1318 834 ὅταν
1333 807 1400 833 ποτὲ
1413 806 1460 833 καὶ
1475 806 1526 833 τεὰ
1546 806 1651 842 πλευρὰ
1667 806 1775 841 νυγὼσι

995 850 1127 886 Σιδαρέῃς
1145 851 1257 888 λόγχῃσι
1274 852 1425 888 διαμπερὲς
1443 853 1601 888 Αἰθιοπῆες.

1137 919 1184 951 Εἰς
1200 918 1258 952 τὴν
1271 919 1414 955 κοιμησιν
1432 920 1491 954 τὴν
1508 920 1666 947 Θεοτόκου.

999 983 1187 1020 Μυστηριώδη
1205 985 1254 1020 τὴν
1270 986 1429 1021 πανήγυριν
1447 986 1550 1022 βλέπω·

999 1028 1101 1064 Μήτηρ
1117 1028 1231 1064 τελευτᾷ
1246 1028 1292 1055 τοῦ
1310 1030 1337 1064 γ’
1347 1029 1436 1064 Ἰησοῦ
1453 1030 1560 1065 Μαρία,

1000 1074 1066 1106 Θεὸς
1080 1075 1108 1101 δὲ
1127 1074 1262 1103 λαμϐάνει
1273 1075 1303 1102 τὸ
1315 1075 1426 1111 πνεῦμα
1446 1077 1576 1111 μητέρος,

1000 1121 1055 1148 Καὶ
1070 1121 1163 1148 καινὸν
1177 1121 1257 1148 ἀνθεῖ
1271 1123 1328 1154 τοῖς
1342 1122 1502 1154 ἀποστόλοις
1525 1123 1629 1150 πτίλον.

1296 1189 1348 1221 Εἰς
1362 1189 1394 1215 τὸ
1412 1189 1496 1216 αὐτό.

1001 1246 1087 1280 ﬂeto;
1099 1246 1176 1282 ἔφυς,
1193 1246 1293 1282 Πέτρε,
1308 1244 1361 1280 γῆς
1374 1246 1427 1281 γὰρ
1440 1246 1517 1281 ἔφυς,
1532 1246 1574 1278 τῐς
1590 1247 1730 1275 ἀναίνεται
1743 1248 1795 1284 ἔμ-

1685 1293 1775 1329 [φρων
1785 1302 1794 1329 ;

1009 1339 1090 1366 Ἀλλά
1104 1347 1137 1373 γε
1156 1339 1233 1374 κῦμα
1253 1338 1365 1366 πόδεσσι
1386 1339 1523 1375 περήσαο,
1542 1339 1637 1374 θαῦμα
1660 1340 1776 1367 ἰδέσθαι·

1005 1386 1092 1421 Ἦέρα
1108 1386 1156 1413 νῦν
1174 1386 1203 1412 δὲ
1215 1386 1290 1413 πέτω
1304 1386 1502 1422 βιοθρέμμονα,
1512 1387 1702 1423 πνοιοδοτῆραθ

1003 1432 1139 1468 ’Ὑστερυν
1154 1432 1216 1459 αὖτ’
1233 1431 1323 1467 ὀλίγον
1335 1433 1382 1459 καὶ
1397 1433 1425 1464 ὲς
1440 1433 1521 1460 πόλον
1538 1433 1619 1460 αὑτὸν
1634 1433 1760 1470 ἀνέλθῃς.

1003 1525 1161 1555 verterunt;
1178 1526 1271 1556 postea
1282 1522 1392 1556 quidem
1404 1521 1524 1550 Thomas
1541 1523 1566 1550 in
1583 1523 1793 1558 impressionem

1004 1568 1141 1595 clavorum
1159 1568 1331 1602 introspexit,
1346 1570 1394 1597 sed
1413 1574 1439 1596 tu
1457 1570 1531 1604 prior
1558 1568 1689 1603 ipsusmet
1702 1570 1795 1597 vidisti

1003 1614 1104 1646 clavos,
1115 1619 1141 1642 et
1152 1615 1240 1642 adhuc
1255 1615 1393 1643 humentis
1408 1615 1510 1644 Christi
1521 1615 1616 1643 lateris
1629 1617 1706 1652 adyta
1722 1624 1798 1644 scru-

1001 1664 1074 1687 latus
1088 1668 1129 1689 es.

1195 1717 1229 1746 In
1247 1719 1274 1746 id
1288 1719 1358 1754 quod
1373 1718 1479 1747 Thomw
1495 1721 1600 1748 accidit.

1035 1763 1156 1796 Quonam
1164 1765 1244 1793 modo
1253 1765 1352 1794 clausis
1364 1767 1464 1801 januis,
1478 1767 1549 1794 intro
1560 1768 1653 1802 pedem
1666 1767 1798 1802 posuisti?

1002 1804 1236 1841 Quemadmodum
1253 1812 1481 1839 ecircumvallato
1496 1812 1621 1846 sepulcro
1634 1820 1692 1839 sum
1703 1817 1796 1848 egres-

1002 1862 1058 1883 sus.
1084 1856 1119 1882 At
1138 1858 1272 1891 quomodo
1287 1858 1349 1886 inde
1370 1865 1551 1893 egressuses,
1573 1867 1589 1885 υ
1612 1857 1748 1887 Verbum?
1762 1857 1798 1885 Ut

1002 1902 1144 1938 obsignata
1160 1905 1234 1938 prius
1245 1904 1327 1939 januo
1341 1906 1438 1940 prodii.

1317 1960 1351 1989 In
1366 1962 1446 1989 idem.

1041 2005 1149 2034 Lancea
1161 2008 1322 2035 transﬁxum
1335 2008 1408 2036 latus
1420 2012 1509 2044 tange,
1525 2008 1647 2044 Didyme,
1664 2008 1754 2044 paipa,
1767 2013 1796 2037 et

1004 2056 1064 2079 esto
1080 2051 1179 2086 ﬁdelis,
1194 2060 1338 2088 meumque
1352 2053 1511 2081 vaticinium
1526 2054 1637 2088 excipe;
1652 2054 1706 2081 erit
1727 2058 1798 2080 tetu—

1003 2103 1071 2130 pus,
1099 2104 1159 2124 cum
1183 2102 1227 2124 tua
1251 2097 1359 2125 tandem
1384 2098 1467 2124 latera
1496 2098 1681 2133 lransadigeut
1701 2098 1798 2126 ferreis

1004 2144 1131 2177 utrinque
1149 2143 1252 2170 lanceis
1268 2142 1421 2178 Aithiopcs.

1230 2200 1269 2227 De
1283 2201 1440 2229 dormitione
1459 2201 1586 2237 Virginis.

1043 2255 1182 2292 Mysticam
1198 2256 1337 2284 hominum
1353 2257 1536 2291 frequentiam
1566 2258 1798 2292 intueor;Maria,

1010 2301 1072 2330 Jesn
1087 2302 1186 2335 Mater,
1200 2303 1318 2330 animam
1335 2303 1457 2335 exhalat,
1472 2312 1552 2339 quam
1571 2305 1710 2339 corporeis
1723 2304 1798 2331 solu-

1011 2353 1063 2375 tam
1073 2348 1168 2375 viuclis
1178 2347 1246 2376 Deus
1258 2349 1359 2384 excipit
1369 2357 1376 2382 ;
1386 2349 1497 2384 jamque
1508 2356 1594 2381 novae,
1607 2349 1704 2383 quibus
1714 2349 1797 2376 advo—

1009 2393 1075 2426 lent,
1086 2393 1185 2429 pluma:
1199 2395 1328 2429 apostolis
1341 2401 1517 2423 enascuntur.
1736 2397 1739 2400 ”

1336 2451 1371 2480 In
1393 2452 1472 2480 idem.

1044 2499 1130 2526 Pedes
1159 2499 1317 2532 incedebas,
1345 2498 1437 2532 Petre,
1461 2505 1489 2526 ut
1511 2500 1556 2534 qui
1577 2504 1723 2533 terrenus;
1739 2499 1803 2533 quis

1010 2549 1054 2572 eat
1069 2545 1197 2572 inﬁcias?
1224 2545 1307 2572 nihilo
1324 2549 1414 2573 tatnen
1437 2546 1526 2573 secius
1548 2546 1662 2580 pedibus
1689 2553 1801 2580 aequora

1009 2590 1122 2618 tranasli
1140 2592 1210 2626 (visu
1227 2591 1373 2626 mirabile),
1389 2599 1461 2620 nunc
1475 2597 1502 2620 et
1517 2599 1618 2625 aerem,
1628 2591 1727 2619 almum
1739 2592 1802 2618 vita:

1009 2636 1178 2670 largitorem,
1197 2631 1362 2671 transvolas',
1379 2637 1450 2665 intra
1460 2645 1562 2673 paucos
1579 2637 1688 2665 tandem
1703 2636 1762 2664 dies
1773 2636 1802 2664 iu

1009 2681 1105 2711 coalum
1116 2683 1203 2717 ipsum
1219 2683 1316 2711 iturus.

962 2835 1002 2842 -ι
