1936 3086
137 169 207 202 1209

541 172 804 203 TETHASTICUA
826 173 865 204 ΙΝ
886 173 1022 206 NOVUM
1040 176 1340 208 'l‘Eb'l'AMENTUM.

1698 177 1765 208 1910

628 327 867 374 ΠΡΑΞΕΙΣ
898 332 1258 375 ΑΠΟΣΤΟΛΩΝ.

541 481 757 526 ACTUS
795 481 1348 530 APOSTOLORUM.

338 630 390 663 Εἰς
405 630 463 664 τὴν
489 632 715 666 Πεντηκοστήγ.

132 674 291 710 Περιστερὰ
306 675 334 701 τὸ
353 676 466 710 Πνεῦμα
478 677 515 712 τῷ
529 677 694 713 διδασκάλῳ,

132 721 261 748 Γλῶσσαι
277 722 364 757 πυρὸς
379 722 409 748 τὸ
423 723 535 758 Πνεῦμα
547 725 603 755 τοῖς
618 724 788 757 ἀποστόλοις·

131 768 306 803 Κατέρχεται
317 771 370 803 γάρ
384 769 425 801 εἰς
438 769 580 804 ὑπηρέτας
592 770 690 804 Λόγου,

132 814 188 840 Καὶ
202 813 369 849 συμφλέγειν
384 814 530 849 μέλλοντας
549 815 665 843 εἰδώλων
680 817 794 853 πλάνην,

425 862 477 895 Εὶς
492 862 524 889 τὸ
540 863 624 889 αὐτό.

131 906 236 942 Πέρσαι
259 907 459 943 πυρσολάτραι,
476 908 562 943 πυρὸς
577 908 657 935 ἄλλου
670 909 761 936 τίσατε
776 910 866 944 φύσιν,

134 953 168 979 Ὃ
184 953 238 988 πρὸ
251 953 295 980 διὰ
305 954 449 989 στομάτων
470 954 625 989 ὑποφήταις
638 954 728 990 ἐρχετ¹
751 955 849 990 Ἰησοῦ,

131 998 243 1030 Times,
259 1000 330 1034 ὄφρα
345 1000 413 1034 φάος
431 1000 498 1035 μηδὲ
515 1000 605 1034 φλόγα
625 1000 702 1027 ἐνθεν
716 1001 820 1036 ἄροιτε,

130 1045 286 1076 Δυσσεϐέας
307 1046 477 1080 πρήοουσαν,
494 1046 664 1082 άγρώστιδος
675 1046 741 1082 ἠΰτε
757 1047 864 1082 χόρτον.

166 1091 219 1124 Εις
256 1093 392 1119 Ματθίαν
419 1092 473 1119 τὸν
504 1092 603 1120 Ἰούδα
626 1094 719 1120 τόπον
746 1093 884 1129 ἀναπλη-

458 1138 584 1173 ροῦντα.

138 1182 249 1217 Ἰοῦστε,
263 1184 311 1211 καὶ
326 1183 358 1210 σὺ
374 1183 466 1217 καλὸς,
481 1185 563 1211 άλλ’ό
574 1185 701 1217 Ματθίας

130 1229 184 1257 Τὸν
203 1230 304 1257 κύκλον
315 1230 460 1266 ἐπλήρωσε
476 1230 531 1257 τῶν
543 1231 713 1258 ἀποστόλων·

130 1276 187 1311 Τὴν
200 1276 280 1309 ἀξίαν
295 1277 350 1313 γὰρ
362 1277 498 1313 λαμϐάνει
511 1278 559 1305 καὶ
571 1278 621 1314 τὴν
636 1278 716 1314 χάριν

130 1322 193 1357 ’Δφ’
207 1320 240 1359 ἦς
254 1323 356 1355 Ἰούδας
368 1324 493 1359 ἀφρόνως
506 1324 662 1360 άπερῤάγη.

423 1370 477 1402 Ε’ῑς
493 1370 528 1396 τὸ
543 1371 629 1398 αὐτό.

128 1416 268 1447 Momm;
285 1415 428 1451 παλάμῃσι
442 1416 614 1451 τροπάσκετο
627 1416 706 1444 ἔθνεα
720 1418 815 1451 πάλαι,

129 1462 186 1489 Νῦν
200 1461 228 1488 δὲ
242 1462 346 1498 Πέτρου
362 1461 504 1497 παλάμῃσι
528 1462 653 1494 Θεουδέος
669 1463 758 1490 ἕλκετ’
771 1464 878 1491 ἄνωθεν

131 1506 246 1542 Πνεῦμα
263 1508 350 1542 μέγας
366 1506 546 1542 Παράκλητος
573 1506 618 1533 ἐπ’
641 1507 807 1544 ἀνδρομέῃσι
831 1518 920 1544 κεφα-

861 1556 918 1580 λῆς·

114 1582 252 1628 ’Ματθίου
269 1599 342 1634 ἀμφὶ
353 1598 476 1634 κόρυμϐα
495 1598 579 1634 κόρας
598 1598 692 1634 βαλεῖ»⁹
713 1599 751 1631 ὡς
767 1608 798 1626 κε
814 1553 918 1636 «Salii;

283 1647 336 1678 Εἰς
359 1645 417 1680 τὴν
437 1645 612 1679 κατήχησιν
635 1645 762 1679 Πέτρου.

129 1692 233 1727 Πέτρος
246 1693 370 1727 κατηχεῖ,
385 1692 434 1719 καὶ
449 1691 490 1724 τίς
500 1691 617 1727 ἀπειθὴς
633 1691 706 1726 μένει
720 1701 728 1725 ;

378 1770 418 1798 De
430 1770 472 1797 die
488 1769 667 1798 Pentecostes.

170 1817 302 1845 Columba
320 1816 431 1844 Christo
458 1816 590 1851 magistro
609 1815 782 1844 advenientis
799 1815 918 1850 Spiritus

130 1863 282 1898 symbolum
296 1863 359 1895 fuit,
381 1862 513 1897 apostolis
527 1869 591 1890 vero
610 1862 696 1896 ignea:
711 1861 813 1897 lingua:
829 1861 916 1897 Spiri-

131 1914 186 1936 tum
199 1913 324 1935 sanctum
335 1909 535 1942 demonstrant,
552 1908 636 1942 quiin
652 1908 732 1935 Verbi
749 1908 890 1936 ministros
903 1915 919 1935 e

129 1955 199 1984 coelo
211 1954 359 1987 desecndit,
373 1953 520 1989 apostolos,
533 1955 653 1989 inquam,
667 1954 798 1982 idolorum
809 1961 918 1983 concre-

130 2007 250 2029 maturos
261 2008 393 2028 errorem.

453 2045 486 2073 In
502 2046 581 2074 idem.

165 2094 217 2127 Qui
231 2093 353 2120 ﬂammas
369 2093 497 2126 adoratis,
509 2100 525 2119 ο
538 2092 637 2125 Persae,
655 2091 736 2119 alium
759 2092 847 2127 ignem
870 2099 918 2119 co-

130 2141 174 2168 lite
205 2140 250 2174 qui
270 2147 319 2175 per
349 2139 528 2173 interpretum
546 2138 650 2166 Christi
666 2145 714 2165 ora
732 2138 915 2173 progreditur,

130 2187 222 2219 colite,
239 2190 268 2212 ut
284 2185 347 2212 inde
364 2184 466 2218 lumen,
495 2191 548 2211 non
567 2184 717 2211 candentes
745 2191 846 2218 prunas
873 2192 918 2211 re-

131 2230 254 2265 portetis,
279 2235 339 2263 quae
369 2227 477 2263 impios,
503 2227 635 2262 graminis
662 2227 748 2254 instar
774 2231 821 2254 aut
849 2227 915 2260 feni,

130 2276 302 2303 comburunt.

255 2330 292 2357 De
309 2329 413 2357 Mat/ria
427 2330 454 2356 in
470 2328 553 2356 Judtv
569 2329 655 2355 locum
672 2327 793 2362 suﬂ'eclo.

162 2376 354 2404 Sanctimoniaz
371 2376 468 2403 merito
477 2375 592 2403 celebris
602 2382 674 2407 eras,
690 2382 706 2402 ο
719 2374 792 2408 juste
806 2371 917 2408 Ioseph,

130 2421 243 2450 Mathias
261 2426 351 2449 tamen
380 2421 565 2456 apostolorum
584 2428 729 2449 numerum
757 2420 915 2454 supplevit;

130 2473 239 2502 accepta
269 2468 398 2503 dignitate
425 2472 452 2495 et
466 2467 562 2502 gratia,
579 2475 593 2494 τι
608 2475 660 2503 qua
668 2467 752 2495 .lndas
766 2474 815 2501 per
826 2467 918 2494 incorr-

130 2513 225 2541 sultam
243 2515 423 2541 temeritatem
440 2513 588 2540 deciderat.

458 2565 492 2594 In
509 2566 588 2593 idem.

167 2612 267 2641 Gentes
280 2613 344 2641 olim
360 2612 444 2640 Mosis
473 2612 598 2639 manibus
616 2611 642 2638 in
657 2611 747 2646 fugam
763 2610 915 2643 dabantur;

943 635 962 665 Α
979 633 1083 667 Πέτρος
1097 633 1228 665 διδάσκει.
1244 634 1292 661 καὶ
1307 635 1349 666 τίς
1360 635 1389 661 οὐ
1406 635 1503 670 τρέμει
1520 637 1620 669 κλύων,

977 678 1029 704 Τοῦ
1048 679 1205 713 Πνεύματος
1219 680 1364 712 λαλοῦντος
1382 683 1410 707 ἐν
1424 682 1536 718 γλώσσῃ
1556 684 1681 718 Πέτρου;

977 725 1009 750 Ὢ
1025 724 1135 759 γλῶσσα
1158 727 1256 762 σεπτὴ,
1271 727 1326 762 πῦρ
1340 727 1431 760 λαλεῖς
1449 737 1478 755 τε
1499 730 1546 756 καὶ
1572 731 1674 762 πνέεις.

1270 785 1324 816 Εἰς
1345 784 1379 811 τὸ
1396 785 1481 812 αὑτό.

973 828 1076 863 Πέτρος
1091 828 1128 855 ὅδ’
1143 829 1322 864 άτρεκέεσσιν
1339 830 1392 857 ὑπὸ
1408 831 1577 866 στομάτεσσι
1602 832 1726 859 διδάσκει

972 874 1102 909 Χριστὸν,
1116 874 1195 910 ἄθρει
1209 875 1231 901 δ’
1252 875 1363 911 ἀΐδηλον
1377 877 1431 903 ἀπὺ
1450 876 1548 911 φλόγα,
1575 877 1671 913 λῷστε,
1691 879 1765 906 κιοῦ-

1715 935 1729 951 σ

1715 935 1729 951 σ

971 966 1113 1002 Γλώσσης,
1129 967 1146 1002 ἥ
1165 976 1210 1002 μιν
1223 968 1336 1003 άνήνατ*
1347 969 1394 996 ἐπὶ
1410 971 1537 1005 σταυροῖο
1554 970 1672 1006 βεϐῶτα.
1702 924 1711 961 ῐ
1732 935 1764 952 αν

971 1011 1093 1038 Κέκλυτε
1109 1012 1193 1039 τῶνδε
1207 1013 1294 1048 λόγων
1315 1014 1420 1051 άλιῆος,
1437 1016 1553 1043 κέκλυτε
1579 1018 1694 1048 πάντες.

1005 1068 1061 1102 Εἷς
1073 1069 1128 1096 τὸν
1144 1070 1204 1098 ὑπὸ
1228 1071 1342 1106 Πέτρου
1366 1073 1416 1100 καὶ
1444 1073 1585 1102 Ἰωάννου
1611 1075 1729 1102 ὶαθέντα

1317 1119 1427 1152 χωλόν.

970 1160 1059 1192 Χωλὲ,
1075 1161 1228 1197 προσαὶτει,
1239 1163 1342 1199 Πέτρος
1361 1164 1447 1198 ἐγγύς
1459 1165 1519 1192 ἐστι
1533 1173 1590 1192 σου·

976 1208 1122 1243 ’Ἀργύριον
1137 1209 1187 1244 μὲν
1204 1210 1234 1236 οὐ
1249 1210 1346 1246 λάϐῃς,
1361 1211 1376 1247 ἢ
1397 1213 1533 1247 χρυσίονά

977 1253 1146 1289 Ἀνάργυρον
1161 1254 1189 1280 δὲ
1207 1254 1255 1291 τὴν
1272 1255 1396 1291 ἰατρείαν
1407 1257 1505 1293 λάϐῃς·

939 1307 961 1336 Β
976 1299 1054 1335 Λόγῳ
1071 1300 1125 1336 γὰρ
1142 1301 1205 1336 ἄρτι
1221 1301 1307 1328 σῶσαι
1324 1302 1405 1334 δείξει
1420 1304 1467 1330 καὶ
1481 1303 1566 1338 μόνῳ.

1262 1359 1315 1394 Εἰς
1333 1361 1364 1388 τὸ
1392 1363 1477 1390 αὑτό.

971 1405 1065 1438 Χωλδς
1080 1406 1150 1443 ἀνὴρ
1165 1406 1216 1434 ἀνὰ
1232 1407 1316 1442 σηκὸν
1328 1407 1457 1444 ἐϐήσατο,
1469 1410 1501 1436 ἑκ
1517 1409 1540 1436 δ’
1555 1409 1609 1444 ἄρα
1626 1410 1710 1445 σηκοῦ

978 1450 1105 1486 ’Λρτίπος
1117 1451 1195 1487 ἦλθε·
1209 1453 1312 1488 Πέτρος
1327 1455 1382 1488 γὰρ
1397 1454 1526 1481 ἐκέκλετο
1543 1455 1611 1490 ὀρθὰ
1627 1455 1759 1490 βαδίζειν·

972 1495 1055 1532 ’Δτάρ
1068 1497 1220 1533 ἀτασθαλίῃ
1235 1499 1433 1534 κακομήχανος
1449 1500 1607 1536 άρχιερήων

973 1541 1017 1569 Ἐν
1035 1543 1135 1578 κραδίῃ
1158 1543 1291 1579 χώλευσε,
1304 1545 1352 1571 καὶ
1371 1545 1476 1580 ἐμπαλι
1493 1545 1626 1582 βήσατο-ξ·
1637 1548 1736 1582 χωλοῦ.

1057 1599 1110 1633 Εἰς
1125 1600 1161 1627 τὰ
1177 1601 1255 1628 κατὰ
1269 1600 1411 1628 Ἀνανίαν
1423 1601 1472 1629 καὶ
1494 1602 1677 1637 Σάπφειραν.

970 1645 1004 1672 Ti
1019 1645 1122 1679 ταῦτα;
1140 1646 1237 1682 Πέτρε,
1256 1647 1379 1678 θανατοίς
1391 1648 1517 1675 Ἀνανίαν

973 1692 1063 1725 Ἀπαξ
1078 1692 1293 1728 ἁμαρτήσαντας
1318 1693 1373 1720 Καὶ
1387 1693 1441 1728 μὴν
1460 1694 1510 1730 οὺχ
1521 1693 1607 1726 ἅπαξ,

970 1774 1097 1802 sereret?
1115 1773 1227 1802 docente
1246 1773 1340 1808 Petro,
1358 1774 1418 1810 quis
1431 1775 1474 1803 vel
1485 1776 1622 1804 auditione
1637 1784 1689 1803 non
1706 1781 1761 1804 trc-

969 1820 1031 1853 mit,
1047 1827 1108 1847 eum
1132 1820 1192 1856 ejus
1215 1821 1361 1856 eloquatur
1376 1821 1469 1856 lingua
1486 1822 1607 1856 Spiritus
1624 1824 1760 1850 sanctus?

970 1865 992 1894 0
1008 1867 1160 1895 veneranda
1185 1866 1296 1901 linguai
1322 1867 1415 1903 ignem
1448 1867 1591 1902 loqueris,
1621 1873 1648 1895 et
1670 1868 1758 1903 ignem

972 1913 1104 1947 inspires.

1299 1959 1330 1986 In
1357 1959 1438 1986 idem.

1009 2007 1049 2035 En
1067 2007 1126 2042 ipse
1139 2006 1239 2034 Petrus
1252 2012 1301 2033 ore
1311 2005 1448 2040 intrepido
1462 2005 1562 2033 Christi
1576 2005 1654 2033 fidem
1669 2006 1758 2039 docet;

970 2054 1127 2087 considera,
1142 2054 1185 2080 vir
1202 2054 1285 2086 bone,
1311 2052 1542 2087 perstringentem
1561 2052 1655 2080 oculos
1682 2051 1759 2079 ﬂam-

970 2108 1042 2127 mam
1061 2106 1076 2126 e
1094 2099 1184 2133 lingua
1209 2098 1405 2133 prosilientem,
1426 2106 1486 2133 qua:
1512 2100 1598 2133 ipsum
1623 2098 1657 2125 de
1688 2097 1759 2131 ligno

972 2146 1133 2180 pendentem
1149 2149 1297 2180 negaverat
1314 2152 1321 2171 :
1339 2144 1485 2179 piscatoris
1501 2146 1592 2172 audite
1607 2151 1758 2176 sermones,

969 2200 1063 2220 omnes
1078 2191 1239 2219 auscultate.
1287 2206 1302 2213 κ

1052 2237 1084 2264 1η
1095 2237 1221 2264 claudum
1239 2245 1255 2263 α
1269 2235 1351 2264 Petro
1379 2240 1404 2263 et
1419 2235 1524 2262 Joanne
1540 2239 1674 2262 sanatum.

1005 2283 1110 2318 Stipem
1133 2289 1214 2318 pete,
1236 2283 1357 2318 loripes,
1385 2283 1431 2309 tibi
1456 2287 1556 2317 prmsto
1572 2286 1613 2308 est
1639 2281 1756 2314 Petrus;

968 2333 1110 2366 argentum
1138 2330 1247 2365 quidem
1272 2333 1320 2356 aut
1335 2336 1430 2355 aurum
1449 2336 1502 2355 nou
1518 2335 1547 2354 es
1575 2332 1735 2361 accepturus
1748 2347 1757 2361 ,

969 2378 1016 2404 sed
1042 2376 1114 2404 nullo
1139 2376 1307 2410 redemptam
1336 2378 1449 2410 argento
1474 2373 1657 2406 medicinam;
1685 2381 1757 2401 nunc

969 2423 1042 2450 enim
1064 2422 1237 2450 manifestum
1261 2421 1343 2448 faciet
1370 2427 1400 2448 se
1434 2419 1478 2448 vel
1497 2420 1555 2447 solo
1581 2427 1660 2454 posse
1675 2420 1757 2447 verbo

968 2468 1076 2496 sanare.

1196 2546 1199 2550 γ
1244 2525 1247 2530 λ
1299 2514 1330 2542 In
1344 2514 1422 2542 idem.

1002 2559 1089 2587 llomo
1105 2559 1218 2588 claudus
1235 2559 1260 2587 in
1278 2561 1406 2594 templum
1433 2560 1585 2594 ingressus,
1612 2566 1627 2587 e
1656 2558 1756 2593 templo

968 2605 1081 2641 pedibus
1098 2605 1190 2633 valens
1204 2614 1343 2641 regressus
1359 2609 1411 2637 est,
1428 2613 1490 2633 nam
1508 2613 1570 2633 eum
1587 2604 1685 2633 Petrus
1713 2613 1757 2633 re-

132 2660 203 2686 n‘uuc
221 2663 311 2686 autem
329 2658 448 2693 religiosi
462 2656 535 2685 Petri
558 2656 683 2684 manibus
696 2656 805 2683 caelitus
821 2661 912 2683 extra—
927 2655 954 2686 Ι)
967 2655 1038 2679 ctum
1065 2651 1104 2678 ire
1124 2651 1253 2686 iusserat,
1276 2652 1322 2679 sed
1335 2651 1369 2679 ad
1382 2651 1482 2678 malum
1503 2651 1645 2687 ingeniosa
1665 2659 1757 2679 sacer-

131 2705 204 2732 hitur
231 2704 259 2731 in
286 2704 426 2732 hominum
455 2703 576 2731 cervices
614 2710 728 2737 magnus
756 2702 916 2730 consolator

131 2744 271 2786 Spiritus;
292 2751 319 2778 in
339 2749 445 2778 Mathiee
461 2750 589 2778 verticem
602 2749 697 2777 oculos
711 2749 830 2782 intende,
861 2756 915 2784 quo

131 2797 275 2826 resciscas.

375 2844 408 2872 In
420 2843 492 2870 Petri
507 2842 669 2870 catechesim.

165 2891 277 2920 Dicente
292 2891 384 2927 Petro,
400 2891 460 2926 quis
474 2889 672 2918 contumaciter
687 2889 841 2917 incredulus
857 2896 917 2923 per-

968 2698 1061 2727 dotum
1076 2699 1204 2733 pravitas,
1222 2699 1313 2726 animo
1325 2698 1548 2730 elaudieantiurn,
1567 2703 1660 2724 contra
1673 2705 1754 2732 quam

969 2745 1022 2773 iret
1034 2745 1078 2772 hic
1093 2744 1217 2779 claudus,
1236 2744 1400 2772 ambulabat.

1007 2797 1100 2830 Deiis,
1126 2805 1186 2832 quw
1209 2797 1321 2824 Anam'a:
1351 2801 1374 2824 et
1391 2796 1530 2832 Sapphirw
1553 2798 1718 2825 acciderunt.

1008 2844 1077 2878 Quid
1090 2844 1188 2877 isthuc,
1204 2843 1304 2883 l’etre?
1321 2844 1455 2871 Anauiam
1471 2849 1558 2872 morte
1572 2845 1682 2877 multas,
1709 2846 1756 2879 qui

973 2889 1055 2918 semel
1067 2889 1238 2918 oll'enderat?
1254 2888 1300 2918 Nae
1318 2896 1372 2918 non
1391 2893 1493 2918 tantum
1510 2890 1604 2926 semel,
1630 2891 1676 2919 sed
1696 2891 1759 2919 inti-
