1936 3086
181 149 247 182 1211

181 206 340 242 ’Δπειράκις
360 205 388 232 δὲ
404 203 561 239 συμπαθεῖν
577 203 750 238 έπετράπης.

181 252 244 286 Ναὶ,
261 252 308 278 τοῦ
328 250 412 277 κακοῦ
425 250 453 276 δὲ
470 250 519 285 τὴν
533 250 662 284 ἀπαρχὴν
679 247 786 276 κωλύω,

465 298 519 329 Εἰς
534 296 566 323 τὸ
582 296 667 322 αὐτό.

779 144 979 176 THEODORI
1000 142 1202 174 PRODROMI

978 205 1000 233 Α
1017 201 1135 236 Χριστὸν
1155 200 1177 226 δ’
1197 200 1246 226 οὐκ
1261 199 1294 226 ἂν
1310 198 1399 231 ἔλυσε,
1425 197 1509 232 μόρου
1524 193 1720 230 δ’,ἀνεσώσκτο
1742 194 1820 227 Χρι-

1744 134 1828 167 1212

1739 240 1821 276 [τός.

1020 292 1183 324 Δυσσεὸέες,
1196 291 1340 327 πείσθητε·
1357 290 1462 325 νεκρῶν
1475 288 1529 324 γὰρ
1547 286 1678 322 dmi-5792's”
1691 286 1823 321 Ἰησοῦς-

185 343 326 378 Ἀννανίην
361 341 419 368 ποτ’
451 342 553 376 ἔπεφνε
595 341 702 375 Πέτρου
739 339 817 373 λόγος
831 337 967 383 ’,οὕνεκα
1020 350 1073 383 Εἷς
1088 349 1145 383 τὴν
1171 349 1353 383 συμϐουλὴν
1371 347 1542 382 ramum,
1563 346 1605 372 ὅτι
1623 344 1670 371 δεῖ
1686 344 1730 379 μὴ
1757 352 1821 370 κω

847 382 970 419 [Πνεῦμα

181 431 308 458 Ψεύσατο
327 431 523 466 παμμεδέοντα
537 430 658 464 βασιλέα,
671 431 720 466 τῆς
738 430 766 457 δέ
781 438 827 456 κεν
842 428 916 462 ὠνῆς

181 477 288 512 κλέψεν
307 477 358 504 ἑῶν
377 477 510 507 κτεάνων,
530 477 584 503 ἀπὸ
594 477 617 503 δ’
642 477 730 503 εἵλετο
742 477 839 511 μοῖραν
855 474 970 501 ἐκεῖθεν.

181 523 347 556 Ψευδολόγοι
359 523 532 557 τρομέωμεν·
544 523 558 548 6
577 523 631 557 γὰρ
641 523 725 554 τόπος
739 521 835 556 ἐγγύθι
852 523 952 547 κ;ἰται.

216 570 268 602 Εις
281 568 352 601 τοὺς
383 568 443 595 ὑπὸ
472 568 528 602 τῆς
543 567 632 602 σκιᾶς
648 569 760 602 Πέτρου
776 568 931 603 ἰωμένους.

182 616 232 643 ’Λν
251 614 314 641 σκιά
329 615 433 648 Πέτρου
451 615 501 645 τὰς
514 615 608 646 νόσους
622 615 706 650 ἄρδην
719 614 781 650 λύῃ,

180 660 215 687 Ti
230 660 324 686 λοιπὸν
338 659 488 694 ἐργάσαιτο
504 660 630 694 ταύτας-ς
647 660 708 686 εἱπέ
720 667 778 696 μοι’

187 706 219 734 '0
234 705 339 741 Πέτρος
354 706 448 740 αὐτὸς,
462 706 510 733 καὶ
524 706 555 733 τὸ
568 706 616 734 τοῦ
636 706 742 742 Πέτρου
764 706 852 741 στόμα
868 714 876 739 ;

181 753 295 784 Πάντως
311 751 393 778 πλέον
405 752 458 788 σχῇ
476 753 525 788 τῆς
543 752 649 788 Πέτρον
666 752 747 784 σκιᾶς
763 751 879 786 Πέτρος.

472 810 526 843 Εις
540 809 575 836 τό
591 809 678 837 αὐτό.

186 857 221 885 Ἦ
237 857 301 885 σκιὰ
315 858 366 886 οὐκ
378 857 521 894 ἀτρέκεια.
537 857 641 892 Πέτρου
660 856 688 883 δέ
699 864 729 883 τε
745 855 793 882 καὶ
806 854 869 882 σκιὰ
883 854 953 890 αὐτή

181 904 339 939 ’Δτρεκέως
354 904 498 934 νοσέοντας
511 903 619 939 ἰήσατο,
633 901 728 936 θαῦμα
747 901 861 928 ἰδέσθαι·

183 951 262 981 Tolch
279 951 433 983 ὲπισκιάοις
448 958 494 984 με,
508 949 666 984 μακάρτατε
683 948 782 984 Πέτρε,
797 947 937 980 νοσεῦντα,

184 996 261 1032 Μηδέ
275 1005 305 1023 τε
316 998 388 1029 τοῖος
403 997 461 1032 έης,
477 995 532 1029 οἷός
552 1004 617 1022 ποτε
631 996 699 1030 ἀμφ’
718 995 853 1030 Ἀνανιην.

184 1053 237 1086 Et:
252 1052 310 1087 τὴν
322 1052 468 1088 φυλακὴν
490 1053 616 1114 Harpen,
632 1051 682 1079 καὶ
702 1051 761 1086 τὴν
779 1052 831 1080 ὑπ’
845 1051 974 1087 ἀγγέλου

542 1095 623 1114 υσιν.

542 1095 623 1115 υσιν.

188 1135 220 1161 '0
238 1134 352 1166 δυνατὸς
362 1134 397 1160 τὰ
410 1135 500 1161 πάντα
513 1134 624 1168 δεσμεῖν
641 1133 687 1160 καὶ
699 1133 774 1160 λύειν

183 1180 353 1215 Δεσμεύεται
366 1178 425 1211 νῦν,
443 1180 491 1206 καὶ
503 1179 702 1214 καθειργνυται
720 1179 835 1214 Πέτρος·

185 1226 258 1252 ‘AD.’
274 1225 390 1260 ἄγγελος
406 1227 441 1252 τὰ
457 1225 580 1260 κλεῖθρα,
593 1225 628 1251 τὰ
643 1225 720 1251 κλοιὰ
734 1225 849 1258 κλάσας,

191 1271 320 1299 Ἐωοινὺν
340 1273 449 1306 κήρυκα
467 1271 574 1304 πέμπει
588 1272 644 1302 τοὶς
662 1271 763 1306 όχλοις.

475 1317 527 1350 Εἰς
542 1318 575 1344 τὸ
596 1318 681 1344 αὑτό.

187 1361 304 1397 Εῐρεατε
319 1362 423 1397 Πέτρον
441 1363 523 1397 ὖμες,
539 1363 656 1398 Χριστὸς
673 1363 695 1390 6'
710 1363 836 1397 ἁπέλυσ”,
856 1364 958 1399 ἱερῆες,

186 1408 305 1443 Χριστὸς
334 1408 438 1443 Πέτρον
467 1408 560 1441 ἔλυσε,
586 1410 634 1436 καὶ
665 1409 779 1444 ἀμῖςαδὰ
799 1410 890 1446 πέμπε
908 1411 981 1438 διδά-

883 1456 982 1494 [σκεινδ

189 1533 243 1561 ties
266 1533 372 1561 veniam
400 1541 494 1569 iussus
522 1541 552 1562 es
569 1535 784 1563 misericorditer
815 1536 975 1571 indulgere:

188 1586 283 1607 verum
299 1579 325 1607 id
337 1579 446 1614 quidem
461 1584 513 1614 est,
530 1581 577 1608 sed
593 1581 655 1608 mali
669 1582 807 1616 primitias
822 1588 976 1610 anteverto.

525 1637 557 1666 In
581 1638 661 1666 idem.

226 1683 302 1712 Petri
315 1683 466 1719 increpatio
476 1685 614 1720 quondam
630 1686 742 1713 Anauim
766 1692 884 1715 mortem
907 1686 980 1714 iutu-

189 1730 232 1763 lit,
249 1731 321 1765 quod
336 1730 449 1765 Spiritui
473 1731 526 1759 late
543 1733 681 1767 regnantis
708 1733 755 1760 Dei
781 1734 922 1766 mentitus,
948 1734 980 1761 de

187 1777 278 1811 pretio
295 1776 455 1804 facultatum
469 1784 591 1810 suarum,
605 1783 684 1812 parte
706 1779 768 1806 inde
781 1779 882 1811 ablata,
897 1778 981 1806 sulfu-

189 1827 267 1849 rstus
279 1821 377 1850 fuerat.
391 1822 446 1850 Nos
462 1822 665 1851 mendaciorum
679 1829 829 1852 tremamus
846 1824 980 1853 artifices:

190 1867 242 1896 hoc
261 1869 335 1895 enim
353 1869 433 1896 nobis
446 1870 616 1904 propositum
630 1875 673 1897 est
689 1870 839 1905 exemplar.

306 1926 345 1953 De
359 1927 392 1954 iis
409 1927 456 1961 qui
470 1926 544 1954 Petri
557 1927 651 1955 umbra
671 1930 757 1955 sanati
774 1933 847 1957 sunt.

227 1982 256 2010 Si
275 1981 348 2010 Petri
366 1982 461 2010 umbra
476 1990 574 2011 omnes
593 1991 705 2019 prorsus
733 1985 909 2019 egritudines
926 1986 982 2014 dis-

187 2029 284 2060 cussit.
298 2029 362 2063 quid
378 2029 405 2056 in
420 2035 467 2057 eas
481 2030 514 2058 de
529 2034 629 2060 caetero
643 2030 768 2060 facturus
786 2038 838 2065 est,
855 2033 921 2061 mihi
943 2033 982 2062 lo-

187 2081 283 2109 quere.
311 2074 407 2102 Petrus
431 2075 500 2111 ipse,
530 2081 558 2104 et
586 2076 645 2112 ejus
669 2079 726 2105 oris
740 2078 902 2112 imperium?
917 2078 982 2106 Plus

188 2120 301 2147 omnino
310 2119 511 2156 Petrus,quam
526 2121 600 2149 Petri
610 2122 704 2151 umbra
722 2123 851 2158 consequi
868 2123 980 2159 poterit.

515 2174 548 2203 In
563 2177 644 2204 idem.

228 2218 329 2248 Umbra
343 2227 396 2247 non
411 2224 452 2248 est
464 2221 575 2255 veritas;
592 2226 681 2251 tanien
697 2222 739 2250 vel
755 2222 812 2252 sola
825 2223 899 2251 Petri
916 2231 975 2252 um-

190 2266 238 2292 bra
266 2266 338 2295 (visu
368 2266 503 2300 mirabile)
535 2267 607 2295 male
633 2267 746 2295 affectos
775 2276 838 2296 vere
863 2269 978 2296 curavit.

192 2311 266 2339 Talis
283 2319 325 2339 me
344 2312 492 2340 invalidum
508 2313 657 2347 inumbres,
674 2321 690 2341 o
704 2314 858 2342 beatissime
883 2314 980 2347 Petro;

191 2366 241 2386 nec
257 2359 484 2394 quemadmodum
511 2360 576 2388 olim
602 2361 629 2388 in
657 2360 802 2395 Ananiam,
821 2361 862 2389 sic
887 2361 915 2389 in
939 2369 983 2390 me

189 2412 270 2435 GEYIO
274 2413 298 2433 So

293 2462 331 2490 De
347 2461 424 2490 Petri
437 2463 569 2495 custodia,
585 2463 692 2498 ejusque
710 2463 875 2493 liberatione.

226 2518 314 2547 Penes
335 2520 528 2555 quem‘ligare
552 2521 643 2548 omnia
666 2521 748 2548 situm
764 2526 817 2556 est,
833 2531 938 2552 necnon
957 2531 984 2553 et

191 2565 308 2599 solvere,
326 2566 445 2594 vincitur
470 2574 543 2594 nunc
567 2566 664 2595 Petrus
691 2574 724 2595 ac
754 2569 891 2597 detinetur
912 2579 919 2597 :
937 2571 984 2598 sed

191 2620 255 2640 eum
271 2613 394 2648 angelus,
413 2613 536 2642 vectibus
564 2620 596 2641 ac
611 2613 736 2642 numellis
751 2614 906 2650 perfractis,
924 2625 984 2646 ma-

193 2659 311 2687 tutinum
326 2659 492 2687 multitudini
507 2667 661 2695 praeconem
677 2660 770 2688 mittit.

535 2716 568 2745 In
580 2717 660 2746 idem.

228 2774 284 2803 Vos
309 2774 419 2804 Petrum
447 2774 631 2808 conclusistis,
657 2776 833 2810 sacerdotes;
856 2775 983 2805 Christus

192 2819 305 2854 eripuit,
318 2825 346 2849 et
357 2825 491 2856 ereptum.
507 2820 649 2857 propalam
661 2826 691 2850 ut
705 2822 825 2855 doceret,
841 2822 984 2859 allegavit;

191 2865 308 2902 ipsemet
329 2873 394 2896 vero
417 2866 545 2896 Christus
568 2875 623 2896 non
650 2867 787 2906 seipsum‘
800 2868 916 2904 vinclis,
934 2870 983 2899 sed

1268 385 1355 411 λύειν
1367 384 1399 409 τὸ
1415 383 1563 416 κήρυγμα.

1025 444 1122 478 Ἀφες,
1139 443 1258 478 πονηρὲ,
1274 442 1337 472 τοὺς
1350 440 1518 471 ἀποστόλους
1530 439 1630 473 λέγειν.

1023 489 1149 520 Γλώσσας
1164 490 1252 523 πυρὸς
1267 489 1381 524 φέρουσι
1395 496 1402 502 ·
1419 486 1524 522 φρίξονι
1541 486 1677 521 ἐφρύγης·

1023 536 1085 570 Θεῷ
1103 536 1158 570 γὰρ
1171 535 1221 561 οὐκ
1235 534 1268 561 ἃν
1279 533 1457 569 ἀντιπράξειν
1475 531 1600 567 ἰσχύσῃς,

1029 583 1059 610 'U
1075 582 1119 614 σὸς
1131 580 1274 616 Γαμαλιήλ
1291 588 1320 606 σε
1336 579 1455 606 πειθέτω
1469 579 1569 612 λέγων.

1313 632 1365 665 Εις
1387 632 1420 659 τὸ
1436 632 1521 659 αὐτό.

1027 682 1078 714 Τίς
1095 680 1160 708 ποθ’
1172 681 1186 707 ό
1197 680 1411 715 πρεσϐυτέροισι
1428 677 1515 713 καλὴν
1531 676 1666 713 ἁρτύνατο
1679 675 1782 711 βουλὴν

1032 727 1142 760 Ἐσολδς
1154 728 1235 763 ἀνὴρ,
1254 725 1376 762 μεθέμεν
1393 725 1566 760 θεοκήρυκας
1581 723 1639 759 δρθ⁹
1649 721 1798 758 ἀγορεῦειν
1814 730 1823 754 ;

1026 774 1104 809 Μηδὲ
1117 773 1185 801 Θεοῦ
1204 771 1392 809 προπάροιθεν
1406 770 1546 798 ἀτάσθαλα
1559 768 1681 796 δάκτυλα
1695 768 1799 795 τείνειν
1814 776 1824 801 ;

988 830 1011 858 ιι
1026 820 1169 857 Γαμαλιὴλ
1175 819 1224 853 ὅδ’,
1239 819 1346 856 ἄριστε.
1360 817 1524 854 φαρισσαϊος
1537 815 1709 851 νομομιοής.

994 2185 1017 2214 D

1108 878 1161 910 Εἰς
1177 876 1235 911 τὴν
1249 874 1383 910 ἐκλογὴν
1401 873 1462 901 τῶν
1481 873 1556 900 ἑπτὰ
1573 871 1734 899 διακόνων.

1026 924 1122 954 Ἥλιος
1141 922 1210 955 ἄναξ
1224 921 1295 948 ἑπτὰ
1309 921 1363 948 τῶν
1379 920 1582 954 πλανωμένωνο

1025 970 1162 1004 Στέφανος
1175 968 1244 1001 ἄναξ
1257 968 1329 995 ἑπτὰ
1348 967 1403 994 τῶν
1421 966 1576 994 διακόνων

1031 1017 1061 1042 ’0
1081 1016 1129 1050 μὲν
1142 1015 1228 1050 τριῶν
1241 1013 1353 1049 ὕπερθε,
1370 1013 1417 1040 καὶ
1432 1012 1516 1046 τριῶν
1533 1012 1618 1045 κάτω,

1032 1062 1061 1089 '0
1074 1061 1102 1088 δὲ
1116 1061 1168 1097 πρὸ
1179 1060 1233 1088 τῶν
1246 1059 1276 1095 ἓξ
1291 1059 1413 1093 εὐλόγως
1428 1058 1606 1093 τεταγμένος.

1321 1118 1374 1151 Εις
1387 1117 1422 1143 τὸ
1437 1117 1523 1143 αὑτό.

1028 1166 1180 1200 Νικάνορα,
1193 1163 1332 1200 Πρόχορόν
1350 1171 1391 1196 τε,
1406 1163 1520 1198 Τίμωνά
1541 1171 1582 1193 τε,
1597 1161 1737 1189 Νικόλεὼν
1753 1169 1786 1189 τε

1029 1212 1177 1247 Παρμενᾶν
1192 1220 1234 1244 τε,
1250 1211 1386 1238 Φίλιππόν
1403 1219 1443 1243 τε,
1461 1209 1599 1244 Στέφανόν
1617 1217 1647 1235 τε
1665 1209 1775 1243 θεουδῆ,

1030 1259 1132 1285 Tesse:
1147 1258 1250 1292 Πέτρος
1262 1257 1398 1292 προέταξε
1419 1256 1569 1291 διακριδὸν,
1586 1256 1659 1290 ὄφρα
1677 1255 1823 1290 τραπέζας

1033 1305 1145 1336 Πιστοῖς
1158 1304 1312 1340 ἀρτυνέωσι
1326 1303 1446 1338 διήκονοι
1461 1302 1553 1329 ἐσθλοὶ
1566 1301 1669 1333 ἐόντες.

1187 1362 1238 1395 Εις
1254 1361 1308 1388 τὸν
1326 1360 1477 1396 λιθασμὸν
1489 1359 1654 1394 Στεφάνου.

1032 1407 1159 1444 Χρυσοῦν
1172 1409 1187 1435 ό
1202 1408 1307 1444 μάρτυς
1320 1407 1368 1435 καὶ
1388 1407 1442 1443 πρὸ
1456 1406 1511 1433 τῶν
1524 1406 1607 1432 λίθων
1621 1405 1719 1440 στέφος
1730 1412 1738 1420 ·

1040 1455 1073 1483 'H
1087 1455 1249 1490 λαμπρότης
1268 1453 1322 1490 γὰρ
1340 1453 1477 1489 μαρτυρεῖ
1491 1452 1541 1486 τῆς
1562 1451 1634 1483 ἰδέας
1646 1459 1654 1466 ·

1028 1538 1134 1566 morte;
1152 1532 1255 1560 credite
1273 1533 1393 1567 tandem,
1408 1531 1556 1568 aliquando
1570 1532 1684 1567 perﬁdi;
1703 1531 1826 1560 surrexit

1028 1579 1166 1608 Christus.

1083 1638 1123 1666 De
1136 1637 1292 1667 Gamalielis
1311 1638 1435 1670 consilia,
1445 1645 1498 1664 non
1512 1636 1702 1672 prohibendam
1714 1644 1773 1664 esse

1204 1677 1214 1707 ι
1232 1673 1448 1708 pradicationem
1476 1673 1622 1700 suadentis.

1066 1719 1132 1748 Siue
1147 1719 1220 1754 loqui
1233 1719 1381 1754 apostolos,
1394 1727 1411 1747 ο
1436 1719 1549 1750 nefarie,
1566 1718 1660 1753 igneas
1677 1717 1822 1746 circumie-

1031 1771 1096 1793 runt
1110 1761 1243 1799 linguas;
1263 1766 1403 1797 horresce,
1427 1765 1477 1793 illo
1508 1765 1569 1799 igne
1595 1769 1680 1792 tostus
1696 1771 1749 1798 es;
1772 1772 1821 1791 nec

1029 1812 1104 1839 enim
1134 1819 1254 1847 unquam
1274 1811 1329 1839 Deo
1359 1811 1489 1839 reluctari
1512 1811 1601 1846 possis
1626 1820 1633 1838 :
1660 1812 1706 1845 qui
1734 1817 1750 1838 e
1776 1815 1821 1837 tuo

1031 1858 1145 1892 collegio
1159 1863 1200 1886 est
1214 1857 1356 1891 Gamaliel,
1369 1865 1418 1885 suo
1431 1863 1458 1885 te
1472 1864 1599 1885 sermone
1613 1857 1784 1892 persuadeat.

1360 1913 1394 1942 In
1412 1914 1492 1941 idem.

1068 1962 1134 1996 Quis
1152 1961 1293 1989 decentem
1317 1961 1473 1989 senioribus
1495 1960 1637 1996 proposuit
1659 1962 1822 1988 sententiam

1032 2008 1075 2035 vir
1090 2008 1200 2043 probus,
1218 2012 1248 2034 ut
1262 2007 1369 2035 divinos
1385 2007 1419 2034 ad
1435 2007 1488 2035 rite
1506 2007 1707 2042 praedicandum
1727 2006 1821 2034 diruit-

1033 2059 1092 2082 tant
1107 2055 1279 2089 interpretes,
1293 2061 1381 2089 neque
1397 2053 1528 2089 sacrilego
1545 2059 1639 2081 contra
1663 2054 1746 2080 Deum
1763 2053 1822 2080 nisu

1032 2100 1219 2128 contendant?
1243 2100 1289 2127 ille
1312 2101 1372 2135 ipse
1388 2099 1541 2127 Pharisaeus
1565 2103 1609 2126 est
1626 2098 1758 2126 Gamaliel
1774 2106 1822 2133 ap—

1033 2147 1120 2181 prime
1137 2147 1226 2182 legum
1243 2146 1357 2181 peritus,
1375 2147 1478 2191 optime
1494 2147 1590 2176 amice.

1163 2204 1202 2231 De
1218 2209 1313 2238 septem
1339 2204 1511 2231 diaconorum
1542 2203 1681 2230 electione.

1070 2259 1117 2288 Sol
1140 2265 1268 2294 septenos
1300 2260 1372 2288 inter
1395 2259 1517 2294 planetas
1555 2259 1706 2293 principem
1734 2257 1820 2285 locum

1035 2312 1117 2339 tenet,
1146 2306 1301 2341 Stephanus
1327 2305 1398 2333 inter
1425 2310 1528 2339 septem
1559 2305 1691 2332 diaconos
1722 2304 1821 2338 primas

1034 2358 1167 2387 occupat;
1186 2352 1230 2380 ille
1248 2352 1356 2386 quidem
1384 2357 1440 2378 tres
1465 2358 1582 2386 superne
1603 2350 1694 2382 habet,
1714 2350 1821 2377 totidem

1034 2399 1140 2427 inferne
1154 2407 1162 2432 ;
1191 2399 1235 2425 hic
1252 2405 1318 2425 vero
1342 2405 1426 2433 supra
1442 2405 1489 2425 sex
1506 2397 1637 2425 diaconos
1655 2396 1753 2424 merito
1768 2395 1822 2424 col-

1028 2446 1137 2475 locatus
1151 2451 1203 2473 est.

1361 2490 1393 2518 In
1409 2491 1490 2518 idem.

1070 2538 1245 2571 Nicanorem,
1261 2537 1443 2570 Prochorum,
1453 2536 1596 2564 Timonem
1623 2540 1651 2563 et
1672 2534 1820 2568 Nicolaum,

1035 2583 1209 2617 Parmenam,
1226 2583 1379 2618 Philippum
1397 2588 1424 2610 et
1444 2583 1519 2617 pium
1535 2581 1716 2617 Stephanum,
1744 2581 1793 2619 luis
1807 2588 1821 2607 a

1035 2629 1134 2665 populo
1149 2634 1270 2656 secretos
1291 2627 1485 2662 praeordinavit
1501 2627 1607 2659 Petrus,
1630 2634 1684 2661 quo
1704 2633 1820 2660 mensas,

1036 2677 1061 2703 in
1082 2675 1264 2704 ministerium
1291 2674 1453 2702 diaconatus
1473 2673 1552 2702 electi
1566 2693 1575 2707 ,
1602 2673 1728 2701 fidelibus
1743 2680 1820 2708 appa-

1035 2726 1106 2750 l‘Clll.

1243 2766 1280 2794 De
1298 2766 1424 2802 Stephani
1445 2766 1619 2802 lapidatione.

1073 2823 1225 2858 Stephanus
1233 2822 1308 2858 prius
1314 2827 1376 2851 erat
1387 2830 1469 2851 aurea
1478 2830 1589 2857 corona,
1599 2829 1681 2857 quam
1693 2821 1821 2857 lapidibus

1035 2869 1236 2905 impeteretur;
1264 2869 1292 2899 id
1321 2869 1394 2905 quod
1414 2876 1448 2899 ex
1476 2869 1534 2905 ejus
1555 2868 1699 2905 prosiliens
1715 2873 1822 2904 aspectu
