1936 3086
223 140 293 172 1215

515 197 567 230 Εἰς
581 197 614 224 τὸ
629 199 714 226 αὑτό.

223 252 346 279 Χαλκέου
361 252 389 285 ἐξ
406 252 512 284 ὕπνοιο,
528 254 668 289 μαθήτρια
685 255 796 290 δορκὰς,
816 257 920 284 ἀνίστω
932 266 938 272 ·

223 298 325 332 Πέτρος
337 298 374 324 ὅδ’
386 299 451 333 ἄγχι
465 300 582 333 πάρεστι
592 309 599 316 ·
616 301 698 335 τάχος
708 302 787 336 τάχος
797 302 887 337 ἔγρεο.
902 305 991 337 κούρη
1002 311 1008 318 ·

223 343 318 378 Χήρης
333 343 355 369 δ’
375 344 447 378 ἀμφὶ
470 346 577 378 γυναιξὶ
595 347 715 382 παρηΐδα
732 349 829 383 μόρξον
847 349 895 382 ἀφ’
911 350 1009 384 ὑγρὴν,

222 389 258 415 Αἵ
271 398 300 415 σε
316 390 522 424 περκλςιίουσιν
536 393 707 428 ἀγαθουργὸν
719 402 770 424 περ
786 393 894 421 ἐοῦσαν.

223 458 274 489 Εἰς
289 457 346 491 τὴν
357 458 408 485 ἀπ’
421 459 552 493 οὐρανοῦ
567 460 739 494 δειχθεῖσαν
749 461 848 495 Πέτρῳ
859 462 1009 497 σαγήνην.

222 515 275 541 Φεῠ
288 516 338 549 τῆς
353 518 493 551 σαγήνηςε
509 518 624 553 οὐρανοῦ
641 518 752 544 πλουτεῖ
774 519 886 552 πλάτος,

222 560 264 586 Τὰ
280 560 370 587 πάντα
386 563 575 596 συσφίγγουσι
595 563 649 589 τῶν
660 563 735 595 ζώων
751 565 828 600 γένη,

225 607 270 637 Ἀ,
290 608 386 641 Πέτρε,
399 608 479 638 θύσας
493 610 682 641 ἀνυποστόλως
697 611 767 644 φάγε
779 619 785 626 ·

223 653 307 679 Οὐδὲν
321 654 374 688 γὰρ
393 655 548 689 ἀκάθαρτον
565 656 578 681 ὁ
599 655 715 691 Χριστὸς
729 657 816 691 λέγει.

511 721 563 755 Εἰς
580 722 614 749 τὸ
628 723 712 749 αὐτό.

223 776 324 802 Ἔθνεα
339 776 430 803 πάντα
443 776 568 812 δέχνυσο,
583 778 632 804 καὶ
649 777 772 813 ἔγγραφε
788 780 869 806 παισὶ
883 779 970 810 Θεοίο,

223 823 319 857 Πέτρε,
331 824 364 849 ﬁt
377 825 432 859 γάρ
447 832 488 850 σοι
504 824 606 851 κέλ).ετ’
620 825 666 859 ἀφ’
678 825 786 861 αἰθέρος
798 825 864 861 ἔργα
879 828 985 862 σαγήνη
996 834 1004 842 '

221 869 313 895 Πάντα
328 869 395 895 Θεοῦ
411 870 538 905 τελέθῃσι
558 871 606 897 καὶ
622 872 662 902 εἰς
673 871 739 898 Θεὸν
750 868 814 898 αὖτε
833 872 950 906 μολείτω
964 881 971 888 ·

222 916 397 951 κληρονόμον
413 916 436 943 δ’
456 917 555 944 ἐθνέων
567 918 685 952 Χριστὸν
702 918 771 952 φάτο
791 918 838 944 καί
862 927 904 950 τις
918 919 1007 953 ὁρών-

897 964 974 1000 [των.

389 1023 442 1056 Εις
456 1022 513 1056 τὴν
531 1022 656 1057 σφαγὴν
679 1022 832 1060 Ἰακώϐου.

223 1078 363 1114 Τέθνηκεν
377 1079 391 1106 6
405 1079 565 1114 πρώταολος
578 1081 610 1106 ἐκ
627 1080 734 1108 πολλῶν
747 1081 838 1113 λίθων,

227 1124 257 1151 '0
270 1126 398 1160 δεύτερος
414 1126 442 1152 δὲ
458 1127 563 1160 μάρτυς
581 1126 610 1159 ἐξ
628 1126 686 1157 ἑνὸς
704 1126 798 1160 ξίφους

226 1170 359 1202 Ἰσοκλεὲς
372 1171 399 1197 δὲ
411 1171 458 1197 τοῦ
478 1171 616 1206 Στεφάνου
634 1173 690 1203 τοῖς
705 1171 788 1203 λίθοις

222 1217 258 1244 Τὸ
273 1219 384 1244 κτεῖναν
399 1217 528 1244 Ἰάκωϐον
550 1217 673 1252 Ἡρώδου
687 1217 773 1252 ξίφος.

517 1286 569 1318 Εἰς
580 1285 613 1311 τὸ
632 1286 718 1313 αὐτό.

225 1339 256 1365 '0
273 1339 368 1372 κλυτὸς
383 1340 510 1372 Ἰάκωϐος
527 1341 659 1376 ὀλόμενος
674 1342 746 1378 ἀμφὶ
763 1324 898 1379 μαχαίρὲι,

228 1387 305 1417 Ἰδοὺ,
319 1387 407 1419 ἔειπε,
429 1388 499 1412 πὲνςσι
515 1389 545 1414 τὺ
562 1389 703 1423 ποτήριον,
725 1389 741 1415 ὅ
753 1389 952 1423 προπέπωκας.

221 1431 334 1466 Χριστὲ,
353 1432 398 1466 σὺ,
412 1433 460 1459 καὶ
481 1433 659 1470 βαπτίζομαι,
675 1434 713 1466 ὡς
729 1435 947 1470 προϐεὖάπτισαι
960 1437 1008 1462 αὖ-

914 1480 958 1510 :6;

914 1480 958 1510 τός

219 1521 343 1554 Αἵματος
356 1523 386 1556 ἐξ
404 1523 479 1551 ἰδιοιο
489 1525 664 1560 λελουμενοέ,
681 1525 748 1553 ἀλλά
763 1534 796 1560 με
806 1479 910 1558 δέξαι.[
961 1501 968 1513 ι

545 1597 576 1624 In
591 1597 671 1624 idem.

255 1640 293 1667 Ex
307 1649 377 1668 aereo
390 1649 487 1670 somno
501 1651 629 1679 exsurge,
648 1645 748 1672 Dorcas
763 1644 1009 1680 discipulu,Petrus

220 1694 304 1722 prope
315 1689 401 1720 adest;
413 1689 613 1724 quamprimum
630 1691 759 1723 excitare,
773 1691 879 1724 mulier,
895 1691 1008 1718 humen-

219 1739 260 1761 tes
274 1735 413 1762 viduarum
429 1737 571 1765 mulierum
584 1746 666 1773 genas
679 1739 814 1773 absterge,
827 1747 884 1772 qua:
895 1743 920 1766 te
931 1738 1008 1767 bonis

220 1780 419 1809 incumbentem
436 1784 564 1817 operibus
580 1788 675 1811 moesto
691 1785 854 1812 desiderant.

424 1839 462 1868 De
478 1850 574 1877 sagena
592 1841 670 1869 Petro
690 1847 806 1870 ostensa.

252 1884 324 1913 Proh
342 1894 403 1922 quae
421 1889 538 1922 sagcnal
555 1896 606 1922 qua
622 1889 682 1916 cadi
709 1889 893 1923 locupletatur
905 1890 1004 1924 ampli-

188 1942 195 1947 -
219 1930 293 1963 tudo,
309 1932 400 1958 omnia
415 1933 599 1967 complectens
613 1934 790 1961 animantium
815 1943 924 1969 genera,
942 1936 1005 1970 qui-

219 1976 268 2003 bus
283 1977 428 2005 immolatis
443 1986 539 2006 secure
555 1980 681 2012 Vescitor,
698 1987 714 2007 ο
730 1980 821 2013 Pelre,
840 1988 900 2007 nam
923 1981 1004 2008 Chri-

217 2026 275 2049 stus
292 2022 427 2057 itnpurum
442 2023 508 2051 nihil
523 2032 585 2052 esse
598 2026 765 2059 pronuntiat.

545 2080 577 2109 In
596 2081 677 2109 idem.

253 2127 352 2153 Omnes
368 2127 479 2154 admitte
495 2131 598 2162 gentes,
616 2133 641 2155 et
654 2128 680 2155 in
695 2128 812 2157 ﬁliorum
829 2130 876 2158 Dei
891 2138 1002 2159 censum

216 2173 334 2204 ascribe,
349 2173 437 2206 Petre,
449 2173 489 2200 sic
498 2174 582 2207 enim,
592 2174 810 2211 ccelitussagena
821 2176 909 2210 palam
922 2177 1004 2210 facta,

216 2217 275 2244 fieri
290 2217 400 2251 jubetur
419 2227 426 2245 :
442 2218 488 2246 Dei
505 2224 570 2246 sunt
586 2220 688 2254 omnia,
704 2225 731 2248 et
760 2222 792 2248 ad
810 2222 893 2249 Deum
914 2223 1003 2250 redire

825 146 1020 177 THEODORI
1040 147 1242 178 I‘RODROMI

982 214 983 217 π
1021 204 1044 232 Λ
1059 204 1110 235 Εἰς
1128 203 1186 237 τὴν
1202 204 1347 241 δευτέραις
1362 205 1507 241 φυλακὴν
1524 205 1647 239 Πέτρου,
1666 207 1714 234 καὶ
1728 213 1786 241 την
1801 207 1863 234 ὑπ’

1783 151 1862 182 1216

1327 237 1377 273 ἀγγ
1384 240 1456 267 ἐλου
1481 237 1584 268 iniam;

1064 284 1210 311 Κάνταῦθα
1228 284 1309 311 πάλιν
1324 285 1505 318 φυλακίζεται
1522 287 1636 321 Πέτρος,

1061 330 1142 364 Φορεί
1157 329 1184 356 δὲ
1199 330 1286 364 δεσμὰ
1303 331 1349 356 καὶ
1367 331 1480 366 σιδηρᾶς
1493 331 1603 363 ἁλύσεις
1615 340 1623 348 '

1062 374 1208 401 Κάνταῦθα
1222 375 1304 401 πάλιν
1317 376 1433 409 ἄγγελος
1451 376 1555 409 Πέτρον
1571 376 1640 408 λύει,

1062 421 1117 448 Καὶ
1131 420 1183 455 κλᾷ
1197 421 1231 447 τὰ
1247 421 1347 455 δεσμὰ,
1360 421 1407 447 καὶ
1420 421 1534 456 ποδηγεῖ
1547 422 1701 458 ποτρέχων.

1361 468 1414 500 Εἰς
1431 467 1464 493 τὸ
1477 467 1562 494 αὺτό.

1063 512 1199 546 Ἀγγελος
1219 512 1343 548 αἰγλήεις
1356 512 1422 546 περὶ
1436 512 1535 546 Πέτρῳ
1547 511 1666 547 ἕσπερος
1682 510 1764 548 ἦλθεν

1061 559 1181 594 Εἱρκτὴν
1196 559 1390 593 ἀμφιμένοντι,
1406 559 1491 590 ὕπνος
1510 559 1538 585 δέ
1550 559 1575 585 οἱ
1590 559 1701 593 ὄμματα
1715 560 1849 594 χάμπῑεῖ

1061 606 1115 640 Στῆ
1134 604 1156 631 δ’
1173 604 1227 637 ἰθὺ,
1243 603 1294 637 λὰξ
1309 604 1333 631 δ’
1357 604 1504 638 ἐπάταξεν,
1530 605 1577 631 ὁδ’
1601 605 1694 639 ἥλατο,
1720 606 1746 631 al
1761 606 1783 631 δ’
1804 606 1851 642 ἄρ’

1691 650 1815 687 [ἁλύσεις

1064 696 1202 723 Ἐκπεσον
1219 695 1385 730 αὐτόματοι,
1401 695 1450 722 καὶ
1467 695 1578 723 ἔκτοθεν
1598 696 1681 731 ἧλυθε
1696 698 1812 732 Πέτρος.

1233 743 1286 775 Εἰς
1303 742 1360 776 τὴν
1372 742 1522 775 τελευτὴν
1542 742 1669 777 Ἡρώδου

1067 788 1149 824 Ὀρᾷς
1165 790 1266 815 ἐκεῖνον
1279 789 1325 815 τὸν
1343 789 1440 823 μέγαν,
1453 789 1499 815 τὸν
1511 788 1646 824 ἔνθρονον,

1060 831 1098 862 Οὗ
1115 835 1179 865 τοὺς
1194 834 1290 867 λόγους
1308 835 1436 861 σέϐουσιν
1448 834 1485 866 ὡς
1499 834 1568 860 Θεοῦ
1585 834 1704 868 λόγου;;

1024 886 1045 914 Β
1067 881 1186 911 Ἐκεῖνος
1197 877 1286 911 οὗτος,
1306 879 1416 915 ἀγγέλῳ
1431 879 1637 914 πεπληγμένος,

1061 926 1185 961 Σκώληξι
1203 925 1297 962 βρωθῇ
1313 926 1360 952 καὶ
1373 924 1495 960 παρέλθῃ
1510 925 1556 952 τὸν
1567 923 1638 960 βίον.

1355 971 1407 1002 Eu;
1423 970 1455 996 τὸ
1473 969 1558 996 αὐτό.

1066 1014 1184 1050 Ἡρώδη,
1202 1015 1229 1042 τί
1243 1015 1367 1050 γέγηθας
1380 1015 1423 1049 ἐφ’
1440 1014 1535 1049 εἵμασι
1548 1014 1710 1049 βασιλικοίσι
1723 1023 1731 1048 ς

1060 1062 1147 1088 Τίπτε
1162 1061 1190 1088 δέ
1207 1070 1236 1088 σε
1258 1062 1424 1088 πλανάουσιν
1438 1061 1589 1095 ἀλάστορες
1610 1060 1717 1095 ἀνέρες,
1739 1060 1851 1096 ἆφρον;

1066 1107 1190 1143 Ῥήματά
1206 1117 1252 1134 σου
1271 1108 1434 1144 γερέθοντες
1451 1109 1539 1142 θείους
1556 1111 1621 1145 ἠΰτε
1638 1111 1803 1146 χρησμούς;

1062 1154 1194 1189 Ἀγγελος
1209 1154 1275 1190 ἄγχι
1293 1156 1421 1190 πάρεστι,
1436 1156 1596 1189 ταλάντατε,
1609 1157 1637 1189 ὅς
1652 1157 1676 1184 σ¹
1689 1157 1852 1184 ἀπελέσσει.

1218 1200 1272 1234 Εἰς
1282 1201 1340 1235 τὴν
1352 1202 1537 1237 δημηγορίαν
1554 1203 1689 1231 Παύλου.

1059 1247 1148 1274 Ὅπου
1161 1248 1280 1282 πάρεστι
1297 1248 1412 1280 Παῦλος,
1434 1250 1450 1283 ὴ
1466 1249 1546 1284 χάρις
1561 1249 1633 1284 πόση
1647 1249 1654 1276 ι

1060 1293 1150 1319 Ὅπου
1163 1293 1285 1319 διδάσκει
1302 1293 1418 1325 Παῦλος,
1432 1294 1448 1328 ὴ
1465 1290 1551 1320 πειθὼ
1566 1295 1636 1330 πόση
1651 1295 1657 1320 l

1062 1340 1163 1366 Ἀκειυε
1181 1339 1290 1366 Παύλου
1306 1340 1362 1366 τῶν
1379 1340 1553 1375 μελισταγῶν
1571 1340 1669 1375 λόγων,

1059 1385 1184 1420 Σιμῦλων
1196 1384 1218 1412 δ⁶
1235 1386 1411 1421 ἁποῤῥάγηθι
1427 1384 1482 1412 τῶν
1499 1385 1652 1421 ἡμετέρων.

1354 1433 1406 1465 Εἰς
1420 1432 1453 1458 τὸ
1475 1432 1561 1465 omo.

1058 1477 1162 1509 Παῦλος
1170 1478 1232 1511 an,
1242 1478 1328 1512 στόμα
1340 1476 1457 1513 Χριστοῦ
1467 1477 1530 1511 ἕψοι,
1541 1476 1649 1512 Πρόσιτ¹
1660 1477 1740 1503 ἔθνεα
1748 1477 1848 1508 πάντα,

1060 1524 1159 1551 Ἐθνεα
1174 1524 1273 1558 πάντα,
1292 1524 1415 1559 πρόσιτε,
1429 1522 1497 1550 Θεοῦ
1514 1523 1542 1550 δὲ
1553 1523 1662 1550 κλύοιτε
1677 1523 1825 1553 λαλοῦντος
1838 1530 1844 1536 “

1127 1597 1166 1624 De
1182 1596 1296 1624 secunda
1312 1595 1386 1623 Petri
1400 1596 1532 1627 custodia,
1547 1596 1615 1623 unde
1631 1595 1662 1622 ab
1679 1596 1772 1630 angelo

1359 1631 1484 1657 liberatus
1503 1636 1552 1659 est.

1094 1678 1134 1705 Ibi
1149 1685 1256 1705 rursum
1269 1677 1364 1703 Petrus
1378 1675 1514 1710 egrastulo
1530 1676 1676 1709 detinetur,
1693 1676 1810 1704 vinculis
1821 1682 1847 1704 ct

1061 1724 1159 1752 ferreis
1173 1729 1300 1759 gravatus
1326 1722 1441 1754 catenis,
1464 1727 1491 1749 et
1516 1722 1579 1749 inde
1606 1731 1712 1750 rursum
1736 1723 1846 1757 angelus

1057 1770 1165 1797 Petrum
1173 1768 1278 1800 eximit,
1289 1767 1436 1802 fractisque
1446 1768 1548 1801 vinclis,
1559 1768 1673 1801 praevius
1685 1769 1737 1796 iter
1746 1768 1846 1795 facien-

1060 1820 1112 1842 tem
1128 1815 1212 1842 ducit.

1390 1858 1421 1885 In
1438 1859 1519 1886 idem.

1094 1904 1245 1939 Splendens
1262 1904 1373 1939 angelus
1388 1905 1524 1932 serotinus
1538 1905 1570 1932 ad
1583 1904 1691 1932 Petrum
1722 1905 1796 1932 venit
1817 1905 1843 1932 in

1058 1958 1168 1978 carcere
1183 1951 1372 1984 constrictum,
1393 1950 1437 1978 cui
1455 1958 1566 1979 somnus
1581 1951 1722 1978 inclinarat
1740 1952 1844 1983 oculos,

1057 2002 1188 2031 stansque
1205 2002 1294 2024 rectus
1323 1997 1414 2025 calces
1438 1997 1565 2032 pulsavit,
1579 1997 1648 2024 unde
1664 1997 1759 2024 Petrus
1774 1997 1844 2025 exsi-

1055 2042 1109 2076 liit,
1125 2044 1228 2071 catenis
1241 2048 1337 2078 sponte
1351 2043 1512 2070 cadentibus
1528 2048 1555 2070 ct
1572 2042 1645 2070 foras
1660 2043 1786 2070 excessit.

1309 2089 1349 2116 De
1365 2094 1449 2116 morte
1465 2089 1590 2117 Herodis.

1090 2133 1169 2161 Hune
1185 2134 1294 2162 sublimi
1309 2135 1405 2162 throno
1421 2135 1551 2162 fastosum
1563 2134 1676 2161 intueris
1689 2125 1841 2167 hominem,

1055 2181 1132 2215 cuius
1148 2182 1229 2209 verba
1245 2189 1294 2209 ceu
1308 2181 1355 2209 Dei
1387 2189 1516 2216 responsa
1533 2187 1695 2208 veneranter
1710 2181 1841 2208 audiunt?

1055 2226 1100 2254 ille
1122 2227 1180 2262 ipse
1200 2235 1345 2262 percussus
1363 2229 1397 2255 ab
1413 2227 1519 2263 angelo,
1535 2235 1662 2255 corrosus
1693 2229 1840 2261 vermibus,

215 2269 342 2298 oportet;
357 2264 403 2291 sed
415 2269 442 2292 et
456 2265 564 2293 Christo
578 2267 670 2294 datum
687 2267 720 2294 iri
738 2273 830 2302 gentes
846 2268 873 2295 in
890 2268 1002 2296 haeredi-
1018 2274 1040 2302 ι)
1056 2274 1137 2300 vitam
1153 2281 1235 2309 agere
1250 2275 1365 2302 desinet.

215 2314 297 2337 tatem
313 2311 508 2345 prophetarum
524 2311 658 2347 quispiam
675 2313 810 2347 praedixit.

423 2366 462 2394 Do
475 2367 568 2395 Jacobi
583 2370 791 2397 obtruncatione.

250 2411 436 2448 Protomartyr
447 2413 600 2448 Stephanus
614 2415 730 2443 incussis
751 2416 870 2451 lapidum
886 2418 999 2452 grandi-

214 2458 296 2485 nibus
312 2459 463 2486 exstinctus
475 2464 528 2492 est,
540 2461 674 2488 secundus
691 2469 754 2489 vero
770 2468 870 2498 martyr
883 2464 1001 2492 Jacolms

215 2505 352 2532 mucronis
370 2505 426 2532 ictu
443 2504 494 2532 luit
505 2506 666 2539 confossus;
680 2507 810 2539 Stephani
827 2514 914 2537 tamen
932 2510 1001 2544 lapi-

215 2548 293 2575 dibus
308 2549 437 2583 azqualetn
454 2550 537 2577 habet
547 2550 672 2585 gloriam,
685 2552 730 2586 qui
743 2552 875 2581 Iacobum
888 2556 1000 2590 occidit,

214 2594 329 2623 Herodis
343 2597 459 2630 gladius.

542 2642 573 2670 In
588 2643 667 2671 idem.

249 2686 316 2713 Cum
329 2695 443 2721 magnus
454 2686 569 2715 Jacobus
583 2688 671 2723 gladio
685 2689 827 2718 confossus
838 2692 998 2727 exspiraret:

214 2729 284 2758 Ecce
298 2731 369 2764 bibo,
385 2732 481 2767 inquit,
494 2733 703 2770 calicem,quem
711 2735 867 2770 prmlibasti,
878 2737 997 2772 Christe,

214 2782 242 2804 et
274 2785 306 2804 eo
333 2779 466 2814 baptismo
492 2780 624 2815 baptizor,
649 2789 703 2816 quo
733 2783 820 2817 primo
845 2783 998 2819 baptiZatus

214 2828 244 2848 es
263 2825 374 2873 proprio
394 2824 464 2854 lotus
486 2826 636 2862 sanguine;
664 2835 708 2857 me
730 2827 813 2864 igitur
836 2830 998 2858 morientem

215 2873 320 2902 escrpe.

1374 2320 1407 2347 In
1431 2320 1510 2348 idem.

1092 2366 1161 2399 Quid
1176 2366 1248 2402 regia
1267 2367 1359 2394 trabea
1380 2367 1545 2401 petulantius
1561 2367 1692 2398 exsultas,
1712 2365 1841 2393 Herodes?

1054 2412 1159 2445 Quidve
1177 2417 1202 2440 te
1219 2413 1340 2448 pestiferi
1355 2415 1487 2440 seducunt
1510 2413 1645 2445 homines,
1670 2413 1840 2447 imprudens,

1053 2463 1114 2486 tuos
1132 2467 1273 2487 sermones
1289 2460 1376 2487 divina
1397 2464 1425 2487 ut
1438 2460 1547 2487 oracula
1562 2459 1711 2486 venerati?
1729 2459 1758 2486 In
1780 2465 1841 2494 pro-

1051 2505 1124 2532 ximo
1141 2510 1181 2533 cst
1194 2507 1315 2539 angelus,
1329 2514 1345 2533 ο
1360 2505 1464 2538 infelix,
1480 2506 1524 2539 qui
1540 2510 1566 2533 te
1580 2505 1716 2532 conficiet.

1297 2551 1335 2578 De
1358 2551 1438 2579 Pauli
1459 2553 1594 2578 concione.

1087 2597 1248 2632 Ubicunque
1272 2599 1391 2633 gentium
1407 2598 1488 2626 fuerit
1503 2599 1612 2630 Paulus,
1626 2603 1728 2633 quanta
1744 2598 1838 2633 gratial

1051 2644 1209 2678 Ubicunque
1224 2645 1347 2672 docuerit
1363 2645 1473 2678 Paulus,
1486 2649 1586 2679 quanta
1604 2645 1761 2678 persuasio!
1776 2644 1838 2672 Mel-

1051 2690 1139 2718 liﬂuos
1157 2690 1234 2717 Pauli
1244 2698 1384 2718 sermones
1399 2691 1532 2724 ausculta,
1545 2696 1571 2718 ct
1587 2693 1629 2718 vel
1642 2699 1764 2718 meorum
1780 2699 1838 2719 ver-

1052 2745 1130 2764 suum
1147 2737 1266 2764 alvearia
1284 2738 1414 2771 relinque.

1101 2782 1103 2784 ’
1380 2784 1413 2810 In
1429 2784 1508 2811 idem.

1089 2829 1228 2864 Loquente
1244 2829 1326 2857 Paulo
1342 2830 1469 2858 Christus
1483 2830 1611 2865 loquitur,
1629 2837 1724 2857 omnes
1740 2830 1830 2856 adeste

1055 2880 1149 2910 gentes
1163 2884 1170 2910 ;
1186 2875 1307 2904 accedite
1331 2883 1436 2910 omnes,
1452 2883 1478 2905 et
1493 2877 1546 2905 Dco
1559 2877 1678 2912 loqucnli
1696 2876 1837 2904 audientes
