1936 3086
190 123 258 155 1219

787 114 983 147 THEODORI
1005 112 1203 149 PRODROMI

1741 105 1817 138 1220

189 181 327 208 Noun-saw
338 179 368 205 ὲν
382 177 546 213 μεσάτῃσιν,
558 174 628 210 ἀτὰρ
640 172 775 210 κρατερὸς
788 173 837 200 καὶ
862 172 877 198 ὸ
891 171 976 206 δῆμος
991 170 1016 201 Α
1034 168 1105 197 Ἃλλ*
1116 167 1195 196 οὐδέν
1207 165 1269 194 ποθ’
1284 166 1298 193 ὁ
1315 164 1423 197 Παῦλος
1436 163 1588 199 ὗπέτρεσεν
1599 161 1654 190 οὐδ’
1671 162 1777 213 osa-.9:
1785 172 1816 188 σ-

192 227 248 262 Σὶιν
283 223 394 260 διδαχὴν
425 221 614 259 προπάροιθεν
638 220 714 255 ἄγων
738 217 836 248 νυκτός
863 225 893 244 τε
926 217 974 243 καὶ

803 263 900 300 [ὕπνου
913 271 921 279 ·

192 318 291 353 Σειρήν
307 325 349 343 σοι
363 316 447 351 τάχα,
467 314 570 347 Παῦλε,
595 312 669 341 κατὰ
690 311 777 346 στόμα
791 311 863 336 θεῖον
880 308 973 335 ἀείδει.

192 376 246 408 El;-
271 373 308 400 τὰ
332 372 393 401 ὑπὸ
417 369 824 432 Δημητρὲιέτὶγνάεπενεχθέντα
864 366 976 400 Παύλῳ

556 415 631 433 atra.

193 456 242 488 Τίς
258 452 335 486 οὗτος
347 456 360 481 ὁ
373 454 453 490 θροῦς
465 453 581 489 οὐρανοῦ
596 452 677 487 μέχρι
694 450 823 485 φθάνων;

193 503 348 537 Δημήτριος
365 501 513 536 κέκραγεν,
531 500 545 526 ὁ
557 498 657 532 σκὸλοψ
671 497 790 526 Παύλου.

193 549 245 576 Τὸν
259 549 305 574 τοῦ
318 547 406 574 Σατὰν
426 547 478 581 φὴς
494 546 611 580 ἄγγελον
623 553 630 577 ;
645 544 744 570 Τοῦτον
757 543 840 577 λέγω,

200 594 245 626 Ὠς
260 593 418 629 ὲμφραγείη
435 592 475 628 τῷ
494 591 585 627 μιαρῷ
601 591 631 617 τὸ
648 590 747 625 στόμα.

488 650 539 682 Εις
553 649 586 676 τὸ
602 648 687 676 αὑτό.

193 697 312 732 Χριστὸν
329 696 378 731 μὲν
390 695 514 727 Σατανᾶς
530 695 690 730 πειράζετο,
708 694 731 720 ὦ
764 693 825 730 μέγ’
844 692 975 732 ἀναιᾷήςι

194 731 251 770 Νῦν
264 743 292 770 δὲ
308 743 376 770 Θεοῦ
402 743 550 777 θεράποντι
570 741 658 767 Σατὰν
673 741 802 776 θεράπων
821 731 978 775 πολεμῖζει.

195 790 297 825 Δέρκεο
309 789 356 815 τὸν
374 789 543 824 Δημήτριον,
560 787 678 822 ἄγγελός
691 788 749 814 ἐστι
764 786 873 818 Βελίου,

195 835 295 871 Παύλῳ
311 835 364 861 ὑπὸ
379 834 471 869 ζαθέῳ
483 833 585 869 πολλὴν
602 834 742 867 κακότητα
758 832 899 861 τιταίνων,

292 892 344 926 Εἰς
355 891 413 924 τὴν
433 891 559 927 Ἀτάόου
578 890 747 925 πρὸρῤησιν
763 889 885 922 Παύλῳ.

196 939 229 966 Et
242 947 283 966 σοι
297 938 427 973 προεῖπον
438 937 468 964 ὲν
483 936 552 963 Σιών
562 944 633 968 τινες
649 935 735 970 φόνον,

196 985 255 1012 Οὐκ
267 983 301 1012 ἂν
317 983 432 1018 ἔφευγες
444 982 495 1018 τὴν
511 982 580 1008 Σιὼν
593 982 677 1017 τάχος
690 981 773 1016 τάχος
784 1002 792 1015 ,

208 1029 283 1058 Ἀλλ’
297 1030 347 1065 οὐχ
361 1031 375 1056 ὸ
390 1028 507 1060 Παῦλος.
527 1027 610 1056 Ἀλλὰ
625 1028 651 1055 τι
665 1027 775 1054 σπεύδει
788 1026 889 1061 πλέονς

202 1076 358 1110 Ἐπείγεται
374 1074 429 1110 γὰρ
440 1074 488 1101 τοῦ
504 1073 574 1100 Θεοῦ
585 1074 677 1101 θανεῖν
688 1075 780 1109 χάριν.

198 1163 200 1166 ν
486 1126 539 1161 Εἷς
554 1128 588 1156 τὸ
602 1128 687 1156 αὐτό.

202 1178 315 1213 ’Δγάὸε,
331 1178 414 1213 μάντι
427 1175 534 1209 κακῶν,
550 1175 653 1203 ἀνιάων
667 1174 779 1208 ἄγγελε,
798 1173 899 1210 Παύλῳ

200 1225 293 1252 Ειδότι
307 1224 395 1251 ταῦτα
407 1223 515 1257 λέγεις
532 1221 586 1256 πρὸ
596 1221 652 1256 γὰρ
660 1222 742 1253 αὐτὸς
758 1220 876 1256 Χριστὸς
887 1221 962 1247 ἔειπε
972 1228 981 1236 ·

196 1272 292 1306 Δεσμά
306 1279 335 1297 σε
348 1269 420 1306 ἀμφὶ
429 1268 540 1304 Σόλυμα
550 1267 628 1303 μένει
644 1267 693 1294 καὶ
708 1266 868 1302 τραύματα,
880 1266 980 1294 Παῦλε.

197 1350 303 1377 tissime
319 1348 412 1381 Paule,
426 1353 565 1375 sermones
579 1345 611 1372 ad
625 1345 784 1372 concubiam
798 1349 901 1373 noctem
916 1352 982 1380 pro-

198 1396 307 1428 ferens;
319 1394 367 1422 sed
381 1398 407 1421 et
423 1392 638 1428 patientissimus
651 1395 690 1418 est
708 1392 832 1426 populus,
845 1396 983 1419 nocturna:

197 1442 282 1477 quieti
302 1441 455 1468 doctrinam
470 1439 626 1474 praeferens,
651 1446 667 1465 ο
687 1437 786 1472 Paule;
814 1438 883 1466 forte
909 1439 982 1466 siren

202 1490 230 1516 in
249 1495 295 1516 tuo
311 1487 403 1515 divino
417 1494 465 1514 ore
479 1486 614 1514 cantillat.

254 1545 292 1572 De
303 1544 382 1571 malis
409 1551 467 1577 qua:
494 1542 579 1569 Paulo
592 1550 608 1569 α
623 1542 754 1569 Demetrio
770 1542 845 1569 illata
858 1546 930 1569 sunt.

235 1592 349 1626 Quinam
363 1590 407 1618 hic
423 1589 455 1616 ad
472 1589 555 1616 caelos
571 1596 656 1624 usque
672 1589 823 1623 pervadens
838 1588 984 1616 tumultua-

199 1639 258 1665 rius
275 1635 390 1671 clamor?
407 1633 570 1662 vociferatus
591 1639 634 1661 est
659 1634 820 1666 Demetrius,
837 1634 882 1669 qui
903 1633 986 1661 Paulo

201 1684 332 1713 stimulus
344 1687 386 1711 est
400 1683 500 1711 carnis.
512 1682 553 1709 An
569 1689 630 1709 eum
646 1682 770 1717 angelum
786 1681 894 1709 Satanm
906 1681 987 1709 intel-

201 1731 279 1767 ligis?
303 1729 369 1758 Eum
405 1728 544 1763 intelligo;
576 1728 708 1756 scelerato
739 1727 839 1755 utinam
881 1735 912 1755 os
939 1726 987 1754 ob-

200 1782 332 1807 struatur.

543 1840 560 1859 n
575 1831 653 1860 idem.

235 1881 371 1909 Christum
388 1879 502 1908 tentavit
516 1878 641 1910 Satanas,
653 1884 669 1904 o
681 1884 809 1912 perquam
823 1877 985 1912 impudens;

204 1934 277 1955 nunc
290 1927 394 1954 Christi
419 1924 548 1953 famulum
564 1923 673 1951 Satanae
696 1923 814 1950 famulus
839 1926 986 1958 oppugnat,

203 1972 369 2000 Demetrium
381 1970 521 2005 conspice,
538 1969 619 1997 Beliae
636 1968 747 2004 angelus
761 1973 814 2001 est,
834 1968 933 1996 multas
946 1967 987 1996 di-

201 2018 267 2047 vino
283 2017 366 2046 Paulo
383 2017 554 2044 calamitates
570 2015 719 2042 intentans.

362 2076 400 2104 De
419 2074 543 2103 vaticinia
557 2073 640 2109 Agabi
652 2072 687 2100 ad
701 2072 827 2101 Paulum.

239 2123 267 2151 Si
284 2123 330 2159 qui
347 2123 396 2151 tibi
413 2123 440 2150 in
464 2121 529 2149 Sion
553 2120 744 2155 praedixissent
769 2127 876 2153 necem,
895 2127 986 2148 annon

201 2171 290 2206 quoad
303 2169 434 2198 citissime
450 2174 552 2203 posses.
565 2165 736 2200 aufugisses?
751 2165 808 2194 Non
820 2166 859 2194 sic
876 2165 984 2194 Paulus.

203 2215 256 2244 Sed
270 2215 333 2250 quid
343 2216 381 2242 ita
395 2220 506 2241 currere
520 2211 654 2239 festinat?
668 2211 713 2239 Dei
727 2211 812 2247 gratia
826 2212 892 2239 mori
907 2211 987 2240 festi-

202 2270 252 2291 nus
267 2260 445 2296 compellitur.

528 2317 559 2346 In
575 2316 656 2345 idem.

237 2363 367 2392 Malorum
380 2368 466 2394 vates.
475 2364 577 2398 Agabe,
589 2364 716 2390 mceroris
734 2362 835 2395 nuntie,
853 2370 981 2398 quorsum

201 2411 286 2440 Paulo
302 2410 397 2438 isthaac
423 2410 518 2437 scienti
546 2409 687 2445 loqueris?
700 2409 729 2436 Ei
748 2409 847 2444 quippe
860 2409 983 2437 Christus

202 2457 414 2494 praenuntiavit:
445 2456 483 2484 Te
512 2455 631 2492 Solymis
643 2456 730 2484 vincla
747 2460 857 2485 manent
882 2460 909 2485 et
924 2457 983 2484 vul-

1693 209 1759 245 Ισει.

1024 273 1075 306 Εἲς
1088 271 1141 305 τὰς
1167 271 1203 298 ἐν
1232 269 1460 306 Ἰεροσοᾼύμαις
1479 267 1610 306 πληγὰς,-Δ
1625 266 1746 298 ﬂatile),
1765 265 1818 292 ὅτε

1182 306 1232 334 καὶ
1243 334 1248 339 ,
1258 302 1402 339 Ῥωμαῖοί·
1416 304 1527 331 ἑαυτὸν
1535 302 1648 329 ἐκάλει.

1026 365 1131 400 Ταρσὸς
1143 363 1243 399 πατρίς
1262 371 1314 395 σοι,
1328 361 1429 394 Παῦλε,
1447 361 1497 396 τῆς
1514 359 1654 390 Κιλικίας,

1026 411 1082 437 Καὶ
1100 409 1158 441 πῶς
1175 410 1208 435 σὺ
1224 407 1322 434 σαυτὸν
1336 406 1421 433 παῖδα,
1436 405 1487 440 τῆς
1507 404 1617 439 Ῥώμης
1631 403 1739 437 λέγεις;

1027 455 1079 481 Τὸν
1094 454 1192 489 καιρὸν
1209 453 1296 484 οὕτως
1316 451 1483 486 ὲξεώνημαι,
1500 450 1570 483 ξένε,

1028 501 1089 528 Τῶν
1104 499 1218 536 ἡμερῶν
1236 499 1291 534 γὰρ
1310 497 1369 525 οἶδα
1386 498 1435 532 τὴν
1448 497 1597 532 σωτηρίαν.

1322 556 1375 588 Εἲς
1387 554 1420 582 τὸ
1434 556 1519 582 αὑτό.

1029 605 1130 639 Παῦλε,
1157 604 1186 631 σὲ
1213 604 1263 640 μὲν
1285 603 1427 638 ἀδάμαντα
1451 602 1519 634 Θεὸς
1543 600 1695 632 tidem/,5!
1710 609 1742 626 τε
1763 599 1807 625 τίν

1359 646 1369 651 ·
1649 645 1745 681 [ἄλλην

1027 698 1111 726 Φύσιν
1124 697 1268 732 θειοτέρην
1283 695 1403 728 ἀπαθέα,
1419 695 1481 722 οὗδέ
1497 703 1526 721 τε
1543 694 1645 729 σαρκός

1034 742 1118 778 ’Δμφί
1136 751 1165 769 σε
1183 742 1282 777 φόρτον
1296 741 1390 775 ἔθηκε.
1407 739 1579 775 Κακόοχολοι
1595 738 1760 774 ἀρχιερῆες,

1028 788 1132 822 Παιεο⁹,
1146 789 1226 824 ὑμεῖς
1240 787 1372 819 πονέοιτε,
1381 786 1510 821 ἀπηνέες,
1522 784 1582 812 οὐδέ
1596 793 1626 811 τε
1642 784 1759 816 Παῦλος.

1094 847 1148 880 Εις
1160 846 1215 873 τὸν
1228 845 1279 873 ἐπὶ
1297 844 1416 880 Ῥώμην
1441 843 1603 871 ἀπόπλουν
1619 841 1753 870 Παύλου.

1031 893 1143 927 Δέδεξο,
1165 892 1270 928 Ῥώμη,
1283 891 1400 924 Παῦλον,
1415 891 1455 922 εις
1471 890 1501 916 σὲ
1518 889 1572 925 γὰρ
1586 887 1675 920 πλέει,

1032 940 1086 966 Τὸν
1102 939 1204 966 κύκλον
1217 940 1246 967 ἐν
1261 939 1304 965 σοὶ
1319 937 1509 974 τερματώσων
1522 935 1569 963 τοῦ
1589 935 1669 969 λόγου
1686 942 1694 950 ·

1036 985 1143 1018 Δέδεξο,
1164 985 1213 1012 καὶ
1228 985 1273 1016 δὸς
1284 984 1339 1012 τῶν
1353 985 1468 1021 μακρῶν
1483 982 1592 1011 παῦλαν
1603 982 1693 1009 πόνων
1705 988 1713 997 ·

1032 1032 1135 1065 Δώσεις
1150 1032 1178 1060 δὲ
1193 1032 1304 1063 πάντως
1319 1031 1367 1058 τὸν
1384 1031 1430 1058 διὰ
1449 1030 1545 1065 ξίφους
1559 1029 1655 1065 μόρον.

1320 1089 1373 1123 Εις
1391 1089 1424 1115 τὸ
1437 1088 1524 1116 αὑτό.

1032 1136 1154 1172 Εὑτυχὶς
1163 1136 1222 1163 tm
1234 1135 1264 1162 τδ
1273 1134 1385 1170 λέμϐος,
1398 1134 1461 1161 ἐπεὶ
1477 1132 1559 1160 καλὸν
1573 1131 1660 1160 ἔνδοθι
1676 1131 1780 1166 φόρτον

1033 1184 1085 1210 Τὸν
1099 1182 1209 1210 Παῦλον
1224 1182 1346 1217 φορέεις,
1360 1181 1390 1207 τὸ
1405 1180 1473 1207 Θεοῦ
1497 1180 1596 1215 στόμα,
1610 1179 1723 1214 εὐτυχὲς
1736 1178 1800 1206 ἐσσί
1813 1186 1821 1194 ·

1040 1229 1132 1264 Ἀθλίη
1148 1228 1222 1260 ἐσσὶ,
1238 1226 1320 1260 Σιὼν,
1335 1226 1415 1253 ὄλϐον
1427 1225 1488 1252 τεὸν
1503 1225 1604 1252 οὕνεκα
1619 1224 1712 1259 Ῥώμῃ

1033 1276 1169 1312 Πέμπεις,
1186 1275 1234 1302 καὶ
1248 1274 1280 1300 σὺ
1296 1273 1422 1309 πένησσα
1436 1271 1541 1305 πέλεις,
1555 1271 1633 1303 πόλις
1644 1270 1722 1306 tota]
1743 1269 1819 1298 ἐσσι,

1033 1361 1110 1386 nera,
1125 1352 1219 1380 Paule.
1235 1351 1288 1380 Sed
1304 1359 1353 1379 nec
1366 1351 1509 1386 trepidavit
1521 1357 1637 1385 unquam
1648 1348 1758 1381 Paulus,
1769 1355 1823 1375 nec

1034 1399 1189 1434 trepidabit.

1032 1455 1071 1483 De
1086 1455 1170 1491 plagis
1195 1463 1259 1490 quos
1280 1454 1468 1491 Hierosolymis
1482 1451 1694 1491 accepitl’aulut
1714 1459 1773 1479 cum
1793 1455 1822 1478 et

1236 1492 1314 1518 ciuem
1331 1489 1476 1517 Romdnum
1494 1498 1522 1517 te
1534 1489 1610 1515 dixit.

1072 1548 1092 1575 E
1109 1548 1195 1576 Tarso
1213 1548 1314 1577 Cilicia:
1330 1534 1440 1576 civitate
1457 1554 1536 1575 natus
1548 1555 1589 1581 es,
1603 1547 1694 1575 Paule.
1718 1546 1770 1579 Qui
1791 1546 1821 1573 tit

1037 1594 1118 1629 igitur
1133 1599 1162 1621 ut
1177 1599 1204 1621 te
1216 1595 1300 1622 civem
1313 1593 1463 1620 Romanum
1480 1593 1579 1620 voees?
1594 1592 1640 1620 Sic
1653 1599 1704 1627 ego
1720 1592 1821 1619 redemi

1037 1644 1154 1674 tempus,
1172 1647 1188 1667 ο
1205 1640 1320 1672 hospes;
1339 1647 1390 1666 nec
1404 1640 1476 1666 enim
1500 1646 1559 1666 sum
1580 1638 1688 1666 nescius
1715 1638 1819 1665 dierum

1037 1685 1191 1712 dilationem
1207 1685 1374 1713 salutiferam
1385 1693 1456 1714 esse.

1365 1742 1396 1770 In
1411 1743 1489 1770 idem.

1073 1788 1111 1817 Te
1129 1790 1237 1825 quidem
1254 1788 1324 1816 Deus
1339 1797 1372 1816 ex
1384 1789 1527 1816 adamante
1542 1788 1678 1823 formavit,
1691 1797 1708 1817 ο
1725 1789 1821 1824 Paule,

1036 1835 1094 1863 sive
1106 1842 1158 1869 qua
1170 1835 1220 1862 alia
1243 1834 1377 1862 diviniore
1388 1839 1483 1860 natura
1505 1842 1601 1862 sensus
1623 1841 1743 1869 experte,
1770 1842 1820 1862 nec

1038 1881 1129 1908 carnis
1146 1881 1172 1907 in
1189 1885 1215 1908 te
1229 1887 1299 1908 onus
1314 1880 1446 1915 reposuit.
1460 1880 1528 1907 Male
1539 1881 1626 1908 feriati
1644 1882 1819 1909 sacordotnm

1035 1926 1186 1962 principes,
1203 1926 1274 1954 hunc
1290 1933 1339 1954 vos
1352 1927 1504 1962 percutite;
1520 1926 1571 1962 ipsi
1586 1926 1754 1959 laborabitis,
1769 1931 1822 1952 nec

1036 1973 1136 2002 Paulus
1146 1978 1273 2009 augetur.

1206 2030 1245 2058 De
1262 2030 1349 2058 Paulo
1371 2030 1483 2058 Romam
1499 2030 1646 2066 navigante.

1071 2078 1185 2107 Paulum
1201 2078 1304 2113 accipe,
1321 2076 1416 2111 Roma;
1433 2077 1468 2105 ad
1485 2081 1512 2105 te
1532 2077 1631 2112 quippe
1654 2075 1778 2111 navigat,
1792 2075 1820 2103 in

1038 2129 1066 2152 te
1080 2124 1283 2159 praedicationis
1298 2131 1354 2151 suae
1367 2123 1532 2151 curriculum
1549 2121 1820 2156 circumscriptores.

1038 2170 1105 2198 Eum
1119 2170 1223 2205 ecripe,
1239 2170 1433 2205 longorumque
1449 2168 1572 2197 laborum
1589 2168 1819 2196 intermissionem

1037 2216 1164 2252 indulge;
1181 2216 1228 2244 sed
1243 2215 1268 2244 ei
1281 2216 1392 2243 omnino
1431 2220 1546 2243 mortem
1565 2215 1653 2250 gladio
1677 2213 1821 2248 irrogahis.

1367 2273 1400 2302 In
1412 2273 1491 2301 idem.

1075 2318 1149 2346 Felix
1174 2326 1215 2353 es,
1229 2318 1377 2353 navigium,
1403 2326 1464 2346 cum
1488 2317 1638 2353 pretiosum
1666 2316 1823 2345 onusintus

1037 2364 1152 2392 Paulum
1168 2363 1251 2399 feras,
1268 2364 1314 2392 Dei
1329 2365 1516 2399 interpretem,
1532 2364 1597 2391 felix
1615 2370 1662 2397 es;
1677 2369 1704 2390 at
1720 2367 1760 2394 tu,
1779 2363 1823 2390 in-

1037 2411 1100 2438 felix
1117 2410 1193 2443 Sion,
1209 2411 1279 2446 quod
1293 2418 1359 2446 opes
1377 2416 1436 2438 tuas
1459 2410 1575 2439 Romam
1590 2411 1694 2443 mittas,
1709 2415 1826 2445 pauper-

1037 2457 1095 2485 cula
1111 2465 1139 2485 es
1151 2461 1179 2485 et
1190 2457 1355 2485 infortunata
1369 2456 1476 2485 civitast
