1949 3076
156 159 224 193 1239

750 159 949 189 THEODOBI
968 157 1172 188 PRODROMI

1719 151 1799 185 1240

157 234 1778 249 Μ

619 315 688 341 ΤΟΥ
704 313 989 342 ΦΙΛΟΣΟΦΩΤΑΤΟΥ
1014 315 1074 342 ΚΑΙ
1099 312 1316 341 ΔΟΓΙΩΤΑΤΟΥ

919 394 1022 419 κη’οΥ

340 421 804 546 ΘΕΟΔΩΡΟΥ
843 475 1018 541 ΤΟΥ
1063 472 1606 541 ΠΡΟΔΡΟΜΟΥ

594 597 1338 687 ΕΠΙΣΤΟΛΑΙ.

662 827 911 856 SAPIENTISSIMI
928 826 972 855 ΕΤ
988 827 1283 861 ELOQUENTISSIMI

917 907 1033 933 DOMINI

435 994 939 1074 THEODORI
999 995 1505 1075 PRODROMI

773 1144 1164 1202 EPISTOL/E.

600 1232 703 1274 (Paitiin
715 1253 747 1273 ex
759 1247 968 1278 Interprelauone
983 1246 1080 1279 Lauri,
1091 1250 1180 1279 partim
1192 1254 1224 1272 ex
1240 1247 1347 1278 nostra.)

417 1399 456 1426 A’.
471 1414 506 1420 —-
523 1399 565 1432 Τῷ
583 1400 690 1435 ἐφόρφ.

200 1447 299 1483 Ἡμεῖς
312 1446 375 1481 μὲν,
398 1445 477 1473 ὀλϐία
491 1454 538 1481 μοι
555 1447 602 1473 καὶ
626 1435 771 1481 σοφωτάτη
788 1447 873 1482 ψυχὴ,
888 1447 947 1482 τρί-

157 1503 208 1530 την
220 1495 323 1530 ταύτην
339 1493 446 1529 ἡμέραν
459 1494 528 1525 ὅλως
543 1494 781 1530 ἀναπεπταμένοις
791 1495 883 1526 ὠτίοις
898 1495 948 1530 τῆς

158 1543 234 1577 ἱερᾶς
251 1549 298 1567 σου
319 1540 453 1575 χελιδόνος
466 1540 572 1574 ὲαρινόν
587 1548 614 1566 τι
634 1540 715 1573 μέλος
733 1540 950 1576 καραδοκοῦντες

156 1587 302 1623 καθήμεθα
314 1595 322 1603 ’
336 1588 353 1622 ἡ
366 1586 394 1613 δὲ
409 1586 459 1613 οὐκ
471 1585 521 1612 οἷδ’
542 1587 596 1612 εἴτε
611 1586 662 1621 τὴν
677 1586 815 1622 ἡμετέραν
832 1586 950 1621 ἐρημίαν

157 1631 356 1669 βδελυττομένη
375 1631 498 1666 (εἰώθασι
520 1632 574 1666 γὰρ
590 1632 724 1667 χελιδόνες
748 1632 812 1663 τοὺς
833 1632 949 1658 πολυαν-

159 1679 349 1716 θρωποτέρους
362 1679 417 1705 τῶν
430 1679 527 1714 χώρων
545 1679 646 1713 μᾶλλον
660 1687 691 1705 πε
697 1678 838 1713 ριλαλεῖν),
852 1678 905 1704 εἴτε
919 1677 950 1704 τὸ

158 1726 223 1761 περὶ
237 1726 311 1761 ἡμᾶς
325 1725 503 1760 δυσχείμερον
524 1725 749 1759 δυσχεραίνουσα,
767 1725 847 1760 σιγᾷν
863 1724 950 1750 ἐθέλει

158 1773 206 1798 καὶ
219 1772 259 1798 ἔτι
273 1773 322 1798 καὶ
336 1772 387 1806 τὴν
402 1771 535 1806 μελῳδίαν
557 1771 775 1798 διαναϐάλλεται·
792 1771 949 1805 διαφθονου-

157 1818 229 1852 μένη
248 1818 298 1852 μὲν
314 1818 380 1852 ἡμῖν
398 1817 445 1844 τοῦ
464 1817 561 1852 μέλους
578 1817 628 1843 οὐκ
646 1817 680 1843 ἂν
694 1818 810 1851 εῐποιμι,
824 1816 951 1849 ἀναξίους

158 1862 182 1889 δ’
199 1863 262 1894 ἴσως
278 1863 410 1897 κρίνουσα
426 1863 476 1897 τῆς
491 1863 572 1899 ᾠδῆς.
589 1862 670 1890 Ἀλλὰ
687 1863 724 1899 μὴ
743 1862 776 1890 σύ
793 1872 836 1897 γε,
854 1861 876 1890 ὧ
892 1863 951 1899 βελ-

157 1909 236 1943 τίστη
261 1917 307 1943 μοι
327 1908 480 1943 χελιδόνων.
504 1908 599 1944 μακρὰ
620 1909 748 1944 σιγήσαὶς
767 1909 813 1935 τὸν
826 1909 951 1944 χειμῶνα

157 1953 224 1987 ἡμῖν
237 1953 407 1985 ἐκτείνουσα,
424 1953 481 1979 ἀλλ’
496 1950 573 1988 ᾆσον,
583 1953 630 1979 καὶ
643 1953 673 1979 τὸ
688 1953 737 1987 τῆς
752 1952 886 1988 θυμηδίας
901 1953 951 1987 ἔαρ

158 1999 191 2034 τῇ
208 1998 267 2034 ᾠδῇ
295 1998 514 2034 συμπαρένεγκε.
537 1999 568 2025 Εἰ
588 1998 643 2033 γὰρ
665 1999 729 2034 μίαν
760 1999 883 2033 χελιδόνα
900 1998 951 2034 ἔαρ

158 2043 294 2079 ἀκούομεν
315 2045 353 2079 μὴ
369 2045 467 2076 ποιεῖν,
485 2043 554 2070 ἀλλὰ
569 2045 601 2070 σύ
624 2053 655 2078 γε
672 2044 751 2071 τοῦτο
766 2045 896 2081 ποιήσῃς,
908 2045 949 2072 ὅτι

449 2131 470 2158 Ι.
487 2147 523 2151 -
538 2132 660 2167 Ephoro.

196 2178 252 2206 Nos
262 2178 377 2213 quidem,
387 2187 402 2204 o
413 2178 518 2213 sapiens
529 2178 645 2213 felixque
656 2179 758 2210 anima,
771 2182 830 2213 post
842 2179 949 2205 tertium

157 2227 244 2261 ipsum
267 2225 336 2252 diem
359 2224 469 2251 arrectis
492 2225 598 2251 auribus
620 2233 704 2252 saera:
725 2225 877 2252 hirundinis
899 2229 951 2251 tute

158 2279 264 2298 carmen
283 2274 462 2305 exspectantes
477 2271 607 2297 sedemus.
626 2271 687 2297 Hine
704 2275 791 2298 autem
809 2271 897 2298 nescio
915 2279 950 2297 an

158 2321 278 2344 nostram
315 2319 384 2344 hanc
420 2317 589 2344 solitudinem
624 2323 747 2344 aversata
777 2320 951 2352 (consuevere

158 2364 228 2390 enim
241 2363 392 2390 hirundines
405 2364 431 2390 in
444 2363 660 2398 frequentissimis
674 2364 735 2390 locis
747 2372 802 2390 esse
816 2359 951 2398 loquacio‘

157 2409 225 2443 res),
236 2418 270 2436 an
286 2409 390 2445 frigida:
401 2409 481 2443 huius
497 2409 660 2443 tempestatis
673 2413 785 2444 pertaesa
800 2414 888 2436 tacere
902 2410 951 2436 ad-

158 2456 209 2482 huc
223 2454 278 2482 vult
294 2460 452 2490 cautumque
467 2463 544 2482 suum
559 2456 665 2490 diﬂ'erre
680 2457 762 2490 pergit
778 2457 805 2482 in
820 2456 886 2482 dies.
900 2455 952 2483 Ne-

157 2510 209 2538 que
227 2502 297 2528 enim
316 2502 390 2528 nobis
409 2502 484 2529 illam
503 2502 620 2528 invidere
639 2502 726 2528 dicam
744 2502 867 2536 indignos
887 2502 954 2537 forte

158 2556 204 2574 nos
223 2555 278 2574 esse
296 2556 413 2575 censeas.
433 2548 471 2574 Ne
491 2552 590 2580 taceas,
609 2556 625 2574 ο
644 2548 817 2575 hirundinum
838 2549 951 2584 optima,

157 2594 262 2620 silentio
278 2598 321 2620 tua
337 2595 448 2621 hiemem
466 2593 540 2621 nobis
555 2595 748 2621 diuturniorem
756 2594 883 2628 efficiens:
898 2594 950 2621 imo

157 2648 233 2671 cane,
254 2644 384 2673 cantuque
406 2641 473 2667 veris
498 2640 569 2667 nobis
592 2639 754 2675 uoluptatem
774 2646 947 2674 reprwsenta.

157 2684 216 2711 Etsi
233 2686 302 2712 enim
319 2686 403 2713 dicere
420 2685 551 2718 solemus,
568 2694 613 2712 ver
628 2686 659 2712 ab
678 2694 731 2713 una
749 2686 889 2712 hirundine
905 2693 949 2712 ne-

156 2738 289 2765 quaquam
305 2732 382 2766 e/ﬁci,
399 2733 478 2767 facies
494 2738 521 2759 tu
536 2736 635 2765 tamen,
648 2732 711 2767 quia
727 2731 843 2766 reliquas
857 2731 951 2758 hirun—

193 2841 234 2880 (i)
247 2845 346 2880 γήθους
356 2847 420 2872 Cod.
440 2848 501 2874 Val.

196 2880 235 2911 (2)
254 2879 292 2906 lla
310 2880 338 2906 in
354 2881 424 2908 Cod.
444 2888 538 2910 uestro
553 2893 559 2910 :
577 2892 674 2912 sensus
690 2884 758 2912 satis
774 2883 950 2917 ulanifcslus,

55 3022 193 3058 Δ

964 1404 991 1432 Α
1002 1410 1044 1428 τοι
1058 1402 1105 1428 καὶ
1117 1402 1172 1429 τῶν
1188 1402 1289 1428 λοιπῶν
1309 1402 1451 1437 χελιδόνων
1466 1402 1638 1436 ὑπέρκεισαι.
1661 1403 1692 1429 El
1706 1403 1763 1438 γὰρ
1778 1403 1794 1430 ὁ

1000 1445 1041 1479 εἷς
1056 1448 1148 1483 μυρίοι
1165 1447 1231 1483 παρ’
1250 1448 1431 1483 Ἡρακλείτῳ,
1447 1449 1495 1476 ἐὰν
1510 1449 1621 1484 ἄριστος
1634 1447 1662 1485 ᾖ,
1680 1449 1793 1481 πάντως

1002 1493 1050 1520 καὶ
1068 1494 1086 1528 ἡ
1104 1494 1154 1528 μία
1179 1492 1291 1529 χελιδὼν
1306 1494 1365 1520 ἀντὶ
1392 1494 1496 1529 μυρίων
1520 1493 1653 1527 λογίζοιτο
1675 1494 1720 1527 ἂν,
1742 1495 1792 1520 ἐὰν

972 1533 978 1539 ’
1003 1539 1143 1575 κληρῶται
1168 1540 1199 1566 τὸ
1221 1540 1342 1574 ἄριστον.
1358 1541 1462 1576 Μυρίαι
1487 1540 1515 1566 δὲ
1539 1540 1672 1575 χελιδόνες
1694 1540 1792 1567 θᾶττον

1002 1586 1110 1618 πάντως
1126 1586 1176 1622 ἔαρ
1191 1587 1360 1621 ποιήσουσιν,
1377 1587 1414 1616 ὡς
1428 1587 1514 1620 ἔγωγε
1527 1586 1578 1622 ἤδη
1594 1587 1641 1612 καὶ
1655 1587 1706 1622 τὴν
1722 1587 1792 1621 ἡμέ-

1003 1640 1053 1667 ραν
1067 1632 1175 1666 ὲαρινὸν
1201 1632 1325 1666 γελὼσαν
1349 1632 1416 1667 ὁρῶ,
1433 1632 1480 1658 καὶ
1496 1631 1545 1667 τὴν
1563 1631 1677 1666 βοτάνην
1699 1631 1792 1666 ἡρέμα

1001 1678 1052 1713 τῆς
1064 1679 1116 1713 γῆς
1130 1678 1335 1713 ὑποφυομένην,
1351 1678 1398 1704 καὶ
1413 1679 1469 1709 τοῖς
1485 1677 1594 1704 ἄνθεσιν
1611 1675 1668 1704 οἷον
1682 1677 1716 1703 τὰ
1730 1678 1790 1704 δέν·-

1002 1725 1053 1760 δρα
1072 1724 1247 1760 τριχούμενα.
1269 1724 1346 1751 Μετὰ
1360 1724 1489 1751 τοιούτων
1504 1732 1534 1750 σε
1558 1724 1612 1751 τῶν
1627 1723 1754 1754 ἐλπίδων.
1767 1719 1792 1750 ὦ

1002 1769 1063 1804 ἱερά
1082 1769 1186 1805 σειρὴν,
1206 1769 1392 1804 περιμένομεν
1407 1776 1414 1783 ⁸
1437 1767 1473 1803 μὴ
1486 1766 1551 1801 γοῦν
1573 1767 1620 1794 επὶ
1641 1766 1697 1793 τῶν
1716 1765 1793 1792 ἐλπί-

1000 1816 1053 1843 δων
1062 1815 1105 1841 ἔτι
1113 1815 1250 1850 καθῆσθαι
1262 1815 1335 1849 ἡμᾶς
1346 1815 1491 1849 ἀπολίπῃς,
1501 1814 1557 1841 ἀλλ’
1572 1813 1687 1848 ἄμειψαι
1696 1814 1791 1848 γραφῇ

1000 1862 1050 1893 τὴν
1069 1860 1189 1896 γραφὴν,
1211 1860 1248 1895 μὴ
1269 1860 1438 1894 δυσχεράνας
1462 1860 1502 1886 δτι
1517 1868 1558 1886 τοι
1584 1860 1645 1886 ἀντὶ
1667 1858 1791 1894 χαλκέων

1001 1907 1080 1938 δίδως
1093 1907 1128 1933 τὰ
1143 1907 1256 1942 χρύσεα,
1274 1905 1340 1932 ἀλλὰ
1366 1905 1468 1940 μᾶλλον
1492 1905 1591 1940 γήλους
1609 1905 1648 1940 (1)
1668 1904 1794 1939 ὑποπλη-

1004 1953 1087 1985 σθεὶς,
1103 1953 1144 1979 ὅτι
1169 1952 1257 1988 ψυχὴν
1278 1952 1383 1987 ἁνακτᾷ
1399 1951 1504 1986 μυρίων
1526 1951 1647 1986 ἀνιαρῶν
1667 1959 1794 1978 κατακω-

1003 1999 1120 2034 χιμένην
1137 1999 1189 2034 (2).
1207 1999 1343 2034 Ἔρρωσο.

968 2136 989 2163 Β
1003 2133 1077 2159 dines
1099 2132 1243 2161 antecellis.
1263 2131 1292 2160 Si
1314 2134 1383 2160 enim
1402 2141 1470 2160 unus
1489 2133 1536 2168 qui
1556 2133 1671 2168 optimus
1690 2133 1724 2159 sit
1745 2139 1794 2166 pro

1004 2181 1092 2206 decem
1114 2179 1231 2207 millibus
1253 2183 1301 2211 est,
1323 2180 1404 2214 juxta
1427 2179 1613 2212 Heraclitum;
1632 2183 1658 2206 et
1680 2186 1735 2205 una
1755 2178 1795 2205 Ili—

1004 2227 1090 2253 rundo
1100 2235 1147 2261 pro
1157 2226 1244 2253 decem
1259 2226 1373 2253 millibus
1385 2226 1534 2261 computari
1546 2225 1630 2258 debet,
1643 2225 1680 2252 sic
1692 2225 1793 2251 eveniat

1005 2280 1060 2299 esse
1077 2272 1152 2299 illam
1170 2273 1307 2308 optimam.
1324 2272 1505 2299 Hirundinum
1521 2279 1582 2298 vero
1599 2271 1689 2298 decem
1705 2270 1790 2297 millia

1004 2317 1114 2344 celerius
1130 2319 1235 2345 omnino
1251 2326 1295 2345 ver
1317 2318 1429 2352 facient;
1446 2322 1473 2344 ut
1489 2321 1514 2344 et
1539 2317 1667 2344 ridentem
1682 2323 1791 2343 uernum

1006 2371 1052 2399 ego
1074 2364 1143 2390 diem
1164 2364 1252 2390 uidere
1273 2365 1369 2399 possim
1389 2368 1414 2390 et
1435 2364 1543 2391 herbam
1561 2372 1575 2390 e
1596 2363 1652 2390 solo
1675 2362 1791 2389 molliter

1006 2414 1185 2444 erumpentem
1193 2429 1206 2441 ,.
1215 2412 1294 2444 atque
1305 2409 1334 2436 in
1345 2409 1506 2444 capillorum
1518 2417 1616 2436 morem
1628 2408 1735 2435 arbares
1746 2408 1793 2443 ﬂo-

1005 2456 1076 2483 ribus
1091 2460 1209 2482 onustas.
1226 2455 1303 2482 Hanc
1323 2464 1395 2491 spem
1409 2456 1523 2490 foventes
1538 2459 1572 2488 te,
1586 2463 1601 2482 ο
1613 2463 1690 2482 sacra
1703 2453 1791 2486 Siren,

1002 2507 1196 2537 exspectamus.
1206 2501 1246 2529 Ne
1254 2510 1314 2537 ergo
1323 2505 1461 2537 postquam
1474 2502 1520 2529 hoc
1530 2502 1696 2536 speravimus
1709 2500 1794 2527 adhuc

1003 2548 1041 2575 ita
1058 2549 1157 2575 morari
1173 2548 1255 2580 sinas,
1270 2548 1315 2575 sed
1328 2547 1444 2583 epistolis
1460 2547 1585 2582 epistolas
1602 2547 1733 2583 repende;
1749 2554 1793 2572 nec

1004 2595 1156 2629 dedignere,
1174 2593 1244 2628 quod
1258 2602 1306 2628 pro
1328 2602 1380 2620 a're
1395 2599 1423 2620 tu
1438 2601 1535 2620 aurum
1550 2592 1690 2625 exhibeas;
1706 2592 1793 2627 gaude

1003 2641 1090 2676 potius
1110 2640 1179 2675 quod
1197 2640 1317 2667 animum
1338 2639 1404 2667 leves
1425 2640 1554 2667 sexcentis
1574 2640 1699 2667 (erumnis
1718 2638 1795 2666 obru-

1003 2692 1069 2714 tum.
1087 2686 1158 2713 Vale.

1003 2856 1066 2911 ἵετε
1082 2849 1165 2877 lectio
1173 2849 1307 2882 obscura;
1321 2847 1392 2876 forte
1401 2846 1663 2882 κατακωκυομὲνην,
1681 2845 1794 2881 ριοταιι-

1019 2892 1072 2911 em.

1019 2892 1072 2911 em.
