1949 3076
119 142 199 176 1241

719 148 881 177 SCRIPTA
901 148 1182 180 MISCELLANEA.

1707 145 1776 178 1252

116 200 219 240 B'-_-_-
239 200 477 240 Εὐχαριστήριος
501 201 541 240 τῷ
568 202 767 240 γομοξύᾴαξιι.
797 211 925 240 {mturare-
939 208 963 237 Α
977 205 1071 232 τεσθαι
1084 205 1151 240 πρὸς
1163 206 1208 232 τὸν
1223 205 1408 240 ὑμνητηριον;
1423 206 1455 233 ΕΙ.
1467 206 1495 232 δὲ
1508 207 1554 232 καὶ
1567 205 1585 232 ὰ
1599 205 1660 240 χεὶρ
1675 204 1712 240 (Ι)
1725 206 1776 233 τὰν

161 237 250 268 δίκῳ,
285 238 334 272 καὶ
362 237 593 272 ὁρςωανοτρόφῳ,
622 237 704 272 πυρῷ
730 238 855 271 Ἀλεξίῳ
884 239 924 272 τῷ

169 271 351 305 Ἀριστήνφ.

161 339 233 369 Εἶτα
251 342 386 376 τραγῳδοὶ
410 342 459 377 μὲν
475 343 521 369 καὶ
544 342 781 378 διθυραμϐοποιοὶ,
798 344 925 372 Θεσπέσιε

120 389 259 422 δέσποτα,
271 388 383 424 (μέτρον
399 389 428 415 δὲ
442 389 456 415 ὁ
481 389 659 425 διθύραμὸος,
675 390 705 416 ὲν
730 390 856 427 Κορίνθῳ
875 391 925 426 μὲν

120 435 283 470 εὑρημένον
298 435 351 461 ὑπὸ
372 434 500 470 ’Δρίωνος
523 436 572 462 τοῦ
589 435 787 471 Μηθύμνηθεν,
806 436 874 463 πολὺ
896 437 925 464 δὲ

119 481 156 508 τὸ
173 481 351 514 ἐνθουσιῶδες
363 482 431 516 μετὰ
443 482 552 517 χορείας
561 481 623 516 ἔχον
637 483 684 508 καὶ
695 482 849 518 βακχικδν),
862 483 925 518 βοῦν

120 535 190 554 τινα
219 527 300 562 μόνον
325 527 342 562 ἢ
366 528 493 563 ἀμφορέα
519 527 626 554 ἔπαθλα
654 528 705 563 τῆς
718 528 792 564 ᾠδῆς
813 529 926 564 κομιζό-

124 582 221 608 μενοι,
238 574 313 608 ὃμως
322 574 373 609 οὐχ
387 573 503 609 ὑφίεσαν
517 574 570 609 τῆς
583 574 683 610 ὁρμῆς,
699 575 759 601 οὐδὲ
775 575 925 603 ἐνεδίδοσαν

122 619 411 655 διθυραμδῳδοῦντες,
425 620 441 656 ἦ
457 620 659 656 τραγῳδοῦντες
674 628 681 636 ·
698 621 754 654 ἐγὼ
763 621 803 653 δὲ,
819 622 924 656 μικρῶν

123 666 184 692 τῶν
204 666 251 692 ἐπὶ
265 666 305 692 σοὶ
328 665 470 702 ῥημάτων,
489 667 536 693 καὶ
548 666 627 693 οὐδέν
650 675 677 693 τι
693 666 758 694 ἄλλο
783 667 799 702 ἢ
816 667 923 695 εὔνοιαν

127 712 217 746 μόνην
229 711 471 747 προϐεϐλημένων,
487 712 622 744 τοσαύτας
639 713 686 739 καὶ
700 712 772 739 οὕτω
792 714 924 748 μεγίστας

125 757 340 791 ὰντιλαμῦάνων
353 758 403 789 τὰς
427 759 555 793 ἀμοιϐὰς,
572 759 619 786 καὶ
634 759 700 786 αὐτὸ
713 759 746 795 δὴ
767 760 857 792 τοῦτο,
874 760 924 796 τὴν

126 802 239 838 ὑψηλήν
254 811 300 830 σου
323 804 450 837 γλῶσσαν
464 804 512 831 καὶ
538 805 616 840 ἱερὰν
636 805 685 839 τῆς
702 806 771 840 ἐμῆς
785 805 924 837 οὐΟενείας

127 846 267 881 πολλαχοῦ
294 848 341 873 καὶ
364 847 494 879 πολλάκις
524 849 648 876 πλουτῶν
674 850 867 885 ἐπιμνήμθνα,
892 851 923 878 οὐ

978 253 1057 286 χεῖρα
1082 251 1162 283 vita,
1180 251 1211 277 τὸ
1232 251 1437 286 Ἐπιχάρμειον,
1456 252 1503 278 καὶ
1526 252 1565 287 τῷ
1589 252 1652 287 δότῃ
1681 251 1774 278 δίδωσί

976 305 1028 328 τις,
1047 297 1078 323 τὸ
1098 296 1245 323 Ἡσιόδειον
1261 297 1309 331 (ﬁ),
1327 298 1374 323 καὶ
1396 298 1442 324 τὸν
1462 298 1558 329 ξὺοντα
1574 296 1721 330 ἀννιξύειν,
1738 297 1771 331 τῇ

979 343 1116 378 παροιμίᾳ
1133 343 1171 376 (ὅ)
1188 342 1270 374 δοκεῖ,
1288 343 1335 369 καὶ
1356 343 1437 378 χάρις
1455 345 1529 370 ἐστὶν
1545 344 1561 378 ἡ
1577 344 1707 370 τίκτουσα
1722 343 1773 378 χά-

977 396 1021 421 ριν
1040 387 1091 422 (Δ),
1106 387 1177 414 κατὰ
1199 387 1248 423 τὴν
1268 387 1442 422 τραγῳδίαν’
1461 388 1518 419 πῶς
1534 388 1564 414 οὐ
1582 390 1631 419 τὰς
1658 388 1774 423 Ὁμηρι-

976 433 1029 465 ad;
1045 442 1090 467 μοι
1105 433 1259 468 χρησθῆναι
1275 433 1399 467 γλώσσας
1420 432 1563 468 εὐξαίμην,
1578 434 1626 460 καὶ
1639 434 1773 468 περιστή-

977 479 1072 506 σεσθαί
1089 488 1123 514 με
1140 480 1190 514 τὴν
1206 480 1370 515 οἰκουμένην
1385 480 1460 514 ὅλην,
1474 479 1512 510 ὼς
1528 479 1649 514 Θέατρον,
1668 480 1710 506 ἵνα
1724 488 1773 505 σου

975 527 1022 553 ἐπὶ
1037 528 1106 554 πᾶσι
1124 527 1155 554 τὸ
1166 526 1305 561 ἐγκώμιον
1318 526 1582 561 ὐψηλολογήσωμαι;

1014 573 1095 599 Ἰστω
1125 573 1190 606 γοῦν
1207 573 1323 608 οὐρανὸς
1349 573 1478 608 ὕπερθεν,
1509 574 1576 600 ἵστω
1595 573 1624 599 δὲ
1651 573 1774 599 κάτωθεν

976 618 1012 652 γῆ
1026 626 1032 633 ·
1048 618 1116 644 ἴστω
1136 618 1166 644 δὲ
1180 617 1214 644 τὰ
1237 617 1317 645 λοιπὰ
1340 617 1394 644 τῶν
1410 618 1564 653 στοιχείων,
1581 619 1597 653 ὴ
1611 617 1659 643 τοῦ
1678 617 1773 649 ὓδατος

975 665 1071 701 φύσις,
1084 666 1100 701 ὴ
1118 665 1166 693 τοῦ
1181 666 1260 701 ἀέρος
1277 667 1366 701 χύσις,
1382 668 1400 702 ἡ
1413 667 1461 693 τοῦ
1476 668 1563 701 πυρὸς
1577 667 1772 701 λεπτομέρεια,

975 712 1012 743 ὼς
1033 712 1088 739 ἰδοὺ
1106 713 1140 738 τὰ
1167 713 1244 748 χείλη
1262 721 1313 748 μου
1338 713 1368 739 οὺ
1384 713 1422 748 μὴ
1447 713 1573 745 κωλύσω,
1590 712 1669 739 τοῦτο
1690 713 1722 747 δὴ
1742 713 1773 739 τὸ

976 757 1053 793 παρὰ
1066 757 1105 793 τῷ
1119 758 1204 784 Δαὸἱδ
1215 758 1456 794 ψαλτῳδούμενον,
1470 758 1520 785 τοῦ
1536 759 1670 790 παντοίως
1687 759 1774 794 ὑμνη-

976 805 1068 838 γορεϊν
1087 813 1128 830 σοι
1150 805 1184 830 τὰ
1210 806 1385 840 χαριστήρια.
1402 805 1458 831 Καὶ
1478 804 1567 832 ταῦτα
1584 805 1702 840 διῆλθον,
1720 805 1770 839 οὐχ

975 850 1017 877 ὅτι
1034 850 1067 877 σὺ
1089 850 1139 884 τῆς
1154 851 1230 876 κάτω
1255 850 1302 876 καὶ
1326 851 1493 885 φαινομένης
1516 850 1595 885 δόξης
1620 850 1703 884 ἐρᾷς·
1718 847 1772 875 οὐδ’

127 889 226 917 πάντιὶ
243 892 313 918 κατὰ
338 893 424 918 νώτου
448 892 562 927 θέμενος
585 894 618 921 τὰ
634 894 726 927 λοιπὰ,
743 895 773 922 ἓν
787 896 866 922 τοῦτο
881 897 924 924 διὰ
938 904 962 934 Β
976 897 1018 924 ὅτι
1035 897 1085 931 τῆς
1102 897 1132 929 ἐξ
1147 897 1300 932 ἀνθρώπων
1318 897 1457 932 εὐφημίας
1472 897 1562 932 ἥττων
1580 896 1767 931 καθέστηκας,

128 935 190 970 βίου
209 937 299 971 μόνον,
323 937 371 973 τὴν
388 938 436 973 σὴν
459 939 608 974 εὐφημίαν,
626 941 863 977 προχειριζοίμην,
886 942 924 974 ὡς

128 983 169 1017 μὴ
185 983 265 1017 μόνον
274 984 387 1015 ἑπτάκις
403 993 431 1010 σε
445 986 495 1020 τῆς
508 985 614 1021 ἡμέρας
626 987 723 1018 οιίνεῖν,
736 987 793 1014 ἀλλ’
807 989 922 1025 ἀπειρά-

127 1036 173 1059 κις
189 1029 321 1064 ἀπείρως,
337 1032 362 1057 εἰ
378 1029 433 1057 οἷόν
449 1039 478 1058 τε
489 1032 567 1058 τοῦτο
583 1033 680 1064 ποιεῖν,
697 1033 745 1060 καὶ
756 1034 785 1060 ὲν
801 1035 856 1065 τοῖς
869 1035 924 1066 σοῖς

128 1075 284 1110 ἀδολεσχεῖν
309 1077 477 1113 δικαιώμασι
503 1079 551 1114 τὴν
575 1080 724 1115 καλλίστην
747 1081 850 1116 ταύτην
876 1081 924 1108 καὶ

128 1122 202 1154 ὅλοις
220 1123 375 1158 προφήταις
399 1125 633 1160 ἀδολεσχουμένην
655 1126 813 1162 ἀδολεσχίαν
827 1135 834 1159 ;
850 1127 922 1153 Καί-

127 1176 170 1194 τοι
194 1169 253 1200 πῶς
271 1169 304 1196 ἂν
319 1170 363 1204 εἴη
390 1170 470 1196 τοῦτο
499 1170 536 1206 μὴ
563 1171 693 1203 ἐπιεικῶς
721 1173 847 1207 ἀνοήτου,
874 1173 921 1199 καὶ

126 1213 225 1250 uappa;
241 1214 402 1250 φιλοσοφίας
415 1216 585 1248 ἐλαύνοντος,
598 1216 627 1243 ὃν
641 1217 696 1243 ἔδει
709 1218 756 1244 καὶ
774 1219 844 1244 κατὰ
856 1219 921 1253 xop-

129 1260 181 1294 ρης
200 1260 346 1295 παιόμενον
363 1262 415 1288 ὕπὺ
432 1262 490 1294 σοῦ,
513 1262 560 1289 καὶ
583 1263 737 1298 ὠθούμενον
753 1264 805 1290 ὑπὸ
819 1255 921 1299 τράχη-

127 1305 184 1336 λον,
200 1306 248 1332 καὶ
262 1306 288 1332 τι
302 1307 362 1342 οὐχὶ
383 1307 524 1334 πάνδεινον
538 1308 688 1343 πάσχοντα,
705 1308 801 1343 ὑμνεῖν
824 1318 853 1335 σε
871 1310 919 1336 καὶ

126 1350 210 1382 οὕτω,
236 1352 282 1379 καὶ
306 1352 351 1379 διὰ
372 1353 494 1388 γλώττης
522 1354 599 1388 ἄγειν
623 1355 759 1390 εὐφήμου,
777 1356 847 1382 αίδοῐ
874 1364 921 1382 σου

127 1401 237 1432 πάντως
259 1401 308 1436 τῆς
321 1402 432 1437 ἀρετῆς,
456 1402 562 1435 τοῦτον,
584 1403 632 1429 καὶ
653 1400 683 1429 εὖ
701 1403 849 1438 πάσχοντα,
874 1404 922 1430 καὶ

131 1447 242 1482 μυρίαις
262 1447 339 1479 ὅσαις
352 1449 413 1479 ταῖς
433 1448 527 1483 χάρισι
548 1448 730 1483 δεξιούμενον,
747 1449 794 1475 νῦν
820 1449 870 1484 μὲν
888 1451 920 1485 τῇ

127 1493 199 1528 χειρί
223 1501 281 1526 σου,
303 1494 350 1520 νῦν
374 1494 402 1520 δὲ
421 1495 454 1529 τῇ
471 1493 590 1529 γλώττῃ,
617 1493 698 1529 σχολῇ
725 1493 773 1520 καὶ
795 1494 920 1528 ἀπομύτ-

126 1596 160 1625 ΙΙ.
178 1611 211 1617 -
228 1596 338 1623 Gratias
357 1596 413 1631 agit
432 1595 529 1623 A‘lexio
549 1595 690 1627 Arisleno,
711 1596 914 1632 nomophylaci.
931 1601 953 1631 ί]

161 1631 319 1667 protecdico
333 1636 361 1658 et
375 1632 613 1666 orplianotropho,
634 1632 669 1658 ob
688 1633 784 1659 tondes
804 1640 873 1667 quas
894 1633 917 1660 is

162 1669 188 1694 in
205 1667 294 1702 ipsum
309 1674 362 1702 pro
377 1667 511 1695 concione
524 1667 675 1695 eﬂudcrat.

162 1733 282 1769 Tragaedi
300 1742 330 1760 ac
347 1733 534 1769 dithyrambici
551 1739 650 1769 poeta.
668 1735 773 1761 domine
790 1734 916 1762 illustris-

126 1781 188 1807 sime
208 1782 258 1815 (est
281 1784 371 1807 autem
401 1781 582 1816 dithyrambus
617 1786 729 1808 metrum
757 1782 788 1808 ab
820 1781 917 1809 Arione

127 1825 318 1861 Methymnensi
336 1827 482 1859 inventum,
492 1826 670 1852 onthusiasmo
689 1835 719 1852 ac
735 1825 874 1852 saltationi
892 1831 915 1852 et

127 1871 335 1899 Bacchanalibus
351 1872 465 1907 aptum),
482 1871 569 1899 bovem
584 1872 729 1907 simplicem
746 1877 791 1899 aut
807 1873 917 1907 ampho-

128 1927 183 1945 ram
198 1918 275 1953 pretii
290 1918 346 1945 loco
362 1923 537 1953 reportantes,
553 1919 674 1945 bacchari
689 1922 712 1944 et
726 1919 803 1954 genio
817 1920 916 1954 poetico

126 1964 261 2000 indulgere
277 1965 477 1992 continuabant.
494 1964 551 1999 Ego
569 1970 672 1997 autem,
690 1966 734 2000 qui
751 1973 798 2000 pro
815 1966 916 2001 exiguis

127 2011 159 2037 (ul
174 2014 198 2037 te
211 2010 295 2037 verbis
309 2018 341 2037 ex
355 2011 479 2037 benevolo
494 2011 582 2036 animo
597 2011 707 2045 prolatis
723 2013 917 2038 remuneratio-

127 2066 183 2084 nem
200 2058 259 2094 plus
276 2065 356 2092 quam
373 2058 495 2084 meritam
513 2057 625 2086 obtineo.
644 2057 762 2091 linguam
780 2062 853 2085 tuam
870 2067 914 2085 sa-

127 2113 197 2133 cram
216 2113 274 2141 quae
293 2105 327 2131 ad
345 2105 515 2139 exiguitatem
534 2112 620 2131 meam
640 2109 796 2139 comparata
815 2105 916 2139 primas

126 2153 174 2187 fert
193 2157 290 2188 partes,
308 2152 417 2178 minime
434 2152 530 2186 spretis
549 2155 595 2177 aut
615 2150 738 2184 neglectis
756 2151 857 2177 cmtcris
875 2159 917 2178 re-

126 2198 182 2229 bus,
198 2205 244 2232 per
260 2201 343 2224 totam
361 2197 441 2224 vitam
459 2199 533 2223 tuam
550 2195 734 2222 tantummodo
754 2195 859 2222 laudent
875 2203 917 2222 ce-

128 2244 288 2275 lebraverint,
306 2247 334 2269 ut
351 2251 402 2270 non
418 2242 504 2269 solum
519 2243 613 2277 septies
627 2246 652 2268 te
666 2242 814 2277 quotidie‘,
828 2242 872 2269 sed
888 2243 915 2269 in

127 2289 267 2324 infinitum,
281 2289 304 2316 si
318 2289 378 2323 ﬁeri
394 2293 489 2321 potest,
506 2288 667 2321 collaudem,
685 2292 710 2314 et
725 2288 754 2314 in
769 2287 916 2315 exaltanda
934 2280 953 2307 D

127 2338 226 2370 iustitia
253 2341 299 2364 tua
324 2336 503 2371 eloquentiam
530 2336 663 2371 prophetis
686 2336 795 2369 dignam
823 2343 917 2370 expro-

128 2392 204 2411 mam.
221 2384 276 2411 Hoc
291 2392 351 2411 vero
368 2385 479 2411 hominis
495 2383 565 2412 male
578 2384 638 2411 sani
654 2388 677 2411 et
695 2383 726 2410 ab
743 2384 815 2410 omni
831 2383 917 2418 philo—

127 2430 213 2465 sophia
231 2430 313 2457 alieni
331 2430 421 2466 fuerit,
438 2439 516 2466 quem
533 2440 549 2458 a
567 2435 591 2457 te
608 2430 742 2458 verberari
759 2434 868 2457 strenue
886 2438 917 2456 ac

128 2477 246 2511 castigari
267 2485 316 2511 par
336 2481 412 2509 esset,
434 2477 562 2512 siquidem
582 2481 606 2504 ct
626 2477 663 2504 sic
683 2481 708 2504 te
729 2477 820 2512 lingua
842 2476 918 2503 blan-

129 2524 207 2550 diente
229 2523 332 2558 hymnis
352 2523 477 2556 celebrat,
498 2528 523 2550 te
544 2524 589 2558 qui
610 2524 697 2559 ipsum
718 2523 775 2550 licet
799 2523 917 2550 maxima

129 2578 183 2596 eum
201 2569 309 2604 fortuna
328 2570 517 2605 amplectatur,
536 2579 617 2597 manu
636 2579 667 2597 ac
688 2570 779 2606 lingua
800 2573 918 2596 tractare

129 2618 154 2642 ut
171 2620 294 2650 meretur,
313 2624 339 2643 es
359 2616 515 2643 destinatus.
533 2615 562 2643 Si
582 2621 672 2643 autem
692 2624 787 2644 manus
809 2624 919 2643 manum

162 2705 170 2722 ¹
185 2705 360 2738 l‘sal.cxvm,
377 2705 438 2733 164.
477 2705 570 2734 ’Psal.
584 2714 678 2739 xxxix,
695 2706 739 2733 ΙΟ.

164 2781 199 2818 (Ι)
212 2781 293 2818 ροιιί.
305 2781 381 2818 Plat.
401 2782 426 2808 iu
442 2782 537 2818 Assioc.
555 2786 575 2809 ι.
590 2781 636 2814 ΙΙΙ,
655 2790 681 2818 p.
696 2781 760 2815 556,
775 2782 804 2810 C.

159 2817 194 2851 (“2)
211 2815 392 2852 ΙΙεςίοιΙηΟρ.
413 2825 440 2844 v.
461 2817 513 2844 555

164 2852 198 2886 (ὖ)
216 2853 301 2880 Arist.
315 2851 362 2881 0r.
379 2852 404 2886 Ι,
423 2860 469 2887 pro
496 2852 561 2880 1V"
580 2854 652 2889 viris,
669 2861 694 2882 c.
712 2853 773 2887 HI,
790 2857 809 2881 ι.
826 2853 856 2886 ΙΙ,
885 2861 912 2888 ρ.

135 2887 178 2920 Si,
189 2888 236 2915 lin.
257 2888 285 2916 5.

975 943 1048 978 ἀνὴρ
1066 943 1166 974 παντὸς
1184 943 1296 969 ἐπαίνου
1310 943 1442 978 κρείττων
1454 943 1612 977 γενόμενος,
1628 942 1676 969 καὶ
1690 942 1773 973 αὐτὸς

973 990 1015 1020 είς
1031 989 1116 1023 ὕμνον
1140 989 1284 1024 ἁποχρέων
1298 989 1398 1024 ἑαυτῷ,
1421 988 1472 1016 κᾶν
1496 989 1637 1023 ἄνθρωποι
1664 987 1772 1021 σιωπή-

974 1044 1073 1070 σαιμεν
1088 1045 1094 1052 ·
1113 1036 1171 1063 ἀλλ’
1195 1037 1238 1063 ὅτι
1260 1044 1301 1062 τοι
1323 1036 1354 1062 τὸ
1371 1035 1420 1070 τῆς
1449 1035 1611 1070 ἀχαριστίας
1631 1034 1688 1068 ἐγὼ
1703 1032 1770 1060 πολὺ

975 1083 1030 1118 πρὸ
1044 1082 1098 1109 τῶν
1122 1082 1211 1109 ἄλλων
1230 1081 1370 1117 ἐπιτίμιον
1396 1081 1517 1112 δέδοικα,
1538 1081 1584 1107 καὶ
1611 1079 1772 1106 ὑποστέλλο-

975 1128 1027 1164 μαί
1041 1137 1083 1162 γε,
1103 1129 1152 1163 τὴν
1167 1129 1318 1163 παροιμίαν
1333 1127 1384 1162 (5),
1401 1128 1438 1163 μή
1457 1136 1490 1162 με
1502 1128 1560 1158 τοῖς
1576 1126 1769 1162 μυριζομένοις

976 1173 1173 1209 συγκατατὰξῃ
1199 1175 1315 1208 νεκροῖς.
1335 1173 1452 1199 Ἔπειτα
1482 1172 1598 1208 εὔχομαι
1624 1172 1688 1203 τοὺς
1720 1171 1770 1205 μὲν

974 1219 1106 1253 ἀγαθοὺς,
1120 1220 1156 1250 ὡς
1173 1219 1206 1245 ἂν
1222 1217 1276 1249 οἷός
1293 1227 1322 1245 τε
1336 1215 1370 1251 ὦ,
1387 1218 1532 1253 εὐφημεῖν,
1550 1217 1645 1252 ψέγειν
1658 1217 1684 1243 δὲ
1700 1217 1770 1251 μηδὲ

973 1266 1037 1296 τοὺς
1055 1264 1170 1295 κακοὺς,
1182 1262 1358 1290 δικαιότατον
1373 1264 1466 1289 τοῦτον
1483 1263 1566 1297 φόϐον
1587 1262 1768 1297 φοὸοὑμενος,

971 1312 1010 1346 μή
1025 1319 1067 1343 τις
1082 1312 1129 1337 καὶ
1145 1311 1229 1337 πάλιν
1245 1311 1342 1344 Τίμων
1358 1309 1491 1345 νεώτερος
1505 1309 1608 1343 ἀγαθόν
1623 1317 1656 1342 με
1675 1308 1769 1342 ψέγειν

971 1359 1232 1395 προσαγορεύσειεν,
1259 1358 1296 1389 ὡς
1315 1359 1329 1384 ὁ
1346 1357 1464 1388 παλαιὸς
1488 1358 1591 1386 ἐκεῖνος
1616 1356 1661 1382 τὸν
1678 1355 1770 1381 Σπεύ-

970 1413 1083 1431 σιππον.
1102 1404 1157 1430 Καὶ
1179 1403 1268 1438 ἄλλως
1291 1403 1332 1435 δὲ,
1351 1403 1375 1428 εί
1391 1403 1439 1429 καὶ
1460 1402 1497 1437 μὴ
1515 1401 1547 1427 σὺ
1571 1401 1627 1427 τῶν
1648 1399 1769 1426 ἐπαίνων

971 1451 1031 1486 δέῃ,
1049 1450 1117 1476 ἀλλὰ
1135 1449 1182 1476 σοῦ
1207 1450 1231 1476 oi
1255 1449 1361 1476 ἔπαινοι
1380 1449 1497 1481 δέονται,
1513 1448 1542 1474 οὐ
1569 1447 1670 1482 μᾶλλον
1691 1448 1770 1472 ἐπαι-

974 1496 1084 1532 νοῦντες
1098 1495 1114 1531 ἢ
1129 1496 1172 1522 διὰ
1186 1496 1233 1522 τοῦ
1246 1496 1368 1522 ἐπαινεῖν
1384 1495 1586 1529 ἐπαινούμενοι.
1608 1492 1701 1528 Ὕμνῶ
1713 1492 1769 1527 γὰρ

971 1597 1058 1629 lavat,
1073 1601 1101 1623 ut
1117 1597 1293 1632 Epicharmus
1309 1597 1386 1627 dicit,
1402 1599 1447 1622 aut
1463 1595 1486 1621 si
1501 1593 1576 1620 danti
1591 1594 1636 1619 dat
1654 1591 1766 1627 aliquis.

970 1647 998 1670 ut
1015 1647 1053 1670 est
1070 1644 1096 1670 in
1111 1643 1235 1675 Hesiodo,
1250 1648 1296 1669 aut
1310 1643 1332 1669 si
1347 1642 1486 1676 fricantem
1502 1639 1610 1674 refricat
1623 1658 1629 1670 ,
1646 1643 1673 1664 ut
1688 1642 1725 1664 est
1740 1639 1767 1664 in

971 1688 1123 1724 proverbio,
1139 1693 1185 1715 aut
1197 1689 1219 1714 si
1233 1689 1320 1723 gratia
1334 1687 1380 1713 dat
1394 1687 1524 1721 gratiam,
1538 1690 1566 1711 ut
1583 1685 1671 1710 dicunt
1685 1687 1782 1734 poem?

971 1736 1065 1771 tragici
1083 1743 1092 1762 :
1112 1735 1242 1770 quomodo
1263 1743 1314 1761 non
1336 1733 1504 1760 Homericam
1527 1730 1660 1766 loquelam
1681 1730 1767 1765 op'tem

970 1782 1051 1814 mihi,
1065 1786 1092 1808 ut
1109 1790 1197 1808 coram
1213 1781 1334 1808 omnibus
1350 1785 1426 1807 terra:
1442 1778 1533 1806 incolis
1551 1777 1585 1805 ad
1601 1777 1693 1804 caelum
1709 1775 1768 1802 lou-

970 1827 1014 1854 des
1028 1832 1087 1854 tuas
1103 1829 1210 1863 efferam
1222 1828 1234 1854 ?

1007 1874 1078 1902 Sciat
1105 1875 1186 1910 igitur
1210 1874 1302 1910 caglum
1327 1881 1450 1908 superne,
1474 1872 1539 1899 sciat
1569 1876 1658 1903 terra;
1682 1871 1767 1897 sciant

970 1926 1067 1949 cwlera
1084 1921 1224 1952 elementa,
1242 1929 1319 1956 aqua:
1337 1925 1445 1951 natura,
1464 1919 1533 1945 aeris
1553 1919 1680 1948 mixtura.
1699 1917 1767 1951 ignis

969 1968 1118 1998 subtilitas.
1136 1967 1205 2002 quod
1222 1967 1300 1993 labiis
1319 1967 1382 1993 meis
1401 1973 1452 1992 non
1472 1964 1622 2000 temperabo
1639 1968 1662 1988 t't
1681 1962 1767 1998 quod,

971 2014 1006 2040 ad
1021 2013 1129 2040 Davidis
1141 2012 1342 2049 psalmographi
1352 2011 1499 2045 exemplum
1511 2011 1532 2040 ¹,
1543 2011 1612 2037 dona
1624 2015 1668 2037 tua
1685 2010 1769 2037 inces-

969 2066 1061 2087 santer
1073 2064 1153 2087 cantu
1169 2060 1280 2087 celebro.
1296 2059 1357 2086 Ilaec
1373 2063 1462 2085 autem
1478 2057 1534 2084 dico
1551 2066 1603 2084 non
1618 2057 1694 2092 quasi
1709 2056 1766 2091 glo-

970 2107 1018 2132 riw
1037 2106 1168 2132 terrestris
1186 2112 1311 2140 uuna’que
1327 2108 1355 2130 tu
1370 2104 1481 2139 cupidus
1497 2105 1532 2130 sis
1544 2124 1550 2135 ,
1568 2107 1613 2129 aut
1631 2103 1766 2129 hominum

971 2152 1092 2180 laudibus
1110 2152 1257 2183 seducaris,
1278 2156 1306 2177 tu
1325 2151 1369 2185 qui
1389 2151 1460 2177 omni
1478 2149 1605 2184 pancgyri
1624 2148 1712 2183 major
1728 2156 1765 2178 cs,

970 2199 1015 2235 qui
1030 2200 1068 2226 lui
1084 2199 1165 2234 ipsius
1179 2206 1204 2225 es
1218 2199 1341 2233 hymnus,
1357 2196 1417 2223 licet
1433 2205 1479 2222 nos
1495 2196 1583 2222 ca’teri
1595 2194 1700 2221 silentio
1715 2194 1768 2220 vir-

972 2250 1039 2272 tutes
1057 2248 1115 2271 tuas
1132 2248 1339 2278 prwtereamus;
1354 2241 1400 2268 sed
1415 2241 1477 2275 quia
1493 2240 1628 2274 ingratum
1646 2239 1766 2265 animum

969 2293 1039 2318 inter
1052 2290 1166 2325 pessima
1182 2297 1250 2324 pono
1265 2287 1342 2318 vitia,
1357 2291 1382 2313 et
1397 2285 1465 2321 quod
1481 2286 1568 2315 timeo,
1585 2293 1626 2313 ne.
1642 2289 1669 2310 ut
1685 2290 1722 2310 est
1738 2285 1768 2311 in

969 2336 1120 2372 proverbio,
1135 2334 1247 2361 mortuis
1263 2332 1374 2360 conditis
1390 2332 1483 2360 similis
1499 2331 1608 2358 habear.
1627 2330 1691 2357 Tum
1707 2338 1768 2364 pre—

970 2391 1024 2416 cor,
1043 2387 1071 2409 ut
1090 2383 1169 2408 bonos
1187 2389 1234 2416 pro
1251 2380 1322 2407 uirili
1340 2384 1415 2415 parte
1434 2377 1551 2408 laudent.
1572 2376 1656 2404 malos
1676 2382 1766 2403 autem

969 2438 1001 2457 ne
1015 2429 1161 2464 objurgam,
1177 2428 1204 2454 id
1219 2436 1315 2462 magno
1333 2436 1389 2454 meo
1401 2427 1465 2462 jure
1480 2430 1542 2453 ante
1560 2426 1650 2452 onmia
1671 2425 1765 2451 timens

971 2484 1003 2502 ne
1021 2475 1089 2502 alter
1105 2474 1176 2502 Timo
1193 2483 1233 2501 me
1251 2474 1296 2509 qui
1313 2475 1394 2500 bonus
1412 2481 1481 2503 sum.
1500 2473 1650 2506 vituperare
1667 2478 1767 2505 pra’stt—

972 2526 1045 2554 mat,
1070 2526 1098 2548 ut
1122 2523 1246 2557 antiquus
1271 2521 1316 2547 ille
1339 2521 1379 2547 vir
1401 2519 1588 2554 Speusippum.
1610 2517 1683 2544 Illud
1705 2525 1768 2543 vero

971 2569 1035 2596 scito
1051 2568 1120 2604 quod
1133 2569 1156 2594 si
1171 2573 1199 2594 tu
1215 2575 1267 2594 non
1284 2566 1362 2593 laude
1378 2574 1436 2602 eges
1447 2586 1454 2598 ,
1470 2564 1537 2592 certe
1553 2564 1644 2591 laudes
1660 2569 1684 2590 te
1700 2571 1764 2598 opus

972 2615 1067 2643 habent
1084 2615 1114 2641 ob
1132 2615 1212 2641 uicem
1231 2615 1403 2649 reciprocam.
1426 2611 1506 2639 Valde
1522 2612 1591 2638 enim
1607 2610 1675 2638 illud
1694 2610 1764 2636 (ἐίσας

1008 2782 1047 2816 (Ii)
1065 2780 1195 2816 Sophoci.
1215 2780 1256 2813 ΑΙ.
1275 2787 1302 2806 ιν.
1319 2780 1383 2806 5‘12.

1004 2813 1167 2879 f5)0_8153ras:11.
1199 2815 1284 2850 Adug.
1307 2815 1372 2843 chi].
1395 2815 1437 2849 Ill,
1468 2817 1539 2843 cont.
1557 2813 1599 2847 ΙΙΙ,
1615 2815 1694 2849 adag.
1712 2813 1759 2848 50,

969 2860 1000 2880 cc
1017 2872 1021 2878 .
1095 2871 1102 2878 .
