1949 3076
191 151 258 185 1243

804 161 1004 191 Tl-IEODORI
1019 161 1202 192 PBODROM
1208 163 1217 191 I

1754 159 1834 190 124$

187 210 243 243 ἐγὼ
257 211 367 237 κάκεῖνο
383 212 413 238 τὺ
425 211 472 239 τοῦ
493 214 660 249 Κικέρωνος,
677 216 690 242 ὃ
707 217 774 252 πρὸς
795 218 842 244 τδν
858 227 974 254 στρατη·
987 225 1012 253 Α
1026 220 1109 251 πόσος
1133 222 1223 254 κρῖναι
1258 219 1399 254 ποιήματα
1427 217 1553 250 πέφυκας
1567 225 1573 248 ;
1610 215 1768 250 Ἐθρέψατό
1798 224 1831 241 ξε

187 257 338 290 γικώτατον
353 258 467 285 Κάτωνα
485 259 533 294 (6),
557 260 683 296 Ῥωμαίω
700 263 720 289 δ’
735 263 818 298 ἄμφω
832 264 870 290 τὼ
883 265 974 299 ἄνδρε,

189 304 278 337 σοφῶς
301 304 508 338 ἀπεφθέγξατο·
526 307 556 333 Εί
572 309 620 335 καὶ
640 310 677 344 μὴ
694 310 792 337 Κάτων
806 311 889 337 δεῖται
909 311 976 337 Ῥώ-

190 356 252 382 μης.
270 348 366 381 εἰπὼν,
380 350 438 376 ἀλλ’
453 352 469 386 ὴ
489 351 581 388 Ῥώμη
599 355 735 386 Κάτωνος.

229 394 258 420 '0
278 395 327 428 μὲν
354 394 400 423 οὖν
425 397 565 432 Ἀθηναῖος
594 400 740 435 φιλόσοφος
761 399 844 435 (οἶδας
868 401 899 427 τὸ
928 402 976 434 τῆς

187 441 377 477 πρεσϐυτέρας
399 443 478 478 εὖχος
502 445 678 480 Ἀκαδημίας,
707 447 753 472 τὸν
774 447 904 473 Πλάτωνα
925 446 976 483 [7])

188 485 303 513 ἕκαστον
317 487 372 514 τῶν
389 489 438 522 τῆς
455 491 519 524 παρ’
541 491 623 517 αὐτοῦ
644 490 823 526 πολιζομένης
839 493 977 524 πολιτείας

189 531 293 566 ἀνδρῶν
312 534 375 568 μιᾶς
393 543 466 566 τινος
483 537 528 562 καὶ
549 537 633 571 μόνης
654 535 724 564 εἶναι
739 538 864 572 τεχνίτην
880 538 978 573 τέχνης

188 579 405 614 νενομοθέτηκε·
424 581 490 615 μηδὲ
513 582 566 617 γὰρ
593 583 638 608 τὸν
658 583 802 617 φιλόσοφον
822 584 886 616 περὶ
903 585 979 610 δικα-

189 625 285 659 στικὴν
313 627 463 661 ὲστράφθαι
479 628 577 662 χρῆναι
598 629 644 655 καὶ
667 630 794 665 νομικὴν,
822 630 890 665 μηδὲ
914 631 977 665 περὶ

190 670 349 706 φιλοσοφίαν
362 670 439 703 αὖθις
453 673 496 698 τὸν
511 674 652 710 δικαστὴν,
666 675 699 701 ἵν’
714 675 785 701 οὕτω
799 677 859 707 ταῖς
870 677 978 710 τέχναις

189 718 221 744 τὸ
238 719 322 753 ἄκρον
352 720 445 746 καὶτὸ
466 719 496 748 εὖ
520 722 700 757 περιγένοιτο.
719 723 749 749 Εἰ
775 723 803 749 δέ
825 732 867 754 τις
895 723 977 755 ἔλθοι,

190 765 258 799 φησὶ
284 765 332 800 (8),
363 767 484 798 ποικίλος
512 768 581 803 ἀνὴρ
605 769 651 795 καὶ
678 770 860 800 παντοδαπὸς,
885 769 979 795 τοῦτον

191 813 356 845 προσκυνεῖν
375 813 425 848 μὲν
445 815 492 840 καὶ
506 815 699 850 ἀποδέχεσθαι,
715 816 751 847 ὡς
765 817 837 851 ἱερὸν
850 817 898 844 καὶ
913 816 980 842 θαυ-

193 857 306 891 μαστὸν,
321 859 512 892 ἀποφαίνεται,
529 861 569 892 είς
590 861 686 895 ἑτέραν
701 861 722 887 δ’
746 863 820 896 ὅμως
837 862 914 888 πόλιν
936 863 981 888 ὲκ-

1031 266 1196 300 Ῥητςρικήν
1226 265 1273 291 καὶ
1300 264 1348 298 φεῦ
1376 263 1429 289 τῶν
1444 262 1494 295 τῆς
1519 260 1630 292 πειθοῦς
1653 262 1761 294 ἰύγγων
1780 261 1832 285 καὶ

1026 313 1081 339 τῶν
1098 312 1248 347 σειρήνωνῐ
1268 311 1329 341 ὅσος
1350 310 1398 344 μὲν
1422 308 1635 343 συμϐουλεῦσαι,
1659 307 1722 337 ὅσος
1742 306 1774 332 δὲ
1789 305 1832 331 δι-

1027 358 1164 384 κάσασθαι
1183 358 1315 391 πέφηνας,
1332 356 1379 382 καὶ
1403 356 1464 385 ὅσος
1481 355 1530 389 μὲν
1546 354 1589 380 διὰ
1611 353 1737 386 γλώττης
1753 360 1831 385 τερο-

1029 403 1175 429 6ἄιλλεσθαι
1189 402 1218 427 τὸ
1235 401 1339 436 νοηθὲν,
1355 401 1415 430 ὅσος
1430 399 1457 425 δὲ
1473 399 1520 424 καὶ
1542 399 1628 432 χάρτῃ
1645 397 1828 431 ἐπισημήνα-

1029 449 1093 475 σθαι
1110 449 1167 482 (9);
1192 448 1356 481 Πολυεύκτῳ
1384 446 1432 481 μὲν
1451 443 1499 471 οὖν
1526 444 1564 479 τῷ
1592 443 1719 478 Σφηττίῳ
1746 441 1829 476 σοφῷ

1029 497 1121 530 ῥήτωρ
1139 494 1187 529 μὲν
1201 494 1311 528 ἄριστος
1325 492 1512 527 Δημοσθένης,
1528 492 1616 517 εἰπεῖν
1628 491 1656 516 δὲ
1668 490 1828 520 δεινότατος

1027 541 1141 566 Φωκίων
1168 538 1398 574 προσηγορεύετο,
1416 537 1454 569 ὡς
1480 537 1576 563 τούτου
1596 536 1645 571 μὲν
1671 537 1779 562 ἐκεῖνον
1795 536 1827 560 ἐν

1029 584 1068 619 τῷ
1088 584 1245 619 ῥητορεύειν
1258 584 1305 610 καὶ
1320 584 1445 618 γράφειν,
1461 582 1565 608 ἐκείνου
1584 581 1612 607 δὲ
1626 581 1720 607 τοῦτον
1738 581 1768 606 ὲν
1785 580 1827 613 τῷ

1028 631 1118 663 λέγειν
1146 631 1193 656 καὶ
1218 630 1382 665 δημηγορεῖν
1408 628 1632 663 ὑπερϐάλλοντος.
1656 627 1692 652 Σὺ
1720 626 1748 651 δὲ
1777 628 1827 651 καὶ

1030 677 1073 702 ἐπ’
1089 678 1190 711 ἀμφοῖν
1204 675 1382 711 κεκλήρωσας
1400 675 1461 710 (sic)
1479 675 1510 700 τὸ
1524 674 1678 707 εὐδόκιμον,
1695 673 1755 702 ταῖς
1774 672 1826 705 μὲν

1032 722 1187 757 ῥητορείαις
1198 722 1244 748 τὸν
1254 721 1421 756 Δημοσθένη,
1434 721 1494 751 ταῖς
1507 720 1533 745 δὲ
1544 718 1726 753 δημηγορίαις
1740 718 1795 743 ύπε
1801 725 1828 751 ρ·

1030 769 1193 802 ϐαλλόμενος
1209 767 1254 794 τὸν
1275 767 1415 793 Φωκίωνα.
1431 765 1572 800 Ίινδρωσέ
1596 774 1626 790 σε
1649 764 1719 798 μετὰ
1734 763 1827 789 tui-.1

1030 815 1122 849 Νόμος
1136 815 1183 841 καὶ
1197 814 1369 848 Νομοθετική
1381 821 1387 828 ·
1400 813 1447 839 καὶ
1460 812 1511 846 φεῦ
1525 812 1575 845 τῆς
1589 809 1755 840 εὑθυδικίας,
1773 809 1828 843 τῆς

1034 859 1195 896 ίσορῤεποῦς
1213 859 1390 892 πλάστιγγος,
1413 857 1461 884 τοῦ
1476 857 1597 888 κανόνος,
1617 856 1666 890 τῆς
1685 855 1828 889 στάθμης,

192 903 311 936 πέμπειν
326 904 391 939 ἐρίῳ
408 906 541 940 πρότερον
561 906 749 940 στεψαμένους
771 907 851 934 αὑτὸν
866 909 912 934 καὶ
930 907 980 942 μύ-
997 903 1016 930 Β
1030 906 1079 939 τῆς
1099 905 1175 940 ἱερᾶς
1191 903 1316 939 θέμιδοςί
1335 904 1397 934 ὅσος
1416 902 1464 937 μὲν
1481 901 1596 928 ἀκοῦσαι
1616 901 1684 935 μετὰ
1699 899 1828 934 πραότη-

193 957 239 982 ρον
251 949 321 974 κατὰ
329 950 378 984 τῆς
391 951 511 984 κεφαλῆς
519 952 677 985 χεαμένους.
688 953 767 983 Ἴσως
777 953 832 988 γὰρ
843 953 981 988 θειοτέρας

192 994 274 1021 αὑτὸν
288 995 364 1030 ἠξιίου
378 997 425 1022 καὶ
441 996 472 1022 οὐ
488 991 558 1023 κατὰ
572 997 714 1031 ἄνθρωπον
733 998 782 1032 τῆς
797 1001 888 1033 τιμῆς.
906 999 936 1025 Ei
949 999 980 1035 δὴ

193 1040 241 1066 καὶ
273 1041 354 1075 ἡμεῖς
379 1041 422 1067 ἐπ’
442 1042 549 1077 ἐκείνης
573 1041 644 1078 ἦμεν
672 1045 719 1078 τῆς
751 1045 899 1075 πολιτείας,
921 1045 981 1071 τίνα

193 1084 274 1111 ἄλλον
290 1085 386 1120 ἐχρῆν,
401 1087 425 1112 εἰ
441 1087 477 1121 μὴ
497 1087 536 1117 σὲ,
553 1087 694 1121 σοφώτατε
710 1088 878 1122 νομοφύλαξ,
894 1097 980 1122 προσ-

195 1130 345 1164 κυνηθῆναι
365 1131 414 1165 μὲν
431 1132 478 1158 καὶ
502 1133 694 1168 ἀποδεχθῆναι,
709 1133 746 1165 ὡς
769 1134 852 1168 ἱερὴν,
869 1134 983 1168 στεφθῆ-

194 1184 241 1202 ναι
253 1176 281 1202 δὲ
297 1177 347 1210 τὴν
364 1177 497 1212 κεφαλὴν,
516 1178 564 1204 καὶ
585 1178 615 1204 τὸ
631 1179 717 1213 μύρον
736 1179 928 1214 περιχυθῆναι,
945 1179 983 1210 ὼς

193 1223 224 1248 τὸ
243 1223 334 1255 είκός;
357 1223 410 1249 Καὶ
436 1223 477 1253 τίς
495 1223 549 1259 γὰρ
575 1224 714 1256 ἄλλος,ὡς
737 1227 781 1257 σὺ,
798 1225 909 1256 πολλαῖς
935 1225 984 1260 μὲν

195 1270 302 1304 τέχναις
319 1270 365 1296 καὶ
387 1271 551 1305 ἐπιστήμαις
569 1271 719 1306 ὡμίληκεν,
743 1272 857 1298 ἁπασῶν
879 1272 908 1297 δὲ
925 1272 985 1298 τού-

194 1324 248 1341 των
260 1316 309 1347 τὰς
321 1316 484 1350 ἀκροπόλεις
498 1317 678 1351 κατείληφεν;
698 1317 842 1351 Ἐμαίευσέ
856 1326 885 1343 σε
895 1317 985 1352 Γραμ-

198 1362 300 1396 ματική
313 1368 321 1376 ‘
341 1363 387 1388 καὶ
401 1362 452 1395 φεῦ
472 1362 521 1397 τῆς
534 1363 706 1397 ὀρθολεξίαςί
729 1364 788 1394 ὅσος
813 1363 861 1397 μὲν
884 1364 983 1398 ἐτυμο-

195 1409 288 1442 λογίαν
303 1408 402 1442 εὑρεῖν,
417 1410 477 1441 ὅσος
492 1410 521 1436 δὲ
545 1410 690 1444 ἀναλογίαν
706 1409 877 1444 ἐκλέξασθαι,
893 1411 938 1436 καὶ
955 1411 984 1437 ὸ-

1033 960 1076 983 τος
1101 951 1301 985 ἀναπέφανπαι,
1318 950 1380 981 ὅσος
1397 950 1425 975 δὲ
1447 948 1643 984 ψηφηφορῆσαι
1661 946 1731 982 μετὰ
1745 945 1831 972 εὐθύ-

1031 1007 1123 1033 τητος,
1138 997 1175 1032 μὴ
1188 997 1307 1028 δεκάζων
1327 996 1427 1031 κρίσιν,
1450 995 1487 1029 μὴ
1510 993 1666 1029 προσώπου,
1685 993 1723 1028 μὴ
1736 992 1828 1026 δώρου

1031 1043 1112 1078 λῆψιν
1131 1043 1183 1077 πρὸ
1206 1042 1255 1074 τῆς
1280 1041 1411 1075 ἀληθείας
1437 1040 1596 1074 τιθέμενος;
1620 1038 1758 1074 Ἐῤῥίφθω
1773 1038 1829 1071 γὰρ

1031 1090 1118 1116 ἐκεῖνο
1128 1088 1175 1115 τοῦ
1189 1088 1270 1119 ἔπους
1286 1088 1333 1114 καὶ
1350 1086 1592 1118 ἁπεσκυΰαλίσθω,
1608 1086 1622 1111 ὃ
1635 1093 1703 1120 φησι
1715 1092 1723 1098 ·

1033 1137 1114 1169 Δῶρα
1129 1135 1217 1167 θεοὺς
1233 1135 1337 1167 πείθει,
1355 1133 1422 1168 δῶρ’
1438 1134 1571 1166 αἰδοίους
1585 1131 1743 1166 ,βασιλῆας
1757 1131 1827 1166 κιο).

1034 1183 1068 1209 Σὺ
1085 1182 1134 1216 μὲν
1154 1182 1250 1215 ὓμνεις
1263 1181 1326 1211 τοὺς
1343 1180 1444 1212 Μίνως,
1461 1180 1597 1215 ἄνθρωπε,
1613 1179 1742 1216 καὶτοὺς
1763 1177 1828 1203 Ῥα-

1032 1229 1200 1263 δαμὰνθυας,
1216 1227 1279 1258 τοὺς
1305 1227 1375 1253 οὕτω
1400 1225 1619 1261 μεγαλοπρεπεῖς
1637 1215 1684 1250 xvii.
1708 1223 1827 1258 σεμνοῦ;

1033 1275 1172 1307 δικαστὰς,
1189 1274 1226 1305 ὡς
1237 1272 1308 1299 κατὰ
1324 1273 1405 1302 κυνὸς
1421 1266 1488 1306 (II).
1503 1272 1519 1306 ἦ
1535 1271 1626 1306 χηνὸς,
1651 1271 1667 1305 ἢ
1686 1269 1827 1295 πλατάνου

1034 1317 1184 1351 ὀμνύοντας
1211 1317 1358 1352 πρότερον,
1383 1316 1478 1342 ἔπειτα
1503 1316 1539 1346 ὡς
1565 1315 1612 1341 ὑπ’
1642 1314 1759 1348 ἀσφαλεῖ
1782 1314 1828 1339 καὶ

1038 1363 1138 1398 βεϐαίῳ
1154 1363 1192 1398 τῷ
1209 1364 1284 1398 ὅρκῳ
1296 1362 1435 1395 περαίνειν
1448 1362 1477 1388 τὸ
1492 1361 1684 1397 ψηφηφύρημα
1695 1369 1702 1375 ·
1719 1359 1758 1389 ὡς
1776 1367 1828 1384 κα-

1036 1411 1078 1436 λοὶ
1098 1410 1152 1446 γάρ
1177 1418 1223 1435 σου
1241 1410 1264 1435 oi
1291 1410 1428 1441 δικασταὶ,
1454 1408 1501 1435 καὶ
1517 1408 1587 1440 ἄξιοι
1612 1407 1720 1442 νεκροῖς
1749 1405 1828 1439 eam-

197 1491 269 1516 ranis
289 1489 369 1523 probo
390 1489 459 1524 quod
476 1489 510 1516 ad
528 1489 655 1516 Catonem
674 1489 760 1515 virum
781 1488 849 1515 bello
871 1490 983 1516 maxime
997 1492 1018 1520 C
1036 1489 1158 1520 renibus;
1174 1492 1197 1514 te
1211 1490 1245 1515 att
1259 1487 1448 1514 consulendum
1461 1489 1620 1521 proruptuml
1637 1485 1672 1512 ad
1681 1486 1728 1520 jus
1741 1485 1828 1510 dicea—

194 1537 343 1566 strenuuni,
366 1535 500 1562 Romanus
523 1536 557 1561 ad
578 1535 736 1566 Romanum,
756 1535 820 1561 dixit
841 1542 851 1561 :
872 1535 901 1563 Si
921 1536 985 1562 Cato

196 1580 280 1606 Roma
295 1589 360 1615 opus
374 1589 426 1607 non
441 1581 528 1612 habet,
546 1584 573 1607 at
588 1580 673 1607 Roma
689 1581 797 1608 Catone.

233 1626 406 1660 Philosophus
420 1626 465 1653 ille
478 1626 641 1653 Atheniensis
656 1626 807 1659 (Platonem
821 1628 889 1654 enim
899 1648 906 1661 ,
919 1632 988 1654 vete—

197 1673 233 1699 ris
254 1672 401 1698 Academia:
424 1678 620 1705 ornamentum,
641 1673 774 1707 cognitum
797 1672 886 1708 (tabes)
905 1672 987 1707 legem

198 1718 259 1744 tulit
278 1711 306 1744 ut
326 1718 409 1752 quivis
426 1727 516 1745 eorum
534 1719 579 1750 qui
596 1719 623 1744 in
641 1718 774 1753 republica
791 1719 822 1745 ab
840 1719 896 1753 ipso
913 1719 988 1745 insti—

199 1769 255 1790 tuta
273 1765 380 1795 viveret,
399 1765 477 1790 unius
495 1764 611 1798 alicujus
629 1764 695 1791 artis
713 1765 813 1799 peritus
832 1764 909 1798 foret.
928 1763 987 1790 Non

197 1810 267 1836 enim
284 1810 479 1844 philosophum,
498 1811 615 1841 (licebat.
629 1810 776 1845 juridicum
792 1816 837 1837 aut
855 1810 990 1845 legislato—

198 1863 253 1882 rem
265 1876 272 1887 ,
290 1861 335 1883 aut
349 1857 467 1891 judicem
486 1857 520 1883 ad
537 1856 731 1890 philosophiam
748 1857 863 1883 converti
880 1856 987 1888 debere;

198 1902 237 1928 ita
254 1903 320 1928 enim
339 1907 361 1928 et
381 1903 481 1929 artibus
498 1907 522 1929 et
539 1902 684 1936 artiﬁcibus
702 1902 765 1929 bene
782 1902 930 1929 consultum
946 1910 991 1928 ar—

199 1948 357 1975 bitrabatur.
373 1947 420 1975 Ubi
436 1953 524 1975 autem
539 1948 580 1974 vir
593 1953 666 1974 catus
680 1956 711 1974 ac
726 1948 865 1982 multiplex
879 1949 988 1980 venerit,

199 1995 320 2020 uenerari
335 1994 438 2029 quidem
453 1998 476 2020 et
490 1993 656 2029 hospitaliter
668 1994 787 2028 excipere
800 1998 828 2020 ut
843 1995 926 2020 virum
941 1994 990 2021 ad-

201 2040 342 2066 miratione
362 2041 480 2075 dignum,
501 2041 546 2066 sed
567 2040 686 2075 protinus
707 2040 771 2067 lana
791 2041 944 2067 redimitum
966 2045 990 2067 et

201 2094 259 2112 cum
280 2086 364 2120 capite
382 2087 523 2121 unguentis
542 2086 657 2112 delibuto
675 2087 701 2113 in
721 2086 803 2113 aliam
821 2086 911 2113 urbem
931 2087 992 2113 mit—

200 2137 264 2158 tere.
287 2130 410 2158 Fortasse
429 2133 497 2158 enim
519 2134 616 2159 honore
634 2132 722 2159 divino
742 2133 824 2166 magis
845 2141 924 2167 quam
944 2133 991 2158 hu-

203 2186 281 2204 mano
300 2178 407 2213 dignum
425 2180 556 2206 censebat.
575 2179 651 2211 Quod
664 2180 687 2206 si
703 2183 726 2205 et
742 2188 788 2206 nos
805 2180 832 2205 in
847 2180 898 2205 ista
916 2187 992 2213 repu-

202 2223 270 2250 blica
283 2225 436 2256 viveremus,
450 2233 526 2260 quem
539 2225 621 2252 alium
635 2226 685 2252 nisi
699 2230 731 2255 te.
746 2225 894 2251 doctissime
907 2223 992 2258 legum

201 2275 297 2304 custos,
311 2272 432 2298 venerari
448 2276 472 2297 et
487 2272 514 2298 in
527 2273 624 2298 honore
639 2271 740 2303 haberi,
753 2274 781 2297 ut
794 2279 900 2297 sacrum
913 2274 992 2304 caput

203 2321 291 2344 autem
305 2318 425 2344 redimiri
440 2323 462 2344 et
479 2319 618 2353 unguentis
631 2318 776 2345 delibutum
792 2317 906 2344 exhiberi
919 2317 993 2343 dece-

204 2364 261 2391 ret?
275 2362 338 2395 Quis
352 2365 421 2390 enim
436 2363 520 2395 alius,
535 2365 599 2391 sicut
614 2368 656 2396 tu,
671 2368 741 2390 artes
755 2373 785 2389 ac
798 2363 899 2389 litteras
913 2363 991 2389 coluit

203 2412 227 2434 et
243 2409 274 2435 iis
289 2409 366 2443 quasi
382 2417 443 2435 arce
459 2413 483 2435 et
499 2409 608 2436 castello
623 2409 720 2444 potitus
734 2409 794 2435 est?
809 2409 842 2435 Te
856 2417 993 2443 gramma-

203 2455 254 2482 tica
269 2459 297 2480 ut
313 2455 438 2481 obstetrix
453 2456 479 2481 in
498 2454 580 2481 lucem
597 2455 737 2489 produxit,
754 2458 778 2481 et
796 2454 901 2489 quidem
918 2462 993 2480 nemo

202 2500 270 2526 sicut
286 2505 313 2527 tu
328 2500 470 2529 ortlzolexis
486 2508 510 2528 et
525 2500 688 2536 etgmologiw
705 2500 889 2535 analogia'que
907 2500 994 2534 magi-

202 2550 256 2572 ster
278 2551 357 2581 atque
380 2547 493 2579 arbiter,
517 2551 666 2582 poematum
691 2551 778 2572 autem
797 2546 882 2580 judex
904 2554 993 2581 tet/nus

203 2601 322 2628 unquam
338 2594 447 2620 exstitit.

240 2638 378 2666 Rhetorica
397 2643 421 2665 te
436 2639 563 2669 nutrivit,
579 2638 623 2665 sed
641 2639 734 2665 amotis
753 2636 894 2664 mendaciis
911 2645 942 2663 ac
957 2637 993 2662 si-

242 2732 280 2766 (6)
299 2731 380 2760 C0nf.
402 2731 472 2758 Plut.
490 2731 515 2758 in
529 2730 620 2758 Calan.
651 2728 664 2764 ἓ
683 2729 728 2762 52,
746 2727 788 2756 ed.
809 2727 900 2759 ﬂcisk.
918 2733 936 2754 l.
948 2727 991 2760 IV,

207 2768 374 2831 ι”ίῗξθάοηε
390 2801 497 2827 Platon.
513 2801 543 2827 de
565 2800 614 2832 leg.
631 2799 650 2825 ι.
669 2797 808 2832 \'III,pag.
827 2797 890 2829 sic,
904 2797 936 2825 0.

212 2835 337 2900 uiguit.
357 2836 387 2862 de
409 2836 499 2870 repub.
518 2836 566 2863 lib.
589 2834 634 2867 Ill,
653 2839 719 2860 tom.
738 2833 758 2865 I,
779 2841 839 2868 pag.
863 2832 926 2863 577,
955 2831 992 2864 E;

1036 1536 1099 1562 dum
1118 1540 1208 1568 aptum
1227 1534 1365 1568 formavit.
1385 1534 1423 1559 ita
1441 1537 1470 1559 ut
1489 1532 1582 1559 mentis
1600 1531 1717 1566 cogitata
1737 1530 1828 1565 lingua

1037 1582 1155 1617 proferre
1170 1586 1192 1608 et
1209 1581 1304 1608 litteris
1322 1580 1449 1606 mandare
1464 1587 1537 1614 neque
1551 1579 1662 1606 idoneus
1676 1578 1712 1604 sis
1730 1579 1827 1613 factus.

1038 1628 1196 1663 l’otyeuctus
1212 1626 1384 1662 Sphettiensis
1399 1625 1599 1652 Demosthenem
1612 1628 1748 1652 oratorem
1762 1624 1830 1658 opti-

1038 1682 1120 1706 mum,
1135 1674 1308 1709 fortissimum
1318 1677 1405 1699 autem
1423 1672 1577 1699 Phocionem
1588 1669 1775 1705 proclamavit,
1792 1671 1828 1696 ita

1038 1721 1153 1756 quidem,
1167 1725 1194 1747 ut
1208 1720 1394 1747 Demosthenes
1409 1720 1435 1745 in
1449 1719 1591 1753 scriptione
1606 1721 1630 1743 et
1644 1717 1758 1743 dictione
1773 1717 1830 1742 rhe—

1039 1769 1133 1797 torica,
1149 1767 1190 1793 hic
1207 1771 1295 1793 autem
1313 1767 1340 1792 in
1357 1764 1536 1792 concionando
1555 1771 1644 1790 coram
1661 1762 1759 1798 populo
1778 1762 1831 1797 pri-

1040 1822 1096 1840 mas
1118 1817 1227 1840 teneret.
1247 1812 1284 1838 Tu
1305 1816 1394 1838 autem
1415 1815 1557 1844 atrumque
1578 1811 1609 1840 in
1629 1815 1687 1836 arte
1708 1816 1828 1842 superas,

1038 1859 1106 1894 stglo
1120 1859 1223 1893 quidem
1238 1858 1445 1887 Demosthenem.
1459 1856 1616 1883 Phocionem
1630 1860 1718 1882 autem
1731 1854 1830 1881 concio-

1040 1906 1129 1933 nantlo
1145 1906 1259 1932 vincens.
1276 1905 1308 1932 Te
1325 1905 1366 1932 lea:
1381 1909 1405 1931 et
1423 1904 1553 1940 legislatio
1570 1902 1639 1929 virili
1658 1902 1743 1928 induit
1761 1902 1830 1935 inge-

1041 1953 1101 1984 nio;
1119 1951 1165 1977 tibi
1182 1955 1276 1985 prwsto
1294 1950 1366 1984 fuere
1385 1954 1474 1984 pectus
1491 1950 1633 1979 disertum,
1654 1947 1681 1973 in
1702 1945 1830 1980 loquendo

1042 1996 1222 2031 (equabili'as,
1239 2004 1324 2022 canon
1335 2015 1341 2026 ,
1358 2003 1482 2021 numerus
1501 2002 1531 2021 ac
1549 2001 1689 2022 mensura,
1704 1993 1750 2026 jns
1769 1999 1830 2018 sun—

1041 2048 1124 2070 ctum.
1147 2043 1254 2074 Quoties
1280 2042 1412 2069 auditores
1436 2049 1495 2067 cum
1517 2040 1648 2067 suavitate
1671 2038 1829 2072 loquentem.

1042 2090 1201 2117 sententiam
1216 2089 1340 2121 ferentem
1354 2086 1489 2118 alacriter,
1499 2086 1592 2121 judicii
1608 2084 1761 2111 rectitudini
1774 2083 1832 2110 sub-

1044 2137 1163 2166 missum,
1176 2136 1231 2162 sine
1245 2134 1395 2167 acceptione
1408 2140 1582 2167 personarum
1595 2131 1700 2158 veritati
1713 2131 1832 2157 incorru-

1043 2183 1259 2218 ptwtservicntem
1273 2185 1296 2207 te
1310 2181 1432 2208 viderunt
1442 2181 1450 2207 !
1459 2179 1568 2207 Nullam
1580 2178 1695 2214 profecto
1705 2178 1831 2204 rationem

1042 2229 1184 2256 habeamus
1200 2228 1256 2263 ejus
1272 2229 1315 2263 qui
1332 2227 1394 2253 dicit
1408 2234 1417 2253 :

1078 2295 1153 2322 Dona
1178 2295 1255 2327 deos,
1273 2295 1342 2322 dona
1369 2301 1446 2328 reges
1470 2298 1600 2328 augustos
1627 2296 1799 2328 pervertunt.

1041 2363 1078 2390 Tu
1085 2362 1188 2396 quidem
1195 2362 1288 2388 Minoa
1295 2366 1319 2388 et
1328 2361 1669 2396 Rhadamanthumjudiees
1676 2361 1831 2387 venerandus

1041 2417 1072 2436 ac
1083 2417 1184 2435 summe
1195 2407 1318 2434 colendos
1331 2408 1452 2434 laudibus
1470 2407 1597 2439 celebras,
1614 2415 1727 2442 quarunt
1745 2407 1832 2440 religio

1040 2455 1161 2482 uelcirca
1170 2462 1274 2485 canem.
1296 2462 1426 2486 anserem,
1444 2454 1585 2489 platanum
1599 2461 1702 2484 severa,
1719 2457 1748 2479 ut
1766 2452 1833 2479 litera

1046 2502 1168 2535 exiguam
1190 2500 1332 2527 secundum
1349 2500 1541 2535 jusjurandum
1570 2499 1725 2525 solemniter
1745 2498 1833 2524 datum

1047 2552 1242 2582 exsequantur;
1254 2551 1314 2573 sunt
1326 2547 1393 2573 enim
1401 2547 1502 2581 judices
1514 2546 1659 2581 dignissimi
1672 2545 1717 2580 qui
1730 2545 1834 2571 mortuis

1042 2595 1108 2629 jura
1125 2593 1226 2619 dicant.
1240 2593 1295 2627 Ego
1310 2597 1397 2619 autem
1409 2595 1514 2619 doctum
1526 2592 1613 2626 legum
1625 2592 1761 2618 custodem
1774 2589 1835 2617 rele-

1047 2641 1092 2666 bro
1108 2639 1175 2674 quis
1188 2638 1319 2673 republ'ca
1335 2638 1475 2665 Platonica
1493 2646 1551 2664 cum
1565 2637 1706 2673 unguentis
1716 2641 1739 2663 et
1750 2636 1833 2662 diade-

1083 2727 1121 2761 (9)
1137 2726 1216 2769 (ἱροί.
1231 2726 1311 2753 Fabr.
1328 2725 1387 2752 Bib.
1405 2725 1452 2754 Gr.
1469 2726 1515 2753 lib.
1529 2725 1575 2757 IV.
1598 2733 1660 2760 cap.
1680 2724 1790 2756 XXXII,
1816 2730 1833 2751 ι.

1048 2761 1233 2830 “bibatis.
1247 2796 1355 2822 Plalon.
1377 2795 1414 2822 De
1429 2795 1645 2829 republ.Iib.llI,
1665 2803 1692 2825 τι,
1709 2794 1774 2825 590.
1789 2794 1815 2821 ιε.

1084 2833 1140 2866 (Η)
1154 2832 1232 2860 Conf.
1246 2831 1339 2859 Schol.
1355 2831 1496 2866 Aristoph.
1511 2832 1542 2859 ad
1555 2832 1602 2858 Av.
1622 2839 1647 2858 ν.
1663 2830 1725 2858 521.
