1949 3076
126 103 195 134 i253

715 103 875 133 SCIHPTA
899 103 1167 133 MISCELLANEA

1686 109 1754 141 1254

122 163 155 188 οὺ
173 162 312 196 μένουσιν,
336 159 403 187 ἀλλὰ
421 159 471 189 τὰς
491 159 595 191 οἰκείας
612 159 752 195 μαχαίρας
768 160 841 186 κατὰ
863 160 916 185 τῶν
932 164 954 190 Α
970 158 1012 185 ἵνα
1027 168 1069 185 σοι
1088 160 1134 185 καὶ
1152 160 1261 194 μνήμης
1290 161 1335 187 καὶ
1350 162 1545 197 προσρητικῶν
1568 163 1676 196 ἀξιωθῶ
1693 167 1755 193 συλ-

122 208 289 242 σπλάγχνων
301 206 446 237 ὠθοῦντες,
473 206 488 240 ἢ
505 206 573 241 ἄλλῃ
593 215 632 239 πη
650 206 696 232 τοῦ
717 206 843 240 σώματος
860 206 913 232 διε-

121 252 280 283 λαύνοντες,
295 252 371 286 σφῷν
388 250 492 277 ἑαυτῶν
504 251 662 286 αὐτόχειρες
686 251 816 285 γίνονται,
829 260 914 278 κατα-

123 298 317 333 καυχήσασθαι
330 297 378 323 τοῦ
395 297 486 323 αὐτῶν
502 297 615 332 αὐχένος
641 298 762 332 δυσμενῆ
781 297 912 333 παλάμην

125 345 163 379 μὴ
180 344 380 378 ἀντισχόμενοι,
408 344 496 370 ὁποῖοι
523 344 632 376 Κάτων,
657 344 702 370 καὶ
720 344 848 379 Βροῦτος,
865 345 912 371 καὶ

123 391 227 421 Κάσιος
241 399 247 406 ·
264 389 336 416 οὕτω
356 391 389 425 δὴ
413 390 460 416 καὶ
485 390 579 422 αὐτος,
595 390 649 422 ἓως
669 390 718 425 μὲν
733 391 844 424 ἀγαθῶς
857 389 912 426 εἷχέ

125 445 172 471 μοι
185 436 219 462 τὰ
237 437 300 470 περὶ
311 435 341 462 τὸ
353 437 441 470 σῶμα,
456 435 504 462 καὶ
515 436 608 470 ἁϐρῶς
622 436 671 470 μὲν
685 437 701 470 ἡ
718 437 779 471 θρὶξ
788 436 910 466 ἔσταλτο.

125 482 172 508 καὶ
185 481 309 515 κομψῶς,
327 481 492 516 συμμέτρως
505 481 533 507 δὲ
555 481 603 507 καὶ
615 481 643 507 οὐ
660 481 732 508 κατὰ
749 481 912 516 φιλοσόφους

124 526 237 553 καθεῖτο
251 526 281 552 τὺ
295 526 410 560 γένειον,
425 526 529 552 πλατὺν
545 527 672 561 μυκτῆρα
690 527 746 553 τῶν
763 528 790 553 ἐν
806 527 912 558 τούτοις

123 572 329 607 δυστυχούντων
345 572 476 607 κατέχεον
487 580 493 587 ·
521 573 571 598 οὑκ
589 571 648 599 ἐστι
664 573 718 607 γὰρ
733 573 762 604 ὃς
779 581 812 599 με
827 574 912 606 φαλα-

124 620 191 654 κρὸς
208 621 256 645 οὐκ
275 618 355 650 εὐθὺς
373 618 434 644 ίδὼν
450 619 617 652 ἰλιγγίασενο
632 620 683 646 οὐκ
699 619 757 645 ἔστι
775 619 803 646 δὲ
817 619 845 650 ὃς
867 627 913 653 μοι

125 665 297 700 βαθυπώγων
309 663 464 699 περιτυχὼν
480 665 529 690 οὐκ
541 664 643 698 ηὔξατό
655 665 680 691 οί
701 665 841 699 χανεῖσθαι
863 665 912 699 τὴν

123 712 195 746 γῆν·
213 711 261 738 νῦν
289 710 327 741 δὲ,
353 711 392 741 εἰς
410 709 460 744 ἐμὲ
487 709 533 735 τοῦ
549 711 598 743 τῆς
613 709 809 744 ἀσχημοσύνης
826 709 911 736 κύϐου

127 755 372 791 μεταρριφθέντος,
385 756 416 782 οὐ
429 755 590 790 περιμείνας
601 756 664 786 τοὺς
677 755 704 788 ἐξ
714 755 801 782 ἄλλων
816 755 913 790 λέσχα-

126 802 223 835 σμοὺς,
240 803 285 828 καὶ
300 802 351 832 τὰς
369 801 554 835 βλασφημίας,
569 801 665 828 ἑαυτὸν
682 802 763 832 αὐτὸς
777 801 840 828 καθ’
856 802 889 827 αὖ
900 817 911 820 -

124 846 173 873 τοῦ
189 847 342 881 κατήγορον
363 846 474 880 ἴστημι·
503 846 551 872 καὶ
573 846 623 880 τῆς
649 846 718 881 ὲμῆς
733 845 912 881 ἐμφορεῖσθαι
931 846 949 869 Β

126 894 225 928 χλεύης
254 894 310 924 τοῖς
337 891 460 918 ἐθέλουσι
477 891 585 926 δίδωμι.
616 892 712 918 Καίτοι
729 892 775 918 καὶ
785 892 911 918 Συνέσιον

125 939 185 966 οἶδα
201 940 250 974 τὴν
265 938 409 973 φαλάκραν
424 938 684 972 καλλωπισάμενον·
703 938 749 964 καὶ
769 937 914 965 Ἰουλιανόν

125 995 156 1021 γε
172 987 222 1012 οὐκ
233 984 322 1019 ἀγνοῶ
337 985 382 1011 τὸν
397 985 508 1015 οἰκεῖον,
524 984 561 1015 ὡς
581 985 610 1010 ἐν
625 984 800 1020 προσχήματι
814 984 911 1018 ψόγου,

127 1032 299 1067 σεμνύνανῖα
328 1030 457 1064 πώγωνα.
488 1030 520 1056 Τί
541 1031 586 1056 ἐπὶ
614 1030 694 1056 τοῦτο
729 1030 912 1065 ὲκάγχασαςς

127 1078 247 1112 ὲμφόρου
265 1077 392 1110 γέλωτος,
405 1076 442 1107 ὡς
455 1076 488 1103 ἂν
501 1073 556 1107 οἷός
573 1084 601 1102 τε
613 1073 658 1112 ᾗς,
673 1076 720 1102 ἐπὶ
735 1077 783 1109 τῆς
794 1077 915 1111 γραφῆς.

127 1123 220 1150 Ταῦτα
239 1122 294 1157 γὰρ
310 1124 347 1157 (9)
362 1123 406 1148 καὶ
423 1123 505 1157 ἡμεῖς
521 1122 551 1148 οὑ
567 1122 664 1156 πόρρω
677 1121 837 1156 φιλοσοφίας
852 1121 914 1156 διῳ-

126 1168 350 1204 κονομησοίμεθα,
371 1168 416 1200 ἵν’,
443 1169 488 1194 ὲπὶ
505 1168 558 1194 τῶν
576 1168 748 1201 γραμμάτων
766 1168 815 1201 τὴν
837 1167 914 1202 ἰσχὺν

126 1215 173 1242 τοῦ
195 1214 376 1250 καγχάσοντο;
392 1214 526 1245 κενώσας,
555 1213 613 1248 μεθ’
627 1213 737 1248 ἥττονος
754 1214 819 1248 ἡμῖν
836 1213 914 1239 abeo-

129 1260 297 1294 προσωπέῃς
313 1258 368 1293 (I0)
384 1258 430 1284 τοῦ
447 1259 575 1292 γέλωτος.
593 1259 728 1293 Ἔρρωσθ.

145 1303 286 1337 (In—Td)
297 1304 503 1338 μητροπολίτῃ
525 1303 578 1329 τοῦ
596 1301 813 1336 Τραπεζοῦντος
826 1302 848 1337 (1
859 1302 893 1335 1).

163 1349 208 1382 Τίς
222 1350 279 1384 είμι
291 1351 336 1376 καὶ
351 1349 442 1380 τίνων,
453 1348 509 1384 ίερέ
521 1357 572 1383 μου
587 1349 634 1375 καὶ⁸
648 1347 769 1375 θειότατε
780 1349 910 1381 δέσποτα,

126 1445 229 1481 quidem
248 1443 302 1470 dixi
322 1451 373 1469 non
403 1445 431 1468 ut
452 1442 543 1476 justus
562 1443 606 1476 qui
623 1445 660 1468 est
685 1442 760 1468 initio
786 1443 914 1469 sermonis

968 202 1078 236 λαὸὦν;
1097 203 1239 230 συλλαϐῶν
1258 205 1380 237 ἐκείνων,
1396 207 1477 241 ιερῶν
1494 208 1550 241 μὲν,
1567 208 1582 243 ἢ
1603 209 1637 235 τὰ
1651 210 1680 236 ὲν
1693 212 1756 238 Δελ-

967 251 1029 283 φοῖς
1047 250 1092 275 καὶ
1111 250 1198 275 Πύθια
1211 251 1417 285 προγράμματα
1429 261 1436 267 ·
1455 254 1565 288 χρυσῶν
1579 255 1619 287 δὲ,
1634 255 1649 290 ἢ
1666 257 1756 284 Πυθα-

967 295 1049 329 γόρου
1077 296 1167 330 χρυσᾶ
1199 295 1355 330 καλούμενα
1381 298 1452 332 ἔπη·
1472 301 1608 334 μουσικῶν
1628 301 1656 328 δὲ
1673 302 1689 337 ἢ
1706 303 1755 333 τὰς

966 340 1098 375 Σειρῆνας
1110 342 1134 366 ot
1146 340 1224 376 μῦθοι
1238 341 1536 379 γράφουσι’γλυκερῶν
1551 346 1579 372 δὲ
1590 347 1658 382 ὑπὲρ
1674 348 1752 382 μέλι,

966 386 1123 421 ψαλμικῶς,
1142 387 1189 414 καὶ
1208 389 1314 422 κηρίον,
1328 388 1396 415 ἀλλὰ
1409 390 1467 422 μέλι
1486 392 1534 424 μὲν
1551 393 1581 418 τὺ
1598 393 1753 429 Ὑμήττιον,

968 434 1064 467 κηρίον
1079 433 1107 459 δέ
1124 442 1156 467 γε
1167 433 1198 459 τὸ
1221 433 1449 468 Τραπεζούντιον.
1481 437 1514 462 "H
1533 438 1642 470 πάντως
1657 441 1673 475 ἡ
1690 440 1754 466 σύν-

967 480 1069 514 τροφός
1103 488 1144 506 σοι
1176 482 1393 515 μετριοπάθεια,
1421 486 1468 510 καὶ
1509 485 1524 519 ὴ
1554 487 1755 522 συναυξηθεῖσα

967 526 1015 552 καὶ
1045 526 1095 561 ἤδη
1126 527 1359 561 συγγηράσκουσα
1384 530 1542 563 ἐπιείκεια,
1574 533 1620 558 καὶ
1658 535 1755 569 μέχρις

966 571 1045 606 ἡμῶν
1078 573 1127 607 τὴν
1157 573 1206 607 τῆς
1231 574 1342 609 γραφῆς
1363 584 1408 601 σου
1442 577 1585 616 περιωπήν
1615 580 1754 614 ἠνάγκασε

966 618 1120 644 κατελθεῖν.
1149 619 1194 644 Σοὶ
1212 620 1261 654 μὲν
1276 620 1322 646 οὖν
1346 621 1446 656 πολλὴν
1465 624 1571 657 μυρίων
1603 633 1633 650 τε
1666 625 1754 652 ἄλλων

967 663 1015 689 καὶ
1046 663 1150 690 τούτων
1184 664 1213 690 δὲ
1248 665 1278 691 οὐ
1309 667 1384 700 μεῖον
1409 668 1483 701 ὄφλω
1512 669 1561 703 τὴν
1595 670 1684 705 χάριν.
1722 672 1755 698 'H

967 706 995 732 δὲ
1012 707 1107 733 πασῶν
1125 709 1308 742 εὐτυχεστέρα
1321 711 1352 736 τὸ
1364 711 1411 736 ἐπὶ
1428 712 1469 738 σοὶ
1487 712 1541 739 τῶν
1557 714 1662 740 πόλεων
1681 715 1755 749 Τρα-

966 751 1064 783 πεζοῦς
1083 753 1122 782 εἰς
1141 752 1168 778 τί
1186 761 1230 787 μοι
1248 754 1312 785 τοὺς
1335 755 1438 790 ἑαυτῆς
1463 757 1507 782 διὰ
1522 759 1571 793 τῆς
1598 759 1646 792 σῆς
1664 761 1756 794 χειρὸς

967 797 1111 832 χρυσίνους
1137 798 1334 833 ἐκπέπομφεν;
1359 798 1397 827 Ἦ
1423 809 1474 828 που
1490 803 1539 837 τὴν
1557 805 1626 838 πρός
1661 814 1694 838 με
1711 806 1756 832 διὰ

967 843 1071 870 τούτων
1090 845 1245 879 μηχανᾶται
1265 847 1404 882 σπονδήνς
1433 849 1470 874 Ob
1491 850 1638 884 σπείσομαί
1655 851 1711 885 (12)
1726 860 1755 885 γε

967 890 1065 925 ταύτῃ.
1078 890 1131 916 οὐδ’
1144 891 1184 917 εἰν
1197 891 1252 927 (15)
1269 892 1374 918 Ἀΐδαο·
1392 893 1509 920 ἴστωσαν
1522 896 1547 920 oi.
1561 896 1663 927 πάντες
1675 897 1756 923 ἀστέ-

970 945 1026 971 ρες,
1042 936 1090 962 καὶ.
1104 937 1117 962 ὁ
1136 936 1240 962 τούτων
1263 937 1377 972 ἔξαρχος
1392 939 1468 974 ἥλιος
1479 948 1486 955 ι
1500 941 1554 966 οὐδ’
1570 941 1601 968 ἄν
1618 950 1664 975 μοι
1678 928 1755 968 πλίν-

969 983 1031 1013 θους
1049 982 1112 1014 ὅλας
1133 982 1235 1017 χρυσοῦ
1249 985 1351 1016 κομιεῖ,
1369 984 1440 1010 καθὰ
1451 985 1490 1019 τῷ
1508 985 1600 1021 Πυθίῳ
1614 987 1658 1013 τὸν
1675 988 1756 1022 Κροῖ-

969 1029 1014 1055 σόν
1026 1037 1102 1063 φασι.
1115 1029 1166 1055 Τὸν
1177 1030 1230 1064 γὰρ
1245 1029 1310 1063 ἐμὸν
1323 1030 1479 1066 ἀφελομένη
1492 1031 1548 1066 (14)
1562 1041 1594 1066 με
1608 1032 1754 1068 Θησαυρὸν,

965 1077 1013 1111 τὴν
1027 1075 1112 1110 μόνην
1127 1076 1156 1101 ὲν
1169 1077 1228 1106 ταῖς
1240 1076 1463 1110 συμπιπτούσαις
1474 1079 1562 1109 ἀνίαις
1578 1078 1753 1114 θυμηρεστά-

964 1131 1014 1155 τῃν
1038 1122 1214 1157 παραψυχὴν,
1243 1123 1288 1149 τὸν
1318 1123 1421 1156 γλυκὺν
1438 1125 1484 1150 καὶ
1512 1125 1577 1151 ἰδεῖν
1598 1126 1644 1151 καὶ
1669 1127 1755 1152 εἰπεῖν

968 1167 1185 1201 Τραπεζοῦντος,
1196 1167 1283 1194 ἔπειθ’
1295 1166 1349 1194 οἷον
1360 1169 1392 1195 ἐκ
1409 1170 1566 1203 μεταμέλου
1584 1170 1696 1202 συκίνας
1710 1180 1756 1205 μοι

967 1211 1068 1242 ταύτας
1093 1212 1273 1246 παραμυθίας
1304 1213 1478 1247 ἐπιτεχνᾶται
1509 1215 1557 1248 τῆς
1593 1216 1755 1250 συμφορᾱς;

968 1258 1172 1293 παραπλήσιον,
1190 1259 1285 1293 ὥσπερ
1300 1259 1326 1284 εἴ
1336 1260 1377 1289 τίς
1403 1268 1452 1294 μου
1470 1260 1598 1295 ἐξορύξας
1611 1262 1693 1294 ἄμφω
1717 1260 1755 1287 τὼ

968 1303 1112 1338 ὀφθαλμὼ,
1137 1304 1152 1339 ἢ
1181 1304 1402 1338 ἐκκρουσὰμενος
1433 1305 1497 1336 τοὺς
1522 1305 1641 1337 ὀδόντας,
1662 1306 1756 1333 ἔπειτα

971 1350 1135 1384 κοινωνῆσαί
1161 1351 1185 1377 οἱ
1214 1351 1289 1377 ἀλᾱιν
1304 1351 1380 1385 ἠξίου
1396 1351 1443 1378 καὶ
1460 1351 1566 1383 ὕδατος.
1593 1352 1625 1378 Τί
1642 1361 1689 1387 μοι
1702 1352 1755 1378 τῶν

967 1448 994 1469 ut
1012 1443 1107 1478 dignus
1122 1453 1137 1470 (ι
1156 1448 1180 1469 te
1194 1443 1294 1470 habear
1309 1443 1436 1470 memoria
1450 1448 1496 1469 tua
1512 1443 1661 1479 litterisque
1689 1446 1753 1476 tuis,

128 1493 265 1516 accusator
279 1488 320 1514 sui
335 1487 356 1519 ⁸,
370 1487 414 1514 sed
425 1487 504 1514 veluti
520 1487 616 1514 ducum
633 1487 815 1521 gloriosissimi
833 1489 876 1522 qui
893 1488 915 1514 si
930 1493 949 1521 (ζ
968 1489 1061 1517 litteris
1079 1490 1132 1516 illis
1148 1489 1322 1516 sanctioribus
1333 1499 1412 1524 quam
1430 1490 1541 1516 oracula
1561 1489 1718 1524 Delphorum
1732 1495 1755 1516 et

127 1535 176 1568 ipsi
191 1534 296 1569 quidem
313 1534 419 1560 vincant
433 1535 517 1559 hostes
539 1534 679 1564 occidunt;
697 1534 757 1560 victi
769 1541 840 1565 vero,
864 1541 916 1560 non

129 1582 160 1608 ab
175 1580 229 1608 illis
243 1581 324 1606 occidi
337 1580 477 1612 sustinent,
497 1580 552 1611 sed,
566 1581 684 1614 proprios
695 1588 767 1606 enses
779 1579 804 1606 in
816 1580 915 1606 viscera

128 1627 273 1662 adigentes,
298 1625 339 1652 vel
363 1625 446 1652 aliam
466 1626 583 1659 corporis
609 1629 712 1659 partem
728 1624 860 1659 ferientes,
889 1633 916 1651 se

128 1675 196 1708 ipsos
212 1673 394 1706 interﬁciunt;
418 1680 470 1699 non
486 1673 557 1708 passi
570 1673 706 1699 inimicam
732 1680 840 1698 manum
861 1672 918 1706 glo-

128 1720 196 1747 riari
223 1727 296 1754 posse
318 1718 468 1754 praecidisse
497 1727 588 1746 eorum
629 1722 719 1751 caput.
743 1718 818 1745 Tales
843 1719 916 1752 [uere

127 1766 204 1798 Cato,
222 1766 319 1792 Brutus
338 1769 361 1791 et
373 1765 490 1792 Cassius.
509 1765 552 1792 Sic
579 1769 602 1791 et
615 1765 687 1799 ipse;
714 1764 795 1791 donec
823 1772 915 1798 corpus

127 1811 221 1844 valuit,
236 1809 361 1845 capillum
380 1810 491 1837 delicate
511 1810 632 1843 diserevi,
649 1815 672 1837 et
684 1818 780 1836 srnare
806 1810 915 1838 barbam

129 1856 185 1884 alui
199 1862 295 1889 mento,
324 1865 374 1883 non
400 1856 584 1891 philosophice,
612 1864 653 1883 eos
679 1857 843 1883 subsannans
870 1857 915 1891 qui

128 1905 156 1930 iu
169 1904 216 1930 hoc
229 1911 349 1931 aversam
372 1903 505 1936 fortunam
538 1903 639 1937 experti
660 1907 747 1930 erant.
765 1903 846 1930 Nemo
861 1902 916 1929 cal-

128 1958 175 1976 vus
191 1953 249 1975 erat
261 1949 305 1984 qui
320 1956 360 1974 me
375 1949 463 1975 videns
484 1957 535 1975 non
562 1950 651 1975 statim
675 1953 809 1980 testuaret,
827 1948 915 1974 nullus

130 1996 254 2022 inornata
285 1993 365 2020 barba
377 1994 421 2027 qui
435 1994 460 2019 in
480 2001 520 2019 me
533 1994 649 2019 incidens
671 2001 721 2019 non
745 1998 915 2028 prteoptasset

130 2041 227 2067 hiscere
241 2043 350 2065 terram.
369 2036 448 2063 Nunc
465 2045 525 2063 vero
545 2038 572 2063 in
587 2046 626 2063 me
644 2039 690 2064 huc
702 2037 833 2064 irrisiouis
850 2046 914 2072 pon-

129 2087 190 2112 dere
202 2085 328 2111 inclinata
338 2091 389 2109 non
405 2087 524 2117 exspecto
538 2091 569 2109 ea:
586 2082 646 2109 aliis
661 2083 880 2109 subsauuationes
892 2087 915 2109 et

129 2132 244 2166 probra;
260 2138 299 2156 me
310 2130 365 2164 ipse
376 2136 468 2155 accuso
484 2132 508 2153 et
521 2135 606 2154 nteant
620 2127 761 2161 producere
773 2127 915 2154 volentibus

971 1534 1083 1570 Pythiae,
1098 1536 1185 1561 aureis
1199 1537 1279 1562 etiam
1298 1536 1382 1570 magis
1399 1544 1478 1570 quam
1495 1536 1547 1561 sint
1565 1544 1648 1562 aurea
1663 1541 1755 1562 vocata

972 1581 1134 1616 Pythagora
1147 1581 1237 1614 verba,
1253 1582 1338 1616 magis
1350 1583 1429 1607 etiam
1448 1582 1562 1613 musicis,
1581 1589 1660 1612 quam
1680 1581 1751 1616 {abu-

972 1626 1004 1654 lis
1034 1627 1220 1661 perhibeantur
1245 1626 1298 1652 illa:
1317 1625 1471 1652 Sirenarum
1498 1632 1586 1660 atque,
1604 1631 1631 1651 ut
1655 1625 1755 1652 Psalmi

969 1672 1052 1699 verbis
1071 1672 1174 1706 loquar,
1194 1671 1351 1698 dulcioribus
1366 1679 1444 1705 super
1461 1671 1512 1697 mel
1523 1676 1548 1697 et
1563 1672 1651 1706 favum
1665 1672 1692 1704 ⁷;
1709 1672 1755 1698 sed

971 1718 1023 1745 mel
1048 1717 1175 1752 Hymetti,
1205 1717 1292 1752 favum
1320 1725 1379 1743 vero
1410 1717 1593 1751 Trapezuntis.
1634 1716 1755 1751 Profecto

971 1764 1145 1799 temperantia
1171 1767 1255 1789 tecum
1278 1762 1388 1789 educata
1408 1767 1446 1788 est
1469 1763 1610 1796 crevitque,
1632 1768 1655 1789 et
1669 1764 1755 1789 senuit

971 1813 1054 1836 tecum
1072 1808 1221 1843 benignitas
1232 1828 1239 1840 ,
1257 1812 1330 1842 teque
1344 1809 1424 1842 coegit
1441 1808 1476 1834 ad
1492 1817 1536 1834 nos
1550 1816 1631 1843 usque
1650 1808 1754 1834 litteru-

971 1863 1029 1880 rum
1045 1858 1179 1887 aspectant
1205 1855 1353 1880 extendere.
1372 1853 1427 1879 Tibi
1446 1854 1534 1888 igitur‘
1549 1853 1661 1879 multam
1677 1854 1754 1880 debeo

969 1899 1087 1934 gratiam
1107 1905 1129 1926 et
1151 1902 1332 1925 sexcentarum
1361 1897 1475 1924 aliorum
1500 1898 1694 1931 beneﬁciorum,
1711 1904 1753 1924 at-

971 1953 1020 1978 que
1049 1945 1142 1971 horum
1174 1952 1225 1970 non
1259 1944 1396 1970 minorem.
1413 1943 1546 1978 Trapezus
1566 1952 1626 1971 vero
1638 1945 1754 1971 omnium

970 1999 1017 2024 per
1044 1995 1068 2016 te
1096 1989 1247 2024 felicissima
1270 1990 1363 2016 civitas
1382 1997 1429 2015 cur
1442 1998 1501 2016 suos
1523 1998 1616 2016 aureos
1636 1999 1755 2017 nummos

971 2037 1035 2063 mihi
1060 2045 1141 2062 manu
1171 2040 1215 2062 tua
1237 2037 1327 2064 misit?
1352 2035 1478 2063 Fwdusne
1508 2044 1607 2063 mecum
1635 2045 1680 2068 per
1701 2038 1755 2064 huc

971 2081 1102 2108 molitur?
1120 2081 1179 2108 Non
1191 2083 1238 2108 hoc
1271 2083 1360 2116 patiar
1387 2083 1436 2108 etsi
1463 2090 1532 2108 mors
1548 2082 1681 2108 subeunda
1708 2085 1752 2110 sit.

969 2126 1065 2153 Norint
1085 2127 1169 2153 stella:
1195 2135 1283 2153 omnes
1302 2132 1326 2153 et
1341 2128 1481 2154 stellarum
1500 2137 1546 2154 rex
1558 2129 1608 2155 sol.
1629 2129 1716 2163 Neque
1734 2131 1756 2157 si

130 2177 278 2202 irrisionem
292 2175 402 2210 prtebeo.
420 2173 560 2209 Syrtcsium
574 2173 678 2208 quidem
702 2174 761 2200 novi
784 2173 913 2199 calvitiem
930 2171 952 2197 D
965 2172 1029 2200 mihi
1049 2172 1144 2199 lateres
1162 2181 1251 2199 omnes
1268 2181 1360 2200 aureos
1380 2178 1465 2208 portet
1481 2179 1509 2200 ut
1535 2173 1628 2209 Pythio
1651 2175 1756 2209 Apolli-

131 2221 251 2247 laudibus
279 2223 435 2251 ornantem;
450 2224 472 2245 et
484 2218 622 2245 lulianum
647 2226 697 2244 non
724 2218 815 2252 ignoro
840 2225 916 2243 suam

131 2275 176 2301 per
187 2265 362 2300 vituperantis
377 2265 488 2299 speciem
502 2264 612 2291 barbam
632 2263 765 2290 laudasse.
795 2263 848 2289 Cur
865 2263 915 2289 ista

130 2314 217 2340 rides?
231 2312 325 2338 Ridens
343 2315 470 2347 quantum
495 2310 555 2337 libet
569 2309 707 2344 epistolam
723 2310 799 2335 istam
823 2313 847 2334 et
872 2317 918 2334 ca-

131 2359 270 2384 chinneris.
290 2356 352 2384 Iltec
366 2365 412 2382 nos
435 2363 486 2382 nou
501 2355 577 2390 longe
595 2363 610 2380 a
630 2354 792 2389 philosophia
814 2353 917 2388 excogi-

131 2405 252 2434 tavimus,
263 2408 290 2429 ut
305 2411 383 2436 super
395 2402 488 2429 litteris
506 2401 620 2427 acriores
634 2401 790 2427 exhauriens
807 2399 915 2426 cachin-

131 2458 175 2476 nos
193 2451 277 2476 minus
290 2453 429 2483 prwsentes
441 2448 537 2474 rideas.
559 2446 633 2473 Vale.

186 2494 230 2521 Vl.
249 2510 282 2514 —
296 2494 434 2529 Ejusdem.
460 2492 640 2526 metropolitte
660 2491 852 2526 Trupezuntis.

168 2540 230 2572 Quis
245 2549 290 2567 eao
306 2540 443 2567 uualisaue
463 2547 533 2566 sum.
555 2546 631 2565 sacer
647 2542 671 2564 et
694 2538 781 2565 divine
797 2540 902 2566 domine

168 2621 178 2637 ⁸
189 2621 270 2648 Prov.
288 2628 362 2651 mu,
378 2619 421 2646 17.
464 2619 474 2634 ⁷
489 2618 562 2646 Psal.
578 2625 654 2648 xvul.
671 2618 713 2645 Η.

170 2697 207 2730 t9)
221 2694 396 2730 anerus,di;
408 2694 441 2720 ἂν
450 2694 498 2728 οὐχ
513 2692 567 2724 οἷός
579 2702 608 2719 τε
623 2691 656 2729 ᾖς
670 2693 717 2719 ἐπὶ
729 2693 777 2729 τῆς
787 2695 910 2729 γραφῆς,

133 2733 220 2760 ταυτα
237 2732 300 2764 γὰρ,
314 2738 340 2757 κ,
357 2729 417 2756 τ.λ.
429 2730 501 2763 quod
522 2736 604 2756 sensu
622 2734 707 2756 caret.

170 2767 225 2799 (lU)
241 2763 367 2799 Lazarus,
392 2763 675 2797 αὑτοπροσωποίησιν.

171 2797 225 2838 (Il)
240 2798 304 2828 Vide
321 2798 542 2832 0rient.C/trist.,
564 2802 584 2826 ῐ.
603 2799 623 2832 Ι,
638 2798 691 2826 col.
703 2797 749 2826 5H
771 2803 798 2826 et.
819 2798 880 2826 512.

972 2220 998 2245 ni
1024 2219 1116 2245 dicunt
1144 2218 1234 2246 tulisse
1258 2219 1385 2246 Crwsum.
1413 2219 1486 2245 Meus
1501 2220 1545 2253 qui
1561 2227 1600 2245 me
1611 2220 1685 2254 juvat
1700 2221 1756 2246 tlte-

970 2272 1064 2290 saurus
1080 2264 1137 2290 sola
1158 2272 1198 2290 me
1220 2263 1368 2290 demulcens
1385 2265 1412 2291 in
1435 2265 1606 2299 pra’sentibus
1626 2266 1755 2300 angustiis

970 2309 1114 2335 consolatio
1141 2315 1188 2341 est,
1212 2309 1314 2336 dulcem
1330 2310 1415 2336 videre
1442 2316 1466 2336 et
1484 2310 1586 2346 alloqui
1603 2310 1755 2345 Trapezun-

970 2355 1046 2381 tium.
1065 2354 1165 2381 Deinde
1189 2354 1281 2389 quales
1302 2354 1383 2382 veluti
1406 2356 1558 2391 pcenitentia
1576 2359 1654 2384 ducta
1672 2365 1755 2383 uanas

970 2401 1033 2427 mihi
1049 2402 1238 2427 consolationes
1258 2402 1336 2435 hujus
1352 2401 1514 2429 calamitatis
1534 2407 1658 2437 apparat.
1676 2402 1756 2430 Simi-

969 2447 1032 2473 liter
1054 2447 1117 2481 {acil
1142 2455 1173 2474 ac
1196 2448 1218 2474 si
1244 2448 1300 2482 quis
1316 2451 1456 2482 postquam
1478 2448 1568 2475 ambos
1586 2449 1650 2475 mihi
1666 2449 1754 2475 oculos

968 2494 1035 2519 eruit
1053 2493 1192 2528 dentesque
1212 2494 1353 2528 perfregit,
1370 2494 1462 2521 deinde
1487 2495 1550 2522 mihi
1575 2503 1661 2521 secum
1687 2503 1755 2521 com-

969 2547 1074 2566 munem
1099 2547 1153 2566 esse
1173 2541 1319 2567 convictum
1348 2540 1419 2568 velit.
1439 2540 1508 2572 Quid
1535 2542 1597 2568 mihi
1615 2549 1674 2568 cum
1702 2543 1754 2568 tuis

1002 2692 1058 2727 (12)
1077 2691 1141 2719 Laz.
1161 2691 1304 2725 πείσομαι.

987 2728 1055 2790 έίό)
1071 2727 1166 2754 Later.
1183 2728 1223 2758 εἴς
1241 2731 1275 2761 γ’.
1298 2727 1378 2756 Conf.
1401 2727 1523 2762 “omen,
1546 2728 1626 2756 Iliad.
1650 2729 1680 2761 Φ,
1706 2729 1754 2757 lib.

963 2763 986 2790 Χ
1015 2762 1033 2792 l.
1047 2771 1072 2790 ν.
1087 2763 1132 2789 48.

1007 2798 1064 2834 (Η)
1075 2797 1170 2826 Lazcr.
1189 2797 1240 2833 leg.
1258 2798 1430 2833 ὠφελομένη.
