1923 3079
99 168 170 200 1285

359 221 451 250 lB'.—-
467 222 510 255 Τῷ
521 221 625 252 Alam.

135 280 193 308 οὐκ
207 279 309 315 ἀγαθόν
327 287 357 306 σε
373 278 467 312 παῖδα,
493 277 786 313 μεγαλεπιφανέστατε
807 275 886 310 Λίζιε

102 327 172 363 (sic).
191 327 207 361 ὴ
225 324 380 361 φιλοσοφία,
394 324 433 356 ὡς
453 324 552 356 ἔοικεν,
566 324 690 359 ἔτρεφεν,
704 323 728 349 τί
739 322 811 350 οὕτω
827 322 886 357 (sic)

98 373 169 407 ταχὺ
196 371 251 398 τῶν
276 371 433 406 συντρόφων
457 370 668 405 ὲπιλελήσεσθαι
686 369 810 403 ἔμελλες,
839 369 887 395 καὶ

98 419 362 455 καθυπερφρονῆσαι
383 420 451 446 ὅλων
465 418 640 454 Προδρόμων,
657 418 686 451 ἐξ
703 414 740 445 ὧν
754 417 887 450 πολλάκις

99 465 208 501 ἀναρτῆ
235 465 270 491 τὰ
296 465 347 499 τῆς
364 463 456 498 φιλίας
473 462 596 498 ὲκομίσω
617 463 766 498 τεκμήρια.
787 461 885 498 Ὅμως

99 510 191 542 καλῶς
201 511 288 536 helvo
297 510 398 546 ἐρρέθη
408 508 446 544 τῷ
457 509 582 544 Πριηνεϊ,
597 508 684 544 Ἀρχὴ
695 508 780 544 ἄνδρα
790 508 884 541 δείξει.

99 555 149 582 Διὰ
173 554 226 590 γὰρ
243 554 346 589 ταύτην
370 554 418 580 καὶ
437 553 470 579 σὺ
495 553 545 588 τὴν
568 552 668 588 ἀρχὴν,
688 553 738 588 τὴν
761 553 811 579 οὐκ
835 550 884 579 οἷδ’

98 601 198 637 ἡλίκην
214 601 261 627 καὶ
276 600 353 635 ὅσην,
370 599 430 625 οὐδὲ
447 598 608 634 μονοστίχου
625 597 691 632 γοῦν
709 599 783 634 ἡμᾶς
799 598 883 633 ἠξίω-

101 654 151 678 σας
180 647 356 681 γράμματος,
380 645 428 670 κα)¹
454 644 577 674 εἰκότως.
601 644 631 670 Ὀ
653 645 706 680 γάρ
729 644 816 678 λόγων
838 644 888 671 καὶ

99 691 273 726 γραμμάτων
287 691 509 726 καταφρονήσας,
528 691 577 718 καὶ
596 690 647 725 τῆς
665 690 774 726 τιθηνοῠ
791 689 889 724 σοφίας

99 737 148 773 τὴν
170 738 224 764 τῶν
240 737 411 773 πραγμάτων
433 736 537 772 τύρϐην
563 736 809 771 ἀνταλλαξάμενος,
834 736 884 763 καὶ

99 782 179 809 τοῦτο
192 781 224 818 δὴ
240 783 269 809 τὸ
295 781 343 809 τοῦ
368 782 525 815 σοφωτάτου
545 781 678 808 Ἰταλικοῦ
702 781 737 808 τά
761 780 888 816 ζιγούριά

99 835 129 854 τε
148 827 195 853 καὶ
208 826 242 853 τὰ
253 826 420 862 κουφότερα,
436 827 494 858 πῶς
505 825 538 854 ἂν
552 827 654 862 γράψοι
663 827 702 863 τῷ
713 827 778 861 περὶ
790 827 888 861 λόγους

100 872 148 899 καὶ
170 872 342 908 γράμματα;
360 872 433 909 Πλὴν
456 872 537 899 ἀλλον
563 873 616 900 κᾶν
640 874 672 900 σὺ
698 873 746 908 τὴν
770 872 885 908 Λιζικὴν
902 889 924 917 Β

101 918 240 953 σημασίαν
265 918 398 953 παρώσω,
416 917 533 949 ἄπιστός
562 926 607 954 μοι
630 918 705 952 φίλος
720 918 884 953 γενόμενος,

99 963 159 990 ἀλλ’
174 963 224 989 οὐκ
243 961 298 997 ἑγὼ
313 961 363 998 τὴν
379 962 579 998 προδρομικήν·
595 961 739 997 προτρίχω
749 962 804 996 γὰρ
821 960 888 987 κάν-

99 1008 188 1035 ταῦϐα
207 1008 253 1036 καὶ
277 1008 326 1043 τὴν
345 1007 486 1042 παροῦσαν
502 1008 685 1043 προχαράττω
709 1007 832 1042 γραφήν.
853 1006 886 1034 Ei

102 1055 152 1092 μὲν
163 1052 209 1082 οὖν
220 1054 338 1090 γράφειν
349 1054 433 1089 ἔχεις,
450 1054 499 1081 καὶ
512 1054 544 1081 σὺ
554 1053 670 1089 ἀμείϐου
683 1054 716 1081 τὰ
733 1053 887 1089 γράμματα

100 1101 205 1138 χρῦσεα
221 1101 356 1135 χαλκείων
372 1100 631 1135 ἀνταλλαττόμενος.
650 1100 789 1136 Ἔρρωσθ.

278 1168 373 1196 1Γ¹.--
389 1168 446 1196 Τοῦ
458 1167 555 1196 αὐτοῦ
569 1168 611 1201 τῷ
619 1167 712 1201 αὐτῷ.

142 1227 294 1263 Ύπίρφευ,
322 1225 411 1260 Λίξιξ.
436 1226 466 1258 ἐξ
483 1226 550 1261 ὅσης
573 1226 649 1261 ἡμᾶς
666 1223 815 1259 συναφείας
841 1223 888 1250 καὶ

101 1273 224 1305 συζωίας
235 1272 276 1304 τίς
286 1273 348 1299 ὅσον
362 1273 380 1308 η
395 1271 554 1307 παλαμναία
563 1271 631 1306 τύχη
643 1270 786 1305 διέστηστι
800 1269 888 1297 Πάλαι

103 1319 154 1354 μὶν
169 1319 223 1355 τὰρ
238 1319 286 1346 καὶ
308 1318 338 1346 οὐ
362 1319 433 1346 πάνυ
449 1317 533 1345 πάλαι
557 1317 634 1351 παρά
655 1317 712 1348 τοῖς
729 1315 822 1348 αὐτοῖς
839 1315 887 1342 τοῦ

103 1364 185 1398 λόγου
201 1364 375 1399 καθηγεμόσι
388 1364 422 1391 τὰ
436 1364 506 1391 αὐτὰ
521 1363 572 1390 τῶν
588 1361 783 1397 παιδευμάτων
794 1361 890 1388 τελού-

105 1409 183 1443 μενοί
203 1416 233 1435 τε
249 1409 297 1436 καὶ
312 1408 520 1443 συντελούμενοι
535 1408 584 1435 καὶ
604 1407 738 1442 ἀλλήλους
752 1408 794 1439 είς
808 1407 887 1442 φιλο-

105 1455 204 1490 σοφίαν
222 1454 385 1490 στομοῦντες
405 1454 498 1488 ἡλίκον
513 1453 594 1488 βαϐαὶ
617 1453 664 1479 καὶ
676 1453 738 1480 ὅσον
750 1454 790 1484 είς
805 1452 889 1488 ἀλλή-

104 1500 167 1533 λους
180 1500 225 1527 τὸν
235 1500 320 1526 πόθον
333 1499 488 1535 ἐθρέψαμεν
502 1499 508 1525 ί
521 1498 628 1534 Μικροῦ
639 1498 694 1533 γὰρ
708 1498 788 1524 τοῦτο
801 1499 890 1525 ἐκεῖνο

380 1580 439 1608 XII.
456 1595 490 1602 -—
506 1579 615 1615 Lyzico.

140 1627 198 1655 Non
211 1628 308 1655 bonum
321 1631 346 1655 te
359 1628 508 1658 alumnum,
520 1625 680 1662 amplissime
693 1624 799 1661 Lysice,
809 1625 893 1661 philo-

103 1675 208 1709 sophia,
224 1676 251 1701 ut
267 1673 379 1707 videtur,
394 1672 561 1704 educauit;si
579 1672 697 1707 futurum
712 1676 770 1698 erat
785 1676 815 1698 ut
827 1671 893 1699 adeo

105 1719 227 1746 celeriter
254 1719 350 1745 matris
375 1717 563 1745 obliviscereris
583 1720 662 1751 atque
685 1715 810 1749 aliorum,
827 1723 893 1751 quos

107 1766 192 1792 nescio
208 1773 244 1792 an
261 1768 387 1800 cognatos
409 1762 562 1798 compcltcm
576 1769 611 1789 an
627 1762 804 1795 convictores;
831 1769 894 1788 cono

108 1816 236 1838 temnens
252 1811 331 1836 etiam
346 1808 507 1836 Prodromos
522 1815 622 1839 omnes.
650 1814 682 1834 es:
708 1807 800 1842 quibus
826 1814 894 1842 sepe

108 1856 250 1890 manifesta
276 1855 410 1882 retuleras
436 1854 561 1882 omicitite
585 1857 755 1889 argumenta.
782 1853 894 1888 Egregie

107 1901 239 1928 enimuero
251 1900 319 1928 illud
335 1909 351 1927 a
365 1899 476 1927 Prieneo
497 1899 597 1926 dictum
611 1902 649 1925 est
663 1905 673 1926 :
687 1897 831 1933 Imperium
846 1898 894 1925 hoc

108 1947 207 1974 minem
233 1946 356 1973 ostendit.
381 1945 455 1973 Nam.
468 1949 495 1972 tu
507 1953 610 1980 quoque
624 1944 654 1971 ob
668 1945 716 1971 hoc
740 1945 893 1980 imperium,

108 1991 178 2027 quod
204 1995 332 2026 quantum
358 1994 383 2017 et
399 1990 478 2025 quale
491 1991 526 2017 sit
543 1990 648 2025 ignoro,
665 1998 748 2026 neque
761 1998 808 2017 nos
822 1991 895 2019 brevi

109 2037 219 2073 epistola
240 2037 332 2072 dignos
347 2044 401 2063 esse
416 2036 525 2070 putasti.
550 2035 585 2062 Et
598 2036 661 2070 jure
684 2036 810 2070 profecto.
826 2035 895 2063 Nam

109 2085 154 2117 qui
179 2082 302 2118 loquendi
315 2081 496 2115 scribendique
509 2084 595 2108 artem
606 2080 773 2115 contempsit,
788 2081 896 2115 sapien-

110 2129 227 2162 tiamque
241 2127 408 2163 praeceptoris
431 2126 471 2153 sui
487 2133 546 2153 cum
560 2126 724 2160 negotiorum
735 2126 811 2153 turba
825 2133 897 2153 com-

110 2175 240 2206 mutavit,
267 2173 345 2208 idque
369 2172 439 2207 quod
453 2172 656 2206 crepundiorum
686 2175 711 2199 et
739 2171 898 2199 vanissima-

110 2227 169 2246 rum
185 2226 273 2245 rerum
299 2217 354 2244 loco
380 2217 486 2243 haberet
502 2224 561 2252 qua:
574 2217 624 2244 viri
639 2221 714 2243 erant
726 2217 852 2252 sapientis
871 2219 896 2243 et

110 2265 238 2297 modesti;
254 2265 299 2299 qui
313 2264 425 2291 scribere
442 2264 477 2290 ad
488 2264 564 2290 illum
580 2264 675 2297 poterit
691 2263 735 2298 qui
754 2263 782 2290 in
797 2263 895 2290 oratio—

111 2311 186 2338 nibus
203 2315 227 2336 et
251 2309 344 2336 litteris
357 2309 460 2335 assidue
480 2308 621 2335 uersatur?
638 2306 690 2334 Sed
706 2307 824 2342 quamvis
839 2306 895 2342 Ly-

109 2357 158 2383 zici
188 2354 346 2390 cognominis
361 2355 398 2381 tui
412 2353 507 2380 oblitus
529 2352 619 2388 fueris,
644 2352 742 2379 amicus
758 2353 821 2378 mihi
835 2352 897 2386 inﬁ-

110 2402 176 2428 delis
190 2402 285 2436 factus,
304 2409 355 2427 non
373 2405 460 2427 tamen
474 2408 520 2435 ego
539 2400 588 2426 mei
599 2398 761 2434 cognominis
780 2397 896 2426 Prodro-

110 2448 156 2474 mi.
184 2445 323 2472 Prwcurro
348 2453 420 2480 ergo,
437 2449 515 2479 atque
531 2445 598 2471 hanc
617 2444 718 2477 primus
742 2443 788 2470 tibi
811 2442 896 2470 scribo

111 2491 262 2526 epistolam.
281 2490 310 2517 Si
320 2491 401 2526 igitur
413 2490 491 2517 habes
502 2489 570 2525 quod
585 2488 696 2522 scribas,
709 2489 811 2516 litteras
824 2488 896 2516 litte-

111 2538 148 2564 ris
174 2542 325 2569 commuto;
348 2537 372 2563 si
400 2544 452 2563 non
469 2536 557 2567 habes,
575 2543 623 2571 pro
639 2536 749 2571 negotiis
772 2534 897 2572 epistolas

112 2584 209 2619 accipe,
222 2584 309 2610 aureis
325 2590 394 2610 terea
406 2585 579 2610 commutans.
601 2579 673 2609 Vale.

318 2626 388 2656 XIII.
401 2642 436 2646 —
449 2626 578 2662 Ejusdem
594 2626 695 2654 eidem.

151 2673 219 2707 Heu,
235 2676 292 2708 heu,
311 2672 411 2708 Lysiae,
430 2681 462 2700 es:
476 2677 576 2709 quanta
591 2674 779 2700 necessitudine
796 2677 821 2700 et
838 2682 900 2701 can-

109 2721 245 2756 junctiane
272 2727 317 2746 nos
335 2727 391 2746 sors
414 2720 506 2754 iniqua
531 2718 796 2751 distraxit.Pridem,
816 2727 899 2754 neque

113 2767 152 2794 ita
178 2765 278 2800 pridem
308 2764 379 2800 apud
402 2764 505 2791 eosdem
527 2763 682 2799 eloquentia:
706 2764 783 2790 duces
806 2764 898 2791 iisdem

115 2810 248 2847 praceptis
274 2809 494 2845 in/ormabamur,
516 2809 647 2845 simulque
675 2809 896 2844 informabamur,

116 2863 140 2886 et
160 2862 259 2891 mutuo,
276 2857 455 2892 philosophica
469 2857 496 2885 in
511 2865 539 2884 os
553 2857 635 2885 veluti
655 2857 798 2884 inserentes
812 2864 899 2890 quan—

646 165 808 197 SCRiP'I‘A
831 162 1112 196 MlSC-ELLANEA.

900 225 924 252 Α
937 219 967 247 τδ
982 218 1137 255 βιαιότερον
1151 216 1200 245 καὶ
1213 218 1255 245 ὅτι
1282 216 1401 253 μητέρες
1424 215 1491 252 ἡμίν
1512 216 1560 244 καὶ
1578 216 1616 252 μὴ
1633 217 1726 253 μήτηρ

1659 152 1728 193 1286

941 265 1185 300 ἡτανακτήκαμεν.
1196 263 1238 290 Tit
1257 262 1307 298 μιν
1320 263 1368 290 οὖν
1379 262 1530 298 τηνικαῦτα
1542 262 1660 290 τοιαῦτα
1669 270 1678 279 ⁸
1692 264 1726 290 τὰ

937 311 966 338 δὲ
980 311 1026 338 νῦν
1046 308 1108 344 οἵας
1125 311 1172 337 Σοὶ
1198 309 1247 346 μὶν
1266 307 1313 336 οὖν
1328 310 1452 345 ἦνοικται
1468 309 1545 345 βῆμα
1568 309 1616 336 καὶ
1631 309 1725 345 θρόνος

937 357 1058 392 ἀπῆρται
1082 356 1130 384 καὶ
1146 356 1343 392 δημοκοπεῐται
1367 356 1403 382 τὰ
1430 355 1585 390 λογοθίσια,
1604 356 1652 383 καὶ
1668 356 1723 383 τῶν

937 403 1061 438 ισθήτων
1076 403 1125 438 τὴν
1141 402 1191 438 μιν
1206 402 1343 437 χλιδῶσαν
1362 401 1530 436 περίκεισαι,
1557 402 1608 437 τὴν
1625 401 1654 428 δδ
1672 410 1726 436 μα-

937 447 1027 484 λακὴν
1041 448 1261 481 ιγκαταθάπτεις
1271 448 1310 482 τῷ
1337 447 1470 482 κιϐωτίῳ,
1491 447 1540 474 καὶ
1555 448 1602 473 ἐπὶ
1622 455 1726 482 τρυφε-

939 494 995 529 ρῶν
1010 494 1166 530 πομπεύεις
1180 495 1234 521 τῶν
1245 494 1377 529 ἡμιόνων,
1394 494 1443 520 καὶ⁸
1458 494 1513 520 τῶν
1528 493 1727 529 ἀργυρηλάτων

938 540 1071 575 φαλάρων
1096 541 1152 572 τοῖς
1178 540 1228 575 μὲν
1247 539 1459 573 ἒπιθεατρίζεις,
1485 540 1550 571 τοὺς
1578 539 1608 566 δὲ
1633 539 1727 566 πλεῖον

939 587 1022 622 ἄχθος
1036 588 1096 618 ταῖς
1109 586 1232 621 ἡμιόνοις
1249 586 1382 621 ὲτιιτεχνᾷ
1394 593 1402 602 ν
1433 585 1479 611 καὶ
1496 584 1660 619 φλεγμαίνει
1685 593 1727 612 σοι

941 632 990 668 μὲν
1003 632 1020 667 ἡ
1036 632 1171 667 τράπεζα·
1187 632 1222 658 τά
1233 631 1256 658 δ’
1276 631 1400 666 ἡμέτερα
1415 630 1596 666 ἀλουτοῢμεν,
1610 630 1727 666 αὐχμῶν

940 686 1002 712 μιν,
1018 678 1182 713 πιζεὺομεν.
1207 677 1241 704 Τί
1255 678 1286 704 τδ
1307 677 1353 704 ἐπὶ
1375 677 1483 707 τούτοις
1498 677 1660 709 ἀνέσπακας
1675 676 1726 711 τὴν

938 723 1025 759 ὀφρὺν
1044 722 1150 758 μεγάλα
1166 725 1231 758 περὶ
1243 723 1342 750 σαυτοῦ
1362 725 1572 758 φαντασάμενος
1587 723 1636 751 καὶ
1647 723 1728 758 ἡμῶν

940 769 1097 806 μικρότητα
1117 770 1381 805 καταψηφισάμενος
1394 779 1401 803 ;
1418 770 1537 805 Ἔχομεν
1553 766 1594 801 οἷς
1607 770 1728 805 αὐχήσο-

941 823 993 850 μιν
1008 814 1055 855 καὶ
1073 816 1165 850 ἡμεῖς,
1185 815 1231 843 τὸν
1245 816 1406 851 περίπατον,
1420 815 1470 851 τὴν
1483 815 1649 851 ἀκαδημίαν.
1662 816 1728 847 τοὺς

939 861 969 888 ιν
984 859 1127 896 φιλοσοφίᾳ
1142 860 1310 896 ἀνθιασμοὺς
1330 861 1385 889 τῶν
1400 862 1500 897 βίϐλων
1510 881 1517 893 ,
1529 861 1563 894 ἇς
1583 869 1614 888 τε
1628 861 1728 896 ὼδινη-

937 903 1032 937 θείσας
1060 906 1118 937 τοῖς
1147 905 1275 937 παλαιοῖς
1300 906 1465 941 ὴγασάμεθα
1495 906 1542 933 καὶ
1566 906 1599 937 ἃς
1620 906 1728 933 ἐκεῖθεν

937 949 1083 983 ὠδίναντες
1098 951 1284 987 ἀπετίκομεν.
1298 952 1393 978 Ἔστιν
1409 953 1475 987 ἡμῖν
1490 952 1531 984 εἰς
1546 951 1728 987 σεμνολογίαν

938 996 985 1023 καὶ
997 995 1112 1024 Πλάτων
1138 995 1273 1030 θεολογῶν
1288 996 1336 1022 καὶ
1366 997 1558 1032 Ἀριστοτέλης
1576 996 1726 1031 φυσικευό-

939 1049 1032 1085 μενος,
1061 1041 1110 1069 καὶ
1132 1041 1262 1074 Ἰταλικὸς
1276 1041 1412 1069 διδάσκων
1434 1043 1483 1068 καὶ
1506 1042 1632 1078 γράφων.
1651 1042 1728 1077 Ἔχω

938 1087 1016 1123 βῆμα
1032 1087 1110 1122 κάγὼ
1128 1088 1220 1124 πολλῷ
1245 1088 1294 1115 τοῦ
1320 1088 1367 1115 σοῦ
1394 1089 1559 1124 σεμνότερον
1583 1088 1726 1124 βήματος,

937 1133 993 1168 ὅσῳ
1019 1134 1049 1159 τὸ
1073 1132 1124 1168 μὲν
1141 1133 1189 1160 σὺν
1205 1134 1273 1168 περί
1292 1142 1323 1160 τε
1338 1133 1466 1170 βάρϐαρα
1485 1134 1665 1169 καταγίνεται
1679 1136 1728 1162 καὶ

939 1178 1090 1214 βαρϐάροις
1106 1177 1144 1211 ὡς
1157 1179 1188 1205 τὸ
1207 1179 1334 1206 πλείσταν
1346 1179 1568 1214 ἐκκλησιάζεται,
1581 1180 1610 1206 τδ
1624 1180 1649 1207 δ’
1660 1180 1728 1216 ὲμδν

939 1224 1096 1260 φιλοσόφων
1109 1225 1166 1256 τοῖς
1182 1224 1410 1260 εὐδοκιμωτάτοις
1425 1225 1660 1261 συναπαρτίξεται
1679 1226 1728 1252 καὶ

938 1269 989 1302 τὰς
1003 1270 1057 1297 τῶν
1079 1270 1164 1297 όντων
1180 1269 1277 1304 φύσεις
1294 1272 1400 1297 σκοπεῖ.
1419 1270 1452 1296 Τί
1480 1278 1522 1297 σοι
1547 1270 1728 1306 κατεσπάσθη

938 1315 970 1344 τὸ
981 1316 1161 1351 ὲπισκήνιον;
1181 1315 1379 1351 ’Δνεμνήσθης,
1397 1314 1485 1352 οἶμαι,
1507 1315 1561 1343 τῶν
1576 1317 1605 1343 ιν
1620 1316 1729 1351 φιλοσο-

940 1362 990 1398 φίᾳ
1005 1361 1152 1398 διατριϐῶν
1164 1362 1212 1388 καὶ
1225 1362 1276 1398 τῆς
1294 1362 1397 1398 σεμνῆς
1407 1362 1537 1398 ἀσχολίας
1555 1361 1664 1398 ἐκείνης
1677 1363 1727 1390 καὶ

939 1404 1037 1442 ἔρασαί
1049 1415 1082 1441 γε
1104 1406 1162 1442 (sic)
1179 1406 1235 1434 τῶν
1260 1407 1404 1443 προτέρων
1427 1407 1577 1443 διατριϐῶν
1603 1408 1728 1441 ἐκείνων.

940 1452 1122 1487 φαντάζομαι,
1132 1452 1170 1484 ὼς
1184 1451 1288 1485 γένοιτό
1305 1460 1334 1478 σε
1347 1453 1394 1480 καὶ
1410 1452 1483 1489 ἔργῳ
1497 1453 1543 1480 τὸν
1559 1452 1622 1490 ἔρον
1640 1462 1730 1489 παρα-

942 1497 1127 1534 μυθήσασθαι.
1146 1498 1283 1533 Ἔρρωσθ.

905 1581 929 1612 c
945 1584 1001 1607 tum
1015 1579 1140 1615 (papa!)
1154 1583 1282 1614 quantum
1308 1580 1379 1607 inter
1401 1588 1448 1608 nos
1464 1589 1579 1608 amorem
1597 1583 1729 1611 nutrieba-

944 1634 1017 1658 mus;
1038 1634 1134 1659 parum
1147 1625 1238 1652 aberat
1254 1626 1315 1660 quin
1331 1627 1359 1653 in
1371 1627 1488 1661 furorem
1500 1627 1620 1655 evaderet
1634 1637 1644 1662 ,'
1662 1629 1732 1656 indi-

943 1671 1093 1706 gnabomur
1121 1671 1201 1698 etiam
1223 1671 1292 1707 quod
1313 1677 1366 1699 non
1387 1679 1418 1699 ex
1440 1680 1494 1699 una
1523 1681 1630 1702 eramus
1645 1679 1730 1703 matre

943 1718 1085 1753 progeniti.
1112 1719 1177 1745 Hac
1194 1719 1298 1754 quidem
1326 1722 1387 1745 tunc
1405 1723 1499 1752 erant;
1524 1720 1617 1753 qualia
1642 1725 1730 1748 autem

943 1763 1035 1790 nunc?
1059 1763 1095 1790 Tu
1115 1763 1219 1798 quidem
1233 1763 1348 1790 scholam
1364 1765 1451 1798 aperis
1465 1768 1488 1790 et
1508 1765 1631 1792 thronum
1651 1767 1730 1802 erigis

944 1812 970 1835 et
980 1809 1083 1836 divinos
1097 1810 1229 1836 orationes
1242 1809 1343 1845 publice
1355 1810 1489 1837 habendas
1502 1810 1609 1844 scribis;
1620 1813 1730 1840 vestium

944 1862 1006 1881 vero
1015 1853 1182 1889 splendidam
1196 1855 1280 1882 aliam
1294 1855 1393 1887 induis,
1406 1854 1548 1883 delicatam
1563 1857 1646 1884 aliam
1667 1867 1731 1886 arca

944 1901 1023 1935 quasi
1047 1901 1150 1936 sepelis,
1168 1905 1192 1927 et
1217 1902 1327 1936 pingues
1354 1900 1439 1929 muios
1456 1907 1588 1936 ostentus;
1607 1904 1732 1939 phalera-

944 1954 1005 1974 rmn
1031 1955 1091 1974 vero
1106 1955 1137 1974 es
1153 1955 1251 1983 magna
1268 1948 1373 1982 argenti
1393 1948 1420 1975 vi
1441 1953 1639 1984 compactarum
1661 1950 1731 1978 alios

946 1993 1022 2027 quasi
1036 1993 1063 2019 in
1077 1993 1180 2019 theatro
1196 1993 1316 2028 exponis.
1331 1991 1400 2020 alios
1412 1993 1522 2026 majoris
1539 1995 1619 2020 etiam
1635 1995 1732 2029 ponde-

945 2037 983 2064 ris
1000 2038 1162 2064 machinaris
1173 2059 1180 2071 ,
1203 2042 1282 2073 atque
1298 2039 1503 2066 instructissimo
1517 2039 1564 2066 tibi
1574 2048 1665 2067 mensa
1683 2046 1731 2069 est.

945 2083 1057 2110 Assidue
1084 2083 1131 2110 tibi
1156 2091 1249 2118 corpus
1279 2084 1418 2112 lotionibus
1442 2089 1547 2118 manat,
1573 2094 1633 2120 quae
1664 2087 1733 2114 illud

947 2127 1094 2160 mundent;
1118 2132 1237 2155 nostrum
1250 2135 1310 2155 vero
1325 2133 1401 2161 aret,
1426 2133 1450 2155 et
1466 2130 1575 2164 pedibus
1595 2131 1647 2158 iter
1669 2132 1735 2166 faci-

946 2180 1018 2201 mus.
1034 2172 1105 2205 Quid
1119 2181 1198 2209 grave
1217 2174 1246 2200 in
1259 2173 1299 2200 his
1317 2174 1490 2209 supercilium
1507 2176 1620 2209 inducis,
1636 2185 1733 2212 magna

947 2218 980 2247 de
995 2223 1019 2245 te
1035 2217 1164 2253 cogitans,
1184 2225 1231 2244 nos
1245 2225 1305 2244 vero
1318 2218 1430 2245 humiles
1453 2219 1619 2254 despiciens?
1644 2220 1734 2248 ﬂabe-

946 2271 1006 2291 ssstss
1032 2267 1058 2290 et
1083 2271 1130 2290 nos
1159 2263 1251 2297 quibus
1277 2262 1613 2299 gloriemur.Pesipatum,
1637 2267 1734 2292 acade-

948 2311 1042 2341 uss'ans.
1071 2309 1197 2336 libron
1217 2308 1455 2343 philosophicorum
1471 2311 1593 2344 oracula,
1622 2316 1647 2338 et
1669 2319 1734 2347 quos

947 2355 983 2383 ab
1007 2355 1124 2389 antiquis
1150 2359 1241 2390 partos
1268 2355 1396 2382 admirati
1411 2363 1513 2388 sumus,
1539 2364 1655 2392 quosque
1683 2358 1734 2393 ipsi

949 2400 1128 2435 parturientes
1139 2400 1274 2427 emisimus
1287 2401 1315 2427 in
1327 2399 1420 2428 iacens.
1440 2401 1490 2428 Est
1499 2406 1525 2428 et
1538 2403 1610 2429 nobis
1624 2403 1659 2430 ad
1668 2411 1734 2438 gra-

948 2446 1059 2474 vitatem
1070 2445 1176 2473 dicendi
1189 2445 1270 2473 Plato
1281 2446 1427 2482 theologus,
1439 2447 1592 2476 Aristoteles
1602 2449 1734 2484 physicus,

949 2490 1060 2519 Italicus
1084 2491 1174 2519 doctor
1198 2495 1223 2518 et
1240 2491 1365 2527 scriptor.
1385 2492 1420 2518 Et
1437 2500 1486 2528 ego
1502 2493 1620 2520 tribuno!
1639 2494 1734 2527 habeo.

950 2536 1034 2564 multo
1058 2536 1232 2563 venerabilius
1260 2545 1341 2571 quam
1367 2541 1452 2570 tuum,
1463 2539 1533 2572 quod
1558 2539 1682 2566 nimirum
1706 2545 1734 2568 tu

947 2584 1016 2610 circa
1044 2590 1084 2610 res
1107 2583 1282 2610 barbarorum
1296 2584 1421 2615 versaris.
1441 2584 1612 2619 barbarisque
1627 2591 1655 2612 ut
1671 2586 1734 2619 plu-

948 2629 1044 2655 rimum
1061 2628 1236 2655 concionaris.
1259 2627 1348 2655 Meum
1372 2637 1388 2655 a
1411 2629 1601 2664 probatissimis
1621 2631 1735 2666 philoso-

946 2674 1056 2709 phorum
1080 2672 1226 2709 perﬁcitur.
1252 2678 1276 2701 et
1302 2681 1391 2700 rerum
1410 2682 1505 2701 causas
1518 2679 1646 2704 sectatur.
1664 2676 1735 2709 Quid

946 2717 1116 2752 supercilium
1138 2717 1288 2746 contrahis.’
1315 2717 1482 2747 Recordaris.
1499 2720 1604 2754 opinor,
1625 2720 1734 2750 illarum

945 2764 974 2791 in
1001 2763 1164 2798 philosophia
1190 2764 1405 2791 exercitationum
1418 2785 1426 2797 ,
1444 2764 1641 2799 desiderasque,
1660 2771 1733 2802 putoI

945 2809 1070 2844 graviora
1096 2807 1145 2835 illa
1159 2809 1259 2841 studia,
1271 2813 1296 2835 ct
1311 2809 1436 2844 pristinos
1453 2812 1650 2839 exercitationes
1659 2821 1669 2846 ;
1683 2813 1736 2840 uti-

946 2864 1008 2884 nam
1024 2855 1152 2882 desiderio
1167 2863 1230 2886 opus
1244 2856 1408 2884 respondeat.
1433 2856 1505 2883 Vale.
