1923 3079
349 176 435 204 1Δ’.-·
452 175 509 203 Τοῦ
522 174 618 203 αὐτοῦ
631 174 671 208 τῷ
685 174 782 209 Musa.

205 222 291 250 Φασὶν
302 222 327 249 oi.
337 223 547 258 πεπειραμένοι,
555 222 602 249 καὶ
611 221 667 255 ἐγὼ
676 221 818 257 πείθομαι,
828 219 960 248 θεσπεσία

174 279 220 306 μοι
234 270 272 304 τῷ
289 269 347 296 ὄντι
361 269 446 304 ψυχὴ.
464 269 563 304 μικρὸν
590 267 715 302 ἀψίνθιον
738 266 830 302 πολλῷ
845 266 961 302 ἑγχυθὲν

175 317 222 343 καὶ
244 315 386 350 ’Υμηττίῳ
401 315 440 350 τῷ
458 315 546 350 μέλιτι
564 314 707 349 (Ἀττικῆς
724 313 752 340 δὲ
760 313 822 348 δρος
831 310 906 344 οἶδας
915 313 961 338 τὸν

178 361 316 397 Ὑμηττὸν
343 361 520 396 μελιτουργὸν
556 361 603 387 καὶ
628 360 737 396 μέλιτος
761 359 808 386 τοῦ
835 357 960 393 ἀρίστου)

174 408 297 436 ἀλλοιοῦν
316 417 345 434 τε
363 408 408 434 τὸν
424 407 529 433 ἐκείνου
552 407 639 442 χυμὸν
659 407 706 433 καὶ
721 406 760 441 τῷ
783 405 881 432 ἑαυτοῦ
899 413 962 432 συν-

174 455 324 490 εξομοιοῦν.
353 454 408 481 Καὶ
431 454 480 488 τὴν
496 453 588 480 αἰτίαν
603 452 653 479 οὐκ
668 452 769 486 ἀγεννῆ
786 451 848 478 οὐδὲ
864 451 962 484 ἄλογον

175 503 213 537 μὴ
228 502 269 528 ὅτι
288 509 318 535 γε
332 500 380 527 καὶ
395 500 467 526 πάνυ
488 498 649 533 σοφωτάτην
661 497 837 524 ἀποδιδόασιν
851 497 902 523 οὐκ
913 494 963 523 οἷδ’

174 549 227 576 εἴτε
244 548 351 575 οἴκοθεν
376 547 484 578 ἑλόντες
503 545 557 572 site
575 545 657 571 πόθεν
671 543 877 578 δανεισάμενοι,
897 543 963 578 ῥᾷον

174 595 203 622 δέ
220 603 286 628 φασι
312 594 411 624 κακίας
440 591 641 628 μεταδιδόναιῆ
660 590 773 625 ἀρετῆς.
801 588 859 615 Νῦν
882 588 910 615 δὲ
933 589 964 615 τὺ

176 642 295 668 ἐναντίον
310 639 383 666 ἅπαν
394 640 556 674 ὲνήργηται·
570 637 601 663 τὸ
612 638 665 673 γὰρ
683 636 782 672 μικρὸν
795 635 843 663 τοῦ
855 637 965 662 επιστο-

175 688 232 714 λίου
249 696 295 714 σου
310 686 371 721 μέλι
386 686 416 712 τὸ
425 686 471 712 ναὶ
490 686 528 720 μὰ
540 685 586 711 τὸν
603 683 651 711 καὶ
665 684 737 720 πέρα
748 683 795 710 τοῦ
815 681 965 717 Ὑμηττίου

176 735 263 768 γλυκὺ
278 734 317 765 είς
332 732 382 767 τὴν
396 731 557 767 κακόχυμον
571 731 684 766 πικρίας
700 730 748 757 καὶ
758 729 899 764 ἀψινθώδη
915 736 965 764 μου

175 779 265 814 ψυχὴν
281 778 418 813 ἐμϐληθὲν
432 778 481 804 οὒκ
496 777 571 804 ἔστιν
586 777 636 803 ὃσα
649 775 753 810 ταύτην
781 774 968 810 κατεμελίτωα

178 835 234 858 cev,
250 825 321 852 ὥστε
346 833 379 860 με
399 824 445 851 καὶ
466 824 682 859 ἀντιστρέψαντα
708 822 840 849 δύνασθαι
863 821 966 855 λέγειν,

178 874 242 909 ῥᾷον
272 871 443 907 μεταδιδόναι
469 870 570 905 ἀρετῆς
596 870 613 905 ἢ
637 870 750 901 κακίας.
770 868 824 895 Καὶ
852 867 970 903 χαιρέτω

179 927 220 945 σοι
244 919 293 952 μὲν
318 918 332 944 ό
359 915 528 952 τηλικούτων
550 916 692 950 γεννήτωρ
716 915 863 950 νοημάτων
882 913 946 944 νοῦς
960 921 969 935 '.

177 964 298 999 χαιρέτω
318 963 347 989 δὲ
364 962 412 989 καὶ
432 963 449 996 ή
474 961 587 996 τοιαύτη
615 961 671 987 τῶν
687 959 843 995 νοηθέντων
858 959 971 993 γλῶσσα

180 1009 326 1045 μηνύτρια,
343 1009 391 1047 καὶ
414 1008 444 1034 τὺ
467 1007 575 1042 σύναμα
599 1006 680 1042 χαῖρέ
697 1006 742 1041 μοί
759 1014 807 1033 σου
825 1005 972 1041 χαιρήσειν

177 1054 238 1084 οἶδα
251 1055 299 1082 καὶ
317 1055 364 1081 τδν
383 1054 507 1090 παρόντα
523 1053 646 1088 ποιήσων
670 1054 704 1088 τῇ
720 1051 905 1086 παραπτώσει
920 1051 971 1086 τῆς

180 1101 323 1136 ἡμεδαπῆς
340 1099 491 1132 ἀξιώσεως.
504 1099 644 1135 Ἕρρωω.

315 1153 319 1158 ί
447 1154 498 1183 ῙΕ’.
509 1171 544 1176 -
561 1155 606 1188 Τῷ
621 1155 713 1188 αὐτῷ.

216 1214 420 1241 Τοῦτοὲκεῖνου
438 1212 551 1239 Γλῶσσα
575 1212 695 1239 πνέουσα
720 1211 800 1248 μένος
828 1209 973 1246 Ἀθηναίου

181 1259 278 1294 πυρδς,
296 1259 379 1293 πυρὸς
402 1255 433 1285 οῦ
450 1259 498 1285 καὶ
519 1258 569 1293 τὴν
595 1258 677 1292 φύσιν
694 1257 825 1285 διιδέσθαι
843 1257 894 1284 οὐκ
908 1256 973 1292 ἔχω.

183 1302 230 1336 οἷς
246 1305 300 1339 γὰρ
328 1304 359 1331 ἂν
385 1304 494 1339 ἐμπέσῃ
518 1303 707 1339 ποθεινότερον
731 1303 867 1338 φαίνεται,
882 1302 931 1329 καὶ
943 1301 974 1328 οὗ

185 1349 285 1385 μᾶλλον
300 1349 353 1383 πῦρ
373 1349 389 1385 ἢ
402 1349 496 1384 δρόσος
521 1349 625 1381 τούτοις
639 1349 723 1380 δοκεῖ,
747 1349 784 1381 ὡς
796 1348 844 1375 καὶ
855 1349 888 1384 τῇ
903 1348 977 1375 Χαλ-

183 1396 264 1431 smn
280 1395 359 1422 τοῦτο
373 1395 404 1421 τὸ
429 1395 511 1430 μέρος
524 1394 680 1427 ἐξισοῦσθαι
697 1394 815 1430 καμίνῳ,
832 1391 865 1430 ἧς
877 1394 907 1421 τὸ
920 1395 977 1430 πῦρ

182 1442 221 1473 ὡς
235 1441 345 1476 πνεῦμα
355 1441 451 1477 δρόσου
475 1440 645 1476 διασυρίζειν
667 1441 723 1472 τοῖς
739 1440 874 1475 θεολόγοις
896 1440 978 1468 παισὶ

185 1487 398 1524 μεμαθήκαμεν.
420 1486 547 1514 Τοιοῦτόν
572 1495 619 1513 σου
646 1486 677 1513 τὸ
693 1486 747 1513 ἀπὸ
773 1487 821 1513 τοῦ
843 1487 978 1522 στόματος

386 1580 458 1609 XIV.
474 1595 509 1601 —
524 1579 654 1616 Ejusdem
679 1579 769 1615 Mylae.

223 1629 320 1656 Dicunt
339 1627 383 1663 qui
399 1628 498 1660 experti
511 1630 582 1658 sunt,
599 1631 677 1661 atque
691 1633 737 1660 ego
751 1625 829 1652 credo
844 1624 869 1659 (ο
884 1625 975 1652 anima

187 1676 251 1705 mihi
274 1683 333 1702 vero
355 1674 467 1707 divina),
492 1680 588 1706 parum
618 1671 740 1698 absinthii
758 1671 841 1698 multo
858 1671 976 1705 infusum

186 1723 318 1759 Hymettia
332 1720 404 1748 ntelli
417 1719 521 1752 (Atticm
542 1723 656 1746 montem
674 1718 742 1745 nosti
758 1725 812 1744 esse
824 1717 977 1753 Hymettum

186 1770 230 1797 ubi
255 1768 305 1795 mel
333 1767 470 1802 conﬁcitur
485 1770 509 1793 et
525 1766 653 1800 optimum
671 1763 746 1798 mel),
763 1765 904 1791 immutare
917 1772 977 1791 eum

186 1824 291 1843 succum
312 1818 389 1849 atque
411 1814 438 1840 in
462 1813 598 1848 proprium
619 1815 788 1843 convertere;
816 1818 978 1845 causamque

188 1870 240 1889 non
267 1860 410 1896 ignobilem
430 1867 513 1894 neque
544 1858 688 1885 absurdam
710 1857 834 1892 afferunt.
860 1857 913 1883 imo
934 1865 978 1884 sa-

187 1907 388 1944 pientissimum,
412 1905 507 1932 nescio
526 1911 562 1930 an
581 1904 659 1930 domo
681 1911 741 1930 eam
757 1902 921 1938 proferentes
942 1909 978 1929 an

187 1955 295 1982 aliunde
313 1957 464 1981 mutuantes
476 1960 487 1980 :
502 1951 607 1987 facilius
623 1959 678 1978 esse
696 1951 771 1977 aiunt
786 1949 851 1977 mali
872 1950 980 1985 partici-

188 2009 246 2035 pem
260 2000 320 2034 ﬁeri
336 2007 418 2034 quam
435 1998 505 2024 boni.
524 1996 601 2024 Nunc
614 2004 675 2023 vero
694 1996 859 2023 contrarium
872 1996 979 2023 omnino

186 2045 228 2079 fit.
259 2045 391 2079 Eaiguum
407 2042 474 2069 illud
501 2041 651 2078 epistolium
675 2047 762 2074 tuum,
781 2041 832 2069 mel
847 2042 979 2077 profecto,

187 2099 212 2121 et
235 2085 369 2128 Hymettia
393 2091 471 2118 melle
493 2090 594 2118 dulcius
622 2091 740 2125 infusum
767 2091 794 2118 in
821 2092 981 2119 amaritudi—

188 2148 249 2166 nem
277 2146 335 2173 quw
360 2137 520 2165 absinthium
553 2137 687 2171 tequabat,
716 2137 812 2164 anima:
832 2145 908 2170 mete,
929 2138 981 2165 dici

991 1579 1014 1610 C

189 2194 241 2213 non
258 2190 343 2221 potest
361 2189 463 2218 quanta
481 2183 567 2211 mellis
584 2184 723 2211 dulcedine
745 2192 805 2211 eam
820 2184 979 2220 perfuderit,

189 2239 218 2261 ut
232 2234 396 2261 contrarium
410 2232 496 2259 dicere
509 2232 607 2267 possim
623 2239 632 2258 :
647 2231 752 2265 facilius
773 2239 828 2257 esse
842 2231 903 2258 boui
918 2239 981 2266 par-

188 2280 291 2314 ticipem
317 2278 377 2311 ﬁeri
404 2285 485 2311 quam
503 2277 580 2303 ntali.
607 2276 729 2304 Gaudeat
750 2284 813 2311 ergo
834 2285 907 2303 mens
935 2280 982 2302 tua
998 2272 1020 2300 Ι)

189 2323 286 2351 talium
312 2322 427 2358 genitria;
439 2322 647 2356 cogitationum;
662 2320 777 2356 gaudeat
790 2325 814 2348 et
832 2321 923 2356 lingua
941 2325 982 2348 ta—

190 2369 223 2397 lis
250 2370 380 2401 interpres
403 2368 594 2403 cogitatorum;
620 2371 645 2393 et
664 2366 745 2394 simul
760 2372 789 2394 tu
811 2367 875 2394 mihi
895 2367 982 2402 gaude

189 2419 281 2452 (atque
296 2414 322 2441 id
338 2413 471 2448 facturum
487 2417 512 2440 te
522 2412 585 2439 bene
597 2413 667 2444 novi)
685 2417 842 2447 praesentem
859 2413 981 2440 exhibens

191 2461 224 2489 iis
239 2461 284 2496 qui
299 2459 406 2491 adsunt,
419 2458 489 2485 domi
506 2457 578 2485 nobis
594 2459 719 2485 honorem
733 2462 838 2486 natum.
853 2457 927 2486 Vale.

468 2512 529 2542 XV.
545 2529 580 2534 —
595 2513 701 2541 Eidem.

223 2563 277 2591 Hoc
302 2563 429 2590 nimirum
448 2560 517 2588 illud
541 2565 579 2588 est
604 2561 696 2596 lingua
717 2561 826 2596 spirans
846 2562 980 2589 ardorem

192 2609 368 2638 Atheniensis
395 2608 480 2644 ignis:
510 2609 577 2643 ignis
609 2609 720 2644 inquam
750 2608 825 2642 cuius
855 2613 981 2635 naturam

192 2662 346 2691 pernoscere
361 2662 413 2680 non
431 2661 547 2688 possunt.
564 2653 662 2686 Quibus
675 2654 745 2681 enim
760 2654 862 2687 incidit,
882 2654 984 2681 deside-

193 2702 304 2728 rabilem
320 2709 347 2728 se
361 2709 416 2727 esse
431 2701 558 2733 ostendit;
579 2709 625 2727 nec
647 2702 732 2735 inagis
749 2701 816 2736 ignis
837 2709 918 2736 quam
939 2709 982 2729 ros

193 2748 232 2773 his
265 2751 401 2782 apparet;
423 2752 450 2773 ut
474 2754 612 2781 exa'quare
640 2746 731 2781 aliqua
764 2752 841 2782 parte
864 2748 987 2774 uideatur

193 2792 367 2821 Chaldaicam
382 2793 514 2828 fornacem
531 2793 562 2819 de
575 2801 627 2828 qua
647 2794 764 2820 novimus
777 2795 864 2829 ignem
877 2799 904 2821 ut
918 2795 987 2821 raris

192 2839 317 2874 spiritum
343 2839 444 2873 afﬂaue
470 2841 570 2868 divinos
593 2848 697 2876 pueros.
725 2840 796 2868 Talis
819 2849 850 2867 ea:
876 2849 920 2868 ore
944 2846 988 2868 tuo

765 116 964 154 THEODORI
983 114 1187 147 PRODROMI

1742 115 1818 150 1288

973 177 997 206 Α
1011 172 1079 207 πῦρ,
1096 171 1213 199 τοιοῦτοι
1227 171 1256 198 δὲ
1271 171 1325 199 ἀπὸ
1339 171 1389 207 τῆς
1404 171 1659 208 γλώττηςηὲξαίσιοι
1670 177 1815 210 κεραυνοί·

1014 219 1054 254 Τῇ
1076 218 1126 253 μὲν
1139 218 1186 245 οῦν
1201 219 1337 255 παροιμίᾳ.
1352 219 1393 255 μὴ
1409 219 1476 254 πυρὶ
1492 219 1548 254 πῦρ
1574 219 1690 254 ἐπάγειν
1716 221 1811 247 δοκεῖ·

1014 265 1070 300 ἐγὼ
1082 265 1105 292 δ’
1127 265 1256 297 ὲναντίως
1279 265 1295 301 ἢ
1323 266 1416 300 εκείνη
1443 265 1580 299 βούλεται,
1610 266 1696 302 φαίην
1713 267 1746 294 ἄν
1762 275 1815 294 σου

1016 311 1084 346 πρὸς
1103 310 1153 346 τὴν
1177 310 1262 346 σοφὴν
1293 310 1421 344 γλῶσσαν
1437 312 1485 338 καὶ
1509 312 1643 347 κεφαλὴν,
1671 313 1740 347 πυρὶ
1756 312 1817 348 πῦρ

1016 357 1114 392 ἔπαγε,
1129 358 1176 384 καὶ
1201 358 1359 394 πρηστῆρσι
1375 359 1435 394 (sic)
1453 361 1615 396 πρηστῆρας
1637 361 1814 396 προσ-τίθεσο.

1016 404 1074 440 Οὐχ
1099 404 1289 439 ἀφθησόμεθα,
1322 405 1360 441 μὴ
1379 405 1473 438 δέδιθι,
1502 407 1534 433 ού
1564 407 1813 443 πυρπολησόμεθα,

1015 450 1253 486 δροσισθησόμεθσ.
1278 452 1327 477 καὶ
1356 452 1424 478 πολὺ
1443 452 1523 479 πλέον
1549 453 1598 480 καὶ
1618 453 1817 488 ἀναψυχθησό-

1019 495 1101 529 μεθα,
1131 495 1169 527 ὡς
1203 495 1259 522 εἴθε
1289 497 1336 523 καὶ
1355 497 1369 523 ὁ
1395 497 1443 523 τοῦ
1472 498 1637 533 γράμματος
1667 500 1814 535 κομιστής.

1024 538 1104 566 Ἀλλὰ
1120 539 1159 575 μὴ
1183 541 1222 572 είς
1252 541 1360 576 μακρόν
1377 550 1409 576 γε
1429 543 1468 578 μὴ
1484 540 1506 569 ὦ
1526 544 1596 578 πρὸς
1625 544 1681 571 τῶν
1698 544 1814 579 βίόλων.

1020 587 1155 622 Ἐρῤωσω
1171 586 1240 623 (sic).

1195 642 1198 644 ‘
1274 647 1334 680 ις’.
1349 661 1385 668 -
1401 646 1443 680 τῷ
1463 647 1557 680 αὐτῷ.

1055 701 1091 728 Σὺ
1113 702 1162 737 μὲν
1187 702 1255 737 ἡμῖν
1274 702 1325 735 τὰς
1346 705 1512 739 παρυπάτας
1527 706 1573 732 καὶ
1591 705 1641 738 τὰς
1654 706 1772 738 ὑπάτας,
1791 706 1817 731 εί

1022 747 1112 780 βούλει
1127 747 1167 780 δὲ,
1180 749 1228 774 καὶ
1249 748 1299 780 τὰς
1315 750 1400 784 νήτας
1415 752 1460 777 καὶ
1475 754 1538 784 τοὺς
1547 752 1743 787 ὑπερϐολαίους
1767 752 1817 780 καὶ

1020 794 1070 825 τὰς
1080 793 1166 829 λύρας
1179 795 1228 821 καὶ
1246 795 1294 826 τὰς
1320 795 1450 831 κιννύρας
1466 797 1604 833 ἑπίγραφε
1622 799 1669 824 καὶ
1683 798 1731 830 τὰς
1747 807 1818 832 χρυ-

1023 839 1087 871 σέας
1099 841 1237 874 γλώσσας,
1253 843 1300 868 καὶ
1314 840 1393 874 αὖθις
1410 843 1458 875 τὰς
1480 842 1684 878 βροντοφώνους
1697 852 1704 859 ·
1722 844 1818 879 φιλίαν

1022 886 1080 922 γὰρ
1105 887 1159 914 κάν
1178 887 1268 923 τούτῳ
1293 889 1468 923 πρεσϐεύεις,
1493 890 1547 916 τῶν
1569 891 1677 918 οἰκείων
1693 892 1817 928 χαρίτων

1022 934 1079 964 τοῖς
1095 933 1182 968 φίλοις
1204 934 1379 970 κοινούμενος
1389 944 1397 952 ⁸
1419 935 1475 970 ἐγὼ
1490 936 1518 964 δὲ
1528 937 1615 964 ταῦτα
1632 937 1816 972 παραλιπὼν,

1022 980 1069 1006 καὶ
1093 980 1202 1015 ἀπόχρη
1228 981 1283 1016 γάρ
1310 990 1362 1015 σοι,
1382 982 1495 1017 μέλιττα
1508 983 1622 1019 μούσης,
1640 985 1708 1020 πρὶς
1722 987 1817 1011 πᾶσαν

1023 1026 1203 1061 σεμνολογίαν
1218 1026 1253 1053 τὰ
1264 1027 1427 1062 πράγματα,
1447 1028 1536 1055 ἐκεῖνο
1548 1029 1595 1056 ἐπὶ
1608 1031 1651 1056 σοὶ
1669 1030 1699 1056 τὸ
1716 1039 1818 1066 παροι-

1025 1071 1126 1106 μιῶδες
1145 1072 1364 1108 προσφορώτατα
1377 1074 1582 1110 μεταλήῲομαι.
1595 1075 1632 1101 Τδ
1644 1077 1720 1103 ποῖον
1731 1077 1818 1112 ἐρεῖς

1024 1119 1061 1146 To
1078 1119 1182 1154 ἀναμὶξ
1195 1119 1322 1154 ἀγκύλων
1339 1119 1456 1152 ίπποτας
1467 1121 1680 1156 ἀποκρινοῦμαι.
1695 1122 1776 1154 Γένος
1789 1123 1821 1150 δὲ

969 1170 971 1200 ξ
1025 1165 1050 1192 oi
1065 1165 1180 1199 ἀγκύλοι
1193 1166 1334 1200 φάλαγγος
1348 1166 1467 1202 πεζικῆς
1481 1167 1531 1200 τῆς
1543 1168 1661 1202 ἱππικῆς
1676 1170 1821 1204 προμαχό-

1027 1221 1118 1248 μενον.
1130 1212 1175 1247 Τῷ
1189 1212 1246 1239 liv-rt
1255 1213 1310 1247 γὰρ
1323 1213 1425 1248 ἀναμὶξ
1436 1213 1564 1247 ἀγκύλων
1578 1214 1632 1242 τῶν
1644 1216 1820 1251 πραγμάτων

1027 1257 1152 1293 στροφῶν
1180 1257 1227 1285 καὶ
1254 1259 1439 1293 σκολιοτήτων
1470 1260 1588 1292 ἱππότας
1611 1261 1667 1296 ὁρῶ
1692 1269 1740 1287 σου
1754 1263 1821 1294 τοὺς

1025 1301 1134 1341 λόγους,
1146 1301 1183 1334 ὡς
1196 1302 1245 1337 μὲν
1258 1302 1322 1330 ίδεῐν
1351 1303 1496 1340 σοϐαροὺς,
1513 1305 1553 1336 ὡς
1571 1305 1599 1331 δὲ
1610 1305 1725 1341 δραμεῖν
1742 1314 1821 1341 ταχι-

1027 1348 1100 1380 νούς.
1136 1348 1206 1375 Ἀλλ’
1235 1349 1282 1375 ἐπὶ
1312 1350 1360 1384 μὲν
1377 1350 1432 1377 τῶν
1459 1351 1649 1386 στρατοπέδων
1676 1352 1819 1388 ἀταξίανή

1027 1395 1140 1432 τοιαύτη
1164 1395 1220 1422 τῶν
1248 1395 1376 1429 ἀγκύλων
1399 1396 1446 1423 καὶ
1469 1397 1525 1424 τῶν
1552 1398 1676 1425 ἱπποτῶν
1692 1399 1821 1434 ἐμφαίνει

1028 1441 1167 1476 ἀναμιγή·
1195 1441 1242 1466 ἐπὶ
1261 1441 1290 1467 δέ
1317 1449 1363 1468 σου
1377 1441 1424 1468 καὶ
1441 1442 1546 1474 τάξεων
1566 1443 1616 1478 τὴν
1639 1443 1756 1479 ἀρίστην
1773 1445 1822 1471 καὶ

1030 1480 1271 1523 ῦπιρφυεστάτην.
1290 1487 1326 1514 Ἢ
1339 1487 1395 1523 γὰρ
1411 1484 1434 1514 ὧ
1453 1489 1518 1523 πρὸς
1533 1489 1586 1516 τῶν
1602 1489 1691 1523 λόγων
1706 1490 1737 1517 οὐ
1750 1491 1823 1525 πέρα

1031 1578 1101 1613 ignis
1117 1578 1221 1613 prodit;
1241 1579 1309 1606 talia
1327 1587 1358 1606 ea:
1372 1583 1418 1607 tua
1431 1579 1523 1615 lingua
1536 1580 1686 1615 singularia
1699 1583 1821 1616 quedam

1028 1625 1155 1660 fulmina.
1167 1625 1250 1653 Juxta
1265 1626 1423 1660 paramiam
1447 1627 1524 1654 illam
1539 1627 1608 1662 ignis
1619 1628 1675 1662 igni
1688 1628 1824 1656 addendus

1028 1679 1082 1699 non
1107 1671 1220 1699 videtur.
1244 1671 1301 1706 Ego
1327 1677 1388 1699 vero
1403 1673 1578 1704 contrarium,
1599 1680 1681 1707 quam
1697 1673 1746 1700 illa
1762 1683 1825 1709 par-

1027 1719 1105 1745 temin
1125 1718 1192 1749 uult.
1206 1718 1320 1745 dicerem
1336 1719 1368 1745 de
1381 1719 1501 1754 sapiente
1519 1718 1611 1754 lingua
1624 1724 1648 1746 et
1664 1724 1752 1747 mente
1765 1726 1822 1750 tua.

1028 1761 1103 1789 Adde
1127 1762 1183 1797 igni
1207 1763 1296 1798 ignem
1318 1767 1343 1789 et
1370 1762 1525 1797 fulminibus
1555 1763 1670 1798 fulmina
1699 1774 1822 1801 appone:

1028 1817 1081 1836 non
1096 1817 1215 1842 uremur,
1227 1817 1260 1837 ne
1274 1811 1348 1842 time,
1367 1818 1420 1837 non
1436 1811 1619 1838 ineendemur.
1638 1810 1723 1839 Multo
1737 1817 1822 1839 autem

1029 1857 1114 1891 magis
1133 1864 1193 1883 rore
1209 1857 1401 1891 perfundemur
1414 1863 1439 1884 et
1464 1858 1703 1893 refrigerabimur;
1719 1861 1823 1887 utinam

1029 1903 1184 1931 tabellarius
1207 1905 1255 1931 hoc
1278 1904 1377 1938 faciat,
1393 1908 1417 1930 et
1433 1909 1473 1936 tu,
1491 1905 1531 1932 vir
1547 1905 1705 1939 doctissime,
1723 1915 1777 1933 rem
1797 1908 1824 1934 iis

1031 1951 1140 1985 longum
1164 1957 1217 1977 non
1247 1950 1403 1985 protrahas,
1429 1951 1482 1977 sive
1508 1950 1543 1977 ad
1572 1951 1653 1978 libros
1683 1953 1823 1980 amanda.

1032 1996 1106 2024 Vale.

1304 2041 1375 2070 XVI.
1389 2057 1425 2063 --
1440 2043 1547 2070 Eidem.

1067 2099 1104 2126 Tu
1117 2099 1222 2134 quidem
1242 2098 1315 2125 nobis
1339 2099 1460 2127 inscribis
1480 2101 1611 2135 supremis
1636 2100 1742 2127 exordia
1759 2101 1824 2128 uici-

1032 2155 1081 2174 nas
1105 2152 1129 2174 et
1156 2154 1294 2182 supremas
1308 2147 1331 2174 si
1351 2148 1389 2174 vis
1403 2152 1428 2174 et
1450 2148 1555 2181 inﬁmas
1575 2154 1599 2176 et
1622 2149 1789 2176 acutissimas
1802 2157 1825 2178 et

1033 2193 1105 2228 lyras
1120 2198 1144 2219 et
1160 2193 1276 2220 citharas
1300 2197 1324 2220 et
1339 2195 1446 2221 titulum
1470 2195 1543 2221 nobis
1563 2204 1667 2230 appone
1682 2205 1824 2223 aureorum

1035 2239 1190 2275 linguarum
1219 2244 1242 2266 et
1261 2247 1366 2266 rursum
1387 2248 1479 2266 uocum
1492 2241 1615 2269 .tonitru.
1643 2243 1707 2269 Ha'c
1723 2243 1825 2276 quidem

1035 2290 1191 2313 ornamenta
1208 2291 1254 2314 tua
1267 2290 1328 2313 sunt
1341 2295 1350 2319 ;
1379 2287 1524 2314 amicitiam
1539 2291 1628 2314 autem
1643 2288 1680 2314 sic
1694 2287 1823 2320 declaras,

1035 2333 1191 2360 domesticas
1218 2333 1332 2360 charites
1354 2341 1414 2359 cum
1436 2333 1525 2360 amicis
1547 2334 1757 2361 communicem.
1772 2334 1825 2369 Ego

1036 2381 1090 2407 haec
1115 2379 1235 2413 linquens
1251 2378 1358 2414 (etenim
1372 2379 1465 2414 sufficit
1487 2380 1532 2406 tibi
1550 2381 1607 2415 apis
1626 2388 1708 2407 musae
1724 2386 1777 2407 tum
1793 2381 1825 2407 ad

1036 2426 1152 2462 graviter
1162 2433 1330 2460 quascunque
1343 2433 1384 2452 res
1397 2425 1562 2459 tractandas)
1575 2425 1652 2452 illum
1666 2426 1824 2459 paranniam

1039 2472 1084 2498 tibi
1105 2471 1380 2498 convenientissimum
1403 2471 1543 2506 accipiam.
1567 2471 1632 2503 Qua:
1646 2480 1676 2498 ea
1693 2471 1754 2498 est?
1776 2471 1826 2498 Re-

1037 2517 1196 2551 spondemus
1211 2516 1292 2543 simul
1308 2515 1413 2551 ancylas
1427 2520 1452 2542 et
1468 2516 1574 2550 equites.
1592 2515 1660 2543 Sunt
1673 2521 1764 2543 autem
1782 2526 1828 2543 an-

1038 2560 1108 2596 cy'les
1130 2569 1211 2596 genus
1235 2561 1363 2596 pedestris
1380 2562 1520 2596 phalangis
1542 2561 1612 2596 quod
1630 2570 1689 2588 cum
1709 2563 1826 2597 equitatu

1036 2614 1148 2644 pugnat.
1171 2608 1236 2635 Vere
1258 2609 1328 2635 enim
1347 2616 1400 2635 una
1418 2616 1477 2634 cum
1502 2608 1638 2644 ancylibus
1663 2608 1827 2642 negotiorum

1036 2656 1226 2691 implexorum,
1258 2660 1497 2690 tortuosornmque,
1524 2656 1600 2690 quasi
1628 2657 1728 2690 equites
1756 2655 1827 2682 video

1037 2703 1170 2730 orationes
1195 2707 1266 2734 tuas,
1285 2701 1409 2728 sublimes
1426 2706 1543 2736 aspectu,
1558 2710 1635 2728 cursu
1656 2701 1766 2729 veloces.
1780 2701 1828 2729 Sed

1039 2755 1136 2785 prater
1163 2749 1260 2784 pedites
1277 2757 1384 2784 sparsos
1406 2749 1432 2775 hi
1449 2748 1555 2784 ancyles
1582 2753 1605 2774 et
1633 2749 1731 2783 equites
1756 2749 1828 2776 mitti

1040 2799 1182 2832 apparent,
1210 2795 1338 2821 nimirum
1364 2798 1461 2830 pra’ter
1482 2799 1542 2821 tuas
1567 2794 1680 2828 optimas
1699 2794 1828 2821 excellen-

1041 2842 1208 2869 tissimasaue
1233 2844 1346 2874 turmas,
1370 2839 1501 2867 hominem
1531 2839 1647 2870 profecto
1678 2839 1756 2866 video
1780 2848 1828 2868 non
