1935 3085
218 186 342 215 παύουσι
353 195 359 202 ·
375 185 421 213 καὶ
447 185 479 212 σύ
501 194 545 221 μοι
565 186 665 220 λέγεις,
686 185 767 218 Πενίη
785 184 882 218 σοφίην
897 183 976 218 ἔλαχε
990 190 998 215 ;
1014 186 1039 215 Α

219 232 270 259 Διὰ
282 231 387 262 πενίαν,
407 231 544 265 ἐπιορκίαι
560 231 607 258 καὶ
621 230 707 266 ψεύδη
722 228 897 257 παντοδαπά·
915 228 962 265 καὶ
971 226 1003 253 σὺ

219 276 268 312 τὴν
282 275 466 310 ἀληθεστάτην
479 276 634 311 ἐπιστήμην
644 276 711 310 αὐτῇ
727 273 940 310 ὲπιμαρτυραῖς;
955 272 1004 298 Διὰ

218 321 320 355 ταύτην
343 321 441 354 σκηναὶ
457 320 505 347 καὶ
516 322 685 356 προσωπεῖα,
702 322 749 349 καὶ
769 318 906 349 ἐπιθέσεις
921 317 1004 344 πολύ-

218 373 312 399 τροποι
325 373 333 381 ⁸
364 365 412 392 καὶ
440 365 473 392 σὺ
492 365 588 400 σοφίας
605 366 706 401 ταύτην
719 365 808 400 λέγεις
827 362 1003 399 δημιουργὸν,

217 411 267 446 τῆς
276 411 465 447 ἀπλουστάτης
480 412 528 446 τὴν
545 412 768 446 ποικιλότροπονς
801 409 941 441 ’Δνάλεξαί
960 417 1004 444 μοι

217 457 266 487 τὰς
292 457 411 488 παλαιὰς
443 457 573 492 ἱστορίας,
607 458 655 484 καὶ
678 458 826 492 ἐρευνήσας
845 455 917 488 εἰπὲ,
936 455 1006 488 μετὰ

218 504 298 535 ποίας
312 503 406 533 πενίας
424 503 534 537 Μάρκος
557 503 712 534 Ἀντωνῐνος
731 503 911 537 ἐφιλοσόφησε
922 511 929 518 ·
945 502 1004 528 Φω-

217 550 296 577 κίωνι
312 549 341 576 δὲ
356 549 373 585 ή
391 549 454 575 ποία
471 549 550 575 πενία
563 549 625 580 τοὺς
646 549 741 582 λόγους
768 549 1002 583 προσεπορίσατος

216 594 254 622 ὧν
268 597 281 622 ὁ
299 595 347 631 μὲν
358 593 425 630 ἦρξε
445 595 598 630 Ῥωμαίων,
619 595 633 621 ὁ
654 595 676 621 δ’
697 595 902 629 ἐστρατήγησεν
924 594 1004 629 Ἀθη-

217 638 362 668 ναιων.’Ἧ
375 649 427 667 που
445 641 477 667 σὺ
493 640 540 667 καὶ
565 640 676 674 Κέϐητα
696 640 742 666 τὸν
754 640 884 674 Θηϐαῖον,
899 641 946 666 καὶ
960 641 1004 667 τὸν

225 687 372 722 Ἀθήνηθεν
392 686 533 721 Κρίτωνα,
561 685 608 712 καὶ
626 685 670 712 τὸν
692 686 785 713 λοιπὸν
805 686 926 721 ὁρμαοδν
953 685 1004 721 τῆς

219 732 394 767 Σωκρατικῆς
414 731 561 766 μαθητείας
578 731 652 766 θείης
679 731 712 758 ἂν
741 733 770 757 ὲν
787 732 843 761 τοῖς
872 731 1003 766 πένησιν·

218 779 242 804 οἳ
253 778 293 813 τῷ
304 777 406 805 ἑαυτῶν
417 777 511 813 χρυσῷ
518 778 565 804 καὶ
579 778 635 809 τοῖς
648 778 772 813 χρήμασι
788 777 920 812 πρίασθαι
929 776 1004 812 παρὰ

218 823 271 849 τῶν
285 822 380 849 ἕνδεκα
396 823 446 857 τὴν
469 822 542 858 ζωὴν
558 823 722 849 ἐποτνιῶντο
731 823 776 849 τὸν
801 823 1003 856 Σωφρονίσκου,

219 869 272 896 κᾶν
286 869 337 896 ὑπὸ
349 869 452 904 μυρίων
473 868 529 903 (Si)
544 868 658 895 πωλοῖτο
673 869 822 895 ταλάντων.
846 868 899 894 Ποῦ
917 869 945 895 δὲ
958 869 1006 904 θή-

221 923 303 949 σομεν
317 915 361 941 τὸν
383 914 583 949 Ἀριστοτέλην,
610 914 639 945 ὃς
656 913 753 948 μικροῦ
779 914 828 948 τὴν
842 915 934 941 πᾶσαν
948 915 1007 941 ἀνε-

220 961 324 992 ζώσατο
337 960 495 987 δυναστείαν
512 960 559 987 τοῦ
580 960 745 992 Μακεδόνος,
762 959 932 995 φιλοσοφῶν;
953 961 1007 986 Λύ-

219 1007 263 1038 τὺς
274 1007 303 1034 δὲ
328 1002 404 1037 οὗτος
420 1007 434 1032 ὁ
446 1005 580 1033 Μακεδὼν
596 1006 648 1032 ὑπὸ
670 1006 742 1036 τίνος
757 1005 853 1037 πενίας
877 1005 1005 1040 ἐτελέσθη

219 1052 392 1087 φιλοσοφίαν;
409 1051 511 1078 Πολλοῦ
525 1051 580 1086 ἄρα
603 1051 693 1087 δεήσει
719 1051 798 1078 τοῦτο
813 1051 909 1086 σοφίας
935 1049 1005 1077 εἶναι

219 1098 385 1132 ποριστικὸν,
399 1097 413 1123 ὃ
426 1097 479 1132 χρὴ
493 1097 641 1131 φεύγοντας
654 1097 700 1123 καὶ
715 1097 744 1129 ὲς
761 1097 920 1132 μεγακήτεα
938 1096 1003 1123 πόν·

219 1153 264 1171 τον
275 1145 380 1180 ῥίπτειν
390 1143 513 1175 ἑαυτούς.
530 1144 561 1170 Ει
579 1144 627 1179 μὲν
647 1144 699 1179 γὰρ
712 1144 802 1179 γυμνῇ
816 1144 848 1178 τῇ
865 1142 939 1178 ψυχῇ
951 1143 1007 1169 διε-

220 1235 289 1272 quod
301 1236 323 1263 si
338 1236 378 1263 sui
387 1235 460 1271 juris
475 1238 570 1267 essent,
592 1242 720 1269 quosnam
735 1233 801 1261 alios
816 1237 1005 1270 anteponerent

221 1282 358 1317 sapientia:
376 1281 519 1309 studiosis?
534 1280 710 1313 Quamobrem
726 1281 826 1316 inopia,
843 1284 871 1307 ut
888 1281 951 1307 mihi
967 1281 1005 1308 vi-

222 1327 308 1359 detur,
323 1335 374 1354 non
392 1326 478 1353 solum
495 1335 548 1354 non
569 1327 662 1353 sortita
675 1326 756 1360 fuerit
777 1326 944 1361 sapientiam.
959 1333 1005 1353 ve~

221 1379 282 1398 rum
303 1371 384 1398 etiam
407 1370 540 1398 malorum
561 1369 787 1397 inenarrabilium
808 1369 1002 1405 suppeditatria:

222 1418 290 1451 erit;
299 1418 438 1448 enimvero,
449 1417 501 1444 nisi
513 1416 607 1443 oblitus
617 1417 666 1443 sim
677 1424 767 1443 eorum
781 1423 839 1451 qutz
850 1416 877 1442 in
894 1415 1008 1442 Phaedro

223 1463 342 1491 Platonis
364 1464 551 1491 continentur:
568 1462 756 1498 imprecabitur
776 1470 872 1498 parvus
892 1466 1007 1493 amator,

222 1510 317 1545 inquit,
342 1511 422 1537 etiam
445 1512 629 1544 paupertatem
648 1515 781 1535 summam
802 1508 903 1534 amasio
918 1510 1009 1534 suout

223 1558 260 1584 ita
271 1555 356 1592 facilis
374 1556 424 1592 ipsi
438 1557 472 1583 sit
487 1559 649 1591 expugnatu.
662 1554 796 1590 Siquidem
816 1557 922 1589 propter
935 1561 1007 1588 pau-
1023 1545 1045 1576 (ἶ

223 1607 350 1639 pet'tatem
373 1602 476 1629 nullum
491 1605 649 1628 cunctantur
663 1601 777 1628 homines
800 1599 890 1627 audaa;
905 1600 1012 1634 {acinus

223 1649 374 1676 admittere:
408 1647 549 1683 sacrilegia
579 1650 705 1682 patrant:
732 1645 847 1673 tumulos
872 1646 1009 1681 effodiunt,

222 1695 388 1729 prwduntur,
411 1698 435 1721 et
450 1699 477 1720 tu
493 1693 557 1720 mihi
572 1701 680 1724 narras,
708 1692 860 1727 Paupertas
881 1691 1008 1726 sophiam

222 1746 301 1768 nacta
312 1741 376 1768 est?
389 1740 425 1768 Ob
440 1743 623 1776 paupertatem
639 1738 757 1774 perjuria
772 1741 797 1765 et
809 1738 893 1765 omnis
908 1738 1011 1773 generis

223 1786 376 1819 mendacia;
391 1790 415 1814 et
431 1791 458 1813 tu
472 1786 635 1813 verissimam
649 1785 785 1812 scientiam
802 1784 852 1819 ipsi
864 1784 984 1811 attribuis
998 1783 1011 1811 ?

225 1831 335 1868 Propter
349 1833 417 1859 hanc
435 1839 520 1859 scena:
537 1836 561 1858 et
578 1831 659 1858 larvtc
677 1835 701 1857 et
714 1830 827 1861 insidite,
851 1837 882 1857 ac
902 1830 1010 1864 fraudes

225 1877 391 1914 multiplices.
404 1882 427 1904 et
440 1879 518 1905 istam
533 1878 669 1913 sapientia
686 1876 805 1912 opificem
818 1884 874 1903 esse
890 1876 987 1903 asseris
999 1876 1012 1903 7

225 1925 262 1950 rei
275 1924 474 1959 simplicissime
493 1931 548 1950 rem
571 1923 688 1950 maxima
707 1922 836 1949 uarietate
858 1922 1008 1957 praeditam.

224 1970 324 2005 Collige
349 1975 373 1997 et
398 1970 488 2005 confer
509 1970 573 1996 mihi
597 1970 722 2004 antiquas
744 1969 884 1995 historias:
902 1972 928 1995 et
951 1976 1010 1995 cum

224 2017 401 2051 indagaueris,
425 2024 474 2051 age
488 2016 529 2043 dic
540 2015 614 2050 quali
633 2023 691 2042 cum
706 2016 817 2050 penuria
838 2014 943 2042 Marcus
956 2015 1011 2042 An-

227 2062 330 2088 toninus
359 2062 551 2097 philosophiam
576 2062 744 2088 exercuerit?
771 2061 898 2089 Phocioni
930 2062 1011 2088 etiam

226 2107 375 2143 qualisnam
390 2112 532 2143 paupertas
546 2115 679 2134 sermones
689 2107 883 2143 suppeditavit?
894 2115 907 2134 e
918 2107 1010 2142 quibus

226 2154 272 2181 ille
292 2154 472 2182 Romanorum
496 2155 639 2190 imperator
660 2154 718 2189 fuit,
742 2154 783 2181 hic
802 2155 862 2180 vero
884 2153 1012 2180 exercitus

225 2202 422 2229 Atheniensium
437 2200 547 2232 ductor;
559 2208 593 2226 an
608 2207 667 2226 uero
684 2204 711 2226 tu
722 2199 802 2226 etiam
818 2198 935 2226 Cebetem
946 2197 1012 2224 The-

226 2248 323 2275 banum
349 2252 372 2274 et
386 2247 518 2275 Critonem
541 2246 648 2273 Athenis
675 2246 826 2277 oriundum,
842 2249 866 2271 et
879 2244 1010 2279 reliquam

226 2298 359 2321 catervam
372 2293 514 2320 Socratica
525 2291 671 2327 disciplima
686 2292 755 2318 inter
770 2298 898 2326 pauperes
911 2294 1012 2317 statue—

227 2338 284 2365 ηε)
299 2338 345 2373 qui
359 2331 487 2365 auro'suo
510 2341 534 2363 et
551 2336 665 2371 pecuniis
681 2335 848 2371 Sophronisct'
863 2335 950 2369 [ilium
965 2342 1010 2362 ro-

225 2385 324 2420 gabant
339 2384 468 2411 redimere
485 2383 565 2409 vitam
590 2382 622 2409 ab
635 2381 820 2409 undecimviris
841 2381 1008 2417 capitalibus,

226 2431 330 2458 etiamsi
346 2430 457 2463 inﬁnitis
469 2428 576 2455 talentis
583 2435 679 2454 venum
692 2427 810 2454 daretur.
826 2426 936 2454 Ubinam
949 2434 1009 2453 vero

227 2475 392 2503 Aristotelem
412 2474 607 2502 constituemus.
624 2473 669 2507 qui
687 2480 782 2507 parum
798 2471 880 2506 abfuit
896 2472 959 2507 quin
972 2477 1011 2498 to-

227 2526 283 2548 tum
305 2523 373 2557 regis
395 2520 568 2547 Macedonum
594 2518 773 2554 principatum
806 2517 1014 2553 philosoplrando

226 2567 387 2595 conservarit
401 2567 413 2593 Ρ
426 2567 460 2594 Et
477 2566 518 2592 hic
531 2573 577 2592 rex
594 2564 710 2596 Macedo,
727 2572 779 2599 qua
794 2568 950 2599 paupertate
961 2564 1015 2591 ini-

263 2654 319 2689 (21)
337 2654 385 2680 Ms.
404 2653 456 2680 κᾶν
468 2653 493 2689 εί
511 2653 687 2689 παμμυρῐωντ

263 2686 365 2723 (2‘2)Ex
381 2688 518 2723 Euripidis
542 2686 647 2718 Medea,
662 2687 708 2714 ubi
731 2686 877 2714 mulierum
897 2693 1009 2714 causam

229 2722 283 2759 agit.
295 2725 337 2751 his
351 2722 455 2756 verbis,
467 2732 482 2750 α
495 2731 574 2751 versu
594 2722 647 2750 250
666 2731 673 2749 :

281 2769 408 2802 Λέγουσι
423 2770 448 2795 δ’
461 2769 548 2803 ἡμᾶς,
567 2769 606 2802 ὡς
622 2767 786 2795 ἀκίνδυνον
794 2768 867 2799 βίον

282 2804 380 2836 7.6mm-
390 2806 453 2830 κατ’
469 2805 554 2831 οἴκου
572 2812 579 2818 ·
597 2805 623 2830 ol
642 2803 675 2829 es
689 2803 854 2837 μάρνανται
873 2802 948 2836 δορί.

283 2838 385 2870 Καλῶς
401 2839 582 2872 φρονοῦντες
596 2847 603 2854 ·
619 2838 657 2871 ὡς
678 2838 739 2872 τρὶς
761 2837 798 2863 ἂν
812 2838 878 2871 παρ’
897 2837 1012 2864 ἀσπίδα

818 124 1020 155 THEODORI
1037 123 1243 154 PRODROMI

1791 125 1847 154 1320

1056 182 1146 216 ζῶμεν
1171 181 1309 217 ἄνθρωποι
1325 181 1371 208 τὸν
1402 181 1536 218 ὁμόζυγον
1558 183 1660 209 τοῦτον
1688 182 1845 217 ὑπερϐάντες

1056 228 1150 263 πηλὸν,
1167 228 1237 263 τάχα
1252 227 1283 254 ἃν
1297 229 1314 263 ἢ
1328 229 1452 264 οὐδαμῶς
1463 229 1672 264 ἐμανθάνομεν,
1686 229 1773 263 αὐτὴν
1787 230 1844 264 ἀμέ-

1056 281 1109 305 σως
1127 273 1244 308 ὁρῶντες
1260 274 1308 309 τὴν
1324 274 1352 300 ὲν
1374 275 1430 305 τοῖς
1450 272 1524 301 οὖσιν
1537 274 1677 309 ἀλήθειαν
1688 282 1695 289 ’
1717 273 1735 309 ἤ
1754 275 1842 308 μανθά-

1055 327 1111 346 νειν
1127 319 1237 353 δεῆσαν,
1262 319 1339 346 οὐθὲν
1365 317 1446 356 ἦττον
1460 320 1505 347 τοῦ
1533 319 1727 349 πλουτοῦντος
1743 321 1756 346 ὁ
1772 322 1841 354 πένης

1055 365 1221 399 ἐμάνθανεν·
1240 365 1301 391 ἐπεὶ
1330 365 1359 391 δι
1376 366 1405 391 τὸ
1424 366 1523 402 σκῆνος
1537 366 1618 392 τοῦτ’)
1631 386 1638 396 ,
1669 364 1776 392 πολλῶν
1796 368 1841 394 ἐπι-

1055 410 1126 442 δεὲς,
1146 411 1213 445 πρὸς
1228 410 1313 437 κεικοῦ
1327 410 1513 446 περιήρμοσεν
1525 411 1593 446 ἡμῖν
1610 410 1628 446 ή
1643 410 1739 444 φύσις,
1751 402 1839 439 statim

1057 456 1121 491 μὴὸ
1138 456 1207 489 μετὰ
1232 457 1328 488 πενίας
1351 457 1480 484 ἀπαντῶν
1505 459 1561 488 τοῖς
1587 456 1742 492 μαθήμασι
1765 459 1836 495 φθάσῃ

1055 501 1119 536 πρὶν
1133 501 1151 536 ἢ
1166 502 1261 537 λαχεῖν
1275 501 1324 536 τὴν
1345 503 1441 536 σοφίαν
1456 503 1538 530 αὑτοῦ
1552 512 1606 530 που
1620 504 1675 537 τὴν
1688 503 1777 539 ψυχὴν
1791 505 1838 531 ἐνο-

1057 548 1226 584 πορῤηγνύς.
1240 548 1286 584 Τῷ
1296 548 1352 575 ΰντι
1372 549 1425 583 γὰρ
1435 550 1495 584 τρὶς
1513 551 1579 585 παρ’
1597 549 1708 576 ἀσπίδα
1721 550 1773 586 (22)
1785 553 1835 585 στῆ-

1055 602 1100 620 ναι
1116 593 1246 629 ῥᾳότερον
1267 593 1356 625 (τοῦτο
1371 594 1403 628 δὴ
1427 594 1457 620 τὸ
1472 595 1520 629 τῆς
1546 596 1722 630 τραγῳδίας)
1740 597 1756 631 ἢ
1777 597 1834 631 ἅπαξ

1055 637 1290 672 ἀνταγωνίσασθαι
1302 640 1336 674 τῇ
1349 639 1437 674 πενίᾳ.
1453 638 1517 672 Ναὶ,
1540 640 1639 674 φησὶν,
1660 640 1729 666 ἀλλὰ
1740 642 1832 678 Διςγένη

1056 684 1106 711 ποῦ
1121 685 1147 718 γ’
1163 684 1195 711 ἂν
1210 684 1301 719 θῶμεν
1317 686 1361 711 τὸν
1393 685 1461 711 κύνα
1485 685 1580 711 πενίαν
1607 685 1729 720 λαχόντα
1746 687 1832 721 φιλοπο-

1055 731 1120 764 φίας
1132 730 1310 763 διδάσκαλον;
1336 731 1384 765 τῆς
1399 731 1488 763 ποίας,
1503 728 1525 758 ὦ
1547 731 1654 767 λῷστε,
1676 732 1830 767 quiescam;

1054 773 1072 810 ἧ
1102 775 1153 802 ποῦ
1187 777 1361 811 φυσιολογίαν
1388 776 1431 804 διὰ
1457 777 1550 808 πενίας
1592 778 1792 812 κατώρθωσεν,
1817 780 1829 814 ἢ

1058 822 1252 857 μαθηματικὴν
1279 823 1519 858 ἐμοσταγωγήθη,
1536 822 1583 849 καὶ
1611 823 1659 849 διὰ
1685 825 1780 859 ταύτης
1801 826 1830 857 εἰς

1058 868 1106 903 τὴν
1130 868 1229 902 γνῶσιν
1244 868 1294 903 τῆς
1322 868 1451 895 ἀνωτάτω
1477 869 1571 900 οὐσίας
1592 870 1751 904 ἀνέδραμες
1768 872 1828 897 Κσίά

1056 922 1107 940 που
1126 915 1173 940 καὶ
1187 914 1200 939 ὁ
1216 915 1302 948 μέγας
1320 914 1455 945 Πλωτῖνός
1468 922 1552 948 φησι·
1571 915 1726 949 Παράδοτε,
1747 916 1825 950 λέγων,

1055 961 1111 991 τοῖς
1128 959 1209 992 νέοις,
1222 960 1256 986 τὰ
1274 959 1423 995 μαθήματα
1438 961 1479 992 είς
1495 961 1663 995 συνεθισμδν
1674 961 1722 994 τῆς
1736 962 1826 995 ἀσωμά-

1055 1013 1102 1031 του
1119 1005 1238 1039 φύσεως.
1256 1006 1340 1031 Ποίαν
1359 1005 1415 1038 οὖν,
1426 1005 1487 1032 εἰπέ
1507 1015 1565 1041 μοι,
1592 1007 1709 1033 τουτωνὶ
1725 1007 1773 1033 τῶν
1785 1009 1828 1034 ἔπιε

1056 1049 1169 1084 στημὼν
1193 1049 1237 1076 διὰ
1259 1049 1353 1080 πενίας
1381 1050 1395 1076 ὁ
1410 1050 1540 1085 Διογένης
1564 1051 1761 1085 κατώρθωσιν;
1784 1054 1826 1079 οὺι

1058 1096 1129 1131 ἔχεις
1153 1096 1240 1122 εἰπεῖν
1252 1103 1259 1112 '
1275 1095 1333 1122 ἀλλ’
1349 1096 1375 1122 εί
1390 1095 1491 1130 βούλει,
1503 1096 1533 1123 τὸ
1549 1097 1600 1132 τῆς
1618 1097 1723 1124 ἐκείνου
1743 1097 1828 1132 φιλοπ-

1056 1142 1122 1176 φίας
1151 1140 1220 1173 εἶδος
1236 1141 1291 1176 ἐγώ
1315 1150 1355 1168 σοι
1372 1142 1409 1177 τῷ
1436 1141 1509 1178 λόγῳ
1521 1143 1746 1178 ἀναωπὼσομαι.
1767 1145 1825 1171 ’Δω-

1057 1234 1139 1260 tiatus
1159 1237 1197 1260 est
1220 1234 1303 1261 sacris
1326 1233 1496 1270 philosophia
1510 1235 1523 1261 ?
1549 1234 1665 1262 multant
1690 1243 1747 1271 ergo
1759 1236 1822 1263 abest.

1056 1284 1084 1306 ut
1098 1281 1125 1307 id
1142 1280 1280 1315 sapientia:
1295 1289 1416 1316 promunt
1430 1281 1541 1308 condunt
1554 1283 1601 1314 sit,
1622 1282 1690 1317 quod

1108 1333 1177 1372 Qum
1193 1335 1296 1372 fugiunt
1310 1336 1439 1371 homines,
1449 1337 1517 1364 vasti
1528 1345 1611 1371 super
1626 1345 1728 1372 a'quora
1736 1338 1796 1372 ponti

1112 1368 1173 1397 Sese
1183 1368 1336 1404 projiciunt.

1092 1416 1229 1442 Enimvero
1243 1416 1265 1442 si
1281 1417 1370 1443 animo
1378 1417 1448 1443 nudo
1459 1424 1506 1443 nos
1515 1416 1638 1444 homines
1648 1423 1725 1444 vitam
1738 1418 1819 1453 degere

1059 1469 1128 1492 mus.
1136 1461 1196 1488 -luto
1205 1463 1252 1489 hoc
1262 1462 1372 1498 conjuge
1379 1468 1502 1498 superato
1511 1468 1536 1491 et
1547 1464 1654 1491 calcato
1664 1471 1673 1490 :
1682 1464 1780 1498 fortasse
1787 1469 1820 1490 aut

1060 1507 1125 1535 nihil
1144 1508 1224 1542 plane
1239 1508 1408 1541 disceremus,
1431 1518 1490 1536 cum
1505 1510 1647 1537 veritatem
1664 1518 1718 1545 qua:
1734 1511 1757 1537 in
1772 1511 1818 1544 ipsis

1061 1553 1136 1580 rebus
1150 1555 1228 1586 inest,
1245 1554 1319 1581 nullo
1337 1556 1420 1582 medio
1435 1556 1576 1591 interjecto
1593 1565 1748 1584 cerneremus
1762 1564 1771 1583 :
1785 1561 1818 1582 ait

1061 1600 1084 1626 si
1108 1607 1173 1634 opus
1196 1604 1262 1627 esset
1277 1604 1306 1626 ut
1321 1600 1490 1633 disceremus,
1503 1603 1583 1637 inops
1600 1611 1651 1629 non
1665 1603 1742 1629 minus
1757 1610 1816 1637 quau

1062 1646 1176 1681 locuples
1189 1647 1296 1674 disceret
1308 1654 1317 1674 .'
1334 1655 1421 1674 verum
1435 1649 1565 1682 quoniam
1576 1649 1623 1675 hoc
1635 1649 1816 1679 tabernaculum.

1061 1694 1131 1729 quod
1145 1693 1237 1720 multis
1247 1694 1346 1729 indiget
1357 1694 1490 1727 subsidiis,
1504 1698 1607 1722 natura
1620 1695 1691 1722 nobis
1698 1694 1816 1730 importune

1061 1739 1196 1774 adjunxit,
1217 1747 1307 1766 vereor
1330 1748 1362 1766 ne
1377 1740 1398 1767 is
1414 1741 1459 1775 qui
1474 1749 1532 1768 cum
1549 1741 1676 1776 pauperie
1691 1739 1815 1774 disciplinas

1062 1784 1270 1818 amplexantur,
1282 1787 1439 1821 priusquam
1450 1787 1613 1822 sapientiam
1623 1786 1729 1814 nancisci
1740 1791 1814 1820 passer,

1061 1832 1181 1859 animam
1189 1832 1277 1867 utique
1285 1840 1360 1860 suam
1370 1832 1516 1860 exhalaret.
1527 1833 1598 1860 Nam
1611 1841 1695 1860 revera
1704 1836 1738 1858 ter
1745 1832 1766 1858 in
1773 1831 1813 1857 acie

1061 1886 1096 1905 aa
1109 1878 1230 1913 clypeum
1255 1883 1324 1905 stare
1350 1878 1456 1912 facilius
1477 1883 1543 1905 esset
1558 1879 1598 1914 (ut
1616 1883 1651 1905 est
1665 1878 1690 1904 in
1702 1876 1811 1910 (ragadia)

1061 1932 1140 1959 quam
1155 1924 1236 1951 semel
1255 1932 1313 1951 cum
1328 1929 1485 1959 paupertate
1499 1925 1643 1951 decertare.
1662 1924 1728 1955 Esto,
1739 1922 1812 1956 inquit,

1060 1973 1242 1996 verumtamen
1261 1970 1370 1997 ubinam
1389 1969 1505 1996 locorum
1527 1970 1665 2005 Diogenem
1683 1975 1761 1995 canem
1774 1966 1813 1992 rol-

1062 2015 1215 2048 locabimus,
1234 2017 1280 2051 qui
1295 2016 1466 2051 philosophia:
1491 2017 1646 2051 magistram
1662 2015 1812 2049 paupertatem

1062 2061 1174 2096 adeptus
1199 2062 1261 2088 est?
1282 2061 1471 2096 Eccujusnam,
1491 2062 1588 2096 optime
1607 2063 1654 2092 vir,
1675 2057 1811 2095 philosophia

1063 2107 1219 2142 magistram
1249 2107 1403 2134 memoras?
1427 2107 1468 2134 Αιι
1493 2115 1553 2135 eam
1577 2115 1633 2143 qua:
1644 2107 1668 2132 in
1685 2104 1811 2132 obscuritate

1063 2156 1168 2179 naturte
1182 2155 1220 2179 est
1236 2160 1282 2187 per
1296 2153 1414 2187 inopiam
1438 2152 1545 2188 pulchre
1563 2156 1689 2180 assecutus
1704 2148 1770 2185 luit?
1780 2147 1810 2175 Art

1063 2197 1314 2225 mathematicorum
1329 2198 1532 2233 disciplinarum
1548 2199 1651 2225 arcanis
1663 2197 1759 2223 imbutus
1773 2197 1808 2223 est;

1062 2247 1086 2269 et
1107 2243 1187 2277 hujus
1205 2243 1332 2270 doctrina:
1349 2243 1517 2271 adminiculis
1535 2244 1570 2271 ad
1587 2241 1698 2270 notitiam
1708 2244 1808 2274 suprmw

1062 2293 1086 2316 et
1103 2289 1222 2316 omnium
1237 2298 1325 2317 rerum
1340 2291 1464 2326 principis
1479 2297 1582 2318 natura:
1596 2288 1724 2318 cucurrit?
1736 2286 1808 2319 Qum‘

1064 2335 1209 2362 admodum
1222 2344 1334 2371 magnus
1348 2337 1428 2363 etiam
1445 2336 1567 2364 Plotinus
1584 2335 1676 2363 alicubi
1685 2333 1763 2361 asserit
1773 2331 1808 2356 Iroc

1063 2381 1139 2408 modo
1151 2388 1160 2408 :
1174 2381 1289 2414 Tradite,
1303 2383 1400 2418 inquit,
1414 2383 1554 2418 juvenibus
1565 2388 1632 2410 artes
1642 2381 1805 2408 matlrematlm-

1064 2427 1099 2454 ad
1115 2435 1157 2454 eos
1173 2428 1382 2462 assuefaciendos
1398 2434 1501 2456 natura:
1516 2428 1631 2463 corporis
1648 2424 1742 2459 experti.
1755 2420 1808 2453 0⁸η·

1066 2473 1117 2500 lem
1137 2474 1200 2500 cedo
1216 2482 1248 2500 ea:
1263 2474 1332 2501 hisce
1347 2475 1462 2502 scientiis
1477 2477 1628 2511 paupertate
1638 2473 1696 2499 duce
1705 2469 1806 2500 Diollm‘

1068 2525 1135 2547 recte
1149 2520 1260 2555 adeptus
1275 2521 1334 2547 est?
1347 2520 1408 2548 Non
1423 2521 1499 2549 habes
1515 2522 1606 2552 dicere,
1621 2518 1661 2546 sed
1671 2517 1691 2543 si
1707 2515 1739 2541 vis
1754 2510 1807 2537 illi“!

1066 2565 1250 2601 philosophiae
1261 2571 1336 2594 sectte
1349 2567 1463 2601 formam
1476 2574 1587 2598 cernere,
1599 2562 1706 2599 equidem
1718 2558 1755 2585 tibi
1763 2562 1806 2581 eam

1134 2654 1244 2681 Στῆγαι
1259 2654 1372 2688 θέλοιμ’
1384 2654 1422 2681 ἂν
1431 2654 1560 2688 μᾶλλον,
1574 2652 1591 2686 ἢ
1603 2648 1691 2677 τεκεῖν
1701 2643 1773 2674 ᾶπαξ.

1134 2696 1186 2733 lYos
1202 2706 1218 2723 a
1233 2697 1355 2732 periculis
1371 2698 1464 2733 degere
1498 2699 1634 2724 immunem
1646 2693 1723 2733 [enini

1134 2731 1221 2758 Vitam
1234 2731 1316 2765 domi,
1337 2731 1569 2765 durn’prteliorrtur
1581 2731 1695 2765 gravii”-

1137 2741 1221 2758 rrtam
1235 2741 1316 2765 aomt,
1337 2741 1398 2758 aurn
1434 2741 1569 2760 rtetmrrtur
1581 2741 1695 2765 gruvuer.

1131 2769 1163 2793 At
1176 2768 1290 2794 sentiunt
1305 2767 1382 2794 male.
1398 2741 1468 2794 liram
1485 2773 1523 2794 ter
1533 2767 1565 2793 ad
1581 2764 1687 2799 clypeum
1699 2764 1758 2799 φαμι

1133 2801 1236 2829 Starern
1252 2803 1279 2828 in
1301 2803 1366 2834 nrie,
1381 2811 1460 2837 quam
1475 2794 1628 2838 prrrturrr'eih
1641 2794 1720 2824 semel.
