1923 3079
139 153 210 185 13ῧῦ
734 155 932 187 THEODORI
953 156 1156 188 PRUDROM!
1703 157 1789 190 1936

136 209 192 238 Καὶ
208 210 326 238 συνελὼν
343 210 385 242 τίς
399 210 448 246 τὴν
464 210 526 237 καθ’
543 211 613 246 ἡμᾶς
629 210 724 238 οὐσίαν

134 256 229 287 Σοφῶς
242 256 363 291 κυΰερνᾷ
377 255 426 290 τὴν
444 256 711 292 πολυτροπωτάτην;

135 303 195 330 Κᾶν
207 302 255 334 τὴν
271 302 446 337 Ἐπικούριον
460 303 622 338 ἀδολεσχίαν

135 350 239 386 Λέληθε
250 349 347 381 ταῦτα,
366 349 467 385 καίπερ
478 351 508 376 οὐ
524 349 616 377 λαθεῖν
630 349 702 376 δέον.

134 397 166 423 Et
184 396 240 431 γὰρ
256 396 319 431 μίαν
331 396 414 427 iuno;
426 394 466 427 εἷς
481 395 584 431 φθορὰν
600 396 682 422 πάθοι

134 443 228 477 Χωρὶς
244 442 362 477 χαλινῶν
373 443 419 469 καὶ
433 443 600 477 κυὸερνήτου
612 443 683 477 δίχα,

135 489 190 514 Καὶ
209 489 258 524 ¹ιὴν
272 490 322 523 μὲν
337 488 485 521 είσδέεαιτο
500 489 609 519 πόντιος
624 488 747 523 δράκων,

135 535 186 562 ἰ’ὸν
203 535 231 562 δὲ
247 535 382 570 σφαλέντα
396 535 448 570 θὴρ
468 532 633 570 χαραδραῖος
652 535 748 569 φάγοι-

135 582 197 613 Ηῶς
214 580 247 608 ἃν
259 582 445 616 ἀκυϐέρνητον
459 582 531 608 εἴποι
544 581 582 616 μὴ
601 581 692 615 μένειν

135 626 171 652 Τὸ
187 627 319 661 κοσμικὸν
334 627 472 663 πλήρωμα
487 627 535 660 τὴν
552 628 641 653 πᾶσαν
657 625 761 658 κτίσιν;

134 673 191 699 Οὐκ
202 673 290 706 ἀγνοῶ
302 672 359 706 οὖν,
375 673 412 704 ὡς
430 673 585 707 προείρηκα
601 672 716 706 φθάσας,

140 718 185 748 Ὠς
199 718 343 753 χριμάτων
360 718 477 748 ἄϐυσσος
493 719 522 744 ὲν
538 718 591 750 σοὶ,
608 717 711 751 Χριστέ
726 725 778 751 μου
789 725 796 731 ·

134 763 207 799 Πλὴν
220 765 258 795 εὶς
272 764 300 790 τὺ
317 764 398 798 βάθος
411 765 440 790 οὐ
454 764 603 799 δυνάμενος
617 764 728 799 βλέπειν

137 811 190 837 Καὶ
204 811 266 842 τοὺς
280 811 396 838 ἑκάστου
410 812 531 839 συννοεῖν
545 811 685 846 κρυπτοὺς
697 810 815 845 τρόπους

134 857 207 892 Πρὸς
219 858 281 889 τοὺς
297 858 435 889 κυλίνδους
445 858 564 893 ἄχθομαι
578 858 631 884 τῶν
649 857 831 891 πραγμάτων,

136 904 189 930 Καὶ
201 903 369 939 δυσχεραίνω
383 903 433 935 τὰς
443 904 572 937 νεμήσεις
588 902 641 929 τῶν
657 903 734 937 βίων.

136 945 172 975 Ἦ
189 949 247 981 πῶς
264 950 277 975 ό
292 949 404 980 τέκτων,
421 950 434 975 ὁ
445 950 575 983 κναφεὺς,
587 949 601 974 ὁ
616 948 742 983 λατόμος,

141 995 170 1022 Ὀ
182 994 360 1030 βυρσοδέψης,
374 995 387 1021 ὁ
401 995 527 1027 σκυτεὺς,
542 995 556 1020 ὁ
568 1003 603 1030 γη
610 994 698 1026 πόνος,

139 1040 169 1067 Ὃ
181 1040 273 1071 λοιπὸς
283 1040 361 1075 ὄχλος
371 1040 421 1074 τῆς
438 1040 599 1075 βαναυσίδος
614 1040 710 1074 τύχης,

135 1085 229 1119 Σοςςῶν
246 1085 296 1120 μὲν
309 1085 425 1120 ἀνδρῶν,
438 1085 492 1112 τῶν
505 1085 592 1119 γενῶν
608 1084 636 1110 δὲ
655 1083 779 1118 κοσμίω-ι

140 1131 185 1163 Ὠς
204 1131 337 1167 δεσπότης
352 1131 460 1166 ἄρξειεν
477 1130 639 1163 οἱκετιδίων,

134 1177 191 1204 Καὶ
206 1177 252 1204 νῦν
266 1178 315 1212 μὲν
331 1177 483 1213 ἐπιτρίψειεν
494 1177 587 1207 αὐτοῖς
600 1176 756 1208 κονδύλους,

134 1222 191 1248 Νῦν
206 1223 227 1249 δ’
241 1222 271 1254 ἐξ
285 1223 392 1258 ἁμάξης
407 1223 508 1258 ὑϐριοῖ,
526 1223 556 1249 τὺ
572 1222 618 1249 τοῦ
634 1221 732 1255 λόγου;

135 1269 191 1295 Καὶ
207 1268 248 1300 τίς
263 1269 312 1304 μὲν
322 1269 458 1303 ὀψόπωλιν
473 1269 565 1304 αὐχῶν
581 1268 699 1303 μητέρα,

138 1314 172 1340 Ἢ
191 1314 255 1348 γοῦν
266 1315 447 1349 ὸπωρόπωλιν
462 1314 478 1349 ἢ
497 1313 646 1348 καπηλίδα,

137 1361 192 1387 Καὶ
209 1361 312 1396 πατρὸς
327 1362 384 1393 υἱὸς
400 1362 544 1396 τυγχάνων
555 1359 698 1394 ἀνωνύμου

135 1408 223 1444 Τυχὸν
237 1408 322 1441 ξύλων
335 1408 466 1444 ἄρχοντος
479 1408 495 1443 ἢ
514 1407 599 1439 ξύλων
615 1407 730 1442 πράτου,

136 1455 170 1482 Ἣ
184 1455 237 1482 τῶν
251 1456 302 1482 ὅσα
314 1455 408 1490 πρίαιο
419 1456 466 1481 καὶ
484 1454 632 1490 τριωὸόλου

142 1503 284 1536 ’Δγροῖκος
301 1501 373 1538 ἀνὴρ
388 1501 436 1529 καὶ
451 1501 589 1536 προσῆκον
606 1498 729 1534 βλαυτίῳ

137 1590 247 1617 Summa
257 1609 264 1622 ,
280 1591 339 1626 quis
358 1599 461 1618 omnem
476 1590 567 1626 dirigit
585 1589 758 1616 substantiam

136 1637 262 1673 Propter,
282 1646 376 1673 supra,
391 1638 463 1672 infra
476 1646 522 1665 nos
538 1637 672 1664 volantem
684 1633 841 1663 mirimatle?

136 1682 268 1717 Epicurus
282 1684 336 1710 haec
351 1684 374 1710 si
390 1687 555 1718 prtestupore
568 1691 620 1710 non
635 1682 714 1714 videt,

137 1728 217 1755 Nabis
231 1729 344 1756 videnda
360 1733 421 1756 sunt
439 1734 526 1756 tamen
540 1728 697 1756 clarissime.

137 1774 237 1809 Nempe
255 1783 309 1801 una
326 1777 410 1808 navis,
427 1783 494 1801 unus
511 1779 538 1801 at
555 1779 643 1809 pereat
657 1773 727 1800 male

139 1824 240 1860 Equus,
250 1826 305 1852 hcce
319 1826 445 1860 magistra
452 1825 535 1858 nuda,
552 1825 632 1859 frenis
647 1825 688 1851 hic
695 1831 798 1855 carens,

137 1869 216 1896 Hanc
229 1869 322 1905 glutiet
342 1871 461 1897 marinus
474 1871 501 1897 in
513 1871 668 1897 barathrum
686 1869 778 1900 draco.

141 1915 215 1941 Hunc
230 1920 308 1942 nacta
321 1916 390 1943 silvis
409 1916 509 1942 lacerat
528 1923 649 1943 erronem
663 1915 731 1949 fera.

139 1961 257 1988 Rectoris
273 1969 364 1996 expers
379 1961 508 1996 quomodo
520 1962 610 1997 ingens
628 1962 751 1988 machina

139 2008 213 2035 Petis
226 2009 339 2035 universi
358 2013 430 2035 stare
444 2012 547 2035 natura
560 2008 673 2034 ordine?

141 2053 202 2080 Non
214 2055 299 2081 nescio
313 2062 373 2089 ergo
388 2059 414 2080 ut
430 2059 491 2080 ante
506 2054 613 2085 dictum.
629 2052 730 2080 Christe
744 2053 791 2086 mi,

140 2101 216 2133 Quod
234 2110 307 2136 gazte
323 2101 431 2136 abyssus
448 2105 471 2127 te
483 2109 559 2136 penes
571 2102 605 2127 sit
619 2101 712 2128 calicto
727 2108 736 2132 ,'

139 2151 220 2185 Atqui
235 2149 366 2184 profunda
385 2154 470 2176 mente
489 2157 547 2176 cum
570 2157 696 2184 nequeam
714 2148 788 2184 sequi

138 2195 360 2230 Absconditosque
371 2204 446 2222 Nosse
458 2203 545 2222 rerum
565 2195 696 2228 cardines,

139 2241 254 2269 Molesta
267 2250 308 2268 me
319 2241 424 2268 divezat
435 2231 583 2276 indignatio

139 2288 230 2314 Divisa
247 2288 305 2315 vita:
319 2290 485 2314 contuentem
499 2288 601 2313 munia.

140 2333 209 2359 Nam
224 2341 275 2368 quo
292 2332 365 2367 faber
381 2331 505 2367 lapicida,
522 2336 595 2358 sutor
611 2332 720 2358 rusticus

101 2397 104 2401 .
143 2378 274 2414 Falloque
291 2377 420 2413 pellioque
433 2377 496 2412 faice
507 2385 565 2404 cum
581 2377 652 2412 popli

145 2425 178 2452 Et
187 2425 360 2452 sordidarum
375 2425 577 2460 disciplinarum
594 2424 703 2451 adst-clis

146 2471 314 2506 Sapientibus
332 2472 503 2498 dominantur
519 2475 598 2505 atque
614 2469 775 2502 illustribusr

148 2517 255 2549 Emptos
270 2521 297 2543 ut
310 2517 378 2543 inter
395 2516 508 2549 imperat
524 2524 611 2542 servos
626 2516 703 2553 herus

143 2562 276 2598 Iniurioso
291 2561 446 2596 copulantes
461 2560 570 2597 condylo

146 2608 395 2644 Plaustralibusque
408 2609 514 2643 impune
530 2607 605 2634 dictis
622 2608 756 2643 perditas?

147 2655 393 2690 Circumforaneam
407 2654 447 2681 hic
461 2654 570 2689 adeptus
585 2655 722 2690 conjugem

145 2702 288 2737 Copamoe,
316 2702 400 2736 patris
418 2702 472 2737 ipse
485 2702 567 2736 plebei
578 2709 669 2736 genus,

149 2748 196 2775 Vel
212 2749 339 2776 institoris
358 2749 450 2775 mercis
461 2748 531 2775 haud
550 2747 654 2774 trioboli

146 2794 200 2820 Rus
216 2795 269 2827 ipse
285 2794 409 2826 crudum,
424 2794 492 2827 lixa,
509 2793 656 2821 calccarius

148 2837 296 2864 Fmdissimi
313 2839 416 2872 fossoris
434 2848 460 2866 os
474 2840 671 2874 spurcissimam

149 2882 251 2916 Expers
270 2883 381 2919 honesti,
398 2885 483 2912 laudis
500 2886 682 2920 ignarissint:.s

940 215 961 240 Δ
978 213 1144 244 Σκαπανέως
1160 214 1307 248 πρόσωπον
1321 214 1462 248 αἴσχιστον
1477 214 1579 248 φέρων,

977 260 1082 294 Ἀῖδρις
1101 261 1140 291 εἰς
1158 261 1211 287 πᾶν
1223 260 1277 287 τῶν
1296 259 1388 286 καλῶν
1403 260 1449 286 καὶ
1461 260 1572 293 τιμίων,

975 307 1029 332 Καὶ
1043 306 1105 340 μηδ’
1118 307 1192 337 ὅπως
1208 306 1338 341 κνήσαιτο
1349 305 1497 340 γινώσκειν
1510 305 1592 340 ἔχων,

974 352 1050 378 Πιεῖυ
1067 352 1200 386 διδαχθεὶς
1212 352 1258 378 καὶ
1278 351 1445 386 μεθυσθῆναι
1465 351 1547 386 μόνον

976 399 1011 425 Ἦ
1026 399 1072 425 καὶ
1084 399 1221 432 φαγέσθαι
1233 399 1288 425 τῶν
1304 398 1470 424 Σελευκίδων
1484 397 1575 428 πλέον,

980 445 1025 470 Ἐν
1040 445 1078 479 τῷ
1092 445 1181 471 λαλεῖν
1193 444 1221 471 δὲ
1237 444 1333 470 σιέλων
1353 444 1422 478 χέων
1434 443 1542 476 πίθους,

981 490 1102 519 Ἐκεῖνος
1116 489 1192 521 οὗτος
1204 490 1318 525 εὐπορεῖ
1336 490 1385 524 μὲν
1402 489 1539 524 ἀργύρου,

975 536 1060 566 Ὀλας
1074 537 1102 563 δὲ
1118 536 1245 568 πλίνθους
1258 535 1397 562 meeum
1408 536 1533 570 χρυσίου,

973 583 1070 616 Κτίζει
1083 583 1111 610 δὲ
1125 583 1254 618 λαμπρὰς
1268 583 1357 614 οἰκίας
1373 582 1585 617 χρυσοστέγους,

975 630 1083 657 Ἵππων
1096 630 1124 655 δὲ
1137 629 1249 665 γαυρῶν
1261 629 1359 663 ἀγέλας
1370 629 1432 659 ὅλας
1447 627 1543 663 τρέφει

980 677 1028 702 Ἐκ
1040 675 1175 710 Θετταλῆς
1186 675 1238 710 γῆς
1255 675 1301 701 καὶ
1315 674 1405 701 πέδων
1425 673 1586 709 Ἀρραόίας,

973 722 1090 757 Χρυσοῖς
1103 722 1130 748 δὲ
1141 720 1253 752 τούτους
1268 719 1417 751 ὲνστολίζει
1435 718 1580 754 φαλάροις,

974 768 1142 802 Προὲρχεται
1159 767 1188 794 δὲ
1200 767 1251 801 τῆς
1265 766 1406 801 λεωφόρου
1425 765 1508 800 μέσον

979 815 1048 841 ’Υπδ
1064 815 1239 850 προπομποῖς
1258 812 1381 849 ἀρχικῶς
1395 811 1575 845 ἐσταλμένος,

975 860 1029 888 Καὶ
1048 861 1252 894 προσκυνεῖται,
1267 858 1315 886 καὶ
1330 858 1398 884 Θεοῦ
1420 856 1503 892 τιμὴν
1520 856 1586 891 ἔχει.

979 906 1076 936 Ἄλλος
1093 906 1120 932 δὲ
1138 905 1249 940 σεμνὸς,
1265 904 1379 939 εὐγενὴς
1397 903 1450 930 τῶν
1463 903 1492 935 ἐξ
1507 902 1556 934 ἕω,

976 951 1067 983 Καλὸς
1083 951 1131 986 μὲν
1147 949 1226 983 εῐδος,
1240 950 1358 977 καλλίων
1375 949 1404 976 δὲ
1413 949 1458 975 τδν
1476 948 1545 983 βίον,

975 999 1070 1032 Λόγων
1088 997 1212 1033 μαθητὴς
1230 998 1276 1023 καὶ
1291 996 1452 1026 διδάσκαλος
1468 995 1554 1028 λόγων

976 1044 1152 1079 Πανημέριος
1163 1042 1334 1078 ὲνσχολάζων
1350 1043 1409 1074 ταῖς
1425 1042 1539 1076 βίϐλοις,

977 1092 1121 1119 Παίδευσιν
1135 1089 1229 1117 ἀσκῶν
1241 1090 1288 1117 καὶ
1300 1089 1413 1124 τρυφῶν
1431 1088 1461 1114 τὸ
1481 1087 1641 1123 μανθάνειν,

982 1138 1117 1169 Ἀνέστιος
1131 1135 1372 1171 πρόεισιν,ᾶθλιος,
1387 1134 1483 1169 πένης,

975 1183 1050 1218 Μηδὲ
1064 1183 1182 1217 τρύφους
1197 1182 1262 1216 γοῦν
1279 1181 1403 1216 εὐπορῶν
1417 1179 1541 1214 πιτυρίου
1551 1187 1558 1194 ·

976 1230 1033 1264 Τῆς
1051 1229 1150 1264 ἀρετῆς
1169 1228 1197 1255 δὲ
1214 1228 1290 1262 φίλος
1301 1227 1338 1254 ὢν
1349 1227 1462 1253 καὶτῶν
1481 1225 1570 1259 λόγων

976 1277 1045 1303 Οὐδὲ
1062 1276 1194 1312 βραχείας
1209 1275 1319 1309 εὐτυχεί
1332 1274 1416 1308 τιμῆς
1433 1273 1516 1308 μέρος
1527 1279 1534 1286 ·

976 1323 1135 1354 Τωθάζεται
1150 1323 1179 1348 δὲ
1190 1323 1237 1348 καὶ
1251 1321 1381 1348 διώκεται
1393 1319 1484 1352 πλέον,

976 1370 1009 1397 Τί
1024 1370 1061 1405 μὴ
1076 1371 1106 1396 τδ
1124 1369 1235 1395 πάντων
1250 1366 1436 1401 δυσθεώτερον
1451 1364 1541 1399 λέγως

977 1416 1014 1442 Οὐ
1034 1415 1089 1450 γὰρ
1106 1413 1236 1448 ἀποχρῶν
1250 1414 1306 1444 τοῖς
1317 1413 1417 1442 κοινοῖς
1428 1410 1553 1437 πλουτεῖν
1579 1407 1614 1444 μό
1621 1415 1661 1434 ιον

983 1462 1028 1488 Ἐν
1044 1461 1127 1488 πᾶσιν
1139 1460 1229 1491 ἄλλοις
1240 1461 1296 1491 τοῖς
1311 1458 1419 1485 δοκοῦσι
1430 1456 1545 1490 τιμίοις,

983 1507 1063 1534 Ἀλλὰ
1081 1503 1293 1541 προαρπάζουσι
1311 1503 1357 1530 καὶ
1370 1502 1402 1529 τὰ
1419 1500 1522 1537 βιϐλία,

976 1599 1030 1626 Nec
1045 1598 1151 1625 scabere
1164 1597 1214 1623 rile
1226 1595 1335 1626 doctus;
1352 1594 1398 1620 hoc
1411 1590 1508 1622 solum,
1520 1594 1626 1624 grauem

977 1643 1067 1671 Poetis
1083 1643 1207 1678 saginam
1222 1639 1346 1667 belluinis
1363 1637 1469 1664 tendere

978 1691 1013 1718 Et
1028 1687 1214 1724 helluari-plus
1227 1686 1390 1714 Seleucidum
1408 1683 1481 1719 gula,

982 1736 1073 1763 Verbis
1085 1735 1177 1762 saliva:
1190 1733 1261 1760 dolia
1271 1739 1375 1760 vomens
1390 1728 1511 1764 singulis,

979 1782 1005 1810 Is
1025 1782 1072 1810 ille
1089 1781 1192 1809 abunde
1204 1783 1292 1807 servat
1312 1777 1415 1812 argenti
1428 1775 1516 1806 domo,

979 1827 1012 1854 Et
1026 1835 1085 1862 sepe
1096 1827 1196 1853 cinctus
1212 1832 1277 1851 auro
1292 1821 1409 1850 ambulat
1425 1821 1488 1855 foris

979 1874 1103 1907 Meraque
1117 1872 1148 1898 ab
1162 1878 1227 1897 auro
1236 1868 1389 1905 splendidas
1402 1866 1468 1894 a-des
1481 1864 1559 1897 colit;

981 1919 1077 1954 Greges
1089 1925 1215 1953 equorum
1231 1916 1314 1951 pascit
1327 1916 1365 1943 hic
1377 1913 1509 1941 curulium

979 1965 1032 1991 Aut
1047 1963 1134 1990 Arabe
1147 1971 1240 1996 campo
1251 1966 1297 1988 aut
1313 1959 1440 1987 Thessala
1454 1964 1525 1984 terra
1537 1961 1628 1989 satos,-

980 2011 1104 2038 Phaleris
1122 2010 1153 2036 ab
1166 2017 1231 2036 auro
1241 2008 1317 2035 comit
1335 2008 1380 2034 hos
1396 2005 1572 2041 fulgentibus;

982 2057 1043 2085 Alta
1055 2065 1101 2093 per
1120 2056 1211 2082 urbem
1225 2056 1325 2090 primus
1339 2053 1434 2080 incedit
1452 2052 1540 2086 gradu

981 2104 1102 2138 Stipatus
1114 2109 1180 2129 auro
1195 2098 1488 2128 etanteambulonibus:

981 2148 1076 2174 Divina
1087 2149 1184 2175 honore
1199 2146 1269 2182 plebs
1283 2145 1377 2172 adorat
1394 2143 1539 2178 turgidum.

983 2193 1077 2221 Gravis
1091 2194 1135 2221 sed
1145 2193 1214 2220 alter
1226 2192 1279 2219 sole
1296 2191 1328 2218 ab
1344 2191 1443 2217 oriente
1461 2188 1585 2224 inclytus,

945 2239 968 2266 D
983 2238 1135 2274 Formoque
1151 2239 1316 2273 moribusque
1331 2234 1553 2268 commendabilia,

984 2287 1118 2314 Doctrina:
1132 2291 1238 2314 amator
1249 2286 1339 2312 doctor
1350 2285 1404 2319 ipse
1416 2282 1521 2315 nobilis,

987 2333 1103 2360 Diurnus
1120 2337 1144 2359 et
1162 2336 1305 2358 nocturnus
1325 2329 1476 2357 incumbens
1490 2326 1573 2360 libris,

987 2379 1037 2412 Qui
1048 2378 1246 2412 disciplinarum
1263 2377 1380 2404 omnium
1397 2380 1488 2402 nectar
1499 2374 1572 2406 bibit,

990 2425 1095 2460 l'auper
1113 2424 1258 2458 miseroque
1271 2422 1366 2448 viduus
1381 2420 1476 2448 insedit
1492 2420 1560 2454 foco,

985 2471 1039 2499 Nec
1051 2471 1150 2505 frustra
1163 2469 1241 2505 panis
1257 2467 1357 2495 abunde
1376 2468 1472 2494 habens
1486 2465 1577 2492 cibarii
1587 2472 1598 2492 :

988 2518 1095 2544 Virtutis
1110 2516 1154 2542 ille
1168 2517 1267 2543 amicus
1282 2519 1306 2541 et
1318 2514 1457 2549 sapientia

986 2563 1040 2591 Nec
1056 2563 1193 2590 minimam
1205 2562 1309 2588 honoris
1321 2560 1401 2586 debiti
1415 2563 1516 2595 partem
1534 2558 1630 2584 obtinet
1645 2565 1656 2584 :

988 2609 1087 2637 Sannis
1104 2608 1199 2643 petitus
1217 2607 1330 2641 undique
1343 2606 1457 2640 exigitur
1472 2604 1555 2638 foras.

989 2655 1024 2682 Et
1041 2655 1103 2690 quid
1123 2654 1264 2680 tacebimus
1282 2653 1400 2678 omnium
1420 2648 1654 2684 indignissimum?

989 2700 1052 2728 Rem
1071 2701 1170 2735 fartam
1188 2699 1282 2725 habere
1297 2698 1400 2724 vanitas
1414 2704 1460 2722 nec
1476 2696 1512 2722 sic
1523 2700 1600 2730 putat

989 2746 1150 2775 Clarissimis
1168 2745 1270 2772 abunde
1288 2743 1428 2770 honoribus
1441 2742 1505 2776 frui,

990 2794 1081 2821 Libros
1098 2793 1146 2819 nisi
1160 2793 1228 2826 ipsos
1244 2791 1349 2826 auferat
1366 2794 1393 2816 ut
1409 2788 1526 2815 inutiles.

991 2841 1011 2869 0
1025 2848 1128 2866 summa
1143 2839 1221 2873 pestis
1235 2838 1245 2864 ί
1261 2837 1372 2864 restibus
1385 2835 1544 2871 sapientiam

992 2885 1122 2921 Spoliabit
1139 2885 1198 2912 auri
1211 2884 1299 2919 fulgor
1313 2882 1494 2917 impiissimus.
