1923 3079
80 164 95 194 1
106 166 166 196 337
677 165 838 197 scmPTA
852 165 1135 200 MISCELLANEA.
1583 147 1591 153 ”
1655 170 1728 203 ms

84 225 142 256 Ὠς
160 224 258 260 κτῆσιν
274 224 373 260 ἀργὴν,
388 223 410 250 ὦ
431 224 563 260 μεγίστης
580 224 683 261 ζημίας
699 225 705 252 !

79 270 149 296 Καὶ
167 269 319 296 λωποδυτεῖ
334 270 398 301 τοὺς
410 269 508 304 λόγους
523 269 554 296 τὺ
570 270 693 305 χρυσίον.

82 315 200 351 Ὠμοιί
216 316 315 348 πόσους
332 316 450 351 Εῤῥευσα
468 315 597 351 δακρύων
611 317 710 349 πίθους

94 360 181 388 ’ἰδὼν
198 362 297 396 σοφοὺς
312 362 361 396 μὲν
375 363 402 388 ὲν
417 362 493 398 μέσῳ
507 362 638 398 συνεδρίῳ

80 407 253 438 Λαλοῦντας
269 407 336 442 ὀρθὰ
354 407 400 434 καὶ
416 408 695 443 περιφρονουμένους¹

82 453 284 487 Παράφρονας
299 453 327 480 δὲ
343 453 491 485 πλουσίους
509 456 691 490 τιμωμένους.

80 499 185 533 ΛηρΞῖ
199 499 325 531 Μέλιτος,
344 499 391 526 καὶ
403 500 526 527 διδάσκει
542 501 707 536 Σωκράτης

82 546 149 572 Καὶ
162 546 195 581 ζῇ
210 546 338 578 Μέλιτος,
353 546 401 574 καὶ
414 546 529 582 τελευτᾷ
544 548 704 583 Σωκράτης.

91 592 127 619 ’0
146 593 323 628 συκοφάντης
337 593 511 629 ἐκδιδράσκει
530 594 579 626 τὰς
592 594 672 626 δίκας
683 602 690 610 '

83 640 123 666 Οἱ
140 640 163 666 δ’
179 641 276 667 ἕνδεκα
291 640 414 676 κρίνουσι
426 641 491 672 τοὺς
504 640 676 676 ἐλευθέρους.

85 685 150 711 Καὶ
164 685 289 719 τρίὸεται
307 686 356 720 μὲν
374 685 573 721 φάρμακοντῷ
589 686 706 722 γεννάδα
718 694 724 702 ·

92 729 129 756 Ὀ
146 730 170 756 δ’
185 731 299 761 ’Δνυτος
317 730 438 765 πέφευγε
455 732 504 767 τὴν
519 732 671 767 τιμωρίαν,

86 775 215 810 Χριστὸν
231 775 317 810 πένης
328 774 418 808 ἐλεΕε;
432 776 571 807 δυσσεϐῶς
591 776 677 811 λέγει.

88 819 229 851 Πλούσιός
256 820 441 855 Ἀντίχριστον
452 842 459 854 ,
478 821 598 854 εὐσεϐῶς
610 822 696 856 λέγει.

95 868 278 902 Ἐπόιγχομαι
294 868 363 903 πρὸς
379 868 483 895 ταῦτα’
499 871 588 904 μισῶν
606 870 654 897 τὸν
670 870 727 905 βίον

90 913 172 939 Θέλω
187 913 278 940 θανεῖν
290 922 298 930 ·
311 914 388 948 ἥλιον
399 915 429 941 οὗ
444 914 513 941 θέλω
531 915 652 950 βλέπειν.

97 959 245 987 Ἐντεῦθεν
256 960 405 996 εισήγαγεν
419 961 499 993 ἄλλος
515 962 565 996 τὴν
582 962 679 998 τύχην,

91 1006 133 1032 Τὸ
148 1006 172 1032 δ’
185 1006 337 1042 αὐτόματον
353 1007 444 1039 ἄλλος,
468 1008 606 1043 Ἑλλήνων
619 1009 680 1036 δύο·

94 1053 203 1087 ’Ἄμφω
220 1053 249 1080 δὲ
264 1053 361 1085 κοινῶς
377 1054 427 1089 τὴν
444 1055 661 1090 ἀκυὸερνησίαν.

100 1099 245 1126 Ἐντεῦθεν
265 1100 403 1134 ἠγνόησαν
415 1101 439 1126 oi
452 1101 512 1127 τότε
526 1101 615 1135 χρόνοι

93 1145 153 1171 Καὶ
169 1145 217 1179 τῆς
230 1145 363 1179 Προνοίας
382 1147 475 1180 χρῆμα
490 1145 541 1180 τῆς
558 1146 726 1182 σοφωτάτης.

100 1191 246 1217 Ἐντεῦθεν
261 1191 278 1226 ή
293 1191 430 1226 ξύμφυλος
444 1191 536 1226 ἀνθρώ
543 1191 697 1226 πων“φύσις

95 1237 192 1270 Ἔγνω
203 1237 402 1264 διασπασθεῖσα
415 1236 483 1271 πρὸς
496 1237 566 1272 μέρη
580 1237 637 1270 δύο,

94 1285 154 1311 Καὶ
168 1284 289 1319 κλήσεων
301 1284 393 1316 ἄδικος
410 1284 519 1319 ἐγράφη
535 1284 619 1317 νόμος

94 1331 134 1358 Τὸ
148 1331 260 1366 πλάσμα
275 1331 384 1364 τέμνων
400 1332 440 1362 εἰς
455 1330 543 1366 τομὰς
557 1330 734 1365 ἀσυμφύλους
744 1339 752 1346 ·

97 1381 153 1407 Καὶ
167 1380 213 1405 τὸν
228 1379 277 1414 μὲν
288 1379 416 1413 ὠνόμασε
432 1378 524 1406 δοῦλον
535 1380 551 1413 ἠ
565 1379 647 1414 τύχη,

95 1426 149 1452 Τὸν
162 1425 189 1451 δὲ
202 1424 415 1460 προσεκλήρωσε
431 1425 489 1454 τοῖς
502 1423 672 1458 ἐλευθέροις.

102 1472 187 1507 Ἀρχή
202 1480 234 1505 γε
253 1471 355 1502 κακῶν,
374 1470 467 1505 χρυσὲ,
482 1471 534 1504 γῆς
547 1470 649 1504 τυφλὸν
663 1470 768 1503 τέκνον,

101 1518 146 1549 Ὠς
164 1516 274 1544 ἀπόλοιο
286 1515 333 1542 καὶ
350 1515 497 1550 παρέλθοις
515 1515 547 1541 ἐκ
565 1514 648 1549 μέσου

98 1595 149 1623 Hei
162 1599 263 1631 quanta
284 1594 351 1629 ﬂuxi
369 1594 552 1629 lacrymarum
564 1595 679 1629 ﬂumina

97 1642 176 1669 Catos
188 1641 278 1668 videns
292 1641 320 1666 in
334 1640 409 1666 curia
426 1639 591 1674 penitissima

97 1689 168 1715 Bene
185 1686 350 1714 consulentes
362 1685 480 1720 despici;
497 1685 678 1719 insipientium

98 1734 212 1762 Mactari
226 1734 323 1760 honore
337 1732 448 1759 diuitum
463 1730 569 1758 delirio.

99 1780 203 1808 Melitus
219 1771 327 1814 ineptit,
339 1778 465 1806 Socrates
479 1778 601 1813 sophiam
617 1777 701 1810 docet,

99 1827 141 1854 Sic
156 1826 280 1859 vivitille,
295 1826 409 1852 moritur
425 1825 483 1857 hic;
496 1832 601 1859 poenam
613 1824 678 1851 exiit

100 1871 168 1899 Trux
182 1871 354 1906 sycophanta,
371 1870 403 1897 lib
409 1878 482 1897 erum
491 1869 677 1897 undecim-viri

104 1918 255 1949 Danmant;
275 1917 359 1942 cicuta
376 1920 512 1942 strenuum
524 1917 644 1951 sequitur
658 1910 754 1948 uirum,

100 1962 260 1998 Supplicium
271 1962 359 1988 inuitis
375 1964 476 1996 Anglus
496 1961 558 1988 boni
568 1962 648 1996 fugit.

101 2009 231 2036 Christum
247 2007 377 2034 invocabit
392 2007 515 2041 pauper?
531 2006 617 2041 Impie
631 2006 706 2040 facit.

102 2057 147 2083 Dis
158 2054 370 2083 Antichristum?
385 2053 432 2080 Nil
451 2057 534 2088 potest
548 2054 634 2089 magis
646 2055 697 2089 pie.

102 2102 207 2129 Horrore
224 2101 306 2127 uictus
317 2101 396 2126 vitam
408 2107 454 2134 ego
469 2099 523 2130 odi,
538 2099 598 2126 nolo
610 2099 669 2134 jam

102 2147 185 2175 Solem
200 2146 312 2177 intueri;
336 2144 374 2171 nil
394 2144 444 2170 nisi
459 2149 571 2171 mortem
586 2145 656 2171 uolo.

103 2192 166 2220 Hinc
183 2191 262 2218 sortis
278 2190 349 2216 alius
366 2190 442 2217 rebus
459 2190 562 2216 induxit
579 2194 677 2224 rotam,

103 2237 195 2264 Casum
210 2235 291 2269 alius.
303 2235 379 2262 ambo
393 2235 501 2263 ercite
514 2239 587 2262 terra
597 2237 660 2269 sati,

103 2283 178 2310 Ambo
188 2282 308 2309 docentes
325 2288 379 2308 esse
395 2282 452 2307 sine
465 2288 524 2315 rege
538 2282 646 2314 omnia;

104 2327 136 2355 Ob
153 2328 222 2354 istud
241 2327 289 2354 illa
305 2327 396 2353 nesciit
417 2326 501 2352 Deum
516 2327 609 2353 (cvitas

104 2373 287 2408 Negotiumque
303 2372 505 2407 providentiam,
521 2380 641 2399 sacrum.

105 2417 207 2445 Duabus
223 2419 284 2444 hinc
298 2422 396 2444 natura
414 2422 492 2452 rupta
509 2417 628 2452 partibus

106 2463 216 2490 Hominis
227 2470 343 2489 amorem
358 2463 383 2489 in
395 2467 515 2489 mutuum
528 2464 584 2490 nati
598 2463 710 2490 abstitit.

106 2509 203 2543 lnjusta
216 2508 256 2534 lea:
268 2512 306 2534 est
319 2507 379 2534 inde
390 2511 499 2541 prosata
516 2509 664 2535 nominum.

109 2556 244 2582 Divisiones
261 2561 303 2580 res
317 2553 344 2580 in
360 2554 473 2580 hosticas
487 2562 590 2581 secans.

109 2601 168 2629 Fors
182 2606 250 2629 sorte
266 2605 345 2635 capta
357 2601 423 2628 dixit
437 2601 504 2627 hunc
524 2609 638 2635 servum,
654 2602 768 2630 alterum

110 2648 208 2675 Patiore
222 2647 278 2682 fato
288 2646 361 2673 sciuit
374 2654 428 2673 esse
448 2646 568 2673 liberum.

110 2698 212 2730 Aurum,
227 2705 242 2723 ο
257 2695 390 2723 malorum
409 2704 478 2723 caeca
496 2697 576 2730 stirps
590 2700 666 2722 teme
686 2701 778 2731 caput,

112 2743 208 2771 Utinam
222 2744 331 2778 perisses
345 2741 405 2769 abol
417 2746 472 2768 tum
488 2750 501 2768 e
515 2742 598 2768 medio
616 2741 643 2769 in
657 2742 724 2769 nihil

110 2789 193 2816 Mundi
207 2797 276 2815 ca'cu
287 2796 380 2815 caussa
401 2795 490 2814 rerum
504 2787 607 2815 discidi.

114 2834 184 2862 Vanis
198 2834 242 2861 sed
258 2842 354 2861 aurum
371 2833 490 2868 di/Tcram
503 2833 640 2859 conviciis:

108 2880 216 2908 Exscnsa
231 2888 318 2907 massa
337 2879 399 2914 quid
417 2878 481 2906 mali
498 2878 568 2905 nobis
586 2878 678 2906 dedit?

902 228 926 256 Δ
940 227 976 255 To
991 229 1143 262 στασιῶδες
1161 229 1259 266 χρῆμα
1272 231 1319 258 καὶ
1336 229 1536 266 κοσμοφθόρον.

946 274 1017 300 Ἀλλ’
1033 275 1061 302 ἐν
1072 275 1161 306 κενοῖς
1180 284 1226 310 μοι
1239 275 1327 302 ταῦτα
1347 276 1415 312 πρὸς
1427 276 1457 302 τὸ
1471 275 1583 311 χρυσίον
1595 282 1603 291 ·

940 319 973 346 Τί
989 319 1044 354 γὰρ
1059 321 1260 355 πεπαρῴνηκεν
1272 319 1377 355 ἄψυχος
1395 319 1493 355 φύσιςς

945 364 990 396 Ὦς
1003 364 1114 391 ἀπόλοιο
1131 365 1187 392 τῶν
1203 365 1308 400 βροτῶν
1324 366 1341 400 ὴ
1354 365 1503 400 φαυλότης,

940 409 972 436 Οἳ
982 410 1046 441 τοὺς
1062 409 1162 442 καλοὺς
1176 411 1316 446 κρίνουσιν
1331 410 1360 442 ἐξ
1373 410 1514 445 εὐτυχίας,

938 455 995 482 Καὶ
1011 455 1074 487 τοὺς
1086 456 1189 487 κακοὺς
1201 455 1353 490 τοΰμπαλιν
1369 455 1399 487 ἐξ
1414 456 1539 490 ἀτυχίας.

941 502 973 528 Ὢ
988 501 1102 533 τάλανες
1114 502 1240 536 πένητες,
1255 501 1348 528 ἄθλιον
1360 502 1450 535 γένος,

938 547 1059 574 Πλούτου
1074 548 1132 582 μετ’
1146 547 1228 574 αὑτοῦ
1242 547 1290 574 καὶ
1302 548 1350 574 σὺν
1368 547 1440 581 αὐτῷ
1454 547 1560 582 χρυσίῳ

938 593 995 627 Τῆς
1005 593 1107 627 ἀρετῆς
1121 593 1171 629 τὴν
1186 592 1266 626 δόξαν
1280 593 1469 628 ἀφῃρημένοιί

939 638 1037 674 Ὅμως
1052 640 1066 665 ὁ
1083 639 1186 674 κόσμος
1199 637 1302 673 ἀγαθὸν
1316 638 1377 669 πῶς
1391 638 1425 664 ἂν
1445 638 1533 674 δράσῃ

938 684 983 711 Ἐν
995 684 1035 720 τῷ
1055 685 1168 720 πονηρῷ
1181 685 1323 720 κείμενος;
1339 684 1413 718 λέγει
1429 683 1525 718 Λόγος.

940 730 1022 765 Ὤμοι
1035 730 1120 757 πόσον
1132 730 1250 766 δάκρυον
1265 730 1294 762 ἐξ
1314 729 1504 763 Ἡρακλείτου,

938 775 1025 807 Πόσος
1041 776 1128 810 γέλως
1139 776 1167 803 δὲ
1182 776 1264 803 πάλιν
1281 776 1314 802 ὲκ
1331 775 1506 810 Δημοκρίτου
1520 774 1526 801 !

938 823 975 849 Τὸ
989 823 1038 858 μὲν
1057 822 1264 850 κατοικτίσαιτο
1280 823 1326 849 τὸν
1343 822 1436 858 μωρὸν
1451 822 1521 857 βίον,

938 866 1023 900 Οὗτος
1034 869 1064 896 δὲ
1079 870 1241 904 μωκήσαιτο
1256 869 1319 901 τοὺς
1335 868 1515 904 ἀϐελτέρους.

900 896 925 926 Β
941 896 1048 941 Ὀντῶν
1067 896 1121 950 γὰρ
1134 896 1237 942 τούτων
1254 914 1283 946 ἐξ
1299 896 1550 949 ἑκατέρουιτρόνπου

941 961 1002 996 Χρὴ
1017 961 1088 996 σφᾶς
1105 961 1219 993 ἑαυτοὺς
1234 963 1283 988 καὶ
1299 962 1382 996 γελᾷν
1394 961 1442 988 καὶ
1456 960 1594 995 δακρύειν.

948 1008 1028 1043 Ἐμοὶ
1040 1008 1069 1034 δὲ
1088 1008 1130 1040 τίς
1149 1009 1264 1044 χρήσειε
1278 1007 1412 1040 σαλπίζον
1427 1008 1515 1042 στόμα
1527 1028 1535 1040 ,

946 1055 1142 1090 Ἀγχίστροφον
1152 1055 1181 1081 δὲ
1197 1054 1324 1089 γλῶσσαν
1338 1054 1378 1086 εἰς
1390 1054 1470 1089 λόγου
1486 1054 1586 1085 πλάτος
1597 1074 1606 1086 ,

940 1101 996 1128 Καὶ
1011 1101 1081 1137 πρὸς
1091 1101 1213 1136 κορυφὴν
1229 1101 1375 1137 Παρνασοῦ
1388 1101 1491 1134 στήσας
1505 1102 1595 1136 ἄκραν

946 1149 991 1180 Ὠς
1004 1149 1033 1181 ἐξ
1050 1148 1173 1175 ἀπόπτου
1190 1147 1239 1182 τὴν
1254 1147 1317 1183 βοὴν
1331 1147 1484 1182 διευρύνως

940 1193 1036 1220 Ειπείν
1052 1193 1190 1228 παράσχοι
1202 1192 1289 1220 ταῦτα
1303 1192 1372 1228 πρὸς
1387 1193 1451 1224 τοὺς
1463 1192 1612 1223 πλουσίους
1626 1199 1636 1225 ;

940 1239 973 1266 Ol
987 1239 1171 1275 χρυσολάτραι
1186 1241 1234 1266 ποῖ
1247 1239 1387 1266 πλανᾶσθε
1401 1239 1541 1272 πλούσιοι;

940 1287 1007 1313 Οἴαν
1018 1286 1047 1313 δὲ
1060 1286 1108 1313 καὶ
1123 1286 1408 1319 στέλλεσθε,δείλαιοι,
1422 1285 1537 1321 τρὶὃον;

947 1332 976 1358 '0
993 1332 1108 1364 πλοῦτος
1123 1332 1173 1366 ὕλη
1187 1331 1240 1367 γῆς
1256 1332 1358 1367 ῥέουσα
1374 1331 1527 1366 συντόμως,

939 1375 993 1410 *Ης
1006 1379 1031 1405 οί
1044 1379 1125 1406 κακοὶ
1143 1379 1257 1414 φέρουσι
1275 1379 1385 1410 πάντως
1401 1378 1431 1405 τὸ
1444 1378 1536 1406 πλέον.

939 1425 972 1451 Τί
988 1425 1102 1456 κακίους
1117 1425 1228 1459 γίνεσθε
1246 1424 1427 1456 πλουτοῦντες
1443 1425 1525 1451 πλέον
1536 1445 1544 1455 .

941 1469 1058 1505 Εὔρημα
1070 1470 1150 1501 κυνὸς
1161 1470 1178 1504 ἡ
1191 1469 1312 1505 σεϐαστὴ
1332 1471 1461 1506 πορφύραι
1473 1478 1479 1485 ⁸

945 1515 976 1541 '0
995 1515 1138 1552 μάργαρος
1151 1515 1246 1550 κύημα
1263 1515 1364 1550 φαῦλον
1382 1515 1496 1551 ὀστρέου
1507 1523 1514 1529 -

903 1574 924 1602 C
943 1590 1050 1619 Utinam
1062 1592 1180 1626 periisset
1199 1592 1335 1618 hominum
1354 1592 1424 1619 iners
1441 1593 1577 1625 vecordia,

940 1636 1025 1664 Solita
1037 1638 1170 1664 intimare
1180 1642 1251 1664 sorte
1261 1638 1292 1664 de
1305 1638 1372 1665 bona
1384 1638 1464 1666 bonos

941 1682 1079 1718 Malosque
1093 1687 1185 1709 contra
1198 1684 1230 1710 de
1242 1683 1313 1710 malo
1326 1683 1483 1718 infortunio.

940 1729 963 1757 0
975 1730 1063 1756 miseri
1074 1734 1189 1765 egentes,
1207 1729 1319 1757 obsitum
1333 1731 1458 1757 arumnis
1470 1737 1563 1765 genus,

940 1774 1004 1802 Cum
1020 1782 1097 1800 censu
1110 1775 1208 1808 optimo
1224 1782 1334 1809 cumque
1351 1776 1422 1802 tristi
1435 1784 1501 1802 auro
1517 1775 1598 1803 simul

946 1819 1056 1846 Virtutis
1069 1820 1141 1846 omni
1155 1819 1247 1846 decore
1266 1821 1331 1847 nudi
1347 1825 1371 1847 et
1386 1821 1492 1855 gloria!

940 1865 977 1893 Et
991 1865 1059 1892 orbis
1074 1865 1122 1891 istc
1139 1873 1190 1898 quo
1215 1865 1311 1891 bonum
1326 1865 1408 1900 faciat
1425 1866 1501 1893 modo

942 1911 1017 1939 Malo
1028 1911 1082 1946 ipse
1097 1916 1166 1939 totus
1180 1912 1341 1947 subjacens?
1356 1913 1474 1940 Christus
1487 1913 1569 1940 canit.

941 1957 999 1985 Heu
1018 1962 1118 1992 quanta
1131 1958 1213 1994 ﬂendi
1227 1959 1265 1986 vis
1279 1959 1311 1986 ab
1326 1967 1372 1986 ore
1391 1959 1534 1990 Heracliti.

942 2003 984 2031 Ha
998 2010 1099 2039 quanta
1112 2005 1181 2032 risus
1197 2013 1243 2032 ore
1262 2006 1294 2032 de
1309 2005 1453 2033 Democriti

943 2049 1050 2085 Deﬂerit
1068 2050 1112 2077 ille
1123 2051 1205 2077 stulta
1222 2051 1314 2078 mundi
1324 2052 1447 2084 crimina,

943 2095 1044 2122 Fatuos
1060 2097 1195 2123 cachinnis
1212 2099 1261 2124 iste
1280 2097 1360 2124 claris
1373 2099 1484 2132 ruperit.

942 2141 1005 2168 Vere
1019 2141 1112 2168 horum
1130 2146 1240 2177 uterque
1256 2146 1365 2177 utroque
1378 2151 1437 2169 vere
1451 2143 1555 2169 nomine

941 2186 1036 2215 Ridere
1049 2190 1111 2223 ﬂere
1121 2192 1223 2223 oportet
1238 2188 1298 2215 illos
1315 2193 1446 2216 mutuum.

903 2243 931 2273 D
943 2235 978 2261 At
989 2234 1052 2261 mihi
1065 2243 1191 2262 sonorum
1206 2242 1234 2262 os
1249 2235 1308 2268 quis
1323 2233 1395 2262 dabit
1409 2235 1476 2262 tuba!
1492 2236 1572 2262 vicem

947 2279 1154 2315 Versatilemque
1169 2280 1288 2315 linguam
1298 2281 1325 2307 in
1340 2289 1430 2316 aequor
1443 2282 1580 2312 carminis,

939 2326 1071 2354 Parnassi
1080 2328 1107 2353 in
1124 2327 1179 2353 alto
1189 2331 1264 2354 stans
1282 2327 1320 2354 uti
1336 2327 1480 2360 cacumine,

941 2371 1075 2399 Grandem
1087 2372 1221 2399 irremisse
1233 2373 1361 2400 concitem
1373 2381 1460 2404 uocem
1471 2381 1535 2400 sono
1546 2393 1554 2406 ,

938 2420 1001 2447 Haec
1016 2424 1138 2454 prompta
1152 2420 1223 2446 dictu
1236 2419 1330 2446 ditibus
1347 2420 1409 2447 uiris
1422 2428 1521 2446 canens
1542 2427 1552 2446 :

940 2465 1085 2501 Mancipia,
1099 2467 1176 2498 dites,
1195 2474 1246 2501 quo
1265 2465 1368 2492 metalli
1381 2466 1486 2492 tenditis
1497 2465 1510 2492 .7

939 2512 995 2545 Quo
1008 2512 1075 2539 calle
1088 2512 1177 2539 miseri
1191 2512 1305 2547 flebilem
1321 2512 1425 2539 instatis
1440 2513 1509 2539 viam
1522 2511 1533 2538 ξ)

938 2557 1046 2585 Caduca
1059 2557 1145 2592 proles
1160 2561 1222 2584 sunt
1234 2565 1295 2592 opes
1312 2563 1389 2585 ρει-ηε
1402 2559 1520 2593 hospitae.

938 2602 1058 2635 Quarum
1069 2603 1196 2637 fruuntur
1207 2608 1283 2638 parte
1299 2604 1402 2638 majore
1415 2603 1548 2638 improbi;

938 2649 1007 2682 Quid
1020 2649 1084 2676 vitia
1099 2657 1157 2676 cum
1173 2649 1263 2684 opibus
1282 2656 1384 2683 semper
1397 2649 1496 2684 augetis
1513 2657 1579 2675 nova
1589 2647 1603 2676 .’

935 2697 1047 2732 Augusti
1061 2697 1167 2723 honoris
1182 2704 1301 2731 purpura
1315 2697 1450 2722 inventum
1462 2699 1499 2723 est
1517 2696 1600 2723 canis.

939 2741 1041 2774 Libido,
1056 2743 1223 2777 margaritae,
1239 2742 1297 2768 vilis
1314 2743 1406 2768 ostrei.

937 2788 1048 2815 Summa
1066 2793 1103 2815 est
1117 2786 1216 2823 lapillis
1226 2789 1296 2823 quod
1311 2787 1426 2822 glabella
1441 2795 1509 2815 saxa
1521 2792 1583 2815 sunt

938 2834 980 2861 Es:
996 2834 1076 2865 calce,
1094 2834 1182 2869 lignis,
1199 2833 1338 2868 splendida
1354 2838 1461 2866 ornatu,
1479 2837 1581 2868 domus,

937 2880 1065 2915 Coctoquc
1081 2879 1164 2908 latere
1175 2879 1307 2916 fossilique
1326 2888 1457 2908 marmore
1472 2884 1509 2907 cst
