1923 3079
95 89 179 120 1245

93 146 138 173 Τί)
152 147 257 182 κράτος
272 149 320 183 τῆς
334 149 508 183 Κομνηνικῆς
521 150 642 184 μεγάλης
656 151 780 183 ἐξουσίας
791 161 798 168 ο

97 193 161 220 Ἴδε
179 194 230 227 τῆς
249 193 359 228 Ῥώμης
373 194 418 220 τὸν
432 195 547 228 στρατὸν
560 195 621 222 ὅσον
639 196 759 232 ἑξισχύει
771 206 778 212 ·

95 239 175 274 Δίχα
189 239 244 274 γὰρ
260 239 344 266 ἵππου
361 240 407 266 καὶ
422 241 524 275 τροφῆς
537 242 584 268 καὶ
600 242 662 276 δίχα
677 243 885 278 χορτασμάτων,

96 286 239 320 Λύχμῶν,
258 285 391 318 πεζεύων,
403 287 534 319 ἀλουτῶν,
552 288 676 322 θνήσκων
692 289 721 321 ἐξ
740 289 857 323 ἀσιτίας,

105 331 157 363 Ὧς
173 332 295 366 ἅψασθαι
308 334 355 358 καὶ
370 333 470 367 μιαρᾶς
488 333 568 360 αὑτὸν
583 335 764 369 ἱπποφαγίαε,

99 377 159 402 Τὸν
176 376 318 412 εὗτροφον,
335 376 380 403 τὸν
393 376 509 404 εὔῖππον
530 379 735 413 κατηγωνίσατό
746 388 786 412 σε,

102 424 165 450 Καὶ
183 425 240 455 τοῖς
252 424 298 450 τοῦ
312 423 402 450 Λύκου
418 424 551 459 ῥεύμασιν
566 426 763 459 ἐγκατεδύοισέ
777 434 816 452 σε.

101 471 139 496 Ἠ
154 471 246 497 τοίνυν
262 470 382 505 δράσεις,
400 471 476 498 ἄθλιε
495 473 668 507 Μουχούμετ,
683 473 730 499 καὶ
740 473 766 499 τί
778 473 885 506 πάθεις,

101 517 139 544 Εἴ
152 526 196 543 σοι
209 517 268 552 μεθ’
281 518 367 544 ἵππου
385 518 432 545 καὶ
444 519 548 553 τροφῆς
560 521 667 551 ἐκεῖνος
683 520 848 554 ἀπαντήσας

100 561 141 589 Ὦ
159 564 227 590 λύκε
244 564 295 599 θὴρ
309 565 337 590 ὲν
351 566 483 598 ποταμοῖς
493 565 636 602 ἀκόρεστε,
652 566 798 601 παμφάγε,

109 610 297 645 Ἀρπακτικὲ,
310 611 470 645 λαφυκτικὲ,
488 611 641 647 βορώτατον
652 611 757 647 θηρίον,

102 657 167 684 Νῦν
184 659 304 693 ὲκορέσω
318 658 472 693 βρώματος,
491 659 538 685 νῦν
554 659 687 694 ἐθοινήσω
700 660 780 694 κρέα,

105 705 168 731 Νῦν
180 704 226 730 σοῦ
241 705 290 740 τὴν
303 705 383 738 γένυν
401 704 504 739 ἐῦαψας
514 705 606 741 λύθρῳ
623 706 730 732 πολλῶν
746 707 882 741 αἱμάτων,

105 752 168 779 Νῦν
186 753 307 788 ἕπλησας
319 752 367 788 τὴν
387 753 524 787 ἄπληστον
541 753 589 780 καὶ
603 753 689 787 φάγον
707 762 754 780 σου
770 754 892 788 γαστέρα

106 800 168 825 03x
187 799 217 830 ἐξ
236 800 337 834 ἀρνίων
351 799 482 831 εὐσεϐῶν,
494 799 553 825 οὐδὲ
573 799 717 834 προϐάτων
738 799 865 834 Ῥώμης,

696 94 856 126 SCRIPTA
871 96 1150 130 MISCELLANEA.

1674 102 1745 136 1346

912 163 937 191 Α
954 153 1028 187 Εἶδες
1039 157 1120 183 αὐτὸν
1138 159 1293 194 μαχόμενον
1306 161 1338 196 τῇ
1357 161 1462 196 σοὸαρᾷ
1480 161 1592 196 Περσίδι

952 200 1008 226 Ούκ
1019 201 1116 236 ἄκροις
1130 203 1352 238 ἀκροϐολισμοῖς,
1372 206 1442 232 ἀλλὰ
1457 206 1528 232 κατὰ
1545 207 1691 241 συστάδην.

987 247 1020 273 Τί
1034 247 1125 274 τοίνυν
1133 249 1222 283 λέγεις
1229 269 1236 282 ,
1247 250 1367 284 βλέψασα
1377 251 1445 286 πρὸς
1453 252 1619 288 τηλικαύτην
1631 253 1744 289 αἴγληνς

957 291 1114 327 Ὀμολογεῖς
1132 295 1280 322 ἀποῦαλεῑν
1295 296 1343 327 τὰς
1359 297 1476 328 ὀπτικὰς
1491 298 1638 332 δυνάμειῦ

952 339 988 365 Ἢ
1001 341 1042 365 σοὶ
1055 339 1185 367 πλειόνων
1198 342 1346 376 ἀστραπῶν
1363 343 1461 376 μεστὶις
1476 344 1660 380 ἐπιδημήσει;

952 383 985 410 Τί
1001 385 1134 419 πρᾶτερόν
1150 394 1210 417 σου,
1222 386 1358 421 Κομνηνὲ,
1374 388 1536 422 τιμήσουσιν
1551 391 1578 415 αἱ
1597 389 1706 422 πόλειςς

952 428 985 455 Τί
1004 429 1129 465 δεύτερόν
1145 439 1191 457 σου
1207 431 1262 458 τῶν
1274 432 1364 459 καλῶν
1383 433 1560 468 ὑμνήσουσιν,
1575 436 1590 468 ἡ
1613 435 1725 471 Ῥώμης

952 474 989 500 Σὺ
1007 475 1060 508 γὰρ
1075 475 1140 509 ἡμῖν
1154 476 1200 503 καὶ
1219 476 1347 511 βασιλεὺς
1362 478 1408 504 καὶ
1422 478 1508 513 μέγας
1528 480 1727 515 οτρατηγέτης,

953 519 1008 544 Καὶ
1020 519 1190 555 στρατιώτης
1206 522 1368 556 κραταιοςῆ
1387 523 1488 556 μᾶλλον
1506 525 1687 559 στρατιῶται·

954 563 990 590 Σὺ
1008 564 1062 599 γὰρ
1078 566 1134 597 τοῖς
1150 565 1327 600 γλυκυτάταις
1345 575 1391 593 σου
1412 569 1664 604 πορφυροϐλάστοις
1676 570 1744 596 κλά-

1639 615 1705 652 [δοις

960 656 1047 692 ’Υπὲρ
1062 658 1141 693 ἡμῶν
1157 658 1205 685 καὶ
1223 659 1273 694 τῆς
1293 659 1373 694 ἡμῶν
1395 661 1556 695 στρατεύεις
1582 662 1722 697 σωτηρίας
1734 670 1742 677 “

955 703 1008 729 Καί
1024 711 1071 730 σου
1089 705 1232 739 προδοθεὶς
1249 704 1298 740 τὴν
1321 705 1411 741 ψυχὴν
1435 707 1483 733 καὶ
1508 707 1555 738 τὰς
1581 708 1670 743 ψυχὰς
1686 709 1744 735 τῶν

1565 752 1614 789 [na
1619 754 1691 786 ίδων,

955 793 1015 820 Ἵνα
1029 793 1156 832 λυτρώσῃ
1170 796 1200 822 τὸ
1218 797 1317 831 κοινὸν,
1336 798 1378 825 ἵνα
1391 800 1435 825 τὸν
1450 799 1554 833 κόσμον
1569 800 1671 835 σώσῃς.

113 845 188 871 Ἀλλ’
202 845 258 871 ἀπὸ
270 845 382 879 τράγων
391 845 530 872 δυσσεὸὦν
546 846 593 872 καὶ
605 845 747 881 Περσικῶν
763 846 882 881 ὲρίφων-
919 843 940 870 Β
956 841 1061 872 Αὶῶνξις
1074 841 1152 874 ὅλους
1166 844 1179 869 έσ
1190 843 1257 875 Θεὸς
1275 844 1312 879 τῷ
1327 846 1462 880 σκήπτρῳ
1482 854 1529 872 σου
1544 846 1687 883 προσθείη,

107 893 157 924 Εἰς
173 893 268 924 τόσους
279 893 466 927 ὲξερῤόφησας
481 891 519 926 τῷ
532 892 666 927 Κομνηνῷ
683 892 848 926 σφαγέντας,

108 939 194 965 ’Ὥστε
211 938 248 973 μὴ
262 939 366 971 στέγων
382 939 431 970 τῆς
443 938 546 973 τροφῆς
565 938 596 965 τὸ
611 938 737 973 περιττὸν
754 939 874 973 φορτίον,

109 986 217 1016 Ὄντως
234 994 281 1011 σου
297 985 330 1011 τὰ
344 985 509 1020 δρομήματα
521 984 569 1011 τοῦ
582 984 737 1020 τηλαυγῶς
753 985 830 1019 ἡλίου

109 1032 255 1068 ΙΙυριρόρος
272 1031 355 1067 φαίνῃ
369 1031 428 1063 τοῖς
444 1031 575 1066 ὲχθροῖς,’
593 1031 738 1066 φωσφόρος
757 1032 813 1062 τοῖς
829 1031 902 1058 οἰκέ-

782 1076 866 1113 [ται;,

115 1126 244 1160 Ἐαρινὴν
260 1126 400 1157 ἁνέτειλας
419 1127 451 1161 τῇ
471 1125 564 1161 Ῥώμῃ
579 1125 627 1160 τὴν
643 1125 761 1159 ἡμέραν,

108 1171 166 1198 Καὶ
183 1171 292 1206 θερινὴν
311 1171 461 1203 ὲξέκαυσας
475 1171 524 1205 τὴν
539 1171 626 1204 φλόγα
640 1171 672 1205 τῇ
691 1170 810 1204 Περσίδι.

115 1216 268 1250 Ἐξήρανας
283 1216 328 1242 τὸν
342 1216 480 1251 βάρϐαρον
499 1216 535 1248 ὡς
550 1216 594 1242 τὸν
607 1215 692 1250 πηλὸν
709 1216 813 1247 ἐκεῖνος
824 1223 832 1230 ’

115 1262 270 1292 Ἐπάλυνας
280 1262 311 1288 τὸ
327 1263 435 1297 γνήσιον
447 1261 483 1292 ὡς
498 1261 542 1288 τὸν
557 1261 644 1296 πηλὸν
659 1262 772 1292 ἐκεῖνος.

117 1308 162 1333 Ἐν
177 1307 220 1338 αἷς
230 1307 340 1342 ἐξῆλθες
353 1308 470 1343 ἡμέραις
487 1307 542 1333 ἀπὸ
557 1308 605 1342 τῆς
621 1307 793 1340 Βυζαντίδος,

117 1353 162 1378 Ἐν
178 1352 290 1383 ταύταις
300 1352 475 1387 είςελήλυθας
489 1352 584 1379 ἐνθάδε
599 1353 758 1388 νικηφόρος,

112 1399 230 1430 Τελέσας
242 1399 377 1425 ἐνιαύσιον
391 1399 429 1430 ὡς
445 1399 520 1434 ἥλιος
535 1399 581 1425 τδν
597 1399 707 1434 δρόμον.

112 1444 188 1478 Εἶδες
203 1446 248 1473 καὶ
263 1446 295 1471 σὺ
308 1444 353 1470 τὸν
367 1444 544 1480 Κομνηνὺν,ἡ
559 1446 721 1480 Καισαρέων
737 1445 813 1480 χώρα

113 1493 168 1520 Καὶ
183 1493 257 1518 πᾶσα
272 1491 308 1526 γῆ
326 1490 546 1525 Καππαδοκῶνὴ
567 1490 793 1526 βαρϐαροχομένη
806 1498 813 1506 ·

113 1541 168 1574 Οὐχ
185 1539 326 1566 ἑλεπόλεσι
343 1538 452 1569 πολλαῖς
467 1539 516 1566 τὰς
533 1538 625 1568 πόλεις
643 1545 689 1562 σου
708 1536 865 1567 κλονοῦντπι,

120 1585 199 1613 Ἀλλὰ
211 1586 324 1621 γυμνοῖς
341 1585 396 1616 τοῖς
409 1584 528 1619 δόρασιν,
544 1583 612 1610 ἀλλὰ
630 1584 747 1618 γυμναῖς
758 1584 816 1614 ταῖς
833 1583 903 1610 σπά·

794 1629 867 1665 [θαις

119 1679 269 1714 Ῥηγνύντα
284 1687 330 1705 σου
343 1679 392 1710 τὰς
402 1677 544 1712 φάλαγγας
556 1677 603 1703 καὶ
615 1677 650 1704 τὰ
664 1676 832 1712 στρατόπεδά
842 1685 900 1703 σου.

115 1769 175 1797 Sine
186 1769 329 1801 alimentis,
341 1769 398 1795 sine
414 1767 522 1804 pabula,
547 1767 677 1801 pedestres
704 1766 784 1802 copia:
796 1766 827 1793 ob
851 1766 902 1793 cibi

115 1818 253 1852 penuriam
267 1825 339 1852 paene
355 1817 545 1848 moriebantur,
563 1820 591 1842 ut
607 1814 646 1842 vel
669 1815 804 1840 sordidam
829 1814 902 1848 equi-

116 1873 178 1892 nam
195 1873 301 1891 carnem
317 1864 528 1896 manducarent;
541 1867 659 1889 attamen
670 1867 694 1889 te
702 1862 766 1889 bene
782 1866 899 1896 pastum,

117 1911 186 1944 equis
199 1910 427 1943 bene_instructum
439 1909 555 1943 aggressi
567 1908 629 1943 Lyci
641 1909 746 1943 fluentis
759 1913 782 1934 te
795 1908 902 1934 immer-

116 1961 213 1984 serunt.
229 1955 297 1987 Quid
315 1955 395 1990 igitur
408 1954 499 1988 facies,
517 1955 596 1981 miser
623 1954 773 1985 Muhamet,
791 1953 900 1988 quando

116 2003 160 2030 ille
170 2011 228 2029 eum
244 2010 310 2036 equo
325 2006 349 2028 et
363 2000 496 2027 alimentis
509 2001 555 2026 tibi
566 2004 693 2032 occurret,
708 2000 800 2034 ofera,
814 2008 828 2025 ο
840 1999 900 2034 lupe

116 2057 206 2081 uorax,
224 2048 394 2079 Insatiabilis,
413 2055 509 2081 rapax,
534 2047 633 2078 helluo,
654 2047 758 2073 animal
785 2047 901 2073 voracis—

116 2097 226 2127 simum;
243 2103 312 2121 nunc
325 2094 430 2129 quidem
440 2094 502 2120 cibis
518 2093 633 2128 repletus
644 2101 680 2124 es,
695 2102 763 2119 nunc
779 2101 860 2120 carne
873 2101 899 2120 es

118 2142 246 2175 repletus;
263 2147 332 2166 nunc
345 2139 464 2166 animum
480 2143 555 2165 tuum
571 2138 654 2165 multo
665 2139 794 2173 sanguine
816 2138 901 2173 reple-

117 2187 192 2219 visti;
210 2193 278 2212 nunc
290 2188 405 2212 ventrem
419 2184 597 2211 insatiabilem
606 2189 630 2211 et
643 2185 766 2219 gulosum
781 2185 897 2217 satiusti,
916 2192 937 2220 ι)

119 2241 167 2260 non
178 2233 252 2267 agnis
267 2230 422 2262 insontibus,
442 2238 494 2256 non
517 2229 607 2256 Romae
630 2229 729 2261 ovibus,
747 2229 792 2255 sed
817 2230 899 2256 lia-dis

119 2279 201 2314 impiis
216 2283 240 2304 et
255 2278 340 2313 capris
354 2276 476 2308 Persicis,
488 2283 552 2310 quos
564 2275 695 2302 Comneno
711 2283 789 2302 cwsos
801 2280 839 2302 tot
854 2284 903 2302 nu-

119 2333 185 2351 mero
198 2323 363 2358 deglutiisti;
381 2330 432 2357 quo
453 2323 523 2356 facto
544 2322 659 2348 hostibus
673 2322 785 2356 (ignifer,
814 2321 904 2348 dome-

119 2372 184 2398 sticis
196 2370 289 2405 lucifer
305 2377 436 2404 apparens
450 2368 543 2395 Romae
555 2368 623 2395 diem
634 2376 743 2395 uernant
754 2368 900 2400 adduxisti,

120 2421 141 2442 et
156 2415 256 2442 Persidi
274 2417 412 2450 flammam
425 2415 545 2440 wstivam
563 2414 716 2441 accendisti.
735 2413 900 2444 Barbarum.

119 2464 179 2489 sicut
198 2462 244 2488 ille
261 2461 356 2490 lutum,
369 2461 526 2493 exsiccasti;
543 2461 612 2495 quod
629 2461 774 2495 genuinum
789 2465 857 2492 erat,
873 2465 902 2488 ut

120 2509 162 2535 ille
179 2516 291 2540 caenum,
318 2507 447 2542 polluisti.
468 2506 500 2533 In
529 2507 622 2541 quibus
648 2507 739 2534 diebus
771 2507 902 2542 Byzantio

120 2561 233 2585 veneras,
249 2553 342 2579 iisdem
355 2553 397 2579 hic
410 2553 491 2578 victor
517 2553 636 2583 intrasti,
666 2553 820 2584 terminato,
838 2553 902 2580 solis

122 2601 153 2627 ad
168 2599 325 2633 exemplum,
339 2605 418 2625 cursu
428 2606 527 2625 annuo.
546 2597 584 2624 Tu
596 2606 708 2634 quoque,
725 2597 859 2632 Caesarea,
877 2607 902 2627 e.

123 2647 200 2673 omnis
207 2646 278 2680 regio
292 2645 405 2672 barbara
415 2645 614 2680 Cappadocum,
625 2645 788 2672 Comnenum
803 2646 899 2679 vidisti,

122 2700 168 2719 non
184 2691 273 2718 multis
301 2692 432 2718 machinis
449 2692 527 2718 urbes
554 2695 613 2718 tuas
630 2693 832 2724 concutientem,
857 2692 903 2718 sed

119 2738 210 2773 jaculis
223 2742 247 2764 et
260 2738 364 2764 ensibus
379 2738 455 2764 nudis
482 2737 632 2773 phalangas
655 2742 716 2764 tuas
728 2746 759 2764 ac
773 2738 900 2765 exercitus

124 2787 174 2810 tuos
186 2788 359 2818 rumpentem.
378 2782 471 2810 Vidiin
484 2791 543 2810 cum
559 2792 617 2810 cum
636 2783 704 2810 dura
724 2782 836 2811 Perside
848 2791 898 2811 non

122 2831 261 2865 jarulamlo
273 2829 335 2862 tela,
347 2830 391 2856 sed
402 2831 517 2857 cominus
531 2835 703 2865 pugnantem.

954 884 992 914 Οὗ
1008 888 1111 915 καὶτὸν
1125 888 1201 916 ἔλεον
1218 893 1287 926 μιμῇ
1304 892 1351 918 καὶ
1368 892 1418 928 τὴν
1431 893 1639 928 φιλανθρωπίαν
1654 902 1661 911 ο

954 934 1012 961 Ἰνα
1034 935 1108 970 σωθῇ
1128 935 1158 962 τὺ
1170 935 1301 971 βρότειον,
1319 938 1362 965 ἵνα
1380 939 1467 974 ῥυσθῇ
1484 939 1514 965 τὸ
1527 940 1632 968 δοῦλον.

953 978 991 1006 Οὐ
1007 980 1124 1014 πρέσῦιν
1142 981 1253 1016 ἔπεμψε
1271 983 1338 1015 Θεὸς
1353 984 1404 1011 οὐκ
1421 985 1454 1011 ἂν
1468 985 1548 1012 ἄλλον
1563 987 1620 1018 τοῖς
1638 987 1724 1019 κάτω,

952 1026 989 1051 Οὐ
1004 1026 1137 1061 σεραφὶμ,
1153 1027 1183 1054 ού
1200 1029 1347 1064 χερουὸὶμ,
1365 1031 1395 1057 ού
1411 1031 1534 1066 θρόνους,
1552 1032 1581 1058 οὺ
1600 1033 1742 1068 δυνάμεις,

952 1071 1039 1097 Αὑτὸν
1055 1071 1082 1097 δὲ
1100 1072 1145 1099 τὸν
1167 1073 1342 1109 Ἐμμανουὴλ
1359 1075 1404 1102 τὸν
1422 1076 1492 1111 ὑπὲρ
1511 1077 1591 1110 λόγον
1602 1077 1690 1111 Λόγον

953 1117 1105 1144 Αὑτότατον
1121 1119 1192 1154 ὑπὲρ
1208 1119 1286 1154 ἡμῶν
1299 1121 1420 1156 καθῆκεν
1435 1122 1593 1157 οὐρανόθεν.

953 1165 1054 1192 Τοῦτον
1070 1165 1117 1192 καὶ
1132 1167 1164 1193 σὺ
1181 1167 1361 1202 μιμούμενος,
1380 1169 1431 1204 γῆς
1445 1169 1514 1201 ἄναξ
1533 1170 1656 1205 Ὶωάννη,

953 1211 1004 1237 Ἰὺν
1018 1211 1144 1245 φίλτατόν
1160 1221 1206 1239 σου
1221 1214 1360 1250 Μανουὴλ,
1379 1215 1425 1242 τὸν
1439 1215 1595 1243 τελευταῖον
1609 1217 1694 1243 παῖδα

959 1256 1045 1292 ’Υπὲρ
1059 1258 1140 1293 ἡμῶν
1154 1259 1209 1284 τῶν
1221 1260 1334 1286 οἰκετῶν
1350 1261 1421 1288 κατὰ
1437 1262 1551 1298 Περσῶν
1566 1263 1688 1295 ὁπλίζεις
1698 1283 1705 1295 ,

953 1302 1008 1328 Καὶ
1021 1303 1065 1329 διὰ
1079 1303 1174 1330 τούτου
1188 1304 1314 1337 θανατοῖς
1327 1308 1377 1341 τὴν
1397 1309 1524 1335 ἐναντίαν
1543 1311 1653 1344 μοῖραν,

953 1348 1009 1375 Καὶ
1022 1351 1056 1375 τὰ
1075 1350 1219 1384 Ῥωμαίων
1237 1352 1348 1382 ἀνιστὰς
1368 1353 1405 1384 ὡς
1417 1353 1449 1380 ὲκ
1467 1355 1611 1390 πεταύρων
1629 1355 1705 1391 ᾇδου,

954 1395 1029 1430 Καλῇ
1044 1396 1169 1432 προϐόλῳ
1188 1397 1331 1431 πέποιθας,
1349 1399 1419 1434 καλῇ
1435 1399 1546 1436 θαρρεῖς
1565 1403 1717 1437 συμμάχῳ,

955 1441 1038 1473 Ἀναξ
1051 1443 1287 1477 πορφυρόὸλαστε,
1299 1447 1494 1481 κομνηναυγὴς
1510 1449 1649 1483 φωσφόρε.

955 1486 1048 1522 Καλὴν
1062 1487 1128 1522 ὲκτὴ
1135 1497 1171 1514 σω
1185 1490 1234 1522 τὴν
1249 1491 1372 1524 φρουρὰν
1386 1491 1435 1517 καὶ
1456 1492 1506 1526 τὴν
1525 1493 1743 1529 συστρατηγέτιν

954 1531 1006 1566 Τὴν
1023 1531 1120 1558 δοῦσαν
1135 1541 1175 1559 σοι
1193 1536 1238 1560 καὶ
1253 1535 1303 1569 τῆς
1320 1537 1408 1572 ἀρχῆς
1423 1538 1542 1572 ἀρχῆθεν
1556 1540 1604 1570 τὰς
1620 1541 1709 1575 ἡνίας,

954 1578 1009 1604 Καὶ
1021 1580 1209 1614 συντηροῦσαν
1225 1582 1346 1616 εὐτυχῶς
1365 1583 1429 1618 ἄχρι
1445 1586 1491 1610 καὶ
1506 1585 1553 1611 νῦν
1571 1586 1602 1612 τὸ
1623 1588 1741 1622 κράτος,

953 1624 1007 1650 Καὶ
1023 1624 1199 1660 δωρουμένην
1215 1635 1255 1653 σοι
1271 1628 1401 1663 λαμπρὰς
1411 1630 1569 1666 ἁπανταχοῦ
1582 1631 1630 1664 τὰς
1650 1633 1740 1667 νίκας,

953 1670 1009 1705 Τὴν
1027 1671 1114 1706 ἀληθῆ
1131 1673 1269 1700 νικοποιὸν
1285 1675 1439 1710 ὑπέρηνον
1453 1677 1601 1712 Παρθένον.

993 1760 1062 1794 Quid
1074 1761 1155 1796 igitur
1172 1762 1245 1794 dicis,
1259 1764 1328 1790 hunc
1345 1765 1512 1799 splendorem
1524 1767 1612 1794 videns
1628 1768 1640 1795 ?
1653 1768 1742 1804 Conﬁ-

953 1809 1048 1834 terisne
1065 1813 1089 1835 te
1104 1809 1208 1835 videndi
1217 1817 1294 1836 sensu
1307 1812 1441 1845 priuatum
1452 1813 1530 1840 esse?
1544 1814 1584 1841 An
1609 1816 1741 1847 maiorem

952 1853 1079 1888 fulgorem
1100 1856 1254 1888 exspectas?
1278 1855 1346 1888 Quid
1374 1858 1451 1885 urbes
1468 1867 1523 1893 pra:
1547 1864 1582 1891 te,
1598 1860 1739 1894 Comnene,

951 1900 1162 1934 hanoriﬁcabunt
1173 1902 1186 1928 Ζ)
1201 1902 1238 1929 Tu
1249 1903 1319 1930 enim
1332 1904 1404 1931 nobis
1421 1905 1568 1940 imperator
1587 1913 1610 1934 et
1629 1916 1740 1944 magnus

952 1946 1065 1973 militum
1079 1955 1105 1974 es
1117 1947 1181 1979 dum,
1192 1948 1245 1975 imo
1259 1949 1413 1984 fortitudine
1425 1952 1568 1979 exercitum
1580 1961 1680 1988 aquas.
1701 1954 1740 1981 Tu

950 1993 1022 2019 enim
1035 1993 1191 2020 dulcissimis
1198 1995 1280 2022 ramis
1290 1997 1429 2025 decoratus
1436 1999 1577 2032 purpureis
1589 2006 1688 2026 nostra'
1696 2009 1741 2028 sa-

952 2038 1000 2066 luti
1008 2041 1145 2074 prospicis;
1155 2046 1181 2067 tu
1191 2045 1263 2068 tuam
1272 2048 1295 2069 et
1303 2042 1420 2076 ﬁliorum
1427 2045 1531 2072 animas
1538 2046 1622 2072 tradis
1632 2051 1741 2073 utmua-

951 2086 1013 2112 dum
1025 2086 1119 2113 solves.
1137 2086 1406 2125 chulatibiintegra
1421 2091 1488 2118 Deus
1499 2100 1578 2127 regno
1589 2097 1634 2120 tuo
1645 2093 1741 2128 imper-

951 2133 1012 2165 tiat;
1023 2133 1070 2159 Dei
1081 2133 1150 2160 enim
1164 2138 1191 2160 tu
1201 2134 1407 2164 misericordiam
1418 2142 1442 2164 et
1452 2139 1642 2166 humanitatem
1652 2141 1742 2167 imita-

952 2180 999 2209 ris,
1021 2183 1049 2206 ut
1059 2187 1141 2214 genus
1156 2181 1292 2208 hominum
1313 2182 1440 2216 salvetur,
1455 2188 1483 2210 ut
1500 2185 1568 2211 serui
1585 2185 1739 2213 liberentur.

954 2225 1015 2252 Non
1023 2225 1161 2261 Seraphim
1178 2227 1244 2254 Deus
1261 2228 1417 2256 mortalibus
1430 2231 1510 2262 misit,
1523 2238 1574 2256 non
1586 2230 1738 2263 Cherubim,

953 2279 1003 2298 non
1011 2273 1128 2305 thronos,
1142 2281 1193 2300 non
1204 2278 1354 2308 potestates;
1366 2276 1410 2302 sed
1424 2275 1635 2308 Emmanuelem,
1646 2278 1689 2312 qui
1702 2282 1741 2304 est

957 2319 1065 2346 Verbum
1086 2328 1166 2355 supra
1193 2321 1311 2353 verbum,
1341 2330 1388 2356 pro
1416 2323 1489 2350 nobis
1506 2322 1607 2350 eazlitus
1625 2324 1740 2351 demisit.

952 2364 1039 2400 Hujus
1063 2370 1092 2392 tu
1117 2375 1218 2401 quoque
1245 2368 1393 2400 exemplum
1412 2369 1541 2399 imitatus,
1558 2377 1602 2396 res:
1613 2369 1740 2403 Joannes,

954 2413 1137 2439 charissimam
1150 2417 1224 2439 tuum
1239 2419 1263 2440 et
1278 2413 1401 2440 ultimum
1412 2414 1498 2447 ﬁlium
1517 2414 1667 2442 Manuelem
1693 2425 1741 2450 pro

953 2458 1026 2485 nobis
1044 2459 1126 2485 servis
1142 2464 1234 2485 contra
1246 2459 1341 2486 Persas
1369 2468 1465 2491 moves,
1484 2465 1562 2495 atque
1584 2461 1622 2488 ita
1643 2467 1741 2488 sortem

953 2504 1092 2531 adversam
1107 2504 1244 2538 debilitas;
1260 2510 1287 2531 tu
1320 2505 1501 2533 Romanorum
1526 2515 1582 2533 rem
1611 2507 1687 2541 quasi
1709 2515 1741 2534 ea;

953 2558 1014 2576 orco
1029 2551 1063 2577 ad
1075 2552 1157 2578 vitam
1174 2560 1297 2578 revocas:
1309 2552 1434 2586 fiduciam
1453 2554 1481 2579 in
1507 2561 1642 2579 murorum
1655 2553 1742 2587 ﬁrmi-

952 2600 1006 2622 tate
1025 2601 1049 2622 et
1064 2598 1092 2623 in
1106 2598 1196 2624 umoris
1211 2597 1404 2632 pulchritudine
1420 2600 1505 2634 ponis,
1521 2606 1567 2625 rex
1581 2603 1739 2633 purpurate,

953 2642 1063 2679 Lucifer
1076 2644 1185 2679 familite
1200 2645 1350 2672 Conmena'.
1366 2645 1511 2672 Pulchram
1538 2646 1583 2671 tibi
1594 2649 1741 2673 consortem

953 2692 1080 2719 addidisti
1094 2695 1117 2718 et
1130 2691 1302 2722 bellatricem,
1330 2700 1389 2726 quia
1406 2691 1452 2718 tibi
1472 2700 1487 2717 a
1503 2691 1632 2725 principio
1649 2691 1741 2725 guber-

953 2738 1079 2765 naculum
1094 2739 1180 2768 ccssit,
1194 2743 1218 2764 et
1231 2739 1363 2772 hucusque
1375 2737 1450 2771 regni
1460 2745 1551 2763 curam
1568 2741 1651 2762 tecum
1661 2737 1739 2771 gerit.

953 2783 1053 2810 Eadem
1069 2784 1114 2810 tibi
1128 2782 1281 2818 splendidas
1295 2783 1391 2817 ubique
1408 2783 1531 2809 victorias
1556 2786 1686 2817 reportat,
1699 2790 1741 2809 ue-

952 2837 1022 2862 ram,
1039 2829 1158 2864 inquam,
1177 2829 1293 2855 victoria'
1309 2828 1437 2855 datricem
1472 2827 1604 2863 Virginem
1629 2829 1742 2856 sanctis-
