1923 3079
57 113 130 145 1341»)

62 173 113 199 ‘tix
129 171 213 206 μόνης
230 170 389 205 ἐμϐοησεως
402 169 432 195 τὺ
448 169 584 204 Περσικον
598 166 722 201 φοϐήσας

55 220 115 245 Καὶ
129 217 196 254 πρὸς
212 218 354 252 ἀσχήμονα
364 215 469 251 τροπὴν
479 213 606 248 καὶπρὸς
621 213 712 247 φυγὴν
725 212 848 247 κινήσας.

56 264 216 301 Περιπτυξέ
229 272 285 299 μοι,
301 261 443 294 Βυζαντὶς,
461 261 495 287 τὰ
508 259 684 294 τιοηνήματά
698 267 746 285 σου
759 266 767 274 '

59 313 207 340 Ἀσπασον
219 310 282 341 τοὺς
293 309 445 344 τροφίμους
460 315 519 340 σου,
534 306 630 334 λοῦσαι
652 305 715 336 τοὺς
731 305 852 340 ἀριστεῖς

726 349 797 386 [σου,

59 403 94 430 O‘i
112 403 157 429 διὰ
170 402 200 429 σὲ
215 401 265 437 τὴν
280 400 390 435 τιθηνὸν
409 399 457 427 καὶ
472 399 522 434 τὴν
540 397 647 433 μητέρα
664 396 788 432 Ῥώμην,

59 449 121 476 Kal
133 448 178 476 διὰ
192 449 242 482 τὴν
257 448 413 483 ἀπόρρητον
436 446 504 480 πρὸς
525 445 570 471 τὸν
585 442 740 479 κρατοῦντα
760 442 853 469 πίστιν

60 495 193 530 Καοῆκον
210 495 288 525 ἕλους
303 494 418 524 ἑαυτοὺς
436 493 533 527 μέχρις
547 489 631 518 αὑτοῦ
645 489 762 516 θανάτου
774 497 781 504 ·

60 542 120 568 Καὶ
137 540 271 576 μυριάδας
285 540 441 570 κτείναντες
456 539 506 574 τῆς
527 537 668 565 ἀντιϐἑτου
686 535 801 571 μοίραςῗ,

60 585 266 620 Ἀντέστρεψὰν
283 593 324 612 σοι
339 584 448 620 νικηταὶ
465 583 535 619 μετὰ
548 582 686 618 λαμπρῶν
702 580 853 615 τροπαίων·

63 634 114 659 Ἀτ
122 641 203 667 ρωτοι
222 631 271 666 μὲν
288 632 313 658 οι
330 631 463 661 πλείονες,
480 630 505 656 οἱ
518 629 546 656 δὲ
562 630 610 656 καὶ
625 628 806 663 τραυματίαι·

61 678 139 712 Πλὴν
152 677 213 712 οὐχὶ
229 677 300 704 κατὰ
311 677 361 712 τὴν
375 676 484 712 γραφὴν
499 675 616 703 θανάτου
629 674 814 710 τραυματίαι,

61 724 131 755 Θεδς
148 723 276 758 ἐφρούρει
291 723 345 758 γὰρ
361 723 461 752 αὐτοὺς
476 722 524 749 καὶ
538 721 608 757 τύχη
628 721 772 756 βασιλέως.

77 792 81 798 ι
102 770 134 794 Ὢ
150 769 247 801 κλάδος
261 769 418 804 ἀγριέλαιος
433 768 603 795 καλλιελαίου
623 767 713 802 ῥίζης,

62 815 122 841 Kal
137 815 268 849 δυστυχὲς
284 815 414 849 νεόφυτον
432 814 634 849 εὐτυχεστάτου
649 813 770 848 δένδρον’

69 861 100 887 Ὀ
116 861 195 896 μόνος
208 859 314 887 ἄκανθα
331 859 427 894 φανεὶς
441 861 470 886 ὲν
484 859 654 895 πολυδένδρῳ
674 859 765 894 κήπῳ,

64 908 121 933 Καὶ
141 907 220 941 μόνος
236 906 437 941 ἀφρονέστατος
456 907 485 932 ὲν
501 905 606 941 συνετῷ
627 906 666 940 τῷ
681 905 767 940 γένει·

63 952 174 984 Ἀνάξιε
191 952 241 987 τῆς
258 952 392 987 κλήσεως,
403 951 497 983 ἀνάξιε
511 950 558 977 τοῦ
575 952 681 985 γένους,

64 999 132 1029 Τοῖς
144 998 257 1034 τρόποις
272 997 439 1033 ἀχαρίτωτε,
455 997 510 1024 κᾶν
526 996 750 1032 χαριτωνυμίζῃς
761 1003 768 1012 ·

65 1045 154 1072 Πάλιν
168 1044 306 1080 ἐμνήσθης
318 1044 372 1070 τῶν
387 1043 487 1078 κρεῶν,
500 1042 642 1078 ἐμνήσθης
654 1042 708 1069 τῶν
722 1041 855 1077 λεϐήτων,

66 1091 125 1116 Kal
138 1090 188 1124 τῆς
207 1089 358 1125 συντρόφου
373 1088 513 1124 Περσικῆς
530 1087 638 1122 ἐκείνης
654 1087 802 1122 ἀκρασίας,

65 1136 125 1163 Καὶ
140 1137 198 1167 τοῖς
212 1135 319 1170 ἐχθροῖς
336 1134 498 1169 αὖτομολεῖς
514 1133 658 1161 ἀπολιπὼν
673 1134 703 1160 τὸ
718 1133 808 1168 γένος.

66 1182 115 1213 Et;
129 1181 156 1207 τι
168 1190 197 1207 σε
216 1182 307 1216 μήτηρ
326 1180 427 1212 ἔτικτε,
445 1179 471 1207 τί
484 1189 513 1206 σε
533 1179 624 1215 πατὴρ
639 1179 755 1214 ὲγέννα;

66 1227 126 1253 Καὶ
142 1227 172 1254 σὲ
185 1227 230 1253 τὸν
245 1227 345 1253 κύκλον
364 1226 482 1260 οὐρανοῦ
501 1225 678 1261 μαρτύρομαι
694 1225 740 1252 τὸν
757 1225 856 1260 μέγαν,

67 1272 125 1300 Kal
143 1272 173 1299 σὲ
187 1272 236 1306 τὴν
252 1271 304 1306 γῆν
316 1271 366 1306 τὴν
378 1271 484 1304 ἄοικον,
509 1271 558 1298 καὶ
574 1271 603 1297 σὲ
617 1270 667 1306 τὴν
680 1270 856 1305 οἰκουμένην,

69 1318 126 1343 Καὶ
144 1317 189 1343 τὸν
208 1317 278 1351 ἀέρα
291 1317 337 1344 τὸν
352 1316 446 1349 πολὺν,
461 1317 508 1343 καὶ
524 1316 558 1343 τὰ
571 1316 712 1351 θαλάσσης
731 1315 811 1352 βάθη,

69 1362 126 1389 Kal
140 1362 170 1388 σὲ
186 1361 216 1388 τὸ
228 1362 323 1396 χρῆμα
341 1361 389 1388 τοῦ
408 1362 507 1397 πυρὸς,
529 1362 563 1389 τὰ
577 1362 699 1398 κοσμικὰ
714 1363 834 1397 στοιχεία
848 1369 859 1394 ε

68 1407 205 1442 Ἠκούσθη
223 1407 333 1435 πώποτε
346 1407 442 1442 καιροῦ
456 1407 579 1439 τοιοῦτος
590 1407 770 1443 αὐτοκράτωρ

73 1453 166 1487 Ἔχων
180 1451 229 1488 μὲν
243 1452 331 1478 πάντα
343 1452 377 1478 τὰ
390 1452 496 1486 τερπνὰ
510 1453 601 1478 πᾶσαν
613 1453 719 1488 τρυφῆς
732 1453 832 1485 εἰδέαν,

77 1499 220 1525 Ἀπάντων
236 1497 263 1523 δὲ
275 1497 454 1532 καταφρονῶν
470 1497 542 1532 ὑπὲρ
554 1498 609 1524 τῶν
623 1499 763 1533 ὑπηκόων,

644 107 805 139 SCRIPTA
824 107 1104 137 MISCELLANEA.

1622 108 1691 141 1350

867 169 891 196 Α
907 164 962 190 Kal
976 165 1025 198 τῆς
1039 163 1131 198 χιόνος
1145 163 1184 198 τῷ
1201 163 1297 199 πυκνῷ
1315 165 1365 191 καὶ
1381 165 1438 196 τοῖς
1453 165 1552 197 δεινοῖς
1566 166 1691 202 ἀνέμοις,

903 210 958 235 Καὶ
975 209 1078 243 στέγων
1089 209 1178 236 πάντα
1192 209 1319 244 ψυχικοῖς
1337 211 1528 246 ἀδαμαντίνοις
1547 212 1640 244 πόνοις
1653 221 1661 245 ;

902 255 935 282 Τί
949 255 986 290 μὴ
1004 257 1160 291 πρηστῆρσι
1176 255 1331 291 φλέγομαι;
1346 257 1373 283 τί
1384 257 1421 292 μὴ
1432 257 1513 292 Θηρσὶ
1523 258 1693 293 ριπτοῦμαι;

902 301 934 328 Ti
952 302 989 336 μὴ
1006 301 1137 336 χαλάζαις
1155 301 1286 336 βάλλομαι
1300 310 1306 334 ;
1321 303 1347 328 τί
1361 303 1398 337 μὴ
1414 302 1487 337 βυθῷ
1502 303 1652 337 ποηιτοῦμαι
1666 312 1673 336 ;

903 347 936 372 Τί
953 345 990 382 μὴ
1004 345 1125 381 χανοῦσά
1142 355 1175 381 με
1197 347 1246 381 τῆς
1262 347 1313 381 γῆς
1329 348 1346 381 ἡ
1362 348 1442 381 γένυς
1456 349 1596 384 καταπίνῃ
1612 358 1620 383 ;

902 392 1098 425 Ἐπεινασας,ό
1113 393 1253 428 βασιλεὺς,
1266 393 1336 429 ὑπὲρ
1356 394 1426 429 ἐμοῦ
1444 395 1491 422 τοῦ
1506 395 1612 423 δούλου.

939 439 1099 474 Ἐπείνησεν
1115 440 1129 465 ό
1145 440 1284 474 βασιλεὺς,
1304 440 1359 474 ὲγὼ
1372 441 1394 466 δ’
1407 441 1598 477 ὲχορταζόμην
1612 450 1618 457 ’

902 484 1052 521 Ἐρῐγωσεν
1066 486 1079 512 ὁ
1093 485 1231 520 βασιλεὺς,
1243 485 1298 520 ἐγὼ
1311 486 1333 514 δ’
1350 486 1567 522 ὲοερμαινόμην·

904 531 1016 566 Αῖοριος
1030 528 1064 566 ἦν
1080 531 1094 557 ό
1110 530 1248 566 βασιλεὺς,
1265 531 1321 565 ἐγὼ
1336 532 1358 558 δ’
1373 533 1574 568 ἐστεγαζόμην·

909 577 940 604 Ὀ
957 577 1101 612 Κομνηνὸς
1113 577 1127 603 ὁ
1145 578 1288 612 κραταιὸς,
1299 579 1313 604 ὁ
1332 579 1411 609 τόσος
1423 579 1582 615 ὲτληπάοει,

909 623 939 650 Ὀ
956 623 1092 658 δυστυχὴς
1109 623 1137 650 δὲ
1154 623 1312 659 Πρόδρομος
1328 625 1375 651 καὶ
1387 626 1517 657 ταπεινὸς
1530 626 1647 660 ἐτρύφα.

907 668 953 700 Τίς
964 669 1068 695 τούτων
1086 669 1188 703 μείζων
1205 670 1291 704 ἀρετὴ
1306 670 1412 704 γένοιτο
1431 671 1582 705 ﬂuctuum;

907 715 1039 750 Ἐμαθες,
1054 715 1140 750 γραῖα.
1155 715 1295 748 Βαὸυλὼν,
1311 716 1344 742 τὰ
1356 716 1431 752 πάθη
1447 717 1496 750 τῆς
1514 718 1655 752 Περσίδος,

906 762 961 788 Kal
975 761 1047 788 πόσα
1062 761 1192 796 δέδρακεν
1205 761 1291 797 αὐτὴν
1307 764 1321 789 ὁ
1340 764 1485 799 Κομνηνὸς
1505 764 1648 801 δεσπότης·

907 807 963 834 Καὶ
977 808 1145 835 συσταλεῖσα
1161 808 1212 844 τὴν
1227 808 1318 844 ψυχὴν
1333 809 1380 836 καὶ
1393 809 1477 844 φόϐου
1495 810 1675 846 πληρωθεῖσα

868 868 892 898 Β
909 855 1076 890 Δορυφορεῐν
1090 855 1237 887 οῑκετικῶς
1251 855 1394 890 λατρεύειν
1408 857 1550 892 ἐπαγγέλῃ
1563 864 1569 870 ·

908 900 1054 935 Κάμπτεις
1070 900 1146 936 αὐτῷ
1163 902 1209 928 τὸν
1223 901 1371 937 τράχηλον,
1388 902 1531 936 ὁμολογεῖς
1549 903 1699 937 δουλεύειν,

909 947 964 974 Καὶ
980 947 1080 983 φόρους
1096 948 1275 983 κατατιβεσαι
1290 950 1322 985 τῇ
1337 949 1459 985 νεωτέρα
1479 949 1584 985 Ῥώμῃ·

909 993 1014 1026 Ὄντως
1032 994 1062 1020 τὸ
1080 994 1194 1030 σκέμμα
1210 995 1314 1030 γηρεᾶς
1336 995 1368 1022 τὸ
1384 995 1524 1031 βούλευμα
1541 997 1677 1033 φρονίμου
1690 1017 1700 1030 ,

907 1039 963 1066 Kal
979 1039 1091 1067 δούλευε
1106 1042 1152 1068 καὶ
1170 1041 1286 1077 λάτρευε
1307 1041 1346 1077 μὴ
1359 1041 1449 1078 πάθῃς
1461 1042 1496 1068 τὰ
1507 1043 1648 1077 Περσίδος.

907 1085 953 1112 Σοὶ
966 1085 994 1112 δὲ
1011 1085 1041 1112 τὸ
1058 1085 1145 1120 Θεῐον,
1166 1087 1289 1122 βασιλεῦ,
1308 1088 1366 1123 δοίη
1386 1089 1510 1124 μακροὺς
1525 1088 1628 1121 αἰῶνας

913 1132 958 1163 Ὠς
973 1133 1037 1164 τοὺς
1051 1133 1154 1164 αἰῶνας
1167 1133 1283 1168 οὐρανοῦ
1297 1135 1346 1161 καὶ
1358 1135 1421 1166 τοὺς
1435 1135 1511 1170 ἡλίου
1524 1135 1654 1167 κύκλους.

907 1189 943 1216 Γ’.
965 1189 1020 1216 Τοῦ
1034 1190 1129 1217 αὐτοῦ
1146 1192 1191 1224 εις
1212 1191 1309 1252 uigor
1329 1192 1498 1224 βασιλικὸν
1524 1192 1618 1220 παιὰν
1636 1193 1699 1226 τοῖς

1269 1235 1366 1252 ηιιοιτι.

1269 1235 1366 1260 ιιμοις.

907 1270 1010 1304 Σκῖρτα
1026 1272 1075 1298 καὶ
1088 1271 1377 1307 «smmum/emax
1384 1273 1476 1306 ἄλλου,
1486 1274 1579 1310 Ῥώμη
1596 1275 1661 1307 νέα,

908 1317 1043 1350 Συγκάλει
1059 1318 1089 1344 τὸ
1104 1317 1263 1352 δημοτικὸν,
1282 1320 1359 1346 κάλει
1375 1320 1425 1355 τὴν
1443 1322 1600 1354 γερουσῐαν,

909 1362 1063 1398 Εὑτρὲπιζε
1082 1363 1226 1400 βασιλικὴν
1247 1366 1294 1391 καὶ
1311 1365 1391 1393 πάλιν
1403 1366 1452 1401 τὴν
1465 1367 1592 1394 παστάδα
1602 1388 1609 1400 ,

912 1409 1042 1443 Ἐόρταζε
1056 1410 1230 1446 Κομνηνικδν
1252 1411 1299 1437 καὶ
1319 1411 1400 1438 πάλιν
1419 1411 1477 1439 νέον
1491 1412 1590 1447 γάμον,

909 1454 965 1480 Καὶ
984 1454 1023 1490 τῷ
1038 1456 1203 1491 σκηπτούχῳ
1220 1457 1326 1491 βασιλεῖ
1340 1457 1379 1492 τῷ
1397 1459 1444 1485 καὶ
1463 1460 1699 1493 νυμφοστολοῦντι

907 1500 1038 1532 Παιάνιζε
1052 1501 1116 1532 τοὺς
1127 1502 1282 1536 πρέποντας
1296 1503 1482 1538 ὑμνητηρίους
1498 1505 1606 1538 λόγους.

73 1545 224 1580 Λιμώττων
241 1544 311 1579 ὑπὲρ
325 1543 373 1571 τοῦ
385 1543 487 1578 κοινοῦ,
501 1544 557 1575 τοῖς
569 1544 682 1579 ὄμϐροις
697 1543 857 1579 αἱοριόιζων,
872 1549 894 1578 c
947 1547 1031 1574 Ποίαν
1046 1555 1087 1574 σοι
1103 1548 1194 1583 χάριν,
1212 1548 1335 1583 βασιλεῦ,
1355 1549 1371 1584 ὴ
1389 1549 1468 1582 πόλις
1482 1550 1641 1585 ἀντιδώσει,

73 1645 106 1663 ac
126 1636 275 1671 gratiarum
301 1640 473 1670 paternarum
494 1635 592 1670 imago,
607 1635 707 1662 brachii
731 1636 806 1671 fortis
829 1644 860 1663 ac

74 1682 155 1718 pugni
173 1682 261 1708 invicti
275 1682 367 1714 lieres,
389 1682 434 1715 qui
452 1682 526 1716 cujus
537 1682 572 1708 sis
600 1682 750 1716 sanguinis,
776 1686 862 1709 osten-

74 1728 154 1753 disti:
172 1735 259 1753 vocem
275 1727 389 1754 tollendo
408 1728 549 1753 exercitum
566 1726 709 1754 Persarum
725 1728 753 1754 in
771 1728 861 1761 fugam

73 1774 172 1800 vertiin
184 1774 363 1807 fwdissimam.
381 1773 545 1807 Amplectere
569 1773 683 1800 sobolem
709 1778 794 1806 tuam,
812 1773 862 1810 By-

73 1821 214 1852 zantium;
239 1820 341 1854 suscipe
381 1819 503 1847 alumnos
540 1825 609 1852 tuos,
634 1819 775 1846 bellatores
803 1825 861 1847 tuos

75 1866 229 1901 lavata,qui
245 1866 275 1893 ob
297 1871 332 1898 te.
346 1865 458 1893 Romam
483 1866 612 1892 nutricem
638 1870 663 1893 et
690 1872 811 1897 matrem,
837 1871 861 1895 et

75 1915 180 1947 propter
195 1911 275 1945 ﬁdem
301 1913 484 1938 inconcussam
510 1919 572 1945 erga
608 1913 810 1946 gubernatorem
835 1920 862 1939 se

76 1954 110 1981 ad
149 1959 259 1981 mortem
283 1962 365 1988 usque
402 1954 601 1988 sacriﬁcarunt.
629 1955 702 1983 Nam
722 1961 862 1992 postquam

76 1997 160 2026 multa
175 1998 295 2032 factionis
312 1998 429 2024 aduersa:
441 1998 526 2025 millia
538 1999 740 2034 interfecissent,
754 2001 862 2027 victores

76 2053 133 2072 rum
153 2044 297 2079 splendidm
318 2045 488 2072 reversisunt
507 2046 632 2080 tropwis,
652 2053 705 2072 non
731 2047 862 2074 vulnerati

77 2091 179 2125 quidem
192 2090 317 2126 plerique,
332 2099 395 2126 pars
416 2090 570 2118 vulneribus
586 2091 633 2117 icti
648 2099 700 2118 non
725 2092 862 2126 lethiferis.

76 2137 145 2164 Deus
155 2138 225 2163 enim
239 2141 263 2163 et
281 2138 448 2172 imperatoris
464 2137 571 2172 fortuna
585 2145 627 2164 eos
641 2137 809 2164 custodiebat.

110 2182 131 2208 0
146 2184 225 2217 stipes
242 2182 364 2217 fecunda,
383 2183 438 2210 oleo
456 2183 648 2215 abundansﬁu
667 2191 756 2210 ramus
772 2183 865 2219 infelix

76 2229 177 2256 arboris
195 2229 354 2264 felicissimi;
371 2235 402 2257 tu
416 2231 487 2258 solus
502 2231 586 2266 spime
601 2232 712 2264 speciem
729 2232 757 2257 in
774 2240 866 2266 poma-

77 2276 115 2302 rio
130 2276 257 2308 induisti;
276 2281 303 2302 tu
320 2277 391 2302 solus
408 2284 420 2302 e
436 2285 533 2312 genere
550 2277 746 2311 sapientissimo
761 2279 868 2312 sapien-

77 2323 113 2348 tia
128 2330 220 2354 cares;
233 2323 289 2356 iam
305 2330 356 2349 non
371 2331 397 2349 es
413 2322 508 2357 dignus
524 2323 642 2354 nomine,
658 2331 771 2358 genere;
785 2332 867 2350 mores

78 2367 116 2392 tui
136 2367 272 2402 displicent
296 2367 356 2394 licet
379 2369 497 2402 gratioso
523 2375 565 2394 eos
588 2369 693 2394 nomine
714 2369 867 2395 circumdes.

76 2411 176 2439 Rursus
194 2414 293 2444 carnis.
312 2421 403 2440 rursus
422 2413 535 2440 lebetum
556 2414 708 2445 meministi,
729 2422 759 2440 ac
775 2415 870 2441 intem-

77 2459 158 2493 periei
177 2459 263 2493 qualis
280 2459 425 2486 Persarum
449 2468 503 2486 esse
524 2461 604 2493 solet,
625 2465 648 2487 et
670 2460 761 2488 relicto
781 2462 868 2494 patrio

77 2504 131 2531 solo
149 2507 182 2531 ad
200 2505 284 2532 hostes
301 2506 417 2540 aufugis.
437 2507 477 2533 Ad
496 2507 560 2542 quid
580 2507 661 2542 igitur
679 2512 765 2534 mater
781 2513 806 2534 te
821 2516 867 2542 pe-

78 2551 152 2585 perit,
171 2555 247 2586 pater
260 2551 394 2586 generavit
406 2551 418 2577 ?

94 2594 98 2602 ’
114 2597 147 2624 Te
156 2606 256 2633 quoque
268 2606 395 2634 magnum
407 2599 464 2626 cceli
473 2599 562 2634 polum
576 2599 700 2630 obtestor,
713 2603 812 2627 terram
824 2601 866 2627 in-

79 2645 176 2671 cultam
193 2645 391 2680 habitatamque
399 2666 406 2678 ,
416 2645 507 2681 ampla
518 2647 587 2673 aeris
600 2646 704 2681 spatia.
712 2648 794 2673 maris
803 2655 851 2681 pro
859 2661 866 2666 -

79 2691 160 2726 funda
171 2696 247 2726 atque
258 2691 326 2727 ignis
337 2692 465 2719 elementa
473 2712 482 2725 ,
502 2693 599 2719 vimitne
613 2693 747 2727 quondam
757 2701 803 2719 rea;
812 2693 865 2728 qui,

79 2736 195 2764 omnibus
207 2737 325 2772 diffluens
337 2738 448 2772 deliciis,
461 2746 552 2765 omnes
565 2747 612 2774 pro
626 2737 726 2766 civibus
738 2739 792 2765 suis
805 2747 867 2765 con-

912 1636 1025 1669 tempsit,
1041 1644 1089 1670 pro
1105 1636 1180 1672 vulgo
1199 1638 1300 1668 esuriit,
1316 1637 1442 1666 imbricus
1460 1644 1551 1674 sponte
1569 1643 1702 1676 expositus

911 1685 935 1708 et
953 1681 1065 1714 nivibus,
1081 1682 1213 1716 procellis,
1231 1687 1256 1710 et
1273 1684 1318 1718 qui
1334 1684 1453 1711 omnibus
1470 1688 1596 1713 wrumnis
1612 1694 1701 1721 pectus

912 1726 979 1761 forte
992 1727 1135 1761 opposuit?
1148 1726 1203 1754 Cur
1217 1736 1267 1754 non
1282 1729 1398 1763 ﬂammis
1414 1732 1575 1758 consumar?
1589 1740 1635 1759 cur
1649 1741 1700 1761 non

913 1773 974 1807 feris
992 1773 1122 1808 objicior?
1139 1783 1186 1800 cur
1206 1783 1259 1801 non
1275 1776 1453 1810 procellarum
1470 1779 1573 1805 turbine
1590 1780 1702 1807 circum—

912 1818 999 1851 ayor?
1011 1827 1058 1845 cur
1072 1827 1123 1846 non
1139 1821 1272 1849 undarum
1288 1824 1382 1856 abysso
1396 1823 1553 1859 dcmergor?
1568 1834 1614 1852 cur
1629 1832 1702 1854 terra

913 1866 1044 1892 dehiscens
1060 1875 1112 1893 non
1129 1875 1169 1893 me
1183 1868 1313 1895 devorat?

947 1910 1002 1938 Rex
1022 1920 1070 1946 pro
1090 1919 1130 1938 me
1150 1921 1223 1939 servo
1244 1915 1344 1947 csuriit,
1367 1923 1412 1950 ego
1434 1921 1522 1953 autem
1541 1920 1703 1953 saginabar;

914 1956 976 1983 alsit
994 1965 1049 1990 rex,
1065 1966 1111 1993 ego
1125 1959 1214 1985 calore
1227 1959 1420 1995 perfundebar;
1433 1962 1480 1988 sub
1494 1963 1552 1989 divo
1566 1965 1629 1991 vixit
1645 1973 1702 1998 rex,

913 2011 959 2039 ego
983 2004 1031 2030 sub
1056 2005 1138 2031 tectis.
1151 2005 1298 2033 Comnenus
1311 2006 1386 2041 fortis
1397 2027 1405 2040 ,
1415 2008 1454 2034 vir
1467 2013 1567 2042 tantas,
1579 2012 1704 2038 aerumnis

914 2049 1092 2085 premebdtur,
1108 2050 1270 2079 I’rodromus
1285 2058 1371 2080 autem
1387 2054 1468 2081 miser
1479 2060 1503 2082 et
1517 2056 1622 2083 humilis
1637 2057 1705 2085 deli-

915 2096 961 2121 ciis
978 2095 1120 2130 diffluebat.
1137 2096 1199 2128 Quis
1217 2098 1310 2125 horum
1327 2099 1465 2126 virtutibus
1488 2102 1608 2128 ornatior
1623 2102 1706 2137 rege?

915 2141 1029 2172 Audisti,
1041 2145 1111 2167 uetus
1123 2141 1253 2177 Babylon.
1263 2143 1385 2171 Persidos
1395 2145 1558 2179 infortunia;
1569 2155 1621 2173 non
1631 2148 1707 2182 igno-

916 2195 960 2213 ras
975 2195 1033 2222 qua:
1048 2186 1197 2215 Comnenus
1212 2190 1357 2223 imperator
1371 2191 1444 2217 mala
1460 2192 1483 2218 ei
1497 2191 1626 2219 intulerit.
1643 2193 1704 2222 Jam

917 2238 1003 2260 mente
1020 2238 1168 2268 prostratus
1186 2239 1211 2260 et
1227 2235 1328 2262 timoris
1344 2235 1437 2270 plenus
1453 2238 1605 2270 seruitutem
1621 2239 1704 2270 subis.

916 2279 1011 2306 collum
1030 2287 1140 2312 curvas,
1163 2284 1187 2306 te
1206 2287 1309 2307 seruum
1328 2281 1461 2315 profiteris
1481 2287 1506 2309 et
1526 2291 1599 2311 nam
1616 2284 1705 2312 Romae

916 2325 1056 2360 uectigalia
1074 2327 1176 2361 pendis.
1194 2326 1269 2354 Servi
1288 2328 1369 2362 igitur
1385 2333 1409 2355 et
1425 2328 1480 2355 cole
1497 2337 1529 2355 ne
1550 2330 1646 2357 Persice
1665 2331 1708 2364 fa-

917 2377 973 2399 tum
991 2376 1015 2398 te
1031 2373 1136 2407 perdat.
1154 2372 1211 2400 Tibi
1227 2377 1332 2405 autem.
1350 2375 1505 2409 imperator,
1523 2375 1594 2403 Deus
1611 2381 1707 2405 multos

918 2419 995 2445 donet
1011 2427 1094 2445 annos
1110 2420 1176 2445 sicut
1191 2419 1247 2446 coeli
1261 2419 1360 2447 sa'cula
1375 2425 1398 2447 et
1411 2421 1474 2448 solis
1489 2421 1585 2456 cyclos.

921 2464 966 2491 ΠΙ.
979 2480 1012 2484 —-
1025 2465 1154 2500 Ejusdem
1171 2465 1199 2492 in
1216 2466 1328 2500 nuptias
1346 2467 1433 2501 regias
1447 2475 1524 2502 psean
1540 2467 1637 2502 δήμοις
1655 2469 1705 2502 (1).

958 2509 1071 2536 Exsulta
1087 2518 1179 2538 rursus
1189 2531 1196 2544 ,
1213 2511 1369 2546 Byzantium
1379 2520 1388 2544 ;
1398 2512 1488 2546 jubila
1498 2533 1505 2542 .
1522 2521 1589 2540 noua
1602 2513 1707 2546 Roma;

921 2564 1032 2582 convoca
1054 2558 1220 2589 concionem,
1243 2557 1350 2593 appella
1370 2564 1509 2592 senatum;
1528 2567 1620 2586 rursus
1639 2568 1708 2588 orna

920 2601 1003 2628 cubile
1017 2604 1116 2637 regium
1125 2603 1134 2629 Ι
1516 2598 1532 2620 '

956 2647 1028 2680 Quas
1057 2649 1161 2675 tandem
1181 2649 1226 2675 tibi
1244 2649 1304 2677 urbs
1320 2651 1421 2685 gratias
1439 2650 1553 2685 referet?
1568 2651 1619 2678 Cui
1635 2651 1708 2680 dotes

921 2698 980 2721 tuas
996 2695 1022 2721 in
1037 2697 1174 2729 praemium
1189 2696 1369 2731 dispensabit?
1384 2695 1462 2724 Foris
1476 2697 1580 2732 quidem
1592 2698 1707 2726 hostium

921 2740 1003 2768 tribus
1022 2742 1049 2768 in
1067 2743 1216 2769 servitutem
1233 2743 1344 2778 redigis;
1359 2743 1430 2770 domi
1446 2744 1550 2778 nuptias
1569 2744 1710 2779 panegyri-

114 2827 151 2862 (I)
168 2827 204 2856 De
222 2829 302 2864 hujus
331 2829 405 2857 vocis
437 2836 520 2856 sensu
556 2829 617 2856 victu
651 2837 734 2865 supra
759 2829 812 2858 col.
840 2829 919 2856 1078.
