1935 3085
226 96 293 129 1351

224 154 280 180 Καὶ
292 153 345 180 τίνι
359 161 406 180 σου
421 153 475 180 τῶν
487 151 596 188 ἀγαθῶν
609 151 803 188 εὐχαριστήσει
822 152 951 187 πρῶτονά

224 199 388 235 Ἀποδημῶν
403 200 586 234 δουλαγωγεῖς
598 200 633 225 τὰ
646 199 718 234 φύλα
731 199 785 225 τῶν
803 198 960 234 βαρϐάρων,

223 243 381 280 Ἐπιδημῶν
394 245 591 279 νυμφοστολεῖς
607 245 654 271 καὶ
670 244 840 280 πανηγύρεις
853 244 977 275 πλέκεις,

223 290 319 324 Χαρᾶς
335 291 421 326 χαρὰν
438 291 560 326 διάδοχον
576 291 619 317 ἀεί
633 299 698 317 ποτε
718 290 872 326 βραϐεύων.

224 336 290 367 Θεός
309 345 350 362 σοι
364 335 412 371 τὴν
424 337 595 372 ἀνταμοιϐὴν
613 338 661 364 καὶ
676 337 756 371 μόνος
773 335 926 362 ἀντιδώσει.

224 383 312 418 Χαῖρέ
326 391 383 417 μοι,
399 386 492 418 νύμφη
505 383 648 418 τηλαυγὴς
667 383 715 410 καὶ
728 381 941 417 βασιλικωτάτη,

223 428 272 454 Ἐκ
285 428 426 462 τριγονίας
440 428 563 463 φέρουσα
576 428 605 454 τὸ
622 428 777 462 πάνσεμνον
793 426 841 453 τοῦ
859 427 967 460 γένους,

224 474 382 508 Περιφανὴς
395 474 465 500 κατὰ
479 474 579 509 ψυχὴν,
591 473 757 509 περικαλλὴς
769 473 799 499 τὸ
813 473 903 508 σῶμα,

229 520 321 554 Ὠραῖε
341 519 420 546 κλὰδε
434 521 481 546 καὶ
498 521 566 546 καλὲ
583 520 669 554 καλῆς
686 518 872 546 καλλιελαίου.

229 565 275 597 Ὧς
288 565 401 601 ἄριστον
419 567 448 593 ἐν
468 567 569 593 ἆπασιν
588 565 702 601 ἡρμόσω
713 565 759 591 τὸν
770 564 898 599 νυμφίον,

224 612 304 643 Νέον,
320 612 433 647 ὡραῖον,
451 612 561 647 εὐγενῆ,
583 612 698 646 γεννάδα
715 610 902 646 στρατιώτην,

222 659 349 694 Χρηστὺν
363 659 397 685 τὰ
412 659 499 685 πάντα
514 659 562 684 καὶ
578 658 661 685 καλὸν
681 657 729 685 καὶ
744 658 862 693 κατερυθ
869 658 1010 692 μισμένον·

228 705 272 736 Ὠς
285 705 406 740 χαίροιεν
423 705 447 731 οί
461 704 555 731 τοῦτόν
573 713 613 731 σοι
628 705 926 740 νενυμφαγωγηκότες·

221 751 276 778 Καὶ
293 751 328 777 τὰ
345 751 394 783 μὲν
409 751 443 776 σὰ
457 750 593 785 περιφανῆ
608 750 789 785 τυγχάνουσι,
808 751 921 784 νυμφίε·

227 795 256 820 Ὀ
269 795 297 821 δὲ
311 795 437 830 νυμφὼν,
454 796 470 829 ἡ
484 795 512 820 δὲ
528 794 646 828 παστὰς,
661 796 677 830 ἠ
694 795 722 822 δὲ
741 795 929 830 νυμφαγωγία

221 840 376 867 Ἐδίσσευσέ
390 849 431 866 σοι
445 841 475 867 τὸ
485 841 577 874 καλὸν,
593 841 769 868 ὲδιπὶιασίασέ
784 849 836 868 σοι·

221 887 301 922 Αὐτῷ
320 887 374 922 γὰρ
387 887 425 922 τῷ
441 887 608 922 Κομνηνικῷ
625 887 856 923 συνειρηρμόσθης
873 889 957 923 γένει,

221 933 277 960 Καὶ
293 934 472 969 λαμπροτάτη
490 935 618 960 κοινωνὸν
633 934 792 969 ηὑτύχησας
805 935 853 961 τοῦ
871 935 941 969 βίου,

220 980 283 1010 Τοῖς
296 981 380 1006 πᾶσιν
392 981 595 1015 ἁπαράμιλλον,
615 981 710 1006 πασῶν
724 981 843 1015 χαρίτων
860 979 936 1007 οἷκον

220 1027 280 1053 Τὦν
298 1027 330 1053 ἐκ
341 1026 431 1062 ψυχῆς
445 1027 491 1053 καὶ
506 1026 634 1062 σώματος
658 1026 705 1052 καὶ
721 1026 775 1052 τῶν
788 1026 842 1053 ἀπὸ
856 1027 905 1061 τῆς
916 1026 1010 1062 τύχης⁵

222 1077 258 1102 Ἦ
273 1076 318 1102 καὶ.
334 1075 496 1111 συγχαίροις
511 1076 538 1107 ἐς
554 1075 659 1111 μακρὸν
675 1075 728 1106 ἕως
741 1075 858 1110 ἐσχάτου
875 1075 981 1110 γήρως.
999 1072 1006 1078 ’

255 1124 363 1158 Κόσμει
376 1123 424 1149 καὶ
442 1123 474 1149 σὺ
491 1122 540 1157 τὴν
557 1123 655 1157 ἑορτὴν
670 1123 724 1148 τῶν
742 1121 989 1157 πασταδοπηγίων,

219 1170 276 1197 Καὶ
289 1170 335 1196 τὸν
352 1170 400 1204 τῆς
416 1169 615 1203 ἀδελφόπαιδος
634 1168 846 1203 συντελετάρχει
865 1168 966 1203 γάμον,

221 1216 306 1248 ’Δναξ
323 1215 353 1247 ἐξ
371 1214 583 1249 αὐτοκράτορος.
599 1214 656 1247 φῶς
672 1213 701 1245 ἐξ
713 1213 789 1247 ἡλίου
804 1213 889 1248 μέγα,

219 1262 278 1289 Τῶν
294 1262 344 1297 μὲν
361 1261 462 1288 λοιπῶν
485 1260 723 1296 προφρυκῖωρῶν,
741 1260 780 1294 τῷ
795 1259 824 1286 δὲ
847 1260 932 1295 πατρὶ
949 1259 1011 1286 συλ-

815 1296 956 1342 [λάμπων-

219 1349 257 1380 Οἵι
272 1353 319 1380 καὶ
333 1352 418 1388 μιμοῦ
434 1353 483 1384 τέις
496 1352 596 1387 ἀρετὰς
609 1353 656 1379 καὶ
671 1351 757 1386 ζήλου
770 1352 833 1384 τοὺς
846 1352 956 1386 ἀγῶνας
966 1372 974 1384 ,

218 1400 273 1426 Καὶ
283 1400 345 1430 τοὺς
354 1399 486 1434 ἁτρύτους
499 1400 546 1425 καὶ
558 1399 656 1430 καλοὺς
670 1399 739 1433 ὑπὲρ
750 1398 879 1424 Αὐσόνων
899 1399 1008 1426 πόνους.

219 1447 274 1474 Καὶ
288 1447 320 1473 σὺ
338 1446 578 1481 συνεπιλάμπρυνε
592 1446 654 1477 τοὺς
670 1445 822 1476 ἐνεστῶτος
837 1445 954 1480 γάμους,

218 1494 328 1529 Χρυσέα
343 1493 474 1529 τρίπλοκε
491 1493 572 1528 σειρὰ
585 1493 639 1519 τῶν
660 1492 935 1527 σεὸαστοκρατόρων,

225 1539 253 1566 ’0
271 1539 410 1574 βέλτιστος
428 1539 610 1574 Ἀνδρόνικος,
627 1539 644 1573 ἡ
663 1538 762 1573 συνετὴ
779 1537 888 1573 καρδία,

222 1585 253 1611 '0
267 1585 337 1615 θεῖος
362 1584 508 1616 Ίσαάκιος,
528 1584 559 1610 τὸ
578 1584 634 1611 τῶν
652 1583 754 1619 ἡλίκων
773 1583 865 1617 ἄνθος,

218 1632 272 1656 Καὶ
290 1631 420 1665 Μάνουὴλ
432 1631 445 1656 ὁ
463 1629 631 1664 θαυμαστὸς,
648 1630 663 1664 ἡ
679 1630 788 1665 ζηλωτὴ
801 1629 909 1666 νεότης,

217 1677 339 1708 Ἀκτῖνες
348 1677 421 1711 τρεῖς
433 1675 480 1702 τοῦ
496 1676 628 1711 κραταιοῦ
640 1677 855 1712 Κομνηναυγοῦς
865 1677 1006 1707 δεσπότου.

217 1770 258 1792 sla
272 1764 398 1791 celebras.
414 1763 450 1790 Tu
463 1763 589 1798 gaudium
601 1771 633 1790 ex
645 1763 742 1798 gaudio
754 1771 856 1799 semper
868 1772 1009 1798 proceaere

217 1811 292 1845 facis.
307 1810 375 1836 Deus
388 1809 459 1836 solus
472 1809 617 1835 mercedem
631 1809 676 1835 tibi
687 1809 773 1836 dabit.
787 1809 879 1841 Salve,
893 1811 1008 1845 nympha

216 1857 367 1892 splendida,
382 1857 465 1891 regia,
480 1863 493 1882 e
510 1855 607 1890 triplici
624 1856 707 1890 stirpe
726 1860 801 1888 nata,
818 1864 877 1891 qum
895 1857 1009 1884 honor-as

216 1911 297 1938 genus
317 1908 407 1934 tuum;
425 1900 528 1927 excelsa
546 1901 633 1935 quoad
649 1901 778 1932 animam,
797 1900 901 1936 egregia
920 1901 1008 1935 quoad

216 1957 325 1983 corpus;
337 1953 367 1974 tu
383 1955 473 1974 ramus
489 1945 632 1981 prwclarus
648 1946 750 1972 arboris
766 1946 821 1973 oleo
838 1945 1007 1973 abundantis.

217 1995 350 2030 Sponsum
363 1993 532 2028 magniﬁcum
543 1992 682 2023 ordinasti,
696 1991 898 2023 adolescentem,
912 1992 1010 2026 formo-

216 2048 286 2071 sum,
311 2039 435 2070 nobilem,
458 2046 613 2072 generosum
636 2037 756 2069 militem,
781 2037 815 2064 ad
837 2039 927 2065 omnia
952 2039 1009 2064 ido-

216 2094 308 2115 neum,
325 2084 457 2111 eruditum
471 2085 499 2110 in
513 2084 642 2118 majorem
659 2084 778 2116 modum,
794 2092 845 2119 quo
860 2092 948 2111 omnes
964 2085 1011 2111 ad-

217 2132 359 2158 miratione
373 2131 473 2166 perfusi
489 2135 567 2163 sunt;
581 2136 652 2157 certo
668 2138 708 2157 res
724 2135 775 2157 tua:
786 2151 792 2162 ,
807 2139 901 2165 sponse
911 2151 918 2163 ,
935 2139 1010 2166 egre-

216 2181 257 2214 gie
279 2186 306 2205 se
327 2178 424 2204 habent
444 2185 453 2204 :
474 2177 567 2209 cubile,
589 2176 669 2203 lectus
690 2176 816 2211 nuptialis
837 2176 900 2203 bina
921 2181 982 2203 sunt
999 2183 1008 2202 :

216 2224 265 2259 ipsi
292 2223 484 2251 Comnenorum
514 2221 623 2256 familia:
650 2221 784 2256 adscripta
814 2220 1006 2248 nabilissimum

216 2270 380 2296 matrimonii
398 2273 545 2295 consortem
565 2273 643 2294 nacta
661 2275 702 2299 es,
721 2267 840 2294 omnium
857 2269 1007 2302 gratiarum

216 2317 322 2351 plenam
339 2316 395 2342 sine
409 2314 528 2349 exemplo
544 2314 666 2344 domum,
682 2314 703 2340 si
719 2318 850 2346 mentem,
867 2322 961 2349 corpus
977 2323 1008 2340 ac

217 2363 351 2396 fortunam
363 2365 474 2395 spectes,
486 2359 577 2395 quibus
590 2359 709 2386 omnibus
722 2359 756 2386 ad
769 2363 914 2386 extremam
927 2368 1008 2394 usque

216 2411 321 2433 a'tatem
336 2405 502 2441 perfruaris!

253 2453 363 2479 Exorna
375 2457 403 2478 tu
415 2459 519 2487 quaque
530 2451 625 2486 festum
640 2450 758 2485 nuptiale
769 2455 792 2478 et
805 2452 889 2486 neptis
900 2453 1007 2486 nuptias

216 2499 327 2531 celebra,
352 2507 400 2525 rex
423 2502 551 2534 prognate
574 2499 657 2532 stirpe
681 2498 754 2533 regia
769 2517 776 2529 ,
804 2497 892 2524 lumen
916 2506 929 2523 e
952 2498 1006 2524 sole

216 2554 353 2580 magnum,
376 2550 471 2572 uetera
495 2545 660 2580 praesignans
684 2544 797 2576 lumina,
821 2549 846 2571 et
871 2553 924 2571 una
948 2553 1007 2571 cum

217 2597 292 2627 patre
306 2581 409 2618 lucens?
421 2591 507 2626 Hujus
524 2595 552 2618 tu
568 2587 677 2618 virtutes
688 2611 695 2623 ,
711 2591 788 2625 hujus
803 2591 909 2617 imitare
923 2595 1009 2617 certa-

217 2639 290 2666 mina
309 2643 333 2664 et
350 2638 491 2665 indomitos
507 2642 531 2664 et
546 2637 690 2670 pmclaros
705 2646 753 2673 pro
768 2638 916 2665 Ausonibus
935 2637 1009 2664 labo-

216 2693 268 2711 res.
283 2684 366 2711 Porro
381 2685 532 2719 nuptiarum
547 2685 667 2718 proxime
681 2685 832 2719 futurarum
844 2684 1007 2719 splendorem

217 2737 295 2762 auge,
316 2733 411 2756 catena
434 2729 530 2764 tripch
551 2730 740 2764 Augustorum,
764 2729 879 2764 optimus
901 2728 1007 2764 quidem

217 2774 382 2801 Andronicus
402 2774 469 2801 clari
487 2775 602 2809 ingenii;
623 2774 726 2800 divinus
747 2773 879 2805 lsaacins,
899 2775 946 2809 ﬂos
968 2775 1009 2807 ju-

218 2820 342 2851 veritntis,
365 2825 389 2846 et
415 2820 534 2850 Manuel.
561 2820 602 2846 vir
626 2820 766 2853 mirabilis,
789 2821 895 2856 florenti
919 2824 1008 2854 aztate,

221 2872 274 2896 gres
287 2866 354 2892 radii
370 2871 488 2901 augustw
501 2866 694 2895 Comnenorum
709 2867 828 2902 familia'.

850 93 1047 125 J‘HEODOBI
1064 94 1267 126 PRODROMI
1808 94 1836 126 1ῗ

1019 1173 1034 1183 ς

1025 155 1049 182 Α
1099 152 1155 178 Καὶ
1170 152 1213 184 τίς
1225 153 1265 180 ἂν·
1275 153 1318 188 εἴη
1333 144 1428 190 τελετῆ
1440 154 1492 190 τῆς
1506 155 1662 190 ἐνεστώσης
1681 154 1816 190 μείζων,

1066 195 1119 230 Ἧς
1135 199 1298 236 προεξάρχει
1315 200 1442 234 βασιλεὺς
1456 202 1580 233 τοιοῦτος
1592 201 1784 236 τηλικοῦτος,

1065 244 1240 278 Λαμπρύνων
1251 244 1281 271 τδ
1298 245 1417 280 διάδημα
1428 247 1468 280 τῷ
1481 247 1576 274 κάλλει
1594 248 1649 274 τῶν
1662 246 1841 281 τροπαίων,

1066 290 1120 316 Καὶ
1133 292 1191 322 τοῖς
1207 291 1433 327 ἀνδραγαθήμασι
1444 293 1474 319 τὺ
1491 294 1589 329 στέφος
1606 294 1795 327 ἀντιπέφων
1808 301 1819 325 ;

1065 335 1179 367 Πάντως
1193 335 1226 362 ἃν
1245 336 1314 372 αὕτη
1329 338 1435 371 γένοιτο
1448 338 1502 365 τῶν
1519 339 1622 374 ἑορτῶν
1639 340 1655 374 ἡ
1675 338 1799 373 πρώτη,

1065 381 1119 407 Καὶ
1136 382 1318 418 πανηγύρεων
1333 383 1428 410 πασῶν
1443 385 1459 418 ή
1478 386 1699 420 κορυφαιοτάτη·

1065 428 1197 459 Αὺξάνου,
1209 429 1347 464 σκῆπτρον
1364 431 1526 466 Κομνηνῶν,
1536 431 1664 467 εὑρύνου,
1675 431 1758 457 θεῖον
1777 432 1876 464 γένος,

1064 473 1145 505 Γένος
1157 474 1288 508 χρυσοῦν,
1307 476 1436 510 ἡρωϊκὸν,
1449 476 1589 512 βασιλικὸν
1607 478 1656 503 καὶ
1676 478 1759 511 μέγα
1772 486 1780 493 ·

1067 519 1122 545 Καὶ
1136 519 1190 545 τῶν
1202 519 1291 553 γενῶν
1309 521 1474 556 μιγνύμενον
1490 524 1546 553 τοῖς
1562 523 1808 557 ὲπιφανεστὲροις

1071 565 1120 592 Ἐκ
1150 565 1252 592 τέκνων
1277 567 1360 594 τέκνα
1387 568 1538 602 βλάστανε,
1566 570 1667 601 παῖδας
1693 571 1727 595 ὲκ
1759 570 1870 596 mth

1707 615 1826 652 [γέννα,

1066 658 1182 692 Κοινοῦς
1210 660 1370 696 προμάχους
1398 660 1540 694 εὐσεϐῶν,
1564 661 1674 693 κοινοὺς
1705 662 1869 696 προδήλους

1671 707 1827 744 [Ῥώμης.

1065 752 1120 778 Καὶ
1132 751 1293 786 συμπλήρου
1303 752 1394 778 πᾶσαν
1404 752 1453 786 τὴν
1470 753 1521 786 γῆν
1534 753 1591 784 τοῖς
1606 753 1789 787 τιθηνήμασί
1807 762 1865 782 σω,

1111 807 1148 833 Δ’.
1168 807 1222 834 Τοῦ
1240 807 1334 834 αὑτοῦ
1356 809 1398 839 εὶς
1415 807 1517 840 ἕτερον
1530 809 1627 842 γάμον
1636 809 1818 840 ,ϐασιλικὸν

1310 843 1405 869 παιὰν
1417 843 1479 876 τοῖς
1493 843 1611 877 δήμοις.

1064 888 1118 914 Καὶ
1134 888 1216 914 πάλιν
1233 888 1282 923 μὲν
1302 888 1445 923 ἐπιδημῶν
1465 890 1532 924 ἡμῖν
1546 890 1599 915 ἀπὸ
1613 890 1664 924 τῆς
1680 890 1784 925 μάχης

1066 934 1150 966 Ἀναξ
1167 935 1437 970 πορφυροϐλάστητε,
1456 936 1623 971 σκηπτοῦχε,
1643 937 1832 972 τροπαιοῦχε,

1063 981 1171 1015 Γάμους
1184 980 1357 1015 ὲνύμφευσας
1372 981 1516 1016 λαμπροὺς
1529 983 1577 1008 καὶ
1595 983 1843 1016 βασιλικωτάτους
1855 992 1861 999 ·

1063 1027 1118 1053 Καὶ
1133 1026 1180 1054 νῦν
1194 1027 1262 1061 πρὸς
1279 1027 1370 1062 μάχην
1386 1028 1514 1063 ἐκδημῶν
1539 1028 1589 1063 τὴν
1613 1029 1687 1055 κατὰ
1713 1029 1770 1064 τῆς
1790 1030 1861 1064 Περ-

1721 1074 1813 1111 [σίδος

1063 1119 1154 1155 Γάμον
1165 1119 1315 1155 νυμφεύεις
1330 1120 1498 1156 θαυμαστὸν,
1516 1120 1622 1156 χρυσῆν
1637 1122 1775 1149 παστάδα
1794 1122 1860 1149 πλι-

1719 1164 1809 1201 [κεις.

1062 1212 1241 1244 Παντοδαπὰς
1256 1213 1306 1244 τὰς
1321 1212 1438 1248 χάριτας
1452 1212 1595 1248 βραϐεύων
1611 1213 1670 1244 τοῖς
1684 1212 1829 1244 οἰκέταις.

1065 1260 1097 1284 ’Ὼ
1115 1259 1250 1294 βασιλέως
1264 1258 1387 1293 νικητοῦ,
1404 1259 1529 1294 χαρίτων
1540 1258 1692 1294 ἀμυθήτων
1705 1259 1712 1285 !

1062 1305 1148 1332 Πάλιν
1166 1306 1291 1333 ἀνάκτων
1307 1304 1400 1340 ἑορτὴ,
1418 1304 1498 1332 πάλιν
1515 1305 1640 1331 ἀνάκτων
1658 1306 1764 1339 γάμοι,

1063 1351 1117 1377 Καὶ
1136 1351 1216 1377 πάλιν
1228 1350 1336 1382 τούτοις
1356 1350 1482 1385 δᾳδουχεῖ
1503 1349 1626 1384 φαιδρῶς
1647 1351 1698 1376 καὶ
1717 1350 1860 1384 περιλάμ-

1746 1395 1808 1432 [πει

1067 1443 1097 1469 Ὀ
1111 1442 1164 1469 τῶν
1179 1442 1305 1468 Αὐσόνων
1319 1442 1405 1476 ἥλιος,
1423 1443 1436 1469 ὁ
1452 1443 1582 1478 κοσμικδς
1598 1442 1733 1478 δᾳδοῦχος
1745 1463 1754 1476 ,

1022 1505 1043 1533 C
1067 1489 1097 1516 ’0
1113 1489 1237 1524 νικητὴς,
1253 1489 1266 1514 ὁ
1282 1488 1435 1523 Κομνηνὸς,
1450 1488 1584 1524 δεσπότης
1604 1488 1750 1524 Ἰωάννης,

1062 1535 1163 1569 Αίγλας
1179 1535 1364 1570 προπέμπων,
1378 1534 1484 1569 ἀρετῶν
1501 1533 1600 1568 αἴγλας
1614 1535 1843 1568 ὰριστευμὰτων,

1062 1582 1190 1613 Ποικίλας
1205 1582 1252 1608 καὶ
1267 1580 1443 1612 παντοδαπὰς
1458 1580 1578 1616 χαρίτων
1592 1581 1791 1615 φρυκτωρίας.

1097 1628 1143 1663 Μὴ
1158 1627 1250 1663 δύνῃς,
1264 1626 1375 1662 Ῥώμης
1389 1626 1460 1661 ἥλιε,
1480 1626 1517 1662 μὴ
1531 1626 1612 1662 δύνῃς
1629 1627 1669 1658 εἰς
1684 1627 1806 1658 αἰῶνας.

1059 1675 1092 1700 Ὢ
1106 1674 1198 1706 πόσοις
1214 1673 1337 1709 τρόποις,
1358 1673 1479 1708 βασιλεῦ,
1498 1673 1653 1708 εὐεργετεῖς
1668 1674 1717 1700 τὸν
1742 1675 1856 1706 κόσμον,

1097 1762 1161 1794 Quae
1174 1763 1331 1789 cterernonia
1345 1762 1488 1789 solemnior
1500 1770 1580 1797 quam
1594 1770 1625 1789 ea
1641 1771 1727 1797 quam
1741 1764 1855 1798 impera‘

1060 1812 1102 1835 tor
1121 1812 1247 1843 augustas
1269 1808 1392 1835 initiatur
1411 1807 1568 1834 diadematis
1588 1807 1786 1842 pulchritudini
1805 1813 1856 1834 tro-

1060 1862 1178 1889 pa-orum
1197 1853 1295 1880 addens
1315 1852 1492 1888 splendorem,
1511 1853 1613 1887 fortiter
1630 1852 1709 1887 factis
1732 1861 1853 1880 coronam

1059 1903 1110 1929 sibi
1125 1903 1162 1929 ita
1179 1901 1355 1937 praeripiens?

1097 1948 1144 1975 Hic
1158 1949 1226 1974 inter
1240 1948 1294 1974 dies
1308 1947 1384 1982 festos
1399 1947 1498 1982 primus
1514 1946 1610 1973 luceat.
1631 1945 1783 1981 Magnifica
1805 1956 1854 1974 ιιι-

1061 1999 1148 2030 ptrum
1163 1994 1256 2021 domus
1268 1994 1420 2026 Camnena‘,
1433 1992 1567 2029 ampliﬁca
1581 1992 1714 2027 familiam
1727 1994 1854 2025 divinam,

1061 2050 1143 2077 genus
1161 2049 1281 2070 aureum.
1301 2040 1445 2072 heroicum,
1464 2039 1562 2075 regale,
1582 2039 1700 2065 omnium
1723 2040 1854 2074 primum;

1061 2096 1075 2114 e
1093 2094 1220 2123 generum
1237 2087 1426 2112 associatorum
1444 2086 1573 2112 connubio
1590 2085 1649 2111 sinu
1669 2086 1807 2120 producas
1826 2095 1854 2112 ιι

1062 2133 1135 2167 prole
1149 2132 1276 2164 sobolem,
1293 2140 1324 2158 ea:
1338 2131 1401 2166 ﬁliis
1418 2132 1496 2166 ﬁlios,
1514 2139 1602 2158 omnes
1619 2132 1725 2166 piorum
1745 2136 1851 2161 tutam.

1026 2180 1047 2206 D
1062 2186 1209 2206 communes
1229 2178 1319 2205 Roma:
1338 2181 1559 2213 propugnatores,
1580 2181 1604 2204 et
1625 2185 1732 2204 omnem
1756 2183 1851 2205 terram

1062 2224 1135 2259 prole
1149 2229 1194 2250 tua
1210 2223 1291 2259 reple.

1160 2281 1205 2309 IV.
1221 2281 1349 2316 Ejusdem
1366 2282 1393 2308 in
1423 2282 1524 2309 alteras
1542 2282 1652 2316 nuptias
1671 2289 1752 2316 pman

1356 2316 1418 2350 τοῖς
1438 2318 1554 2351 δήμοις.

1094 2363 1136 2390 Ea:
1159 2364 1251 2399 prtzlio
1276 2364 1311 2391 ad
1332 2372 1378 2390 nos
1397 2371 1528 2395 reversus,
1545 2364 1691 2398 imperator
1710 2363 1851 2398 porphyre-

1059 2411 1156 2445 genitc,
1180 2410 1376 2442 sceptritenens,
1404 2409 1497 2442 victor,
1521 2410 1627 2443 nuptias
1650 2408 1806 2443 splendidas
1829 2415 1850 2435 ιι

1058 2464 1117 2483 vere
1131 2456 1232 2492 regales
1251 2456 1405 2487 celebrasti;
1426 2464 1496 2481 nunc
1518 2463 1577 2482 vero
1593 2454 1680 2481 Persis
1696 2455 1796 2481 bellum
1815 2457 1849 2482 in-

1058 2501 1144 2536 ferens
1171 2501 1276 2536 nuptias
1298 2501 1362 2534 facis
1385 2501 1514 2535 egregias,
1540 2508 1650 2527 aureum
1679 2501 1766 2527 cubile
1790 2510 1847 2527 eon-

1059 2551 1174 2579 struens,
1187 2552 1210 2573 et
1224 2555 1311 2573 servos
1328 2546 1496 2573 liberalitatis
1513 2551 1566 2572 tute
1573 2546 1726 2572 muneribus
1741 2555 1844 2573 ornans.

1059 2590 1081 2618 0
1099 2591 1233 2624 inﬁnitam
1257 2591 1424 2625 imperatoris
1449 2591 1553 2617 uictoris
1585 2591 1725 2626 gratiam!
1754 2591 1846 2618 Rursus

1059 2637 1155 2670 festum
1167 2636 1262 2671 regule,
1273 2637 1366 2663 iterum
1380 2637 1480 2672 regales
1493 2638 1602 2671 nuptirr,
1614 2645 1708 2663 rursus
1719 2639 1845 2664 Ausonum

1060 2682 1099 2709 sol
1126 2684 1209 2717 facem
1241 2683 1331 2710 latam
1352 2683 1458 2718 prwfert
1490 2691 1522 2709 ac
1541 2682 1677 2716 prn'lucet,
1701 2683 1744 2709 sol
1764 2692 1847 2718 nempe

1062 2729 1153 2756 mundi
1168 2729 1270 2761 lucifer,
1284 2729 1400 2756 Joannes
1412 2729 1560 2756 Comnenus
1576 2729 1699 2755 dominus
1717 2737 1748 2755 ac
1762 2731 1845 2761 victor,

1060 2776 1165 2802 virtutis
1181 2775 1319 2810 splendore
1345 2775 1432 2802 lucens
1455 2781 1478 2802 et
1502 2776 1603 2810 gratias
1621 2775 1779 2802 innumeras
1799 2775 1845 2802 dis-

1063 2820 1191 2847 tribuens.

1100 2868 1141 2896 Ne
1154 2869 1265 2903 occidas,
1279 2869 1368 2897 Romae
1383 2870 1432 2903 sol,
1448 2878 1478 2897 ne
1494 2870 1608 2897 intereas
1624 2869 1651 2896 in
1661 2869 1776 2897 saecula.
1787 2869 1846 2903 Quot
