1923 3079
167 133 235 166 1355

159 193 268 221 Παλινό
291 194 364 223 θεῖος
377 192 503 228 βασιλεὺς
516 193 529 217 ὁ
546 191 632 226 μέγας
647 190 824 225 μονοκράτωρ
835 210 842 223 ,

171 242 199 267 Ὀ
215 239 406 275 χαριτῶνυμος
426 238 540 273 βλαστὸς
553 237 603 271 τῆς
620 237 696 272 ἱερᾶς
710 236 864 271 πορφύρας,

160 287 196 313 Τὸ
207 287 300 321 θαῦμα
314 287 369 316 τοῖς
378 285 430 311 ἐπὸ
444 284 489 310 τὸν
505 283 630 318 οὐρανὸν,
651 283 667 318 ἡ
690 281 787 317 βρύοις
807 282 860 307 τῶν
889 289 951 316 τρο-

785 327 884 364 [παίων
889 347 896 358 ,

161 381 281 407 Ἔδωκεν
309 377 356 411 οὖς
372 380 429 410 τοῖς
444 378 545 413 στίχοις
559 385 606 404 σου
621 378 678 408 τοῖς
707 377 778 408 νέοις
792 377 839 402 καὶ
863 383 951 410 προσ-

774 421 883 457 [φάτοις
891 430 897 437 '

165 474 284 509 Ὑπέσχε
300 472 406 503 τούτοις
419 471 468 507 τὴν
483 471 584 506 ψυχὴν,
597 471 752 505 ὑπήκουσεν
769 469 909 504 ἀσμένως,

166 520 325 554 Ίῐγάπησεν
337 539 344 552 ,
361 517 480 553 ἐπῄνεσε
493 517 547 544 τῶν
560 517 660 551 στίχων
672 516 719 542 τὸν
732 515 862 551 ἐργάτην,

162 566 304 602 ᾬκτειρεν
316 564 353 595 ὡς
369 565 529 598 πενόμενον,
542 562 676 597 ὑπέσχετο
691 561 855 595 πλουτῆσαι,

160 611 266 646 Πόρους
285 610 407 645 πορῆσαί
422 617 463 636 σοι
479 609 551 642 ζωῆς
573 607 708 642 μεγάλους
727 608 776 633 καὶ
795 608 951 639 πλουσίους,

161 658 215 684 Καὶ
228 656 362 693 ῥύσασθαι
376 664 406 682 σε
417 656 464 690 τῆς
479 655 580 689 πικρᾶς
593 654 642 680 καὶ
656 653 777 688 χαλεπῆς
790 655 897 685 πενίας.

195 703 303 733 Ταύτας
316 702 446 734 ἀκούσας,
467 700 592 735 βασιλεῦ.
612 700 662 731 τὰς
679 700 830 735 μακαρίους
845 700 950 735 φήμας,

167 747 372 783 Ἐξηγαούνθην
384 747 433 780 τὴν
455 746 557 780 ψυχὴν,
571 744 734 780 ηὐφράνθην
749 745 799 780 τὴν
814 746 930 781 καρδίαν
943 753 950 760 ·

162 793 215 819 Καὶ
226 792 322 828 πρῶτα
340 792 389 827 μὲν
404 791 531 826 ηὐξάμην
548 799 589 817 σοι
603 791 691 817 κύκλα
704 791 819 826 μακρῶν
832 791 950 824 αἰώνων,

176 841 224 865 Οτι
240 837 386 869 τοσούτους
407 836 550 872 καρτερῶν
569 837 640 870 ὑπὲρ
654 837 782 863 Αὐσόνων
802 837 915 870 κόπους,

758 133 952 163 THEODORI
994 134 1195 164 PRODROMI

967 193 986 218 Ι)
1004 191 1058 217 Kal
1076 191 1232 218 συνθολοῦσι
1251 190 1300 225 τῆς
1314 190 1403 225 ψυχῆς
1419 189 1466 221 τὰς
1483 188 1638 223 γνωστικάς
1652 188 1817 222 δυνάμεις,

1727 130 1818 163 1τ56

1008 237 1102 271 Ἐχειν
1119 237 1231 264 ἐδόκουν
1247 238 1275 263 ἐν
1295 237 1387 272 χεροῖν
1398 235 1433 262 τὰ
1446 234 1709 269 κατεπηγγελμένα,

1007 283 1090 315 Πεζὺς
1102 283 1191 310 ἀνύων
1204 284 1254 319 τὴν
1265 283 1323 310 ὁδὸν
1334 283 1462 309 ἱππεύειν
1476 281 1659 315 προσεδόκων
1669 289 1676 296 ·

1005 328 1080 362 Τάχα
1092 329 1146 363 γὰρ
1161 328 1261 360 ἵππους
1276 329 1410 364 ταχυνοίδς
1432 327 1566 363 ηὑτύχουν
1593 327 1657 357 τοὺς
1678 326 1816 361 ἀνέμους

1005 373 1067 400 Τῶν
1081 375 1174 400 ἵππιον
1191 374 1244 400 τῶν
1271 373 1425 410 Ἀραϐικῶν
1443 372 1531 407 πολλῷ
1548 372 1777 406 πώωκεστέρους
1789 379 1799 387 ·

1006 416 1114 442 Χαλκοῦ
1129 416 1263 450 στατῆρος
1276 416 1389 452 ἀπορῶν
1403 415 1500 442 τούτου
1514 415 1561 442 τοῦ
1575 414 1747 449 φαυλοτάτου

1005 461 1082 492 Μνᾶς
1097 463 1162 494 ὅλας
1174 462 1367 498 ὑπελάμϐανον
1381 463 1541 497 ἑπευτυχεῖν
1553 461 1676 497 χρυσίου,

1012 508 1125 539 ὶούλους
1137 508 1252 536 ἐκάλουν
1265 508 1411 543 προελθεῖν
1425 507 1520 543 ὥσπερ
1535 506 1746 542 ⁴Ιγγοριισμὲνους
1757 513 1766 520 ·

1006 555 1061 580 Kal
1070 554 1157 588 τούτῳ
1175 555 1226 589 μὲν
1238 554 1390 590 ἐπέτρεπον
1404 554 1458 581 τῶν
1477 554 1569 580 ἵππων
1591 553 1640 588 τὴν
1657 552 1811 587 φροντίδα,

1012 602 1124 636 Ἑκείνῳ
1138 602 1166 629 δὲ
1184 602 1219 629 τὰ
1237 603 1288 638 τῆς
1300 604 1407 638 τρυφῆς
1416 602 1464 628 καὶ
1477 603 1527 638 τῆς
1541 602 1686 637 οἰνοχοΐας,

1007 647 1096 682 Ἄλλῳ
1113 648 1163 683 τὴν
1179 648 1340 682 ἐπιμέλειαν
1354 647 1409 675 τῶν
1423 647 1544 683 ηρικῶν
1555 648 1679 682 ἁμερίων,

1005 690 1055 720 Ὧν
1070 694 1086 728 ἡ
1102 693 1229 729 βελτίστη
1242 694 1356 728 δόκησις
1368 693 1465 729 ὥσπερ
1485 693 1603 727 ἐξύφανέ
1620 700 1682 727 μοι*

1012 740 1167 775 Ἐπέστησα
1183 741 1230 767 καὶ
1245 739 1371 775 πυλωρὸν
1385 740 1419 774 τῇ
1437 738 1508 774 θύρα
1521 738 1571 773 τῆς
1591 738 1694 765 εἰσόδου
1707 747 1715 752 '

1006 786 1081 812 Ετπω
1095 785 1130 812 τά
1147 786 1237 812 πάντα
1252 784 1381 818 συνελὼν,
1395 785 1461 819 μιᾶς
1475 785 1507 810 ὲκ
1523 785 1608 819 μόνης
1620 783 1692 820 ὧρας

1005 832 1182 867 Πανευτυχὴς
1194 831 1208 857 ό
1218 831 1355 866 δυστυχὴς
1371 831 1531 857 ὕπόπτευσα
1542 831 1690 865 τυγχάνειν
1707 838 1714 845 ·

163 885 217 910 Kal
228 884 341 918 πάσχων
356 883 426 918 ὑπὲρ
438 882 487 910 τοῦ
518 882 607 909 κοινοῦ
627 882 673 908 καὶ
686 882 833 916 τληπαθῶν
857 884 950 919 μυρία,
969 872 989 899 Β
1005 879 1037 904 Ὢ
1053 878 1215 913 θαυμαστῆς
1232 877 1400 909 ἐκστάσεως,
1413 875 1570 911 ὣζηλωτῆς
1588 875 1700 910 μανίας,

161 930 215 957 Καὶ
230 929 427 964 συμμετρίζων
442 929 492 963 τὴν
511 927 601 963 ψυχὴν
621 927 770 963 μερίμναις
789 929 952 963 ἀμυθήτοις,

159 977 223 1008 Πῶς
240 976 274 1003 ἂν
289 977 352 1007 τοὺς
365 976 484 1011 ταύρους
509 976 638 1006 ἃπαντας
657 976 776 1011 αὐχένας
801 975 856 1002 τῶν
885 976 952 1011 βαρ-

790 1021 898 1058 [ὀάρων

161 1069 200 1105 τῇ
215 1069 318 1105 ζεύγλῃ
330 1069 380 1103 τῆς
400 1069 555 1104 Ῥωμαῖκῆς
569 1069 802 1105 καθυποστρώσῃς
820 1068 916 1104 τύχης,

160 1115 215 1142 Kal
226 1116 317 1142 πᾶσαν
332 1115 384 1149 γῆν
401 1114 551 1150 ἀλλόφυλον
565 1114 650 1150 ἄρδην
661 1114 881 1150 αἰχμαλωτίσῃς,

161 1162 215 1188 Kal
224 1162 287 1193 τοὺς
300 1161 463 1196 προλοίπους
480 1162 534 1187 τῶν
548 1161 634 1188 ἐθνῶν
647 1161 951 1198 καταδουλαγωγήσῃς·

161 1208 215 1234 Καὶ
232 1206 368 1242 μηδεμίαν
383 1206 430 1232 ἀπ’
447 1206 539 1232 αὐτῶν
551 1205 698 1241 άνακωχὴν
710 1205 869 1241 λαμϐάνων,

161 1252 254 1287 Ὅμως
271 1252 374 1286 ὁπέχῃς
389 1251 474 1285 ἀκοὴν
491 1251 607 1283 καὶτοῖς
620 1251 731 1286 σαθροῖς
746 1259 797 1286 μου
813 1251 917 1284 λόγοις,

161 1298 214 1324 Kal
227 1297 428 1332 φιλανθρώπως
440 1297 562 1332 άπαντᾷς
574 1298 630 1327 τοῖς
642 1296 842 1331 φληναφήμασί
860 1305 922 1331 μου,

163 1345 217 1371 Καὶ
231 1344 280 1378 τὴν
300 1343 438 1377 τοσαύτην
449 1342 535 1377 ἀκοὴν
551 1343 598 1368 καὶ
611 1342 833 1377 βασιλικωτάτην

160 1389 264 1423 Στίχοις
278 1389 387 1422 μικροῖς
398 1389 444 1414 καὶ
454 1388 592 1422 πενιχροίς
603 1388 830 1422 χριστομιμήτως
839 1387 950 1420 κλίνεις·

160 1434 194 1460 Ὠ
207 1433 325 1467 πέλαγος
340 1432 482 1468 βασιλικῆς
497 1432 585 1468 ἄκρας
601 1432 806 1467 φιλανθρωπίας
819 1440 827 1449 ο

158 1479 235 1515 Τάχα
247 1479 294 1505 καὶ
310 1479 412 1510 πλάτος
427 1478 539 1514 ἑκνικᾷς
561 1479 615 1504 τῶν
631 1477 773 1504 θαλασσῶν
790 1479 838 1505 καὶ
857 1478 950 1514 βάθος,

159 1525 214 1551 Καὶ
234 1524 322 1551 πάντα
342 1524 389 1550 τὸν
403 1524 525 1550 ὠκεανὸν
539 1523 585 1549 τὸν
599 1524 686 1558 μέγαν
709 1523 896 1558 ὑπερϐαίνεις.

193 1568 296 1604 Πρῶτά
318 1568 368 1604 μὲν
388 1567 445 1601 οὖν,
475 1569 513 1599 ὡς
539 1568 655 1603 ἔφαμεν,
681 1567 809 1603 ηὐξάμην
837 1577 884 1595 σου
911 1569 950 1605 τῷ

775 1615 896 1652 ίκράτει,

159 1661 225 1689 Εἶτα
239 1662 279 1698 τῷ
296 1662 392 1697 πλήθει
403 1661 453 1697 τῆς
464 1661 553 1696 χαρᾶς
568 1661 677 1696 ἐκείνης
691 1661 741 1696 τῆς
751 1662 872 1697 ἀρρήτου

160 1709 265 1743 Ὠσπερ
276 1709 315 1740 εἰς
324 1708 453 1734 ἔκστασιν
462 1706 553 1733 πεσὼν
562 1708 611 1733 καὶ
627 1707 763 1742 καρωθεὶς
774 1707 824 1738 τὰς
837 1707 948 1743 φρένας·

159 1754 214 1779 Kal
226 1753 280 1788 γὰρ
296 1752 410 1787 μέγεθος
422 1752 472 1786 τῆς
491 1752 579 1786 χαρᾶς
595 1751 721 1786 καθάπερ
738 1751 770 1786 δὴ
783 1753 830 1778 καὶ
842 1753 928 1790 λύπης

160 1800 262 1834 ’Δμφω
279 1799 419 1833 πεςῠκασι
430 1797 477 1824 τοῦ
496 1798 542 1824 νοῦ
555 1798 585 1824 τὸ
598 1797 739 1829 καθεστὼς
752 1799 897 1833 ἐκτρέπειν
908 1820 915 1832 ,

160 1882 278 1908 animum
294 1879 415 1910 attendit,
429 1878 625 1913 obtemperavit,
637 1883 791 1914 poetamun
802 1880 831 1906 ob
842 1889 949 1908 carmen

159 1928 274 1955 laudans
297 1927 339 1952 ubi
365 1933 510 1960 pauperem
536 1933 591 1951 esse
620 1925 773 1958 audivisset,
788 1926 814 1953 in
843 1927 950 1956 meliori

158 1975 307 2002 conditione
323 1980 350 1999 se
365 1976 388 1998 te
401 1972 549 2006 positurum
565 1970 696 2006 pollicitus
713 1976 762 1998 est.

195 2020 266 2047 Lwtu
284 2020 331 2046 hoc
348 2018 432 2046 allato
448 2018 541 2044 nuntio
554 2017 659 2044 animus
675 2018 739 2044 mihi
750 2018 855 2046 additus
871 2025 909 2046 est
925 2024 949 2047 et

158 2075 204 2094 cor
217 2065 389 2098 laetificatum.
407 2063 441 2090 Et
457 2062 488 2089 ab
500 2062 577 2089 initio
589 2062 692 2098 quidem
704 2063 799 2090 multos
809 2065 853 2091 tibi
864 2073 949 2092 annos

159 2115 280 2146 precatus
295 2117 365 2141 sum,
382 2108 451 2143 quod
467 2112 524 2144 post
536 2113 625 2136 tantos
636 2116 685 2144 pro
699 2110 846 2137 Ausonibus
856 2111 951 2138 validis

159 2157 313 2185 exnntlatos
341 2157 453 2188 labores,
469 2160 606 2183 sexcentos
626 2165 673 2192 pro
690 2157 786 2184 civibus
811 2159 861 2185 tuis
883 2167 953 2185 nunc

159 2212 261 2239 quoque
285 2211 420 2229 «erumnas
444 2204 543 2237 pateris
569 2211 665 2238 magno
683 2205 772 2230 animo
797 2212 828 2231 ac
848 2212 952 2240 semper

159 2250 286 2277 sollicitus
307 2249 436 2284 quomodo
457 2250 525 2276 dnra
551 2249 727 2276 barbarorum
754 2249 823 2277 colla
840 2250 954 2284 fortuna

1003 924 1057 950 Kal
1072 924 1196 959 μάκαρος
1211 924 1352 959 ὀνείρατος
1368 923 1396 956 ἐξ
1408 920 1438 950 οὗ
1455 922 1709 958 κατεπλουτίσθηνε

1008 969 1084 995 Ἐπεὶ
1096 969 1118 995 δ’
1129 970 1168 1000 εις
1181 967 1266 995 ὕπνον
1291 968 1413 1003 ἐνεχθεὶς
1431 968 1510 1003 μόλις
1532 968 1598 994 ποτέ
1611 968 1657 994 τοῦ
1685 968 1807 1003 χρόνον,

1003 1017 1057 1044 Καὶ
1073 1017 1252 1052 γρηγορήσας
1262 1015 1358 1046 ἔπειτα
1374 1016 1425 1050 τῆς
1447 1015 1535 1050 μέθης
1550 1015 1728 1050 ἀπηλλάγην,

1004 1065 1059 1091 Kal
1070 1063 1121 1098 τῆς
1141 1063 1251 1098 μακρᾶς
1262 1062 1421 1096 καταφορᾶς
1434 1062 1481 1088 καὶ
1492 1063 1541 1096 τῆς
1556 1061 1658 1096 πολλῆς
1677 1063 1800 1097 μανίας,

1004 1110 1057 1136 Kal
1073 1109 1155 1136 πάλιν
1168 1109 1322 1143 κατενόησα
1334 1107 1382 1143 τὴν
1398 1107 1519 1142 ἐμαυτοῦ
1534 1108 1640 1139 πενίαν,

1003 1157 1058 1183 Kal
1072 1155 1155 1182 πάλιν
1169 1155 1256 1188 ἔγνων
1267 1154 1386 1189 ἐμαυτὸν
1400 1154 1492 1181 ἄθλιον
1504 1154 1542 1186 ὼς
1553 1154 1583 1180 τὺ
1597 1154 1718 1189 πρῶτον,

1003 1202 1060 1228 Οὐκ
1073 1202 1143 1236 ἔχων
1157 1201 1207 1236 τὴν
1223 1200 1353 1227 ὑπόθεσιν
1368 1200 1471 1235 ταύτην
1487 1201 1667 1235 κατανοῆσαι,

1003 1246 1067 1274 Οὐδ’
1079 1245 1289 1282 ἅκριΰώσασθαι
1306 1246 1396 1278 καλῶς
1411 1246 1444 1273 τὰ
1455 1246 1510 1273 τῶν
1527 1247 1707 1281 εὐαγγελίων,

1005 1292 1196 1328 Προσέρχομαί
1211 1301 1258 1319 σου
1269 1293 1415 1328 τολμηρῶς
1428 1293 1466 1328 τῷ
1483 1294 1624 1328 πανενθέψ
1640 1294 1749 1329 κράτει,

1004 1338 1059 1365 Kal
1068 1338 1200 1369 δουλικῶς
1213 1346 1254 1364 σοι
1268 1338 1426 1373 προσκυνῶ,
1444 1339 1597 1374 παρακαλῶ
1613 1340 1660 1365 σὺν
1672 1339 1762 1374 φόϐῳ,

1008 1384 1051 1414 Ὠς
1066 1383 1099 1410 ἄν
1115 1392 1165 1419 μου
1176 1383 1260 1419 λύσῃς
1275 1384 1384 1419 άληθῶς
1399 1385 1434 1410 τὰ
1445 1384 1496 1418 τῆς
1510 1385 1688 1419 ἀμφιϐολίας,

1005 1430 1059 1456 Καὶ
1073 1430 1250 1465 παραστήσῃς
1275 1430 1399 1465 ἐναργῶς
1421 1430 1487 1462 τοὺς
1509 1431 1564 1457 τῶν
1594 1432 1728 1458 εἰπόντων
1752 1432 1803 1459 λό-

1643 1476 1724 1512 [τους
1736 1486 1744 1494 ·

1002 1519 1075 1556 ’Δρα
1092 1521 1146 1556 γάρ
1160 1520 1304 1556 ἐξηπάτων
1321 1530 1364 1556 με,
1381 1521 1428 1547 καὶ
1443 1522 1589 1553 παίζοντες
1601 1523 1729 1556 ἐλάλουν,

1006 1567 1060 1594 Kal
1071 1567 1170 1600 ψεῦδος
1189 1565 1258 1603 ἦσαν
1275 1567 1382 1593 ἅπαντα
1399 1568 1431 1594 τὰ
1444 1568 1494 1602 τῆς
1503 1569 1687 1603 έπαγγελίας;

1004 1614 1039 1640 Ἣ
1057 1613 1125 1649 πρὸς
1138 1613 1269 1648 ἀλήθειαν
1278 1614 1372 1645 αὐτοῖς
1385 1614 1482 1649 ἐχώρει
1494 1615 1529 1641 τὰ
1540 1615 1588 1641 τοῦ
1607 1616 1699 1649 λόγου,

1004 1661 1059 1687 Καί
1077 1669 1124 1686 σου
1141 1659 1208 1691 Θεὸς
1225 1660 1335 1696 ἐνίκησε
1351 1660 1400 1696 τὴν
1415 1661 1491 1695 ἱερὰν
1506 1661 1620 1696 καρδίαν

1005 1708 1051 1738 Εἰς
1062 1705 1162 1739 οἶκτον,
1177 1707 1216 1738 εἰς
1228 1706 1368 1741 ἀντίληψιν
1382 1706 1527 1742 ἀνθρώπου
1542 1708 1745 1744 τληπαθοῦντος

1005 1754 1086 1789 Μόνῳ
1101 1753 1268 1788 θαρῥοῦντος
1279 1753 1317 1788 τῷ
1331 1753 1390 1787 Θεῴ
1402 1754 1450 1780 καὶ
1464 1754 1503 1788 τῷ
1519 1755 1613 1790 σεπτῷ
1626 1764 1672 1782 σου
1687 1758 1796 1792 κειάτεις

1005 1800 1100 1831 Θέλεις
1116 1797 1255 1834 προλάϐω,
1271 1798 1397 1834 βασιλεῦ,
1412 1799 1461 1834 τὴν
1477 1801 1527 1835 σὴν
1540 1801 1710 1835 άτιιλογίαν;

1001 1883 1131 1910 disturbat
1149 1886 1174 1909 et
1189 1885 1302 1908 mentem
1321 1880 1490 1916 intelligendi
1506 1883 1634 1917 facultate
1648 1881 1747 1920 privat.
1767 1887 1797 1914 In

1001 1927 1122 1957 manibus
1144 1931 1231 1953 tenere
1249 1927 1313 1954 milii
1335 1928 1442 1954 videbar
1457 1929 1600 1964 promissa.
1618 1929 1706 1961 Quam
1724 1932 1796 1965 pedi-

1001 1974 1046 2000 bus
1065 1973 1197 2008 ingressus
1212 1980 1286 1999 eram
1307 1973 1390 2006 viam,
1412 1981 1472 2002 eam
1497 1982 1575 2009 eques
1596 1974 1676 2008 ﬁnire
1700 1984 1796 2010 spera-

999 2019 1071 2046 bam.
1087 2018 1141 2046 Pro
1153 2019 1226 2054 equis
1240 2020 1309 2046 enim
1321 2020 1386 2046 mihi
1401 2020 1473 2047 venti
1486 2025 1573 2053 erant,
1589 2021 1662 2055 equis
1675 2021 1796 2049 Arabicis

1001 2064 1085 2092 multo
1100 2064 1257 2097 velociores;
1274 2068 1298 2091 et
1313 2073 1373 2091 cum
1393 2068 1518 2092 staterem
1532 2073 1631 2092 meum
1646 2075 1699 2093 non
1713 2067 1795 2094 habe-

1003 2119 1069 2145 rem,
1089 2111 1175 2138 minas
1202 2111 1326 2138 substitui
1352 2116 1381 2138 ut
1405 2120 1502 2139 aurum
1528 2112 1692 2140 obtinerem:
1707 2122 1795 2141 servos

1003 2155 1080 2191 quasi
1094 2156 1207 2190 pecunia
1220 2159 1352 2190 coemptos
1371 2155 1511 2190 procedere
1523 2157 1604 2190 jussi,
1618 2161 1642 2183 et
1656 2157 1716 2184 huic
1739 2159 1796 2192 qui-

1004 2203 1063 2229 dem
1083 2210 1210 2238 equorum
1227 2210 1320 2229 curam
1343 2202 1512 2235 demandavi,
1529 2202 1571 2230 illi
1590 2211 1686 2230 mensa:
1702 2209 1727 2230 et
1744 2205 1796 2232 cel-

1007 2247 1050 2280 la',
1067 2248 1117 2274 alii
1131 2249 1242 2274 vestium
1266 2250 1414 2275 sericarum
1431 2249 1580 2276 custodiam
1609 2250 1750 2284 impertiri.
1774 2251 1796 2278 0

160 2296 285 2323 Romnmr
292 2296 358 2331 jugo
373 2294 524 2321 submittere
538 2299 674 2330 totumque
687 2295 776 2322 orbem
790 2300 908 2323 exterum
922 2297 950 2323 in,
966 2291 988 2319 D
1003 2296 1101 2320 miram
1120 2294 1249 2327 exstasin,
1273 2302 1287 2320 ο
1304 2294 1404 2328 felicem
1421 2294 1599 2322 dementiam!
1612 2304 1628 2322 ο
1645 2296 1708 2330 felix
1727 2305 1795 2323 son:-

159 2342 308 2368 servitutem
327 2340 456 2374 redigere,
482 2344 506 2365 et
529 2343 634 2366 exteras
658 2344 748 2374 gentes
774 2344 825 2368 tute
844 2341 950 2368 ditionis

159 2387 245 2422 facere
259 2387 352 2421 possis,
371 2387 408 2412 ita
426 2385 529 2420 quidem
548 2389 575 2411 ut
594 2384 674 2412 nullis
692 2385 814 2413 admissis
838 2387 950 2414 induciis

159 2433 330 2460 nihilominus
359 2432 457 2466 exiguis
471 2432 534 2458 meis
546 2431 709 2459 sermnibus
724 2440 815 2460 aurem
833 2433 950 2467 prwbeas

159 2484 186 2505 et
198 2478 339 2504 clementer
356 2476 430 2512 nugis
448 2477 510 2502 meis
524 2476 673 2511 indulgeas,
692 2476 778 2511 regias
798 2481 858 2503 tuas
875 2486 952 2504 aures

159 2524 259 2559 exiguis
271 2523 335 2549 meis
347 2522 461 2549 versibus
477 2526 506 2548 ut
519 2530 594 2548 verus
610 2521 775 2548 Christianus
791 2523 917 2557 prtebeas.
932 2523 953 2550 Ο

161 2579 235 2598 mare
265 2570 422 2596 immensum
455 2569 629 2595 humanitatis
662 2569 860 2603 imprratorim!
891 2569 952 2597 lam

160 2617 276 2645 marium
291 2615 424 2651 profundo
437 2622 548 2650 superas
564 2618 588 2641 et
604 2615 734 2649 ingentem
748 2614 882 2642 Oceanum
897 2620 952 2642 ινα-

155 2663 216 2701 ficis
222 2683 228 2687 ς

197 2709 315 2737 Primum
340 2710 432 2744 igitur,
454 2712 482 2734 ut
505 2708 632 2740 diximus,
653 2716 701 2742 pro
723 2715 804 2743 regno
828 2712 872 2734 tuo
889 2714 948 2737 vota

158 2755 286 2792 fecimus;
312 2759 373 2781 tunc
396 2761 451 2789 pra!
475 2753 547 2780 illius
572 2752 712 2788 ineﬁ'abilis
731 2753 823 2789 gaudii
845 2756 950 2790 magni-

159 2801 249 2828 tudine
265 2804 369 2827 tantum
385 2808 436 2828 non
454 2800 548 2827 mentis
572 2803 702 2835 compotes
729 2808 784 2827 esse
812 2801 948 2828 desiimus.

160 2846 248 2880 ναῖκι
261 2846 331 2872 enim
345 2845 484 2880 gaudium,
501 2845 569 2872 sicut
590 2845 672 2873 uiinia
695 2846 804 2873 trietitia
827 2846 948 2874 animum

1003 2342 1075 2368 nium
1095 2342 1163 2376 quod
1179 2350 1219 2368 me
1234 2342 1342 2368 divitem
1359 2341 1494 2369 reddidit!

1036 2387 1182 2422 Postquam
1205 2391 1293 2415 autem
1320 2392 1377 2423 post
1401 2393 1504 2423 tempus
1536 2388 1644 2424 aliquod
1665 2398 1679 2416 e
1701 2399 1794 2418 somno

1002 2438 1167 2467 experrectus
1181 2433 1334 2460 ebrietatem
1348 2435 1520 2461 excussissem
1531 2439 1555 2461 et
1571 2443 1630 2461 cum
1646 2443 1677 2462 ea
1688 2435 1796 2463 demen-

1003 2479 1067 2504 tiam
1097 2486 1155 2513 quia
1169 2479 1286 2505 animum
1302 2479 1425 2512 vexabat,
1449 2483 1473 2505 et
1493 2485 1679 2514 paupertatem
1705 2483 1796 2512 pristi-

1002 2532 1065 2550 nam
1087 2528 1109 2550 et
1131 2524 1263 2550 miseriam
1278 2532 1468 2559 recognossem,
1485 2525 1555 2552 inter
1566 2533 1639 2560 spem
1659 2532 1683 2553 et
1697 2532 1794 2555 metum

1001 2569 1105 2599 dubius,
1123 2569 1157 2594 ad
1175 2569 1360 2603 [ortiludinem
1382 2574 1456 2596 tuam
1476 2571 1609 2606 confugio,
1634 2576 1668 2603 et,
1686 2577 1712 2598 ut
1736 2581 1795 2599 δεν-

1002 2623 1061 2641 vum
1089 2615 1171 2646 decet,
1191 2619 1253 2642 ante.
1279 2616 1357 2651 pedes
1382 2621 1440 2644 tuos
1469 2616 1633 2652 provolutus,
1664 2627 1724 2645 cum
1744 2625 1797 2646 tre-

1002 2669 1073 2688 more
1098 2665 1122 2687 te
1145 2662 1235 2688 invoco
1247 2667 1275 2688 ut
1293 2670 1306 2688 e
1323 2663 1473 2690 discrimine
1497 2672 1585 2690 rerum
1605 2673 1656 2699 quo
1686 2673 1795 2700 premor

1004 2714 1044 2733 me
1057 2706 1150 2734 liberes
1159 2712 1183 2734 et
1198 2715 1228 2734 ea
1239 2716 1297 2743 quae
1307 2707 1354 2735 alii
1366 2708 1488 2736 dixerunt
1499 2710 1562 2736 mihi
1573 2715 1634 2737 ante
1645 2710 1733 2737 oculos
1750 2720 1795 2745 po—

1001 2763 1060 2782 nas.
1071 2754 1205 2791 Numquid
1219 2764 1258 2782 me
1272 2756 1429 2792 deceperunt
1441 2757 1454 2783 ?
1472 2765 1536 2784 num
1550 2765 1596 2792 per
1613 2758 1703 2791 iocum
1723 2767 1795 2786 men-

1001 2801 1129 2836 daciaque
1158 2800 1262 2836 falsove
1289 2803 1420 2838 promissa
1446 2804 1510 2830 milii
1538 2803 1703 2831 illustrant?
1732 2814 1794 2833 num

1002 2846 1070 2874 Deus
1096 2855 1140 2874 cor
1153 2852 1227 2875 tuum
1256 2848 1354 2884 pu'rum
1369 2850 1469 2885 subegit
1491 2850 1525 2877 ad
1541 2850 1752 2880 misericordiam
1769 2856 1795 2880 et
