1935 3085
167 132 199 164 f3
207 133 242 164 65

739 132 899 164 SCRIPTA
915 130 1194 164 MISCELLANE'A.

1726 128 1794 161 1365

165 191 274 227 Αὑχῶν,
295 191 388 227 ῑδρῶν,
404 191 452 218 καὶ
471 191 626 219 πνιυστιῶν
647 191 695 218 καὶ
715 192 791 218 κόνει
808 190 952 225 πεπασμέ-
966 189 989 217 Α
1009 190 1053 221 Ὧς
1064 190 1143 217 ἄλλον
1161 191 1226 227 ῥοῦν
1242 190 1363 218 ὠκεανοῦ
1380 191 1443 222 τοὺς
1464 189 1528 221 σοὺς
1548 187 1663 224 ἱδρῶτας
1678 188 1756 225 λοὺῃ,

846 236 915 273 [νος.

166 280 223 315 Οὐχ
239 281 317 308 ὕδατι
331 282 508 314 κατέπαυσας
522 282 573 317 τὴν
588 283 617 309 ἐν
627 283 666 318 τῷ
681 282 778 310 Χάλεπ
792 282 882 317 δίψαν.

165 325 223 352 Οὐκ
237 325 324 361 ἔφθης
339 327 552 363 ἀπομόρξασθαι
566 327 612 355 τὸν
629 328 764 363 Περσικὸν
778 327 891 363 ίδρῶτα,

165 371 230 398 Οὐδ’
247 370 343 408 ἆσθμα
367 373 433 407 γοῦν
450 373 595 406 συνέλεξας
616 375 651 401 ἐκ
662 374 716 401 τῶν
737 375 766 401 ἐν
779 373 876 408 Σύροις
893 373 955 409 δρό-

832 419 920 455 [μων.

166 464 226 492 θύκ
240 464 327 501 ἔφθης
342 464 548 492 ἀπολούσασθαι
564 465 615 500 τὴν
629 465 683 492 τῶν
697 465 818 492 Κιλίκων
833 465 920 498 κόνιν,

166 511 236 538 Θύδὲ
245 511 310 543 τοὺς
324 511 545 547 κυϐιστήσαντας
562 511 679 546 χιτῶνας
693 513 722 537 ἐν
737 511 874 547 Σαγγάρῳ

173 556 282 592 ’Δνέμῳ
298 556 495 592 παρεξήρανας
513 558 529 592 ἢ
545 557 608 588 ταῖς
628 558 729 591 αὐγαῖς
743 557 833 592 ἡλίου.

206 602 265 630 Kal
279 603 362 630 πάλιν
387 603 474 638 μάχαι
496 603 544 630 καὶ
561 604 673 638 στρατοὶ
687 604 734 630 καὶ
755 603 957 639 στρατοπεδάρ-

831 648 914 684 [χίαι.

168 693 229 720 Τίνι
245 703 278 732 σε.
287 694 501 729 Δἰἰαρεικάσομ.εν
513 694 583 729 πρὸς
596 694 830 729 τὴψφερεπονίαν
842 703 850 728 ;

171 740 271 771 Ἀτλας
290 740 360 776 ἀνὴρ
380 740 529 775 μυθεύεται
541 741 598 772 τοῖς
615 740 742 773 παλαιοῖς
758 740 873 774 βιϐλίοις

168 787 287 821 Μακρὰς
303 787 409 822 ἀνέχων
429 787 522 818 κίονας
536 787 582 814 τὸν
595 787 697 822 κόσμον
711 787 862 823 ἀνεχούσας
872 795 880 803 ·

168 833 244 868 Πλὴν
254 833 385 860 κοπιάσαι
400 833 509 867 λέγουσι
525 833 676 860 καὶ-τοῦτον
691 834 759 868 πρὸς
771 833 801 860 τὸ
817 833 901 868 βάρος
913 853 921 866 ,

170 878 225 906 Καὶ
239 879 400 906 καταθεῖναι
418 879 468 914 μὲν
484 879 567 905 αὐτὸν
581 879 611 906 τὸ
627 879 682 906 τῶν
698 879 796 906 κιόνων
812 880 905 914 ἄχθος,

175 924 378 951 ’Υποϐάλλοντα
396 924 419 950 δ’
440 924 650 960 Ἡρακλῆνμτοῖς
667 923 755 959 ὤμοις
767 924 806 959 τῷ
820 925 925 960 φορτίῳ

169 969 386 1004 Μικρὰνέκείνῳ
403 972 556 1005 παρασχεῖν
575 971 731 998 ἀνάπαυσιν
742 970 789 997 τοῦ
806 971 899 998 πόνου.

169 1014 206 1040 Σὺ
221 1014 250 1040 δέ
267 1014 311 1040 τὸν
325 1014 406 1048 δγκον
416 1015 524 1041 ἅπαντα
542 1015 591 1049 τῆς
607 1015 772 1051 οἰκουμένης
787 1015 890 1050 φέρων,

170 1059 244 1094 Πρὸς
253 1060 282 1086 δὲ
299 1060 405 1091 καὶτὰς
419 1061 607 1096 στρατηγικὰς
624 1061 729 1096 ἀνέχων
743 1061 907 1096 άχθηδόνας.

171 1106 257 1138 Μόνος
272 1106 301 1132 τὸ
318 1106 401 1141 βάρος
417 1109 573 1142 καρτερείς,
589 1108 618 1134 οὐ
635 1107 745 1143 χρῄζων
761 1108 941 1141 Ἡρακλέους,

171 1153 227 1179 Kal
242 1155 442 1188 καρτερήσειας
459 1153 525 1179 αὐτὸ
537 1154 616 1188 μέχρι
632 1153 745 1188 μακρῶν
757 1154 862 1181 αίώνων

177 1198 246 1224 Ὑπὸ
260 1200 384 1234 στερροῖς
397 1200 453 1230 τοῖς
468 1198 561 1233 μέλεσι
574 1200 622 1225 καὶ
639 1201 784 1234 καρτεροῖς
797 1200 854 1230 τοῖς
864 1199 960 1235 ὤμοις,

213 1244 388 1279 Ἐγνώκαμεν
403 1245 538 1277 ἀνατολὴν
555 1244 603 1271 τοῦ
620 1246 783 1279 φωταυγοῦς
799 1246 883 1281 ἡλίου,

177 1290 257 1317 Ἀλλὰ
273 1291 319 1317 καὶ
334 1290 427 1317 σϐέσιν
438 1291 486 1317 καὶ
498 1291 606 1326 δυσμὴν
623 1291 764 1326 ἐμάθομεν
782 1293 887 1320 ἐκείνου
898 1301 906 1309 ·

171 1338 227 1364 Kal
238 1338 290 1372 γῆν
305 1338 354 1372 μὲν
370 1337 481 1364 ἅπασαν
496 1338 595 1372 αὐγαῖς
616 1338 730 1372 ἀφάτοις
744 1340 923 1373 καταυγάζει,

177 1384 262 1410 Ἀλλὰ.
274 1383 325 1410 καὶ
338 1383 416 1417 νέφει
431 1384 582 1418 κρύπτεται
599 1385 646 1410 καὶ
660 1385 800 1416 παντελῶς
821 1386 961 1413 ἐκλείπει·

173 1429 229 1455 Kal
242 1429 341 1463 κάμνει
354 1429 403 1464 μὲν
416 1429 565 1464 ἠμερινσὺς
576 1430 711 1465 διφρεύων
723 1431 786 1462 τοὺς
803 1432 924 1466 ἀγῶνας,

180 1474 261 1501 Ἀλλά
273 1475 320 1502 καὶ
333 1475 554 1507 λούεται-νυκτδς
568 1476 690 1502 ὠκεανοῦ
704 1477 761 1508 τοῖς
779 1477 909 1512 ῥείθροις.

175 1521 212 1546 Σὺ
229 1520 253 1546 δ’
268 1520 424 1552 ἀνατέλλεις
441 1522 469 1551 ἐς
482 1520 527 1547 ἀεὶ
542 1521 590 1547 καὶ
608 1521 685 1548 δύσιν
701 1523 734 1548 οὑ⁷
746 1522 907 1556 γινώσκεις,

175 1568 246 1601 Μηδ’
263 1568 406 1604 ἐπιγνοίης
424 1567 536 1594 πώποτε
571 1568 652 1603 μέχρι
668 1569 813 1603 τερμάτων
828 1569 902 1604 βίου·

175 1615 207 1642 Εἰ
221 1614 250 1642 δέ
269 1615 336 1642 ποτέ
346 1623 381 1641 se:
391 1614 437 1641 τοῦ
451 1614 548 1650 καιροῦ
562 1615 609 1641 καὶ
622 1613 770 1642 λούσασθαι
785 1615 888 1651 δεήσει,

176 1698 292 1728 sudore,
318 1695 437 1723 annelitu
462 1699 486 1722 et
513 1695 631 1730 pulvere.
656 1695 715 1723 Non
739 1701 767 1723 tu
791 1705 860 1731 aqua
888 1699 959 1726 sitim

176 1742 267 1769 dolesti
280 1742 306 1768 in
319 1741 436 1774 Chaleb;
454 1742 580 1769 sudorem
596 1741 733 1769 Persicum
745 1751 797 1770 non
811 1746 960 1779 exsiccasti;

177 1795 231 1814 non
243 1788 271 1814 in
288 1787 367 1822 Syria
385 1792 528 1823 peragrata
540 1789 664 1823 spiritum
680 1789 790 1821 vitiasti,
809 1798 860 1816 non
876 1792 964 1825 pulve-

177 1841 232 1864 rent
258 1835 285 1860 in
307 1833 401 1861 Cilicia
424 1834 587 1866 abstersisti,
613 1842 665 1861 non
686 1840 772 1862 vestes
794 1837 822 1863 in
839 1836 964 1872 S'angaro

178 1879 372 1914 madefactatas
389 1879 423 1906 ad
436 1879 499 1906 solis
517 1880 604 1907 radios
619 1880 761 1908 siccavisti.

214 1926 256 1951 En
282 1932 347 1951 nova
369 1926 534 1958 certamina;
557 1926 654 1953 iterum
676 1927 807 1954 exercitus
828 1933 911 1955 movet
931 1930 965 1956 ad

179 1976 271 1997 castra
293 1971 428 1997 metanda.
449 1969 510 2002 Cui,
530 1979 628 2006 quteso,
649 1973 688 1998 rei
709 1977 783 2000 tuam
801 1975 967 2008 wquiparenr

178 2017 205 2043 in
223 2016 336 2050 ferendis
354 2016 486 2043 laboribus
511 2017 693 2051 patientiam?
708 2017 796 2048 Atlas.
813 2019 835 2045 si
850 2019 967 2054 antiquis

179 2061 330 2088 auctoribus
352 2061 495 2094 credimus,
515 2061 632 2088 humeris
654 2063 769 2097 portavit
792 2063 906 2097 grandes
925 2071 969 2090 co-

180 2109 286 2135 lumnas
311 2112 393 2134 totum
414 2108 542 2134 mundum
562 2115 668 2134 sursum
690 2111 816 2135 tenentes.
835 2108 886 2141 Qui
910 2117 968 2136 cum

179 2155 248 2180 mole
272 2158 445 2188 premeretur,
471 2153 622 2186 columnas,
641 2157 671 2179 ut
692 2158 815 2185 narrant,
834 2154 967 2189 deposuit,

1006 238 1101 263 Ἔστιν
1115 239 1258 272 ἀκάματον
1270 237 1301 264 τὸ
1314 238 1380 272 πῦρ,
1395 237 1461 272 ὕλης
1476 236 1510 263 ἂν
1525 235 1677 271 εὐπορήσῃ,

1005 283 1078 318 Πλὴν
1092 282 1182 309 δέεται
1198 283 1247 309 καὶ
1261 282 1417 316 πνεύματος
1433 281 1479 308 τοῦ
1499 280 1739 315 συνεπιφυσῶντος

1005 330 1062 356 Καὶ
1078 329 1128 365 τὴν
1142 329 1231 364 ὁρμὴν
1247 329 1402 363 ἐγείροντος
1416 330 1466 361 τὴν
1480 327 1633 362 καυστικὴν
1646 327 1764 354 ἐκείνοιν

1005 375 1152 402 Σϐέννυται
1168 375 1197 401 δέ
1212 375 1260 401 καὶ
1273 374 1324 409 τῆς
1339 373 1427 409 ὑγρᾶς
1440 374 1647 409 ὲπιρῤευσάσης
1663 372 1739 408 ὕλης.

1005 423 1043 449 Σὺ
1057 422 1084 448 δὲ
1094 423 1223 457 πιμπρᾷς
1236 421 1299 452 τοὺς
1317 420 1438 451 ἀσεϐεῖς,
1457 420 1596 454 φλογίζεις
1611 420 1674 452 τοὺς
1685 420 1795 452 ἀθέους,

1006 467 1062 493 Kal
1077 467 1171 500 τήκεις
1185 466 1251 492 ὡσεὶ
1270 465 1406 500 μόλιϐδον,
1421 464 1487 490 ὡσεὶ
1501 465 1628 500 καλάμην
1645 464 1767 500 φλέγεις,

1007 509 1045 536 οὺ
1058 509 1166 545 χρῄζων
1177 509 1229 542 ἔξω
1243 510 1402 544 πνεύματος
1416 508 1465 535 τοῦ
1482 509 1735 542 συνεπιφυσῶντοςσ

981 561 984 564 ”
1013 555 1107 589 ’Δρκεϊ
1120 564 1160 582 σοι
1175 555 1235 590 γὰρ¹
1245 557 1285 588 εἰς
1304 555 1399 590 ἔξαψιν
1414 556 1463 590 τῆς
1472 554 1534 582 κατ’
1547 555 1654 590 ἐχθρῶν
1670 555 1767 590 ἐφόδου

1007 601 1044 628 Τὸ
1059 602 1100 628 uol
1115 602 1204 634 συζῶν
1224 602 1273 629 καὶ
1290 602 1424 629 συνοικῶν
1442 601 1514 637 μέγα
1529 602 1577 628 καὶ
1589 602 1659 628 θεῖον
1671 601 1799 636 Πνεῦμα,

1013 646 1075 681 Ὑφ’
1088 643 1119 673 οὗ
1133 647 1181 674 καὶ
1198 647 1375 682 ῥιπιζόμενος
1391 647 1496 679 πάντας
1519 647 1636 682 ἐχθροὺς
1647 647 1798 682 φλογίζεις,

1008 693 1064 720 Καὶ
1081 693 1171 720 πᾶσαν
1183 692 1237 728 γῆν
1254 693 1406 727 ἀλλόφυλον
1420 694 1469 720 καὶ
1485 692 1564 719 πόλιν
1582 691 1713 728 ἐπινέμῃ.

1008 738 1084 773 Μηδτ
1098 739 1167 770 ὅλως
1180 738 1245 773 γοῦν
1262 740 1322 770 ταῖς
1335 738 1457 770 ἐθνικαῖς
1487 738 1673 774 σϐεννύμενος
1696 738 1800 765 θαλάσ-

1675 783 1768 820 [σαις,.

975 858 996 886 Β
1010 829 1070 856 Κᾶν
1090 830 1155 866 περὶ
1169 830 1235 865 μίαν
1251 830 1379 865 ἄμπωτιν
1397 831 1444 857 καὶ
1459 831 1592 866 χάρυϐδιν
1610 830 1746 866 μιχθεῖεν,

1010 875 1181 912 Κατέρχεται
1201 877 1249 904 καὶ
1266 877 1390 912 ποταμδς
1407 877 1455 903 καὶ
1466 877 1618 913 χείμαρῤος
1629 877 1748 903 κινεῖται

1009 922 1087 949 Μετὰ
1103 922 1219 956 σφοδροῦ
1237 921 1402 958 ῥοιζήματος
1416 923 1463 950 καὶ
1480 924 1529 950 σὺν
1542 923 1600 955 ὀξεῖ
1611 922 1649 958 τῷ
1660 922 1766 958 δρόμῳ,

1010 968 1065 996 Καί
1081 977 1132 995 που
1149 969 1197 995 καὶ
1218 969 1309 1001 λίθους
1324 969 1446 1005 ὑποσπᾷ,
1465 969 1605 1005 ριζυτομεῖ
1622 969 1669 995 καὶ
1682 969 1780 1004 δένδρα
1791 977 1798 984 ’

1016 1013 1099 1040 Ἀλλά
1114 1023 1141 1040 τι
1152 1014 1261 1049 δένδρον
1271 1015 1401 1049 μέγιστον
1416 1015 1432 1049 ἢ
1447 1014 1620 1049 παλαμναῖος
1630 1014 1704 1045 λίθος

1010 1060 1102 1092 Μέσος
1112 1060 1136 1086 εί
1150 1060 1227 1095 τύχει
1242 1060 1390 1095 προπεσὼν
1405 1060 1450 1087 τὸν
1464 1060 1528 1095 ῥοῦν
1544 1060 1728 1096 ἀναχαιτίζει.

1011 1106 1045 1132 Σὲ
1059 1106 1098 1137 δέ,
1109 1106 1229 1141 χαρίτων
1240 1106 1373 1139 θάλασσα,
1392 1107 1439 1133 καὶ
1453 1106 1562 1141 ποταμέ
1578 1106 1730 1141 τροπαίων,

1012 1152 1095 1179 Οὐδὲν
1109 1152 1216 1179 οὐδέπω
1232 1153 1282 1188 τῆς
1297 1152 1388 1187 ὁρμῆς
1403 1154 1453 1188 τῆς
1468 1153 1507 1184 είς
1521 1152 1571 1184 τὰς
1586 1152 1677 1188 μάχας
1691 1151 1773 1179 παύει
1784 1158 1792 1165 ⁸

1012 1199 1050 1225 Ob
1064 1199 1243 1234 προλαϐοῦσα
1257 1200 1393 1232 κάκωσις,
1411 1199 1461 1226 οὐκ
1476 1199 1629 1234 ἐπισχοῦσα
1643 1199 1732 1231 νόσος,

1013 1246 1080 1280 υύχὶ
1096 1246 1194 1281 καιρὸς
1208 1245 1376 1281 χειμερινὸς,
1390 1246 1420 1272 οὐ
1440 1245 1571 1279 παγετδς,
1588 1244 1637 1271 οὐκ
1658 1244 1773 1279 ὄμϐρος,

1012 1292 1049 1318 Οὐ
1066 1292 1161 1327 θέρους
1179 1291 1209 1318 τὸ
1227 1291 1404 1326 μεσαίτατον,
1417 1292 1466 1327 οὐχ
1475 1293 1504 1318 αἱ
1518 1291 1672 1326 κυνάστρου
1689 1290 1810 1325 φλόγες,

1013 1339 1050 1365 Οὐ
1062 1338 1206 1374 δυσχέρεια
1221 1338 1275 1364 τῶν
1289 1337 1367 1370 ὁδῶν,
1387 1338 1447 1373 οὐχὶ
1458 1338 1634 1372 στενοχωρία,

1019 1385 1099 1412 Ἀλλά
1110 1385 1180 1421 πρὸς
1194 1385 1275 1420 μόνον
1292 1385 1405 1420 ἀφορῶν
1420 1384 1451 1410 τδ
1468 1385 1564 1420 χρῆμα
1579 1384 1609 1410 τὸ
1621 1384 1672 1418 τῆς
1687 1384 1778 1419 νίκης,

1013 1433 1068 1460 Καὶ
1083 1432 1153 1467 πρὸς
1169 1431 1218 1465 τὴν
1231 1430 1418 1467 ὑπεραύξησιν
1427 1431 1479 1465 τῆς
1493 1430 1609 1465 σῆς-κλη
1616 1430 1758 1465 ρονομίας,

1013 1478 1120 1509 Βαίνεις
1133 1477 1171 1510 ὡς
1185 1477 1253 1504 λέων
1265 1476 1403 1508 πεποιθὼς
1421 1477 1492 1503 κατά
1508 1476 1565 1503 τῶν
1580 1476 1752 1511 ἀλλοφύλων,

973 1523 996 1553 C
1012 1523 1126 1551 Πάντων
1138 1522 1206 1557 ὁμοῦ
1219 1522 1398 1557 καταφρονῶν
1413 1521 1468 1548 τῶν
1484 1521 1773 1557 παρεμποδισμάτων,

1015 1571 1055 1606 Τῇ
1068 1570 1251 1605 συστρατήγῳ
1272 1577 1318 1595 σου
1327 1568 1436 1605 θαρρῶν
1449 1568 1577 1603 παρθένῳ
1593 1569 1640 1595 καὶ
1652 1568 1810 1603 συμμάχῳ..

1015 1618 1053 1644 Δι’
1068 1614 1103 1652 ἦς
1119 1617 1151 1642 ἐκ
1166 1616 1255 1651 πάσης
1266 1615 1419 1650 προσϐολῆς
1436 1615 1485 1641 σὺν
1502 1614 1591 1646 νίκαις
1606 1615 1802 1650 ὑποστρέφεις.

1013 1709 1066 1728 non
1094 1699 1201 1734 deﬁcit;
1226 1699 1272 1725 sed
1309 1698 1437 1734 suﬁlantis
1469 1698 1565 1733 spiritu
1595 1706 1660 1734 opus
1694 1703 1732 1725 est
1758 1700 1804 1733 qui

1014 1747 1182 1774 alacritatem
1198 1744 1271 1771 illius
1290 1748 1438 1771 emortuam
1465 1744 1493 1770 in
1516 1744 1599 1770 vitam
1625 1748 1743 1775 revocet;
1760 1744 1803 1770 ubi

1016 1795 1105 1818 autem
1119 1790 1232 1817 materia
1250 1789 1358 1816 humida
1370 1788 1520 1821 accesserit,
1536 1793 1605 1814 certe
1616 1788 1802 1824 exstinguitur.

1017 1836 1056 1864 Tu
1082 1845 1141 1864 vero
1168 1837 1261 1871 impios
1289 1836 1429 1867 comburis,
1458 1836 1607 1870 con/lagras
1635 1835 1724 1862 atheos
1741 1842 1805 1870 quos

1015 1883 1152 1918 liquefacis
1169 1883 1237 1910 sicut
1251 1882 1389 1917 plumbum
1404 1885 1428 1908 et
1439 1882 1509 1908 sicut
1521 1881 1648 1916 stipulam
1662 1882 1803 1912 consumis,

1014 1929 1134 1964 sufflante
1150 1927 1239 1963 aliqua
1260 1927 1367 1954 minimc
1383 1934 1447 1961 opus
1470 1927 1578 1954 habens.
1603 1926 1708 1961 Sufﬁcit
1735 1928 1804 1954 enim

1016 1975 1061 2002 tibi
1082 1975 1117 2001 ad
1131 1974 1287 2009 subigendos
1304 1974 1424 2000 inimicos
1444 1981 1555 2008 magnus
1573 1973 1620 2000 Dei
1634 1972 1750 2009 Spiritus
1760 1974 1804 2008 qui

1015 2022 1099 2046 tecum
1127 2019 1188 2045 sivit
1212 2022 1237 2045 et
1258 2018 1409 2050 cohabitat,
1437 2027 1453 2045 a
1477 2026 1528 2052 quo
1553 2017 1697 2044 ventilata:
1715 2022 1805 2043 omnes

1016 2065 1101 2092 hostes
1116 2065 1257 2096 comburis,
1275 2071 1430 2098 omnemque
1444 2064 1588 2098 regionem,
1603 2071 1704 2090 omnem
1715 2062 1818 2090 urbem'

1017 2114 1170 2137 exterarum
1198 2110 1333 2137 devastas.
1352 2108 1494 2143 Nunquam
1509 2108 1676 2144 igitur,.licet
1689 2108 1806 2136 maribus

1017 2155 1138 2181 barbaris
1154 2155 1181 2181 in
1196 2155 1299 2190 fluxum
1323 2162 1354 2181 ac
1378 2155 1509 2189 reﬂuxum
1523 2155 1695 2189 agitantibus,
1710 2154 1806 2189 ﬂuvius
1819 2173 1821 2175 ι

180 2207 292 2234 quarum
306 2207 371 2226 onus
388 2197 512 2225 Hercules
526 2206 586 2225 cum
600 2199 857 2232 humerissubiisset,
872 2201 967 2227 Atlan-
983 2205 1005 2232 ι)
1021 2199 1136 2225 decurrit
1163 2202 1187 2225 et
1215 2202 1318 2225 torrens
1340 2199 1452 2234 ﬂuctuat
1475 2206 1533 2224 cum
1560 2203 1638 2225 acuto
1658 2198 1769 2225 stridore
1782 2204 1805 2224 et

180 2251 231 2272 lt'm
247 2254 298 2272 non
315 2245 482 2272 mediocriter
495 2244 648 2272 sublevavit.
663 2244 702 2272 Tu
721 2249 820 2278 autem,
841 2246 887 2280 qui
900 2247 967 2272 inte-

180 2300 257 2325 grum
283 2291 353 2318 orbis
375 2296 509 2318 terrarum
530 2299 594 2317 onus
609 2294 712 2325 portas,
727 2297 751 2317 et
766 2291 839 2318 ducis
860 2299 968 2318 munere

180 2338 308 2372 fungeris,
318 2337 419 2373 pondus
426 2336 606 2371 solusportas,
618 2335 731 2362 Hercule
745 2337 812 2363 nihil
824 2337 943 2372 indigens
957 2345 967 2369 ;

180 2384 236 2410 imo
249 2383 283 2409 ad
309 2389 454 2410 extremam
470 2389 561 2417 usque
579 2385 686 2408 atatem
702 2389 750 2415 pro
766 2384 878 2416 eolquod
893 2386 967 2409 tuum

180 2434 217 2455 est
234 2428 411 2455 membrorum
424 2429 644 2462 humerorumque
659 2427 748 2460 robur,
769 2433 899 2462 portares.

217 2474 343 2502 Nouimus
351 2472 623 2508 solissplendesccntis
639 2473 791 2502 ortum.sed
806 2478 829 2499 et
839 2473 971 2508 ipsiusoc—

182 2528 272 2547 casum
297 2525 320 2546 et
334 2520 432 2546 sociam
454 2523 554 2546 noctem
569 2519 744 2554 cognovimus.
768 2517 877 2545 Omnem
893 2520 968 2545 modo

183 2571 283 2594 terram
308 2566 406 2593 lumine
431 2565 561 2600 ineffabili
584 2564 724 2596 illustrat,
753 2565 828 2591 modo
859 2566 968 2592 nubibus

182 2613 327 2640 occultatus
354 2621 460 2646 prorsus
492 2611 606 2645 deﬁcit;
623 2615 655 2638 et‘
677 2611 736 2637 diei
753 2611 867 2646 quidem~
884 2613 969 2639 curri-

181 2659 240 2686 culo
252 2664 355 2693 peracto
372 2659 510 2694 fatigatur,
521 2662 600 2686 noctu
614 2661 702 2684 autem
724 2658 751 2684 in
766 2657 865 2685 Oceani
885 2659 969 2693 fluen-

183 2706 216 2732 tis
236 2705 352 2732 laoatur.
376 2703 415 2731 Tu
431 2708 523 2731 contra
541 2703 578 2729 nil
599 2702 673 2730 aliud
696 2711 775 2738 quam
794 2704 886 2735 oriris,
902 2712 970 2730 nun-

182 2759 267 2786 quam
285 2750 390 2783 occidis,
410 2750 488 2785 idque
513 2757 596 2784 usque
613 2750 647 2775 ad
670 2748 730 2775 vim
748 2749 885 2780 terminos,
905 2753 930 2776 et
947 2750 969 2776 si

182 2796 287 2831 quando
303 2795 396 2823 balneo
411 2803 476 2830 opus
500 2795 587 2827 habes,
605 2793 677 2821 haud
695 2794 772 2820 undis
787 2794 909 2825 marinis,
924 2794 969 2820 sed

186 2846 230 2868 tua
247 2842 341 2869 sudore
357 2840 467 2869 lavaris.
491 2840 563 2876 ignis
589 2846 641 2866 non
666 2838 778 2865 moritur
806 2840 850 2866 ubi
870 2839 987 2874 lignum.

1020 2251 1099 2270 cursu
1114 2244 1219 2278 rapido,
1234 2250 1301 2270 saxa
1316 2242 1433 2273 volvens.
1449 2243 1751 2279 arboresque'divellens.
1773 2243 1806 2270 At

1021 2289 1100 2316 arbor
1112 2298 1209 2324 magna
1226 2293 1272 2317 aut
1286 2297 1379 2316 saxum
1393 2289 1550 2317 sceleratum
1570 2290 1613 2316 ubi
1629 2290 1804 2321 interciderit,

1021 2335 1145 2368 reprimet
1167 2343 1283 2362 cursum.
1316 2337 1348 2362 Te
1373 2340 1478 2368 autem,
1507 2336 1659 2371 gratiarum
1685 2335 1819 2371 pelagus,.

1022 2383 1181 2415 tropaorum
1215 2382 1334 2417 ﬂumen.
1371 2382 1437 2409 nihil
1464 2381 1544 2416 plane
1579 2390 1629 2416 quo
1662 2382 1747 2409 minus
1780 2383 1806 2408 in

1022 2425 1123 2452 hostem
1145 2433 1209 2452 ruas
1232 2427 1366 2462 impedivit
1389 2438 1393 2454 ε
1411 2435 1464 2454 non
1479 2428 1588 2462 offcnsa,
1605 2435 1660 2454 non
1690 2428 1806 2458 morbus,

1022 2479 1074 2498 non
1091 2477 1241 2507 tempestas,
1254 2481 1306 2499 non
1318 2474 1426 2508 glacies,
1445 2481 1498 2500 non
1521 2474 1615 2504 imber,
1639 2481 1689 2500 non
1708 2474 1807 2500 calores

1024 2519 1114 2550 festivi,
1129 2523 1176 2546 aut
1192 2518 1258 2546 Sirii
1271 2520 1392 2554 ﬂamma.
1409 2528 1460 2547 non
1481 2521 1581 2547 viarum
1596 2522 1743 2555 asperitas;
1763 2522 1808 2546 scd

1023 2564 1162 2592 victoriam
1194 2564 1279 2592 solam
1311 2566 1342 2592 ob
1373 2566 1462 2593 oculos
1495 2566 1613 2598 habens,
1643 2571 1668 2592 et
1703 2567 1806 2599 imperii

1023 2616 1193 2645 augmentum
1220 2611 1350 2639 meditans
1375 2620 1420 2638 ceu
1446 2613 1485 2639 leo
1505 2621 1565 2639 cum
1586 2612 1686 2647 ﬁducia
1714 2616 1806 2639 contra

1023 2655 1184 2691 alienigenas
1201 2657 1374 2692 proﬁcisceris
1384 2679 1391 2690 ,
1405 2657 1525 2685 omnibus
1539 2657 1679 2685 obstaculis
1693 2662 1793 2684 contem

1022 2705 1090 2737 ptis,
1118 2702 1224 2739 Virgine
1255 2705 1325 2731 socia
1349 2709 1373 2731 et
1397 2705 1598 2740 propugnatrice
1622 2703 1708 2732 ﬁsus.
1735 2707 1808 2735 cujus

1023 2749 1123 2776 auxilio
1137 2758 1168 2777 es:
1190 2751 1261 2778 omni
1275 2759 1332 2777 cum
1345 2751 1460 2778 hostibus
1474 2757 1612 2785 congressu
1623 2750 1702 2777 victor
1722 2757 1808 2775 rever—

1024 2796 1098 2823 teris.
