  <div class='ocr_page' id='page_1' title='image "/cluster/home/n/w/nwhite01/storage/ocr_20150623/133/njp.32101007797895/709.png"; bbox 0 0 1935 3085; ppageno 0'>
   <div class='ocr_carea' id='block_1_1' title="bbox 787 168 956 210">
    <p class='ocr_par' dir='ltr' id='par_1_1' title="bbox 787 174 956 207">
     <span class='ocr_line' id='line_1_1' title="bbox 787 174 956 207; baseline -0.018 0"><span class='ocrx_word' id='word_1_1' title='bbox 787 174 956 207; x_wconf 86' lang='lat' dir='ltr'><strong><em>THEODO]</em></strong></span> 
     </span>
    </p>
   </div>
   <div class='ocr_carea' id='block_1_2' title="bbox 1014 168 1851 210">
    <p class='ocr_par' dir='ltr' id='par_1_2' title="bbox 1014 168 1851 210">
     <span class='ocr_line' id='line_1_2' title="bbox 1014 168 1851 210; baseline -0.002 -7"><span class='ocrx_word' id='word_1_2' title='bbox 1014 172 1213 205; x_wconf 79' lang='lat' dir='ltr'><strong><em>PRODROMI</em></strong></span> <span class='ocrx_word' id='word_1_3' title='bbox 1316 206 1317 209; x_wconf 32' lang='grc' dir='ltr'><strong>η</strong></span> <span class='ocrx_word' id='word_1_4' title='bbox 1766 168 1823 210; x_wconf 60' lang='grc' dir='ltr'><strong><em>ῙλΓ</em></strong></span> <span class='ocrx_word' id='word_1_5' title='bbox 1834 169 1851 201; x_wconf 75' lang='grc'>2</span> 
     </span>
    </p>
   </div>
   <div class='ocr_carea' id='block_1_3' title="bbox 990 228 1770 267">
    <p class='ocr_par' dir='ltr' id='par_1_3' title="bbox 990 228 1770 267">
     <span class='ocr_line' id='line_1_3' title="bbox 990 228 1770 267; baseline -0.006 -9"><span class='ocrx_word' id='word_1_6' title='bbox 990 228 1016 257; x_wconf 78' lang='grc' dir='ltr'><strong>Δ</strong></span> <span class='ocrx_word' id='word_1_7' title='bbox 1029 231 1081 258; x_wconf 88' lang='grc' dir='ltr'>Τδν</span> <span class='ocrx_word' id='word_1_8' title='bbox 1095 230 1219 267; x_wconf 69' lang='grc' dir='ltr'>βρυχμὸν</span> <span class='ocrx_word' id='word_1_9' title='bbox 1233 230 1281 257; x_wconf 79' lang='grc' dir='ltr'>τοῦ</span> <span class='ocrx_word' id='word_1_10' title='bbox 1301 230 1408 262; x_wconf 79' lang='grc' dir='ltr'>λέοντος</span> <span class='ocrx_word' id='word_1_11' title='bbox 1421 229 1469 256; x_wconf 83' lang='grc' dir='ltr'><strong><em>τοῦ</em></strong></span> <span class='ocrx_word' id='word_1_12' title='bbox 1483 228 1770 265; x_wconf 73' lang='grc' dir='ltr'>μονοκρατορέοντος,</span> 
     </span>
    </p>
   </div>
   <div class='ocr_carea' id='block_1_4' title="bbox 1031 273 1849 312">
    <p class='ocr_par' dir='ltr' id='par_1_4' title="bbox 1031 273 1849 312">
     <span class='ocr_line' id='line_1_4' title="bbox 1031 273 1849 312; baseline -0.006 -9"><span class='ocrx_word' id='word_1_13' title='bbox 1031 277 1092 311; x_wconf 82' lang='grc' dir='ltr'><strong><em>Ὑφ’</em></strong></span> <span class='ocrx_word' id='word_1_14' title='bbox 1108 273 1138 304; x_wconf 78' lang='grc' dir='ltr'>οὖ</span> <span class='ocrx_word' id='word_1_15' title='bbox 1151 277 1198 304; x_wconf 78' lang='grc' dir='ltr'><strong><em>καὶ</em></strong></span> <span class='ocrx_word' id='word_1_16' title='bbox 1212 276 1313 312; x_wconf 82' lang='grc' dir='ltr'><strong><em>πέτραι</em></strong></span> <span class='ocrx_word' id='word_1_17' title='bbox 1325 276 1473 311; x_wconf 73' lang='grc' dir='ltr'><strong><em>ῥήγνυνται</em></strong></span> <span class='ocrx_word' id='word_1_18' title='bbox 1486 276 1534 302; x_wconf 69' lang='grc' dir='ltr'>καὶ</span> <span class='ocrx_word' id='word_1_19' title='bbox 1546 275 1670 302; x_wconf 76' lang='grc' dir='ltr'>θάλασσα</span> <span class='ocrx_word' id='word_1_20' title='bbox 1684 274 1849 307; x_wconf 50' lang='grc' dir='ltr'>φοϐεῖταιι</span> 
     </span>
    </p>
   </div>
   <div class='ocr_carea' id='block_1_5' title="bbox 187 177 257 212">
    <p class='ocr_par' dir='ltr' id='par_1_5' title="bbox 187 177 257 212">
     <span class='ocr_line' id='line_1_5' title="bbox 187 177 257 212; baseline -0.029 0"><span class='ocrx_word' id='word_1_21' title='bbox 187 177 257 212; x_wconf 79' lang='grc'><strong><em>1371</em></strong></span> 
     </span>
    </p>
   </div>
   <div class='ocr_carea' id='block_1_6' title="bbox 187 234 833 271">
    <p class='ocr_par' dir='ltr' id='par_1_6' title="bbox 187 234 833 271">
     <span class='ocr_line' id='line_1_6' title="bbox 187 234 833 271; baseline -0.005 -9"><span class='ocrx_word' id='word_1_22' title='bbox 187 236 223 262; x_wconf 86' lang='grc' dir='ltr'><em>Ἢ</em></span> <span class='ocrx_word' id='word_1_23' title='bbox 239 234 396 270; x_wconf 81' lang='grc' dir='ltr'>Χαλεπίτην</span> <span class='ocrx_word' id='word_1_24' title='bbox 409 234 539 269; x_wconf 85' lang='grc' dir='ltr'>πόλεμον,</span> <span class='ocrx_word' id='word_1_25' title='bbox 554 235 570 270; x_wconf 86' lang='grc' dir='ltr'>ἢ</span> <span class='ocrx_word' id='word_1_26' title='bbox 585 234 732 271; x_wconf 75' lang='grc' dir='ltr'>Σεζερίτην</span> <span class='ocrx_word' id='word_1_27' title='bbox 743 234 833 269; x_wconf 83' lang='grc' dir='ltr'>νίκην,</span> 
     </span>
    </p>
   </div>
   <div class='ocr_carea' id='block_1_7' title="bbox 189 280 936 316">
    <p class='ocr_par' dir='ltr' id='par_1_7' title="bbox 189 280 936 316">
     <span class='ocr_line' id='line_1_7' title="bbox 189 280 936 316; baseline -0.003 -8"><span class='ocrx_word' id='word_1_28' title='bbox 189 283 226 308; x_wconf 84' lang='grc' dir='ltr'>Ἤ</span> <span class='ocrx_word' id='word_1_29' title='bbox 241 290 268 308; x_wconf 88' lang='grc' dir='ltr'><strong><em>τι</em></strong></span> <span class='ocrx_word' id='word_1_30' title='bbox 282 281 337 307; x_wconf 83' lang='grc' dir='ltr'><strong><em>τῶν</em></strong></span> <span class='ocrx_word' id='word_1_31' title='bbox 361 281 573 316; x_wconf 81' lang='grc' dir='ltr'>ἀπειροπληθῶν</span> <span class='ocrx_word' id='word_1_32' title='bbox 589 281 771 316; x_wconf 81' lang='grc' dir='ltr'>Κομνηνικῶν</span> <span class='ocrx_word' id='word_1_33' title='bbox 787 280 936 316; x_wconf 82' lang='grc' dir='ltr'><strong><em>τροπαίων,</em></strong></span> 
     </span>
    </p>
   </div>
   <div class='ocr_carea' id='block_1_8' title="bbox 192 325 822 362">
    <p class='ocr_par' dir='ltr' id='par_1_8' title="bbox 192 325 822 362">
     <span class='ocr_line' id='line_1_8' title="bbox 192 325 822 362; baseline 0.002 -10"><span class='ocrx_word' id='word_1_34' title='bbox 192 327 332 357; x_wconf 78' lang='grc' dir='ltr'>’Λνέπνεις</span> <span class='ocrx_word' id='word_1_35' title='bbox 345 325 395 361; x_wconf 76' lang='grc' dir='ltr'>τὴν</span> <span class='ocrx_word' id='word_1_36' title='bbox 405 327 545 361; x_wconf 78' lang='grc' dir='ltr'><strong><em>ἀφήγησιν</em></strong></span> <span class='ocrx_word' id='word_1_37' title='bbox 559 327 629 362; x_wconf 79' lang='grc' dir='ltr'>ὑπὲρ</span> <span class='ocrx_word' id='word_1_38' title='bbox 643 327 724 353; x_wconf 81' lang='grc' dir='ltr'>αὑτὸν</span> <span class='ocrx_word' id='word_1_39' title='bbox 739 327 822 361; x_wconf 83' lang='grc' dir='ltr'>ἀέρα,</span> 
     </span>
    </p>
   </div>
   <div class='ocr_carea' id='block_1_9' title="bbox 192 371 948 407">
    <p class='ocr_par' dir='ltr' id='par_1_9' title="bbox 192 371 948 407">
     <span class='ocr_line' id='line_1_9' title="bbox 192 371 948 407; baseline 0.001 -11"><span class='ocrx_word' id='word_1_40' title='bbox 192 371 336 406; x_wconf 66' lang='grc' dir='ltr'>Ἐοικίρτας</span> <span class='ocrx_word' id='word_1_41' title='bbox 345 372 403 403; x_wconf 83' lang='grc' dir='ltr'>τοῖς</span> <span class='ocrx_word' id='word_1_42' title='bbox 424 371 607 406; x_wconf 77' lang='grc' dir='ltr'><strong><em>ἀκούσμασιν,</em></strong></span> <span class='ocrx_word' id='word_1_43' title='bbox 623 372 743 407; x_wconf 79' lang='grc' dir='ltr'><strong><em>ἠγάλλου</em></strong></span> <span class='ocrx_word' id='word_1_44' title='bbox 756 372 806 406; x_wconf 85' lang='grc' dir='ltr'>τὴν</span> <span class='ocrx_word' id='word_1_45' title='bbox 818 371 948 406; x_wconf 85' lang='grc' dir='ltr'>καρδίαν,</span> 
     </span>
    </p>
   </div>
   <div class='ocr_carea' id='block_1_10' title="bbox 185 416 871 453">
    <p class='ocr_par' dir='ltr' id='par_1_10' title="bbox 185 416 871 453">
     <span class='ocr_line' id='line_1_10' title="bbox 185 416 871 453; baseline 0.003 -12"><span class='ocrx_word' id='word_1_46' title='bbox 185 417 254 442; x_wconf 80' lang='grc' dir='ltr'>Μέλι</span> <span class='ocrx_word' id='word_1_47' title='bbox 270 416 397 452; x_wconf 75' lang='grc' dir='ltr'>θηλάζων</span> <span class='ocrx_word' id='word_1_48' title='bbox 412 417 507 452; x_wconf 77' lang='grc' dir='ltr'>ἔλεγες</span> <span class='ocrx_word' id='word_1_49' title='bbox 521 418 568 445; x_wconf 78' lang='grc' dir='ltr'>καὶ</span> <span class='ocrx_word' id='word_1_50' title='bbox 582 419 701 453; x_wconf 82' lang='grc' dir='ltr'><strong><em>τρώγειν</em></strong></span> <span class='ocrx_word' id='word_1_51' title='bbox 717 417 871 452; x_wconf 81' lang='grc' dir='ltr'>ἀμὸροσίαυ</span> 
     </span>
    </p>
   </div>
   <div class='ocr_carea' id='block_1_11' title="bbox 186 463 973 500">
    <p class='ocr_par' dir='ltr' id='par_1_11' title="bbox 186 463 973 500">
     <span class='ocr_line' id='line_1_11' title="bbox 186 463 973 500; baseline -0.001 -11"><span class='ocrx_word' id='word_1_52' title='bbox 186 463 241 490; x_wconf 76' lang='grc' dir='ltr'><strong><em>Καὶ</em></strong></span> <span class='ocrx_word' id='word_1_53' title='bbox 257 463 358 500; x_wconf 86' lang='grc' dir='ltr'>νέκταρ</span> <span class='ocrx_word' id='word_1_54' title='bbox 371 464 442 492; x_wconf 81' lang='grc' dir='ltr'>θεῖον</span> <span class='ocrx_word' id='word_1_55' title='bbox 454 464 503 492; x_wconf 80' lang='grc' dir='ltr'>καὶ</span> <span class='ocrx_word' id='word_1_56' title='bbox 517 466 645 500; x_wconf 80' lang='grc' dir='ltr'>τερπνὸν,</span> <span class='ocrx_word' id='word_1_57' title='bbox 662 465 765 500; x_wconf 78' lang='grc' dir='ltr'>βρῶσιν</span> <span class='ocrx_word' id='word_1_58' title='bbox 777 464 866 490; x_wconf 82' lang='grc' dir='ltr'>αὐτῶν</span> <span class='ocrx_word' id='word_1_59' title='bbox 889 463 973 498; x_wconf 85' lang='grc' dir='ltr'>ἀγγέ-</span> 
     </span>
    </p>
   </div>
   <div class='ocr_carea' id='block_1_12' title="bbox 847 509 935 546">
    <p class='ocr_par' dir='ltr' id='par_1_12' title="bbox 847 509 935 546">
     <span class='ocr_line' id='line_1_12' title="bbox 847 509 935 546; baseline 0 -11"><span class='ocrx_word' id='word_1_60' title='bbox 847 509 917 546; x_wconf 77' lang='grc' dir='ltr'>[λων</span> <span class='ocrx_word' id='word_1_61' title='bbox 928 517 935 524; x_wconf 79' lang='grc'><strong><em>⁸</em></strong></span> 
     </span>
    </p>
   </div>
   <div class='ocr_carea' id='block_1_13' title="bbox 184 554 935 591">
    <p class='ocr_par' dir='ltr' id='par_1_13' title="bbox 184 554 935 591">
     <span class='ocr_line' id='line_1_13' title="bbox 184 554 935 591; baseline 0.001 -11"><span class='ocrx_word' id='word_1_62' title='bbox 184 554 241 580; x_wconf 79' lang='grc' dir='ltr'><strong><em>Καὶ</em></strong></span> <span class='ocrx_word' id='word_1_63' title='bbox 251 554 381 589; x_wconf 85' lang='grc' dir='ltr'><strong><em>λήγοντος</em></strong></span> <span class='ocrx_word' id='word_1_64' title='bbox 389 556 436 583; x_wconf 80' lang='grc' dir='ltr'>τοῦ</span> <span class='ocrx_word' id='word_1_65' title='bbox 457 557 592 590; x_wconf 82' lang='grc' dir='ltr'>λέγοντος,</span> <span class='ocrx_word' id='word_1_66' title='bbox 613 556 741 591; x_wconf 81' lang='grc' dir='ltr'>ἡθύμεις,</span> <span class='ocrx_word' id='word_1_67' title='bbox 759 556 935 590; x_wconf 67' lang='grc' dir='ltr'>ἠγανάκτεις,</span> 
     </span>
    </p>
   </div>
   <div class='ocr_carea' id='block_1_14' title="bbox 184 591 881 637">
    <p class='ocr_par' dir='ltr' id='par_1_14' title="bbox 184 591 881 637">
     <span class='ocr_line' id='line_1_14' title="bbox 184 591 881 637; baseline 0.004 -12"><span class='ocrx_word' id='word_1_68' title='bbox 184 599 240 626; x_wconf 83' lang='grc' dir='ltr'><strong><em>Καὶ</em></strong></span> <span class='ocrx_word' id='word_1_69' title='bbox 253 591 418 636; x_wconf 71' lang='grc' dir='ltr'>τξαρεκάλεις</span> <span class='ocrx_word' id='word_1_70' title='bbox 431 602 476 628; x_wconf 74' lang='grc' dir='ltr'><strong><em>τὸν</em></strong></span> <span class='ocrx_word' id='word_1_71' title='bbox 489 602 584 637; x_wconf 77' lang='grc' dir='ltr'><strong><em>εἱρμὸν</em></strong></span> <span class='ocrx_word' id='word_1_72' title='bbox 598 601 766 628; x_wconf 74' lang='grc' dir='ltr'>ἀναλαῦόντα</span> <span class='ocrx_word' id='word_1_73' title='bbox 779 602 881 635; x_wconf 84' lang='grc' dir='ltr'>λέγειν.</span> 
     </span>
    </p>
   </div>
   <div class='ocr_carea' id='block_1_15' title="bbox 184 645 854 684">
    <p class='ocr_par' dir='ltr' id='par_1_15' title="bbox 184 645 854 684">
     <span class='ocr_line' id='line_1_15' title="bbox 184 645 854 684; baseline 0.004 -12"><span class='ocrx_word' id='word_1_74' title='bbox 184 646 313 679; x_wconf 80' lang='grc' dir='ltr'>Τοιοῦτος</span> <span class='ocrx_word' id='word_1_75' title='bbox 329 645 363 683; x_wconf 82' lang='grc' dir='ltr'>ἧς</span> <span class='ocrx_word' id='word_1_76' title='bbox 380 649 446 683; x_wconf 78' lang='grc' dir='ltr'><strong><em>περὶ</em></strong></span> <span class='ocrx_word' id='word_1_77' title='bbox 463 649 538 683; x_wconf 82' lang='grc' dir='ltr'>ἡμᾶς</span> <span class='ocrx_word' id='word_1_78' title='bbox 558 649 588 675; x_wconf 78' lang='grc' dir='ltr'>ἐν</span> <span class='ocrx_word' id='word_1_79' title='bbox 600 648 689 683; x_wconf 83' lang='grc' dir='ltr'>νεαρῷ</span> <span class='ocrx_word' id='word_1_80' title='bbox 698 648 735 683; x_wconf 83' lang='grc' dir='ltr'>τῷ</span> <span class='ocrx_word' id='word_1_81' title='bbox 748 649 837 684; x_wconf 74' lang='grc' dir='ltr'>χρόνῳ</span> <span class='ocrx_word' id='word_1_82' title='bbox 848 657 854 664; x_wconf 91' lang='grc'>·</span> 
     </span>
    </p>
   </div>
   <div class='ocr_carea' id='block_1_16' title="bbox 185 692 969 730">
    <p class='ocr_par' dir='ltr' id='par_1_16' title="bbox 185 692 969 730">
     <span class='ocr_line' id='line_1_16' title="bbox 185 692 969 730; baseline 0.004 -12"><span class='ocrx_word' id='word_1_83' title='bbox 185 692 244 718; x_wconf 79' lang='grc' dir='ltr'><strong><em>Νῦν</em></strong></span> <span class='ocrx_word' id='word_1_84' title='bbox 259 692 286 719; x_wconf 77' lang='grc' dir='ltr'>δὲ</span> <span class='ocrx_word' id='word_1_85' title='bbox 301 693 397 728; x_wconf 87' lang='grc' dir='ltr'>παρὼν</span> <span class='ocrx_word' id='word_1_86' title='bbox 412 694 460 720; x_wconf 81' lang='grc' dir='ltr'>καὶ</span> <span class='ocrx_word' id='word_1_87' title='bbox 479 694 632 729; x_wconf 85' lang='grc' dir='ltr'>συμπαρὼν</span> <span class='ocrx_word' id='word_1_88' title='bbox 646 694 720 729; x_wconf 83' lang='grc' dir='ltr'>αὐτῷ</span> <span class='ocrx_word' id='word_1_89' title='bbox 740 695 779 728; x_wconf 84' lang='grc' dir='ltr'>τῷ</span> <span class='ocrx_word' id='word_1_90' title='bbox 793 695 969 730; x_wconf 80' lang='grc' dir='ltr'>στεφηφόρῳ,</span> 
     </span>
    </p>
   </div>
   <div class='ocr_carea' id='block_1_17' title="bbox 184 739 897 776">
    <p class='ocr_par' dir='ltr' id='par_1_17' title="bbox 184 739 897 776">
     <span class='ocr_line' id='line_1_17' title="bbox 184 739 897 776; baseline 0.004 -11"><span class='ocrx_word' id='word_1_91' title='bbox 184 739 239 765; x_wconf 83' lang='lat' dir='ltr'><strong><em>Kal</em></strong></span> <span class='ocrx_word' id='word_1_92' title='bbox 256 739 382 776; x_wconf 77' lang='grc' dir='ltr'>καθορῶν</span> <span class='ocrx_word' id='word_1_93' title='bbox 395 739 541 771; x_wconf 75' lang='grc' dir='ltr'><strong><em>αὐτότατος</em></strong></span> <span class='ocrx_word' id='word_1_94' title='bbox 552 741 636 767; x_wconf 68' lang='grc' dir='ltr'>αὑτοῦ</span> <span class='ocrx_word' id='word_1_95' title='bbox 653 743 703 773; x_wconf 76' lang='grc' dir='ltr'>τὰς</span> <span class='ocrx_word' id='word_1_96' title='bbox 719 742 897 776; x_wconf 77' lang='grc' dir='ltr'><strong><em>στρατηγίας,</em></strong></span> 
     </span>
    </p>
   </div>
   <div class='ocr_carea' id='block_1_18' title="bbox 183 784 968 821">
    <p class='ocr_par' dir='ltr' id='par_1_18' title="bbox 183 784 968 821">
     <span class='ocr_line' id='line_1_18' title="bbox 183 784 968 821; baseline 0.005 -11"><span class='ocrx_word' id='word_1_97' title='bbox 183 785 239 811; x_wconf 85' lang='lat' dir='ltr'><strong><em>Kal</em></strong></span> <span class='ocrx_word' id='word_1_98' title='bbox 252 784 360 819; x_wconf 82' lang='grc' dir='ltr'>βλέπων</span> <span class='ocrx_word' id='word_1_99' title='bbox 378 786 502 821; x_wconf 79' lang='grc' dir='ltr'>δμμασιν</span> <span class='ocrx_word' id='word_1_100' title='bbox 517 786 608 818; x_wconf 81' lang='grc' dir='ltr'>αὐτοῖς</span> <span class='ocrx_word' id='word_1_101' title='bbox 623 786 672 818; x_wconf 83' lang='grc' dir='ltr'><strong><em>τὰς</em></strong></span> <span class='ocrx_word' id='word_1_102' title='bbox 683 787 726 814; x_wconf 76' lang='grc' dir='ltr'><strong><em>ἐπ’</em></strong></span> <span class='ocrx_word' id='word_1_103' title='bbox 741 787 861 819; x_wconf 76' lang='grc' dir='ltr'>ἐκείναις</span> <span class='ocrx_word' id='word_1_104' title='bbox 880 787 968 820; x_wconf 83' lang='grc' dir='ltr'>νίκας,</span> 
     </span>
    </p>
   </div>
   <div class='ocr_carea' id='block_1_19' title="bbox 184 831 889 869">
    <p class='ocr_par' dir='ltr' id='par_1_19' title="bbox 184 831 889 869">
     <span class='ocr_line' id='line_1_19' title="bbox 184 831 889 869; baseline 0.006 -13"><span class='ocrx_word' id='word_1_105' title='bbox 184 831 224 856; x_wconf 81' lang='grc' dir='ltr'><strong><em>Τὰ</em></strong></span> <span class='ocrx_word' id='word_1_106' title='bbox 240 831 300 858; x_wconf 88' lang='grc' dir='ltr'>καθ’</span> <span class='ocrx_word' id='word_1_107' title='bbox 313 831 421 868; x_wconf 80' lang='grc' dir='ltr'>ἡμέραν</span> <span class='ocrx_word' id='word_1_108' title='bbox 435 833 557 868; x_wconf 77' lang='grc' dir='ltr'>τρόπαια</span> <span class='ocrx_word' id='word_1_109' title='bbox 572 834 618 861; x_wconf 81' lang='grc' dir='ltr'>καὶ</span> <span class='ocrx_word' id='word_1_110' title='bbox 631 834 681 866; x_wconf 82' lang='grc' dir='ltr'><strong><em>τὰς</em></strong></span> <span class='ocrx_word' id='word_1_111' title='bbox 693 833 889 869; x_wconf 72' lang='grc' dir='ltr'>ἀνδραγαθίας,</span> 
     </span>
    </p>
   </div>
   <div class='ocr_carea' id='block_1_20' title="bbox 183 877 966 914">
    <p class='ocr_par' dir='ltr' id='par_1_20' title="bbox 183 877 966 914">
     <span class='ocr_line' id='line_1_20' title="bbox 183 877 966 914; baseline 0.005 -12"><span class='ocrx_word' id='word_1_112' title='bbox 183 877 238 910; x_wconf 86' lang='grc' dir='ltr'><strong><em>Τὴν</em></strong></span> <span class='ocrx_word' id='word_1_113' title='bbox 250 877 304 903; x_wconf 86' lang='grc' dir='ltr'><strong><em>τῶν</em></strong></span> <span class='ocrx_word' id='word_1_114' title='bbox 316 879 401 905; x_wconf 78' lang='grc' dir='ltr'>ἐθνῶν</span> <span class='ocrx_word' id='word_1_115' title='bbox 418 879 586 912; x_wconf 83' lang='grc' dir='ltr'>ὑπόπτωσιν,</span> <span class='ocrx_word' id='word_1_116' title='bbox 602 879 653 914; x_wconf 85' lang='grc' dir='ltr'>τὴν</span> <span class='ocrx_word' id='word_1_117' title='bbox 669 879 796 906; x_wconf 77' lang='grc' dir='ltr'>εὔκλειαν</span> <span class='ocrx_word' id='word_1_118' title='bbox 812 879 966 914; x_wconf 88' lang='grc' dir='ltr'>Ῥωμαίων,</span> 
     </span>
    </p>
   </div>
   <div class='ocr_carea' id='block_1_21' title="bbox 1024 320 1841 358">
    <p class='ocr_par' dir='ltr' id='par_1_21' title="bbox 1024 320 1841 358">
     <span class='ocr_line' id='line_1_21' title="bbox 1024 320 1841 358; baseline -0.006 -9"><span class='ocrx_word' id='word_1_119' title='bbox 1024 322 1080 350; x_wconf 80' lang='grc' dir='ltr'><strong><em>Καὶ</em></strong></span> <span class='ocrx_word' id='word_1_120' title='bbox 1094 322 1190 358; x_wconf 79' lang='grc' dir='ltr'>ῥεῖθρα</span> <span class='ocrx_word' id='word_1_121' title='bbox 1201 323 1296 357; x_wconf 80' lang='grc' dir='ltr'><strong><em>τέμνει</em></strong></span> <span class='ocrx_word' id='word_1_122' title='bbox 1309 321 1451 356; x_wconf 83' lang='grc' dir='ltr'>ποταμῶν,</span> <span class='ocrx_word' id='word_1_123' title='bbox 1466 321 1512 348; x_wconf 71' lang='grc' dir='ltr'><strong><em>καὶ</em></strong></span> <span class='ocrx_word' id='word_1_124' title='bbox 1527 322 1602 347; x_wconf 81' lang='grc' dir='ltr'>πᾶσα</span> <span class='ocrx_word' id='word_1_125' title='bbox 1617 321 1653 354; x_wconf 77' lang='grc' dir='ltr'><strong><em>γῆ</em></strong></span> <span class='ocrx_word' id='word_1_126' title='bbox 1668 320 1841 346; x_wconf 69' lang='grc' dir='ltr'>κλονεῖτπι-</span> 
     </span>
    </p>
   </div>
   <div class='ocr_carea' id='block_1_22' title="bbox 1024 366 1814 403">
    <p class='ocr_par' dir='ltr' id='par_1_22' title="bbox 1024 366 1814 403">
     <span class='ocr_line' id='line_1_22' title="bbox 1024 366 1814 403; baseline -0.005 -6"><span class='ocrx_word' id='word_1_127' title='bbox 1024 368 1117 397; x_wconf 82' lang='grc' dir='ltr'>Ταῦτα</span> <span class='ocrx_word' id='word_1_128' title='bbox 1136 368 1198 396; x_wconf 75' lang='grc' dir='ltr'>καθ’</span> <span class='ocrx_word' id='word_1_129' title='bbox 1216 368 1291 403; x_wconf 82' lang='grc' dir='ltr'>ὤραν</span> <span class='ocrx_word' id='word_1_130' title='bbox 1303 368 1415 402; x_wconf 87' lang='grc' dir='ltr'>θεωρῶν</span> <span class='ocrx_word' id='word_1_131' title='bbox 1430 368 1478 394; x_wconf 72' lang='grc' dir='ltr'>καὶ</span> <span class='ocrx_word' id='word_1_132' title='bbox 1498 367 1582 394; x_wconf 83' lang='grc' dir='ltr'>πλείω</span> <span class='ocrx_word' id='word_1_133' title='bbox 1597 367 1704 392; x_wconf 77' lang='grc' dir='ltr'>τούτων</span> <span class='ocrx_word' id='word_1_134' title='bbox 1721 366 1814 393; x_wconf 60' lang='grc' dir='ltr'>ἄλλα.</span> 
     </span>
    </p>
   </div>
   <div class='ocr_carea' id='block_1_23' title="bbox 1023 412 1790 451">
    <p class='ocr_par' dir='ltr' id='par_1_23' title="bbox 1023 412 1790 451">
     <span class='ocr_line' id='line_1_23' title="bbox 1023 412 1790 451; baseline -0.005 -8"><span class='ocrx_word' id='word_1_135' title='bbox 1023 416 1147 451; x_wconf 83' lang='grc' dir='ltr'>Γέγηθας</span> <span class='ocrx_word' id='word_1_136' title='bbox 1165 415 1246 449; x_wconf 84' lang='grc' dir='ltr'>μόνος</span> <span class='ocrx_word' id='word_1_137' title='bbox 1261 414 1304 441; x_wconf 72' lang='grc' dir='ltr'><strong><em>ἐπ’</em></strong></span> <span class='ocrx_word' id='word_1_138' title='bbox 1320 414 1423 446; x_wconf 80' lang='grc' dir='ltr'>αὐτοῖς,</span> <span class='ocrx_word' id='word_1_139' title='bbox 1447 414 1527 449; x_wconf 84' lang='grc' dir='ltr'>μόνος</span> <span class='ocrx_word' id='word_1_140' title='bbox 1544 414 1651 448; x_wconf 78' lang='grc' dir='ltr'>τρυφᾷς</span> <span class='ocrx_word' id='word_1_141' title='bbox 1667 414 1700 446; x_wconf 76' lang='grc' dir='ltr'>τῇ</span> <span class='ocrx_word' id='word_1_142' title='bbox 1719 412 1790 446; x_wconf 72' lang='grc' dir='ltr'>θέᾳ.</span> 
     </span>
    </p>
   </div>
   <div class='ocr_carea' id='block_1_24' title="bbox 1022 458 1810 497">
    <p class='ocr_par' dir='ltr' id='par_1_24' title="bbox 1022 458 1810 497">
     <span class='ocr_line' id='line_1_24' title="bbox 1022 458 1810 497; baseline -0.008 -8"><span class='ocrx_word' id='word_1_143' title='bbox 1022 463 1058 489; x_wconf 78' lang='grc' dir='ltr'><strong><em>Οὐ</em></strong></span> <span class='ocrx_word' id='word_1_144' title='bbox 1076 461 1222 497; x_wconf 79' lang='grc' dir='ltr'>μεταδίδως</span> <span class='ocrx_word' id='word_1_145' title='bbox 1239 459 1288 488; x_wconf 82' lang='grc' dir='ltr'><strong><em>τοῦ</em></strong></span> <span class='ocrx_word' id='word_1_146' title='bbox 1303 459 1390 487; x_wconf 81' lang='grc' dir='ltr'>καλοῦ</span> <span class='ocrx_word' id='word_1_147' title='bbox 1409 459 1447 495; x_wconf 80' lang='grc' dir='ltr'><strong><em>τῷ</em></strong></span> <span class='ocrx_word' id='word_1_148' title='bbox 1464 459 1533 494; x_wconf 83' lang='grc' dir='ltr'>φίλῳ</span> <span class='ocrx_word' id='word_1_149' title='bbox 1551 467 1598 485; x_wconf 87' lang='grc' dir='ltr'><strong><em>σου</em></strong></span> <span class='ocrx_word' id='word_1_150' title='bbox 1622 458 1784 493; x_wconf 63' lang='grc' dir='ltr'>Προδρόμιίι</span> <span class='ocrx_word' id='word_1_151' title='bbox 1801 467 1810 489; x_wconf 88' lang='grc'>;</span> 
     </span>
    </p>
   </div>
   <div class='ocr_carea' id='block_1_25' title="bbox 1022 505 1746 541">
    <p class='ocr_par' dir='ltr' id='par_1_25' title="bbox 1022 505 1746 541">
     <span class='ocr_line' id='line_1_25' title="bbox 1022 505 1746 541; baseline -0.008 -6"><span class='ocrx_word' id='word_1_152' title='bbox 1022 507 1060 535; x_wconf 79' lang='grc' dir='ltr'><strong><em>Οὐ</em></strong></span> <span class='ocrx_word' id='word_1_153' title='bbox 1076 507 1203 534; x_wconf 86' lang='grc' dir='ltr'>κοινωνδν</span> <span class='ocrx_word' id='word_1_154' title='bbox 1222 506 1272 541; x_wconf 85' lang='grc' dir='ltr'><strong><em>τῆς</em></strong></span> <span class='ocrx_word' id='word_1_155' title='bbox 1287 505 1384 541; x_wconf 71' lang='grc' dir='ltr'>ἡδονῆς</span> <span class='ocrx_word' id='word_1_156' title='bbox 1396 505 1479 532; x_wconf 76' lang='grc' dir='ltr'>αὑτὸν</span> <span class='ocrx_word' id='word_1_157' title='bbox 1494 505 1746 539; x_wconf 74' lang='grc' dir='ltr'>παραλαμϐάνεις;</span> 
     </span>
    </p>
   </div>
   <div class='ocr_carea' id='block_1_26' title="bbox 1022 550 1831 589">
    <p class='ocr_par' dir='ltr' id='par_1_26' title="bbox 1022 550 1831 589">
     <span class='ocr_line' id='line_1_26' title="bbox 1022 550 1831 589; baseline -0.009 -8"><span class='ocrx_word' id='word_1_158' title='bbox 1022 554 1059 581; x_wconf 77' lang='grc' dir='ltr'><strong><em>Οὐ</em></strong></span> <span class='ocrx_word' id='word_1_159' title='bbox 1075 552 1258 589; x_wconf 79' lang='grc' dir='ltr'>παροτρύνεις</span> <span class='ocrx_word' id='word_1_160' title='bbox 1277 553 1320 584; x_wconf 82' lang='grc' dir='ltr'><strong><em>εἰς</em></strong></span> <span class='ocrx_word' id='word_1_161' title='bbox 1334 552 1456 587; x_wconf 76' lang='grc' dir='ltr'>γραφὰς,</span> <span class='ocrx_word' id='word_1_162' title='bbox 1476 551 1508 578; x_wconf 86' lang='grc' dir='ltr'>οὐ</span> <span class='ocrx_word' id='word_1_163' title='bbox 1525 550 1672 585; x_wconf 82' lang='grc' dir='ltr'>παρορμᾷς</span> <span class='ocrx_word' id='word_1_164' title='bbox 1688 550 1732 580; x_wconf 74' lang='grc' dir='ltr'><strong><em>είς</em></strong></span> <span class='ocrx_word' id='word_1_165' title='bbox 1751 550 1831 575; x_wconf 79' lang='grc' dir='ltr'>στοί-</span> 
     </span>
    </p>
   </div>
   <div class='ocr_carea' id='block_1_27' title="bbox 1682 594 1785 630">
    <p class='ocr_par' dir='ltr' id='par_1_27' title="bbox 1682 594 1785 630">
     <span class='ocr_line' id='line_1_27' title="bbox 1682 594 1785 630; baseline -0.01 0"><span class='ocrx_word' id='word_1_166' title='bbox 1682 594 1785 630; x_wconf 66' lang='grc' dir='ltr'>[χουςε</span> 
     </span>
    </p>
   </div>
   <div class='ocr_carea' id='block_1_28' title="bbox 1021 641 1830 680">
    <p class='ocr_par' dir='ltr' id='par_1_28' title="bbox 1021 641 1830 680">
     <span class='ocr_line' id='line_1_28' title="bbox 1021 641 1830 680; baseline -0.007 -8"><span class='ocrx_word' id='word_1_167' title='bbox 1021 645 1078 672; x_wconf 69' lang='grc' dir='ltr'><strong><em>Οὔκ</em></strong></span> <span class='ocrx_word' id='word_1_168' title='bbox 1090 644 1191 680; x_wconf 75' lang='grc' dir='ltr'>ἀκονᾷς</span> <span class='ocrx_word' id='word_1_169' title='bbox 1205 645 1256 679; x_wconf 84' lang='grc' dir='ltr'><strong><em>τὴν</em></strong></span> <span class='ocrx_word' id='word_1_170' title='bbox 1268 643 1393 678; x_wconf 80' lang='grc' dir='ltr'>γλῶττάν</span> <span class='ocrx_word' id='word_1_171' title='bbox 1410 650 1462 676; x_wconf 87' lang='grc' dir='ltr'><strong><em>μου</em></strong></span> <span class='ocrx_word' id='word_1_172' title='bbox 1474 642 1521 668; x_wconf 77' lang='grc' dir='ltr'>καὶ</span> <span class='ocrx_word' id='word_1_173' title='bbox 1534 641 1629 676; x_wconf 84' lang='grc' dir='ltr'>θήγεις</span> <span class='ocrx_word' id='word_1_174' title='bbox 1644 649 1697 673; x_wconf 86' lang='grc' dir='ltr'><strong><em>μου</em></strong></span> <span class='ocrx_word' id='word_1_175' title='bbox 1709 641 1744 666; x_wconf 73' lang='grc' dir='ltr'><strong><em>τὸ</em></strong></span> <span class='ocrx_word' id='word_1_176' title='bbox 1759 641 1830 666; x_wconf 79' lang='grc' dir='ltr'>στό-</span> 
     </span>
    </p>
   </div>
   <div class='ocr_carea' id='block_1_29' title="bbox 1709 685 1784 720">
    <p class='ocr_par' dir='ltr' id='par_1_29' title="bbox 1709 685 1784 720">
     <span class='ocr_line' id='line_1_29' title="bbox 1709 685 1784 720; baseline -0.04 0"><span class='ocrx_word' id='word_1_177' title='bbox 1709 685 1784 720; x_wconf 68' lang='grc' dir='ltr'>[μαι</span> 
     </span>
    </p>
   </div>
   <div class='ocr_carea' id='block_1_30' title="bbox 1021 731 1803 768">
    <p class='ocr_par' dir='ltr' id='par_1_30' title="bbox 1021 731 1803 768">
     <span class='ocr_line' id='line_1_30' title="bbox 1021 731 1803 768; baseline -0.004 -8"><span class='ocrx_word' id='word_1_178' title='bbox 1021 733 1117 760; x_wconf 84' lang='grc' dir='ltr'>Καίτοι</span> <span class='ocrx_word' id='word_1_179' title='bbox 1133 733 1278 768; x_wconf 81' lang='grc' dir='ltr'>γινώσκων</span> <span class='ocrx_word' id='word_1_180' title='bbox 1292 741 1326 767; x_wconf 89' lang='grc' dir='ltr'><strong><em>με</em></strong></span> <span class='ocrx_word' id='word_1_181' title='bbox 1339 732 1430 764; x_wconf 84' lang='grc' dir='ltr'>καλῶς</span> <span class='ocrx_word' id='word_1_182' title='bbox 1442 732 1495 759; x_wconf 81' lang='grc' dir='ltr'><strong><em>ἀπὸ</em></strong></span> <span class='ocrx_word' id='word_1_183' title='bbox 1513 731 1618 767; x_wconf 78' lang='grc' dir='ltr'>μακροῦ</span> <span class='ocrx_word' id='word_1_184' title='bbox 1630 731 1679 758; x_wconf 86' lang='grc' dir='ltr'><strong><em>τοῦ</em></strong></span> <span class='ocrx_word' id='word_1_185' title='bbox 1691 731 1803 766; x_wconf 64' lang='grc' dir='ltr'>χρόνου</span> 
     </span>
    </p>
   </div>
   <div class='ocr_carea' id='block_1_31' title="bbox 1022 777 1736 814">
    <p class='ocr_par' dir='ltr' id='par_1_31' title="bbox 1022 777 1736 814">
     <span class='ocr_line' id='line_1_31' title="bbox 1022 777 1736 814; baseline -0.004 -8"><span class='ocrx_word' id='word_1_186' title='bbox 1022 780 1070 806; x_wconf 84' lang='grc' dir='ltr'>Ἕν</span> <span class='ocrx_word' id='word_1_187' title='bbox 1079 778 1158 806; x_wconf 76' lang='grc' dir='ltr'>τοῦτο</span> <span class='ocrx_word' id='word_1_188' title='bbox 1170 778 1250 814; x_wconf 79' lang='grc' dir='ltr'>μόνον</span> <span class='ocrx_word' id='word_1_189' title='bbox 1263 778 1378 805; x_wconf 83' lang='grc' dir='ltr'>πνέοντα</span> <span class='ocrx_word' id='word_1_190' title='bbox 1394 778 1457 809; x_wconf 80' lang='grc' dir='ltr'>τοὺς</span> <span class='ocrx_word' id='word_1_191' title='bbox 1471 777 1602 812; x_wconf 86' lang='grc' dir='ltr'>βασιλέως</span> <span class='ocrx_word' id='word_1_192' title='bbox 1617 777 1736 811; x_wconf 79' lang='grc' dir='ltr'>ὕμνους,</span> 
     </span>
    </p>
   </div>
   <div class='ocr_carea' id='block_1_32' title="bbox 1020 823 1820 859">
    <p class='ocr_par' dir='ltr' id='par_1_32' title="bbox 1020 823 1820 859">
     <span class='ocr_line' id='line_1_32' title="bbox 1020 823 1820 859; baseline -0.006 -6"><span class='ocrx_word' id='word_1_193' title='bbox 1020 826 1104 853; x_wconf 82' lang='grc' dir='ltr'>Ὅθεν</span> <span class='ocrx_word' id='word_1_194' title='bbox 1117 826 1164 852; x_wconf 75' lang='grc' dir='ltr'>καὶ</span> <span class='ocrx_word' id='word_1_195' title='bbox 1181 824 1281 859; x_wconf 80' lang='grc' dir='ltr'>στίχων</span> <span class='ocrx_word' id='word_1_196' title='bbox 1297 824 1343 850; x_wconf 68' lang='grc' dir='ltr'>καὶ</span> <span class='ocrx_word' id='word_1_197' title='bbox 1358 824 1450 858; x_wconf 75' lang='grc' dir='ltr'>σχεδὸν</span> <span class='ocrx_word' id='word_1_198' title='bbox 1465 823 1513 850; x_wconf 70' lang='grc' dir='ltr'>καὶ</span> <span class='ocrx_word' id='word_1_199' title='bbox 1525 823 1700 858; x_wconf 82' lang='grc' dir='ltr'>πεζαιτέρων</span> <span class='ocrx_word' id='word_1_200' title='bbox 1710 823 1820 856; x_wconf 81' lang='grc' dir='ltr'>λόγων,</span> 
     </span>
    </p>
   </div>
   <div class='ocr_carea' id='block_1_33' title="bbox 1020 869 1824 906">
    <p class='ocr_par' dir='ltr' id='par_1_33' title="bbox 1020 869 1824 906">
     <span class='ocr_line' id='line_1_33' title="bbox 1020 869 1824 906; baseline -0.007 -7"><span class='ocrx_word' id='word_1_201' title='bbox 1020 872 1133 904; x_wconf 76' lang='grc' dir='ltr'>Βίϐλους</span> <span class='ocrx_word' id='word_1_202' title='bbox 1147 871 1246 906; x_wconf 83' lang='grc' dir='ltr'>μυρίας</span> <span class='ocrx_word' id='word_1_203' title='bbox 1262 869 1414 905; x_wconf 79' lang='grc' dir='ltr'>εἴργασμαι</span> <span class='ocrx_word' id='word_1_204' title='bbox 1426 869 1473 896; x_wconf 79' lang='grc' dir='ltr'>καὶ</span> <span class='ocrx_word' id='word_1_205' title='bbox 1487 869 1587 904; x_wconf 82' lang='grc' dir='ltr'>τόμους</span> <span class='ocrx_word' id='word_1_206' title='bbox 1608 869 1824 904; x_wconf 65' lang='grc' dir='ltr'>ἁμφιγράφους,</span> 
     </span>
    </p>
   </div>
   <div class='ocr_carea' id='block_1_34' title="bbox 183 902 1741 960">
    <p class='ocr_par' dir='ltr' id='par_1_34' title="bbox 183 902 1741 960">
     <span class='ocr_line' id='line_1_34' title="bbox 183 902 1741 960; baseline 0 -11"><span class='ocrx_word' id='word_1_207' title='bbox 183 902 299 950; x_wconf 50' lang='grc' dir='ltr'><strong><em>Πὶίέπῶν</em></strong></span> <span class='ocrx_word' id='word_1_208' title='bbox 365 902 637 959; x_wconf 50' lang='grc' dir='ltr'><strong><em>ξιὲλνᾏξᾷίὸξιᾶᾆιέσαί</em></strong></span> <span class='ocrx_word' id='word_1_209' title='bbox 653 926 699 952; x_wconf 78' lang='grc' dir='ltr'>καὶ</span> <span class='ocrx_word' id='word_1_210' title='bbox 720 925 818 960; x_wconf 84' lang='grc' dir='ltr'>λίμνας</span> <span class='ocrx_word' id='word_1_211' title='bbox 832 902 969 960; x_wconf 41' lang='lat' dir='ltr'><strong><em>ominous:</em></strong></span> <span class='ocrx_word' id='word_1_212' title='bbox 984 902 1004 929; x_wconf 72' lang='grc' dir='ltr'><strong><em>Β</em></strong></span> <span class='ocrx_word' id='word_1_213' title='bbox 1020 918 1210 954; x_wconf 76' lang='grc' dir='ltr'>κηρύττοντιις</span> <span class='ocrx_word' id='word_1_214' title='bbox 1221 916 1255 960; x_wconf 67' lang='grc' dir='ltr'><strong><em>’ξά</em></strong></span> <span class='ocrx_word' id='word_1_215' title='bbox 1268 916 1387 949; x_wconf 73' lang='grc' dir='ltr'>τρόπαια</span> <span class='ocrx_word' id='word_1_216' title='bbox 1402 917 1450 950; x_wconf 75' lang='grc' dir='ltr'><strong><em>τῆς</em></strong></span> <span class='ocrx_word' id='word_1_217' title='bbox 1462 915 1558 941; x_wconf 71' lang='grc' dir='ltr'><strong><em>τούτου</em></strong></span> <span class='ocrx_word' id='word_1_218' title='bbox 1574 914 1715 960; x_wconf 57' lang='grc' dir='ltr'><strong><em>βασιλείᾏῖ</em></strong></span> <span class='ocrx_word' id='word_1_219' title='bbox 1731 921 1741 929; x_wconf 81' lang='grc'><em>’</em></span> 
     </span>
    </p>
   </div>
   <div class='ocr_carea' id='block_1_35' title="bbox 863 971 932 1007">
    <p class='ocr_par' dir='ltr' id='par_1_35' title="bbox 863 971 932 1007">
     <span class='ocr_line' id='line_1_35' title="bbox 863 971 932 1007; baseline 0.014 -11"><span class='ocrx_word' id='word_1_220' title='bbox 863 971 932 1007; x_wconf 83' lang='grc' dir='ltr'>[νας,</span> 
     </span>
    </p>
   </div>
   <div class='ocr_carea' id='block_1_36' title="bbox 182 1015 916 1053">
    <p class='ocr_par' dir='ltr' id='par_1_36' title="bbox 182 1015 916 1053">
     <span class='ocr_line' id='line_1_36' title="bbox 182 1015 916 1053; baseline 0.003 -13"><span class='ocrx_word' id='word_1_221' title='bbox 182 1015 290 1048; x_wconf 63' lang='grc' dir='ltr'>Λίμναις</span> <span class='ocrx_word' id='word_1_222' title='bbox 301 1015 350 1048; x_wconf 74' lang='grc' dir='ltr'><strong><em>τὰς</em></strong></span> <span class='ocrx_word' id='word_1_223' title='bbox 366 1016 563 1052; x_wconf 77' lang='grc' dir='ltr'>ἀπειροόαθεῖς</span> <span class='ocrx_word' id='word_1_224' title='bbox 585 1017 635 1048; x_wconf 79' lang='grc' dir='ltr'><strong><em>τὰς</em></strong></span> <span class='ocrx_word' id='word_1_225' title='bbox 652 1016 916 1053; x_wconf 83' lang='grc' dir='ltr'>ἀπειροθαλάσσους,</span> 
     </span>
    </p>
   </div>
   <div class='ocr_carea' id='block_1_37' title="bbox 184 1060 916 1098">
    <p class='ocr_par' dir='ltr' id='par_1_37' title="bbox 184 1060 916 1098">
     <span class='ocr_line' id='line_1_37' title="bbox 184 1060 916 1098; baseline 0.004 -12"><span class='ocrx_word' id='word_1_226' title='bbox 184 1061 237 1086; x_wconf 87' lang='lat' dir='ltr'><strong><em>Kal</em></strong></span> <span class='ocrx_word' id='word_1_227' title='bbox 251 1060 300 1092; x_wconf 88' lang='grc' dir='ltr'><strong><em>τὰς</em></strong></span> <span class='ocrx_word' id='word_1_228' title='bbox 320 1061 531 1097; x_wconf 70' lang='grc' dir='ltr'>ἀπειροπόλιδας</span> <span class='ocrx_word' id='word_1_229' title='bbox 547 1063 596 1089; x_wconf 85' lang='grc' dir='ltr'>καὶ</span> <span class='ocrx_word' id='word_1_230' title='bbox 610 1062 660 1094; x_wconf 80' lang='grc' dir='ltr'>τὰς</span> <span class='ocrx_word' id='word_1_231' title='bbox 672 1062 916 1098; x_wconf 80' lang='grc' dir='ltr'>ἀπειρανθρώπους</span> 
     </span>
    </p>
   </div>
   <div class='ocr_carea' id='block_1_38' title="bbox 182 1106 967 1143">
    <p class='ocr_par' dir='ltr' id='par_1_38' title="bbox 182 1106 967 1143">
     <span class='ocr_line' id='line_1_38' title="bbox 182 1106 967 1143; baseline 0.003 -11"><span class='ocrx_word' id='word_1_232' title='bbox 182 1106 238 1138; x_wconf 84' lang='grc' dir='ltr'>Τὰς</span> <span class='ocrx_word' id='word_1_233' title='bbox 250 1107 316 1142; x_wconf 84' lang='grc' dir='ltr'>πρὶν</span> <span class='ocrx_word' id='word_1_234' title='bbox 329 1108 414 1135; x_wconf 74' lang='grc' dir='ltr'>ἐθνῶν</span> <span class='ocrx_word' id='word_1_235' title='bbox 426 1109 472 1135; x_wconf 66' lang='grc' dir='ltr'><strong><em>καὶ</em></strong></span> <span class='ocrx_word' id='word_1_236' title='bbox 480 1109 621 1143; x_wconf 79' lang='grc' dir='ltr'>Περσικὰς</span> <span class='ocrx_word' id='word_1_237' title='bbox 632 1109 679 1136; x_wconf 81' lang='grc' dir='ltr'>καὶ</span> <span class='ocrx_word' id='word_1_238' title='bbox 693 1109 791 1143; x_wconf 87' lang='grc' dir='ltr'>μοίρας</span> <span class='ocrx_word' id='word_1_239' title='bbox 801 1107 967 1142; x_wconf 77' lang='grc' dir='ltr'>ἁλλοφύλωψ</span> 
     </span>
    </p>
   </div>
   <div class='ocr_carea' id='block_1_39' title="bbox 181 1151 968 1190">
    <p class='ocr_par' dir='ltr' id='par_1_39' title="bbox 181 1151 968 1190">
     <span class='ocr_line' id='line_1_39' title="bbox 181 1151 968 1190; baseline 0.003 -12"><span class='ocrx_word' id='word_1_240' title='bbox 181 1151 239 1178; x_wconf 82' lang='grc' dir='ltr'><strong><em>Νῦν</em></strong></span> <span class='ocrx_word' id='word_1_241' title='bbox 257 1153 285 1180; x_wconf 84' lang='grc' dir='ltr'>δὲ</span> <span class='ocrx_word' id='word_1_242' title='bbox 295 1153 344 1188; x_wconf 83' lang='grc' dir='ltr'><strong><em>τῆς</em></strong></span> <span class='ocrx_word' id='word_1_243' title='bbox 363 1153 471 1189; x_wconf 87' lang='grc' dir='ltr'>Ῥώμης</span> <span class='ocrx_word' id='word_1_244' title='bbox 487 1155 534 1181; x_wconf 84' lang='lat' dir='ltr'><strong><em>ual</em></strong></span> <span class='ocrx_word' id='word_1_245' title='bbox 549 1155 652 1182; x_wconf 78' lang='grc' dir='ltr'>πιστῶν</span> <span class='ocrx_word' id='word_1_246' title='bbox 661 1156 709 1182; x_wconf 69' lang='grc' dir='ltr'>καὶ</span> <span class='ocrx_word' id='word_1_247' title='bbox 721 1155 819 1190; x_wconf 78' lang='grc' dir='ltr'>λάχους</span> <span class='ocrx_word' id='word_1_248' title='bbox 833 1154 968 1189; x_wconf 80' lang='grc' dir='ltr'>ἡμετέρου</span> 
     </span>
    </p>
   </div>
   <div class='ocr_carea' id='block_1_40' title="bbox 181 1199 914 1237">
    <p class='ocr_par' dir='ltr' id='par_1_40' title="bbox 181 1199 914 1237">
     <span class='ocr_line' id='line_1_40' title="bbox 181 1199 914 1237; baseline 0.004 -13"><span class='ocrx_word' id='word_1_249' title='bbox 181 1199 236 1225; x_wconf 86' lang='lat' dir='ltr'><strong><em>Kal</em></strong></span> <span class='ocrx_word' id='word_1_250' title='bbox 254 1199 350 1232; x_wconf 83' lang='grc' dir='ltr'>δούλας</span> <span class='ocrx_word' id='word_1_251' title='bbox 367 1201 415 1235; x_wconf 87' lang='grc' dir='ltr'><strong><em>τῆς</em></strong></span> <span class='ocrx_word' id='word_1_252' title='bbox 433 1202 608 1237; x_wconf 74' lang='grc' dir='ltr'>Κομνηνικῆς</span> <span class='ocrx_word' id='word_1_253' title='bbox 620 1202 728 1237; x_wconf 82' lang='grc' dir='ltr'>ἀμάχου</span> <span class='ocrx_word' id='word_1_254' title='bbox 744 1201 914 1233; x_wconf 87' lang='grc' dir='ltr'>δυναστείας,</span> 
     </span>
    </p>
   </div>
   <div class='ocr_carea' id='block_1_41' title="bbox 181 1246 965 1283">
    <p class='ocr_par' dir='ltr' id='par_1_41' title="bbox 181 1246 965 1283">
     <span class='ocr_line' id='line_1_41' title="bbox 181 1246 965 1283; baseline 0.003 -11"><span class='ocrx_word' id='word_1_255' title='bbox 181 1246 236 1272; x_wconf 77' lang='grc' dir='ltr'><strong><em>Καὶ</em></strong></span> <span class='ocrx_word' id='word_1_256' title='bbox 255 1247 302 1273; x_wconf 85' lang='grc' dir='ltr'>τοῦ</span> <span class='ocrx_word' id='word_1_257' title='bbox 315 1247 431 1283; x_wconf 75' lang='grc' dir='ltr'>στερῤοὖ</span> <span class='ocrx_word' id='word_1_258' title='bbox 444 1247 595 1283; x_wconf 85' lang='grc' dir='ltr'>βραχίονος,</span> <span class='ocrx_word' id='word_1_259' title='bbox 609 1249 654 1275; x_wconf 77' lang='grc' dir='ltr'>καὶ</span> <span class='ocrx_word' id='word_1_260' title='bbox 669 1250 717 1283; x_wconf 86' lang='grc' dir='ltr'><strong><em>τῆς</em></strong></span> <span class='ocrx_word' id='word_1_261' title='bbox 728 1248 812 1282; x_wconf 79' lang='grc' dir='ltr'>ἁδρᾶς</span> <span class='ocrx_word' id='word_1_262' title='bbox 825 1248 965 1282; x_wconf 83' lang='grc' dir='ltr'>παλάμης.</span> 
     </span>
    </p>
   </div>
   <div class='ocr_carea' id='block_1_42' title="bbox 187 1291 906 1329">
    <p class='ocr_par' dir='ltr' id='par_1_42' title="bbox 187 1291 906 1329">
     <span class='ocr_line' id='line_1_42' title="bbox 187 1291 906 1329; baseline 0.001 -11"><span class='ocrx_word' id='word_1_263' title='bbox 187 1291 248 1318; x_wconf 78' lang='grc' dir='ltr'><strong><em>Ἐπὶ</em></strong></span> <span class='ocrx_word' id='word_1_264' title='bbox 264 1292 292 1319; x_wconf 80' lang='grc' dir='ltr'>δὲ</span> <span class='ocrx_word' id='word_1_265' title='bbox 306 1293 412 1324; x_wconf 78' lang='grc' dir='ltr'>τούτοις</span> <span class='ocrx_word' id='word_1_266' title='bbox 426 1293 538 1329; x_wconf 84' lang='grc' dir='ltr'>θεωρῶν</span> <span class='ocrx_word' id='word_1_267' title='bbox 551 1294 599 1321; x_wconf 81' lang='grc' dir='ltr'>καὶ</span> <span class='ocrx_word' id='word_1_268' title='bbox 611 1294 660 1325; x_wconf 84' lang='grc' dir='ltr'><strong><em>τὰς</em></strong></span> <span class='ocrx_word' id='word_1_269' title='bbox 677 1293 798 1320; x_wconf 85' lang='grc' dir='ltr'>Κιλίκων</span> <span class='ocrx_word' id='word_1_270' title='bbox 813 1293 906 1324; x_wconf 81' lang='grc' dir='ltr'>πόλεις</span> 
     </span>
    </p>
   </div>
   <div class='ocr_carea' id='block_1_43' title="bbox 183 1338 861 1374">
    <p class='ocr_par' dir='ltr' id='par_1_43' title="bbox 183 1338 861 1374">
     <span class='ocr_line' id='line_1_43' title="bbox 183 1338 861 1374; baseline 0.001 -11"><span class='ocrx_word' id='word_1_271' title='bbox 183 1338 233 1369; x_wconf 70' lang='lat' dir='ltr'><strong><em>“Ac</em></strong></span> <span class='ocrx_word' id='word_1_272' title='bbox 248 1339 396 1372; x_wconf 83' lang='grc' dir='ltr'>γενομένας</span> <span class='ocrx_word' id='word_1_273' title='bbox 409 1339 548 1374; x_wconf 72' lang='grc' dir='ltr'>πάρεργον</span> <span class='ocrx_word' id='word_1_274' title='bbox 560 1341 592 1374; x_wconf 76' lang='grc' dir='ltr'><strong><em>τῇ</em></strong></span> <span class='ocrx_word' id='word_1_275' title='bbox 608 1338 743 1374; x_wconf 82' lang='grc' dir='ltr'>βασιλέως</span> <span class='ocrx_word' id='word_1_276' title='bbox 759 1338 861 1374; x_wconf 84' lang='grc' dir='ltr'>σπάθῃ,</span> 
     </span>
    </p>
   </div>
   <div class='ocr_carea' id='block_1_44' title="bbox 181 1381 888 1419">
    <p class='ocr_par' dir='ltr' id='par_1_44' title="bbox 181 1381 888 1419">
     <span class='ocr_line' id='line_1_44' title="bbox 181 1381 888 1419; baseline 0.001 -11"><span class='ocrx_word' id='word_1_277' title='bbox 181 1381 286 1416; x_wconf 73' lang='grc' dir='ltr'>Πέρσαι</span> <span class='ocrx_word' id='word_1_278' title='bbox 301 1382 429 1415; x_wconf 74' lang='grc' dir='ltr'>λαθόντες</span> <span class='ocrx_word' id='word_1_279' title='bbox 444 1384 572 1419; x_wconf 73' lang='grc' dir='ltr'>ἔκλεψαν,</span> <span class='ocrx_word' id='word_1_280' title='bbox 584 1384 779 1419; x_wconf 83' lang='grc' dir='ltr'>ὲπανηγμένας</span> <span class='ocrx_word' id='word_1_281' title='bbox 797 1384 888 1415; x_wconf 82' lang='grc' dir='ltr'>πάλιν,</span> 
     </span>
    </p>
   </div>
   <div class='ocr_carea' id='block_1_45' title="bbox 180 1428 966 1465">
    <p class='ocr_par' dir='ltr' id='par_1_45' title="bbox 180 1428 966 1465">
     <span class='ocr_line' id='line_1_45' title="bbox 180 1428 966 1465; baseline 0.003 -11"><span class='ocrx_word' id='word_1_282' title='bbox 180 1428 237 1454; x_wconf 80' lang='grc' dir='ltr'><strong><em>Καὶ</em></strong></span> <span class='ocrx_word' id='word_1_283' title='bbox 252 1429 319 1464; x_wconf 77' lang='grc' dir='ltr'>πρὸς</span> <span class='ocrx_word' id='word_1_284' title='bbox 330 1430 379 1465; x_wconf 84' lang='grc' dir='ltr'>τὴν</span> <span class='ocrx_word' id='word_1_285' title='bbox 391 1431 472 1465; x_wconf 87' lang='grc' dir='ltr'>χεῖρα</span> <span class='ocrx_word' id='word_1_286' title='bbox 481 1430 528 1457; x_wconf 81' lang='grc' dir='ltr'>τοῦ</span> <span class='ocrx_word' id='word_1_287' title='bbox 539 1430 626 1465; x_wconf 83' lang='grc' dir='ltr'>Θωμᾶ</span> <span class='ocrx_word' id='word_1_288' title='bbox 635 1431 718 1457; x_wconf 68' lang='grc' dir='ltr'>πάλιν</span> <span class='ocrx_word' id='word_1_289' title='bbox 731 1430 966 1464; x_wconf 75' lang='grc' dir='ltr'>ὑποστραφείσας,</span> 
     </span>
    </p>
   </div>
   <div class='ocr_carea' id='block_1_46' title="bbox 182 1473 826 1511">
    <p class='ocr_par' dir='ltr' id='par_1_46' title="bbox 182 1473 826 1511">
     <span class='ocr_line' id='line_1_46' title="bbox 182 1473 826 1511; baseline 0.003 -11"><span class='ocrx_word' id='word_1_290' title='bbox 182 1473 287 1510; x_wconf 83' lang='grc' dir='ltr'>Ὀνπερ</span> <span class='ocrx_word' id='word_1_291' title='bbox 302 1476 450 1502; x_wconf 83' lang='grc' dir='ltr'>ἀπόστολον</span> <span class='ocrx_word' id='word_1_292' title='bbox 465 1476 520 1510; x_wconf 75' lang='grc' dir='ltr'><strong><em>ἐγὼ</em></strong></span> <span class='ocrx_word' id='word_1_293' title='bbox 537 1476 584 1503; x_wconf 82' lang='grc' dir='ltr'>τοῦ</span> <span class='ocrx_word' id='word_1_294' title='bbox 601 1477 734 1511; x_wconf 76' lang='grc' dir='ltr'>βασιλέως</span> <span class='ocrx_word' id='word_1_295' title='bbox 745 1476 826 1510; x_wconf 82' lang='grc' dir='ltr'>λέγω,</span> 
     </span>
    </p>
   </div>
   <div class='ocr_carea' id='block_1_47' title="bbox 180 1520 946 1557">
    <p class='ocr_par' dir='ltr' id='par_1_47' title="bbox 180 1520 946 1557">
     <span class='ocr_line' id='line_1_47' title="bbox 180 1520 946 1557; baseline 0.007 -12"><span class='ocrx_word' id='word_1_296' title='bbox 180 1520 217 1546; x_wconf 78' lang='grc' dir='ltr'><strong><em>Οὺ</em></strong></span> <span class='ocrx_word' id='word_1_297' title='bbox 233 1520 294 1547; x_wconf 86' lang='grc' dir='ltr'>Δίδυ</span> <span class='ocrx_word' id='word_1_298' title='bbox 300 1530 360 1556; x_wconf 89' lang='grc' dir='ltr'>μον,</span> <span class='ocrx_word' id='word_1_299' title='bbox 376 1522 429 1548; x_wconf 78' lang='grc' dir='ltr'>οὐδ’</span> <span class='ocrx_word' id='word_1_300' title='bbox 444 1523 559 1549; x_wconf 84' lang='grc' dir='ltr'>ἄπιστον</span> <span class='ocrx_word' id='word_1_301' title='bbox 569 1523 639 1550; x_wconf 80' lang='grc' dir='ltr'>κατὰ</span> <span class='ocrx_word' id='word_1_302' title='bbox 653 1522 754 1557; x_wconf 82' lang='grc' dir='ltr'>Θωμᾶν</span> <span class='ocrx_word' id='word_1_303' title='bbox 767 1523 812 1548; x_wconf 82' lang='grc' dir='ltr'><strong><em>τὸν</em></strong></span> <span class='ocrx_word' id='word_1_304' title='bbox 825 1523 946 1557; x_wconf 83' lang='grc' dir='ltr'>πρῶτον,</span> 
     </span>
    </p>
   </div>
   <div class='ocr_carea' id='block_1_48' title="bbox 1018 958 1818 1000">
    <p class='ocr_par' dir='ltr' id='par_1_48' title="bbox 1018 958 1818 1000">
     <span class='ocr_line' id='line_1_48' title="bbox 1018 958 1818 1000; baseline -0.009 -9"><span class='ocrx_word' id='word_1_305' title='bbox 1018 965 1127 1000; x_wconf 78' lang='grc' dir='ltr'>Μικρὰς</span> <span class='ocrx_word' id='word_1_306' title='bbox 1145 963 1193 998; x_wconf 81' lang='grc' dir='ltr'>μὲν</span> <span class='ocrx_word' id='word_1_307' title='bbox 1211 958 1270 988; x_wconf 76' lang='grc' dir='ltr'>οἶδα</span> <span class='ocrx_word' id='word_1_308' title='bbox 1285 961 1332 988; x_wconf 79' lang='grc' dir='ltr'>καὶ</span> <span class='ocrx_word' id='word_1_309' title='bbox 1353 961 1451 991; x_wconf 80' lang='grc' dir='ltr'>στενὰς</span> <span class='ocrx_word' id='word_1_310' title='bbox 1467 960 1536 995; x_wconf 77' lang='grc' dir='ltr'>πρὸς</span> <span class='ocrx_word' id='word_1_311' title='bbox 1550 960 1598 995; x_wconf 82' lang='grc' dir='ltr'>τὴν</span> <span class='ocrx_word' id='word_1_312' title='bbox 1617 959 1702 987; x_wconf 73' lang='grc' dir='ltr'>αὑτοῦ</span> <span class='ocrx_word' id='word_1_313' title='bbox 1716 959 1818 992; x_wconf 79' lang='grc' dir='ltr'>ἀξία-ι,</span> 
     </span>
    </p>
   </div>
   <div class='ocr_carea' id='block_1_49' title="bbox 1019 1005 1642 1042">
    <p class='ocr_par' dir='ltr' id='par_1_49' title="bbox 1019 1005 1642 1042">
     <span class='ocr_line' id='line_1_49' title="bbox 1019 1005 1642 1042; baseline -0.011 -5"><span class='ocrx_word' id='word_1_314' title='bbox 1019 1010 1075 1038; x_wconf 73' lang='grc' dir='ltr'><strong><em>Οὐκ</em></strong></span> <span class='ocrx_word' id='word_1_315' title='bbox 1089 1007 1207 1040; x_wconf 70' lang='grc' dir='ltr'>ἐλλιπῶς</span> <span class='ocrx_word' id='word_1_316' title='bbox 1225 1008 1252 1034; x_wconf 79' lang='grc' dir='ltr'>δὲ</span> <span class='ocrx_word' id='word_1_317' title='bbox 1265 1007 1314 1042; x_wconf 84' lang='grc' dir='ltr'><strong><em>τῆς</em></strong></span> <span class='ocrx_word' id='word_1_318' title='bbox 1328 1007 1396 1042; x_wconf 78' lang='grc' dir='ltr'>ἐμῆς</span> <span class='ocrx_word' id='word_1_319' title='bbox 1408 1006 1520 1040; x_wconf 80' lang='grc' dir='ltr'>λογικῆς</span> <span class='ocrx_word' id='word_1_320' title='bbox 1537 1005 1642 1041; x_wconf 76' lang='grc' dir='ltr'>ἰσχύος·</span> 
     </span>
    </p>
   </div>
   <div class='ocr_carea' id='block_1_50' title="bbox 1018 1051 1769 1090">
    <p class='ocr_par' dir='ltr' id='par_1_50' title="bbox 1018 1051 1769 1090">
     <span class='ocr_line' id='line_1_50' title="bbox 1018 1051 1769 1090; baseline -0.007 -8"><span class='ocrx_word' id='word_1_321' title='bbox 1018 1055 1175 1090; x_wconf 80' lang='grc' dir='ltr'>Κεφάλαιόν</span> <span class='ocrx_word' id='word_1_322' title='bbox 1192 1063 1237 1089; x_wconf 90' lang='grc' dir='ltr'><strong><em>μοι</em></strong></span> <span class='ocrx_word' id='word_1_323' title='bbox 1249 1054 1299 1088; x_wconf 87' lang='grc' dir='ltr'><strong><em>τῆς</em></strong></span> <span class='ocrx_word' id='word_1_324' title='bbox 1312 1053 1433 1089; x_wconf 79' lang='grc' dir='ltr'>γραφῆς,</span> <span class='ocrx_word' id='word_1_325' title='bbox 1447 1052 1595 1086; x_wconf 84' lang='grc' dir='ltr'>κεφάλαιον</span> <span class='ocrx_word' id='word_1_326' title='bbox 1606 1051 1652 1078; x_wconf 86' lang='grc' dir='ltr'>τοῦ</span> <span class='ocrx_word' id='word_1_327' title='bbox 1668 1051 1769 1085; x_wconf 75' lang='grc' dir='ltr'>λόγου.</span> 
     </span>
    </p>
   </div>
   <div class='ocr_carea' id='block_1_51' title="bbox 1018 1097 1728 1138">
    <p class='ocr_par' dir='ltr' id='par_1_51' title="bbox 1018 1097 1728 1138">
     <span class='ocr_line' id='line_1_51' title="bbox 1018 1097 1728 1138; baseline -0.01 -8"><span class='ocrx_word' id='word_1_328' title='bbox 1018 1102 1110 1138; x_wconf 82' lang='grc' dir='ltr'>Μηδὲν</span> <span class='ocrx_word' id='word_1_329' title='bbox 1122 1102 1205 1132; x_wconf 77' lang='grc' dir='ltr'>ἐάσας</span> <span class='ocrx_word' id='word_1_330' title='bbox 1216 1100 1346 1135; x_wconf 86' lang='grc' dir='ltr'>τρόπαιον</span> <span class='ocrx_word' id='word_1_331' title='bbox 1358 1100 1404 1126; x_wconf 81' lang='grc' dir='ltr'>τοῦ</span> <span class='ocrx_word' id='word_1_332' title='bbox 1418 1097 1565 1133; x_wconf 81' lang='grc' dir='ltr'>Κομνηνοΰ</span> <span class='ocrx_word' id='word_1_333' title='bbox 1581 1097 1728 1127; x_wconf 79' lang='grc' dir='ltr'>δεσπότου,</span> 
     </span>
    </p>
   </div>
   <div class='ocr_carea' id='block_1_52' title="bbox 1019 1144 1785 1182">
    <p class='ocr_par' dir='ltr' id='par_1_52' title="bbox 1019 1144 1785 1182">
     <span class='ocr_line' id='line_1_52' title="bbox 1019 1144 1785 1182; baseline -0.007 -8"><span class='ocrx_word' id='word_1_334' title='bbox 1019 1148 1110 1182; x_wconf 84' lang='grc' dir='ltr'>Ὀπερ</span> <span class='ocrx_word' id='word_1_335' title='bbox 1128 1147 1158 1174; x_wconf 83' lang='grc' dir='ltr'>οὑ</span> <span class='ocrx_word' id='word_1_336' title='bbox 1173 1146 1282 1182; x_wconf 75' lang='grc' dir='ltr'>γράψῃς</span> <span class='ocrx_word' id='word_1_337' title='bbox 1297 1145 1367 1180; x_wconf 78' lang='grc' dir='ltr'>πρὸς</span> <span class='ocrx_word' id='word_1_338' title='bbox 1382 1145 1466 1180; x_wconf 82' lang='grc' dir='ltr'>ἡμᾶς,</span> <span class='ocrx_word' id='word_1_339' title='bbox 1478 1145 1546 1179; x_wconf 74' lang='grc' dir='ltr'>ὅπερ</span> <span class='ocrx_word' id='word_1_340' title='bbox 1558 1144 1609 1170; x_wconf 76' lang='grc' dir='ltr'>οὐκ</span> <span class='ocrx_word' id='word_1_341' title='bbox 1625 1144 1764 1178; x_wconf 81' lang='grc' dir='ltr'>ἀφηγὴσῃ</span> <span class='ocrx_word' id='word_1_342' title='bbox 1777 1151 1785 1158; x_wconf 82' lang='lat'><strong>&#39;</strong></span> 
     </span>
    </p>
   </div>
   <div class='ocr_carea' id='block_1_53' title="bbox 1025 1189 1820 1226">
    <p class='ocr_par' dir='ltr' id='par_1_53' title="bbox 1025 1189 1820 1226">
     <span class='ocr_line' id='line_1_53' title="bbox 1025 1189 1820 1226; baseline -0.008 -6"><span class='ocrx_word' id='word_1_343' title='bbox 1025 1193 1068 1224; x_wconf 84' lang='grc' dir='ltr'>Ὠς</span> <span class='ocrx_word' id='word_1_344' title='bbox 1085 1192 1117 1219; x_wconf 80' lang='grc' dir='ltr'>ἂν</span> <span class='ocrx_word' id='word_1_345' title='bbox 1132 1193 1163 1219; x_wconf 79' lang='grc' dir='ltr'>ἐκ</span> <span class='ocrx_word' id='word_1_346' title='bbox 1179 1191 1226 1219; x_wconf 82' lang='grc' dir='ltr'>σοῦ</span> <span class='ocrx_word' id='word_1_347' title='bbox 1242 1191 1428 1226; x_wconf 80' lang='grc' dir='ltr'>λαμϐάνοντες</span> <span class='ocrx_word' id='word_1_348' title='bbox 1439 1190 1487 1220; x_wconf 79' lang='grc' dir='ltr'><strong><em>τὰς</em></strong></span> <span class='ocrx_word' id='word_1_349' title='bbox 1504 1189 1633 1224; x_wconf 79' lang='grc' dir='ltr'>ἀφορμὰς</span> <span class='ocrx_word' id='word_1_350' title='bbox 1648 1189 1704 1216; x_wconf 87' lang='grc' dir='ltr'><strong><em>τῶν</em></strong></span> <span class='ocrx_word' id='word_1_351' title='bbox 1722 1189 1820 1223; x_wconf 66' lang='grc' dir='ltr'>λόγωι</span> 
     </span>
    </p>
   </div>
   <div class='ocr_carea' id='block_1_54' title="bbox 1017 1235 1797 1273">
    <p class='ocr_par' dir='ltr' id='par_1_54' title="bbox 1017 1235 1797 1273">
     <span class='ocr_line' id='line_1_54' title="bbox 1017 1235 1797 1273; baseline -0.005 -7"><span class='ocrx_word' id='word_1_352' title='bbox 1017 1239 1186 1273; x_wconf 76' lang='grc' dir='ltr'>Δὺξάνωμεν</span> <span class='ocrx_word' id='word_1_353' title='bbox 1196 1237 1231 1264; x_wconf 82' lang='grc' dir='ltr'>τὰ</span> <span class='ocrx_word' id='word_1_354' title='bbox 1241 1238 1405 1273; x_wconf 78' lang='grc' dir='ltr'>γράμματα,</span> <span class='ocrx_word' id='word_1_355' title='bbox 1422 1236 1604 1271; x_wconf 82' lang='grc' dir='ltr'>πληθύνωμεν</span> <span class='ocrx_word' id='word_1_356' title='bbox 1617 1236 1668 1266; x_wconf 75' lang='grc' dir='ltr'>τὰς</span> <span class='ocrx_word' id='word_1_357' title='bbox 1681 1235 1797 1270; x_wconf 75' lang='grc' dir='ltr'>βίϐλους</span> 
     </span>
    </p>
   </div>
   <div class='ocr_carea' id='block_1_55' title="bbox 1021 1281 1724 1320">
    <p class='ocr_par' dir='ltr' id='par_1_55' title="bbox 1021 1281 1724 1320">
     <span class='ocr_line' id='line_1_55' title="bbox 1021 1281 1724 1320; baseline -0.006 -9"><span class='ocrx_word' id='word_1_358' title='bbox 1021 1286 1071 1317; x_wconf 82' lang='grc' dir='ltr'><strong><em>’Δς</em></strong></span> <span class='ocrx_word' id='word_1_359' title='bbox 1085 1283 1249 1320; x_wconf 81' lang='grc' dir='ltr'>ἱστοροῦμεν</span> <span class='ocrx_word' id='word_1_360' title='bbox 1261 1284 1413 1319; x_wconf 82' lang='grc' dir='ltr'>γράφοντες</span> <span class='ocrx_word' id='word_1_361' title='bbox 1426 1283 1490 1317; x_wconf 76' lang='grc' dir='ltr'>περὶ</span> <span class='ocrx_word' id='word_1_362' title='bbox 1504 1282 1550 1309; x_wconf 77' lang='grc' dir='ltr'>τοῦ</span> <span class='ocrx_word' id='word_1_363' title='bbox 1570 1281 1704 1316; x_wconf 82' lang='grc' dir='ltr'>βασιλέως</span> <span class='ocrx_word' id='word_1_364' title='bbox 1716 1290 1724 1296; x_wconf 91' lang='grc'><strong>·</strong></span> 
     </span>
    </p>
   </div>
   <div class='ocr_carea' id='block_1_56' title="bbox 1018 1327 1784 1366">
    <p class='ocr_par' dir='ltr' id='par_1_56' title="bbox 1018 1327 1784 1366">
     <span class='ocr_line' id='line_1_56' title="bbox 1018 1327 1784 1366; baseline -0.005 -8"><span class='ocrx_word' id='word_1_365' title='bbox 1018 1332 1074 1358; x_wconf 81' lang='grc' dir='ltr'><strong><em>Καὶ</em></strong></span> <span class='ocrx_word' id='word_1_366' title='bbox 1087 1332 1241 1366; x_wconf 81' lang='grc' dir='ltr'>γράφοιμεν</span> <span class='ocrx_word' id='word_1_367' title='bbox 1257 1331 1296 1361; x_wconf 88' lang='grc' dir='ltr'><strong><em>είς</em></strong></span> <span class='ocrx_word' id='word_1_368' title='bbox 1310 1330 1432 1362; x_wconf 71' lang='grc' dir='ltr'>ἅπαντας</span> <span class='ocrx_word' id='word_1_369' title='bbox 1447 1329 1496 1364; x_wconf 89' lang='grc' dir='ltr'><strong><em>τῆς</em></strong></span> <span class='ocrx_word' id='word_1_370' title='bbox 1512 1329 1604 1364; x_wconf 80' lang='grc' dir='ltr'>βιοτῆς</span> <span class='ocrx_word' id='word_1_371' title='bbox 1619 1327 1666 1355; x_wconf 78' lang='grc' dir='ltr'>τοῦ</span> <span class='ocrx_word' id='word_1_372' title='bbox 1680 1328 1784 1363; x_wconf 72' lang='grc' dir='ltr'>χρόνον</span> 
     </span>
    </p>
   </div>
   <div class='ocr_carea' id='block_1_57' title="bbox 1018 1374 1813 1412">
    <p class='ocr_par' dir='ltr' id='par_1_57' title="bbox 1018 1374 1813 1412">
     <span class='ocr_line' id='line_1_57' title="bbox 1018 1374 1813 1412; baseline -0.006 -7"><span class='ocrx_word' id='word_1_373' title='bbox 1018 1377 1165 1412; x_wconf 85' lang='grc' dir='ltr'>Τροπαίοις</span> <span class='ocrx_word' id='word_1_374' title='bbox 1180 1376 1300 1412; x_wconf 87' lang='grc' dir='ltr'>τρόπαια</span> <span class='ocrx_word' id='word_1_375' title='bbox 1314 1375 1430 1411; x_wconf 72' lang='grc' dir='ltr'>λαμπρὰ</span> <span class='ocrx_word' id='word_1_376' title='bbox 1451 1374 1676 1410; x_wconf 74' lang='grc' dir='ltr'>προσγράφοντες</span> <span class='ocrx_word' id='word_1_377' title='bbox 1698 1375 1748 1400; x_wconf 79' lang='grc' dir='ltr'>καὶ</span> <span class='ocrx_word' id='word_1_378' title='bbox 1772 1374 1813 1401; x_wconf 81' lang='grc' dir='ltr'>νί-</span> 
     </span>
    </p>
   </div>
   <div class='ocr_carea' id='block_1_58' title="bbox 1691 1419 1776 1455">
    <p class='ocr_par' dir='ltr' id='par_1_58' title="bbox 1691 1419 1776 1455">
     <span class='ocr_line' id='line_1_58' title="bbox 1691 1419 1776 1455; baseline 0.012 -10"><span class='ocrx_word' id='word_1_379' title='bbox 1691 1419 1757 1455; x_wconf 79' lang='grc' dir='ltr'>[κας</span> <span class='ocrx_word' id='word_1_380' title='bbox 1768 1428 1776 1435; x_wconf 86' lang='grc'><strong><em>“</em></strong></span> 
     </span>
    </p>
   </div>
   <div class='ocr_carea' id='block_1_59' title="bbox 1017 1466 1756 1503">
    <p class='ocr_par' dir='ltr' id='par_1_59' title="bbox 1017 1466 1756 1503">
     <span class='ocr_line' id='line_1_59' title="bbox 1017 1466 1756 1503; baseline -0.004 -8"><span class='ocrx_word' id='word_1_381' title='bbox 1017 1468 1123 1503; x_wconf 78' lang='grc' dir='ltr'>Μέχρις</span> <span class='ocrx_word' id='word_1_382' title='bbox 1139 1467 1153 1494; x_wconf 80' lang='grc' dir='ltr'><strong>ὀ</strong></span> <span class='ocrx_word' id='word_1_383' title='bbox 1166 1467 1314 1502; x_wconf 81' lang='grc' dir='ltr'>κράτιστος</span> <span class='ocrx_word' id='word_1_384' title='bbox 1327 1466 1441 1501; x_wconf 72' lang='grc' dir='ltr'>βλαστὸς</span> <span class='ocrx_word' id='word_1_385' title='bbox 1455 1467 1505 1500; x_wconf 80' lang='grc' dir='ltr'><strong><em>τῆς</em></strong></span> <span class='ocrx_word' id='word_1_386' title='bbox 1520 1467 1597 1502; x_wconf 78' lang='grc' dir='ltr'>ἱερᾶς</span> <span class='ocrx_word' id='word_1_387' title='bbox 1608 1467 1756 1502; x_wconf 78' lang='grc' dir='ltr'>πορφύρας</span> 
     </span>
    </p>
   </div>
   <div class='ocr_carea' id='block_1_60' title="bbox 1023 1511 1793 1549">
    <p class='ocr_par' dir='ltr' id='par_1_60' title="bbox 1023 1511 1793 1549">
     <span class='ocr_line' id='line_1_60' title="bbox 1023 1511 1793 1549; baseline -0.001 -9"><span class='ocrx_word' id='word_1_388' title='bbox 1023 1514 1052 1540; x_wconf 77' lang='lat'><strong><em>&#39;0</em></strong></span> <span class='ocrx_word' id='word_1_389' title='bbox 1065 1513 1207 1549; x_wconf 82' lang='grc' dir='ltr'>Κομνηνδς</span> <span class='ocrx_word' id='word_1_390' title='bbox 1223 1514 1256 1539; x_wconf 79' lang='grc' dir='ltr'>ὲκ</span> <span class='ocrx_word' id='word_1_391' title='bbox 1275 1511 1431 1548; x_wconf 84' lang='grc' dir='ltr'>Κομνηνοῦ,</span> <span class='ocrx_word' id='word_1_392' title='bbox 1449 1512 1584 1547; x_wconf 79' lang='grc' dir='ltr'>δεσπότης</span> <span class='ocrx_word' id='word_1_393' title='bbox 1598 1513 1630 1538; x_wconf 78' lang='grc' dir='ltr'>ἐκ</span> <span class='ocrx_word' id='word_1_394' title='bbox 1643 1513 1770 1540; x_wconf 71' lang='grc' dir='ltr'>δεσπόται</span> <span class='ocrx_word' id='word_1_395' title='bbox 1784 1532 1793 1543; x_wconf 96' lang='grc'><strong><em>,</em></strong></span> 
     </span>
    </p>
   </div>
   <div class='ocr_carea' id='block_1_61' title="bbox 186 1557 1710 1604">
    <p class='ocr_par' dir='ltr' id='par_1_61' title="bbox 186 1557 1710 1604">
     <span class='ocr_line' id='line_1_61' title="bbox 186 1557 1710 1604; baseline 0 -11"><span class='ocrx_word' id='word_1_396' title='bbox 186 1567 301 1594; x_wconf 83' lang='grc' dir='ltr'>Ἀπλοῦν</span> <span class='ocrx_word' id='word_1_397' title='bbox 319 1567 347 1594; x_wconf 74' lang='grc' dir='ltr'>δὲ</span> <span class='ocrx_word' id='word_1_398' title='bbox 363 1569 409 1594; x_wconf 82' lang='grc' dir='ltr'>καὶ</span> <span class='ocrx_word' id='word_1_399' title='bbox 423 1569 585 1596; x_wconf 80' lang='grc' dir='ltr'>πιστότατον</span> <span class='ocrx_word' id='word_1_400' title='bbox 607 1570 648 1601; x_wconf 88' lang='grc' dir='ltr'><strong><em>είς</em></strong></span> <span class='ocrx_word' id='word_1_401' title='bbox 660 1569 705 1596; x_wconf 76' lang='grc' dir='ltr'>τὸν</span> <span class='ocrx_word' id='word_1_402' title='bbox 719 1569 828 1604; x_wconf 81' lang='grc' dir='ltr'>χριστὸν</span> <span class='ocrx_word' id='word_1_403' title='bbox 842 1569 963 1604; x_wconf 54' lang='grc' dir='ltr'>Κυρίου]</span> <span class='ocrx_word' id='word_1_404' title='bbox 978 1571 1001 1600; x_wconf 69' lang='grc' dir='ltr'><strong>(ι</strong></span> <span class='ocrx_word' id='word_1_405' title='bbox 1017 1559 1126 1593; x_wconf 81' lang='grc' dir='ltr'>Ταύτης</span> <span class='ocrx_word' id='word_1_406' title='bbox 1139 1557 1288 1604; x_wconf 69' lang='grc' dir='ltr'><strong><em>κατάρξειε</em></strong></span> <span class='ocrx_word' id='word_1_407' title='bbox 1303 1558 1354 1604; x_wconf 65' lang='grc' dir='ltr'>τῆς</span> <span class='ocrx_word' id='word_1_408' title='bbox 1427 1557 1522 1593; x_wconf 67' lang='grc' dir='ltr'><strong><em>ἄκρων</em></strong></span> <span class='ocrx_word' id='word_1_409' title='bbox 1597 1558 1710 1604; x_wconf 17' lang='lat'><strong><em>75199”-</em></strong></span> 
     </span>
    </p>
   </div>
   <div class='ocr_carea' id='block_1_62' title="bbox 180 1614 946 1650">
    <p class='ocr_par' dir='ltr' id='par_1_62' title="bbox 180 1614 946 1650">
     <span class='ocr_line' id='line_1_62' title="bbox 180 1614 946 1650; baseline 0.001 -10"><span class='ocrx_word' id='word_1_410' title='bbox 180 1614 252 1647; x_wconf 65' lang='grc' dir='ltr'>Πρὸς</span> <span class='ocrx_word' id='word_1_411' title='bbox 268 1615 297 1641; x_wconf 84' lang='grc' dir='ltr'>ὃν</span> <span class='ocrx_word' id='word_1_412' title='bbox 310 1614 344 1641; x_wconf 79' lang='grc' dir='ltr'><strong><em>τὰ</em></strong></span> <span class='ocrx_word' id='word_1_413' title='bbox 359 1614 509 1650; x_wconf 82' lang='grc' dir='ltr'>κλέμματα</span> <span class='ocrx_word' id='word_1_414' title='bbox 524 1615 635 1650; x_wconf 82' lang='grc' dir='ltr'>Περσῶν</span> <span class='ocrx_word' id='word_1_415' title='bbox 650 1615 730 1642; x_wconf 84' lang='grc' dir='ltr'>πάλιν</span> <span class='ocrx_word' id='word_1_416' title='bbox 747 1614 946 1650; x_wconf 82' lang='grc' dir='ltr'>ἀντεπανῆλθε,</span> 
     </span>
    </p>
   </div>
   <div class='ocr_carea' id='block_1_63' title="bbox 179 1660 867 1697">
    <p class='ocr_par' dir='ltr' id='par_1_63' title="bbox 179 1660 867 1697">
     <span class='ocr_line' id='line_1_63' title="bbox 179 1660 867 1697; baseline 0 -10"><span class='ocrx_word' id='word_1_417' title='bbox 179 1661 342 1695; x_wconf 83' lang='grc' dir='ltr'>Τρεσάντων</span> <span class='ocrx_word' id='word_1_418' title='bbox 354 1661 404 1697; x_wconf 83' lang='grc' dir='ltr'><strong><em>τὴν</em></strong></span> <span class='ocrx_word' id='word_1_419' title='bbox 418 1661 557 1696; x_wconf 70' lang='grc' dir='ltr'>ἐγγύτητα</span> <span class='ocrx_word' id='word_1_420' title='bbox 574 1661 622 1689; x_wconf 83' lang='grc' dir='ltr'><strong><em>τοῦ</em></strong></span> <span class='ocrx_word' id='word_1_421' title='bbox 637 1661 709 1688; x_wconf 87' lang='grc' dir='ltr'>θείου</span> <span class='ocrx_word' id='word_1_422' title='bbox 723 1660 867 1696; x_wconf 80' lang='grc' dir='ltr'>βασιλέως,</span> 
     </span>
    </p>
   </div>
   <div class='ocr_carea' id='block_1_64' title="bbox 181 1707 897 1745">
    <p class='ocr_par' dir='ltr' id='par_1_64' title="bbox 181 1707 897 1745">
     <span class='ocr_line' id='line_1_64' title="bbox 181 1707 897 1745; baseline 0 -13"><span class='ocrx_word' id='word_1_423' title='bbox 181 1708 235 1733; x_wconf 86' lang='lat' dir='ltr'><strong><em>Kal</em></strong></span> <span class='ocrx_word' id='word_1_424' title='bbox 247 1707 297 1742; x_wconf 84' lang='grc' dir='ltr'>τὴν</span> <span class='ocrx_word' id='word_1_425' title='bbox 315 1708 404 1734; x_wconf 73' lang='grc' dir='ltr'>ἐκεῖσε</span> <span class='ocrx_word' id='word_1_426' title='bbox 420 1707 537 1745; x_wconf 66' lang='grc' dir='ltr'><strong><em>⁴ξιάιροδον</em></strong></span> <span class='ocrx_word' id='word_1_427' title='bbox 548 1707 602 1734; x_wconf 86' lang='grc' dir='ltr'><strong><em>τῶν</em></strong></span> <span class='ocrx_word' id='word_1_428' title='bbox 613 1708 699 1734; x_wconf 80' lang='grc' dir='ltr'>ταῦτα</span> <span class='ocrx_word' id='word_1_429' title='bbox 715 1707 897 1742; x_wconf 84' lang='grc' dir='ltr'>κατεχόντων,</span> 
     </span>
    </p>
   </div>
   <div class='ocr_carea' id='block_1_65' title="bbox 179 1751 900 1788">
    <p class='ocr_par' dir='ltr' id='par_1_65' title="bbox 179 1751 900 1788">
     <span class='ocr_line' id='line_1_65' title="bbox 179 1751 900 1788; baseline 0 -10"><span class='ocrx_word' id='word_1_430' title='bbox 179 1752 236 1779; x_wconf 80' lang='lat' dir='ltr'><strong><em>Kal</em></strong></span> <span class='ocrx_word' id='word_1_431' title='bbox 251 1752 449 1787; x_wconf 82' lang='grc' dir='ltr'>προφυγόντων</span> <span class='ocrx_word' id='word_1_432' title='bbox 463 1753 496 1779; x_wconf 83' lang='grc' dir='ltr'>ὲκ</span> <span class='ocrx_word' id='word_1_433' title='bbox 511 1754 597 1788; x_wconf 79' lang='grc' dir='ltr'>σοφῆς</span> <span class='ocrx_word' id='word_1_434' title='bbox 610 1753 725 1787; x_wconf 84' lang='grc' dir='ltr'>ἀρίστης</span> <span class='ocrx_word' id='word_1_435' title='bbox 742 1751 900 1787; x_wconf 86' lang='grc' dir='ltr'>προμηθίας</span> 
     </span>
    </p>
   </div>
   <div class='ocr_carea' id='block_1_66' title="bbox 178 1820 966 1857">
    <p class='ocr_par' dir='ltr' id='par_1_66' title="bbox 178 1820 966 1857">
     <span class='ocr_line' id='line_1_66' title="bbox 178 1820 966 1857; baseline -0.003 -9"><span class='ocrx_word' id='word_1_436' title='bbox 178 1830 263 1857; x_wconf 77' lang='lat' dir='ltr'><strong><em>genua</em></strong></span> <span class='ocrx_word' id='word_1_437' title='bbox 283 1826 428 1857; x_wconf 82' lang='lat' dir='ltr'><strong><em>prostratos</em></strong></span> <span class='ocrx_word' id='word_1_438' title='bbox 445 1826 492 1849; x_wconf 89' lang='lat' dir='ltr'><strong><em>aut</em></strong></span> <span class='ocrx_word' id='word_1_439' title='bbox 518 1822 546 1848; x_wconf 91' lang='lat' dir='ltr'><strong><em>in</em></strong></span> <span class='ocrx_word' id='word_1_440' title='bbox 565 1821 708 1854; x_wconf 71' lang='lat' dir='ltr'><strong><em>Baclrenos,</em></strong></span> <span class='ocrx_word' id='word_1_441' title='bbox 723 1822 857 1854; x_wconf 82' lang='lat' dir='ltr'><strong><em>Tarsinos,</em></strong></span> <span class='ocrx_word' id='word_1_442' title='bbox 873 1820 966 1857; x_wconf 78' lang='lat' dir='ltr'><strong><em>Antio-</em></strong></span> 
     </span>
    </p>
   </div>
   <div class='ocr_carea' id='block_1_67' title="bbox 178 1867 964 1904">
    <p class='ocr_par' dir='ltr' id='par_1_67' title="bbox 178 1867 964 1904">
     <span class='ocr_line' id='line_1_67' title="bbox 178 1867 964 1904; baseline -0.001 -9"><span class='ocrx_word' id='word_1_443' title='bbox 178 1869 296 1900; x_wconf 83' lang='lat' dir='ltr'><strong><em>chenses,</em></strong></span> <span class='ocrx_word' id='word_1_444' title='bbox 313 1873 360 1895; x_wconf 87' lang='lat' dir='ltr'><strong><em>aut</em></strong></span> <span class='ocrx_word' id='word_1_445' title='bbox 382 1869 408 1895; x_wconf 91' lang='lat' dir='ltr'><strong><em>in</em></strong></span> <span class='ocrx_word' id='word_1_446' title='bbox 424 1868 521 1895; x_wconf 85' lang='lat' dir='ltr'><strong><em>bellum</em></strong></span> <span class='ocrx_word' id='word_1_447' title='bbox 551 1868 753 1904; x_wconf 82' lang='lat' dir='ltr'><strong><em>Chalepiticum,</em></strong></span> <span class='ocrx_word' id='word_1_448' title='bbox 774 1873 819 1895; x_wconf 86' lang='lat' dir='ltr'><strong><em>aut</em></strong></span> <span class='ocrx_word' id='word_1_449' title='bbox 837 1869 865 1895; x_wconf 87' lang='lat' dir='ltr'><strong><em>in</em></strong></span> <span class='ocrx_word' id='word_1_450' title='bbox 886 1867 964 1894; x_wconf 82' lang='lat' dir='ltr'><strong><em>victo-</em></strong></span> 
     </span>
    </p>
   </div>
   <div class='ocr_carea' id='block_1_68' title="bbox 179 1913 966 1949">
    <p class='ocr_par' dir='ltr' id='par_1_68' title="bbox 179 1913 966 1949">
     <span class='ocr_line' id='line_1_68' title="bbox 179 1913 966 1949; baseline 0 -9"><span class='ocrx_word' id='word_1_451' title='bbox 179 1914 250 1940; x_wconf 86' lang='lat' dir='ltr'><strong><em>riam</em></strong></span> <span class='ocrx_word' id='word_1_452' title='bbox 272 1913 454 1944; x_wconf 80' lang='lat' dir='ltr'><strong><em>Sezeriticam,</em></strong></span> <span class='ocrx_word' id='word_1_453' title='bbox 469 1918 516 1940; x_wconf 87' lang='lat' dir='ltr'><strong><em>aut</em></strong></span> <span class='ocrx_word' id='word_1_454' title='bbox 533 1914 644 1949; x_wconf 82' lang='lat' dir='ltr'><strong><em>denique</em></strong></span> <span class='ocrx_word' id='word_1_455' title='bbox 659 1914 686 1940; x_wconf 88' lang='lat' dir='ltr'><strong><em>in</em></strong></span> <span class='ocrx_word' id='word_1_456' title='bbox 703 1913 808 1940; x_wconf 82' lang='lat' dir='ltr'><strong><em>laudem</em></strong></span> <span class='ocrx_word' id='word_1_457' title='bbox 822 1913 966 1948; x_wconf 86' lang='lat' dir='ltr'><strong><em>triumpho-</em></strong></span> 
     </span>
    </p>
   </div>
   <div class='ocr_carea' id='block_1_69' title="bbox 179 1958 965 1994">
    <p class='ocr_par' dir='ltr' id='par_1_69' title="bbox 179 1958 965 1994">
     <span class='ocr_line' id='line_1_69' title="bbox 179 1958 965 1994; baseline 0 -9"><span class='ocrx_word' id='word_1_458' title='bbox 179 1967 264 1986; x_wconf 85' lang='lat' dir='ltr'><strong><em>ruma</em></strong></span> <span class='ocrx_word' id='word_1_459' title='bbox 277 1958 417 1986; x_wconf 86' lang='lat' dir='ltr'><strong><em>Comnenis</em></strong></span> <span class='ocrx_word' id='word_1_460' title='bbox 433 1963 628 1994; x_wconf 85' lang='lat' dir='ltr'><strong><em>reportatorum</em></strong></span> <span class='ocrx_word' id='word_1_461' title='bbox 644 1960 745 1994; x_wconf 86' lang='lat' dir='ltr'><strong><em>aliquid</em></strong></span> <span class='ocrx_word' id='word_1_462' title='bbox 756 1960 916 1991; x_wconf 84' lang='lat' dir='ltr'><strong><em>cecinissem,</em></strong></span> <span class='ocrx_word' id='word_1_463' title='bbox 936 1963 965 1985; x_wconf 88' lang='lat' dir='ltr'><strong><em>tu</em></strong></span> 
     </span>
    </p>
   </div>
   <div class='ocr_carea' id='block_1_70' title="bbox 178 2005 963 2041">
    <p class='ocr_par' dir='ltr' id='par_1_70' title="bbox 178 2005 963 2041">
     <span class='ocr_line' id='line_1_70' title="bbox 178 2005 963 2041; baseline 0.003 -10"><span class='ocrx_word' id='word_1_464' title='bbox 178 2013 258 2041; x_wconf 80' lang='lat' dir='ltr'><strong><em>super</em></strong></span> <span class='ocrx_word' id='word_1_465' title='bbox 272 2006 370 2032; x_wconf 65' lang='lat' dir='ltr'><strong><em>(ethera</em></strong></span> <span class='ocrx_word' id='word_1_466' title='bbox 387 2005 578 2038; x_wconf 83' lang='lat' dir='ltr'><strong><em>collaudabas;</em></strong></span> <span class='ocrx_word' id='word_1_467' title='bbox 592 2011 619 2032; x_wconf 86' lang='lat' dir='ltr'><strong><em>tu</em></strong></span> <span class='ocrx_word' id='word_1_468' title='bbox 635 2005 694 2032; x_wconf 70' lang='lat' dir='ltr'><strong><em>laeto</em></strong></span> <span class='ocrx_word' id='word_1_469' title='bbox 711 2006 789 2032; x_wconf 82' lang='lat' dir='ltr'><strong><em>corde</em></strong></span> <span class='ocrx_word' id='word_1_470' title='bbox 809 2006 900 2032; x_wconf 84' lang='lat' dir='ltr'><strong><em>audita</em></strong></span> <span class='ocrx_word' id='word_1_471' title='bbox 913 2014 963 2041; x_wconf 84' lang='lat' dir='ltr'><strong><em>pa-</em></strong></span> 
     </span>
    </p>
   </div>
   <div class='ocr_carea' id='block_1_71' title="bbox 179 2050 966 2086">
    <p class='ocr_par' dir='ltr' id='par_1_71' title="bbox 179 2050 966 2086">
     <span class='ocr_line' id='line_1_71' title="bbox 179 2050 966 2086; baseline 0 -8"><span class='ocrx_word' id='word_1_472' title='bbox 179 2051 302 2086; x_wconf 81' lang='lat' dir='ltr'><strong><em>negyride</em></strong></span> <span class='ocrx_word' id='word_1_473' title='bbox 323 2050 485 2083; x_wconf 71' lang='lat' dir='ltr'><strong><em>exsultabas,</em></strong></span> <span class='ocrx_word' id='word_1_474' title='bbox 497 2055 521 2077; x_wconf 89' lang='lat' dir='ltr'><strong><em>et</em></strong></span> <span class='ocrx_word' id='word_1_475' title='bbox 541 2050 618 2077; x_wconf 81' lang='lat' dir='ltr'><strong><em>melle</em></strong></span> <span class='ocrx_word' id='word_1_476' title='bbox 630 2051 815 2086; x_wconf 85' lang='lat' dir='ltr'><strong><em>ambrosiaque</em></strong></span> <span class='ocrx_word' id='word_1_477' title='bbox 833 2052 909 2082; x_wconf 82' lang='lat' dir='ltr'><strong><em>vesci.</em></strong></span> <span class='ocrx_word' id='word_1_478' title='bbox 925 2051 966 2078; x_wconf 90' lang='lat' dir='ltr'><strong><em>di-</em></strong></span> 
     </span>
    </p>
   </div>
   <div class='ocr_carea' id='block_1_72' title="bbox 178 2095 965 2132">
    <p class='ocr_par' dir='ltr' id='par_1_72' title="bbox 178 2095 965 2132">
     <span class='ocr_line' id='line_1_72' title="bbox 178 2095 965 2132; baseline 0 -9"><span class='ocrx_word' id='word_1_479' title='bbox 178 2098 317 2132; x_wconf 83' lang='lat' dir='ltr'><strong><em>vinumque</em></strong></span> <span class='ocrx_word' id='word_1_480' title='bbox 328 2100 430 2129; x_wconf 78' lang='lat' dir='ltr'><strong><em>nectar,</em></strong></span> <span class='ocrx_word' id='word_1_481' title='bbox 444 2096 600 2132; x_wconf 81' lang='lat' dir='ltr'><strong><em>angelorum</em></strong></span> <span class='ocrx_word' id='word_1_482' title='bbox 615 2097 733 2129; x_wconf 83' lang='lat' dir='ltr'><strong><em>delicias,</em></strong></span> <span class='ocrx_word' id='word_1_483' title='bbox 743 2097 849 2124; x_wconf 85' lang='lat' dir='ltr'><strong><em>sorbere</em></strong></span> <span class='ocrx_word' id='word_1_484' title='bbox 864 2095 965 2132; x_wconf 85' lang='lat' dir='ltr'><strong><em>gloria-</em></strong></span> 
     </span>
    </p>
   </div>
   <div class='ocr_carea' id='block_1_73' title="bbox 177 2143 962 2180">
    <p class='ocr_par' dir='ltr' id='par_1_73' title="bbox 177 2143 962 2180">
     <span class='ocr_line' id='line_1_73' title="bbox 177 2143 962 2180; baseline 0.001 -10"><span class='ocrx_word' id='word_1_485' title='bbox 177 2144 259 2176; x_wconf 81' lang='lat' dir='ltr'><strong><em>baris,</em></strong></span> <span class='ocrx_word' id='word_1_486' title='bbox 281 2147 306 2171; x_wconf 82' lang='lat' dir='ltr'><strong><em>et</em></strong></span> <span class='ocrx_word' id='word_1_487' title='bbox 322 2144 428 2179; x_wconf 82' lang='lat' dir='ltr'><strong><em>quando</em></strong></span> <span class='ocrx_word' id='word_1_488' title='bbox 449 2143 571 2171; x_wconf 74' lang='lat' dir='ltr'><strong><em>laudibus</em></strong></span> <span class='ocrx_word' id='word_1_489' title='bbox 591 2143 654 2177; x_wconf 78' lang='lat' dir='ltr'><strong><em>ﬁnis</em></strong></span> <span class='ocrx_word' id='word_1_490' title='bbox 676 2144 865 2179; x_wconf 77' lang='lat' dir='ltr'><strong><em>imponeretur.</em></strong></span> <span class='ocrx_word' id='word_1_491' title='bbox 891 2152 962 2180; x_wconf 66' lang='grc' dir='ltr'>ωσι-ο</span> 
     </span>
    </p>
   </div>
   <div class='ocr_carea' id='block_1_74' title="bbox 178 2189 961 2224">
    <p class='ocr_par' dir='ltr' id='par_1_74' title="bbox 178 2189 961 2224">
     <span class='ocr_line' id='line_1_74' title="bbox 178 2189 961 2224; baseline 0.003 -9"><span class='ocrx_word' id='word_1_492' title='bbox 178 2189 278 2223; x_wconf 77' lang='lat' dir='ltr'><strong><em>ferebas</em></strong></span> <span class='ocrx_word' id='word_1_493' title='bbox 296 2189 384 2216; x_wconf 84' lang='lat' dir='ltr'><strong><em>animo</em></strong></span> <span class='ocrx_word' id='word_1_494' title='bbox 394 2193 419 2215; x_wconf 93' lang='lat' dir='ltr'><strong><em>et</em></strong></span> <span class='ocrx_word' id='word_1_495' title='bbox 436 2189 470 2216; x_wconf 88' lang='lat' dir='ltr'><strong><em>ad</em></strong></span> <span class='ocrx_word' id='word_1_496' title='bbox 481 2189 550 2216; x_wconf 86' lang='lat' dir='ltr'><strong><em>idem</em></strong></span> <span class='ocrx_word' id='word_1_497' title='bbox 560 2189 729 2224; x_wconf 83' lang='lat' dir='ltr'><strong><em>repetendum</em></strong></span> <span class='ocrx_word' id='word_1_498' title='bbox 744 2190 888 2217; x_wconf 64' lang='lat' dir='ltr'><strong><em>excitabas.</em></strong></span> <span class='ocrx_word' id='word_1_499' title='bbox 908 2189 961 2217; x_wconf 86' lang='lat' dir='ltr'><strong><em>Ta-</em></strong></span> 
     </span>
    </p>
   </div>
   <div class='ocr_carea' id='block_1_75' title="bbox 1018 1603 1808 1639">
    <p class='ocr_par' dir='ltr' id='par_1_75' title="bbox 1018 1603 1808 1639">
     <span class='ocr_line' id='line_1_75' title="bbox 1018 1603 1808 1639; baseline -0.004 -7"><span class='ocrx_word' id='word_1_500' title='bbox 1018 1604 1111 1632; x_wconf 82' lang='grc' dir='ltr'>Ταΰτα</span> <span class='ocrx_word' id='word_1_501' title='bbox 1128 1603 1177 1638; x_wconf 83' lang='grc' dir='ltr'>μὲν</span> <span class='ocrx_word' id='word_1_502' title='bbox 1190 1603 1281 1639; x_wconf 80' lang='grc' dir='ltr'>γράφε</span> <span class='ocrx_word' id='word_1_503' title='bbox 1295 1603 1364 1638; x_wconf 79' lang='grc' dir='ltr'>πρδς</span> <span class='ocrx_word' id='word_1_504' title='bbox 1374 1603 1433 1638; x_wconf 74' lang='grc' dir='ltr'>ἐμὲ,</span> <span class='ocrx_word' id='word_1_505' title='bbox 1448 1604 1518 1638; x_wconf 71' lang='grc' dir='ltr'>πρδς</span> <span class='ocrx_word' id='word_1_506' title='bbox 1539 1603 1568 1629; x_wconf 77' lang='grc' dir='ltr'>δὲ</span> <span class='ocrx_word' id='word_1_507' title='bbox 1579 1603 1624 1629; x_wconf 77' lang='grc' dir='ltr'><strong><em>τὸν</em></strong></span> <span class='ocrx_word' id='word_1_508' title='bbox 1636 1604 1808 1638; x_wconf 75' lang='grc' dir='ltr'>στεφηφόροιι</span> 
     </span>
    </p>
   </div>
   <div class='ocr_carea' id='block_1_76' title="bbox 1017 1649 1726 1685">
    <p class='ocr_par' dir='ltr' id='par_1_76' title="bbox 1017 1649 1726 1685">
     <span class='ocr_line' id='line_1_76' title="bbox 1017 1649 1726 1685; baseline -0.001 -8"><span class='ocrx_word' id='word_1_509' title='bbox 1017 1650 1087 1685; x_wconf 80' lang='grc' dir='ltr'>Λέγε</span> <span class='ocrx_word' id='word_1_510' title='bbox 1101 1649 1162 1677; x_wconf 79' lang='grc' dir='ltr'>καθ’</span> <span class='ocrx_word' id='word_1_511' title='bbox 1177 1649 1265 1684; x_wconf 84' lang='grc' dir='ltr'>ὥραν,</span> <span class='ocrx_word' id='word_1_512' title='bbox 1279 1649 1410 1682; x_wconf 87' lang='grc' dir='ltr'>δυσωπῶ,</span> <span class='ocrx_word' id='word_1_513' title='bbox 1428 1650 1461 1676; x_wconf 79' lang='grc' dir='ltr'>τὰ</span> <span class='ocrx_word' id='word_1_514' title='bbox 1478 1650 1528 1683; x_wconf 86' lang='grc' dir='ltr'><strong><em>τῆς</em></strong></span> <span class='ocrx_word' id='word_1_515' title='bbox 1544 1649 1613 1684; x_wconf 76' lang='grc' dir='ltr'>ἐμῆς</span> <span class='ocrx_word' id='word_1_516' title='bbox 1628 1650 1726 1681; x_wconf 82' lang='grc' dir='ltr'>πενίας</span> 
     </span>
    </p>
   </div>
   <div class='ocr_carea' id='block_1_77' title="bbox 1015 1691 1772 1730">
    <p class='ocr_par' dir='ltr' id='par_1_77' title="bbox 1015 1691 1772 1730">
     <span class='ocr_line' id='line_1_77' title="bbox 1015 1691 1772 1730; baseline -0.001 -8"><span class='ocrx_word' id='word_1_517' title='bbox 1015 1692 1070 1727; x_wconf 85' lang='grc' dir='ltr'>Ἦς</span> <span class='ocrx_word' id='word_1_518' title='bbox 1092 1704 1137 1729; x_wconf 86' lang='grc' dir='ltr'><strong><em>μοι</em></strong></span> <span class='ocrx_word' id='word_1_519' title='bbox 1155 1695 1203 1721; x_wconf 75' lang='grc' dir='ltr'>καὶ</span> <span class='ocrx_word' id='word_1_520' title='bbox 1217 1695 1297 1729; x_wconf 75' lang='grc' dir='ltr'>μόνος</span> <span class='ocrx_word' id='word_1_521' title='bbox 1310 1693 1452 1729; x_wconf 73' lang='grc' dir='ltr'>πρόϐολος,</span> <span class='ocrx_word' id='word_1_522' title='bbox 1467 1691 1502 1730; x_wconf 84' lang='grc' dir='ltr'>ἧς</span> <span class='ocrx_word' id='word_1_523' title='bbox 1513 1694 1686 1730; x_wconf 72' lang='grc' dir='ltr'>κυϐερνήτης</span> <span class='ocrx_word' id='word_1_524' title='bbox 1700 1694 1772 1730; x_wconf 81' lang='grc' dir='ltr'>βίου.</span> 
     </span>
    </p>
   </div>
   <div class='ocr_carea' id='block_1_78' title="bbox 1017 1737 1727 1777">
    <p class='ocr_par' dir='ltr' id='par_1_78' title="bbox 1017 1737 1727 1777">
     <span class='ocr_line' id='line_1_78' title="bbox 1017 1737 1727 1777; baseline -0.004 -8"><span class='ocrx_word' id='word_1_525' title='bbox 1017 1739 1072 1774; x_wconf 73' lang='grc' dir='ltr'><strong><em>Ἶις</em></strong></span> <span class='ocrx_word' id='word_1_526' title='bbox 1095 1749 1140 1777; x_wconf 89' lang='grc' dir='ltr'><strong><em>μοι</em></strong></span> <span class='ocrx_word' id='word_1_527' title='bbox 1154 1740 1215 1772; x_wconf 79' lang='grc' dir='ltr'>Θεὸς</span> <span class='ocrx_word' id='word_1_528' title='bbox 1233 1740 1304 1776; x_wconf 85' lang='grc' dir='ltr'>μετὰ</span> <span class='ocrx_word' id='word_1_529' title='bbox 1319 1740 1398 1773; x_wconf 80' lang='grc' dir='ltr'>Θεὸν,</span> <span class='ocrx_word' id='word_1_530' title='bbox 1413 1737 1446 1775; x_wconf 77' lang='grc' dir='ltr'>ἧς</span> <span class='ocrx_word' id='word_1_531' title='bbox 1466 1748 1512 1775; x_wconf 88' lang='grc' dir='ltr'><strong><em>μοι</em></strong></span> <span class='ocrx_word' id='word_1_532' title='bbox 1525 1739 1598 1775; x_wconf 82' lang='grc' dir='ltr'>ζωῆς</span> <span class='ocrx_word' id='word_1_533' title='bbox 1613 1740 1727 1775; x_wconf 87' lang='grc' dir='ltr'>ταμίας,</span> 
     </span>
    </p>
   </div>
   <div class='ocr_carea' id='block_1_79' title="bbox 1015 1818 1813 1859">
    <p class='ocr_par' dir='ltr' id='par_1_79' title="bbox 1015 1818 1813 1859">
     <span class='ocr_line' id='line_1_79' title="bbox 1015 1818 1813 1859; baseline -0.001 -9"><span class='ocrx_word' id='word_1_534' title='bbox 1015 1823 1067 1859; x_wconf 74' lang='lat' dir='ltr'><strong><em>ﬁde</em></strong></span> <span class='ocrx_word' id='word_1_535' title='bbox 1088 1819 1227 1848; x_wconf 72' lang='lat' dir='ltr'><strong><em>inclaruit.</em></strong></span> <span class='ocrx_word' id='word_1_536' title='bbox 1244 1818 1284 1846; x_wconf 78' lang='lat' dir='ltr'><strong><em>Ad</em></strong></span> <span class='ocrx_word' id='word_1_537' title='bbox 1299 1826 1355 1846; x_wconf 90' lang='lat' dir='ltr'><strong><em>eum</em></strong></span> <span class='ocrx_word' id='word_1_538' title='bbox 1377 1818 1521 1846; x_wconf 78' lang='lat' dir='ltr'><strong><em>Persarum</em></strong></span> <span class='ocrx_word' id='word_1_539' title='bbox 1541 1818 1612 1853; x_wconf 87' lang='lat' dir='ltr'><strong><em>furta</em></strong></span> <span class='ocrx_word' id='word_1_540' title='bbox 1633 1825 1813 1853; x_wconf 32' lang='lat' dir='ltr'><strong><em>reuerterunt”</em></strong></span> 
     </span>
    </p>
   </div>
   <div class='ocr_carea' id='block_1_80' title="bbox 1014 1865 1805 1903">
    <p class='ocr_par' dir='ltr' id='par_1_80' title="bbox 1014 1865 1805 1903">
     <span class='ocr_line' id='line_1_80' title="bbox 1014 1865 1805 1903; baseline -0.004 -6"><span class='ocrx_word' id='word_1_541' title='bbox 1014 1868 1165 1897; x_wconf 70' lang='lat' dir='ltr'><strong><em>timentium</em></strong></span> <span class='ocrx_word' id='word_1_542' title='bbox 1185 1865 1354 1900; x_wconf 74' lang='lat' dir='ltr'><strong><em>imperatoris</em></strong></span> <span class='ocrx_word' id='word_1_543' title='bbox 1369 1865 1452 1892; x_wconf 85' lang='lat' dir='ltr'><strong><em>divini</em></strong></span> <span class='ocrx_word' id='word_1_544' title='bbox 1471 1866 1682 1900; x_wconf 74' lang='lat' dir='ltr'><strong><em>proximitatem,</em></strong></span> <span class='ocrx_word' id='word_1_545' title='bbox 1703 1871 1728 1894; x_wconf 86' lang='lat' dir='ltr'><strong><em>et</em></strong></span> <span class='ocrx_word' id='word_1_546' title='bbox 1743 1876 1805 1903; x_wconf 77' lang='lat' dir='ltr'><strong><em>pru-</em></strong></span> 
     </span>
    </p>
   </div>
   <div class='ocr_carea' id='block_1_81' title="bbox 1014 1911 1803 1947">
    <p class='ocr_par' dir='ltr' id='par_1_81' title="bbox 1014 1911 1803 1947">
     <span class='ocr_line' id='line_1_81' title="bbox 1014 1911 1803 1947; baseline -0.001 -6"><span class='ocrx_word' id='word_1_547' title='bbox 1014 1914 1106 1941; x_wconf 80' lang='lat' dir='ltr'><strong><em>denter</em></strong></span> <span class='ocrx_word' id='word_1_548' title='bbox 1119 1911 1199 1939; x_wconf 83' lang='lat' dir='ltr'><strong><em>leonis</em></strong></span> <span class='ocrx_word' id='word_1_549' title='bbox 1216 1911 1365 1937; x_wconf 81' lang='lat' dir='ltr'><strong><em>monarchte</em></strong></span> <span class='ocrx_word' id='word_1_550' title='bbox 1377 1911 1495 1945; x_wconf 87' lang='lat' dir='ltr'><strong><em>rugitum</em></strong></span> <span class='ocrx_word' id='word_1_551' title='bbox 1510 1911 1666 1938; x_wconf 79' lang='lat' dir='ltr'><strong><em>evitantium</em></strong></span> <span class='ocrx_word' id='word_1_552' title='bbox 1681 1914 1727 1947; x_wconf 85' lang='lat' dir='ltr'><strong><em>qui</em></strong></span> <span class='ocrx_word' id='word_1_553' title='bbox 1739 1922 1803 1940; x_wconf 74' lang='lat' dir='ltr'><strong><em>sum</em></strong></span> 
     </span>
    </p>
   </div>
   <div class='ocr_carea' id='block_1_82' title="bbox 1013 1956 1812 1994">
    <p class='ocr_par' dir='ltr' id='par_1_82' title="bbox 1013 1956 1812 1994">
     <span class='ocr_line' id='line_1_82' title="bbox 1013 1956 1812 1994; baseline 0.001 -8"><span class='ocrx_word' id='word_1_554' title='bbox 1013 1959 1089 1994; x_wconf 85' lang='lat' dir='ltr'><strong><em>ﬁndit</em></strong></span> <span class='ocrx_word' id='word_1_555' title='bbox 1107 1962 1132 1985; x_wconf 86' lang='lat' dir='ltr'><strong><em>et</em></strong></span> <span class='ocrx_word' id='word_1_556' title='bbox 1148 1956 1264 1984; x_wconf 81' lang='lat' dir='ltr'><strong><em>maribus</em></strong></span> <span class='ocrx_word' id='word_1_557' title='bbox 1282 1957 1403 1984; x_wconf 88' lang='lat' dir='ltr'><strong><em>timorem</em></strong></span> <span class='ocrx_word' id='word_1_558' title='bbox 1417 1957 1517 1991; x_wconf 81' lang='lat' dir='ltr'><strong><em>injicit,</em></strong></span> <span class='ocrx_word' id='word_1_559' title='bbox 1536 1959 1675 1993; x_wconf 82' lang='lat' dir='ltr'><strong><em>ﬂuminum</em></strong></span> <span class='ocrx_word' id='word_1_560' title='bbox 1698 1968 1812 1987; x_wconf 84' lang='lat' dir='ltr'><strong><em>cursum-</em></strong></span> 
     </span>
    </p>
   </div>
   <div class='ocr_carea' id='block_1_83' title="bbox 1013 2003 1803 2036">
    <p class='ocr_par' dir='ltr' id='par_1_83' title="bbox 1013 2003 1803 2036">
     <span class='ocr_line' id='line_1_83' title="bbox 1013 2003 1803 2036; baseline 0 -4"><span class='ocrx_word' id='word_1_561' title='bbox 1013 2008 1085 2032; x_wconf 77' lang='lat' dir='ltr'><strong><em>secat</em></strong></span> <span class='ocrx_word' id='word_1_562' title='bbox 1109 2007 1133 2030; x_wconf 87' lang='lat' dir='ltr'><strong><em>et</em></strong></span> <span class='ocrx_word' id='word_1_563' title='bbox 1153 2010 1256 2030; x_wconf 81' lang='lat' dir='ltr'><strong><em>omnem</em></strong></span> <span class='ocrx_word' id='word_1_564' title='bbox 1285 2006 1386 2029; x_wconf 85' lang='lat' dir='ltr'><strong><em>terram</em></strong></span> <span class='ocrx_word' id='word_1_565' title='bbox 1413 2003 1535 2036; x_wconf 84' lang='lat' dir='ltr'><strong><em>percutit.</em></strong></span> <span class='ocrx_word' id='word_1_566' title='bbox 1555 2003 1616 2030; x_wconf 64' lang='lat' dir='ltr'><strong><em>Haec</em></strong></span> <span class='ocrx_word' id='word_1_567' title='bbox 1633 2004 1723 2031; x_wconf 79' lang='lat' dir='ltr'><strong><em>videns</em></strong></span> <span class='ocrx_word' id='word_1_568' title='bbox 1745 2014 1803 2032; x_wconf 78' lang='lat' dir='ltr'><strong><em>cum</em></strong></span> 
     </span>
    </p>
   </div>
   <div class='ocr_carea' id='block_1_84' title="bbox 1016 2048 1800 2085">
    <p class='ocr_par' dir='ltr' id='par_1_84' title="bbox 1016 2048 1800 2085">
     <span class='ocr_line' id='line_1_84' title="bbox 1016 2048 1800 2085; baseline 0.001 -9"><span class='ocrx_word' id='word_1_569' title='bbox 1016 2049 1138 2085; x_wconf 73' lang='lat' dir='ltr'><strong><em>plurimis</em></strong></span> <span class='ocrx_word' id='word_1_570' title='bbox 1159 2048 1218 2076; x_wconf 87' lang='lat' dir='ltr'><strong><em>aliis</em></strong></span> <span class='ocrx_word' id='word_1_571' title='bbox 1232 2048 1303 2075; x_wconf 87' lang='lat' dir='ltr'><strong><em>solus</em></strong></span> <span class='ocrx_word' id='word_1_572' title='bbox 1320 2048 1424 2083; x_wconf 82' lang='lat' dir='ltr'><strong><em>gavisus</em></strong></span> <span class='ocrx_word' id='word_1_573' title='bbox 1442 2056 1468 2075; x_wconf 86' lang='lat' dir='ltr'><strong><em>cs</em></strong></span> <span class='ocrx_word' id='word_1_574' title='bbox 1486 2053 1510 2075; x_wconf 90' lang='lat' dir='ltr'><strong><em>et</em></strong></span> <span class='ocrx_word' id='word_1_575' title='bbox 1527 2050 1675 2083; x_wconf 83' lang='lat' dir='ltr'><strong><em>spectaculo</em></strong></span> <span class='ocrx_word' id='word_1_576' title='bbox 1688 2050 1800 2082; x_wconf 69' lang='lat' dir='ltr'><strong><em>lmtaris,</em></strong></span> 
     </span>
    </p>
   </div>
   <div class='ocr_carea' id='block_1_85' title="bbox 1014 2095 1801 2125">
    <p class='ocr_par' dir='ltr' id='par_1_85' title="bbox 1014 2095 1801 2125">
     <span class='ocr_line' id='line_1_85' title="bbox 1014 2095 1801 2125; baseline 0 0"><span class='ocrx_word' id='word_1_577' title='bbox 1014 2105 1061 2125; x_wconf 85' lang='lat' dir='ltr'><strong><em>nec</em></strong></span> <span class='ocrx_word' id='word_1_578' title='bbox 1073 2105 1133 2124; x_wconf 86' lang='lat' dir='ltr'><strong><em>cum</em></strong></span> <span class='ocrx_word' id='word_1_579' title='bbox 1162 2095 1309 2123; x_wconf 87' lang='lat' dir='ltr'><strong><em>Prodromo</em></strong></span> <span class='ocrx_word' id='word_1_580' title='bbox 1328 2097 1414 2122; x_wconf 87' lang='lat' dir='ltr'><strong><em>amico</em></strong></span> <span class='ocrx_word' id='word_1_581' title='bbox 1433 2097 1634 2123; x_wconf 79' lang='lat' dir='ltr'><strong><em>communicas.’</em></strong></span> <span class='ocrx_word' id='word_1_582' title='bbox 1652 2097 1749 2125; x_wconf 84' lang='lat' dir='ltr'><strong><em>Gaudii</em></strong></span> <span class='ocrx_word' id='word_1_583' title='bbox 1764 2101 1801 2125; x_wconf 83' lang='lat' dir='ltr'><strong><em>tui</em></strong></span> 
     </span>
    </p>
   </div>
   <div class='ocr_carea' id='block_1_86' title="bbox 1013 2140 1802 2177">
    <p class='ocr_par' dir='ltr' id='par_1_86' title="bbox 1013 2140 1802 2177">
     <span class='ocr_line' id='line_1_86' title="bbox 1013 2140 1802 2177; baseline 0.001 -8"><span class='ocrx_word' id='word_1_584' title='bbox 1013 2149 1066 2169; x_wconf 86' lang='lat' dir='ltr'><strong><em>non</em></strong></span> <span class='ocrx_word' id='word_1_585' title='bbox 1089 2141 1154 2177; x_wconf 78' lang='lat' dir='ltr'><strong><em>facis</em></strong></span> <span class='ocrx_word' id='word_1_586' title='bbox 1175 2140 1353 2176; x_wconf 82' lang='lat' dir='ltr'><strong><em>participem?</em></strong></span> <span class='ocrx_word' id='word_1_587' title='bbox 1377 2148 1428 2166; x_wconf 88' lang='lat' dir='ltr'><strong><em>non</em></strong></span> <span class='ocrx_word' id='word_1_588' title='bbox 1453 2141 1488 2167; x_wconf 87' lang='lat' dir='ltr'><strong><em>ad</em></strong></span> <span class='ocrx_word' id='word_1_589' title='bbox 1505 2141 1651 2176; x_wconf 79' lang='lat' dir='ltr'><strong><em>scripturas</em></strong></span> <span class='ocrx_word' id='word_1_590' title='bbox 1680 2146 1802 2177; x_wconf 78' lang='lat' dir='ltr'><strong><em>pervesti-</em></strong></span> 
     </span>
    </p>
   </div>
   <div class='ocr_carea' id='block_1_87' title="bbox 1011 2186 1801 2223">
    <p class='ocr_par' dir='ltr' id='par_1_87' title="bbox 1011 2186 1801 2223">
     <span class='ocr_line' id='line_1_87' title="bbox 1011 2186 1801 2223; baseline 0.001 -8"><span class='ocrx_word' id='word_1_591' title='bbox 1011 2188 1114 2223; x_wconf 80' lang='lat' dir='ltr'><strong><em>gandas</em></strong></span> <span class='ocrx_word' id='word_1_592' title='bbox 1134 2186 1303 2214; x_wconf 67' lang='lat' dir='ltr'><strong><em>exhortaris!</em></strong></span> <span class='ocrx_word' id='word_1_593' title='bbox 1325 2195 1353 2213; x_wconf 83' lang='lat' dir='ltr'><strong><em>os</em></strong></span> <span class='ocrx_word' id='word_1_594' title='bbox 1369 2194 1455 2213; x_wconf 78' lang='lat' dir='ltr'><strong><em>meum</em></strong></span> <span class='ocrx_word' id='word_1_595' title='bbox 1469 2190 1493 2213; x_wconf 85' lang='lat' dir='ltr'><strong><em>et</em></strong></span> <span class='ocrx_word' id='word_1_596' title='bbox 1506 2186 1625 2221; x_wconf 84' lang='lat' dir='ltr'><strong><em>linguam</em></strong></span> <span class='ocrx_word' id='word_1_597' title='bbox 1642 2196 1694 2215; x_wconf 88' lang='lat' dir='ltr'><strong><em>nou</em></strong></span> <span class='ocrx_word' id='word_1_598' title='bbox 1709 2190 1801 2216; x_wconf 60' lang='lat' dir='ltr'><strong><em>acuis?</em></strong></span> 
     </span>
    </p>
   </div>
   <div class='ocr_carea' id='block_1_88' title="bbox 163 2232 1800 2271">
    <p class='ocr_par' dir='ltr' id='par_1_88' title="bbox 163 2232 1800 2271">
     <span class='ocr_line' id='line_1_88' title="bbox 163 2232 1800 2271; baseline 0 -9"><span class='ocrx_word' id='word_1_599' title='bbox 163 2235 210 2269; x_wconf 37' lang='lat' dir='ltr'><strong><em>\lis</em></strong></span> <span class='ocrx_word' id='word_1_600' title='bbox 233 2235 337 2270; x_wconf 81' lang='lat' dir='ltr'><strong><em>quidem</em></strong></span> <span class='ocrx_word' id='word_1_601' title='bbox 357 2244 421 2270; x_wconf 87' lang='lat' dir='ltr'><strong><em>erga</em></strong></span> <span class='ocrx_word' id='word_1_602' title='bbox 444 2244 491 2263; x_wconf 85' lang='lat' dir='ltr'><strong><em>nos</em></strong></span> <span class='ocrx_word' id='word_1_603' title='bbox 514 2237 587 2271; x_wconf 85' lang='lat' dir='ltr'><strong><em>prius</em></strong></span> <span class='ocrx_word' id='word_1_604' title='bbox 612 2244 682 2263; x_wconf 78' lang='lat' dir='ltr'><strong><em>eras.</em></strong></span> <span class='ocrx_word' id='word_1_605' title='bbox 698 2235 777 2263; x_wconf 83' lang='lat' dir='ltr'><strong><em>Nunc</em></strong></span> <span class='ocrx_word' id='word_1_606' title='bbox 797 2240 886 2263; x_wconf 86' lang='lat' dir='ltr'><strong><em>autem</em></strong></span> <span class='ocrx_word' id='word_1_607' title='bbox 906 2244 961 2263; x_wconf 88' lang='lat' dir='ltr'><strong><em>una</em></strong></span> <span class='ocrx_word' id='word_1_608' title='bbox 977 2238 1001 2268; x_wconf 83' lang='lat' dir='ltr'><strong>D</strong></span> <span class='ocrx_word' id='word_1_609' title='bbox 1014 2233 1137 2261; x_wconf 80' lang='lat' dir='ltr'><strong><em>Attamen</em></strong></span> <span class='ocrx_word' id='word_1_610' title='bbox 1159 2241 1173 2260; x_wconf 92' lang='lat' dir='ltr'><strong><em>e</em></strong></span> <span class='ocrx_word' id='word_1_611' title='bbox 1193 2232 1270 2268; x_wconf 88' lang='lat' dir='ltr'><strong><em>longo</em></strong></span> <span class='ocrx_word' id='word_1_612' title='bbox 1284 2236 1400 2267; x_wconf 88' lang='lat' dir='ltr'><strong><em>tempore</em></strong></span> <span class='ocrx_word' id='word_1_613' title='bbox 1424 2232 1503 2267; x_wconf 87' lang='lat' dir='ltr'><strong><em>probe</em></strong></span> <span class='ocrx_word' id='word_1_614' title='bbox 1522 2233 1574 2260; x_wconf 78' lang='lat' dir='ltr'><strong><em>scis</em></strong></span> <span class='ocrx_word' id='word_1_615' title='bbox 1592 2241 1632 2260; x_wconf 80' lang='lat' dir='ltr'><strong><em>me</em></strong></span> <span class='ocrx_word' id='word_1_616' title='bbox 1646 2234 1800 2269; x_wconf 85' lang='lat' dir='ltr'><strong><em>imperatori</em></strong></span> 
     </span>
    </p>
   </div>
   <div class='ocr_carea' id='block_1_89' title="bbox 175 2282 959 2318">
    <p class='ocr_par' dir='ltr' id='par_1_89' title="bbox 175 2282 959 2318">
     <span class='ocr_line' id='line_1_89' title="bbox 175 2282 959 2318; baseline 0.001 -10"><span class='ocrx_word' id='word_1_617' title='bbox 175 2289 236 2308; x_wconf 76' lang='lat' dir='ltr'><strong><em>cum</em></strong></span> <span class='ocrx_word' id='word_1_618' title='bbox 251 2283 412 2316; x_wconf 85' lang='lat' dir='ltr'><strong><em>imperatore</em></strong></span> <span class='ocrx_word' id='word_1_619' title='bbox 425 2283 538 2309; x_wconf 74' lang='lat' dir='ltr'><strong><em>verearis</em></strong></span> <span class='ocrx_word' id='word_1_620' title='bbox 551 2287 574 2309; x_wconf 86' lang='lat' dir='ltr'><strong><em>et</em></strong></span> <span class='ocrx_word' id='word_1_621' title='bbox 592 2283 641 2309; x_wconf 87' lang='lat' dir='ltr'><strong><em>tuis</em></strong></span> <span class='ocrx_word' id='word_1_622' title='bbox 659 2282 729 2309; x_wconf 86' lang='lat' dir='ltr'><strong><em>vides</em></strong></span> <span class='ocrx_word' id='word_1_623' title='bbox 746 2282 827 2310; x_wconf 86' lang='lat' dir='ltr'><strong><em>oculis</em></strong></span> <span class='ocrx_word' id='word_1_624' title='bbox 843 2287 959 2318; x_wconf 88' lang='lat' dir='ltr'><strong><em>quantas</em></strong></span> 
     </span>
    </p>
   </div>
   <div class='ocr_carea' id='block_1_90' title="bbox 176 2325 958 2362">
    <p class='ocr_par' dir='ltr' id='par_1_90' title="bbox 176 2325 958 2362">
     <span class='ocr_line' id='line_1_90' title="bbox 176 2325 958 2362; baseline 0.001 -10"><span class='ocrx_word' id='word_1_625' title='bbox 176 2325 222 2352; x_wconf 87' lang='lat' dir='ltr'><strong><em>ille</em></strong></span> <span class='ocrx_word' id='word_1_626' title='bbox 249 2325 317 2352; x_wconf 90' lang='lat' dir='ltr'><strong><em>bello</em></strong></span> <span class='ocrx_word' id='word_1_627' title='bbox 341 2334 381 2352; x_wconf 88' lang='lat' dir='ltr'><strong><em>res</em></strong></span> <span class='ocrx_word' id='word_1_628' title='bbox 409 2330 578 2361; x_wconf 70' lang='lat' dir='ltr'><strong><em>exsequatur.</em></strong></span> <span class='ocrx_word' id='word_1_629' title='bbox 604 2329 667 2361; x_wconf 85' lang='lat' dir='ltr'><strong><em>quot</em></strong></span> <span class='ocrx_word' id='word_1_630' title='bbox 693 2327 817 2353; x_wconf 82' lang='lat' dir='ltr'><strong><em>victorias</em></strong></span> <span class='ocrx_word' id='word_1_631' title='bbox 844 2331 958 2362; x_wconf 85' lang='lat' dir='ltr'><strong><em>reportet</em></strong></span> 
     </span>
    </p>
   </div>
   <div class='ocr_carea' id='block_1_91' title="bbox 176 2369 958 2405">
    <p class='ocr_par' dir='ltr' id='par_1_91' title="bbox 176 2369 958 2405">
     <span class='ocr_line' id='line_1_91' title="bbox 176 2369 958 2405; baseline 0.001 -10"><span class='ocrx_word' id='word_1_632' title='bbox 176 2369 242 2395; x_wconf 85' lang='lat' dir='ltr'><strong><em>adeo</em></strong></span> <span class='ocrx_word' id='word_1_633' title='bbox 252 2373 279 2396; x_wconf 87' lang='lat' dir='ltr'><strong><em>ut</em></strong></span> <span class='ocrx_word' id='word_1_634' title='bbox 291 2373 460 2396; x_wconf 57' lang='lat' dir='ltr'><strong><em>externarum</em></strong></span> <span class='ocrx_word' id='word_1_635' title='bbox 478 2370 616 2396; x_wconf 80' lang='lat' dir='ltr'><strong><em>nationum</em></strong></span> <span class='ocrx_word' id='word_1_636' title='bbox 626 2369 754 2397; x_wconf 85' lang='lat' dir='ltr'><strong><em>invidiam</em></strong></span> <span class='ocrx_word' id='word_1_637' title='bbox 769 2374 900 2405; x_wconf 77' lang='lat' dir='ltr'><strong><em>provocet,</em></strong></span> <span class='ocrx_word' id='word_1_638' title='bbox 913 2370 958 2397; x_wconf 85' lang='lat' dir='ltr'><strong><em>ubi</em></strong></span> 
     </span>
    </p>
   </div>
   <div class='ocr_carea' id='block_1_92' title="bbox 176 2414 959 2450">
    <p class='ocr_par' dir='ltr' id='par_1_92' title="bbox 176 2414 959 2450">
     <span class='ocr_line' id='line_1_92' title="bbox 176 2414 959 2450; baseline 0.003 -8"><span class='ocrx_word' id='word_1_639' title='bbox 176 2414 276 2447; x_wconf 68' lang='lat' dir='ltr'><strong><em>Romae,</em></strong></span> <span class='ocrx_word' id='word_1_640' title='bbox 292 2416 411 2450; x_wconf 84' lang='lat' dir='ltr'><strong><em>inquam,</em></strong></span> <span class='ocrx_word' id='word_1_641' title='bbox 429 2414 541 2449; x_wconf 88' lang='lat' dir='ltr'><strong><em>gloriam</em></strong></span> <span class='ocrx_word' id='word_1_642' title='bbox 557 2419 737 2450; x_wconf 81' lang='lat' dir='ltr'><strong><em>augescentem</em></strong></span> <span class='ocrx_word' id='word_1_643' title='bbox 760 2416 959 2449; x_wconf 82' lang='lat' dir='ltr'><strong><em>animadvertis,</em></strong></span> 
     </span>
    </p>
   </div>
   <div class='ocr_carea' id='block_1_93' title="bbox 175 2459 959 2491">
    <p class='ocr_par' dir='ltr' id='par_1_93' title="bbox 175 2459 959 2491">
     <span class='ocr_line' id='line_1_93' title="bbox 175 2459 959 2491; baseline 0.001 -6"><span class='ocrx_word' id='word_1_644' title='bbox 175 2466 246 2486; x_wconf 73' lang='lat' dir='ltr'><strong><em>nunc</em></strong></span> <span class='ocrx_word' id='word_1_645' title='bbox 262 2459 350 2485; x_wconf 86' lang='lat' dir='ltr'><strong><em>orbem</em></strong></span> <span class='ocrx_word' id='word_1_646' title='bbox 369 2463 512 2489; x_wconf 79' lang='lat' dir='ltr'><strong><em>terrarum,</em></strong></span> <span class='ocrx_word' id='word_1_647' title='bbox 530 2466 602 2485; x_wconf 88' lang='lat' dir='ltr'><strong><em>mare</em></strong></span> <span class='ocrx_word' id='word_1_648' title='bbox 617 2463 641 2486; x_wconf 91' lang='lat' dir='ltr'><strong><em>et</em></strong></span> <span class='ocrx_word' id='word_1_649' title='bbox 661 2459 733 2486; x_wconf 77' lang='lat' dir='ltr'><strong><em>locus</em></strong></span> <span class='ocrx_word' id='word_1_650' title='bbox 751 2460 872 2491; x_wconf 84' lang='lat' dir='ltr'><strong><em>domitos.</em></strong></span> <span class='ocrx_word' id='word_1_651' title='bbox 885 2460 959 2487; x_wconf 89' lang='lat' dir='ltr'><strong><em>inco-</em></strong></span> 
     </span>
    </p>
   </div>
   <div class='ocr_carea' id='block_1_94' title="bbox 176 2504 960 2540">
    <p class='ocr_par' dir='ltr' id='par_1_94' title="bbox 176 2504 960 2540">
     <span class='ocr_line' id='line_1_94' title="bbox 176 2504 960 2540; baseline 0.003 -10"><span class='ocrx_word' id='word_1_652' title='bbox 176 2504 210 2531; x_wconf 83' lang='lat' dir='ltr'><strong><em>lis</em></strong></span> <span class='ocrx_word' id='word_1_653' title='bbox 226 2504 342 2536; x_wconf 79' lang='lat' dir='ltr'><strong><em>orbatos,</em></strong></span> <span class='ocrx_word' id='word_1_654' title='bbox 365 2505 409 2540; x_wconf 86' lang='lat' dir='ltr'><strong><em>qui</em></strong></span> <span class='ocrx_word' id='word_1_655' title='bbox 429 2504 562 2539; x_wconf 79' lang='lat' dir='ltr'><strong><em>quondam</em></strong></span> <span class='ocrx_word' id='word_1_656' title='bbox 585 2504 798 2539; x_wconf 69' lang='lat' dir='ltr'><strong><em>alienigenarum</em></strong></span> <span class='ocrx_word' id='word_1_657' title='bbox 821 2505 960 2533; x_wconf 84' lang='lat' dir='ltr'><strong><em>nationum</em></strong></span> 
     </span>
    </p>
   </div>
   <div class='ocr_carea' id='block_1_95' title="bbox 176 2549 959 2585">
    <p class='ocr_par' dir='ltr' id='par_1_95' title="bbox 176 2549 959 2585">
     <span class='ocr_line' id='line_1_95' title="bbox 176 2549 959 2585; baseline 0.003 -9"><span class='ocrx_word' id='word_1_658' title='bbox 176 2558 240 2584; x_wconf 84' lang='lat' dir='ltr'><strong><em>pars</em></strong></span> <span class='ocrx_word' id='word_1_659' title='bbox 257 2549 350 2585; x_wconf 83' lang='lat' dir='ltr'><strong><em>aliqua</em></strong></span> <span class='ocrx_word' id='word_1_660' title='bbox 368 2550 487 2585; x_wconf 75' lang='lat' dir='ltr'><strong><em>fuerant;</em></strong></span> <span class='ocrx_word' id='word_1_661' title='bbox 508 2558 576 2577; x_wconf 87' lang='lat' dir='ltr'><strong><em>nunc</em></strong></span> <span class='ocrx_word' id='word_1_662' title='bbox 597 2551 651 2577; x_wconf 66' lang='lat' dir='ltr'><strong><em>haec</em></strong></span> <span class='ocrx_word' id='word_1_663' title='bbox 669 2550 758 2577; x_wconf 87' lang='lat' dir='ltr'><strong><em>omnia</em></strong></span> <span class='ocrx_word' id='word_1_664' title='bbox 774 2550 863 2577; x_wconf 70' lang='lat' dir='ltr'><strong><em>Romae</em></strong></span> <span class='ocrx_word' id='word_1_665' title='bbox 877 2555 901 2577; x_wconf 90' lang='lat' dir='ltr'><strong><em>et</em></strong></span> <span class='ocrx_word' id='word_1_666' title='bbox 916 2552 959 2578; x_wconf 90' lang='lat' dir='ltr'><strong><em>in-</em></strong></span> 
     </span>
    </p>
   </div>
   <div class='ocr_carea' id='block_1_96' title="bbox 177 2593 959 2628">
    <p class='ocr_par' dir='ltr' id='par_1_96' title="bbox 177 2593 959 2628">
     <span class='ocr_line' id='line_1_96' title="bbox 177 2593 959 2628; baseline 0.004 -9"><span class='ocrx_word' id='word_1_667' title='bbox 177 2593 250 2620; x_wconf 63' lang='lat' dir='ltr'><strong><em>victa;</em></strong></span> <span class='ocrx_word' id='word_1_668' title='bbox 264 2593 375 2628; x_wconf 70' lang='lat' dir='ltr'><strong><em>familiae</em></strong></span> <span class='ocrx_word' id='word_1_669' title='bbox 387 2593 526 2621; x_wconf 72' lang='lat' dir='ltr'><strong><em>Comnenw</em></strong></span> <span class='ocrx_word' id='word_1_670' title='bbox 539 2594 677 2621; x_wconf 80' lang='lat' dir='ltr'><strong><em>servientia</em></strong></span> <span class='ocrx_word' id='word_1_671' title='bbox 689 2594 813 2622; x_wconf 77' lang='lat' dir='ltr'><strong><em>obtueris.</em></strong></span> <span class='ocrx_word' id='word_1_672' title='bbox 825 2595 959 2622; x_wconf 65' lang='lat' dir='ltr'><strong><em>Prwterea</em></strong></span> 
     </span>
    </p>
   </div>
   <div class='ocr_carea' id='block_1_97' title="bbox 177 2639 960 2676">
    <p class='ocr_par' dir='ltr' id='par_1_97' title="bbox 177 2639 960 2676">
     <span class='ocr_line' id='line_1_97' title="bbox 177 2639 960 2676; baseline 0.001 -9"><span class='ocrx_word' id='word_1_673' title='bbox 177 2639 289 2667; x_wconf 82' lang='lat' dir='ltr'><strong><em>Cilicum</em></strong></span> <span class='ocrx_word' id='word_1_674' title='bbox 313 2641 388 2667; x_wconf 84' lang='lat' dir='ltr'><strong><em>urbes</em></strong></span> <span class='ocrx_word' id='word_1_675' title='bbox 404 2641 500 2675; x_wconf 87' lang='lat' dir='ltr'><strong><em>aspicis</em></strong></span> <span class='ocrx_word' id='word_1_676' title='bbox 523 2649 587 2674; x_wconf 88' lang='lat' dir='ltr'><strong><em>quas</em></strong></span> <span class='ocrx_word' id='word_1_677' title='bbox 609 2641 690 2667; x_wconf 83' lang='lat' dir='ltr'><strong><em>armis</em></strong></span> <span class='ocrx_word' id='word_1_678' title='bbox 705 2641 882 2676; x_wconf 73' lang='lat' dir='ltr'><strong><em>imperatoriis</em></strong></span> <span class='ocrx_word' id='word_1_679' title='bbox 896 2641 960 2669; x_wconf 75' lang='lat' dir='ltr'><strong><em>sub-</em></strong></span> 
     </span>
    </p>
   </div>
   <div class='ocr_carea' id='block_1_98' title="bbox 179 2684 960 2720">
    <p class='ocr_par' dir='ltr' id='par_1_98' title="bbox 179 2684 960 2720">
     <span class='ocr_line' id='line_1_98' title="bbox 179 2684 960 2720; baseline 0 -8"><span class='ocrx_word' id='word_1_680' title='bbox 179 2690 254 2712; x_wconf 82' lang='lat' dir='ltr'><strong><em>actas</em></strong></span> <span class='ocrx_word' id='word_1_681' title='bbox 279 2693 397 2717; x_wconf 86' lang='lat' dir='ltr'><strong><em>noveras,</em></strong></span> <span class='ocrx_word' id='word_1_682' title='bbox 420 2689 445 2711; x_wconf 87' lang='lat' dir='ltr'><strong><em>et</em></strong></span> <span class='ocrx_word' id='word_1_683' title='bbox 459 2693 525 2720; x_wconf 87' lang='lat' dir='ltr'><strong><em>quas</em></strong></span> <span class='ocrx_word' id='word_1_684' title='bbox 545 2684 634 2712; x_wconf 79' lang='lat' dir='ltr'><strong><em>Persw</em></strong></span> <span class='ocrx_word' id='word_1_685' title='bbox 652 2685 721 2711; x_wconf 89' lang='lat' dir='ltr'><strong><em>malo</em></strong></span> <span class='ocrx_word' id='word_1_686' title='bbox 738 2685 798 2712; x_wconf 91' lang='lat' dir='ltr'><strong><em>dolo</em></strong></span> <span class='ocrx_word' id='word_1_687' title='bbox 815 2691 960 2720; x_wconf 83' lang='lat' dir='ltr'><strong><em>rapuerant</em></strong></span> 
     </span>
    </p>
   </div>
   <div class='ocr_carea' id='block_1_99' title="bbox 180 2729 960 2766">
    <p class='ocr_par' dir='ltr' id='par_1_99' title="bbox 180 2729 960 2766">
     <span class='ocr_line' id='line_1_99' title="bbox 180 2729 960 2766; baseline 0 -9"><span class='ocrx_word' id='word_1_688' title='bbox 180 2739 211 2757; x_wconf 84' lang='lat' dir='ltr'><strong><em>ac</em></strong></span> <span class='ocrx_word' id='word_1_689' title='bbox 229 2736 318 2765; x_wconf 79' lang='lat' dir='ltr'><strong><em>postea</em></strong></span> <span class='ocrx_word' id='word_1_690' title='bbox 337 2731 384 2758; x_wconf 90' lang='lat' dir='ltr'><strong><em>sub</em></strong></span> <span class='ocrx_word' id='word_1_691' title='bbox 402 2730 517 2762; x_wconf 72' lang='lat' dir='ltr'><strong><em>Thomaz,</em></strong></span> <span class='ocrx_word' id='word_1_692' title='bbox 537 2737 614 2766; x_wconf 85' lang='lat' dir='ltr'><strong><em>quem</em></strong></span> <span class='ocrx_word' id='word_1_693' title='bbox 627 2730 796 2766; x_wconf 76' lang='lat' dir='ltr'><strong><em>imperatoris</em></strong></span> <span class='ocrx_word' id='word_1_694' title='bbox 811 2729 960 2765; x_wconf 82' lang='lat' dir='ltr'><strong><em>apostolum</em></strong></span> 
     </span>
    </p>
   </div>
   <div class='ocr_carea' id='block_1_100' title="bbox 178 2775 963 2811">
    <p class='ocr_par' dir='ltr' id='par_1_100' title="bbox 178 2775 963 2811">
     <span class='ocr_line' id='line_1_100' title="bbox 178 2775 963 2811; baseline 0.001 -10"><span class='ocrx_word' id='word_1_695' title='bbox 178 2776 309 2808; x_wconf 68' lang='lat' dir='ltr'><strong><em>existimo.</em></strong></span> <span class='ocrx_word' id='word_1_696' title='bbox 326 2777 452 2804; x_wconf 85' lang='lat' dir='ltr'><strong><em>ditionem</em></strong></span> <span class='ocrx_word' id='word_1_697' title='bbox 469 2777 581 2804; x_wconf 74' lang='lat' dir='ltr'><strong><em>redactw</em></strong></span> <span class='ocrx_word' id='word_1_698' title='bbox 595 2780 666 2804; x_wconf 86' lang='lat' dir='ltr'><strong><em>sunt.</em></strong></span> <span class='ocrx_word' id='word_1_699' title='bbox 688 2776 740 2804; x_wconf 88' lang='lat' dir='ltr'><strong><em>Sed</em></strong></span> <span class='ocrx_word' id='word_1_700' title='bbox 758 2785 810 2803; x_wconf 88' lang='lat' dir='ltr'><strong><em>non</em></strong></span> <span class='ocrx_word' id='word_1_701' title='bbox 825 2776 858 2803; x_wconf 89' lang='lat' dir='ltr'><strong><em>de</em></strong></span> <span class='ocrx_word' id='word_1_702' title='bbox 878 2775 963 2811; x_wconf 82' lang='lat' dir='ltr'><strong><em>Didy-</em></strong></span> 
     </span>
    </p>
   </div>
   <div class='ocr_carea' id='block_1_101' title="bbox 179 2821 961 2858">
    <p class='ocr_par' dir='ltr' id='par_1_101' title="bbox 179 2821 961 2858">
     <span class='ocr_line' id='line_1_101' title="bbox 179 2821 961 2858; baseline 0.003 -12"><span class='ocrx_word' id='word_1_703' title='bbox 179 2828 222 2846; x_wconf 89' lang='lat' dir='ltr'><strong><em>mo</em></strong></span> <span class='ocrx_word' id='word_1_704' title='bbox 241 2821 371 2856; x_wconf 82' lang='lat' dir='ltr'><strong><em>veterique</em></strong></span> <span class='ocrx_word' id='word_1_705' title='bbox 386 2821 496 2857; x_wconf 68' lang='lat' dir='ltr'><strong><em>Thema,</em></strong></span> <span class='ocrx_word' id='word_1_706' title='bbox 518 2822 653 2849; x_wconf 78' lang='lat' dir='ltr'><strong><em>incredula</em></strong></span> <span class='ocrx_word' id='word_1_707' title='bbox 677 2821 724 2848; x_wconf 89' lang='lat' dir='ltr'><strong><em>illo</em></strong></span> <span class='ocrx_word' id='word_1_708' title='bbox 742 2821 844 2858; x_wconf 85' lang='lat' dir='ltr'><strong><em>loquor,</em></strong></span> <span class='ocrx_word' id='word_1_709' title='bbox 865 2822 910 2849; x_wconf 88' lang='lat' dir='ltr'><strong><em>sed</em></strong></span> <span class='ocrx_word' id='word_1_710' title='bbox 930 2822 961 2848; x_wconf 87' lang='lat' dir='ltr'><strong><em>de</em></strong></span> 
     </span>
    </p>
   </div>
   <div class='ocr_carea' id='block_1_102' title="bbox 178 2866 960 2903">
    <p class='ocr_par' dir='ltr' id='par_1_102' title="bbox 178 2866 960 2903">
     <span class='ocr_line' id='line_1_102' title="bbox 178 2866 960 2903; baseline 0.004 -11"><span class='ocrx_word' id='word_1_711' title='bbox 178 2873 210 2892; x_wconf 83' lang='lat' dir='ltr'><strong><em>eo</em></strong></span> <span class='ocrx_word' id='word_1_712' title='bbox 231 2866 276 2900; x_wconf 84' lang='lat' dir='ltr'><strong><em>qui</em></strong></span> <span class='ocrx_word' id='word_1_713' title='bbox 299 2874 399 2894; x_wconf 86' lang='lat' dir='ltr'><strong><em>morum</em></strong></span> <span class='ocrx_word' id='word_1_714' title='bbox 419 2868 586 2902; x_wconf 73' lang='lat' dir='ltr'><strong><em>simplicitate</em></strong></span> <span class='ocrx_word' id='word_1_715' title='bbox 610 2876 641 2896; x_wconf 86' lang='lat' dir='ltr'><strong><em>ac</em></strong></span> <span class='ocrx_word' id='word_1_716' title='bbox 661 2872 776 2903; x_wconf 79' lang='lat' dir='ltr'><strong><em>spectata</em></strong></span> <span class='ocrx_word' id='word_1_717' title='bbox 798 2868 826 2896; x_wconf 87' lang='lat' dir='ltr'><strong><em>in</em></strong></span> <span class='ocrx_word' id='word_1_718' title='bbox 849 2868 960 2897; x_wconf 78' lang='lat' dir='ltr'><strong><em>Dom’uo</em></strong></span> 
     </span>
    </p>
   </div>
   <div class='ocr_carea' id='block_1_103' title="bbox 1011 2277 1801 2312">
    <p class='ocr_par' dir='ltr' id='par_1_103' title="bbox 1011 2277 1801 2312">
     <span class='ocr_line' id='line_1_103' title="bbox 1011 2277 1801 2312; baseline 0.001 -9"><span class='ocrx_word' id='word_1_719' title='bbox 1011 2277 1131 2305; x_wconf 83' lang='lat' dir='ltr'><strong><em>laudibus</em></strong></span> <span class='ocrx_word' id='word_1_720' title='bbox 1140 2277 1295 2305; x_wconf 83' lang='lat' dir='ltr'><strong><em>celebrando</em></strong></span> <span class='ocrx_word' id='word_1_721' title='bbox 1307 2277 1419 2310; x_wconf 83' lang='lat' dir='ltr'><strong><em>miriﬁce</em></strong></span> <span class='ocrx_word' id='word_1_722' title='bbox 1428 2285 1536 2312; x_wconf 88' lang='lat' dir='ltr'><strong><em>operam</em></strong></span> <span class='ocrx_word' id='word_1_723' title='bbox 1550 2285 1650 2305; x_wconf 80' lang='lat' dir='ltr'><strong><em>navare</em></strong></span> <span class='ocrx_word' id='word_1_724' title='bbox 1664 2283 1688 2305; x_wconf 89' lang='lat' dir='ltr'><strong><em>et</em></strong></span> <span class='ocrx_word' id='word_1_725' title='bbox 1698 2287 1801 2307; x_wconf 71' lang='lat' dir='ltr'><strong><em>sexeni.</em></strong></span> 
     </span>
    </p>
   </div>
   <div class='ocr_carea' id='block_1_104' title="bbox 1009 2323 1800 2360">
    <p class='ocr_par' dir='ltr' id='par_1_104' title="bbox 1009 2323 1800 2360">
     <span class='ocr_line' id='line_1_104' title="bbox 1009 2323 1800 2360; baseline 0.003 -9"><span class='ocrx_word' id='word_1_726' title='bbox 1009 2329 1049 2351; x_wconf 83' lang='lat' dir='ltr'><strong><em>tos</em></strong></span> <span class='ocrx_word' id='word_1_727' title='bbox 1067 2324 1166 2360; x_wconf 87' lang='lat' dir='ltr'><strong><em>poetico</em></strong></span> <span class='ocrx_word' id='word_1_728' title='bbox 1188 2332 1219 2351; x_wconf 83' lang='lat' dir='ltr'><strong><em>ac</em></strong></span> <span class='ocrx_word' id='word_1_729' title='bbox 1247 2323 1361 2359; x_wconf 78' lang='lat' dir='ltr'><strong><em>pedestri</em></strong></span> <span class='ocrx_word' id='word_1_730' title='bbox 1387 2331 1508 2350; x_wconf 83' lang='lat' dir='ltr'><strong><em>sermone</em></strong></span> <span class='ocrx_word' id='word_1_731' title='bbox 1527 2325 1704 2358; x_wconf 81' lang='lat' dir='ltr'><strong><em>composuisse</em></strong></span> <span class='ocrx_word' id='word_1_732' title='bbox 1724 2325 1800 2353; x_wconf 82' lang='lat' dir='ltr'><strong><em>libros</em></strong></span> 
     </span>
    </p>
   </div>
   <div class='ocr_carea' id='block_1_105' title="bbox 1010 2369 1800 2405">
    <p class='ocr_par' dir='ltr' id='par_1_105' title="bbox 1010 2369 1800 2405">
     <span class='ocr_line' id='line_1_105' title="bbox 1010 2369 1800 2405; baseline 0 -8"><span class='ocrx_word' id='word_1_733' title='bbox 1010 2371 1204 2403; x_wconf 86' lang='lat' dir='ltr'><strong><em>triumphorum</em></strong></span> <span class='ocrx_word' id='word_1_734' title='bbox 1224 2369 1462 2404; x_wconf 78' lang='lat' dir='ltr'><strong><em>imperatoriorum</em></strong></span> <span class='ocrx_word' id='word_1_735' title='bbox 1485 2370 1603 2401; x_wconf 84' lang='lat' dir='ltr'><strong><em>nuntios,</em></strong></span> <span class='ocrx_word' id='word_1_736' title='bbox 1615 2370 1704 2404; x_wconf 81' lang='lat' dir='ltr'><strong><em>ipsius</em></strong></span> <span class='ocrx_word' id='word_1_737' title='bbox 1722 2372 1800 2405; x_wconf 77' lang='lat' dir='ltr'><strong><em>niaje_</em></strong></span> 
     </span>
    </p>
   </div>
   <div class='ocr_carea' id='block_1_106' title="bbox 1008 2415 1798 2451">
    <p class='ocr_par' dir='ltr' id='par_1_106' title="bbox 1008 2415 1798 2451">
     <span class='ocr_line' id='line_1_106' title="bbox 1008 2415 1798 2451; baseline 0.001 -8"><span class='ocrx_word' id='word_1_738' title='bbox 1008 2420 1077 2444; x_wconf 80' lang='lat' dir='ltr'><strong><em>state</em></strong></span> <span class='ocrx_word' id='word_1_739' title='bbox 1102 2415 1312 2450; x_wconf 85' lang='lat' dir='ltr'><strong><em>haudquaquam</em></strong></span> <span class='ocrx_word' id='word_1_740' title='bbox 1340 2415 1443 2450; x_wconf 86' lang='lat' dir='ltr'><strong><em>dignos,</em></strong></span> <span class='ocrx_word' id='word_1_741' title='bbox 1468 2415 1514 2442; x_wconf 85' lang='lat' dir='ltr'><strong><em>sed</em></strong></span> <span class='ocrx_word' id='word_1_742' title='bbox 1536 2415 1582 2450; x_wconf 87' lang='lat' dir='ltr'><strong><em>qui</em></strong></span> <span class='ocrx_word' id='word_1_743' title='bbox 1599 2416 1624 2442; x_wconf 84' lang='lat' dir='ltr'><strong><em>vi</em></strong></span> <span class='ocrx_word' id='word_1_744' title='bbox 1645 2416 1731 2451; x_wconf 84' lang='lat' dir='ltr'><strong><em>logica</em></strong></span> <span class='ocrx_word' id='word_1_745' title='bbox 1749 2426 1798 2444; x_wconf 77' lang='lat' dir='ltr'><strong><em>non</em></strong></span> 
     </span>
    </p>
   </div>
   <div class='ocr_carea' id='block_1_107' title="bbox 1009 2461 1798 2497">
    <p class='ocr_par' dir='ltr' id='par_1_107' title="bbox 1009 2461 1798 2497">
     <span class='ocr_line' id='line_1_107' title="bbox 1009 2461 1798 2497; baseline 0.003 -8"><span class='ocrx_word' id='word_1_746' title='bbox 1009 2465 1110 2489; x_wconf 87' lang='lat' dir='ltr'><strong><em>carent.</em></strong></span> <span class='ocrx_word' id='word_1_747' title='bbox 1138 2461 1172 2488; x_wconf 87' lang='lat' dir='ltr'><strong><em>Et</em></strong></span> <span class='ocrx_word' id='word_1_748' title='bbox 1199 2461 1325 2489; x_wconf 87' lang='lat' dir='ltr'><strong><em>Comneni</em></strong></span> <span class='ocrx_word' id='word_1_749' title='bbox 1348 2461 1453 2496; x_wconf 79' lang='lat' dir='ltr'><strong><em>quidem</em></strong></span> <span class='ocrx_word' id='word_1_750' title='bbox 1478 2461 1579 2488; x_wconf 88' lang='lat' dir='ltr'><strong><em>domini</em></strong></span> <span class='ocrx_word' id='word_1_751' title='bbox 1597 2463 1746 2497; x_wconf 80' lang='lat' dir='ltr'><strong><em>triumphus</em></strong></span> <span class='ocrx_word' id='word_1_752' title='bbox 1771 2465 1798 2492; x_wconf 84' lang='lat' dir='ltr'><strong><em>in</em></strong></span> 
     </span>
    </p>
   </div>
   <div class='ocr_carea' id='block_1_108' title="bbox 1010 2506 1797 2542">
    <p class='ocr_par' dir='ltr' id='par_1_108' title="bbox 1010 2506 1797 2542">
     <span class='ocr_line' id='line_1_108' title="bbox 1010 2506 1797 2542; baseline 0.003 -8"><span class='ocrx_word' id='word_1_753' title='bbox 1010 2508 1065 2542; x_wconf 82' lang='lat' dir='ltr'><strong><em>ipso</em></strong></span> <span class='ocrx_word' id='word_1_754' title='bbox 1082 2507 1159 2534; x_wconf 88' lang='lat' dir='ltr'><strong><em>initio</em></strong></span> <span class='ocrx_word' id='word_1_755' title='bbox 1179 2506 1387 2538; x_wconf 84' lang='lat' dir='ltr'><strong><em>memorabitur;</em></strong></span> <span class='ocrx_word' id='word_1_756' title='bbox 1411 2506 1462 2533; x_wconf 79' lang='lat' dir='ltr'><strong><em>tuis</em></strong></span> <span class='ocrx_word' id='word_1_757' title='bbox 1482 2511 1569 2533; x_wconf 85' lang='lat' dir='ltr'><strong><em>autem</em></strong></span> <span class='ocrx_word' id='word_1_758' title='bbox 1581 2507 1699 2534; x_wconf 85' lang='lat' dir='ltr'><strong><em>consiliis</em></strong></span> <span class='ocrx_word' id='word_1_759' title='bbox 1710 2509 1797 2542; x_wconf 76' lang='lat' dir='ltr'><strong><em>conﬁsi</em></strong></span> 
     </span>
    </p>
   </div>
   <div class='ocr_carea' id='block_1_109' title="bbox 1011 2551 1798 2587">
    <p class='ocr_par' dir='ltr' id='par_1_109' title="bbox 1011 2551 1798 2587">
     <span class='ocr_line' id='line_1_109' title="bbox 1011 2551 1798 2587; baseline 0.003 -8"><span class='ocrx_word' id='word_1_760' title='bbox 1011 2552 1140 2579; x_wconf 87' lang='lat' dir='ltr'><strong><em>librarum</em></strong></span> <span class='ocrx_word' id='word_1_761' title='bbox 1152 2560 1289 2578; x_wconf 87' lang='lat' dir='ltr'><strong><em>numerum</em></strong></span> <span class='ocrx_word' id='word_1_762' title='bbox 1304 2551 1469 2586; x_wconf 78' lang='lat' dir='ltr'><strong><em>augebimus,</em></strong></span> <span class='ocrx_word' id='word_1_763' title='bbox 1485 2552 1513 2578; x_wconf 90' lang='lat' dir='ltr'><strong><em>in</em></strong></span> <span class='ocrx_word' id='word_1_764' title='bbox 1533 2552 1624 2586; x_wconf 85' lang='lat' dir='ltr'><strong><em>quibus</em></strong></span> <span class='ocrx_word' id='word_1_765' title='bbox 1638 2553 1798 2587; x_wconf 83' lang='lat' dir='ltr'><strong><em>imperatoris</em></strong></span> 
     </span>
    </p>
   </div>
   <div class='ocr_carea' id='block_1_110' title="bbox 1011 2595 1799 2634">
    <p class='ocr_par' dir='ltr' id='par_1_110' title="bbox 1011 2595 1799 2634">
     <span class='ocr_line' id='line_1_110' title="bbox 1011 2595 1799 2634; baseline 0 -10"><span class='ocrx_word' id='word_1_766' title='bbox 1011 2605 1052 2624; x_wconf 90' lang='lat' dir='ltr'><strong><em>res</em></strong></span> <span class='ocrx_word' id='word_1_767' title='bbox 1065 2602 1143 2632; x_wconf 70' lang='lat' dir='ltr'><strong><em>gestat</em></strong></span> <span class='ocrx_word' id='word_1_768' title='bbox 1156 2597 1304 2628; x_wconf 87' lang='lat' dir='ltr'><strong><em>tradentur,</em></strong></span> <span class='ocrx_word' id='word_1_769' title='bbox 1328 2595 1402 2623; x_wconf 87' lang='lat' dir='ltr'><strong><em>nullo</em></strong></span> <span class='ocrx_word' id='word_1_770' title='bbox 1417 2596 1511 2634; x_wconf 71' lang='lat' dir='ltr'><strong><em>omisso</em></strong></span> <span class='ocrx_word' id='word_1_771' title='bbox 1532 2605 1582 2630; x_wconf 89' lang='lat' dir='ltr'><strong><em>quo</em></strong></span> <span class='ocrx_word' id='word_1_772' title='bbox 1599 2598 1653 2624; x_wconf 75' lang='lat' dir='ltr'><strong><em>vita</em></strong></span> <span class='ocrx_word' id='word_1_773' title='bbox 1672 2598 1730 2631; x_wconf 77' lang='lat' dir='ltr'><strong><em>ejus</em></strong></span> <span class='ocrx_word' id='word_1_774' title='bbox 1744 2597 1799 2624; x_wconf 88' lang='lat' dir='ltr'><strong><em>illu-</em></strong></span> 
     </span>
    </p>
   </div>
   <div class='ocr_carea' id='block_1_111' title="bbox 1010 2641 1798 2678">
    <p class='ocr_par' dir='ltr' id='par_1_111' title="bbox 1010 2641 1798 2678">
     <span class='ocr_line' id='line_1_111' title="bbox 1010 2641 1798 2678; baseline -0.001 -8"><span class='ocrx_word' id='word_1_775' title='bbox 1010 2642 1092 2670; x_wconf 81' lang='lat' dir='ltr'><strong><em>strari</em></strong></span> <span class='ocrx_word' id='word_1_776' title='bbox 1104 2643 1183 2678; x_wconf 86' lang='lat' dir='ltr'><strong><em>possit</em></strong></span> <span class='ocrx_word' id='word_1_777' title='bbox 1198 2641 1331 2676; x_wconf 81' lang='lat' dir='ltr'><strong><em>triumpho</em></strong></span> <span class='ocrx_word' id='word_1_778' title='bbox 1347 2651 1378 2667; x_wconf 78' lang='lat' dir='ltr'><strong><em>ac</em></strong></span> <span class='ocrx_word' id='word_1_779' title='bbox 1395 2642 1516 2673; x_wconf 81' lang='lat' dir='ltr'><strong><em>victoria,</em></strong></span> <span class='ocrx_word' id='word_1_780' title='bbox 1529 2641 1610 2668; x_wconf 79' lang='lat' dir='ltr'><strong><em>donec</em></strong></span> <span class='ocrx_word' id='word_1_781' title='bbox 1627 2643 1727 2677; x_wconf 82' lang='lat' dir='ltr'><strong><em>optima</em></strong></span> <span class='ocrx_word' id='word_1_782' title='bbox 1743 2652 1798 2677; x_wconf 51' lang='lat' dir='ltr'><strong><em>prop</em></strong></span> 
     </span>
    </p>
   </div>
   <div class='ocr_carea' id='block_1_112' title="bbox 1013 2686 1796 2722">
    <p class='ocr_par' dir='ltr' id='par_1_112' title="bbox 1013 2686 1796 2722">
     <span class='ocr_line' id='line_1_112' title="bbox 1013 2686 1796 2722; baseline 0.001 -8"><span class='ocrx_word' id='word_1_783' title='bbox 1013 2687 1048 2714; x_wconf 85' lang='lat' dir='ltr'><strong><em>les</em></strong></span> <span class='ocrx_word' id='word_1_784' title='bbox 1063 2695 1147 2714; x_wconf 68' lang='lat' dir='ltr'><strong><em>saeraz</em></strong></span> <span class='ocrx_word' id='word_1_785' title='bbox 1167 2695 1303 2722; x_wconf 72' lang='lat' dir='ltr'><strong><em>purpurte,</em></strong></span> <span class='ocrx_word' id='word_1_786' title='bbox 1319 2687 1469 2714; x_wconf 82' lang='lat' dir='ltr'><strong><em>Comnenus</em></strong></span> <span class='ocrx_word' id='word_1_787' title='bbox 1485 2695 1498 2713; x_wconf 89' lang='lat' dir='ltr'><strong><em>e</em></strong></span> <span class='ocrx_word' id='word_1_788' title='bbox 1518 2686 1661 2721; x_wconf 86' lang='lat' dir='ltr'><strong><em>Comneno,</em></strong></span> <span class='ocrx_word' id='word_1_789' title='bbox 1682 2687 1796 2716; x_wconf 83' lang='lat' dir='ltr'><strong><em>dominus</em></strong></span> 
     </span>
    </p>
   </div>
   <div class='ocr_carea' id='block_1_113' title="bbox 1012 2732 1800 2769">
    <p class='ocr_par' dir='ltr' id='par_1_113' title="bbox 1012 2732 1800 2769">
     <span class='ocr_line' id='line_1_113' title="bbox 1012 2732 1800 2769; baseline 0.003 -9"><span class='ocrx_word' id='word_1_790' title='bbox 1012 2741 1026 2760; x_wconf 90' lang='lat' dir='ltr'><strong><em>e</em></strong></span> <span class='ocrx_word' id='word_1_791' title='bbox 1037 2733 1143 2759; x_wconf 87' lang='lat' dir='ltr'><strong><em>domino</em></strong></span> <span class='ocrx_word' id='word_1_792' title='bbox 1159 2738 1236 2760; x_wconf 74' lang='lat' dir='ltr'><strong><em>(errat</em></strong></span> <span class='ocrx_word' id='word_1_793' title='bbox 1255 2733 1302 2759; x_wconf 88' lang='lat' dir='ltr'><strong><em>toti</em></strong></span> <span class='ocrx_word' id='word_1_794' title='bbox 1319 2732 1351 2759; x_wconf 81' lang='lat' dir='ltr'><strong><em>ab</em></strong></span> <span class='ocrx_word' id='word_1_795' title='bbox 1366 2737 1425 2759; x_wconf 88' lang='lat' dir='ltr'><strong><em>ortu</em></strong></span> <span class='ocrx_word' id='word_1_796' title='bbox 1448 2732 1512 2760; x_wconf 88' lang='lat' dir='ltr'><strong><em>solis</em></strong></span> <span class='ocrx_word' id='word_1_797' title='bbox 1530 2741 1612 2769; x_wconf 80' lang='lat' dir='ltr'><strong><em>usque</em></strong></span> <span class='ocrx_word' id='word_1_798' title='bbox 1635 2736 1669 2762; x_wconf 71' lang='grc' dir='ltr'><strong><em>ολ</em></strong></span> <span class='ocrx_word' id='word_1_799' title='bbox 1684 2742 1800 2762; x_wconf 78' lang='lat' dir='ltr'><strong><em>occasum</em></strong></span> 
     </span>
    </p>
   </div>
   <div class='ocr_carea' id='block_1_114' title="bbox 1012 2778 1794 2815">
    <p class='ocr_par' dir='ltr' id='par_1_114' title="bbox 1012 2778 1794 2815">
     <span class='ocr_line' id='line_1_114' title="bbox 1012 2778 1794 2815; baseline 0.004 -10"><span class='ocrx_word' id='word_1_800' title='bbox 1012 2783 1113 2814; x_wconf 84' lang='lat' dir='ltr'><strong><em>regnet.</em></strong></span> <span class='ocrx_word' id='word_1_801' title='bbox 1129 2778 1191 2806; x_wconf 76' lang='grc' dir='ltr'>ιιωε</span> <span class='ocrx_word' id='word_1_802' title='bbox 1207 2779 1271 2806; x_wconf 82' lang='lat' dir='ltr'><strong><em>mihi</em></strong></span> <span class='ocrx_word' id='word_1_803' title='bbox 1281 2779 1382 2806; x_wconf 85' lang='lat' dir='ltr'><strong><em>scribas</em></strong></span> <span class='ocrx_word' id='word_1_804' title='bbox 1396 2779 1486 2811; x_wconf 81' lang='lat' dir='ltr'><strong><em>velim,</em></strong></span> <span class='ocrx_word' id='word_1_805' title='bbox 1501 2783 1526 2806; x_wconf 82' lang='lat' dir='ltr'><strong><em>et</em></strong></span> <span class='ocrx_word' id='word_1_806' title='bbox 1542 2780 1659 2815; x_wconf 79' lang='lat' dir='ltr'><strong><em>qualibet</em></strong></span> <span class='ocrx_word' id='word_1_807' title='bbox 1671 2781 1737 2807; x_wconf 80' lang='lat' dir='ltr'><strong><em>hora</em></strong></span> <span class='ocrx_word' id='word_1_808' title='bbox 1749 2782 1794 2808; x_wconf 63' lang='lat' dir='ltr'><strong><em>im,-</em></strong></span> 
     </span>
    </p>
   </div>
   <div class='ocr_carea' id='block_1_115' title="bbox 1013 2824 1794 2861">
    <p class='ocr_par' dir='ltr' id='par_1_115' title="bbox 1013 2824 1794 2861">
     <span class='ocr_line' id='line_1_115' title="bbox 1013 2824 1794 2861; baseline 0.004 -11"><span class='ocrx_word' id='word_1_809' title='bbox 1013 2825 1132 2860; x_wconf 86' lang='lat' dir='ltr'><strong><em>peratori</em></strong></span> <span class='ocrx_word' id='word_1_810' title='bbox 1154 2824 1184 2851; x_wconf 88' lang='lat' dir='ltr'><strong><em>dc</em></strong></span> <span class='ocrx_word' id='word_1_811' title='bbox 1207 2832 1264 2851; x_wconf 84' lang='lat' dir='ltr'><strong><em>mea</em></strong></span> <span class='ocrx_word' id='word_1_812' title='bbox 1285 2829 1440 2859; x_wconf 82' lang='lat' dir='ltr'><strong><em>paupertate</em></strong></span> <span class='ocrx_word' id='word_1_813' title='bbox 1463 2824 1594 2858; x_wconf 87' lang='lat' dir='ltr'><strong><em>loquaris,</em></strong></span> <span class='ocrx_word' id='word_1_814' title='bbox 1613 2829 1705 2853; x_wconf 80' lang='lat' dir='ltr'><strong><em>contra</em></strong></span> <span class='ocrx_word' id='word_1_815' title='bbox 1723 2835 1794 2861; x_wconf 83' lang='lat' dir='ltr'><strong><em>quam</em></strong></span> 
     </span>
    </p>
   </div>
   <div class='ocr_carea' id='block_1_116' title="bbox 1013 2869 1792 2899">
    <p class='ocr_par' dir='ltr' id='par_1_116' title="bbox 1013 2869 1792 2899">
     <span class='ocr_line' id='line_1_116' title="bbox 1013 2869 1792 2899; baseline 0.001 -2"><span class='ocrx_word' id='word_1_816' title='bbox 1013 2869 1085 2898; x_wconf 79' lang='lat' dir='ltr'><strong><em>solus</em></strong></span> <span class='ocrx_word' id='word_1_817' title='bbox 1106 2869 1226 2899; x_wconf 79' lang='lat' dir='ltr'><strong><em>defensor</em></strong></span> <span class='ocrx_word' id='word_1_818' title='bbox 1239 2874 1262 2896; x_wconf 85' lang='lat' dir='ltr'><strong><em>et</em></strong></span> <span class='ocrx_word' id='word_1_819' title='bbox 1283 2869 1341 2896; x_wconf 68' lang='lat' dir='ltr'><strong><em>vitta</em></strong></span> <span class='ocrx_word' id='word_1_820' title='bbox 1364 2870 1508 2897; x_wconf 74' lang='lat' dir='ltr'><strong><em>sospitator</em></strong></span> <span class='ocrx_word' id='word_1_821' title='bbox 1525 2875 1550 2897; x_wconf 85' lang='lat' dir='ltr'><strong><em>et</em></strong></span> <span class='ocrx_word' id='word_1_822' title='bbox 1565 2871 1705 2898; x_wconf 67' lang='lat' dir='ltr'><strong><em>secundum</em></strong></span> <span class='ocrx_word' id='word_1_823' title='bbox 1720 2871 1792 2898; x_wconf 82' lang='lat' dir='ltr'><strong><em>Deum</em></strong></span> 
     </span>
    </p>
   </div>
  </div>
