1923 3079
121 151 198 185 13¹ἰ3

710 161 873 193 SCRIPTA
891 164 1170 198 MISCELLANEA.

1687 165 1753 199 137i

125 209 325 261 :9_K°W7t‘t5i
338 212 369 239 ἔκ
383 213 538 261 Κξὶμνηνοῦν
552 214 686 252 δεσπότης
702 218 734 245 ἐκ
748 219 892 247 δεσπότου.
928 225 950 253 Α
967 223 1127 260 Ἐμπλησον
1142 224 1233 251 πᾶσαν
1245 223 1355 259 ἀγυιὰν,
1371 223 1513 260 ἔμπλησον
1526 224 1620 256 πᾶσαν
1634 223 1726 261 χώραν

119 256 219 284 Ταῦτα
233 259 279 284 καὶ
293 260 362 293 μόνα
382 259 510 292 πέποιθα,
527 261 596 296 πρὸς
614 262 708 290 τοῦτον
728 265 887 294 ἀποϐλέπω.

119 300 175 327 ‘Av
192 299 269 333 οὗτος
285 303 359 339 δὼσῃ
379 312 424 339 μοι
438 306 547 339 φαγεῖν,
566 306 620 341 ἔχω
638 307 668 334 τὸ
685 308 734 344 ζῇν
747 311 794 336 καὶ
813 311 896 338 πάλιν
908 319 916 327 '

119 347 176 374 ’Λν
191 347 218 374 δὲ
231 348 268 384 μὴ
283 349 368 385 δώση,
381 351 540 386 φθείρομαι,
554 353 623 387 πρὸς
636 353 704 389 ᾅδην
723 356 897 384 καταϐαίνω·

121 394 163 419 οὐ
178 394 232 428 γὰρ
244 395 395 431 ἐπίσταμαι
409 399 524 429 πολλοὺς
537 399 673 432 δεσπότας
690 402 719 428 ἐν
730 402 769 436 τῷ
784 402 845 438 βίῳ.

120 439 241 474 Δόγισαι
260 441 343 468 πόσον
358 442 475 477 ἔκδημος
488 445 502 470 ό
515 444 644 479 βασιλεὺς
659 447 776 482 ὑπάρχει

121 485 182 511 Καὶ
194 486 277 513 πόσον
293 489 389 522 χρόνον
404 489 508 524 ἔρημος
523 490 537 516 ὁ
553 491 713 527 Πρόδρομος
733 495 916 529 πραγμάτων,

122 531 217 566 Αὐτῆς
233 533 262 560 δὲ
278 534 380 567 μᾶλλον
392 537 441 570 τῆς
457 535 530 571 ζωῆς
544 537 635 564 αὐτῶν
651 538 705 565 τῶν
719 540 889 574 ἀναγκαίων.

122 576 196 606 Εἶτα
210 579 372 616 φθαρείσης,
400 581 541 618 ἄνθρωπε,
561 584 613 619 τῆς
636 585 760 621 γλώττης
775 587 822 613 τοῦ
848 588 918 623 Προ-

758 633 881 669 [δρόμου.

130 673 247 709 Ἐτέραν
258 675 333 709 εὖροι
348 676 390 707 τίς
405 677 434 703 ἐν
446 677 481 712 γῇ
497 677 584 713 ταύτῃ
598 679 820 715 παρισουμένην,

124 719 185 746 Καὶ
200 720 334 754 σχετικῶς
348 721 522 756 κηρύσσοντα
538 722 584 749 τὸν
600 723 792 757 αὐτοκράτορά
808 734 859 759 μου
873 734 880 759 ;

124 766 186 792 οὐκ
200 764 289 800 οἶμαι,
311 766 364 793 κᾶν
379 769 566 802 παραφρονῶν
577 769 672 796 τοῦτον
686 769 759 796 λαλῶ
766 770 812 798 τὸν
829 770 917 805 λόγον.

125 834 158 862 1’.
178 836 235 864 Τοῦ
247 837 341 873 αὐτοῦ
356 838 400 869 είς
415 837 473 871 τὴν
485 838 535 865 ἐπὶ
549 838 588 872 τῇ
600 839 711 866 ἁλώσει
731 839 786 873 τῆς
802 842 919 867 Καστα-

167 873 260 908 ιιόνος
280 872 430 908 ἐπινίκιον
460 873 591 906 πρόοδον
613 874 666 901 τοῦ
699 875 919 908 αὐτοκράτορος

166 895 260 949 mpm};
290 895 440 949 ‘iwdifro‘p,
456 895 920 944 55756;.Jﬁioojv32%}?le
935 895 956 924 Β
977 913 1118 949 Ἀρίστευε
1135 912 1207 940 κατὰ
1224 913 1348 948 Περσῶν,
1364 913 1524 947 φαιδρὺνου,
1538 895 1711 948 μεγαλύνου·

167 943 310 969 πολιτικὰ
328 942 392 975 τοῖς
403 942 522 977 δήμοις.

170 1001 239 1027 Ἀπὸ
255 1001 413 1036 Προδρόμου
431 1001 601 1037 Πρόδρομος,
613 1001 724 1036 οἰκέτης
738 1003 786 1029 ἀπ’
800 1002 920 1034 οἰκέτου,

134 1046 202 1073 Ἀπὸ
213 1046 306 1081 λογίου
319 1047 411 1081 λόγιος
425 1047 514 1074 ταῦτα
525 1048 699 1083 καρποφορῶ
715 1057 756 1074 σοι
769 1055 777 1063 ⁸

133 1091 165 1119 Ὀ
184 1093 342 1128 Πρόδρομος
355 1092 393 1128 τῷ
409 1093 514 1127 βασιλεῖ
527 1093 574 1119 καὶ
595 1093 634 1128 τῷ
650 1093 753 1128 χριστῷ
767 1093 884 1128 Κυρίου,

134 1139 166 1165 Ὀ
178 1139 271 1170 δοῦλος
282 1139 321 1174 τῷ
334 1139 492 1171 δεσπόζοντι
505 1139 601 1174 καὶτῷ
612 1139 810 1175 κυριαρχοῦντι
819 1148 827 1154 ⁸

134 1185 165 1211 '0
180 1186 271 1219 λόγιος
290 1185 328 1220 τῷ
342 1186 462 1220 μάλιστα
476 1186 684 1221 τιμήσαντι-τὸν
698 1186 778 1220 λόγον
788 1195 795 1202 ·

128 1232 167 1258 Τὸ
179 1232 207 1258 δὲ
222 1232 485 1267 καρποφορούμενον
502 1233 548 1259 καὶ
563 1233 770 1268 προσαγόμενόν
786 1242 832 1267 μοι

128 1278 235 1312 Στίχων
248 1278 370 1309 δεκάδες,
384 1278 505 1314 βασιλεῦ,
522 1279 670 1305 πολιτικῶν
686 1280 733 1305 καὶ
749 1279 867 1306 τούτων’

136 1323 216 1359 ’ῼδῆς
235 1325 262 1350 δὲ
275 1325 354 1359 φέρει
371 1325 489 1359 μίμησιν
507 1325 610 1360 ἑκάστη
625 1325 680 1352 τῶν
692 1325 813 1352 δεκάδων

131 1371 194 1402 Τοῖς
211 1371 312 1405 πέρασι
330 1372 386 1402 τοῖς
403 1371 505 1406 ἑαυτῆς
520 1372 793 1406 συναπαρτιζομένη⁴

133 1417 234 1443 Ἀκουε
251 1417 317 1450 γοῦν
330 1425 381 1451 μου
395 1418 445 1451 τὴν
463 1417 547 1452 ᾠδὴν,
564 1417 646 1443 ἄκουε
658 1418 712 1443 τῶν
727 1417 867 1453 ᾀσμάτων.

168 1463 204 1491 *Ω
218 1465 309 1499 δεῦρο,
329 1465 407 1496 πόλις
420 1464 546 1500 εὐτυχὴς,
562 1461 584 1491 ὧ
601 1465 695 1498 δεῦρο,
713 1465 760 1491 νέα
780 1465 886 1500 Ῥώμη,

133 1513 277 1547 ’Ύμνησον
292 1512 338 1539 τὸν
353 1511 490 1545 δεσπότην
507 1519 567 1542 σου,
580 1510 626 1536 τὸν
638 1510 829 1546 αὐτοκράτορά
845 1518 904 1542 σου,

971 268 1058 304 ἸΙχου
1079 270 1238 306 κυμϐάλωι,
1253 271 1400 306 μουσικῆς,
1417 272 1517 303 παντὸς
1533 270 1638 306 ῥυθμοῦ
1649 271 1697 298 καὶ
1706 271 1755 306 μὲη

1659 326 1690 344 ου
1710 337 1717 348 .

969 362 1025 390 Καὶ
1041 362 1087 388 τὸν
1104 361 1277 397 σκηπτοῦχον
1294 361 1415 398 ὕμνησον
1426 363 1455 389 ὲν
1470 363 1547 399 πάσῃ
1560 316 1716 398 cogitavi;

1004 408 1039 434 Ὦ
1051 408 1128 440 πόλις
1148 408 1236 441 πόλις,
1260 409 1404 444 Ῥωμαῖκὴ
1418 409 1505 441 πόλις,
1528 410 1652 436 Αὐσόνων
1667 409 1754 439 πόλις.

969 451 1064 490 Εὗρες,
1083 455 1204 490 βραδέως
1216 454 1348 490 εὕρηκας.
1370 452 1449 490 εὗρες
1471 455 1521 490 ὀψὲ
1540 455 1588 482 καὶ
1606 455 1685 489 μόλις

969 501 1021 527 Τὸν
1038 501 1141 536 κόσμον
1154 510 1212 532 σου,
1227 501 1273 527 τὸν
1289 501 1391 536 ῥύστην
1405 509 1465 534 σου,
1490 500 1593 528 καὶτὸν
1610 500 1756 534 ὲκδικητήν

1654 551 1719 570 σου’

1654 552 1701 570 σου
1712 551 1719 558 θ

976 592 1147 624 Ἐξάπλωσον
1164 592 1226 623 τοὺς
1243 593 1325 627 ὅρους
1345 600 1392 618 σου
1407 612 1414 624 ,
1439 591 1576 619 πλάτυνον
1597 544 1648 621 tu:
1671 589 1756 619 αὐλάς

1645 634 1651 659 Ι
1659 644 1707 662 σου

970 682 1011 709 Τὰ
1023 683 1099 718 μήκη
1126 690 1184 715 σου,
1201 683 1236 708 τὰ
1253 681 1342 716 πλάτη
1365 690 1425 714 σου,
1451 686 1499 708 καὶ
1521 682 1555 710 τὰ
1580 655 1758 717 σχοινίσμάτά

1657 734 1722 753 σου”

1657 735 1703 753 σου

975 775 1020 806 Ὦς
1037 775 1131 810 κέδρος
1144 774 1211 810 ὕψου
1226 774 1362 810 κορυφὴν,
1378 774 1415 807 ὡς
1430 774 1551 809 ἄμπελος
1569 726 1684 809 εὑρὺἓου
1696 781 1703 788 ·

970 819 1038 856 Alps
1058 821 1127 857 πρὸς
1144 820 1244 848 κύκλον
1259 821 1308 856 τὴν
1330 821 1429 856 ὀφρὺν,
1447 820 1555 847 ἀπείλει
1574 821 1630 852 τοῖς
1651 820 1758 856 ἐχθροῖς

1652 865 1724 901 [σου,

975 959 1126 986 Ύπόταττε
1142 959 1172 985 τὸ
1188 959 1337 995 βάρϐαρον,
1349 960 1422 993 νίκα,
1439 959 1648 995 τροπαιοφόρει,

951 1047 955 1053 1
970 1007 1026 1033 Καὶ
1039 1007 1159 1041 κήρυττε
1175 1007 1232 1037 τοῖς
1252 1006 1311 1040 μεθ’
1331 1007 1405 1041 ἡμᾶς
1420 1005 1467 1032 τὸν
1481 1005 1583 1032 τούτων
1604 1004 1742 1041 παροχέα.

1013 1052 1178 1084 Ἀνέτειλας,
1192 1051 1334 1084 άνέτειλας
1347 1052 1474 1087 λαμπρὸν
1490 1053 1522 1079 ὲκ
1535 1052 1585 1087 τῆς
1597 1050 1680 1087 ἑῴας,

972 1098 1052 1125 Ἥλιε
1068 1098 1134 1130 θεῖε,
1152 1097 1275 1133 βασιλεῦ,
1293 1099 1340 1125 καὶ
1351 1098 1489 1133 δᾳδυυχεῖς
1509 1098 1558 1133 τὴν
1575 1097 1681 1124 κτίσιν·

972 1143 1041 1178 Οὐχὶ
1055 1143 1172 1175 λουθεὶς,
1184 1143 1222 1175 ὡς
1236 1143 1312 1179 ἥλιος
1326 1143 1448 1170 ὠκεανοῦ
1464 1144 1521 1174 τοῖς
1540 1142 1671 1178 ῥείθροις,

979 1189 1060 1217 Ἀλλὰ
1071 1189 1178 1221 λουθείς
1194 1198 1240 1215 σου
1257 1190 1314 1221 τοῖς
1338 1190 1448 1224 χρυσοῖς
1466 1189 1538 1224 ὑπὲρ
1552 1188 1632 1224 ἡμῶν
1648 1188 1760 1222 ἱδρῶσι·

972 1235 1027 1262 Καὶ
1042 1235 1089 1261 νῦν
1101 1235 1304 1270 άγαλλιώμενος
1318 1236 1356 1266 ὡς
1374 1236 1455 1269 γίγας
1471 1235 1641 1270 προοδεύεις,

972 1281 1014 1307 Τὰ
1023 1280 1050 1307 δὲ
1064 1280 1178 1316 λαμπρά
1192 1289 1239 1307 σου
1256 1281 1377 1316 τρόπαια
1394 1281 1488 1316 κύκλῳ
1499 1281 1645 1316 δορυφορεί
1661 1289 1706 1307 σοι
1718 1289 1726 1296 ·

978 1326 1012 1353 Ἦ
1030 1326 1105 1358 πόλις
1118 1326 1146 1353 δὲ
1162 1327 1343 1362 προσυπαντᾷ
1361 1327 1408 1353 καὶ
1423 1325 1640 1361 περιπτύσσεται
1657 1334 1700 1359 σε,

975 1371 1043 1408 ’Ὀλη
1060 1371 1129 1407 καλὴ
1145 1371 1194 1399 καὶ
1206 1372 1359 1408 τηλαυγὴς,
1376 1372 1422 1406 ὅλη
1437 1372 1683 1408 λελαμπρυσμὲνη,

975 1418 1074 1450 ’Λλυος
1093 1418 1211 1454 ῥείθροις
1227 1421 1284 1450 τοῖς
1302 1419 1396 1451 καλοῑς
1412 1421 1508 1454 ὥσπερ
1524 1419 1707 1445 άπολουθείσσ.

974 1464 1029 1490 Καὶ
1046 1465 1153 1499 δέχεταί
1168 1474 1208 1497 σε,
1223 1465 1346 1500 βασιλεῦ,
1361 1466 1496 1500 ἀγκάλαις
1512 1466 1698 1500 ἡπλωμέναις.

1011 1507 1046 1535 Ὠ
1063 1510 1152 1542 πόλις,
1166 1510 1244 1541 πόλις
1262 1511 1388 1546 εὐτυχὴς,
1407 1508 1429 1537 ὦ
1450 1511 1542 1545 Ῥώμη
1562 1512 1655 1546 Ῥώμη
1672 1512 1732 1544 νέα,

132 1560 186 1586 Τὸν
198 1560 312 1593 ρύστην,
323 1558 368 1585 τὸν
378 1557 490 1592 σωτῆρά
500 1565 558 1589 σου,
569 1556 670 1583 καὶτὸν
684 1555 845 1591 ὑπέρμαχόν
858 1564 905 1582 σου
914 1563 921 1571 ⁸
936 1565 958 1596 C
981 1556 1172 1590 Ἐπαλαιώθης
1189 1557 1236 1584 ὑπ’
1250 1557 1369 1593 ἐχθρῶν,
1391 1558 1485 1592 ἐγένου
1499 1559 1582 1593 γραῖα
1606 1558 1710 1593 Ῥώμη,

139 1604 302 1640 ’Λγκάλισαί
313 1612 359 1631 σου
371 1603 418 1630 τδν
434 1603 501 1634 υἱὸν,
516 1603 615 1638 στέψον
630 1601 676 1628 τὸν
690 1601 785 1636 κύριόν
801 1609 859 1634 σου,

134 1652 263 1678 Ἀπασαν
275 1651 355 1686 χεῖρα
369 1649 519 1685 βάλλουσαν
538 1647 586 1674 καὶ
598 1647 666 1674 πόδα
681 1646 850 1682 βεὸλημὲνον
863 1654 869 1661 ·

134 1698 258 1725 Κάλεσον
274 1696 337 1727 τοὺς
349 1695 494 1726 κατοίκους
505 1702 563 1726 σου,
574 1692 651 1719 κάλει
666 1692 701 1718 τὰ
713 1692 862 1726 θρέμματά
876 1700 923 1718 σου

135 1744 215 1771 Κατὰ
227 1743 332 1779 σειρὰς,
347 1742 419 1769 κατὰ
434 1740 531 1774 φυλὰς,
543 1739 590 1766 καὶ
604 1739 708 1773 δήμους
720 1738 766 1764 καὶ
778 1737 924 1772 φρατρίας·

136 1826 195 1852 vita:
206 1828 325 1850 servator
340 1826 377 1849 est
389 1821 537 1849 Comnenns
551 1829 564 1848 e
577 1821 846 1854 Conmeno,dominns
859 1828 872 1846 e
885 1819 932 1846 do-

97 1883 99 1885 ·
137 1872 219 1898 mino.
228 1870 276 1896 Hic
283 1869 360 1896 unica
372 1876 430 1903 spes
443 1876 501 1894 mea
511 1868 566 1895 :Iiic
574 1868 596 1894 si
604 1868 666 1894 milii
676 1868 865 1895 nutrimentum
873 1866 930 1898 dat.

138 1917 278 1946 reuiuisco,-
290 1914 330 1940 sin
341 1913 437 1942 minus,
449 1920 505 1938 ecce
518 1920 594 1946 pereo
606 1917 629 1938 et
641 1913 667 1938 in
680 1911 775 1939 Orcum
785 1911 911 1938 descendo
922 1919 932 1944 ;

139 1961 269 1990 nonem‘m
294 1959 390 1986 multos
406 1959 433 1985 in
455 1958 532 1985 terris
551 1957 670 1985 dominos
693 1965 827 1993 cognosco.
839 1956 933 1984 Consi—

140 2009 202 2036 dera
216 2012 344 2042 quantum
358 2005 480 2040 temporis
494 2005 638 2040 imperator
653 2004 720 2031 absit
733 2009 757 2030 et
770 2008 931 2039 quantopere

140 2055 301 2082 Prodromus
321 2061 337 2079 a
353 2052 463 2087 negotiis
485 2051 624 2077 destitutus
640 2050 714 2076 rebus
733 2050 767 2076 ad
792 2049 928 2078 vivendum

141 2099 292 2129 necessariis
309 2099 442 2133 indigeat;
468 2101 568 2131 postea,
594 2096 681 2127 homo,
709 2094 849 2123 Prodromi
874 2095 927 2121 lin-

141 2156 193 2183 gua
215 2150 347 2177 emortua,
369 2145 428 2180 quis
442 2144 502 2170 huic
517 2141 631 2170 similem
651 2141 767 2168 inveniet
781 2148 839 2177 qua
853 2141 929 2167 bene-

141 2191 197 2220 vole
207 2190 342 2217 domitium
353 2196 439 2216 meum
453 2185 614 2213 annuntiat?
629 2185 758 2220 Equidem
775 2193 828 2212 non
841 2184 929 2216 credo,

143 2237 246 2265 tametsi
260 2237 297 2263 sic
308 2235 414 2270 loquens
425 2233 548 2260 amentia:
560 2232 724 2259 incriminer.

144 2295 178 2324 Χ.
193 2292 367 2330 —Ejilsdem_
392 2292 423 2330 in
440 2289 645 2330 processiouem
672 2285 868 2330 triumphalem
877 2284 933 2330 fio:

181 2321 248 2358 mini
259 2321 384 2357 'Jonnnis
404 2321 536 2354 Co'mneni
557 2328 620 2358 post
643 2326 750 2357 captam
763 2321 936 2358 Qastamonis

179 2357 330 2396 civitatem,
343 2369 453 2390 carmen
469 2357 672 2396 decasjllabum
687 2359 743 2388 τοῖς
757 2357 864 2391 δήμοις.

181 2425 200 2450 Α
215 2423 383 2450 Ρνωειινεοτε
404 2426 564 2455 ργασία-εον,
581 2426 596 2444 a
617 2424 690 2443 servo
713 2423 812 2445 servus,
827 2422 843 2440 a
863 2414 938 2440 docto

144 2470 235 2497 doctus
245 2469 299 2495 hac
314 2466 359 2494 tibi
373 2466 451 2501 oﬁ'ero
461 2472 492 2491 ac
503 2465 572 2494 dico.
585 2463 738 2490 Prarcursor
747 2459 905 2495 imperatori
914 2463 938 2486 et

146 2519 224 2542 uncto
249 2513 366 2544 Domini,
377 2519 465 2538 servus
476 2509 647 2544 gubernatori
658 2517 689 2534 ac
704 2506 836 2542 regnanti,
849 2505 939 2532 doctus

146 2558 404 2595 eiquieruditionem
416 2556 500 2590 magis
511 2554 572 2581 aliis
586 2554 709 2581 wstimat.
722 2552 786 2585 Qum
799 2556 887 2579 autem
900 2550 940 2585 of-

149 2606 376 2640 fero,imperator,
386 2610 475 2629 versus
484 2602 545 2628 item
556 2605 616 2626 sunt
627 2599 727 2628 politici
741 2599 795 2626 suis
810 2597 938 2625 limitibus

148 2650 417 2686 circumscriptidam
427 2648 513 2682 accipe
524 2654 631 2674 carmen
646 2649 670 2672 et
683 2649 789 2672 cantum
804 2643 939 2672 nostrum!

183 2700 327 2731 Adesdum,
352 2697 414 2724 urbs
430 2696 504 2731 felix.
528 2703 595 2721 nova
614 2693 708 2724 Roma,
730 2692 832 2719 celebra
856 2692 941 2718 domi-

150 2753 212 2773 num
232 2748 307 2771 tuum
336 2741 556 2775 potentissimum.
584 2739 760 2767 liberatorem,
781 2737 940 2764 salvatorem

150 2799 179 2818 ac
195 2793 418 2825 propugnatorem
441 2790 525 2812 tuum.
547 2783 725 2818 Complectere
749 2781 834 2815 ﬁlium
856 2786 940 2813 tuum,

151 2844 247 2863 corona
273 2835 410 2861 dominum
437 2837 523 2861 tuum,
552 2829 672 2856 manibus
696 2828 855 2864 pedibusque
880 2835 940 2862 ope-

152 2889 231 2912 rare;
248 2888 342 2907 vernas
358 2884 414 2905 tuos
430 2876 548 2911 appella,
561 2879 639 2902 natos
656 2880 714 2901 tuos
725 2882 787 2900 voca
799 2873 942 2900 secundum

155 2927 247 2960 tribus,
271 2927 391 2953 nationes
407 2928 431 2951 et
447 2921 688 2958 confraternilates.
718 2919 814 2948 Omnes
831 2917 941 2954 impleta

978 1601 1100 1628 Ka-séliw
1117 1602 1179 1634 τοὺς
1198 1603 1357 1638 πλοκάμους
1377 1612 1424 1630 σου
1435 1623 1443 1636 ,
1461 1603 1578 1631 κατέθου
1602 1604 1652 1638 τὴν
1670 1604 1768 1637 στολήν

1668 1657 1726 1676 σου.

1668 1657 1726 1676 σου.

984 1693 1055 1720 Ἀλλ’
1068 1692 1147 1729 εὗρες
1162 1695 1263 1729 κράτος
1281 1696 1389 1731 ἄμαχον
1403 1696 1544 1730 γενναίαν,
1557 1697 1621 1724 νέαν
1637 1649 1734 1731 pii:an

979 1738 1032 1765 Τὸν
1045 1739 1186 1775 ῥωμαλέον
1199 1740 1303 1768 ἄνακτα
1318 1741 1451 1777 δεσπότην
1467 1742 1595 1778 Ἰωάννην
1605 1749 1614 1758 '

986 1822 1066 1855 vicos,
1083 1827 1166 1851 totam
1188 1824 1319 1860 regionem
1340 1825 1519 1860 cymbalorum
1532 1833 1595 1852 sono
1609 1833 1641 1851 ae
1659 1825 1770 1859 strepitat

987 1868 1068 1904 reple,
1093 1878 1124 1896 ac
1147 1871 1252 1897 musicis
1278 1871 1461 1897 instrumentis
1485 1879 1516 1897 ac
1540 1870 1659 1897 cantibus
1682 1870 1771 1896 omnia

985 1920 1106 1942 resonent
1115 1916 1142 1942 in
1154 1917 1280 1943 honorem
1291 1918 1454 1951 sceptrigeri.

1020 1960 1042 1988 0
1059 1961 1119 1988 urbs
1134 1961 1228 1994 Roma,
1243 1962 1380 1989 Ausonum
1394 1967 1484 1997 caput.
1503 1962 1633 1989 inuenisti.
1651 1969 1709 1988 sero
1724 1961 1770 1988 tle-

982 2015 1065 2039 mum,
1081 2007 1135 2033 ‘sed
1156 2011 1245 2034 tamen
1267 2007 1391 2034 invenisti
1412 2007 1540 2035 mundum
1557 2011 1640 2037 tuum,
1674 2005 1773 2032 libera-

982 2054 1065 2076 torem
1091 2054 1183 2082 tuum,
1207 2050 1413 2084 justiﬁeatorem
1438 2056 1531 2082 tuum;
1564 2050 1691 2076 terminos
1715 2054 1773 2075 tuas

983 2094 1082 2129 profer,
1100 2094 1177 2121 aulas
1195 2098 1253 2121 tuas
1269 2094 1402 2130 ampli/ica
1423 2099 1447 2120 et
1465 2094 1608 2121 secundum
1629 2101 1718 2120 omnes
1734 2093 1773 2119 di—

984 2139 1131 2166 mensiones
1159 2139 1323 2174 magni/ica;
1346 2139 1471 2167 exalteris
1494 2141 1560 2167 sicut
1583 2140 1686 2168 cedrus.
1707 2139 1774 2166 sicut

983 2184 1042 2210 vitis
1067 2183 1211 2219 amplieris.
1229 2182 1375 2220 Supercilia
1388 2192 1493 2213 sursum
1516 2192 1576 2218 age,
1593 2184 1705 2210 inimicis
1721 2184 1773 2210 tuis

986 2228 1105 2261 minare;
1129 2228 1223 2255 Persas
1238 2229 1311 2255 vince
1327 2232 1351 2254 et
1367 2227 1458 2255 [celare
1481 2228 1588 2260 animo;
1608 2228 1697 2268 sybige
1714 2227 1776 2254 bur-

947 2285 974 2315 Β
986 2271 1091 2303 barum,
1106 2272 1266 2307 triumphum
1282 2272 1313 2298 de
1322 2273 1378 2308 ipso
1392 2280 1451 2307 age.
1464 2277 1488 2299 et
1506 2272 1616 2307 posteris
1628 2271 1776 2306 benefacto-

988 2325 1044 2344 rem
1060 2318 1198 2344 annnntia.

1024 2362 1089 2390 Cum
1105 2361 1244 2397 splendore
1258 2370 1290 2389 ea:
1306 2362 1412 2390 Oriente
1428 2361 1551 2394 illuxisti,
1561 2362 1718 2397 imperator,
1736 2361 1777 2388 sol

989 2409 1087 2440 divine,
1105 2412 1133 2434 ut
1151 2408 1279 2435 mundum
1294 2408 1350 2434 luce
1378 2414 1423 2435 tua
1451 2407 1598 2439 collustres,
1632 2415 1684 2434 non
1708 2406 1776 2434 lotus

989 2454 1093 2488 quidem
1111 2454 1177 2480 sicut
1190 2454 1230 2480 sol
1241 2455 1268 2480 in
1283 2453 1381 2481 Oceani
1395 2454 1514 2489 ﬂuentis,
1530 2453 1576 2481 sed
1589 2453 1684 2480 sudore
1696 2461 1777 2480 aureo

990 2509 1037 2536 pro
1050 2500 1122 2527 nobis
1135 2501 1266 2527 madidus.
1281 2501 1333 2527 Sed
1346 2505 1370 2527 et
1395 2508 1464 2526 nunc
1478 2500 1593 2528 maxime
1616 2501 1682 2526 sicut
1705 2501 1777 2535 gigas

990 2548 1118 2581 procedis,
1135 2552 1158 2573 et
1171 2546 1309 2582 splendida
1326 2551 1350 2573 te
1365 2546 1479 2580 undique
1506 2549 1607 2580 tropica
1630 2545 1778 2572 circumsti-

991 2597 1065 2628 pant.
1085 2592 1151 2620 Urbs
1165 2593 1267 2619 interea
1284 2593 1330 2618 tibi
1356 2591 1460 2618 obviam
1481 2593 1500 2618 it
1519 2591 1688 2626 amplexum.
1718 2599 1777 2617 cum

992 2639 1064 2664 omni
1080 2646 1128 2664 sua
1161 2637 1355 2671 pulchritudine
1380 2645 1411 2663 ac
1427 2636 1576 2671 splendore,
1595 2640 1620 2662 et
1636 2636 1711 2671 quasi
1733 2635 1778 2663 ab-

992 2685 1048 2711 luta
1064 2684 1180 2718 limpidis
1194 2684 1281 2717 undis,
1294 2687 1317 2710 et
1331 2687 1366 2714 te,
1378 2683 1533 2718 imperator,
1550 2683 1647 2717 apertis
1664 2682 1777 2709 brachiis

991 2730 1225 2765 circumplectitur.

1028 2777 1050 2804 0
1069 2777 1129 2804 urbs
1143 2776 1306 2809 felicissima,
1324 2774 1408 2802 Roma
1421 2782 1487 2802 nova
1499 2783 1507 2808 ;
1521 2778 1652 2801 senectute
1676 2778 1700 2800 to
1717 2774 1782 2809 umi-

991 2826 1087 2849 xerunt
1107 2821 1207 2848 inimici
1226 2820 1286 2852 tui;
1311 2828 1379 2846 cana
1404 2819 1475 2854 facta
1497 2826 1543 2850 es;
1571 2818 1704 2844 cincinnos
1727 2825 1782 2844 una

993 2878 1051 2896 eum
1083 2873 1150 2896 veste
1180 2868 1339 2903 deposuisli;
1361 2867 1408 2895 sed
1432 2867 1499 2895 vires
1522 2867 1643 2898 invictas,
1667 2870 1782 2892 recentes

993 2921 1017 2944 et
1042 2915 1122 2944 simul
1146 2915 1281 2942 dominum
1308 2915 1448 2949 Joannem,
1475 2915 1568 2950 fortem
1596 2915 1781 2948 imperatorem
