1935 3085
195 211 250 238 Ναὶ
265 210 310 237 ναὶ
322 210 386 241 τοὺς
403 207 646 244 παρασπονδητὰς,
666 208 711 235 val
725 209 769 235 val
784 209 848 240 τοὺς
861 208 982 243 παρανό-

845 255 927 291 [μους
938 263 945 270 -

195 303 252 330 Nal
269 303 331 332 τοὺς
344 301 483 336 δραπέτας
500 301 610 335 κόλαζε,
628 300 714 328 τύπτε
729 302 793 334 τοὺς
808 301 982 333 ἀποστάτας

197 348 366 384 Προσῆλθον,
384 347 587 382 ηὐτομόλησαν,
602 348 843 383 προσκεκυνήκασί
860 356 911 380 σοι,

198 395 313 429 Ἔτυχον
329 394 409 427 δόξαν
420 394 450 420 οὺ
469 394 569 429 μικρὰν
584 393 709 420 πλούτων
726 395 851 429 ἀπείρων
866 395 945 421 ὂσονο

195 441 250 467 Kal
266 440 347 466 πάλιν
361 440 521 475 ἀπέστησαν
532 440 579 467 καὶ
592 440 810 475 συναποδράντες
821 440 927 472 τούτοις
937 448 944 456 ·

194 485 253 512 Νὗν
270 486 482 521 πειραοήτωσαν
499 486 591 521 χειρὸς
608 486 657 521 τῆς
673 486 733 512 τότε
751 486 948 521 φιλανθρώπου

194 531 322 566 Σχληρᾶς
337 532 447 566 ἀγρίας,
461 532 593 566 ἀπηνοῦς,
615 532 785 566 κτεινούσης,
804 532 981 565 φονευούσης,

201 579 273 606 Ἀνθ’
291 575 328 606 ὧν
343 579 547 614 ὴχαριστήκασι
564 579 612 605 καὶ
627 580 857 614 παρεσπόνδησαν
876 589 928 608 σοι.

230 623 266 651 Ὦ
282 624 394 659 βασιλεῦ
410 624 602 659 τρισαριστεῦ,
616 625 744 652 Αὐσόνων
757 625 939 661 αὐτοκράτορ,

195 666 231 705 ᾭ
245 670 326 705 σῶμα
342 671 466 705 κρεῖττον
480 669 607 704 σώματος
623 691 630 703 ,
646 671 694 697 καὶ
708 670 788 705 φύσις
803 671 875 707 ὑπὲρ
889 672 982 705 φύσιν·

195 714 308 749 Χειμὼν
322 716 352 741 οὐ
367 713 511 749 κατισχύει
529 723 588 747 σου,
603 714 670 750 χιὼν
686 716 716 742 οὐ
732 717 869 752 πήγνυσιν
887 725 927 750 σε,

196 762 283 791 Νόσο;
296 761 326 786 οὺ
341 761 464 795 κυριεύει
481 769 540 793 σου,
561 761 643 793 πόνος
658 762 708 788 οὐκ
726 762 823 797 ἐκνικᾷ
835 770 864 789 σε
876 770 883 778 °

196 807 292 834 Νοσῶν
317 807 488 842 στρατεύεις,
511 807 652 843 πολεμεῐς,
675 808 798 841 διώκεις,
823 809 982 843 κατασφάτ-

259 856 265 861 ’
861 854 943 890 [τεις,

198 899 292 931 Πόλεις
311 899 432 934 πορθετς,
457 899 558 935 ἄνδρας
576 899 710 936 ζωγρεῖς,
735 901 826 933 ἕλκεις
842 902 982 936 αἰχμαλώ-

867 947 929 984 [σας
937 957 944 964 ⁸

196 992 267 1024 Τοὺς
283 993 427 1027 λυμεῶνας
441 993 489 1019 καὶ
502 992 614 1028 φθορεῖς
629 993 679 1026 τῆς
697 993 837 1024 πολιτείας
852 993 964 1026 λύκους,

195 1038 288 1070 Κύνας
303 1039 439 1071 δεικνύεις
454 1039 580 1074 φύλακας
600 1039 687 1073 αὐτῆς
702 1039 752 1074 τῆς
767 1040 908 1072 πολιτείας
919 1048 926 1055 ·

195 1084 251 1111 Kal
267 1085 411 1121 σὺν⁶ὐγείᾳ
430 1086 499 1120 πρὸς
516 1086 591 1120 ἡμᾶς
605 1086 653 1112 καὶ
665 1085 744 1120 νίκης
763 1086 946 1122 ὑποστρέφεις
957 1095 964 1103 ·

196 1130 286 1163 Σώζου
303 1140 360 1165 μοι,
374 1131 474 1164 σώζου,
493 1131 615 1166 βασιλεῦ,
629 1132 674 1159 val
691 1131 779 1164 σώζου
795 1132 834 1168 τῷ
848 1133 907 1168 λαῷ
923 1142 982 1161 σου.

231 1176 280 1208 Τίς
293 1175 346 1203 εῐδε
363 1177 463 1212 μόχθον
481 1177 584 1212 ἰατρὸν,
601 1177 649 1204 καὶ
666 1177 765 1210 πόνους
779 1178 952 1212 λυσιπόνους,

196 1221 252 1248 Καὶ
270 1222 360 1257 μάχην
378 1222 585 1257 θεραπεύουσαν
608 1221 742 1249 νοσοῦντα
761 1222 894 1257 βασιλέα;

201 1268 346 1303 Ἐνόοπησεν
359 1269 373 1294 ό
386 1268 514 1303 βασιλεὺς
528 1268 558 1296 ἐν
571 1269 627 1299 τοῖς
645 1267 727 1303 ἀέρος
743 1268 850 1301 τόποις,

200 1314 335 1350 Ίππασίῳ
351 1315 506 1350 κατέδραμε
525 1316 576 1350 τὴν
596 1314 689 1350 χώραν
706 1314 762 1341 τῶν
780 1314 926 1351 βαρϐάρων
937 1324 945 1332 ·

202 1359 391 1395 Ἦρίστευσεν,
407 1361 544 1395 ἐνίκησεν,
559 1358 626 1395 ἦλθε
641 1360 735 1392 λυθεὶς
749 1360 800 1395 τῆς
817 1362 897 1388 νόσου
907 1369 916 1376 ”

197 1403 231 1429 Τί
251 1403 342 1436 τοῦτο,
359 1404 414 1430 θεῖε
436 1404 567 1439 βασιλεῦ;
584 1404 727 1439 νοσοῦμεν,
745 1405 946 1440 καχεκτοῠμεν,

197 1449 253 1476 Kal
267 1449 372 1480 κλίναις
389 1449 586 1484 ἐπιπίπτομεν,
601 1449 650 1476 καὶ
665 1449 800 1484 φάρμακα
812 1450 960 1485 ζητοῦμεν,

196 1495 251 1521 Kal
267 1495 537 1530 παραφυλαττόμεθα
549 1495 617 1527 τοὺς
631 1495 765 1527 πνέοντας
781 1495 901 1531 ἀνέμους
912 1505 920 1513 ο

196 1539 232 1566 Σὺ
248 1540 276 1566 δὲ
291 1542 380 1572 νοσεῖς
395 1541 442 1567 καὶ
467 1541 640 1576 στρατηγεϊς,
659 1542 691 1568 σὺ
717 1542 738 1568 δ’
757 1543 912 1577 ἀρῤωστεῖς
935 1543 981 1570 καὶ
996 1542 1018 1570 C

804 1597 942 1622 σφαττεις,

804 1597 819 1615 σ
842 1597 916 1615 αττει
935 1610 942 1622 ,

196 1631 251 1658 Καὶ
271 1633 339 1667 πρὸς
367 1633 507 1668 χειμῶνας
533 1633 563 1660 ὲν
585 1633 676 1668 ταυτῷ
696 1634 744 1661 καὶ
769 1588 877 1670 Baptae
902 1599 981 1662 bilio-

839 1681 944 1718 [πλῐζῃ.

195 1764 280 1787 statas
299 1759 417 1794 ﬂagella,
439 1768 539 1787 memor
554 1759 622 1795 quod
635 1765 763 1787 venerunt
775 1763 909 1796 quondam
926 1771 983 1798 per-

196 1805 320 1839 fugarum
333 1806 416 1839 specie
436 1806 463 1832 in
491 1805 567 1840 pedes
595 1809 657 1833 ante
678 1811 703 1832 te
727 1806 807 1833 voluti
831 1808 982 1835 divitiarum

195 1849 298 1883 pretio,
319 1853 409 1883 postea
438 1850 544 1877 hostilia
580 1855 668 1878 castra
702 1852 842 1886 petierunt.
868 1853 942 1886 Quod
959 1854 982 1880 si

195 1902 289 1920 manus
314 1899 358 1921 tua
386 1899 440 1921 tum
461 1895 585 1930 temporis
617 1896 682 1923 lenis
705 1896 766 1930 fuit.
789 1897 863 1924 hodie
890 1899 980 1925 eadem

194 1940 271 1972 dura,
289 1940 458 1968 inexorabilis
479 1941 636 1968 vindicatriJ;
655 1943 683 1968 in
698 1942 801 1969 eosdem
821 1943 856 1970 ad
871 1945 982 1979 ingrati-

194 1987 292 2013 sudinis
312 1995 342 2012 ac
366 1987 478 2021 perjurii
495 1986 622 2014 ultionem
642 1988 752 2016 recidat.

229 2031 250 2058 0
275 2032 421 2066 imperator
442 2032 636 2065 potentissime,
660 2041 707 2059 reo:
728 2033 879 2067 Italorum,
905 2036 981 2070 cujus

194 2084 289 2111 corpus
306 2077 365 2110 plus
381 2084 461 2111 quam
475 2077 631 2110 humanum,
648 2082 745 2106 natura
767 2079 825 2114 plus
842 2088 921 2114 quam
935 2082 982 2107 Im-

194 2130 276 2149 mana
297 2123 380 2148 hieme
401 2130 451 2148 non
472 2127 626 2157 superatur,
641 2125 700 2150 nive
725 2133 776 2152 non
794 2125 912 2160 gelascit,
927 2136 941 2152 a
957 2131 982 2153 te

195 2167 300 2194 morbus
325 2166 451 2193 incolumi
472 2167 579 2201 recedit,
606 2168 680 2195 labor
704 2174 729 2196 te
750 2171 858 2197 minime
874 2171 980 2206 fatigat.

801 150 1000 180 THEODORI
1014 149 1216 180 PRODROMI

1771 147 1852 177 13:0

1071 206 1106 233 Ὦ
1122 207 1237 241 Πέρσαι,
1253 207 1367 241 Πέρσαι,
1381 205 1514 241 βάρϐαροι
1528 205 1578 240 τῆς
1591 205 1628 232 ἕω
1638 205 1847 240 λυμαντῆρες,

1041 254 1239 289 Ἀρπάκτορες,
1253 254 1412 287 ἀλάστορες,
1431 253 1523 287 θῆρες,
1537 252 1659 286 αἱμάτων
1679 252 1802 287 ἄνδρες,

1036 299 1092 335 Τὴν
1111 300 1216 335 πλάνην
1239 299 1426 334 κατακρίθητε
1446 299 1494 326 καὶ
1509 299 1557 334 τὴν
1576 298 1743 332 ἀειφυγίαν,

1041 346 1176 372 ’Υπόδυτε
1193 346 1243 377 τὰς
1262 346 1425 380 φάραγγας,
1442 345 1558 372 ὑπόδυτε
1569 345 1617 376 τὰς
1632 345 1739 375 νάπας,

1034 392 1152 426 Φεύγετε
1170 392 1278 425 σπάθην
1301 391 1477 426 Κομνηνικὴν
1493 392 1542 418 καὶ
1558 392 1638 426 χεῖρα
1655 390 1814 424 βασιλέως,

1034 437 1080 471 Μὴ
1098 437 1211 472 μένητε,
1233 437 1270 471 μὴ
1287 437 1397 472 μένητε,
1415 437 1530 472 φεύγετε
1548 440 1629 472 τάχος
1647 437 1745 470 τάχος,

1035 483 1111 518 Ilipa
1125 484 1264 518 Γαδείρων
1281 484 1372 514 ἄπιτε.
1389 484 1528 519 περάσατε
1544 484 1593 517 τὴν
1609 483 1730 517 Θούλην,

1037 529 1156 563 Πρόσιτε
1169 531 1227 561 τοῖς
1241 529 1398 564 ἁντιχθόσιν
1414 530 1429 565 ἢ
1446 532 1501 561 τοῖς
1516 529 1699 564 ὑποχθονίοις,

1036 576 1089 602 Καὶ
1106 576 1223 602 πίπτετε
1240 576 1288 603 καὶ
1303 576 1435 611 θνήσκετε
1449 578 1497 602 καὶ
1512 574 1795 611 καταταρταροῦσθε,

1040 622 1302 658 Ἀποδιδράσκοντες
1316 623 1401 658 ὀργὴν
1417 623 1464 649 τοῦ
1482 622 1624 658 Κομνηνοῦ
1639 623 1793 649 δεσπότου.

1071 668 1103 693 Ὤ
1117 669 1208 703 χαῖρε,
1218 669 1307 703 χαῖρε.
1321 668 1446 703 βασιλεῦ,
1458 669 1550 703 χαῖρε,
1568 668 1758 703 τροπαιοφόρε
1768 674 1777 682 ’

1035 713 1093 740 Οὐκ
1107 711 1177 740 εἶδεν
1190 713 1266 748 ἥλιος
1283 714 1348 740 ποτὲ
1364 713 1487 741 τοιοῦτον
1502 713 1627 749 βασιλέα.

1034 760 1095 786 Οὐδ’
1111 760 1186 796 ἥλιον
1199 760 1324 795 ἑώρακεν
1345 760 1474 795 Ἀνατολὴ
1494 760 1615 787 τοιοῦτον
1625 768 1633 776 ·

1033 806 1158 840 Φέγγεις,
1174 806 1306 841 ἁνίσχεις,
1322 806 1469 841 δᾳδουχεῖς,
1482 806 1642 842 πυρσεύεις,
1653 805 1832 837 ἀνατέλλεις,

1033 853 1090 879 Καὶ
1108 852 1187 887 νέφος
1202 853 1232 879 οὺ
1256 852 1428 888 συγκρύπτει
1450 861 1491 886 σε,
1517 853 1565 878 καὶ
1589 852 1666 878 δύσιν
1688 853 1719 879 οὺ
1746 853 1833 886 γινώ-

1680 899 1792 934 [6222;-

1008 971 1012 977 κ
1033 946 1070 972 Ὠ
1085 947 1181 981 φέγγε,
1197 945 1294 980 φέγγε,
1312 944 1432 979 βασιλεῦ,
1449 946 1533 979 φέγγε
1550 947 1606 977 τοῖς
1622 945 1674 972 ὑπὸ
1688 947 1785 980 χεῖρα,

1036 992 1202 1027 ιιερίθαλπε,
1221 991 1390 1027 περίλαμπε,
1408 993 1541 1028 ζωπύρει,
1558 992 1706 1026 ζωογόνειδ

1033 1037 1069 1065 Ὦ
1087 1039 1181 1074 φλέγε,
1201 1039 1295 1073 φλέγε,
1310 1039 1420 1074 νικητὰ,
1439 1039 1522 1074 φλέγε
1542 1040 1605 1071 τοὺς
1619 1038 1782 1074 πολεμίοιν,

1033 1083 1136 1120 Φρύξον
1152 1084 1253 1116 αὐτοὺς
1269 1084 1307 1116 ὠς
1322 1084 1450 1119 λάχανον,
1467 1084 1570 1111 καῦσον
1592 1085 1691 1116 αὐτοὺς
1712 1083 1753 1114 ὡς
1765 1085 1830 1119 χόρ-

1709 1128 1771 1164 [τον
1783 1137 1790 1143 ”

1035 1176 1092 1202 Kal
1111 1175 1234 1210 καθαρὰν
1249 1177 1281 1210 τῇ
1296 1175 1373 1202 πόλει
1391 1183 1437 1202 σου
1449 1175 1601 1210 βράϐευσον
1617 1175 1666 1210 τὴν
1681 1176 1807 1210 ἡμέραν.

1069 1222 1117 1253 Τίς
1127 1221 1156 1254 ἐξ
1170 1222 1268 1252 αἰῶνος
1280 1221 1380 1256 ἢκουσε
1397 1221 1499 1252 Βάλζον
1516 1221 1567 1247 ὑπὸ
1589 1221 1748 1256 Ῥωμαίους
1760 1229 1769 1253 ;

1034 1268 1081 1299 Τίς
1101 1268 1236 1302 Ἀλαμον,
1251 1267 1293 1298 τίς
1312 1267 1439 1299 Ἀλαζον,
1453 1267 1627 1302 ὀχυρωτάτας
1645 1267 1739 1298 πόλεις
1752 1275 1761 1300 ;

1036 1313 1090 1338 Kal
1106 1313 1204 1348 φήμην
1228 1313 1313 1348 μόνην
1328 1313 1444 1344 ἄνακτος
1461 1313 1509 1339 ὃλα
1527 1313 1680 1347 πορϐοὓσαν
1692 1313 1771 1348 ἔθνη,

1035 1360 1089 1385 Kal
1101 1360 1197 1391 τόσους
1218 1360 1353 1394 ἄρχοντας
1367 1359 1451 1385 ἐθνῶν
1465 1359 1744 1394 ἀνδραποδιζομένην,

1033 1405 1089 1431 Kal
1105 1405 1288 1440 δουλουμένην
1305 1404 1416 1436 ἐθνικὰς
1429 1405 1562 1436 τοσαύτας
1577 1405 1735 1440 μυριάδας

1033 1449 1082 1480 Τίς
1093 1448 1162 1475 εἶδεν
1174 1450 1223 1484 ἓαρ
1235 1449 1357 1484 καθαρὸν
1368 1450 1397 1476 ὲν
1412 1450 1488 1484 μέσῳ
1500 1450 1668 1485 δεκεμὸρίῳ,

1035 1494 1090 1520 Καὶ
1104 1494 1166 1526 τοὺς
1182 1494 1354 1530 κρημνώδεις
1370 1494 1417 1522 καὶ
1436 1496 1547 1531 τραχεῖς
1564 1497 1611 1523 καὶ
1635 1496 1821 1532 χαραδρώδεις

1672 1542 1787 1579 [τόπους

1039 1587 1255 1623 Ὀμαλισθέντας
1273 1588 1392 1622 φάλαγξι
1408 1589 1584 1623 στρατιωτῶν
1601 1590 1749 1622 τοσούτων,

1033 1635 1089 1661 Kal
1104 1634 1247 1668 δι’·όλὶγων
1264 1635 1376 1669 ἡμερῶν
1393 1634 1472 1669 ἔργον
1486 1636 1585 1667 αἰῶνος
1601 1637 1662 1662 ὅλου
1675 1646 1682 1669 ;

1034 1680 1088 1714 Σῆς
1101 1679 1241 1714 εὐτυχίας,
1255 1679 1376 1714 βασιλεῦ,
1393 1680 1461 1716 ἔργα
1474 1681 1507 1707 τὰ
1523 1682 1663 1715 γεγονότα.

1031 1764 1123 1789 contra
1136 1763 1272 1786 ventorum
1281 1760 1375 1793 ﬂatum
1387 1766 1433 1786 nos
1446 1760 1659 1794 pra’munientes.
1672 1760 1709 1788 Tu
1719 1769 1815 1796 autem,

1031 1806 1152 1841 quamvis
1177 1810 1302 1840 a'grotus,
1326 1805 1468 1831 exercitum
1490 1806 1574 1838 ducis,
1598 1807 1698 1833 hostem
1717 1808 1814 1842 fundls,

1030 1856 1122 1878 contra
1136 1850 1194 1877 σεείὶ
1207 1851 1388 1885 intemperiem
1403 1859 1476 1886 atque
1489 1859 1521 1878 ac
1537 1852 1634 1878 Persas
1647 1854 1730 1879 armis
1746 1862 1817 1880 sum-

1030 1897 1081 1930 ptis
1098 1896 1271 1931 procedendo.

1072 1943 1094 1971 0
1111 1942 1198 1970 Persa:
1214 1942 1330 1975 barbari,
1348 1941 1461 1969 Orientis
1479 1943 1566 1976 pestis,
1585 1944 1666 1978 fures,
1682 1945 1814 1977 scelerati,

1030 1992 1128 2022 bestiw,
1154 1989 1289 2020 occisores,
1309 1989 1352 2023 qui
1370 1989 1490 2016 exsiliunt
1502 1992 1639 2018 meremini
1651 1997 1816 2027 perpetuum,

1028 2037 1057 2063 in
1074 2035 1184 2063 vallium
1200 2036 1340 2062 reconditis
1354 2035 1477 2068 specubus
1490 2043 1534 2062 vos
1550 2037 1721 2070 abscondite;
1737 2039 1816 2065 Com—

1030 2084 1091 2110 neni
1117 2082 1285 2117 imperatoris
1310 2082 1410 2116 ferrum
1431 2087 1456 2109 et
1482 2092 1591 2111 manum
1616 2085 1711 2120 fugite,-
1742 2088 1815 2114 nulla

1030 2136 1118 2160 mora,
1144 2133 1218 2162 terga
1238 2128 1349 2160 uertite;
1370 2127 1442 2154 ultra
1463 2128 1558 2161 Gades,
1580 2129 1651 2156 ultra
1672 2131 1770 2158 Thulen
1785 2134 1816 2159 sit

1028 2181 1119 2200 cursus
1135 2177 1236 2204 vester;
1259 2173 1293 2199 ad
1318 2174 1466 2208 antipodes,
1492 2175 1528 2200 ad
1549 2175 1647 2210 inferos
1667 2177 1813 2212 abscedite,

195 2213 242 2243 Tu,
269 2213 388 2247 quamvis
410 2217 524 2247 ingratus
548 2214 638 2247 fueris,
662 2215 804 2242 exercitum
819 2216 848 2242 in
863 2224 980 2250 pugnam
998 2213 1018 2240 υ
1033 2219 1096 2245 bene
1110 2219 1181 2245 vobis
1200 2219 1265 2244 mori
1280 2223 1303 2244 et
1319 2220 1346 2245 in
1362 2219 1503 2246 Tartarum
1519 2221 1636 2254 detrudi,
1649 2226 1678 2247 ut
1689 2221 1815 2250 Comneni

195 2258 277 2289 ducis,
292 2258 441 2291 hostemque
455 2259 628 2292 persequeris,
643 2259 736 2286 occidis
745 2268 754 2292 ;
763 2260 839 2286 urbes
848 2260 979 2293 devastus,

197 2303 281 2329 hostes
298 2302 368 2328 vivos
382 2302 411 2328 in
423 2302 602 2336 captivitatem
613 2303 719 2330 abducis
730 2313 740 2336 ;
750 2304 819 2331 viros
831 2305 980 2340 pestilentos

197 2350 221 2372 et
236 2348 313 2381 quasi
328 2345 404 2382 lupos
419 2355 451 2373 ex
463 2347 523 2373 sinu
535 2348 649 2375 civitatis
665 2349 751 2383 pellis,
766 2357 844 2376 canes
861 2350 896 2376 ad
909 2351 980 2378 illius

193 2391 308 2418 salutem
322 2391 467 2418 introducis
483 2391 585 2424 ﬁdeles.
600 2391 707 2427 Semper
719 2392 855 2420 incolumis
867 2399 891 2420 et
901 2395 982 2421 victor

196 2437 231 2462 ad
240 2441 296 2462 tuos
306 2436 407 2464 redeas.
420 2436 592 2470 ϐοηθεῖ-ναῖε,
604 2445 702 2472 quazsa.
715 2439 868 2473 imperator,
883 2445 906 2466 et
920 2441 982 2467 milii

196 2485 220 2507 et
236 2481 332 2516 populo
346 2482 409 2508 tuo!

233 2527 296 2559 Quis
314 2536 430 2562 unquam
450 2527 565 2555 laborem
582 2532 608 2555 et
622 2536 770 2556 arumnam
784 2535 880 2565 tegroto
897 2531 976 2558 metti-

197 2577 378 2599 camentorum
388 2572 442 2599 loco
451 2572 531 2607 fuisse
540 2579 585 2600 aut
596 2581 710 2608 pugnam
721 2575 874 2609 imperatori
883 2582 980 2611 aegroto

199 2619 328 2645 medicam
338 2619 459 2645 virtutem
471 2620 612 2654 aspersisse
628 2620 709 2654 fando
720 2621 823 2647 audiit?
835 2621 981 2657 ﬁgrotavit

197 2667 344 2700 imperator
361 2666 389 2691 in
402 2666 501 2700 campis
520 2666 615 2698 aenis;
633 2666 676 2692 ubi
692 2670 779 2693 autem
791 2668 903 2695 hostium
915 2668 981 2702 ﬁnes

197 2711 318 2746 equitant;
333 2711 467 2742 intrasset,
481 2710 584 2744 fortiter
600 2712 741 2745 pugnando
755 2712 834 2738 victor
848 2720 879 2739 ea:
891 2714 981 2746 praelia

197 2759 221 2780 et
245 2755 334 2781 morbo
352 2754 476 2781 liberatus
493 2756 629 2790 processit.
648 2755 721 2783 Unde
736 2757 782 2784 tibi
793 2760 850 2790 Itoc,
865 2759 982 2793 impera~

199 2800 256 2826 tor?
264 2800 317 2826 Nos
328 2800 432 2835 quidem
444 2801 516 2828 mala
527 2801 676 2828 valetudine
687 2801 849 2837 laboramus,
858 2808 882 2830 et
891 2805 981 2831 statim

200 2845 313 2872 membra
336 2848 362 2872 in
388 2847 453 2874 lecto
473 2848 633 2881 reponimus,
654 2849 828 2876 medicamina
841 2851 979 2885 poscimus,

1031 2264 1199 2299 imperatoris
1213 2264 1282 2289 iram
1296 2264 1423 2291 evadatis.

1068 2309 1157 2342 Salve,
1174 2309 1319 2343 imperator
1342 2309 1524 2344 triumphans;
1540 2319 1675 2346 nunquam
1695 2318 1757 2340 ante
1778 2315 1814 2341 sol

1032 2355 1077 2382 tibi
1097 2363 1190 2390 parem
1204 2355 1286 2386 vidit;
1299 2363 1435 2389 nunquam
1446 2355 1538 2383 Oriens
1548 2365 1639 2392 parem
1646 2358 1728 2385 solem
1745 2362 1812 2388 vidit.

1032 2400 1144 2432 Quando
1166 2400 1246 2431 luces,
1263 2405 1287 2426 et
1301 2405 1401 2427 terram
1419 2400 1507 2428 calore
1524 2410 1554 2428 ac
1576 2403 1634 2437 igne
1657 2408 1701 2430 tuo
1722 2405 1814 2438 reﬁcis,

1032 2446 1107 2473 nulla
1121 2451 1145 2472 te
1160 2447 1239 2473 nubes
1253 2447 1360 2481 oﬂ'uscat
1371 2456 1379 2480 ;
1391 2455 1526 2483 nunquam
1538 2453 1565 2474 tu
1578 2449 1682 2476 occidis.
1697 2450 1812 2483 Lucesce.

1031 2494 1187 2526 imperator.
1204 2493 1263 2527 igne
1280 2497 1324 2519 tuo
1341 2494 1422 2520 vitam
1444 2495 1573 2529 eﬁ'undas,
1596 2499 1620 2522 et
1640 2497 1728 2523 hostes
1746 2507 1812 2524 com-

1032 2537 1106 2569 bure,
1126 2537 1194 2564 sicut
1213 2545 1324 2571 gramen
1339 2545 1381 2564 eos
1399 2544 1445 2565 aut
1467 2541 1592 2575 stipatam
1609 2541 1733 2574 detendc,
1753 2543 1812 2568 nies-

1033 2590 1083 2616 que
1100 2591 1179 2617 puros
1191 2582 1287 2617 populo
1300 2590 1344 2609 tuo
1357 2584 1482 2612 reducito.

1069 2627 1132 2659 Quis
1148 2627 1262 2659 Balton,
1276 2628 1402 2662 Alamon,
1417 2630 1529 2663 Alazon,
1541 2632 1615 2659 urbes
1627 2633 1811 2660 munitissima:

1032 2673 1157 2700 Romanis
1179 2674 1301 2701 subactas
1322 2683 1439 2710 unquam
1457 2678 1581 2704 audivit?
1599 2677 1676 2704 Nunc
1692 2686 1706 2704 e
1724 2684 1810 2704 contra

1031 2718 1088 2744 sola
1114 2719 1282 2753 imperatoris
1307 2720 1379 2755 fama
1406 2722 1524 2748 nationes
1549 2723 1664 2756 integras
1687 2723 1810 2751 destruit.

1033 2764 1128 2791 multos
1151 2767 1266 2800 gentium
1288 2766 1464 2794 moderatores
1485 2769 1513 2794 in
1533 2769 1682 2795 servitutem
1704 2771 1808 2804 redigit.

1032 2809 1164 2844 ingentem
1191 2818 1325 2837 servarunt
1347 2812 1545 2839 multitudinem
1566 2813 1706 2848 gubernat.
1737 2814 1809 2840 Nerua

1033 2856 1143 2882 antehac
1157 2856 1183 2883 in
1198 2857 1282 2883 medio
1292 2857 1425 2888 Decembri
1439 2866 1482 2885 ver
1495 2858 1592 2892 ﬂorens
1606 2859 1682 2892 vidit,
1699 2865 1744 2886 aut
1761 2860 1808 2886 loca
