1935 3085
102 173 109 177 ’
167 181 272 216 ’Δρατε
289 180 376 211 πύλας
391 178 521 210 παλαιὰς,
531 178 662 213 ἄρχοντες
677 177 733 205 τῶν
747 178 884 208 Αὐσόνων,

131 228 181 259 Ὠς
197 227 231 254 ἂν
244 227 356 263 εἰσέλθῃ
367 226 401 253 δι’
416 225 508 252 αὐτῶν
523 225 537 252 ό
553 225 684 259 βασιλεὺς
697 225 726 251 ἓν
738 224 803 260 δόξῃ
815 232 821 240 ·

125 274 203 301 Ἀλλ’
223 273 346 309 ἐρωτᾶτε
361 272 403 303 τίς
415 271 506 304 ἐστιν;
524 271 593 297 ἀλλὰ
605 270 776 297 πυνθάνεσθέ
795 278 847 305 μου
859 278 866 285 α

133 321 167 346 '0
184 321 298 354 νικητὴς
311 319 325 345 ὁ
338 317 495 353 Κομνηνὸς,
508 317 540 344 τὸ
554 317 602 352 τῆς
616 316 762 352 πορφύρας
775 316 866 347 ἄνθος,

129 367 184 393 “Ov
197 366 295 401 τρέμει
309 365 339 391 τὸ
351 363 514 397 Γαλατικὸν,
527 363 556 390 ὃν
569 363 689 390 δέδοικεν
705 364 718 389 ὁ
730 361 849 397 Σκύθης,

126 410 167 446 '0
185 413 336 448 προσκυνεῖ
354 411 384 438 τὸ
407 411 560 442 Κελτικὸν,
580 407 603 444 ᾧ
627 410 722 441 παῖδες
746 409 801 435 τῶν
821 407 908 443 Ἀρρά

800 454 867 491 [ϐων
877 462 884 470 ³

129 506 183 537 Ὃς
200 506 302 541 φόρους
314 506 469 532 ἐπιτέθεικε
483 506 544 536 ταῖς
559 503 738 539 παριστρίαις
752 503 868 538 χώραις,

129 552 183 578 ‘Ov
199 552 283 584 ’Ἅλυς
295 552 357 584 ὅλος
375 551 505 583 κατιδὼν,
517 551 547 577 οὐ
563 551 676 585 στρέφει
692 549 741 585 μὲν
757 549 787 575 τὸ
801 549 919 585 ῥεῖθρον,

130 599 207 625 Ἀλλ’
222 599 380 633 ἡσυχάσας,
400 597 520 633 περατὸς
535 597 642 632 γίνεται
658 598 714 627 τοῖς
734 595 883 630 Ῥωμαίοις
895 603 901 610 ·

126 644 210 679 Αὐτῷ
221 645 270 675 τὰς
285 645 374 676 πύλας
387 644 475 679 ἀρατε
488 643 624 678 λαμπρῶς
637 641 834 677 εἰσερχομένῳ.

169 691 224 717 Ἴδε
239 699 298 724 σου,
312 691 391 723 πόλις
404 689 630 725 Ῥωμαῖκὴ,τοὺς
639 690 790 724 νεωνήτους
800 687 920 720 δούλους,

129 736 187 763 Καὶ
203 738 233 763 τὸ
249 737 298 772 μὲν
317 736 420 768 πλῆθος
434 736 524 768 ἔασον,
543 736 603 762 οὐδὲ
618 735 673 771 γὰρ
689 734 858 770 ἀριθμεῖται,

126 782 201 814 Τοὺς
231 783 259 810 δὲ
285 783 430 818 σατράπας
456 782 595 817 μάλιστα,
617 781 666 808 καὶ
690 781 754 811 τοὺς
777 780 922 815 ἐκκρίτους

803 824 865 860 [δρα
875 833 884 842 ⁸

723 121 794 151 SCB
800 121 886 150 lPTA
901 120 1180 151 MISCELLANEA.

1695 124 1764 157 1382

937 181 958 208 Α
975 176 1031 211 Τῆς
1049 176 1138 211 ξένης,
1155 178 1204 212 τῆς
1220 178 1364 214 ἐπήλυδος,
1379 180 1428 215 τῆς
1441 181 1744 218 παρεγγεγραμμένης,

973 223 1028 249 Καὶ
1040 223 1158 257 σύστητε
1173 223 1243 250 κατὰ
1260 226 1370 260 χοροὺς,
1392 227 1512 262 σύστητε
1528 228 1600 254 κατὰ
1613 226 1745 261 κύκλους,

973 269 1029 301 Τὰς
1039 269 1117 300 νίκας
1132 269 1326 302 παιανίζοντες
1339 272 1388 298 τοῦ
1403 272 1548 308 Κομνηνοῦ
1563 274 1708 301 δεσπότου.

1009 315 1146 349 Ἔπρεπε,
1166 315 1220 342 θεῖε
1233 317 1359 351 βασιλεῦ,
1375 318 1426 353 τὴν
1440 319 1566 352 βασιλίδα
1583 319 1672 353 πόλιν,

974 361 1004 387 Εἰ
1024 361 1085 388 κατ’
1097 361 1300 396 ἀξίανεμελλεν
1318 364 1439 398 ὑμνῆσαι
1457 373 1502 391 σου
1518 366 1581 397 τοὺς
1598 365 1707 397 ἄθλους,

972 407 1125 442 Χρυσῶσαι
1145 408 1237 440 πάσας
1249 409 1361 443 ἀγυιὰς,
1377 411 1487 442 ἁπάσας
1501 411 1550 442 τὰς
1571 412 1710 447 ἀμφόδους

971 453 1073 489 Στέψαι
1085 455 1137 490 τῆς
1147 455 1200 491 γῆς
1213 455 1243 482 τὺ
1262 456 1413 492 πρόσωπον
1432 458 1464 483 ὲκ
1479 459 1601 493 σηρικῶν
1616 459 1726 494 ἀμφίων
1736 467 1743 474 ·

979 499 1041 527 Ἐπὶ
1062 501 1202 537 τετρώρου
1214 503 1361 537 ’πτερωτοῦ
1380 503 1517 538 λαμπρῶς
1539 512 1569 530 σε
1586 505 1762 540 καθιδρύεται,

973 546 1156 581 ’Δνενεγκεῖν,
1170 549 1195 575 εί
1211 548 1334 581 δυνατὸν,
1350 551 1396 577 τὸν
1413 550 1490 585 "our,
1497 559 1542 585 ρον
1556 552 1585 584 ἐξ
1599 551 1664 587 ᾅδου

980 592 1154 629 ’Υμνήσοντά
1170 603 1212 628 σε,
1225 595 1349 630 βασιλεῦ,
1368 596 1439 631 μετὰ
1455 598 1600 632 στομάτων
1613 598 1691 625 δέκα.

973 638 1050 665 Ἐπεὶ
1064 639 1092 665 δὲ
1107 640 1215 672 τούτοις
1229 649 1259 667 σε
1275 642 1360 676 τιμᾷν
1375 643 1391 677 ἠ
1408 642 1485 674 πόλις
1498 643 1549 669 οὐκ
1565 643 1666 678 ἰσχύει,

973 681 1021 716 υἷς
1037 685 1104 719 γοῦν
1122 687 1210 721 ἰσχύει
1222 687 1252 713 τὺ
1266 687 1366 714 σεπτὸν
1383 688 1529 722 ἁμείὸεταί
1546 697 1593 715 σου
1609 689 1712 723 κράτος

974 731 1102 766 Ὕμνοις,
1116 733 1227 766 παιᾶσι,
1240 735 1435 768 προπομπαῖς,
1447 735 1551 769 εὐχαῖς,
1563 735 1761 771 εὑχαριστὶαις.

1009 777 1137 813 ’Δρίθμει
1182 787 1229 805 σου
1271 782 1329 811 τοῖς
1359 782 1541 815 σχοινισμοῖς.
1578 782 1763 817 εὐτυχεστάτη

1600 827 1726 863 Γνώμη,

127 872 201 907 Ὅρα
212 872 258 899 τὸν
279 871 458 906 Ἀμασειανδν
470 871 523 906 πρὸ
536 871 592 898 τῶν
604 872 706 898 λοιπῶν
721 851 891 906 Τογηρίλην,
935 851 958 882 Β
974 869 1067 897 Πάντα
1084 869 1118 896 τὰ
1136 869 1232 905 μέχρις
1244 869 1356 902 Ἅλυος,
1372 871 1433 897 ὅλον
1445 872 1527 899 αὐτὸν
1539 871 1586 898 τὸν
1596 851 1691 906 ὲΑλυνΞ

126 919 182 945 Τὸν
196 919 250 945 ἀπὸ
270 918 404 954 Γάγγρας
418 918 584 954 Ἀλψαροῦς,
608 918 653 946 τὸν
667 918 795 954 Ἀμηρᾶν
815 917 920 953 Πραχί-

844 973 873 991 ον

844 973 873 991 ον

127 1012 181 1038 Τὸν
200 1010 340 1045 Ἑλελδῆν,
368 1009 413 1037 τὸν
435 1009 623 1044 Ἐλπεγκοῦς,
650 1011 695 1037 τὸν
719 964 850 1045 Τζυκῆιῐύι,
875 984 921 1036 τὸν

731 1056 849 1092 [Ἱνάλην
859 1064 866 1072 ·

130 1102 226 1138 Ἔχεις
252 1103 322 1138 πρὸς
349 1103 456 1136 τούτοις
484 1102 613 1138 ἀριθμεῖν
646 1103 693 1130 καί
724 1111 800 1134 τινας
823 1102 921 1134 ἄλλους

750 1147 885 1184 [πλείους,

877 1167 885 1180 9

125 1193 329 1228 Καλλινογλῆν,
356 1195 524 1229 Ἀῖτουγδῆν,
539 1195 713 1230 Αὐσάραριν,
731 1195 815 1230 μυρία
825 1203 833 1210 ·

125 1240 165 1266 Σὺ
186 1239 214 1266 δὲ
231 1240 348 1267 λιποῦσα
366 1241 418 1275 τὴν
439 1241 547 1276 πληθὺν
562 1242 617 1267 τῶν
633 1241 833 1276 ζωγρηθέντων
858 1240 920 1275 βλέ-

796 1286 883 1322 ιπειν,

124 1332 272 1367 ’Υμνησον
287 1333 334 1359 τὸν
348 1332 534 1368 ζωγρήσαντα
547 1333 683 1368 δεσπότην
706 1332 848 1367 Ἰωάννην.

163 1378 196 1404 Ὢ
210 1377 303 1413 δεῦρο,
319 1378 457 1413 σύγκλητε
475 1378 568 1413 βουλὴ,
583 1378 676 1413 δεῦρο,
689 1378 720 1404 τὺ
743 1377 814 1404 θεῖον
829 1377 920 1414 βῆμα,

127 1424 166 1450 Th
178 1423 291 1458 σύμπαν
308 1423 457 1455 ἰδιωτικὸν,
474 1425 499 1450 οἱ
518 1424 567 1450 τοῦ
590 1425 729 1460 μονήρους
741 1423 813 1459 βίου,

129 1470 213 1496 Ὅσον
227 1471 256 1497 ἐν
275 1469 358 1500 νέοις,
382 1470 412 1495 ὲν
430 1469 537 1502 παισὶν,
555 1470 618 1496 ὅσον
631 1471 661 1496 ὲν
681 1470 848 1507 μειρακίοις,

132 1516 178 1542 Ἑν
195 1515 355 1551 βρέφουσιν,
369 1516 398 1542 ἐν
416 1516 556 1550 γέρουσιν,
568 1516 596 1542 ἐν
612 1516 715 1548 πάσαις
733 1517 866 1552 ἡλικίαις.

129 1561 212 1588 Ὀσον
223 1563 253 1588 ἐν
272 1563 329 1594 τοῖς
345 1561 519 1597 μαθήμασιν,
536 1563 599 1588 ὅσον
615 1564 643 1589 ἐν
660 1563 718 1594 τοῖς
742 1563 883 1598 πολέμοις,

134 1606 251 1634 Ὀπόσον
265 1607 488 1642 χειρωνακτικῆς
503 1608 550 1633 καὶ
568 1607 704 1643 βαναύσου
720 1608 817 1644 τύχης,

128 1652 211 1680 Ὅσον
225 1654 258 1688 τῇ
273 1653 350 1680 πόλει
371 1654 494 1689 γνήσιον,
508 1654 570 1680 ὅσον
583 1655 632 1689 τῆς
650 1654 735 1690 ἄλλης
756 1655 869 1691 μοίρας,

127 1737 252 1771 abrupta,
278 1743 374 1771 aspera
396 1743 444 1770 per
466 1744 604 1771 operarios
630 1736 759 1765 militares
780 1741 921 1771 extequata

127 1781 223 1809 audiit.
247 1781 372 1808 Attamen
392 1781 446 1808 lucc
465 1781 580 1816 fortunw
596 1786 659 1815 tuae,
681 1783 839 1818 imperator,
857 1790 923 1818 opus

129 1831 201 1854 sunt.

162 1883 269 1917 Aperite
282 1888 372 1918 portas
386 1885 523 1918 antiquas,
539 1893 611 1920 reges
624 1885 721 1919 Italiae,
735 1891 764 1913 ut
779 1887 925 1922 imperator

128 1935 186 1953 cum
200 1927 287 1963 gloria
303 1936 350 1962 per
366 1935 411 1954 eas
427 1929 555 1956 introeat.
578 1930 653 1962 Quod
672 1932 695 1958 si
709 1933 833 1966 quaeratis
851 1933 924 1968 quis~

129 1981 191 1999 nam
214 1972 261 1999 ille
284 1974 330 2005 sit,
346 1974 438 2000 scitote
457 1974 619 2002 Conmenum
638 1984 692 2002 esse
707 1977 842 2010 uictorem,
857 1986 924 2013 pur-

127 2027 201 2054 pura:
232 2025 439 2052 ornamentum,
465 2029 543 2055 quem
567 2021 677 2050 Galatia
707 2025 816 2056 metuit,
843 2033 920 2060 quem

130 2065 224 2100 Scytha
254 2066 434 2100 pertimescit,
461 2075 539 2102 quem
562 2075 627 2102 gens
653 2068 753 2096 Celtica
777 2070 872 2097 adorat
895 2076 920 2098 et

130 2111 246 2137 Arabum
275 2110 344 2144 ﬁlii;
369 2113 414 2146 qui
444 2113 594 2147 regionibus
620 2114 754 2148 superatis
782 2115 920 2149 uectigalia

129 2157 263 2192 imperat;
283 2165 373 2184 coram
395 2166 446 2192 quo
471 2157 558 2194 Halys
586 2167 638 2186 non
659 2160 812 2192 retrocedil,
832 2162 877 2187 sed
902 2170 918 2188 a

972 914 1029 950 Τὴν
1043 914 1195 949 ἀντιπέραν
1215 914 1315 946 Ἅλυος
1326 916 1532 951 ἐσκυλευμένην
1545 916 1655 952 χώραν·

972 961 1120 995 Προστίθει
1132 969 1180 987 σου
1195 963 1256 993 ταῖς
1274 962 1369 988 πόλεσι
1385 962 1433 989 καὶ
1451 964 1638 998 Κασταμόνας
1650 964 1730 996 ὅλας⁸

972 1005 1099 1033 Σύναπτε
1120 1009 1191 1043 μετὰ
1207 1008 1262 1035 τῶν
1275 1008 1380 1036 λοιπῶν
1392 1010 1446 1035 τῶν
1458 1009 1511 1036 ὑπὸ
1529 1009 1559 1036 σὲ
1572 1011 1713 1045 φρουρίων

973 1050 1029 1087 Τὴν
1043 1053 1105 1079 νέαν
1119 1053 1196 1080 πόλιν
1206 1054 1256 1088 τὴν
1268 1053 1384 1089 ΙἈλμον,
1397 1054 1447 1089 τὴν
1462 1054 1590 1088 Ἀλαζον,
1605 1056 1635 1082 τὸ
1646 1055 1763 1088 Βάλζιιν·

972 1098 1065 1133 Γράφε
1084 1100 1144 1130 ταῖς
1161 1101 1279 1135 μυριάσι
1292 1109 1339 1127 σου
1356 1101 1404 1127 καὶ
1418 1101 1483 1133 νέας
1502 1102 1638 1137 μυριάδας

974 1144 1023 1171 Ἂν
1037 1145 1061 1172 δ’
1073 1145 1147 1178 ἅπαξ
1161 1145 1201 1172 ἔτι
1217 1146 1279 1173 κατ’
1294 1146 1400 1182 ἐχθρῶν
1415 1148 1428 1174 ό
1443 1147 1570 1183 βασιλεὺς
1583 1149 1706 1184 ὁρμήσῃ,

975 1192 1040 1226 Ἔχε
1053 1192 1102 1219 καὶ
1116 1192 1341 1227 προσδοκήσιμον
1351 1193 1402 1229 τὴν
1418 1195 1640 1229 μονοκρατορίαν
1649 1203 1657 1211 σ

974 1238 1030 1265 Καὶ
1048 1238 1091 1269 τίς
1104 1239 1159 1272 γὰρ
1175 1239 1356 1274 ἁμιλλήσαιτο
1377 1240 1417 1274 τῷ
1433 1241 1572 1276 Κομνηνῷ
1591 1241 1730 1279 δεσπότης

1009 1282 1046 1310 Ὦ
1061 1285 1124 1319 νίκη
1141 1285 1318 1321 Λαοδικεινὴ,
1338 1286 1402 1320 νίκη
1418 1287 1611 1320 Σωζοπολῖτις,

979 1330 1079 1365 Ἑτέρα
1091 1330 1153 1365 νίκη
1169 1331 1301 1366 Σκυθικὴ,
1318 1331 1364 1358 καὶ
1378 1332 1554 1368 Δαλματίτης
1570 1335 1651 1370 άλλη,

980 1376 1079 1412 Ἑτέρα
1090 1376 1112 1402 δ’
1137 1377 1309 1412 ’Δμωριανὴ,
1322 1377 1470 1414 Λημναῖκὴ
1484 1379 1506 1406 δ’
1523 1380 1604 1414 ἑτέρα
1615 1389 1623 1396 ·

981 1422 1088 1454 Ἀπλῶς
1108 1422 1212 1454 ὁπόσας
1239 1423 1311 1450 κατὰ
1328 1424 1383 1459 γῆν
1406 1425 1454 1451 καὶ
1473 1425 1627 1459 θάλασσαν,
1653 1427 1703 1454 καὶ
1717 1427 1768 1463 νή-

1640 1473 1731 1509 [σους,

932 1526 956 1558 C
979 1513 1097 1546 ὐπόσας
1109 1514 1177 1549 πρὸς
1190 1515 1337 1550 ἀνίσχοντα
1353 1515 1401 1542 καὶ
1421 1516 1712 1554 δύνονταφωσφόρον,

980 1560 1146 1594 ’Υπερφυῶς
1160 1561 1345 1596 κατώρθωσεν
1361 1563 1374 1588 ὸ
1393 1562 1538 1598 Κομνηνδς
1553 1563 1704 1601 δεσπότης·

976 1607 1031 1633 Καὶ
1045 1605 1077 1631 σύ
1097 1614 1143 1640 μοι
1155 1605 1203 1632 νέα
1219 1605 1268 1632 καὶ
1284 1606 1357 1642 καλὴ
1372 1607 1434 1642 νίκη
1454 1609 1685 1644 Κασταμονίτηςο

975 1652 1071 1685 Δεῦτε,
1090 1651 1266 1686 συμπλέξατε
1282 1654 1363 1689 χορὸν
1378 1655 1407 1680 ὲν
1424 1654 1540 1687 ἁπαλοῖς
1557 1656 1712 1691 δακτύλοις,

975 1735 1072 1762 urbani
1085 1739 1110 1762 et
1122 1735 1292 1770 alienigenae,
1306 1736 1425 1769 aduente,
1439 1737 1468 1763 in
1483 1738 1561 1764 choro
1579 1746 1623 1765 vos
1644 1739 1728 1768 sistite
1740 1746 1766 1768 et

974 1783 1054 1815 circo,
1068 1782 1191 1808 victorias
1206 1782 1332 1809 Comneni
1347 1784 1464 1810 carmine
1478 1784 1681 1819 perlustrantes.

1011 1828 1076 1856 Urbs
1093 1829 1268 1864 imperatoria
1284 1830 1307 1855 si
1320 1831 1468 1856 certamina
1480 1838 1527 1857 tua
1539 1839 1570 1858 ac
1581 1832 1705 1859 victorias
1717 1835 1767 1860 rite

973 1874 1050 1901 vellet
1084 1875 1234 1906 celebrare,
1261 1876 1318 1902 uias
1345 1884 1412 1902 auro
1442 1881 1559 1903 sternere
1581 1879 1717 1906 universas
1741 1885 1767 1906 et

974 1927 1052 1949 terrae
1082 1922 1177 1956 faciem
1210 1922 1322 1948 vestibus
1349 1923 1439 1949 sericis
1464 1923 1573 1950 induere
1595 1925 1715 1959 deberet;
1743 1931 1767 1954 te

971 1976 1051 2004 super
1065 1969 1195 2004 quadriga
1208 1968 1348 2004 splendida
1364 1969 1476 2003 positum
1491 1970 1521 1996 ab
1538 1970 1662 2003 Homero,
1673 1972 1697 1998 si
1707 1973 1767 2006 ﬁeri

974 2016 1064 2050 possit,
1081 2014 1254 2050 decemlingui
1275 2015 1381 2041 cantari
1397 2019 1539 2050 oporteret.
1555 2016 1608 2043 Sed
1624 2019 1686 2052 quia
1698 2020 1767 2046 hisce

974 2070 1026 2088 non
1039 2060 1122 2088 ualuit
1136 2061 1196 2087 urbs
1208 2067 1231 2087 te
1246 2061 1387 2093 celebrare,
1399 2066 1554 2096 potestatem
1567 2067 1640 2091 tuam
1651 2065 1766 2098 hymnis.

973 2115 1076 2142 parque,
1093 2108 1307 2143 processionibus,
1327 2108 1499 2144 precibusque
1519 2110 1717 2146 supplicatoriis
1732 2113 1767 2139 ad

975 2153 1068 2180 malum
1084 2154 1209 2180 extulisse
1224 2155 1335 2189 satagit.

130 2200 254 2227 Romanis
273 2202 380 2236 impune
397 2202 544 2236 trajicitur.
566 2202 600 2230 Ei
616 2204 698 2239 igitur
712 2209 803 2239 portas
822 2213 908 2239 repunt

1008 2201 1130 2232 Accensa,
1153 2199 1306 2233 felicissima
1322 2199 1415 2231 Roma,
1434 2199 1532 2234 ﬁnibus
1555 2202 1606 2229 tuis
1618 2211 1707 2230 omnes
1722 2213 1767 2231 re-

130 2246 181 2272 dite
192 2245 306 2280 gloriose
320 2251 348 2272 ut
365 2246 543 2280 ingrediatur.

161 2303 274 2337 Aspice,
299 2301 404 2334 Roma,
427 2310 516 2329 servos
542 2310 632 2330 recens
660 2303 818 2339 acquisitos,
844 2305 919 2333 nulla

130 2352 214 2373 tamen
244 2346 424 2373 multitudinis
455 2347 559 2373 ratione
587 2347 700 2383 habitaJ
731 2356 789 2382 qua:
810 2350 920 2376 minime

128 2397 301 2424 numeratur;
316 2394 362 2419 sed
377 2398 501 2427 satrapas
515 2393 662 2428 pra'sertim
677 2399 701 2420 et
715 2393 825 2421 electam
840 2396 919 2430 legio-

130 2449 185 2467 nem
201 2441 358 2471 considera;
379 2438 484 2466 secernc
502 2449 518 2466 a
537 2442 640 2467 cwteris
665 2442 826 2468 Amasenum
840 2443 919 2478 Tage-

128 2486 203 2517 rileu,
223 2485 376 2520 Alpsarum,
394 2494 409 2511 a
437 2484 552 2520 Gangris
575 2487 728 2519 oriundum,
746 2487 918 2515 Prae/limum

130 2532 240 2562 ιιτάιίιεηι,
255 2531 376 2564 Elelden,
390 2532 548 2567 Elpencum,
566 2531 673 2567 szcen,
690 2533 786 2560 lnalen
797 2535 916 2566 observa,

128 2587 181 2613 pra:
205 2579 334 2605 sexcentis
360 2578 421 2605 aliis
445 2577 621 2608 Callinaclen,
645 2579 805 2614 Aitougdeu,
828 2581 917 2608 Ausa-

130 2626 210 2652 mrin.
235 2625 275 2651 Tu
300 2630 390 2652 autem
413 2625 482 2660 ipsa,
501 2625 603 2652 omissis
626 2626 756 2660 captivis,
782 2633 917 2662 captarem

129 2673 253 2700 Joannem
271 2673 376 2707 hymnis
393 2672 507 2700 celebra.

160 2738 263 2770 Adeste,
277 2743 423 2769 senatores,
436 2739 554 2766 divinum
576 2739 705 2772 tribunal,
730 2748 795 2768 cwes
815 2749 914 2775 omnes,

130 2783 236 2818 cwlibes,
251 2785 336 2819 pueri,
361 2784 552 2819 adolescentes,
572 2786 694 2822 juvenes,
718 2795 804 2820 senes,
832 2791 916 2816 omnis

128 2832 212 2859 letalis
228 2832 374 2867 candidati,
393 2833 585 2867 mathematici,
600 2834 704 2868 milites,
718 2834 834 2870 opiﬁces,
847 2837 914 2864 cives

974 2247 1063 2280 giones
1076 2253 1156 2280 usque
1170 2245 1205 2272 ad
1218 2245 1320 2281 Halyn,
1332 2246 1418 2281 ipsum
1433 2245 1523 2282 Halyn
1536 2252 1562 2274 et
1573 2250 1643 2284 quod
1656 2258 1766 2286 regnum

974 2290 1046 2317 ultra
1067 2291 1094 2317 id
1115 2291 1214 2325 ﬂumen
1240 2291 1388 2326 acquisisti.
1413 2293 1569 2320 Annumera
1593 2295 1699 2322 urbibus
1714 2298 1766 2324 tuis

974 2337 1160 2365 Castamonem
1183 2343 1284 2370 totum;
1307 2338 1393 2373 adjice
1413 2344 1511 2374 prazter
1535 2346 1630 2368 cwtera
1651 2351 1709 2378 qua:
1721 2345 1766 2370 tibi

974 2383 1096 2410 obediunt
1107 2383 1228 2413 castella,
1240 2384 1336 2410 Almon
1348 2392 1442 2411 novam
1454 2387 1553 2418 urbem,
1569 2387 1637 2414 adde
1650 2388 1764 2423 Alazon,

975 2428 1084 2460 nam",
1107 2437 1173 2463 quas
1194 2430 1314 2464 jamjam
1337 2431 1454 2464 possides
1475 2432 1580 2459 urbibus
1599 2442 1680 2461 novas
1695 2435 1767 2469 adji-

926 2479 929 2481 ‘
973 2475 1074 2500 eiendo.
1095 2474 1170 2506 Quod
1184 2474 1206 2501 si
1226 2475 1252 2500 in
1265 2479 1399 2509 posterum
1415 2480 1507 2503 contra
1524 2476 1609 2505 hostes
1623 2480 1764 2507 exercitum

973 2520 1061 2551 (iures,
1080 2521 1135 2546 noli
1153 2520 1277 2553 oblivisci,
1293 2522 1475 2549 monareln'am
1489 2528 1512 2549 te
1524 2528 1685 2559 exspectare.
1701 2526 1766 2559 Quis

973 2566 1042 2592 enim
1061 2574 1119 2592 cum
1140 2566 1273 2594 Comneno
1294 2576 1389 2595 manus
1411 2576 1548 2596 conserere
1566 2579 1647 2598 ausus
1660 2571 1764 2606 fuerit?

1010 2615 1031 2638 υ
1041 2613 1158 2640 victoria!
1166 2612 1326 2645 Laodicena,
1342 2613 1540 2650 Sozopalitana,
1552 2616 1684 2652 Scythica,
1697 2617 1764 2646 Dal-

973 2659 1070 2685 matica
1083 2679 1090 2689 ,
1107 2659 1265 2691 Amoriana,
1281 2658 1418 2692 Lcmnica,
1437 2665 1461 2687 et
1478 2666 1603 2697 quotquot
1620 2668 1690 2689 terra
1704 2673 1764 2691 ma-

972 2704 1047 2738 rique
1055 2709 1079 2730 et
1090 2705 1161 2731 circa
1175 2705 1288 2737 insulas,
1305 2706 1440 2733 Orientem
1449 2711 1473 2734 et
1485 2707 1650 2735 Occidentem
1663 2717 1763 2743 versus,

972 2759 988 2777 a
1011 2750 1144 2778 Conmena
1173 2757 1316 2787 reportatw
1332 2753 1413 2780 sunt!
1437 2754 1506 2781 vobis
1528 2754 1645 2791 adjungo
1669 2764 1765 2785 novam

971 2794 1048 2822 illam
1063 2796 1306 2824 Castamonensem.
1320 2799 1415 2825 Adeste
1426 2799 1506 2834 igitur
1519 2808 1607 2829 omnes
1621 2806 1644 2828 et
1655 2803 1763 2831 chorum

971 2841 1094 2869 ducentes
1113 2844 1208 2870 teneris
1224 2844 1312 2879 digitis
1331 2849 1480 2874 consertum
1495 2846 1587 2882 dignos
1602 2848 1764 2884 imperatore
