1935 3085
138 148 205 181 13ϋὶ

398 207 447 234 ΙΖ¹.
463 209 515 241 Εἰς
531 210 563 236 τὸ
578 210 664 237 avrti.

136 255 304 286 Ἐϐάπτισάς
318 263 362 290 με,
382 255 505 290 βασιλεῦ,
520 255 570 290 τὴν
580 255 677 292 δούλην
698 257 761 284 νέαν
777 257 888 293 Ῥώμην

126 302 276 337 θαλάσσης
286 301 351 336 ὅλης
363 301 473 336 ἀγαθῶν
487 302 534 329 καὶ
551 302 628 334 ὅλαις
644 305 746 338 πηγαῖς
759 304 900 339 τροπαίων
910 312 916 319 ’

130 352 176 386 Τῷ
194 352 290 385 κράτει
305 351 522 386 συνεργούμενος
533 351 580 378 τοῦ
595 351 642 378 νῦν
657 352 873 387 βαπτιζομένου,

136 397 304 432 Ἐνέπλησάς
317 406 351 432 με
369 397 575 432 σκυλευμάτων,
591 398 743 433 ἐνέπλησας
758 398 899 434 λαφύρων,

129 443 234 474 nam;
248 444 497 478 μοικιθυπέταξας
518 444 610 476 πόλεις
623 444 707 471 ὲονῶν
724 445 770 471 καὶ
786 443 890 480 χώρας,

129 490 183 522 Τὰς
197 491 275 522 νίκας
287 490 450 523 ἀνεδίόασας
467 491 537 526 ὑπὲρ
547 491 596 526 τὴν
613 492 736 526 κορυφήν
750 500 812 526 μου.

135 536 347 572 Ἐκπέπλησμαί
379 545 426 564 σου
440 537 494 564 τῶν
507 537 608 570 καλῶν,
624 537 705 572 ἀρκεῖ
720 545 765 572 μοι
781 537 863 572 μέχρι
878 546 919 564 τι-

804 583 872 620 [νός.

129 631 225 666 Πάσης
236 631 395 667 κεκράτηκα
410 631 529 666 Δυσμῆς,
544 631 592 666 τῆς
605 630 692 666 Ἕῲας
707 631 838 665 κυριεὺω.

128 677 236 713 Σκύθης
245 686 291 711 μοι
298 677 381 704 κλίνει
388 676 532 712 τράχηλον,
542 678 589 703 καὶ
597 677 705 712 Πέρσης
714 685 747 712 με
756 678 915 712 προσκυνεῖ,

130 724 186 751 Καὶ
211 725 285 750 πᾶσα
305 723 416 757 γλῶσσα
436 722 484 749 καὶ
499 723 571 758 φυλὴ
598 724 766 759 προσπίπτει
782 724 839 755 τοῖς
854 724 918 750 ποσί

800 769 809 805 Ι
815 778 879 804 μου.

130 816 223 843 Ταῦτά
235 824 280 850 μοι
294 815 383 842 πάντα
398 815 530 849 δέδωκας,
544 816 670 851 ὁμολογῶ
685 815 733 851 τὴν
744 815 836 851 χάριν,

129 863 185 890 Νῦν
200 861 311 896 χάρισαί
328 870 372 896 μοι
387 862 435 888 καὶ
450 862 560 894 σαυτὸν,
571 861 615 893 δὸς
635 861 683 888 καὶ
698 861 747 897 τὴν
763 861 812 896 σὴν
824 860 915 897 ,ἰδέαψ

731 120 928 183 TIIIEODORI
957 154 1155 186 PRODROMI

934 215 959 244 Α
976 214 1069 249 Ἔχεις
1086 214 1192 242 ἐκεῖθεν
1205 215 1281 250 ἥλιον
1295 215 1340 242 τὸν
1355 217 1401 251 τῆς
1420 216 1597 252 δικαιοσύνης
1610 237 1618 250 ,

1707 158 1808 189 13-2

975 261 1011 286 Τὸ
1029 261 1075 287 τοῦ
1092 262 1196 295 Πατρὶς
1215 261 1387 297 ἀπαύγασμα
1404 263 1505 298 γυμνὸν
1523 264 1551 290 ἐν
1575 263 1727 298 Ἰορδάνῃ·

977 307 1071 342 Ἔχεις
1085 308 1210 335 ἐντεῦθεν
1226 309 1301 344 ἥλιον
1317 308 1363 335 τὸν
1379 309 1429 344 τῆς
1444 310 1631 345 μονοκρατίας
1645 330 1654 342 ,

974 354 1027 380 Τὸν
1040 354 1087 380 τοῦ
1106 356 1209 390 πατρὸς
1223 355 1345 390 διάδοχον
1359 355 1486 391 λαμπρὸν
1501 357 1530 382 ὲν
1547 356 1748 391 ἀνακτόροις.

975 400 1007 426 Ὢ
1022 399 1093 426 πόσα
1104 400 1182 434 φῶτα
1198 401 1317 436 σήμερον
1331 401 1380 436 τὴν
1398 400 1508 435 Ῥώμην
1526 401 1721 438 φριδκτωροῦα
1730 409 1766 426 ιν
1779 401 1793 428 Ξ

975 445 1006 471 Ὢ
1021 444 1101 471 πόσαι
1116 445 1147 472 τὸ
1160 446 1300 481 περίγειον
1314 447 1425 479 ἀκτῖνες
1439 447 1632 482 δᾳδουχοῦσινι

980 491 1049 518 Ἀλλ’
1065 492 1079 518 ὸ
1094 491 1213 527 Χριστὸς
1229 493 1278 527 μὲν
1293 493 1369 528 ἥλιος
1384 493 1431 520 καὶ
1446 494 1562 528 ποιητὴς
1577 494 1670 529 ἡλίου·

973 539 1007 565 Σὲ
1020 538 1043 565 δ’
1057 539 1133 574 ἥλιον
1149 540 1183 566 τὰ
1199 541 1359 574 πράγματα,
1378 541 1546 576 σκηπτοῦχε,
1563 540 1757 576 μαρτυροῦσι
1776 547 1786 554 ·

973 584 1092 616 Κυκλοῖς
1105 585 1159 620 γὰρ
1170 584 1253 616 ὅντως
1262 585 1322 612 κατ’
1332 585 1414 612 αὑτὸν
1425 586 1477 612 ἀπὸ
1488 585 1576 621 βορρᾶ
1588 586 1659 620 πρὸς
1673 586 1786 612 νότον-

979 631 1025 664 Ἐξ
1039 631 1077 658 ἔω
1094 631 1197 666 στρέφῃ
1213 630 1281 665 πρὸς
1297 631 1412 666 δυσμὰς,
1429 632 1482 658 ἀπὸ
1499 631 1608 666 δυσμῶν
1624 633 1701 668 πρὸς
1715 632 1781 658 ἕω·

973 678 1104 713 Τρέφεις,
1129 677 1286 713 πυρσεύεις,
1309 677 1465 713 ζωπυρεῖς,
1483 678 1597 710 θάλπεις
1616 679 1685 710 τοὺς
1713 679 1783 705 ὑπ-

1579 724 1712 759 [ηκόους-

971 771 1094 805 Φλέγεις,
1110 770 1258 806 ξηραίνεις,
1284 770 1444 806 πυρπολεῖς,
1463 772 1574 806 τεφροῖς
1593 772 1659 803 τοὺς
1685 772 1781 798 ἐναν-

1606 817 1710 853 [τίως’

973 863 1029 890 Καὶ
1039 863 1144 899 τρέχων
1160 863 1260 898 δρόμον
1272 863 1424 895 ἄπαυστον,
1434 863 1545 898 ἀκάμας
1557 864 1639 891 πάλιν
1652 863 1776 898 μένεις.

130 909 201 940 Τοὺς
215 908 414 939 σκυλευθέντας
437 907 539 941 ἔϐλεψα
554 907 603 934 καὶ
617 907 781 942 νικηθέντας
799 907 919 943 Πέρσας,
936 897 957 924 Β
980 897 1144 944 Ἀλλ’-ἄφες,
1161 897 1229 942 ἄναξ
1244 910 1316 944 ἥλιε,
1336 909 1434 945 μικρὸν
1447 897 1498 945 τὴν
1516 897 1666 943 ἱππασίαν,

131 955 225 989 Βλέψω
240 955 287 981 καὶ
302 954 347 980 τὸν
359 953 548 980 σκυλεύσαντα
562 953 608 980 καὶ
620 953 733 989 νικητὴν
742 954 888 988 δεσπότην.

132 1001 215 1036 Στῆοι
228 1010 274 1036 μοι
288 1000 358 1028 κατὰ
376 1000 532 1035 πρόσωπον,
559 999 662 1034 πλῆσον
675 1000 741 1030 τοὺς
760 999 920 1034 ὀφθαλμούς

837 1055 878 1073 Ου.

837 1055 866 1072 ου

136 1094 302 1125 Ἐϐάπτισάς
318 1102 351 1129 με
365 1094 519 1129 χαρμονῆς,
534 1093 572 1129 μὴ
587 1093 661 1130 λύπῃ
677 1103 710 1130 με
724 1046 871 1130 puniti];

134 1141 240 1176 Ἰδρῶσι
260 1139 375 1171 ἔλουσάς
396 1147 429 1174 με
443 1140 511 1172 σοῖς,
529 1140 568 1174 μὴ
584 1139 702 1174 δάκρυσί
717 1147 751 1174 με
765 1137 876 1175 λούσης.

129 1187 256 1215 Κατάθου
290 1194 337 1213 σου
353 1185 399 1213 τὸν
414 1185 540 1221 θώρακα,
561 1185 609 1213 καὶ
625 1185 673 1212 τὶκν
689 1185 785 1217 στολὴν
797 1186 848 1220 τῆς
866 1184 920 1220 μά-

131 1281 188 1310 Καὶ
197 1282 244 1308 τὸν
260 1280 390 1316 πρεπώδη
404 1280 529 1315 νικηταῖς
542 1279 666 1315 ὲνδύθητι
682 1278 785 1313 χιτῶνα
795 1231 878 1293 'lm”

132 1329 189 1356 Καί
203 1337 248 1364 μοι
262 1327 409 1362 φυλάττου,
423 1325 548 1362 βασιλεῦ,
564 1326 644 1361 μέχρι
657 1326 757 1357 παντὸς
768 1324 864 1356 αἰῶνος
875 1333 882 1340 ’

129 1376 176 1411 Τῷ
188 1375 294 1411 βασιλεῖ
308 1374 356 1401 καὶ
366 1374 454 1409 τέκνῳ
467 1381 516 1400 σου
534 1373 690 1408 συγχαιρων
708 1372 830 1407 Ἀλεξίῳ,

129 1422 186 1450 Καὶ
199 1423 255 1454 τοῖς
277 1420 527 1456 σεῦαστοκράτορσι
549 1420 597 1446 καὶ
617 1420 674 1451 τοῖς
693 1417 919 1454 πορφυρογεννή-

812 1473 880 1497 τοις,

812 1473 853 1491 τοι

129 1516 192 1547 Τοῖς
205 1514 315 1550 ἀριθμῷ
328 1513 518 1550 τρισσεύουσιν
533 1513 596 1546 ἄξια
613 1464 811 1548 μονουμένοιςὲ
856 1472 869 1496 ς

980 957 1152 984 Ἀνάπαυσον
1169 956 1232 988 τοὺς
1247 956 1348 987 ἵππους
1364 964 1424 990 σου,
1440 955 1521 982 λῦσον
1541 957 1605 988 τοὺς
1628 956 1774 991 χαλινούς

1628 1004 1706 1040 [σου,

972 1049 1028 1076 Καὶ
1041 1049 1085 1080 δὺς
1099 1050 1130 1084 τῇ
1149 1049 1225 1076 πόλει
1241 1058 1288 1076 σου
1305 1049 1360 1077 τῶν
1373 1049 1428 1077 σῶν
1442 1050 1561 1077 ἀκτίνων
1576 1051 1769 1087 κορεσθῆναι,

973 1096 1046 1131 Πλὴν
1062 1097 1090 1122 ὲν
1106 1096 1255 1131 συμμέτρῳ
1269 1095 1308 1130 τῷ
1324 1097 1394 1130 φωτὶ
1411 1096 1448 1132 μὴ
1466 1097 1578 1132 πηρωθῇ
1593 1098 1642 1130 τὰς
1665 1097 1767 1133 ὄψεις.

978 1143 1048 1170 Ἀλλ’
1062 1143 1076 1169 ὁ
1090 1142 1193 1177 γυμνὸς
1211 1142 1355 1176 ἱστάμενος
1371 1143 1400 1169 ἐν
1416 1142 1536 1178 Ἰορδάνῃ
1551 1143 1648 1178 Λόγος,

973 1190 1104 1217 Ἔνδυσαι
1117 1190 1218 1224 κράτος
1233 1188 1340 1224 ἄμαχον
1358 1189 1406 1215 καὶ
1421 1188 1509 1220 ζῶσαι
1525 1190 1691 1218 δυναστείαν

972 1238 1018 1270 Σὲ,
1036 1236 1206 1272 Περσολέτα,
1227 1235 1339 1270 βασιλεῦ
1361 1235 1506 1270 Ῥωμαίων
1527 1237 1656 1272 Ἰωάννη,

971 1283 1049 1310 Μετὰ
1068 1282 1115 1308 τοῦ
1130 1282 1303 1316 συμμετόχου
1322 1289 1364 1307 σοι
1379 1281 1427 1307 τοῦ
1444 1282 1563 1316 κράτους
1586 1283 1722 1316 Ἀλεξίου,

971 1329 1027 1355 Καὶ
1038 1328 1086 1363 τῆς
1101 1327 1209 1363 τριάδος
1223 1327 1273 1361 τῆς
1288 1327 1387 1361 σεπτῆς
1404 1326 1459 1353 τῶν
1480 1327 1758 1364 σεϐαστοκρατόρων.

970 1407 1022 1435 ιΘ’.
1038 1408 1139 1444 Στίχοι
1159 1407 1311 1444 ἐπιτᾴφιοι
1329 1406 1369 1444 ζῶ
1390 1408 1579 1444 usq-alumna)
1603 1417 1767 1444 πορφυροῖ

1005 1441 1203 1480 γςννήτῳγκαὶ
1216 1441 1344 1480 βασιλεῖ
1354 1442 1434 1475 κυρῷ
1452 1443 1576 1478 Ἰωάννῃ
1587 1443 1626 1476 τῷ
1640 1441 1759 1480 Ερμῆς

1005 1477 1057 1511 νῷ,
1075 1479 1115 1511 ὡς
1132 1478 1191 1505 ἀπὸ
1208 1477 1360 1512 κειμένου.

128 1562 197 1590 Μεθ’
213 1559 250 1589 ὧν
265 1562 401 1597 φυλάττου
417 1559 542 1596 γεγηθὼς
554 1559 709 1595 εὐρώστως,
725 1558 891 1590 ἀκυνδύνως.
932 1573 954 1602 c
976 1558 1076 1594 Ὀφρῦς
1093 1561 1196 1592 μροτων
1215 1557 1262 1584 καὶ
1277 1557 1361 1591 τῦφος
1377 1557 1492 1593 ἀρχικοῦ
1509 1558 1628 1593 κράτους

385 1630 439 1658 IH'.
458 1631 512 1663 Εἰς
524 1629 557 1656 τὸ
572 1629 657 1657 αὑτό.

129 1701 260 1734 Φωτίζου,
274 1700 350 1731 πόλις
367 1697 499 1734 Ῥωμαῗς,
516 1698 599 1725 πάλιν
613 1697 679 1733 ἐρῶ,
695 1696 827 1732 φωτίζον·

130 1748 244 1779 Διπλαίς
259 1747 380 1781 αὺγάζου
396 1747 456 1777 ταῖς
471 1745 571 1779 αὐγαῖς
591 1745 624 1771 ὲκ
639 1744 685 1771 δύο
698 1744 754 1770 τῶν
771 1743 865 1779 ἡλίων.

129 1837 199 1859 sorte
214 1830 306 1857 Alexio
319 1833 440 1864 protegas
461 1835 515 1854 una
531 1835 589 1854 cum
612 1825 735 1861 Augustis
757 1824 869 1860 familiae
891 1828 915 1850 et

130 1876 300 1911 Pin-paratis.

433 1919 515 1946 XVII.
538 1918 616 1945 Item.

164 1965 322 2000 Baptizasti,
347 1965 501 1996 imperator,
520 1969 561 1988 me
589 1960 699 1986 Romam
727 1967 821 1986 novam
844 1963 918 1985 tuam

131 2012 257 2039 ancillam
272 2011 298 2037 in
311 2008 430 2036 omnibus
460 2007 543 2034 maris
566 2006 639 2032 bonis
664 2010 688 2031 et
706 2005 830 2040 tropwis;
857 2004 918 2031 dein

128 2057 219 2087 spoliis
236 2064 266 2082 ac
283 2054 375 2090 pra'da
404 2060 445 2079 me
477 2050 654 2086 locupletasti,
675 2049 826 2084 multasque
845 2049 920 2076 urbes

130 2112 160 2129 ac
174 2103 292 2136 regiones
306 2100 426 2127 inimicas
445 2101 524 2125 antea
537 2097 601 2124 mihi
625 2096 768 2131 subjecisti,
781 2096 808 2122 in
821 2099 916 2130 caput-

129 2157 178 2180 que
195 2146 364 2174 victoriarum
380 2144 480 2179 pondus
508 2142 661 2173 cumulasti,
689 2149 720 2168 ac
749 2140 808 2175 plus
835 2147 916 2173 quam

129 2202 193 2226 opus
205 2197 262 2219 erat
277 2191 429 2218 divitiarum
447 2189 594 2216 contulisti.
606 2188 684 2215 Totus
698 2187 834 2217 Occidens,
848 2190 916 2211 totus

128 2240 220 2266 (triens
237 2237 299 2264 mihi
322 2240 406 2271 paret.
422 2234 520 2270 Scytha
532 2234 661 2260 corticem
686 2233 809 2264 reclmat,
833 2231 916 2258 Persa

970 1605 1026 1631 Καὶ
1038 1604 1175 1638 κοσμικῆς
1190 1603 1306 1638 φύσημα
1319 1603 1452 1638 λαμπρᾶς
1465 1604 1555 1636 ἀξίας,

978 1650 1025 1676 Ἐκ
1037 1650 1092 1676 τῶν
1111 1649 1185 1684 ὲμῶν
1202 1649 1322 1683 μαθόντα
1339 1649 1388 1680 τὰς
1405 1649 1511 1682 θνητῶν
1524 1650 1609 1684 τύχας
1621 1668 1628 1682 ,

971 1696 1066 1730 Χαμαὶ
1081 1696 1203 1730 φρονεῖτε
1218 1702 1225 1709 ”
1242 1695 1296 1725 πᾶς
1313 1694 1369 1729 γὰρ
1385 1694 1472 1727 ὲξίσου
1486 1695 1579 1728 νέκυς,

970 1742 1027 1769 Καὶ
1041 1740 1140 1771 πάντες
1156 1739 1210 1765 υίο¹ι
1226 1740 1276 1773 τῆς
1292 1738 1409 1774 suam;
1423 1738 1526 1770 οὐσίας.

970 1822 1091 1850 bissolari
1104 1821 1253 1857 splendore,
1264 1820 1360 1847 habens
1377 1828 1429 1847 una
1443 1829 1474 1847 ex
1485 1825 1559 1856 parte
1578 1824 1661 1856 patris
1685 1825 1752 1851 nito-

970 1878 1027 1896 rem
1040 1870 1108 1896 circa
1120 1868 1274 1897 Iordanem.
1290 1875 1321 1893 ea:
1354 1867 1439 1894 altera
1455 1867 1536 1894 solem
1557 1871 1748 1904 manare/nisini,

972 1916 1065 1951 patris,
1084 1913 1339 1949 inquam,celebrem
1361 1913 1387 1939 in
1417 1920 1497 1948 regno
1520 1921 1700 1942 successorem.
1729 1917 1751 1943 0

968 1962 1069 1989 lumina
1081 1960 1196 1995 pretiosa
1211 1966 1269 1993 qua
1294 1958 1406 1985 Romam
1427 1960 1475 1986 hoc
1491 1959 1533 1986 die
1556 1960 1712 1988 illustratis!
1728 1962 1750 1990 0

968 2007 1039 2035 radii
1052 2007 1139 2033 orbem
1152 2004 1305 2031 solemniter
1333 2003 1536 2031 collustrantes!
1566 2005 1612 2032 Est
1636 2006 1750 2033 Christus

968 2050 1074 2086 quidem
1090 2051 1145 2084 ipse
1160 2049 1235 2076 solet
1253 2048 1315 2075 solis
1337 2049 1471 2081 conditor;
1487 2053 1512 2075 te
1536 2055 1634 2082 autem,
1652 2051 1746 2086 Cazsar,

969 2103 1049 2131 opera
1061 2099 1106 2121 tua
1123 2099 1150 2121 ut
1165 2094 1246 2121 solem
1268 2093 1438 2121 declamant:
1457 2104 1473 2121 a
1492 2097 1666 2129 septentrione
1681 2099 1747 2125 enim

969 2149 1050 2176 usque
1061 2141 1095 2168 ad
1114 2145 1244 2174 austrum,
1258 2140 1290 2167 ab
1310 2140 1409 2167 oriente
1429 2140 1462 2167 ad
1474 2141 1628 2168 occidentem
1642 2143 1748 2170 circitat-

970 2191 1107 2214 terraneus
1131 2187 1181 2214 iter
1205 2191 1279 2212 tuum
1307 2186 1430 2220 perﬁcis;
1446 2190 1523 2213 terra:
1541 2187 1640 2214 incolas
1657 2191 1746 2223 nutris,

970 2232 1104 2268 calefacis,
1120 2233 1233 2268 inspiras
1242 2241 1250 2265 ;
1260 2232 1399 2266 eomburis,
1412 2233 1570 2266 exsiccasﬁn
1585 2235 1696 2262 cinerem
1711 2245 1747 2263 re-

127 2294 213 2320 genua
229 2265 327 2320 flectit;
345 2284 441 2318 qua'vis
456 2281 550 2313 tribus,
576 2280 697 2315 quaelibet
713 2287 775 2314 gens
794 2283 855 2305 ante
872 2286 916 2313 pe—
929 2265 955 2296 Β
968 2279 1035 2314 eligis
1054 2278 1230 2310 adversarios,
1247 2285 1290 2304 nec
1303 2285 1380 2304 cursu
1403 2278 1525 2305 continuo
1547 2279 1677 2314 fatigaris.
1689 2280 1743 2314 Sed,

128 2334 172 2359 des
186 2339 254 2358 meos
275 2329 446 2365 provolvitur.
471 2327 535 2355 Hm:
555 2328 643 2354 omnia
672 2331 701 2353 tu
719 2326 782 2352 mihi
811 2324 916 2357 dedisti,

128 2381 267 2412 gratanter
285 2375 387 2410 refero;
403 2373 448 2401 sed
466 2377 489 2400 te
509 2374 595 2408 ipsum
616 2372 675 2399 dein
694 2371 758 2399 mihi
782 2369 916 2405 grati/tea,

127 2423 228 2450 vultum
241 2428 315 2448 tuum
328 2424 456 2448 monstra.
469 2419 567 2446 Persas
579 2419 698 2454 equidem
710 2417 791 2444 armis
806 2417 916 2443 nudatos

127 2471 179 2497 vidi
188 2470 326 2503 victosque,
341 2468 382 2502 {ac
393 2471 421 2494 ut
430 2467 549 2501 deinceps
564 2466 686 2492 victorem
700 2473 730 2491 ac
746 2463 916 2498 spoliatorem

127 2515 240 2541 videam.
260 2513 282 2540 E
301 2513 417 2548 regione,
433 2518 531 2547 qumso,
548 2512 639 2543 sistas,
655 2509 743 2537 oculos
764 2509 802 2535 tui
825 2508 915 2542 plenos

129 2560 220 2586 redde.

163 2605 312 2632 Bautizasti
328 2611 368 2631 me
378 2604 487 2639 gaudio,
503 2612 535 2630 ne
555 2611 666 2630 incerare
679 2611 719 2629 me
735 2602 863 2637 baptizes;
873 2608 917 2627 su-

128 2651 190 2676 dore
204 2655 232 2676 tu
247 2658 286 2676 me
301 2654 345 2676 tuo
359 2648 464 2680 lavasti,
477 2656 509 2675 ne
525 2648 649 2683 lacrymis
665 2655 705 2674 me
721 2646 801 2673 laves.
818 2645 916 2672 Thora-

127 2705 180 2723 cem
198 2701 222 2724 et
239 2696 458 2732 paludamentum
485 2696 584 2730 depone
613 2700 637 2722 et
661 2695 764 2723 victoris
789 2698 915 2721 ornatum

128 2744 302 2778 circampone.
328 2743 442 2775 Habeas,
459 2743 613 2777 imperator,
628 2745 709 2770 vitam
741 2752 798 2771 cum
823 2743 917 2772 Alexio

130 2794 256 2819 consorte,
274 2790 393 2816 omnibus
409 2790 533 2824 Augustis
547 2794 570 2816 et
588 2792 752 2826 purpuratis,
774 2800 831 2818 eum
857 2793 915 2826 qui-

131 2833 178 2858 bus
194 2833 263 2858 vivas
281 2833 338 2860 loeto
355 2843 411 2861 cum
424 2836 522 2866 animo.
536 2835 698 2870 valetudine,
708 2838 860 2865 securitate.

429 2880 522 2908 XVIII.
535 2881 614 2908 Item.

167 2919 319 2953 Ilumiuare,
333 2922 391 2948 urbs
421 2923 513 2958 Roma,
530 2925 625 2951 iterum
653 2926 709 2952 dico
723 2946 730 2960 ,
755 2926 911 2956 illuminare

968 2333 983 2352 ο
1001 2333 1048 2352 rex
1066 2323 1117 2358 sol,
1139 2323 1331 2359 aliquantisper
1360 2324 1547 2358 equitationem
1572 2333 1653 2358 cessa,
1676 2327 1745 2361 frena

968 2372 1054 2399 inhibe
1065 2377 1088 2398 et
1102 2371 1137 2398 da
1148 2371 1205 2397 urbi
1222 2375 1274 2398 tua:
1289 2379 1304 2397 a
1318 2371 1400 2398 radiis
1423 2372 1472 2398 tuis
1486 2371 1637 2404 demulceri,
1663 2374 1700 2400 ita
1712 2380 1746 2401 ta-

970 2425 1028 2444 men
1040 2421 1067 2443 ut
1085 2425 1139 2452 pra:
1159 2416 1266 2444 illorum
1281 2416 1383 2451 fulgore
1396 2424 1429 2443 ne
1441 2418 1619 2445 ctecutiamus.
1638 2418 1711 2451 Quod
1720 2421 1744 2447 in

969 2462 1085 2489 Jordane
1099 2463 1164 2489 stitit
1186 2461 1297 2489 Verbum
1311 2470 1416 2497 purum,
1432 2467 1559 2497 potestate
1568 2464 1628 2498 jam
1642 2464 1744 2492 circum-

969 2510 1055 2542 detur,
1076 2515 1100 2536 et
1115 2510 1206 2536 robore
1220 2510 1334 2536 cinctum
1358 2518 1404 2544 per
1431 2514 1464 2542 te,
1492 2511 1637 2546 imperator
1656 2511 1744 2539 Roma-

970 2563 1064 2582 norum
1093 2555 1221 2586 Joannes,
1247 2563 1301 2581 una
1326 2563 1385 2582 cum
1405 2555 1506 2588 Alexio,
1532 2557 1604 2591 regni
1623 2558 1700 2589 socio,
1722 2563 1742 2584 ct

968 2592 1049 2627 tribus
1064 2601 1199 2635 Augustis,
1229 2600 1373 2628 Persarum
1398 2601 1508 2636 imperio
1539 2603 1650 2638 denique
1669 2603 1741 2637 ﬁnem

968 2646 1098 2679 imponat.

968 2702 1039 2729 XIX.
1070 2701 1246 2737 Epitaphium
1276 2705 1303 2729 in
1339 2703 1470 2730 honorem
1508 2704 1610 2732 domini
1637 2706 1740 2735 Joannis

997 2737 1141 2769 Comneni,
1154 2739 1266 2765 victoris
1277 2739 1472 2773 augustissimi,
1487 2739 1716 2777 Prophyrogenili.

1005 2793 1052 2820 Vos
1068 2795 1113 2828 qui
1125 2794 1263 2829 superbitis
1287 2803 1368 2830 reges.
1391 2796 1561 2831 magistratus
1583 2802 1606 2824 et
1627 2804 1739 2833 quotquot

968 2841 1096 2875 dignitate
1113 2840 1203 2875 aliqua
1219 2841 1304 2867 v'esliti
1319 2843 1390 2873 estis,
1403 2850 1434 2868 ex
1447 2850 1486 2868 me
1496 2843 1609 2876 fortuna:
1625 2846 1739 2871 l’lflksllll-

968 2886 1040 2917 (lines
1055 2886 1148 2918 cdocti,
1167 2887 1277 2912 humiles
1290 2887 1349 2921 jam
1374 2888 1482 2922 spiritus
1496 2887 1605 2920 induite,
1619 2891 1736 2924 morituri,

968 2934 992 2956 et
1010 2938 1097 2958 rerum
1111 2931 1288 2959 humanarum
1310 2933 1464 2960 caducitatis
1481 2934 1591 2960 victima
