1935 3085
53 213 129 245 ιιιιι)

53 271 113 295 Τὸν
127 268 311 304 σειρομάστην
327 266 418 298 Φινεὲς
429 265 520 293 mea»;
541 265 633 296 πάλιν,

52 315 97 340 Τὸ
114 313 250 349 Μαδιηνδν
265 313 351 343 οὕτως
361 312 495 346 κέντησον
503 311 597 346 τέρας,

60 361 112 392 Ὠς
125 360 218 394 ἐξέλῃς
230 359 332 390 δνειδος
352 358 532 393 Ἰσραηλίτου.

54 407 148 441 Θῆξον
163 405 288 441 Σαμουὴλ
305 406 356 440 τῆς
373 406 511 440 μαχαίρας
522 403 552 429 τὸ
564 405 661 438 στόμα,

56 453 118 478 Καὶ
128 453 177 487 τὴν
193 453 282 486 Ἀγαρ
302 451 420 485 ἔκκοψον
442 450 585 485 αἰσχίστην
601 450 701 484 κάραν.

54 499 154 532 Aria,
169 498 260 525 λαίών
276 507 323 524 σου
344 498 394 531 τὴν
411 497 562 531 κρατίστην
574 495 731 529 σφενδόνην,

61 545 289 580 Ἐκσφενδὸνισον
298 544 344 570 τὸν
358 542 467 575 Γολιὰθ,
484 542 531 569 καὶ
545 541 639 574 πάλιν,

62 593 96 618 'U
109 591 242 626 Θεσὸίτης
258 591 367 616 κτίννυε
383 589 421 624 τῷ
436 587 530 624 δόρατί
546 595 593 614 σου

57 639 116 665 Τὸν
131 639 162 674 τῇ
180 638 253 664 Βάαλ
266 637 364 664 θύοντα
380 635 427 662 νῦν
443 636 476 670 τῇ
496 634 613 661 σκυτίδι.

58 685 125 710 Κᾶν
142 684 230 718 ἱερεὺς
247 682 301 717 γὰρ
317 682 348 708 οὐ
367 681 491 716 πέφυκεν
506 679 650 714 αἰσχύνης,

65 730 140 755 Ἀλλ’
156 728 289 764 αἰσχύνης
302 728 410 762 πέφυκε
425 726 528 761 πολλῆς
539 726 675 761 ἐργάτης.

60 776 145 802 Οὕτω
158 776 213 810 γὰρ
229 774 303 808 αὐτῷ
314 773 368 800 τῶν
381 774 469 806 φόνων
485 772 585 808 πρέπει
602 772 697 799 πλέον.

59 825 117 850 Τὸν
130 824 158 848 ἐν
174 821 285 856 γέρουσι
297 819 379 846 παῖδα
391 820 451 849 ταῖς
463 818 575 852 ἄρκτοις
586 818 658 844 δίδου

67 867 224 894 Ἐλισσαίου
238 865 379 898 κέλευσμα
397 863 444 890 τοῦ
460 863 629 898 δεδορκότος,

67 915 146 940 Ἐπεὶ
162 912 302 947 φαλακρὸν
315 911 364 937 καὶ
374 910 442 936 Θεοῦ
457 910 561 944 γυμνὸν
579 909 683 944 σκέπης

65 961 146 987 Ὠτεὶ
160 960 260 996 τριχῶν
278 960 374 994 εἴρηκε
389 958 435 984 τὸν
455 958 522 984 Θεὸν
539 957 647 992 λάτριν.

107 1007 178 1033 Ἀλλ’
199 1007 238 1038 εἰς
253 1006 279 1032 τί
295 1005 399 1037 ravim;
418 1003 472 1030 [Ιοῦ
492 1004 540 1038 μὲν
555 1003 619 1038 ἄρτι
635 1003 786 1038 Θεσσίτηςς

63 1055 122 1081 Καὶ
138 1053 189 1080 ποῦ
204 1051 344 1087 Σαμουήλς
366 1050 418 1076 ποῦ
432 1049 455 1076 δ’
477 1049 630 1076 Ἐλισσαίου
650 1049 756 1085 στόμα;

63 1101 123 1127 Ποῦ
142 1099 165 1126 θ¹
185 1100 210 1126 οι
223 1098 340 1133 καθεξῆς
355 1098 409 1124 τῶν
427 1096 683 1131 ἁπηριθμημένων;

62 1147 165 1182 Τριὶις,
183 1145 268 1180 Τριάς
286 1153 348 1179 μου,
367 1144 411 1171 ναὶ
431 1143 528 1178 Τριὰς,
545 1142 635 1176 τρίτον
652 1142 736 1176 λέγω,

63 1191 196 1226 Θησαυρὲ
216 1190 331 1222 πιστῶν,
348 1189 426 1220 ἐλπὶς
446 1187 664 1223 εὑοεόοφρόνων,

63 1237 230 1272 Μονουμένη
247 1237 296 1272 μὲν
309 1236 348 1271 τῷ
365 1236 426 1262 κατ’
440 1235 535 1262 οὐσίαν
550 1235 632 1268 λόγίρ,

63 1284 131 1315 Τοῖς
145 1284 173 1310 δὲ
190 1282 346 1318 προσώποις
364 1280 487 1310 εὐσεϐῶς
501 1280 700 1314 τριασσομένη,

64 1331 99 1356 Et
119 1329 248 1364 Μαμϐρῆ
256 1327 322 1363 δρῦς
340 1327 460 1362 πάρεστι
476 1326 527 1352 κὰν
538 1326 576 1360 τῷ
591 1325 637 1351 νῦν
658 1324 718 1360 βίῳ,

66 1375 145 1412 Πρδς
168 1375 295 1410 ’Δϐραὰμ
318 1373 447 1405 κάτελυε,
464 1373 511 1398 καὶ
525 1371 606 1398 πάλιν
621 1371 681 1397 νέον

65 1423 128 1449 Καὶ
150 1419 424 1456 μοσχοδειπνισθεῖσα
438 1417 478 1454 τῷ
495 1417 637 1452 φιλοξένῳ.

65 1469 199 1504 Γόμορρα
212 1467 260 1494 καὶ
276 1465 382 1500 Σόδομα
393 1463 528 1498 πυρπόλει
542 1464 601 1490 νέα.

67 1515 125 1541 Τὸν
139 1511 318 1545 κολλυϐιστὴν
333 1511 419 1537 τύπτε
437 1509 475 1544 τῷ
493 1509 666 1545 φραγγελίῳ,

68 1561 165 1594 Σῶτερ
187 1558 274 1594 Ἰησοῦ
289 1556 392 1592 Χριστέ
412 1565 476 1592 μου,
494 1555 667 1588 πλαστουργέ
682 1562 734 1589 μου
748 1562 755 1569 ·

69 1605 128 1632 Τοῦ
143 1606 197 1640 γὰρ
214 1604 321 1640 Πατρός
338 1612 386 1629 σου
399 1603 446 1629 καὶ
462 1602 529 1628 Θεοῦ
547 1602 595 1635 τὴν
611 1601 701 1627 οἰκίαν

70 1651 188 1685 Τιοησιν
201 1647 275 1676 οἷκον
294 1648 427 1683 ἐμπόριον
444 1648 492 1674 καὶ
503 1647 596 1672 τόπον,

115 1695 191 1722 Ἐπεὶ
207 1695 235 1721 δὲ
249 1693 336 1720 ταῦτα
351 1691 570 1727 πεπροοιμίαστό
588 1699 646 1725 μοι,

71 1743 129 1778 Τὴν
149 1740 292 1776 αἱρετικὴν
309 1740 402 1766 λοιπὸν
421 1738 580 1772 ἐξεταστέον

74 1783 128 1816 ἺΙν
143 1787 271 1822 ἐγκαλεῖς
285 1795 329 1822 μοι
345 1785 453 1821 κλῆσιν,
473 1784 508 1816 ὡς
524 1785 626 1818 ταύτης
639 1783 736 1818 τύχῃς,

75 1873 175 1900 Phinee
188 1875 276 1904 erepto
294 1867 438 1895 exercitum
464 1865 674 1892 Madiuniticum
690 1864 756 1897 dele,
774 1869 801 1890 ut
818 1871 863 1898 op-

72 1918 210 1955 probrium
242 1915 274 1942 ab
306 1913 408 1940 Isracle
440 1907 734 1939 amoveastladium
773 1919 863 1942 tuum,

74 1961 334 1995 Sanuiel,distringe,
342 1964 366 1987 et
375 1959 455 1993 Agari
463 1964 542 1993 caput
549 1959 720 1985 criminosum
731 1958 864 1985 abscinde.

76 2013 129 2045 Tu,
139 2009 232 2040 David,
242 2006 328 2042 [unda
336 2005 490 2033 Goliathum
505 2004 612 2036 occide;
624 2004 767 2035 Thesbites,
778 2004 870 2031 lancea

75 2065 124 2085 tua
153 2062 175 2083 et
194 2055 284 2090 clypeo
305 2060 393 2079 omnes
412 2051 454 2086 qui
471 2050 550 2076 Bauli
569 2049 723 2083 sacriﬁcant
739 2050 870 2076 interime.

76 2098 149 2130 Licet
167 2101 235 2127 enim
253 2096 388 2132 opprobrii
402 2104 452 2122 non
468 2096 501 2122 sit
516 2095 649 2126 sacerdos,
665 2098 692 2120 at
712 2095 800 2128 turpia
820 2102 871 2120 non

75 2157 163 2184 pauca
178 2146 349 2182 perpetravit,
370 2151 402 2169 ac
428 2141 582 2174 sanguinem
607 2139 700 2174 effudit
714 2140 869 2175 plurimum.

76 2197 179 2223 Pueros
194 2193 239 2228 qui
260 2193 420 2218 senectutem
442 2188 550 2214 Elisstei
572 2187 670 2218 rident,
692 2186 764 2212 ursis
779 2185 870 2217 trade,

76 2249 100 2269 et
118 2246 196 2275 caput
216 2238 322 2266 calvum
333 2236 430 2263 crinito
451 2234 531 2268 capiti
545 2233 677 2267 postponi.
691 2237 798 2266 propter
817 2231 868 2258 cri-

78 2298 135 2320 nes.
153 2295 183 2314 ne
197 2286 346 2321 permittas.

117 2334 170 2361 Sed
188 2332 222 2359 ad
235 2332 297 2363 quid
312 2336 368 2358 meo
395 2328 502 2364 profero
516 2326 528 2353 ?
553 2324 603 2352 Ubi
617 2332 686 2352 nunc
705 2323 840 2350 Thesbites
856 2323 867 2349 ?

79 2382 122 2408 ubi
140 2378 271 2408 Samuel?
292 2378 336 2404 ubi
352 2373 504 2402 Elisswus?
528 2372 573 2398 ubi
598 2378 686 2397 omnes
708 2377 774 2404 quos
791 2369 867 2395 modo

79 2425 291 2454 enumeravimus
304 2424 316 2450 .’
341 2421 460 2448 Trinitas
489 2426 560 2448 mea,
575 2421 600 2442 te
615 2416 730 2447 invoco;
747 2416 868 2440 thesaure

79 2474 216 2510 ﬁdelium,
246 2478 303 2503 spes
329 2469 455 2502 piorum;
485 2463 590 2490 nomine
614 2461 720 2496 quidem
744 2467 775 2485 ac
793 2458 868 2485 verbo

81 2505 147 2550 una.
178 2519 247 2544 trina
265 2519 352 2542 autem
372 2513 400 2539 in
413 2510 543 2546 personis.
558 2508 589 2536 Si
602 2508 630 2534 in
646 2506 766 2533 Mambrc
786 2505 868 2531 etiam

81 2574 151 2594 nunc
174 2569 284 2600 quercus
304 2559 419 2590 exsistit,
438 2558 472 2583 ad
486 2554 621 2581 Abraham
641 2553 745 2584 accede,
765 2555 788 2577 ct
802 2550 869 2576 vitu-

82 2615 137 2640 lum
158 2596 289 2637 manduca
304 2606 373 2641 apud
388 2603 515 2637 hospitem
528 2609 537 2633 ,'
551 2599 667 2626 Sodoma
682 2603 706 2624 et
718 2596 870 2624 Gomorrha

82 2663 177 2687 iterum
199 2655 252 2690 igni
266 2653 333 2681 dele.
351 2647 569 2678 Nummularium
597 2646 665 2680 fuste
678 2644 786 2678 expelle,
804 2643 869 2670 Jesu

84 2706 199 2735 Christe,
209 2688 334 2729 salvator
344 2703 368 2725 et
386 2700 507 2728 creator;
525 2693 617 2721 Patris
634 2692 704 2718 enim
720 2691 758 2717 tui
776 2697 807 2716 ac
820 2688 869 2715 Dei

84 2750 340 2779 domumtabernam
361 2744 423 2778 fecit
439 2740 641 2769 mercatoriam.

121 2797 170 2824 llis
205 2796 245 2821 ita
273 2789 427 2826 prccmissis,
453 2787 554 2814 vacatio
582 2793 640 2811 mea
666 2782 870 2817 prwdcstinata,

85 2850 164 2878 quum
182 2838 331 2866 hareticam
344 2833 471 2868 appellas,
490 2829 668 2857 examinanda
685 2827 769 2858 venit;
786 2826 869 2860 siqui-

87 2873 144 2917 dem
163 2885 283 2914 omnibus
301 2891 317 2909 a
338 2880 388 2907 Deo
398 2879 526 2914 judicium
541 2873 683 2907 impendet.
704 2873 725 2900 Ο
737 2878 765 2899 ιιι
784 2873 827 2907 qui
842 2873 873 2898 de

90 2935 209 2964 omnibus
228 2927 391 2965 prtrfractim
406 2925 514 2961 judicas
528 2943 535 2956 ,
557 2930 617 2949 esne
638 2929 721 2955 agnus
739 2918 869 2946 Domini?

642 206 801 238 SCRIPTA
819 206 934 236 hlGCE
941 206 1034 236 ΜΛΝ
1041 206 1085 235 E.\

861 271 884 296 Α
900 263 985 290 Ὅταν
1000 262 1090 296 διαιτᾷ
1106 262 1189 287 πᾶσιν
1208 261 1223 296 ἡ
1247 260 1306 287 θεία
1321 260 1423 295 κρξσις.

916 308 936 334 Ω
950 308 1004 334 πᾶν
1021 308 1166 342 πρόχειρος
1181 306 1306 340 ἐγκαλεῖν
1320 309 1365 333 καὶ
1381 309 1433 334 πᾶν
1453 307 1554 341 λέγειν,

901 353 939 380 TH
961 354 1027 388 μηδὲ
1041 354 1073 379 σὺ
1088 353 1227 388 πρόϐατον
1239 352 1277 378 ὢν
1293 353 1339 379 τοῦ
1354 353 1491 380 Δεσπὸτου
1506 361 1514 386 ;

903 401 962 427 Κᾶν
977 401 1079 436 ἄρτιτὺ
1103 401 1240 436 πρόϐατον
1258 399 1368 435 ὠρὰοης
1389 401 1481 431 λύκος.

902 445 966 481 'Ap‘
985 447 1137 482 αἱρετικὸν,
1148 446 1186 477 ὡς
1200 445 1289 479 λόγοις
1302 445 1506 479 τεθραμμένον,

903 491 1016 522 Καλεῖς,
1034 490 1122 524 λόγων
1132 491 1243 524 ἄμοιρε,
1262 492 1318 521 τοῖς
1335 489 1500 523 ὲξωτέροιςς

908 536 952 566 Ὠς
972 536 1147 570 σνγκαλύψῃς
1164 535 1212 570 τὴν
1232 534 1330 560 ἑαυτοῦ
1351 534 1457 569 μωρίαν

904 582 990 608 Κάλει
1007 581 1036 607 τὸ
1051 582 1146 608 λοιπὸν
1161 581 1312 616 αἱρετικον,
1329 582 1352 606 ει
1365 581 1466 611 Θέλεις,

905 628 957 654 Τὶν
975 628 1111 663 γρήγορον
1126 628 1200 660 νοῦν,
1218 627 1266 661 τὴν
1286 628 1425 653 Βασιλείου
1442 626 1533 662 χάριν,

905 675 941 700 Τὸ
956 674 1071 709 χρύσεον
1088 673 1208 708 μέλισμα
1221 673 1269 699 τοῦ
1287 670 1498 708 Χρυσοστὸρῖου,

906 721 942 747 Τὸ
952 721 1102 756 Γρηγορίου
1118 720 1229 755 φθέγμα
1245 721 1291 746 τοῦ
1305 721 1465 753 Νυσσαέως,

906 767 958 793 Τὸν
971 767 1098 800 Μάξιμον
1118 767 1148 792 τὸ
1162 767 1256 801 θαῦμα
1270 768 1318 801 τῆς
1336 767 1463 802 ἡσυχίας.

907 813 954 844 Οἷς
970 815 1009 844 ei;
1023 814 1100 840 τόσον
1114 814 1224 848 μέτεστι
1237 813 1290 839 τῶν
1304 813 1357 845 ἔξω
1367 814 1464 848 ὶόγων,

913 860 956 891 '0;
976 860 1022 886 καὶ
1040 860 1183 891 Πλάτωνος
1199 860 1344 895 ἐκτρέπειν
1360 860 1408 886 καὶ
1429 859 1583 894 Σωκράτος.

909 907 939 933 Εἰ
960 906 1010 941 μὲν
1025 907 1054 932 τδ
1069 907 1165 942 λεχθὲν
1185 907 1366 941 αῐρετικίζειν
1384 907 1487 940 λέγεις,

872 937 895 967 Β
909 937 1161 987 Συναιρετικίζοιμι
1172 937 1227 983 τοῖξ
1242 937 1428 986 λελεγμένοιᾷ

910 999 941 1025 Et
955 998 977 1024 δ’
992 998 1122 1032 ἡκροάσω
1139 997 1193 1023 τῶν
1203 998 1279 1032 ὲμῶν
1291 998 1372 1032 τυχὸν
1390 997 1489 1032 λόγων,

911 1045 966 1071 Καὶ
983 1044 1135 1080 σφαλεροὺς
1153 1044 1280 1078 ἔγκωκας
1296 1045 1407 1076 αὐτοῦς,
1424 1044 1485 1071 εῑπέ
1501 1053 1557 1080 μοι,

911 1092 946 1117 ’Ὴ
961 1091 1061 1125 μᾶλλον
1078 1091 1138 1117 εἰπὲ
1154 1092 1235 1118 παντὶ
1253 1091 1292 1125 τῷ
1308 1091 1450 1126 συνεδρίῳ,

912 1139 967 1165 Καὶ
981 1138 1095 1172 Θάτερᾶν
1111 1147 1152 1164 σοι
1167 1140 1223 1164 τοῖν
1237 1138 1309 1165 δυοῖν
1326 1138 1410 1173 πέρας
1426 1138 1508 1166 λάϐε.

884 1180 889 1185 ’
912 1185 948 1211 Ἢ
967 1184 1020 1219 γὰρ
1036 1184 1153 1217 διδάξεις
1170 1184 1331 1218 ἀγνοοῦντα.
1349 1185 1397 1211 καὶ
1415 1184 1499 1220 χάρις

912 1229 964 1255 Σοῦ
979 1231 1012 1264 τῇ
1030 1230 1124 1265 διδαχῇ
1147 1230 1270 1257 κείσεται
1285 1230 1333 1257 καὶ
1350 1229 1389 1265 τῷ
1405 1230 1477 1265 λόγῳ

914 1275 1006 1307 Ἄξιον
1022 1275 1168 1308 ὲξάξαντος
1182 1276 1211 1308 ἐξ
1224 1275 1351 1308 ἀναξίου·

914 1322 950 1348 Ἦ
964 1322 1015 1357 τῆς
1031 1322 1098 1348 Θεοῦ
1117 1322 1182 1355 γοῦν
1195 1322 1335 1354 ὲξελάσοις
1350 1322 1450 1353 ἑστίας.

913 1368 1007 1403 ’Ἡπερ
1022 1368 1084 1403 δίκη
1097 1368 1202 1403 πέφηνε
1214 1369 1270 1399 τοῖς
1285 1367 1442 1403 ἀϐελτέρως

914 1414 1015 1449 ἜΑαχε
1031 1413 1141 1447 λοιπόνς
1162 1414 1242 1440 Ἀλλὰ
1254 1414 1296 1446 τίς
1314 1422 1361 1440 σου
1379 1415 1409 1440 τδ
1428 1413 1516 1448 στόμα

913 1461 1007 1487 ῐῘεισει
1022 1461 1138 1495 κινήσας
1153 1460 1349 1495 ἐξερεύξασθαι
1365 1460 1463 1495 λόγον;

916 1507 950 1532 Ἢ
963 1506 1023 1536 πῶς
1039 1506 1164 1541 ἀνοιχθὲν
1178 1507 1277 1538 σιελοῖς
1296 1514 1328 1541 με
1342 1506 1380 1541 μὴ
1401 1506 1489 1541 πλάνη
1502 1514 1509 1538 ;

915 1553 947 1578 Ὢ
963 1552 1072 1587 φύσεως
1087 1552 1207 1587 ὕϐρισμα
1222 1553 1270 1578 καὶ
1288 1552 1374 1584 γέλως
1388 1551 1458 1586 βίου,

921 1598 998 1633 Ἐμοὶ
1015 1598 1184 1632 προτάττει-εις
1197 1597 1243 1623 τὸν
1256 1596 1416 1631 δυσώνυμον
1432 1597 1524 1628 λόγον,

923 1643 988 1678 Ἐμὲ
1000 1644 1156 1678 στερίσκεις
1175 1643 1226 1677 τῆς
1247 1642 1367 1676 ἀνάρχου
1384 1642 1512 1677 Τριάδος,

915 1688 970 1721 Ἦς
984 1689 1109 1724 ἐξανῆψα
1123 1689 1170 1715 τοῦ
1187 1689 1246 1724 βίου
1260 1689 1295 1714 τὰ
1315 1689 1469 1723 πείσματα.

923 1735 989 1770 Ἐμὲ
1004 1735 1158 1770 στερίσκεις
1173 1735 1223 1769 τῆς
1239 1734 1307 1761 Θεοῦ
1325 1734 1482 1769 μετουσίας,

919 1782 967 1812 Ὃς
983 1780 1098 1807 πλεῖστα
1110 1780 1159 1816 μὲν
1175 1780 1291 1815 Τριάδος
1309 1779 1403 1808 ὧδινον
1418 1780 1511 1817 χάριν,

916 1865 974 1891 1ηιο
999 1864 1061 1900 agni
1086 1864 1142 1891 loco
1162 1864 1242 1899 lupus
1266 1871 1390 1898 appares.
1411 1861 1515 1889 Eumne
1535 1867 1573 1894 tu,
1594 1863 1708 1891 rationis

914 1920 1018 1945 expers,
1054 1912 1205 1938 Izwreticum
1234 1919 1321 1942 vocas,
1354 1911 1399 1945 qui
1438 1910 1512 1942 aliis,
1541 1918 1620 1944 quam
1665 1914 1705 1943 tu,

917 1958 1004 1984 causis
1025 1963 1112 1984 motus
1127 1959 1202 1992 agit?
1220 1957 1327 1984 Scilicet
1343 1957 1488 1984 stultitiam
1504 1961 1576 1983 tuam
1592 1956 1707 1983 abscom

919 2006 981 2031 dere
1004 2005 1106 2032 studes.
1135 2004 1259 2038 Appella,
1293 2005 1316 2030 si
1348 2004 1396 2036 vis,
1428 2004 1562 2034 hwresim,
1597 2008 1708 2030 mentem

920 2051 1036 2084 vigilem.
1057 2051 1171 2085 gratiam
1193 2050 1307 2082 Basilii;
1323 2050 1393 2076 idem
1411 2057 1504 2076 nomen
1520 2049 1604 2076 tribue
1624 2048 1709 2084 Chry-

921 2096 1031 2122 sostomi
1055 2095 1193 2130 rhythmo;
1214 2096 1274 2122 item
1295 2103 1358 2122 voca
1379 2094 1498 2129 Gregorii
1521 2093 1636 2129 Nysseni
1653 2094 1709 2120 elo-

921 2142 1074 2177 quentiam;
1089 2142 1237 2168 Maximum
1250 2142 1400 2168 httrcticum
1414 2141 1531 2173 nomina,
1547 2140 1708 2175 quietudim‘s

921 2186 1080 2213 miraculum
1090 2195 1098 2218 ,'
1108 2186 1202 2221 quibus
1215 2186 1336 2213 omnibus
1349 2185 1415 2212 adeo
1423 2186 1521 2212 diserte
1533 2185 1604 2220 loqui
1615 2186 1708 2211 datum

921 2230 985 2264 fuit,
1019 2234 1046 2256 ut
1073 2229 1214 2256 Platonem
1243 2238 1274 2256 ac
1302 2229 1440 2256 Socratem
1468 2230 1554 2264 ipsum
1585 2236 1708 2262 superare

884 2273 904 2300 Ι)
921 2277 1072 2304 videantur.
1095 2277 1126 2303 Si
1144 2284 1224 2310 porro
1242 2285 1273 2303 ea
1293 2285 1352 2309 qua:
1382 2276 1459 2303 modo
1488 2276 1557 2308 dixi,
1588 2276 1708 2302 heresim

921 2323 1039 2350 redolere
1055 2324 1132 2354 dicis,
1151 2322 1291 2350 lucreticus
1309 2331 1374 2350 sane
1391 2330 1451 2349 cum
1470 2323 1516 2354 iis,
1539 2329 1604 2356 quos
1629 2329 1711 2355 supra

922 2367 1011 2398 citavi,
1032 2375 1086 2393 esse
1110 2367 1179 2393 velo.
1199 2367 1229 2393 Si
1250 2371 1340 2394 autem
1366 2369 1444 2393 verba
1465 2373 1522 2393 mea
1548 2373 1630 2398 prava
1655 2373 1711 2392 esse

922 2417 1022 2440 censes,
1042 2410 1084 2436 dic
1101 2409 1176 2440 mihi,
1195 2414 1241 2436 aut
1262 2411 1348 2443 potius
1371 2410 1419 2441 toti
1443 2412 1532 2441 ctetul,
1552 2413 1578 2436 et
1596 2410 1711 2443 pretium

922 2455 1018 2488 accipe.
1046 2454 1100 2480 Aut
1114 2454 1183 2480 enim
1198 2453 1328 2481 hominem
1339 2454 1430 2481 rudem
1445 2459 1470 2481 et
1484 2455 1607 2488 ignarum
1622 2455 1710 2484 doces,

923 2506 947 2528 et
964 2500 1092 2527 minerval
1107 2500 1203 2534 accipis
1220 2508 1267 2534 pro
1283 2499 1427 2532 doctrina;
1451 2505 1498 2527 aut
1515 2508 1529 2527 e
1546 2500 1595 2526 Dei
1615 2500 1710 2533 templo

923 2545 1032 2579 expellis
1048 2553 1092 2571 eos
1106 2544 1150 2579 qui
1168 2545 1291 2571 stultitia:
1304 2545 1379 2571 venia
1396 2545 1433 2571 ibi
1445 2545 1531 2572 locum
1545 2548 1631 2570 tenere
1644 2551 1713 2576 pra:-

926 2595 1044 2617 sumunt.
1056 2589 1107 2616 Sed
1121 2591 1178 2623 quis
1194 2594 1216 2616 te
1231 2598 1259 2616 eo
1268 2589 1398 2616 adducere
1406 2589 1502 2622 poterit
1515 2595 1543 2615 ut
1558 2595 1617 2623 quae
1631 2587 1711 2614 sentis

925 2638 1015 2672 palam
1032 2637 1139 2671 facias?
1153 2641 1200 2663 aut
1222 2636 1351 2670 quomodo
1369 2636 1472 2669 impuro
1493 2635 1546 2661 oris
1570 2635 1646 2661 hiatu
1659 2641 1712 2660 non

927 2691 966 2709 me
986 2682 1082 2717 tellis?
1099 2681 1120 2708 0
1137 2685 1244 2707 natum
1259 2680 1416 2712 ludibrium,
1428 2688 1442 2706 ο
1456 2680 1537 2706 vitam
1553 2677 1713 2705 ridiculam!

926 2731 990 2757 milii
1008 2737 1155 2757 sermonem
1175 2727 1271 2754 tribuis
1293 2727 1427 2760 ineptum;
1446 2734 1487 2752 me
1506 2724 1638 2752 Trinitate
1655 2731 1714 2758 qua:

926 2777 1085 2811 principium
1101 2784 1154 2802 non
1168 2774 1243 2801 habet
1261 2775 1361 2808 privas.
1375 2782 1391 2800 a
1406 2781 1458 2808 qua
1473 2771 1575 2799 vivendi
1585 2771 1716 2806 principia

930 2821 1039 2848 deduxi.
1061 2820 1100 2846 Me
1116 2828 1131 2846 a
1149 2819 1195 2845 Dei
1211 2819 1394 2845 communione
1411 2816 1522 2848 avellis;
1542 2824 1581 2842 me
1598 2816 1642 2850 qui
1658 2815 1717 2842 Tri-

931 2868 1023 2895 nitatis
1037 2867 1127 2901 gratia
1139 2865 1255 2900 plurima
1269 2864 1327 2896 tuli,
1340 2871 1420 2897 eaque
1433 2871 1483 2889 non
1495 2862 1558 2888 levia
1573 2870 1604 2888 ac
1617 2862 1714 2888 brevia.

930 2913 970 2942 Ex
986 2921 1072 2948 ungue
1092 2912 1139 2938 tibi
1157 2911 1258 2938 (cortem
1274 2909 1394 2943 ostendo,
1412 2913 1458 2936 aut
1480 2909 1567 2943 potius
1591 2916 1641 2935 non
1659 2907 1716 2935 tibi.
