1935 3085
221 171 288 204 Mil
816 159 1017 194 TIlEODORI

222 231 260 256 (ὶὺ
280 225 363 262 μικρέι
382 225 403 251 δ’
419 223 565 258 ἐξὴνεγκα,
583 222 631 248 καὶ
650 221 718 256 πρὸς
735 221 844 256 ἡμέραν

228 274 276 300 Ἐλ
294 273 348 298 τῶν
364 271 468 306 ὀνύχων
480 270 525 296 τὸν
540 269 636 295 λέοντά
651 277 693 295 σοι
707 268 796 302 φανῶ,

225 320 260 346 Ἦ
278 319 416 353 μᾶλλονοῦ
435 316 487 348 σοὶ,
505 317 560 347 τοῖς
580 315 607 342 δὲ
627 314 690 342 νοῦν
710 313 901 348 κεκτημένοις.

226 366 376 399 Ἀναρχον,
396 363 479 398 ἀρχὴ,
502 362 602 393 παντὸς
617 361 693 388 αἰτία
705 360 784 392 Θεὸς,

225 410 381 439 Βασιλικὸν,
395 409 516 444 βέϐαιον,
530 408 558 434 ὲν
576 407 668 442 ταυτῷ
681 407 775 442 μένον,

225 457 384 490 Γλυχασμῆς
399 455 524 490 ἔμφρων,
541 454 676 488 αὺτέρως,
693 451 853 486 αὐταγάπη,

226 502 395 536 Δωρητικὸν,
413 501 553 530 πλούσιον,
569 499 656 530 εὖθῑες,
673 498 798 532 εὐθύτης,

230 550 289 579 Ἓν,
300 548 409 579 tanti»),
426 545 494 579 ἴσον1
512 546 604 580 ἄρτιον
619 546 730 572 πάντων
745 545 846 579 πέρας,

229 594 304 626 Ζωὴ,
321 592 403 619 καλὸν
415 591 483 625 φῶς,
499 589 655 623 οιὺτάγαθος
675 589 767 620 οὐσία,

233 639 311 671 Ἡδὺ,
327 637 603 672 προμηθὲςβντότης,
621 635 787 670 ἁπειρότης,

230 686 376 720 Θεουργὴν,
395 683 508 716 ἁπλοῦν,
525 682 622 717 ἀρετὴ,
641 681 753 716 σύμπαν
768 680 841 712 ὅλον,

236 732 255 758 Ὶ
261 732 325 758 κανό
332 739 387 764 της,
404 729 465 756 δίκα
471 738 520 760 ιον,
539 729 657 761 abroso;
663 728 700 759 ία,

231 775 424 811 Κοσμουργὸν,
441 775 587 806 ἀθάνατον,
602 773 732 805 ἀειζωῖα,

231 821 376 855 Λυτρωτικ
392 829 417 851 ν,
428 819 595 854 πάνταρχον,
610 817 791 852 αὺθαγιότης,

232 866 419 900 Μονοκριτὲς,
441 865 547 900 κύριον,
565 865 693 891 ἁπάντων
708 865 782 899 ὄρος,

233 912 317 944 Νοῦς,
332 914 379 938 καὶ
392 912 480 946 λόγος,
498 912 544 938 καὶ
561 911 671 946 πνεῦμα
681 918 687 925 ’
709 910 794 937 ταῦτα
807 911 862 944 γὰρ
875 908 953 940 Θεὸς,

235 957 367 992 Ξύμφυλα
384 958 473 992 πάντη
492 957 538 984 καὶ
555 956 776 991 ξυνουσιωμένα·

241 1005 272 1031 '0
289 1004 338 1039 μὲν
361 1004 446 1038 Λόγος
460 1003 507 1029 νοῦ
523 1005 607 1037 γέννα
621 1002 669 1029 τοῦ
689 1002 848 1034 παναιτίου,

237 1051 376 1086 Πανάγιος
389 1052 452 1082 παῖς
468 1051 575 1086 “aspir;
588 1052 620 1076 ὲκ
635 1050 786 1084 παναγίου,

243 1099 336 1134 Ῥίζης
349 1100 467 1134 ἁνάρχου
486 1099 593 1135 καρπὸς
607 1099 726 1134 ἄναρχος
745 1098 837 1134 μόνος,

239 1148 362 1181 Σφραγίς
377 1146 486 1180 καθαρὰ
504 1145 618 1180 μηδαμῆ
634 1145 796 1180 κινουμένη.

277 1194 313 1220 Τὸ
328 1193 440 1228 Πνεῦμα
454 1194 476 1219 δ’
486 1193 646 1228 ὲκπόρευμα
661 1193 708 1220 καὶ
719 1192 868 1227 πρόϐλημα
885 1191 953 1224 Νοῦ.

243 1240 386 1275 "Tit/mw,
400 1240 521 1274 ἰσότιμον
539 1239 613 1274 αὑτῷ
630 1241 677 1267 καὶ
694 1241 784 1274 Λόγῳ,

242 1288 327 1313 Φύσει
341 1296 370 1313 τε
387 1287 486 1313 ταυτὸν
498 1288 546 1313 καλ⁸
561 1287 676 1322 δυνάμει
692 1287 738 1312 καὶ
751 1287 862 1321 κράτει,

243 1332 467 1368 Χωριστὸνούδὲν
482 1332 536 1358 τῶν
553 1332 648 1366 τριῶν,
659 1332 686 1358 ἓν
697 1332 725 1358 δὲ
737 1332 812 1365 τρία,

245 1378 374 1406 Ψαυστδν
394 1379 547 1413 λογισμοῖς,
563 1378 620 1405 ἀλλ’
633 1378 763 1413 ἀμυδρῶς
779 1378 826 1404 καὶ
845 1377 937 1412 μόνον.

246 1425 343 1456 Ὅστις
361 1424 480 1460 σεϐασθῇ
494 1423 592 1455 ταῦτα,
610 1426 659 1451 καὶ
672 1425 838 1460 σωθήσεται.

245 1471 277 1498 Et
294 1470 382 1497 ταῦτα
398 1471 491 1503 πιστὰ,
506 1470 564 1502 πῶς
582 1479 616 1506 με
633 1471 737 1497 πιστῶν
748 1471 876 1506 ἐξάγεις;

247 1517 279 1544 El
297 1517 319 1542 δ’
337 1517 397 1551 οὐχὶ
413 1516 508 1548 πιστὰ,
528 1516 671 1551 προστίθει
683 1517 732 1548 τὰς
745 1518 846 1549 αἰτίας.

253 1562 336 1589 Ἀλλὰ
349 1563 393 1594 τίς
407 1562 440 1589 ἂν
460 1562 529 1598 τηθή
546 1571 576 1588 σε
587 1563 636 1598 τῆς
649 1563 722 1597 ῥινὸς
735 1563 817 1599 λάϐῃ,

250 1610 305 1637 Καὶ
320 1611 369 1644 τῆς
389 1610 509 1644 κορύζης
526 1609 657 1645 ἀπομύξῃ
671 1610 701 1635 τὸ
713 1609 814 1642 πλέον;

255 1657 300 1688 Ὠς
317 1656 350 1683 ἂν
364 1656 445 1690 λόγου
463 1654 595 1690 φθέγξαιο
609 1655 745 1690 συλλαϐὴν
767 1655 843 1690 μίαν.

255 1702 335 1737 Ἐμοὶ
348 1703 516 1738 προσάπτεις
530 1702 690 1733 δυσσεϐείας
707 1702 835 1735 εὐθύνας,

249 1747 285 1776 Ὦ
303 1749 404 1781 παντὸς
414 1748 550 1775 ὑπεύθυνε
566 1748 787 1785 δυσσεὸήματος,

251 1831 297 1860 sed
313 1833 418 1859 ratione
436 1839 466 1859 ac
483 1836 568 1859 mente
582 1831 703 1867 pra’ditls
719 1840 728 1859 :
743 1833 813 1860 Deus
832 1835 914 1862 totius
926 1841 1042 1864 creatio-

252 1879 293 1905 ηδε
309 1887 391 1905 causa
410 1883 434 1905 et
452 1878 523 1912 fons,
547 1879 603 1904 sine
625 1878 767 1912 principio,
793 1881 954 1914 principium
971 1882 1036 1916 ipse,

199 1958 203 1962 _
252 1924 336 1950 virtus
359 1923 468 1958 regalis,
497 1922 634 1954 diuturna,
665 1925 755 1950 eadem
787 1932 888 1958 semper
913 1934 1042 1959 manens;

252 1967 377 1997 dulcedo,
402 1974 478 1992 amor
500 1966 564 2000 ipse,
588 1966 642 2000 ipse
659 1966 788 1997 charitas,
811 1967 894 1999 dives,
915 1970 1041 1996 immuta-

255 2013 338 2045 bilis;
359 2021 451 2041 unum.
470 2012 549 2044 idem,
574 2013 691 2039 omnium
707 2021 797 2040 rerum
816 2015 958 2048 terminus,
976 2017 1030 2043 vita

255 2060 343 2087 lumen
354 2059 503 2093 splendens,
518 2058 670 2085 substantia
685 2067 731 2093 per
741 2068 767 2087 se
777 2061 1042 2096 bona;jucunditas,

254 2105 433 2141 providentia,
465 2106 579 2132 essentia
613 2104 770 2139 inde/inita;
793 2115 890 2134 numen
913 2108 1044 2142 divinum,

254 2151 381 2186 simplex,
398 2151 496 2184 virtus,
509 2150 642 2183 totalitas,
654 2151 764 2186 justitia
776 2153 921 2187 sufﬁciens,
941 2157 1047 2189 sapien-

254 2199 296 2225 tia
317 2197 420 2232 infu'sa,
439 2197 532 2224 mundi
553 2197 735 2232 gubernator,-
759 2199 932 2232 immortalis.
959 2202 1045 2228 vivens

251 2244 355 2280 jugiter
370 2244 527 2279 manare/ta,
544 2244 684 2278 Dominus,
706 2246 823 2272 omnium
846 2254 904 2280 qua:
919 2252 980 2273 sunt
995 2252 1047 2274 ter-

258 2292 358 2325 minus,
384 2299 469 2324 mens,
493 2293 576 2324 ratio,
601 2292 721 2326 spiritus,
738 2300 790 2319 uno
809 2292 884 2320 verbo
905 2294 986 2327 Deus,
1005 2296 1050 2330 qui

258 2346 379 2365 amorem
395 2343 419 2365 et
436 2338 560 2365 unionem
582 2339 610 2364 in
631 2345 658 2364 se
677 2339 740 2373 fert.
760 2339 868 2366 Verbum
883 2341 978 2367 mentis
995 2349 1052 2368 om-

261 2385 401 2418 nipotentis
421 2389 544 2411 creatura
556 2392 565 2416 ,'
577 2391 642 2418 puer
655 2393 686 2412 ea:
701 2385 879 2413 Sanctissima
895 2391 1050 2422 prognatus,

260 2431 362 2458 radicis
385 2431 441 2458 sine
453 2431 584 2465 principio
610 2431 725 2465 fructus,
741 2432 813 2459 solus
837 2433 894 2460 sine
907 2434 1051 2468 principio,

263 2477 380 2511 sigillum
397 2484 505 2510 purum,
515 2478 681 2504 invariabile.

298 2519 416 2554 Spiritus
437 2519 540 2552 fructus
563 2529 594 2547 ac
609 2525 749 2554 proventus
770 2521 888 2555 Mentis;
905 2523 1053 2551 altissimus

264 2572 301 2594 est
316 2572 339 2594 et
355 2566 474 2601 ejusdem
490 2575 548 2593 cum
568 2567 651 2594 Verbo
667 2568 761 2603 gloria:
773 2569 929 2604 particeps;
944 2575 1053 2603 natura,

264 2615 360 2642 sirtute
373 2618 398 2640 et
412 2614 532 2648 potentia
551 2614 635 2646 idem,
650 2615 746 2642 mentis
767 2616 927 2651 cogitatione
947 2616 1054 2651 quidem

264 2660 445 2694 attingendus,
456 2659 502 2686 sed
515 2659 664 2694 imperfecte
677 2665 702 2688 et
717 2661 826 2688 obscure
836 2670 917 2703 aqua
934 2663 978 2698 qui
994 2664 1057 2691 reli-

264 2706 337 2740 giose
353 2704 415 2732 colit
432 2713 463 2732 ac
478 2705 574 2739 credit,
589 2706 678 2734 salvus
698 2707 760 2735 erit.
781 2707 811 2735 Si
825 2708 908 2744 igitur
924 2709 980 2736 haec
996 2717 1056 2736 vera

264 2757 336 2782 sunt,
358 2759 405 2777 cur
422 2759 463 2778 me
483 2759 496 2778 e
512 2752 630 2779 veritatis
648 2753 688 2780 via
705 2754 810 2789 abigis?
827 2754 875 2782 Sin
891 2756 978 2783 minus
995 2764 1056 2783 vera

266 2802 339 2829 sunt,
355 2805 451 2824 causas
462 2799 580 2826 enuntia.
598 2798 663 2832 Quis
676 2805 764 2827 autem
779 2809 856 2828 nares
868 2802 916 2828 tibi
925 2808 1056 2836 emungct,

267 2847 296 2867 ut
319 2850 400 2868 unam
417 2843 549 2878 syllabam
566 2845 651 2872 verbis
668 2846 720 2873 tuis
743 2846 851 2874 addas?
867 2846 936 2874 Mihi
952 2849 1057 2883 quidem

269 2889 298 2911 tu
320 2886 462 2919 impietatis
486 2890 585 2918 crimen
610 2891 717 2926 ingeris,
743 2897 771 2919 tu
789 2894 834 2927 qui
861 2894 946 2922 omnis
970 2894 1059 2922 irreli-

1036 159 1239 190 PRODROMI
1842 146 1902 177 “ii?

1022 218 1043 246 Δ
1063 216 1111 248 '0;
1129 217 1178 242 σὺν
1193 216 1253 251 Θιῷ
1269 215 1418 250 σύμπαντα
1433 213 1479 240 τδν
1493 211 1578 239 πάλαι
1591 209 1682 243 νόμον

1063 263 1118 289 Καὶ
1131 263 1176 289 τδν
1188 261 1249 289 καθ’
1266 261 1339 297 ἡμᾶς
1357 262 1385 287 ἐν
1400 259 1503 294 στίχοις
1515 254 1705 299 τετραστίχοι
1714 259 1732 281 ς

1064 308 1255 344 Παραφράσας
1271 307 1396 334 εὔκλειαν
1408 302 1624 338 ἅπηνεγκάμην.

1070 355 1142 390 Ἐγὼ
1153 354 1220 381 Θεοῦ
1233 352 1385 389 πόρρωθεν,
1395 348 1417 377 ὦ
1431 349 1499 377 Θεοῦ
1511 348 1568 382 ξένε
1579 356 1587 381 ;

1068 404 1116 434 '0;
1136 402 1219 438 μηδὲν
1231 401 1295 428 ἄλλο
1310 399 1379 434 πλὴν
1395 397 1462 425 Θεοῦ
1478 397 1561 431 μόνου
1576 394 1668 422 πνέω.

1073 450 1144 483 Ἐγὼ
1160 449 1247 484 μέθης
1260 447 1413 482 πάρεργον,
1427 443 1569 480 ὴλιθιότης
1582 451 1590 476 ;

1067 496 1135 522 Geo-3
1154 495 1229 528 Ξένος
1244 494 1335 529 γένοιο
1351 492 1397 519 τοῦ
1414 492 1481 518 Θεοῦ
1493 490 1580 522 ξένος,

1074 543 1103 569 '0
1119 542 1207 569 ταῦτα
1226 540 1333 575 τολμῶν
1347 539 1509 574 φληναφεῖν,
1526 536 1632 571 ληρεῖν,
1655 533 1792 566 λέγειν.

1075 588 1158 623 Ἐγὼ,
1175 588 1298 619 κάκιστε,
1316 586 1448 620 δυσσεϐὴς
1464 585 1504 616 εἰς
1518 585 1564 610 τὸν
1577 583 1688 616 Λόγονς

1073 635 1121 665 Ὃς
1142 634 1271 668 Πατὲρων
1288 632 1337 666 μὲν
1351 631 1452 664 ἑξέφην
1465 628 1621 663 θεοφρόνων

1071 680 1126 716 Τὴν
1142 681 1234 706 πίστιν
1246 679 1277 706 ἐκ
1294 687 1323 705 τε
1338 677 1513 712 πραγμάτων
1531 672 1746 709 πιστουμένων

1072 729 1128 755 Καὶ
1142 727 1265 762 κλήσεων
1285 725 1403 761 μάλιστα
1421 722 1644 758 Χριστωνυμίας.

1074 774 1192 800 Πάππου
1206 774 1260 807 γὰρ
1273 771 1429 806 εὐμοίρηκα
1443 768 1701 804 Προδρομωνύμου,

1074 821 1130 846 Καὶ
1143 820 1213 846 θεῖον
1226 819 1304 853 ἔσχον
1317 818 1436 852 Χριστὸν
1450 815 1649 851 ὠνομασμένον

1040 888 1063 918 Β
1075 868 1129 901 Γῆς
1150 867 1285 900 Ῥωπικῆς
1303 865 1436 900 πρόεδρον
1452 863 1536 898 ἁϐρὸν
1552 863 1582 888 ὲν
1599 862 1714 896 λόγοις,

1082 913 1144 947 Ὑφ’
1159 911 1201 944 οἷς
1220 912 1348 947 ἀναχθεὶς
1365 910 1486 942 εὐσεϐῶς
1501 910 1673 945 ἀνετράφην.

1080 959 1197 986 Ἔπειτα
1210 959 1319 985 πάντων
1330 958 1483 993 ἀμελήσας,
1500 957 1554 983 τῶν
1571 956 1629 983 ἄνω

1078 1006 1116 1032 Οὐ
1133 1003 1368 1040 συγκατημέλησα
1380 1003 1428 1029 τοῦ
1444 1003 1518 1029 θείου
1537 1001 1636 1028 πόθου·

1086 1053 1155 1079 Ἀλλ’
1174 1053 1202 1078 ὲν
1218 1051 1308 1084 λόγοις
1327 1051 1378 1085 μὲν
1392 1051 1448 1080 τοῖς
1463 1049 1580 1084 θύραθεν
1592 1047 1741 1082 ὲτράςρην,

1080 1099 1189 1126 Τούτων
1203 1098 1230 1124 δὲ
1243 1098 1277 1124 τὰ
1291 1098 1416 1133 χρήσιμα
1431 1097 1463 1131 τῇ
1482 1096 1572 1122 πίστει
1587 1095 1659 1130 μόνα

1087 1144 1266 1175 Ἀπανθίσας,
1282 1142 1379 1177 ὥθησα
1391 1142 1477 1168 τᾶλλα
1496 1141 1564 1176 πρὸς
1577 1141 1657 1175 χάος.

1088 1194 1132 1224 Ὠς
1150 1193 1218 1227 μήτε
1233 1191 1329 1218 κλαπῶ
1341 1191 1402 1221 ταῖς
1414 1188 1598 1223 πολυτρόποις
1616 1189 1728 1221 πάγαις

1083 1240 1138 1265 Καὶ
1154 1237 1328 1273 λαῆυρίνθοις
1347 1234 1534 1270 συλλογισμῶν
1547 1234 1675 1268 ἐμπέσω,

1083 1287 1161 1321 Μὴτε
1177 1284 1300 1319 κλονηθῶ
1318 1284 1374 1314 τοῖς
1388 1282 1461 1317 λόγῳ
1483 1280 1723 1316 σταυρουμένοις,

1085 1331 1258 1361 Παιδεύσεως
1272 1330 1360 1364 ἄῑδρις
1375 1329 1468 1359 ἅπλῶς
1480 1327 1634 1362 τυγχάνων.

1127 1377 1269 1404 Ἐντεῦθεν
1289 1377 1356 1410 ἡμῖν
1371 1377 1400 1401 αι
1420 1374 1598 1410 Σταγειρίτου
1614 1372 1718 1407 βίϐλοι,

1093 1422 1233 1450 Ἐντεῦθεν
1248 1423 1272 1449 οἱ
1295 1421 1440 1451 Πλάτωνος
1453 1421 1550 1455 ὑψηλοὶ
1564 1419 1650 1454 λόγοι,

1088 1470 1171 1496 Ὅσον
1188 1467 1304 1502 φυσικὸν
1319 1467 1480 1502 φιλοποσίας
1503 1466 1598 1502 μέρος,

1090 1516 1173 1542 Ὅσον
1188 1515 1256 1550 πρὸς
1271 1512 1347 1550 ἦθος,
1361 1514 1408 1540 καὶ
1427 1514 1529 1545 πόλεις.
1550 1514 1597 1540 καὶ
1611 1514 1681 1548 πρὸς
1695 1514 1810 1550 λόγους.

1052 1561 1074 1589 C
1091 1564 1123 1590 Ὢ
1138 1563 1313 1598 βορϐορώδης
1328 1562 1376 1588 καὶ
1393 1561 1542 1594 δυσοσμίας
1558 1561 1647 1594 λόγος,

1097 1611 1204 1640 Ὀποῐος
1223 1608 1378 1642 ἐκπέφευγε
1391 1607 1445 1634 τῶν
1464 1608 1519 1634 σῶν
1533 1608 1648 1642 χειλέων
1662 1608 1668 1634 ε

1094 1657 1125 1682 Ὢ
1145 1655 1260 1690 κόπρος,
1276 1654 1320 1680 οἵα
1333 1653 1387 1680 σῶν
1401 1653 1516 1680 ὀδόντων
1528 1653 1625 1688 ἑξέϐηί

1094 1703 1126 1728 Ὢ
1145 1701 1259 1734 καπνὸς,
1273 1697 1328 1732 οἷος
1340 1699 1395 1726 σῶν
1411 1699 1573 1735 ἅπεπνεύθη
1590 1700 1700 1733 γνάθων
1716 1701 1724 1726 ι

1096 1749 1201 1780 Ὀντως
1213 1748 1246 1774 σὺ
1259 1746 1361 1780 ταύτης
1374 1745 1450 1777 ἄξιος
1466 1746 1516 1780 τῆς
1527 1746 1658 1781 eaeam;-

1093 1835 1179 1870 gionis
1195 1840 1256 1860 reus
1266 1832 1313 1858 es?
1324 1831 1380 1865 Ego
1391 1830 1459 1857 enim
1473 1830 1611 1865 antiquam
1625 1830 1707 1865 legem
1720 1836 1746 1858 et
1760 1838 1867 1859 recentem

1095 1882 1142 1908 Dei
1158 1880 1275 1906 carmine
1293 1877 1442 1912 rhythmico
1459 1877 1553 1903 cecini.
1575 1876 1651 1903 Mene
1667 1886 1684 1903 u
1702 1877 1757 1904 Deo
1771 1878 1798 1904 al
1808 1887 1867 1905 eum

1094 1928 1161 1954 dicis
1179 1931 1217 1956 tu,
1232 1925 1276 1960 qui
1296 1931 1406 1959 prorsus
1427 1924 1483 1950 sine
1501 1922 1555 1949 Deo
1569 1920 1618 1950 es?
1632 1923 1664 1949 At
1685 1931 1732 1958 ego
1748 1924 1813 1950 nihil
1830 1927 1868 1951 nni

1096 1974 1178 2000 Deum
1206 1972 1289 2004 spiro.
1311 1969 1351 1997 Tu
1375 1977 1416 1996 me
1434 1969 1546 2001 ebrium,
1572 1969 1699 1996 stolidum
1727 1973 1867 2004 nuncupat!

1035 2036 1042 2048 ,
1096 2018 1130 2045 At
1149 2023 1173 2044 te
1195 2019 1264 2044 inter
1288 2024 1319 2042 ac
1345 2015 1427 2042 Deum
1450 2014 1518 2041 nihil
1533 2015 1593 2048 jam
1615 2015 1650 2042 sit
1675 2023 1817 2048 commune,
1834 2018 1866 2051 qui

1099 2065 1164 2092 talia
1182 2064 1324 2095 blaterare,
1341 2063 1438 2098 nugari
1458 2067 1482 2089 et
1499 2062 1605 2097 effutire
1622 2063 1715 2090 audes.
1730 2065 1804 2091 Mene
1815 2066 1865 2090 tuin

1101 2110 1211 2138 Verbum
1229 2110 1340 2144 impium
1357 2117 1413 2136 esse
1429 2109 1527 2135 asseris
1540 2110 1552 2136 .9
1567 2109 1655 2144 Atego
1667 2109 1776 2136 Patrum
1786 2111 1865 2137 dirive-

1099 2165 1159 2184 rum
1179 2161 1204 2184 et
1217 2157 1269 2191 fide
1285 2156 1426 2190 dignorum
1446 2155 1525 2189 ﬁdem
1545 2162 1577 2181 ex
1596 2155 1714 2189 operibus
1731 2164 1816 2183 eorum
1831 2158 1863 2182 de-

1100 2209 1228 2235 monstro,
1238 2207 1263 2230 et
1271 2210 1284 2229 e
1298 2202 1433 2228 nominum
1443 2207 1541 2228 natura
1550 2201 1698 2228 christiana
1708 2203 1795 2236 probo.
1806 2203 1862 2235 Papa

1064 2262 1086 2290 υ
1101 2250 1170 2277 enim
1177 2249 1295 2281 quiidem
1312 2248 1380 2283 quod
1391 2248 1546 2274 l’ra'cursar
1561 2255 1652 2274 nomen
1665 2249 1751 2282 gessit,
1765 2249 1862 2282 {amitta-

1102 2300 1166 2326 riter
1181 2307 1246 2326 usus
1263 2306 1319 2325 sum
1331 2306 1340 2331 ;
1356 2302 1380 2324 ct
1395 2298 1555 2324 avunculum
1569 2296 1649 2323 habui
1662 2297 1760 2324 nomine
1772 2297 1861 2326 Christi,

1104 2351 1181 2372 terre
1199 2344 1319 2371 Rustica:
1340 2344 1492 2378 prtrsidem,
1511 2352 1527 2370 a
1544 2343 1638 2376 quibus
1656 2348 1741 2370 sancte
1757 2345 1860 2370 educatus

1102 2391 1154 2425 fui.
1185 2389 1296 2422 Deinde,
1323 2390 1399 2416 rebus
1429 2388 1600 2416 terrestribus
1627 2390 1724 2416 cunctis
1749 2389 1859 2424 neglectis,

1103 2436 1207 2463 divinas
1229 2443 1393 2471 nequaquam
1415 2435 1537 2470 neglexi;
1559 2434 1603 2462 sed
1627 2435 1656 2461 iu
1687 2436 1796 2463 omnibus
1817 2445 1860 2470 qut?

1104 2482 1174 2509 scitu
1188 2481 1268 2516 digna
1279 2485 1351 2512 sunt,
1364 2481 1523 2514 instructus,
1538 2489 1568 2507 ea
1577 2481 1735 2507 solummodo
1749 2490 1802 2515 quae
1812 2483 1858 2517 ﬁlltl

1104 2529 1226 2564 pro/icua
1240 2532 1312 2560 sunt,
1330 2529 1492 2560 conservavi,
1511 2528 1613 2554 cwteris
1631 2527 1703 2563 longe
1719 2529 1823 2562 objectis,
1838 2539 1858 2556 πι

1106 2574 1207 2609 laqueis
1248 2573 1406 2608 multifariis
1443 2581 1562 2607 caperer,
1597 2579 1643 2600 aut
1679 2574 1858 2609 syllogismorum

1107 2619 1258 2654 labyrintho
1283 2620 1440 2652 inerrarem,
1466 2624 1512 2646 aut
1540 2619 1709 2646 conturbarer
1729 2620 1757 2646 ab
1778 2622 1806 2648 iis
1824 2622 1859 2654 qui

1113 2666 1194 2694 Verba
1212 2667 1333 2701 cruciﬁxi
1346 2671 1418 2697 sunt,
1433 2671 1479 2693 aut
1491 2675 1538 2700 pro
1550 2667 1654 2693 homine
1663 2667 1718 2693 rudi
1731 2668 1829 2694 habcm.

1144 2712 1210 2740 Inde
1229 2714 1302 2740 nobis
1325 2720 1402 2746 opera
1422 2713 1594 2745 Aristotelis;
1612 2713 1671 2740 inde
1689 2713 1794 2741 Platonis
1808 2714 1856 2740 tilri

1107 2758 1245 2791 sublimes,
1262 2759 1306 2793 qui
1322 2758 1353 2785 de
1367 2758 1533 2793 philosophia
1550 2765 1654 2786 naturae
1669 2764 1712 2786 aut
1725 2759 1751 2786 de
1765 2760 1855 2786 moribus

1109 2810 1132 2832 et
1146 2806 1295 2833 civitatibus
1309 2811 1436 2833 tractant.
1454 2805 1476 2832 0
1491 2814 1574 2832 sermo
1587 2809 1659 2840 [alue
1673 2812 1696 2834 et
1708 2807 1789 2841 fatide,
1799 2808 1835 2840 qui
1846 2815 1856 2832 e

1109 2850 1188 2877 labiis
1201 2852 1252 2878 tuis
1269 2852 1331 2878 exiit
1342 2851 1352 2878 ,ί
1369 2850 1391 2878 0
1409 2857 1521 2884 stercus,
1537 2852 1582 2887 qui
1593 2860 1606 2878 e
1625 2852 1737 2878 dentibus
1752 2852 1793 2878 tuis
1805 2859 1855 2885 pru-

1110 2897 1196 2924 venit.’
1219 2897 1240 2925 0
1264 2897 1345 2932 ftune,
1371 2899 1415 2933 qui
1442 2907 1455 2925 e
1479 2898 1596 2925 maxillis
1621 2899 1673 2926 tuis
1697 2899 1791 2934 efﬂuxit!
1810 2898 1855 2925 Titi
