1923 3079
106 206 176 236 1H3

103 266 162 288 U'nt
177 263 208 288 ὲκ
223 262 305 297 μόνης
320 262 446 302 γλώσσης
457 262 511 298 γὰρ
528 262 544 297 ἡ
561 261 736 297 βλασφημία,

109 310 158 336 Ἐκ
171 311 218 344 τῆς
238 311 398 344 περισσείας
416 311 444 337 δὲ
458 310 507 345 τῆς
522 310 573 344 σῆς
585 310 713 346 καρδίας.

103 358 142 384 Σὺ
161 357 283 391 κλήσεως
297 357 383 390 ἄξιος,
400 354 434 392 ἧς
457 357 507 391 ἐμὲ
521 356 637 391 κρίνεις,

105 403 315 438 Εἱδωλολατρῶν
333 404 367 429 ἐκ
385 402 556 438 φιλαργύρου
573 402 686 437 τρόπον.

108 450 186 476 Ποῖον
204 449 289 481 ξένον,
308 450 418 483 μάταιε,
438 449 556 481 πίστεως
573 450 697 484 κρίνεις;

106 497 158 521 Τὸν
170 497 214 522 τὸν
225 496 290 522 Θεὸν
302 497 418 522 πνέοντα
437 497 485 522 καὶ
507 496 541 522 τὰ
556 495 664 530 βιω.ί‹ι;

108 543 162 568 Καὶ
180 544 211 576 τῇ
230 542 328 577 θελητῇ
345 542 495 577 σύντροφον
511 542 666 577 κακουχίας

107 589 141 614 ’Π
160 588 205 614 τὸν
222 587 332 622 βιοῦντα
348 588 494 623 πτωχικῶν
515 587 544 620 ἐξ
560 587 703 622 αίμάτωνς

107 636 129 661 ις
135 636 161 661 αἰ
173 633 430 669 παρακερδαίνοντα
442 634 496 660 τῶν
514 633 699 668 ἡλκωμένων;

143 681 261 707 Ἔπειτα
279 681 326 706 καὶ
340 679 398 711 πῶς
411 679 458 706 καὶ
471 680 544 711 τίνος
559 679 657 715 τέχνης
667 679 756 714 λόγοις

106 725 159 751 Tir;
175 726 272 760 εὐσεϐῆ
289 726 320 752 σὺ
337 727 384 752 καὶ
402 726 447 752 τὸν
461 726 491 752 οὗ
508 724 588 752 τοῦτο
607 725 726 760 κρίνεις,

109 772 214 807 ’Δῖδρις
225 771 263 798 ὢν
280 771 400 803 ἅπαντος
414 772 509 803 ἁπλῶς
523 771 627 806 βιὸλίου
646 781 653 804 ;

106 819 185 849 ﬂcio;
197 819 277 852 σοφὸς
287 819 414 854 Μάξιμος
430 818 573 853 ἐστόμωτέ
597 827 626 844 σε
638 827 645 852 ;

108 865 186 895 Ποῖος
203 864 290 899 μέγας
311 864 446 900 Κύριὶλος
459 866 576 900 ἡκόνησέ
593 874 621 892 σε
635 873 642 898 ;

109 911 156 941 Ὃς
169 912 200 936 τὸ
219 911 298 938 πλέον
314 913 363 947 μὲν
376 912 423 938 τοῦ
444 912 503 946 βίου
521 912 606 946 σιγῶν
628 906 733 946 μένεις,

107 958 141 984 Εἴ
155 967 206 984 που
221 959 249 985 δὲ
263 960 342 994 τυχὸν
356 960 405 986 καὶ
421 960 530 992 διοίξεις
548 960 578 986 τὸ
598 960 697 995 στόμα,

107 1006 195 1036 Εὐθὺς
207 1006 241 1032 τὰ
255 1006 392 1041 πανάρεια
410 1006 552 1033 συλλαὸὼν
574 1006 676 1041 λέγεις.

108 1052 208 1084 Καθὼς
223 1054 409 1088 παριστόρητο
421 1053 460 1088 τῷ
476 1053 629 1088 Λουκιλλίῳ

112 1098 143 1124 '0
159 1099 355 1134 γραμματικὸς
372 1099 507 1133 Φλάκκος,
520 1099 549 1131 ὃς
563 1100 669 1134 μέλλων
687 1099 788 1134 λέγειν,

115 1145 316 1180 Ἐϐαρῦάρισεν
330 1145 414 1177 εὐθὺς
430 1146 467 1178 ὼς
482 1147 515 1172 ὲκ
527 1146 666 1181 paucis“.

111 1193 216 1224 Ὄντως
233 1193 319 1228 βαρὺς
336 1193 379 1226 σὺ,
394 1193 442 1219 καὶ
458 1192 547 1228 γεηρὰ
560 1193 670 1228 καρδία,

112 1240 160 1270 Ὃς
175 1240 223 1265 καὶ
239 1240 352 1266 σεαυτὺν
373 1239 480 1273 ἀγνοεῖς
497 1240 540 1266 καὶ
561 1239 606 1265 τὸν
623 1239 708 1268 πέλας

115 1287 158 1314 Ἐν
171 1287 297 1313 ἐκστάσει
309 1287 337 1313 δὲ
355 1287 409 1314 τῶν
423 1287 543 1322 φρενῶν,
561 1287 612 1313 οὐκ
624 1287 755 1313 ἐκστάσει

110 1333 176 1359 Οἴαν
186 1332 267 1360 Δαυῒδ
279 1333 407 1361 ἔκστασιν
418 1333 514 1367 ἐξέστη
523 1334 619 1364 πάλαι,

111 1380 167 1411 Πᾶς
181 1379 315 1414 δυσσεῦὴς
326 1380 483 1415 ἄνθρωπος,
498 1381 623 1414 ἀφρόνως
635 1379 738 1412 λέγεις.

111 1425 186 1460 Πλὴν
203 1425 251 1451 κᾶν
267 1425 299 1451 σὺ
315 1425 413 1452 σαυτὸν
427 1426 539 1461 ἁγνοῇς,
552 1425 609 1452 ἀλλ’
621 1425 733 1452 αὐτόθεν

116 1472 149 1499 ’Π
164 1471 260 1505 κλῆσις
271 1471 342 1504 αὐτὴ
359 1473 494 1507 μαρτυρεῖ
507 1480 554 1498 σου
567 1473 619 1506 τὴν
633 1472 723 1506 φύσιν.

112 1518 148 1545 Τὸ
165 1519 222 1553 Βὰρ
234 1518 289 1554 γὰρ
303 1518 361 1550 υἱός
378 1520 452 1545 ἐστιν
476 1518 580 1545 Ἑλλάδι
595 1519 706 1553 φράσει,

112 1565 148 1592 Τὸ
159 1565 216 1599 Bap
238 1564 327 1597 Ἰωνὰ,
343 1565 449 1600 μάρτυς
463 1563 489 1591 εἴ
506 1572 556 1599 μου
573 1564 708 1600 τῷλόγῳ.

112 1610 165 1637 Τοῦ
179 1611 200 1636 δ’
216 1607 247 1642 ὗς
262 1610 397 1645 πρόδηλός
416 1611 519 1646 ἔστινὴ
538 1611 663 1646 σημασία
678 1619 685 1627 ο

111 1658 209 1691 Χοῖρον
223 1655 276 1692 γὰρ
289 1656 400 1691 ᾐνίξατο
413 1657 471 1685 τοῖς
488 1656 676 1692 παλαιτέροις.

112 1703 149 1729 Τὸ
167 1703 258 1738 μίγμα
271 1702 294 1728 δ’
307 1703 411 1737 ἀμφοῖν
423 1703 483 1729 ταῖν
491 1702 563 1729 δυεῖν
576 1703 741 1738 σημασίαιν.

113 1748 210 1779 Ὅστις
227 1749 287 1775 ποτ’
302 1746 349 1775 οὖν
365 1747 496 1782 βούλοιτο,
512 1749 735 1784 συμπεραινέτω.

112 1795 239 1828 Τοιοῦτος
253 1794 291 1821 ὣν
305 1795 406 1829 γράφει
421 1803 455 1829 με
468 1796 660 1828 κακοπιστίας,

112 1877 205 1903 merito
225 1876 251 1902 id
269 1876 375 1902 crimini
396 1876 487 1904 datur.
516 1874 579 1903 Non
606 1876 676 1903 enim
697 1885 710 1903 e
732 1876 823 1912 lingua
844 1877 904 1905 sola

112 1921 258 1953 calumnia,
281 1920 326 1947 sed
354 1928 368 1947 e
394 1921 471 1947 corde
496 1922 726 1956 superabundanti
740 1922 840 1956 prodit.
863 1923 902 1950 Tu

113 1975 177 1994 sane
190 1966 286 2001 dignus
302 1974 330 1992 es
347 1967 453 1993 nomine
477 1967 547 2001 quod
563 1968 627 1994 milii
646 1968 701 2002 ipse
716 1968 799 2000 indis,
817 1974 844 1994 tu
857 1968 902 2004 qui

114 2013 197 2045 turpis
211 2013 279 2039 lucri
291 2021 372 2039 causa
387 2013 469 2039 Deum
484 2012 592 2040 adoras.
606 2012 689 2046 Quem
704 2013 755 2047 ﬁde
771 2016 904 2048 privatum

113 2059 200 2086 dicis?
212 2057 307 2085 Nonne
319 2067 376 2085 eum
389 2059 433 2094 qui
442 2059 524 2085 Deum
538 2063 563 2085 et
576 2058 729 2094 Scripturas
749 2061 842 2094 spirat,
859 2064 906 2086 aut

114 2106 159 2140 qui
179 2110 269 2139 sponte
288 2105 390 2139 peccati
408 2112 468 2131 reus
491 2104 594 2131 exsistit
607 2124 614 2135 .
642 2109 687 2131 aut
706 2113 764 2131 eum
783 2106 827 2140 qui
844 2114 907 2131 san-

115 2153 218 2187 guinem
234 2159 379 2187 pauperum
396 2151 471 2185 bibit,
491 2156 516 2179 et
538 2160 569 2179 es:
585 2152 697 2187 leprosis
717 2154 781 2187 ipsis
799 2153 903 2180 lucrum
925 2153 927 2155 ’

115 2200 209 2235 qua'rit
220 2199 234 2226 Ρ

151 2246 210 2279 Quo
232 2245 293 2272 dein
313 2244 441 2272 sermonis
458 2245 574 2277 artiﬁcio
594 2245 667 2278 pium
687 2253 717 2271 ac
734 2245 843 2278 impium
855 2245 904 2278 ju-

697 204 764 234 ΞΟΠ
772 204 859 234 [PTA
888 204 915 234 Μ
922 204 1164 235 iSCELLANEA.

1668 201 1737 236 1414

906 265 930 294 Α
947 261 980 288 Ὢ
995 262 1057 293 νοῦς
1072 262 1202 296 ὲλαφρδς,
1221 261 1272 288 κᾶν
1283 262 1367 298 βαρὺς
1385 262 1473 298 μάτην
1485 262 1563 298 λέγῃ,

947 309 1001 334 Καὶ
1017 309 1119 340 παντὸς
1135 308 1296 343 εὐρίπιστος
1311 309 1414 343 ἀνέμου
1432 309 1494 344 ﬁla}!

945 355 977 381 Τί
993 355 1013 381 δ’
1029 355 1061 382 ἄν
1075 364 1141 381 ποτε
1159 355 1214 391 γνῷ
1231 356 1410 390 δογματίζειν
1425 356 1472 382 καὶ
1488 355 1561 390 μέγα

946 403 1056 429 Τοιοῦτο
1068 404 1171 437 γυμνὸν
1188 404 1234 429 καὶ
1249 402 1438 429 κακὸπλαςτον
1452 402 1522 437 κάρα
1534 410 1542 435 ;

951 449 996 480 Ἐξ
1006 447 1036 475 οὗ
1055 449 1176 482 πέ·,;ευγε
1190 449 1235 475 καὶ
1252 450 1281 474 τὸ
1297 449 1350 474 τῶν
1368 447 1469 483 τριχῶν
1484 448 1561 481 γένος

945 497 1034 531 Μωρᾷ
1048 496 1150 530 κεφαλῇ
1172 495 1208 530 μὴ
1224 495 1344 529 θελῆσαν
1360 495 1502 530 ἐμμένει-ι.

946 544 1010 575 Ναὶ,
1026 545 1119 579 φησὶν,
1133 543 1191 570 ἀλλ’
1211 542 1338 575 ἔπαιζον,
1360 543 1410 568 οὐκ
1431 542 1597 575 ἐλοιδόρουν,

947 591 1041 623 Παίζει
1055 591 1083 617 δὲ
1097 590 1142 617 καὶ
1158 590 1300 624 γέρωντις
1312 596 1318 603 ·
1333 588 1421 618 οὐδείς
1439 597 1481 618 τις
1499 588 1609 621 φθόνος.

945 637 1036 670 Μόγις
1050 637 1111 672 μὲν,
1123 633 1145 662 ὧ
1159 635 1294 671 βέλτιστε,
1310 635 1357 660 καὶ
1371 634 1470 669 μακρῷ
1487 634 1586 669 χρόνῳ.

947 685 1020 719 Πλὴν
1031 684 1087 711 ἀλλ’
1102 684 1222 718 ἀρίστως
1238 682 1285 708 καὶ
1300 680 1392 712 καλῶς
1405 680 1560 715 ἀπεκρίνω,

947 733 1002 758 Καὶ
1018 732 1060 762 τίς
1074 730 1206 765 σοφιστὴς
1224 727 1459 764 ἀνταποκρίναιτό
1473 736 1515 753 σοι
1528 736 1534 760 ;

947 778 1002 803 Καὶ
1018 777 1146 811 παττάλῳ
1162 775 1300 802 πάτταλον
1315 773 1461 809 ὲκκρούσοι
1475 773 1555 807 λόγου
1569 781 1576 805 ς
1594 803 1595 806 η

947 824 1021 859 Πλὴν
1035 823 1092 850 ἀλλ’
1106 823 1159 849 ἕξει
1173 823 1202 849 σὲ
1217 822 1265 856 τὴν
1281 822 1346 855 ὃλην
1363 820 1517 855 παροιμίαν

953 870 996 896 Ἐν
1016 869 1053 905 νῷ
1070 869 1212 904 βαλέσθαι,
1229 867 1297 903 μηδὲ
1313 867 1426 901 θάτερον
1449 866 1541 901 μέρος.

983 917 1115 948 Παίζουσι
1132 915 1182 951 γὰρ
1195 915 1334 949 γέροντες,
1350 913 1418 940 ἀλλὰ
1435 912 1583 946 σωφρόνως
1595 919 1604 928 ·

950 963 985 989 Σὺ
999 962 1022 989 δ’
1035 963 1064 989 ὲν
1077 961 1148 996 Θεῷ,
1162 960 1275 992 δείλαιε,
1290 959 1395 991 παίζων
1413 959 1442 985 οὐ
1455 958 1580 993 τρέμεις.

951 1009 1068 1036 Παικτδν
1083 1008 1113 1034 τὸ
1131 1007 1214 1039 θεῖον,
1229 1006 1277 1033 καὶ
1292 1006 1333 1037 τίς
1349 1005 1379 1031 οὺ
1396 1005 1506 1040 φρίσσει
1521 1003 1632 1037 κλὺωνς

950 1055 1073 1086 Παίζεις,
1089 1053 1193 1088 στερῶν
1208 1061 1241 1088 με
1256 1052 1311 1078 τῶν
1323 1051 1431 1079 ἐκεῖθεν
1449 1051 1578 1082 ἐλπίδων,

950 1101 1074 1133 Παίζεις,
1089 1099 1173 1132 ξενῶν
1189 1108 1223 1134 με
1239 1099 1290 1134 τῆς
1305 1099 1425 1134 ἁνάρχου
1440 1097 1572 1133 Τριάδος·

951 1148 1073 1180 Παίζεις,
1092 1146 1247 1173 ἀποκλείων
1260 1153 1293 1179 με
1311 1145 1360 1180 τῆς
1378 1144 1526 1179 σωτηρίας.

951 1197 988 1222 Σὺ
1003 1196 1049 1221 καὶ
1061 1187 1270 1228 κατάγχωνξκαὶ
1283 1192 1404 1227 μαχαίρᾳ
1416 1191 1548 1217 κτιννύων

951 1243 1075 1274 Παίζεις,
1095 1242 1188 1275 λέγοις
1205 1240 1248 1267 ἄν.
1264 1239 1296 1266 Εἰ
1311 1239 1339 1265 δὲ
1356 1238 1442 1265 ταῦτα
1459 1237 1588 1269 παικτέα,

957 1289 1002 1315 Ἐν
1016 1289 1058 1315 σοί
1072 1297 1104 1323 γε
1117 1289 1309 1324 παιχθείησαν,
1330 1289 1368 1320 ὡς
1382 1288 1473 1323 ἔργοις
1490 1288 1590 1323 μάθῃς,

951 1332 1014 1371 Οἴον
1031 1335 1061 1361 τὺ
1076 1335 1187 1366 παίζειν
1204 1336 1250 1361 καὶ
1267 1335 1297 1361 τὸ
1314 1335 1486 1370 βλασφήμως
1500 1334 1603 1368 λέγειν.

951 1381 1015 1413 Ναὶ,
1033 1382 1131 1415 φησὶν,
1147 1381 1207 1408 ἀλλ’
1223 1383 1236 1408 ὁ
1249 1382 1316 1413 Χῖος
1328 1380 1458 1416 ἐξύϐρικέ
1476 1389 1517 1412 σε,

954 1429 1002 1460 Ὃς
1015 1427 1046 1454 οὐ
1063 1427 1152 1459 τεθείς
1168 1436 1213 1463 μοι
1225 1428 1275 1463 τῆς
1288 1428 1436 1464 συνηθείας
1448 1426 1540 1460 πλέον,

952 1474 1126 1508 Κατηγορεϊν
1137 1482 1183 1500 σου
1199 1473 1348 1509 φληνάφως
1361 1473 1478 1500 πέπεικέ
1491 1481 1538 1508 με.

952 1520 1045 1554 Νόμον
1059 1520 1087 1546 δὲ
1101 1519 1195 1546 τοῦτον
1211 1517 1291 1546 οἶσθα
1306 1521 1480 1555 φιλοτησίας,

952 1566 1073 1598 Μείζους
1089 1565 1188 1600 φιάλας
1204 1565 1373 1601 ὲγχωρεύειν
1387 1567 1445 1597 τοῖς
1463 1566 1564 1600 φίλοις.

914 1606 940 1638 C
954 1613 1006 1640 Ναὶ
1023 1613 1118 1639 τοῦτον
1131 1610 1190 1638 οἶδα
1205 1612 1365 1647 φιλοτησίας
1378 1613 1472 1647 νόμον,

957 1659 1028 1687 Ἀλλ’
1041 1659 1094 1686 ἐνθ’
1114 1659 1147 1685 ἂν
1163 1657 1243 1690 αὐτὸς
1258 1659 1299 1690 είς
1314 1659 1343 1685 τὸ
1355 1659 1463 1685 δεῖπνον
1476 1659 1581 1695 ίζάνῃς·

958 1707 1002 1733 Ἐν
1018 1706 1073 1740 γὰρ
1083 1705 1203 1740 λογικῶν
1216 1705 1365 1740 συμποτῶν
1382 1706 1513 1741 συνεδρίῳ

952 1752 1027 1787 Νικᾷ
1041 1751 1122 1785 λόγου
1143 1751 1272 1785 κέρασμα
1290 1751 1339 1786 τὴν
1357 1751 1430 1777 οἴνου
1451 1752 1542 1778 πόσιν.

954 1798 1015 1825 Κᾶν
1034 1797 1115 1824 τοῦτο
1130 1797 1152 1824 δ’
1167 1798 1199 1824 ἂν
1213 1797 1337 1832 δοίημεν,
1358 1798 1413 1824 οὐδ’
1432 1798 1504 1824 οὕτω
1519 1798 1602 1825 πάλιν

957 1879 1037 1906 volet.
1056 1877 1093 1904 Tu
1108 1878 1200 1914 igitur,
1215 1878 1261 1912 qui
1277 1877 1340 1904 talis
1351 1885 1390 1910 es,
1405 1877 1486 1912 ﬁdem
1501 1886 1586 1905 meam
1598 1885 1746 1913 suspectam

957 1924 1057 1952 reddis.
1072 1923 1094 1951 0
1107 1932 1177 1951 mens
1192 1923 1293 1958 futilis,
1308 1924 1367 1951 licet
1381 1932 1430 1958 pro
1445 1924 1550 1951 homine
1561 1926 1636 1959 gravi
1650 1925 1748 1952 Ita/zea-

956 1971 1014 2002 ris,
1044 1978 1058 1996 o
1081 1969 1162 2003 ﬁdem
1186 1974 1259 1996 luam
1282 1969 1438 1996 ventosum!
1462 1969 1533 2003 Quid
1551 1970 1633 2004 igitur
1658 1972 1748 2005 magni

955 2015 1088 2048 ingenium
1109 2013 1173 2040 adeo
1195 2021 1303 2046 pravum
1325 2016 1350 2040 et
1374 2013 1444 2040 male
1464 2014 1615 2052 formatum
1630 2022 1747 2049 unquam

957 2059 1049 2086 docere
1076 2059 1182 2092 poterit,
1208 2059 1250 2084 cui
1273 2059 1358 2085 crines
1384 2059 1436 2093 ipsi
1458 2059 1650 2090 valedixerunt,
1665 2061 1748 2087 stulto

958 2106 1040 2140 capiti
1062 2105 1152 2132 nolens
1177 2105 1290 2139 amplius
1318 2105 1413 2132 inesse.
1438 2104 1481 2132 Ita
1505 2110 1554 2139 est,
1579 2106 1684 2141 inquit;
1700 2107 1746 2133 sed

956 2152 1089 2183 ludebam.
1109 2160 1162 2179 non
1176 2151 1373 2178 calumniabar.
1392 2151 1473 2178 Ludit
1491 2160 1550 2179 vero
1567 2153 1650 2179 etiam
1666 2161 1748 2180 senex

955 2198 1075 2233 quidam,
1097 2198 1154 2224 sine
1174 2197 1282 2229 invidia,
1307 2205 1321 2224 ο
1336 2196 1411 2229 bone,
1427 2202 1452 2224 et
1474 2198 1578 2231 paucis.
1603 2197 1641 2223 Tu
1656 2203 1747 2225 autem

956 2247 1020 2272 scite
1044 2251 1068 2272 et
1090 2244 1234 2279 prudenter
1260 2243 1432 2277 respondisti.
1462 2243 1530 2276 Quis
1553 2248 1640 2270 autent
1656 2245 1746 2278 philo-

115 2292 200 2325 dicas,
225 2297 253 2318 tu
272 2292 316 2326 qui
338 2291 404 2317 nihil
418 2298 526 2324 prorsus
547 2291 689 2317 didicisti?
705 2290 753 2317 Ubi
772 2291 904 2319 Maximus
922 2298 943 2325 ι)
958 2290 1056 2326 sophus
1079 2291 1124 2316 tibi
1145 2295 1249 2323 reponet
1261 2289 1286 2323 η
1298 2293 1344 2315 aut
1375 2289 1434 2323 quis
1462 2289 1613 2316 disserendo
1642 2289 1747 2316 clauum

116 2339 282 2365 doctissimus
295 2342 317 2364 te
327 2336 438 2364 erudiuit
447 2338 460 2365 2
472 2336 518 2363 ubi
530 2345 642 2371 magnus
652 2337 769 2372 Cyriltus
782 2339 904 2365 doctrina

117 2389 140 2411 te
153 2384 267 2411 imbuit?
285 2384 321 2410 Tu
337 2384 407 2410 enim
423 2384 569 2410 maximam
596 2384 656 2410 vita:
672 2389 775 2418 partem
799 2385 904 2411 silentio

117 2431 253 2465 transigis,
271 2430 330 2457 etsi
348 2429 453 2465 quando
469 2438 497 2456 os
510 2430 610 2464 aperis,
621 2430 803 2464 jactabundus
818 2431 905 2466 loque-

116 2478 164 2509 ris,
185 2481 214 2502 ut
240 2475 358 2502 Lucilius
379 2475 461 2509 fecit;
481 2483 510 2502 ut
531 2467 645 2502 Flaccus
669 2477 858 2510 grammaticus
878 2478 906 2504 in

118 2523 245 2557 loquendo
265 2530 346 2549 rauco
362 2527 466 2557 gutture
479 2523 556 2549 verba
571 2521 732 2556 proferebat.
755 2522 794 2549 Tu
817 2528 905 2550 autem

118 2577 208 2597 revera
243 2569 322 2596 labiis
351 2573 443 2602 captus
471 2571 549 2596 corde
583 2577 610 2595 es
635 2569 760 2604 pinguis;
785 2575 809 2595 te
836 2570 905 2596 enim

117 2618 201 2651 ipsum
222 2624 275 2643 non
296 2615 377 2648 nosti,
397 2619 422 2642 et
436 2615 586 2648 proximum
603 2615 722 2649 ignoras.
751 2615 786 2642 In
805 2616 905 2642 exstasi

118 2665 222 2699 quidem
237 2671 265 2691 es
294 2668 332 2694 tu.
352 2670 404 2690 non
423 2670 483 2689 vero
500 2670 531 2689 ea
550 2670 629 2697 quam
651 2662 763 2689 Davides
780 2663 842 2689 olim
858 2670 906 2689 ea:-

117 2715 206 2745 pertus
220 2714 269 2737 est.
285 2708 377 2737 Omnis
391 2709 470 2736 homo
484 2708 589 2742 impius,
615 2713 644 2735 tu
659 2709 737 2741 dicis,
755 2714 777 2735 et
794 2710 905 2743 teipsum

118 2757 190 2784 haud
203 2756 338 2791 cognitum
351 2756 442 2783 habes.
458 2755 510 2783 Sed
527 2755 709 2781 denominatio
719 2755 775 2787 ipsa
790 2754 905 2781 indolem

119 2810 193 2832 tuam
215 2808 336 2830 testatur.
359 2801 413 2829 Bar
430 2803 499 2829 enim
516 2809 601 2836 grtcco
619 2809 740 2828 sermone
763 2801 836 2836 filius
854 2806 903 2834 est,

118 2856 146 2878 ut
167 2849 223 2877 Bar
241 2848 320 2876 Jona.
341 2847 374 2874 Et
389 2848 444 2874 suis
461 2846 566 2881 quidem
582 2847 742 2881 signiﬁcatio
765 2847 906 2880 manifesta

119 2903 172 2929 est;
185 2903 279 2931 porcus
297 2894 364 2921 enim
378 2893 447 2927 apud
460 2894 582 2928 antiquos
598 2893 649 2919 isto
663 2893 788 2920 vocabulo
803 2893 905 2920 indica-

121 2943 207 2969 batur.
227 2941 332 2968 Harum
357 2939 471 2967 duarum
487 2947 577 2966 vocum
598 2940 741 2966 mixturam
761 2939 844 2973 faciat
861 2940 906 2972 qui

957 2338 1030 2364 clavo
1047 2336 1196 2371 pepulerit?
1215 2334 1266 2361 Sed
1285 2339 1309 2362 te
1329 2340 1411 2361 totam
1429 2334 1597 2368 pernimium.
1617 2343 1668 2362 non
1683 2343 1746 2368 par-

956 2389 1017 2416 tem,
1031 2383 1058 2410 in
1073 2387 1157 2409 mente
1173 2390 1269 2416 ponere
1287 2382 1405 2409 decebat.

993 2429 1073 2456 Senes
1093 2427 1196 2463 quidem
1215 2427 1322 2458 ludunt.
1340 2428 1385 2454 sed
1407 2435 1466 2453 cum
1488 2428 1642 2461 prudentia.
1659 2428 1709 2461 Tu,
1732 2436 1747 2456 ι

957 2482 1060 2505 contra.
1082 2483 1122 2501 res
1139 2475 1243 2500 divinas
1262 2481 1309 2507 pro
1331 2473 1447 2499 ludibrio
1466 2473 1561 2499 habere
1585 2481 1636 2500 non
1656 2473 1747 2500 horre-

956 2523 1020 2552 scis.
1031 2521 1100 2556 quod
1114 2521 1152 2548 rei
1165 2521 1279 2556 referens
1291 2529 1337 2556 ego
1349 2521 1490 2548 horresco?
1501 2520 1537 2546 Tu
1549 2521 1631 2552 ludis,
1647 2521 1746 2547 coelesti

957 2577 1002 2602 spe
1022 2567 1152 2595 Trinitate
1177 2575 1234 2602 quae
1256 2567 1312 2593 sine
1337 2567 1466 2601 principio
1483 2571 1531 2599 est,
1558 2575 1598 2593 me
1622 2567 1743 2600 priuans,

957 2615 1070 2642 salutem
1088 2614 1151 2640 mihi
1168 2613 1291 2647 eripiens.
1309 2611 1348 2639 Tu
1364 2612 1457 2639 ludum
1472 2613 1591 2647 appellas
1617 2617 1745 2647 strangu-

958 2661 1010 2688 lari
1026 2666 1049 2687 et
1073 2661 1143 2694 [erro
1168 2661 1298 2691 occidere;
1314 2660 1409 2693 quodsi
1429 2659 1477 2685 hoc
1493 2659 1582 2685 ludere
1603 2664 1653 2691 est,
1671 2659 1698 2685 in
1720 2663 1745 2686 te

957 2708 1008 2734 iste
1033 2706 1112 2733 ludus
1139 2705 1229 2738 cadat,
1255 2710 1284 2731 ut
1297 2706 1385 2731 discas
1401 2713 1427 2731 re
1447 2706 1517 2739 ipsa,
1531 2705 1594 2738 quid
1609 2705 1660 2732 sibi
1683 2705 1743 2732 velit

958 2752 1047 2779 ludere
1064 2757 1089 2778 et
1107 2751 1281 2778 calunmiart'.
1309 2751 1354 2782 At,
1383 2750 1478 2783 inquit,
1495 2751 1590 2777 Chium
1614 2751 1701 2778 vinum
1717 2757 1742 2779 te

957 2799 1113 2825 insolentem
1142 2796 1214 2831 fecit,
1240 2795 1310 2830 quod
1337 2795 1439 2825 copiose
1467 2801 1602 2829 sumptura
1636 2797 1669 2822 ad
1697 2797 1745 2823 tibi

957 2845 1124 2871 irridendum
1142 2851 1181 2869 me
1205 2841 1302 2876 adegit.
1322 2840 1414 2876 Legem
1444 2842 1513 2868 nosti
1534 2843 1745 2876 propinatorum,

957 2898 1015 2925 qua:
1030 2888 1205 2923 capacissima
1230 2887 1323 2913 amicis
1347 2887 1443 2920 pocula
1466 2888 1566 2922 offert?
1590 2887 1659 2916 Novi
1684 2896 1748 2916 sane

957 2936 1024 2962 hanc
1041 2937 1133 2970 legent.
1154 2933 1206 2962 Sed
1228 2939 1255 2960 tu
1270 2933 1358 2967 potius
1380 2932 1414 2959 ad
1430 2934 1576 2962 convivium
1589 2934 1700 2966 accede;
1719 2933 1748 2960 in
