1923 3079
177 141 245 187 $419
777 138 972 170 THEODORI
991 138 1193 170 PRODROMI
1743 136 1831 169 1420

771 331 922 389 ΤΟΥ
957 331 1205 389 ΑΥΤΟΥ

549 442 634 484 ΕΙΣ
673 442 1099 493 ΕΙΚΟΝΙΣΜΕΝΟΝ
1136 444 1248 486 TON
1295 445 1308 486 ]

679 442 1099 493 ΕΙΚΟΝΙΣΜΕΝΟΝ
1136 444 1248 486 TON
1295 444 1438 486 BION.

831 571 1150 629 EJUSDEM

440 683 480 714 IN
499 684 620 715 VITAM
636 684 712 714 SUB
728 683 895 715 IMAGJNE
913 685 1158 716 ALLEGORICA
1179 683 1534 734 REPRESENTATAM.

183 857 259 893 Ἐμὲ,
274 856 318 884 τδν
334 856 401 891 βίον,
415 855 552 892 ἄνθρωπε,
567 856 641 889 δέξαι
657 864 703 884 σου
726 856 903 892 παραινέτην.
972 865 996 894 Α
1010 857 1043 884 Τί
1054 866 1088 892 με
1096 857 1220 889 κρατείςς
1232 856 1342 883 Καπνδν
1351 857 1473 891 κρατεῖς,
1483 856 1597 892 ὄνειρον,
1607 855 1681 891 ῐχνος
1693 857 1805 884 πλοίου.

176 903 303 938 Ἐτυχες,
313 900 515 938 εὖρες,ἐλα6ες,
529 903 660 938 κατέσχες
672 911 723 938 μου
734 903 783 934 τὰς
796 903 890 938 τρίχας
904 903 959 939 (Ι);
1014 903 1091 936 Ἐμὲ,
1104 902 1149 929 τδν
1166 902 1233 937 βίον,
1251 902 1388 938 ἄνθρωπε,
1404 902 1479 934 δέξαι
1494 910 1540 929 σου
1556 903 1740 938 παραινέτην.

175 949 221 985 Μὴ
238 948 306 985 πρὸς
331 948 472 984 ῥᾳστώνην
497 949 619 984 ὲκδοθῇς,
638 948 675 984 μὴ
697 949 765 984 πρὸς
781 949 887 984 τρυφὴν
907 958 961 984 χω·
1014 950 1072 976 Οὐκ
1084 948 1187 984 ἔτυχες,
1198 949 1247 975 οὐκ
1255 949 1362 981 ιλαεες,
1372 949 1422 976 οὐκ
1430 949 1508 984 ἔσχες
1520 958 1569 985 μου
1578 951 1628 981 τὰς
1638 951 1737 985 τρίχας
1749 951 1803 984 (3);

815 993 924 1030 [ρήσης.
1014 994 1059 1029 Μὴ
1076 994 1276 1029 σκυθρωπάσῃς
1292 993 1338 1020 τοῦ
1356 993 1461 1025 λοιποῦ,
1478 994 1545 1029 μηδὲ
1568 994 1802 1030 δυσελπιστήσῃς.

175 1039 251 1074 Μηδὲ
268 1040 403 1074 φρονήσῃς
417 1039 507 1074 ὑψηλὰ
519 1039 566 1066 καὶ
582 1039 654 1074 πέρα
668 1039 715 1066 τοῦ
731 1041 855 1074 μετρίου.
1014 1040 1120 1075 Γυμνός
1146 1040 1214 1073 ειμι,
1234 1040 1282 1066 καὶ
1305 1039 1360 1066 τῶν
1375 1039 1475 1076 χειρῶν
1494 1039 1668 1074 ὲξολισθήσας
1685 1040 1804 1072 τούτων,

175 1085 280 1120 Γυμνόν
294 1094 328 1120 με
345 1085 454 1120 βλέπεις
464 1093 470 1100 ·
485 1085 581 1120 νόησον
593 1085 696 1119 γυμνόν
711 1093 762 1120 μου
774 1086 821 1112 καὶ
831 1086 860 1112 τὸ
873 1085 958 1117 τέλος.
1014 1087 1094 1116 Ἴσως
1113 1085 1339 1120 μεταῤῥυήσομαι
1356 1085 1423 1120 πρὸς
1439 1084 1479 1117 σὲ,
1493 1085 1539 1111 καὶ
1556 1085 1708 1120 μεταπέσω.

182 1131 250 1158 Ὑπὸ
264 1133 325 1162 τοὺς
338 1131 419 1163 πόδας
435 1141 485 1167 μου
507 1131 616 1166 τροχοί·
636 1132 730 1166 φρίττε
747 1131 784 1166 μὴ
800 1131 956 1159 κυλισοῶσι.
1019 1130 1087 1157 Ύπὺ
1098 1132 1160 1162 τοὺς
1172 1131 1256 1161 πόδας
1269 1139 1319 1166 μου
1333 1130 1425 1166 τροχοί
1437 1138 1444 1145 ·
1458 1131 1527 1164 τάχα
1543 1138 1583 1156 σοι
1601 1129 1758 1156 κυλισθῶσι.

175 1176 243 1211 Περὶ
260 1177 308 1208 τὰς
329 1176 435 1212 κνήμας
456 1185 507 1211 μου
533 1177 637 1211 πτερά*
657 1176 761 1211 φεύγω,
781 1176 957 1212 παρῑπταμαί
1013 1176 1081 1212 Περὶ
1094 1176 1144 1208 τὰς
1159 1176 1266 1211 κνήμας
1288 1184 1339 1211 μου
1360 1175 1468 1211 πτεράο
1482 1176 1583 1211 τρέχω,
1608 1173 1804 1211 προπίπτειμαὶ

818 1223 859 1258 [σε
875 1223 923 1258 (ε).
1695 1219 1760 1257 [σοι.

177 1267 250 1302 Ζυγὰ
267 1269 374 1303 κατέχω
386 1269 418 1304 τῇ
436 1269 508 1305 χειρί
522 1278 529 1285 ⁸
546 1269 629 1303 φοϐοῦ
643 1269 692 1301 τὰς
710 1268 892 1304 μετακλίσεις.
1013 1267 1088 1301 Ζυγὰ
1101 1268 1207 1303 κατέχω
1218 1275 1226 1284 ’
1244 1267 1313 1303 τάχα
1331 1277 1371 1294 σοι
1384 1268 1434 1303 τὴν
1454 1268 1606 1301 πλάστιγγα
1619 1267 1742 1301 χαλάσω.

178 1313 211 1339 Τί
222 1322 255 1348 με
266 1315 376 1349 κρατεῖς
386 1323 393 1348 ;
404 1315 487 1342 Σκιὰν
498 1316 608 1350 κρατεῖς
618 1323 625 1330 ’
637 1315 720 1348 πνοὴν
730 1315 840 1350 κρατεῖς
847 1314 959 1349 ἀνέμου.
1011 1313 1058 1349 Μὴ
1073 1314 1162 1341 τοίνυν
1189 1313 1390 1349 ἀποπροσποιοῦ
1407 1313 1455 1345 τὰς
1469 1313 1574 1348 ἀγαθὰς
1589 1313 1708 1343 ἐλπίδας.

214 1391 267 1423 Me,
289 1399 347 1425 quat
365 1393 417 1418 uita
432 1399 501 1423 sum,
528 1391 616 1423 homo,
636 1392 838 1418 uantonitricem
861 1393 956 1426 recipe.
1012 1391 1079 1424 Quid
1093 1400 1132 1418 me
1142 1391 1299 1425 prehendit?
1315 1391 1426 1418 Fumum
1443 1395 1524 1423 tenes,
1538 1391 1680 1423 somnium,
1693 1391 1799 1424 navigii

176 1435 318 1469 Invenisti,
335 1436 456 1471 tetigisti,
474 1436 611 1463 retinuisti
621 1437 707 1464 crines
727 1445 808 1464 meos.
827 1436 868 1463 Ne
881 1437 959 1463 lutcu-
1012 1438 1134 1472 vestigia.
1156 1435 1218 1469 Me,
1235 1445 1293 1472 qua:
1315 1438 1368 1463 vita
1382 1444 1451 1468 sum,
1476 1437 1553 1463 homo
1565 1456 1572 1469 ,
1593 1436 1798 1463 admonitricem

176 1484 233 1514 riae,
250 1491 281 1509 ne
295 1483 416 1509 mollitiei
435 1487 459 1509 te
482 1482 589 1514 tradas;
610 1483 718 1516 spiritus
735 1483 803 1512 altos
818 1491 921 1511 sumere
936 1489 960 1511 et
975 1487 998 1516 Β
1013 1484 1108 1517 recipe.
1133 1482 1194 1509 Non
1219 1483 1355 1514 invenisti,
1372 1490 1423 1509 non
1449 1482 1570 1517 tetigisti,
1589 1490 1641 1508 non
1661 1482 1799 1508 retinuisti

176 1528 333 1555 modestiam
359 1527 490 1561 oﬂ'endere
516 1528 580 1554 noli.
607 1527 715 1555 Nudam
731 1536 770 1555 me
790 1529 873 1561 vides,
901 1529 955 1555 noli
1009 1529 1093 1555 crines
1109 1528 1202 1555 meos?
1217 1529 1262 1555 sed
1273 1528 1327 1555 noli
1345 1536 1465 1561 interere,
1481 1528 1536 1555 noli
1550 1528 1696 1560 desperare.
1712 1526 1796 1553 Nuda

177 1574 238 1608 ﬁnis
257 1575 307 1601 mei
326 1573 472 1600 nuditatem
487 1573 613 1602 oblivisci.
641 1573 757 1601 Pedibus
774 1575 839 1601 meis
861 1574 960 1602 addita:
1010 1582 1069 1601 sum
1086 1578 1110 1601 et
1128 1583 1141 1601 e
1157 1574 1279 1601 manibus
1294 1574 1364 1601 hisce
1375 1575 1476 1609 elapsa,
1498 1575 1611 1609 forsitan
1627 1580 1744 1601 revertar
1756 1575 1795 1600 ad

178 1625 238 1646 sunt
262 1625 329 1646 rotae
346 1627 356 1651 ,'
371 1627 429 1654 qua
444 1627 474 1646 ne
486 1620 547 1646 hinc
562 1619 622 1646 inde
634 1620 772 1646 volvantur
785 1621 867 1652 time;
881 1628 960 1647 crura
1011 1623 1045 1646 le.
1069 1619 1183 1646 Pedibus
1200 1620 1264 1646 meis
1279 1619 1412 1654 adjunctw
1429 1624 1489 1646 sunt
1508 1625 1571 1647 rom
1587 1628 1646 1655 qua
1660 1619 1728 1654 forte
1739 1621 1795 1647 vol-

178 1664 251 1690 alata
273 1669 353 1696 sunt;
372 1664 495 1699 aufugio,
513 1664 562 1691 tibi
586 1672 625 1691 me
653 1665 791 1692 subtraho.
818 1665 960 1692 Trutinam
1010 1669 1112 1692 ventur.
1143 1664 1232 1692 Crura
1260 1669 1321 1692 sunt
1344 1665 1445 1696 alata;
1463 1665 1497 1692 ad
1525 1669 1549 1692 te
1572 1665 1646 1702 polo;
1664 1665 1794 1692 trutinam

179 1710 299 1737 manibus
315 1714 402 1745 porto,
419 1710 498 1745 hujus
519 1716 604 1738 metue
622 1710 819 1745 ﬂuctuationes.
835 1711 903 1743 Quid
921 1719 961 1738 me
1010 1715 1098 1744 porto,
1114 1711 1143 1737 in
1158 1715 1232 1737 tuum
1246 1710 1363 1745 forsitan
1376 1709 1553 1738 contmodum.
1572 1709 1639 1737 Noli
1662 1717 1723 1745 ergo
1749 1709 1794 1736 de-

177 1755 315 1789 pre/tendis
325 1757 337 1783 ?
349 1755 370 1782 U
374 1756 473 1783 mbram
486 1757 671 1791 amplecteris;
684 1757 754 1784 venti
768 1756 863 1791 ﬂatum
880 1761 961 1784 tenes.
1010 1763 1126 1789 sperare.

772 1920 922 1978 ΤΟΥ
959 1921 1205 1979 ΑΥΤΟΥ

337 2035 766 2079 ΣΧΕΤΑΙΑΣΤΙΚΟΙ
816 2036 915 2080 ΕΠΙ
951 2038 1028 2080 ΤΗ
1057 2036 1096 2079 Α¹

868 2036 915 2079 Π
951 2038 1028 2080 ΤΗ
1057 2036 1251 2082 ΑΤΙΜΙΑ
1280 2037 1394 2080 ΤΟΥ
1422 2035 1627 2080 ΛΟΓΟΥ.

825 2217 1141 2277 EJUSDEM

359 2333 746 2381 LAMENTATIO
776 2335 965 2383 SUPER
992 2337 1192 2385 VERBO
1213 2336 1600 2384 CONTEMPTO.‘

162 2482 289 2527 ’Ἔρῤειέ
305 2492 373 2527 ἐμοῦ
387 2482 484 2528 βιότοιο
500 2494 666 2529 ἀπόπροθεν,
686 2495 791 2530 ἔρῤετι,
806 2495 903 2531 βίϐλοι.
971 2499 992 2529 c
1011 2495 1121 2531 Ἕῤῥετ“
1135 2494 1336 2530 Ἀριστοτέλους
1346 2494 1526 2530 πολυμήχανα
1540 2494 1622 2530 δήνεα
1635 2495 1735 2532 τέχνης
1747 2505 1754 2513 -

179 2538 274 2573 "Eppia,
295 2539 402 2572 πρόπαν
418 2538 558 2575 μελέδημα
576 2539 761 2574 παλαιγενέων
784 2541 936 2576 ἀνθρώπων
949 2549 956 2556 ·
1011 2541 1141 2576 Θευλογίη
1157 2549 1186 2567 τε
1196 2540 1348 2572 Πλάτωνος.
1363 2540 1457 2568 ἅπασά
1470 2549 1499 2567 τε
1512 2540 1655 2576 φιλοσοφιη
1667 2549 1676 2558 ο

177 2583 280 2619 Μηκέτ⁴
294 2586 354 2620 ἐμοὶ
371 2585 490 2619 πελάοις,
511 2586 607 2618 ἄλλους
624 2587 653 2614 δέ
666 2595 696 2614 τε
713 2587 792 2619 δίζεό
801 2588 904 2621 φῶτας.
1012 2585 1213 2621 Ἐμπεδοκλῆος
1233 2584 1331 2620 ἄριστα
1353 2584 1508 2619 μελήματα,
1530 2585 1636 2611 Μοῦσαι
1658 2584 1786 2621 Ὀμήρου,

214 2654 303 2688 Apage
316 2661 348 2680 ex
361 2654 444 2681 oculis
458 2655 533 2688 meis,
551 2655 631 2687 libri;
646 2655 773 2690 quidquid
786 2657 874 2689 prisca
894 2665 956 2691 gens
1009 2661 1059 2688 tes,
1080 2654 1210 2687 recedite;
1237 2653 1359 2681 Platonis
1390 2654 1527 2690 theologite
1551 2663 1583 2682 ac
1600 2655 1781 2690 philosophia,

177 2699 332 2726 mortalium
348 2706 434 2733 curat,
454 2709 555 2735 apage;
571 2709 705 2735 nunquam
728 2703 762 2728 ad
776 2710 815 2728 me
834 2702 957 2735 accedas,
1010 2708 1080 2729 retro
1107 2703 1162 2733 ite;
1187 2701 1286 2735 optima
1303 2700 1467 2736 Empedoclis
1482 2709 1573 2736 opera,
1590 2702 1713 2735 Homeri,
1735 2702 1783 2730 De-

178 2745 225 2770 sed
235 2746 301 2772 alios
315 2745 461 2782 frequenta.
481 2747 632 2775 Aristotelis
655 2747 807 2782 artiﬁciosa:
824 2748 959 2776 subtilita-
1009 2749 1113 2776 πιθεγίιὶ
1131 2753 1209 2783 atque
1228 2747 1323 2781 Orphei
1339 2749 1424 2782 (quem
1435 2751 1522 2788 _pater
1540 2748 1690 2782 procreavit
1716 2747 1787 2783 liga-

214 2817 251 2855 (1)
268 2817 313 2845 Sic
326 2822 352 2845 et
367 2819 393 2845 in
409 2820 469 2847 cod.
484 2819 716 2849 Vaticano-Palat.
733 2829 760 2848 n.
775 2820 869 2848 XLIII.
884 2819 956 2849 Edit.
1048 2819 1086 2854 (2)
1111 2819 1178 2847 Cod.
1191 2801 1422 2848 Vlaticano~Palah
1433 2822 1460 2847 el
1475 2819 1547 2848 Edil.
1560 2818 1737 2855 περίσταμαί.

176 2852 298 2887 τρίϐους.
1048 2852 1086 2890 (5)
1102 2855 1174 2884 Edit.
1193 2854 1314 2888 τριὸοὑς.
1337 2880 1341 2883 .
