1935 3085
131 191 197 224 1'12!

127 251 234 278 Μοῦσαι
251 250 443 285 Δημοκρίτοιο,
459 250 504 277 καὶ
518 251 631 286 Ὀρφέος
647 250 687 285 (ὃν
698 251 758 277 τέκε
774 253 866 287 πατὴρ

130 297 262 332 ”Υαγρος,
277 297 330 323 οὐδ’
347 297 400 331 ἄρα
415 297 439 323 οἱ
455 298 518 332 περὶ
535 297 656 333 ᾅσμασιν
668 298 746 329 ἄλλος
760 298 867 334 ἐρίζοι).

128 342 218 376 οἴχεο,
234 341 385 377 ρητροσύνη
397 350 405 358 ·
423 342 536 377 ἔξοίχεο,
552 342 720 378 όρθογραφίη
735 351 742 358 ·

129 388 215 413 Ἀλλα
232 387 256 413 θ’
269 387 319 413 ὅσα
333 387 462 422 χθονίοισι
478 387 549 423 λόγῳ
561 389 606 414 ἐπὶ
621 388 700 420 κῦδος
716 388 823 422 ὀπάζει,

129 432 244 467 Ἐρρετε
259 441 265 447 ·
283 432 356 466 ἄλλῳ
373 432 441 459 totve
463 433 607 468 μεληδόνος
623 434 686 466 ἀξια
702 434 812 469 πολλῆς,

128 478 185 512 Οὐκ
194 478 264 512 ἐμοί.
276 479 310 504 Ἤ
320 479 373 514 γὰρ
383 478 437 512 ἐγὼ
448 480 541 505 κενεὸν
553 480 616 514 περὶ
631 479 727 514 μόχθον
735 480 849 515 ἀνέτλην
861 480 913 516 (ι).

129 523 268 560 ’Ύμμεσιν
284 525 429 560 ὲμμογέων
443 533 451 542 ’
466 525 497 551 τὸ
513 525 534 551 δ’
549 525 660 555 ὲτώσιος
680 525 769 551 ἔπλετ’
785 525 870 558 οίζὺς,

127 559 261 604 Maii/€62?”
275 579 304 597 τε
322 559 442 606 μέλημα,
459 572 506 606 ita}.
522 572 613 606 ἀπάτη
632 572 830 606 ἀφρονεόντων.

167 615 275 650 ’¹Ερρετ“
292 616 359 650 ὲμοῦ
383 605 480 651 βιότοιο
504 605 791 652 ἀπόπροθενξέρῤετε,
817 617 912 652 βίϐλοι.

127 660 212 695 Θυμὲ,
228 662 259 687 σὺ
273 662 295 687 δ’
307 662 338 688 ἐκ
351 662 446 697 σοφίης
460 662 509 697 μὲν
521 662 663 697 ἀπείργεο,
676 663 725 688 οὐκ
739 662 837 689 ἐθέλων
850 671 913 697 περ’

126 707 197 741 Μηδ¹
213 707 256 742 ἄρ’
270 707 348 743 ἕκητι
370 708 459 742 λόγοιο
474 707 535 742 μέγ’
554 708 654 743 ᾶχνυσο
669 716 676 723 ·
694 708 731 743 μὴ
749 708 778 734 δὲ
795 708 824 735 σὲ
839 709 910 745 λύπη

125 776 203 809 gros)
214 784 307 808 musta,
319 776 442 808 receditc,
453 781 585 804 certamen
601 777 682 804 nolite
696 776 772 803 inire.
787 775 848 808 Abi,
857 776 914 803 rhe-

128 821 224 854 lorica,
253 823 341 849 recede
358 842 365 854 ,
386 822 592 857 orthographia;
617 830 787 858 quascumque
801 822 913 857 gloriam

707 194 866 225 SCRIPTA
893 194 1167 226 MISCELLANEA.
1616 206 1619 207 ν
1685 194 1755 226 1422

928 255 951 282 Α
965 251 1120 286 Θυμοόόρος
1136 251 1281 286 κρατείτω,
1295 251 1445 287 ἐναυομὲνη
1462 251 1526 286 φίλα
1546 253 1621 286 γυῖα.

964 298 1045 324 Ἀλλὰ
1069 298 1167 333 βίϐλων
1178 306 1218 330 τε,
1238 298 1324 332 λόγων
1347 307 1385 331 τε,
1400 298 1447 324 καὶ
1461 298 1568 329 ἀτελέος
1593 298 1752 332 μελεδῶνος,

966 342 1054 377 Τηλοῦ
1069 342 1271 375 ἁποσκεδὰζευ·
1288 343 1358 378 ἀτὰρ
1377 343 1510 378 θυμέλῃσι
1526 342 1647 377 μεθῑζευ,

965 388 1020 415 Καί
1039 397 1067 414 τε
1080 388 1289 422 γελωτοπόνοισι
1305 388 1432 424 παρέζεο,
1447 389 1493 415 καί
1507 397 1537 414 τε
1554 389 1670 422 μίμοισι,

963 434 1047 466 Παῖζε
1059 435 1080 460 δ’
1094 435 1123 460 ὲν
1139 435 1170 461 οὐ
1192 435 1345 461 παικτοῖσι·
1362 435 1396 460 τὰ
1415 434 1469 469 γὰρ
1485 434 1574 469 βροτοὶ
1590 435 1681 460 ἴσασιν
1692 434 1754 468 ἄρτι

965 481 1055 515 Τιμᾷν
1067 481 1243 515 ἀφρονέοντες
1255 488 1261 495 ·
1277 480 1379 507 ἄπιστα
1395 480 1422 505 δὲ
1440 480 1523 506 Οὲσσιν
1536 480 1569 506 τὰ
1583 480 1672 514 λόγοιο
1687 480 1735 515 (‘2).

966 526 997 552 Et
1011 526 1032 551 δ’
1050 526 1103 561 ἄρα.
1118 525 1156 560 μὴ
1170 525 1303 560 θυμέλῃσι
1316 525 1488 560 παρέμμεναι
1503 524 1581 559 ἔσχες
1597 525 1706 560 ἐέλδωρ,

965 569 1037 598 Ἦσο
1051 573 1111 607 σιγῇ
1127 572 1226 603 ἀκέων,
1240 571 1323 597 πάτον
1337 571 1487 606 ἀνθρώπων
1508 571 1647 603 ἀλεείνων,

965 617 1034 652 Μηδ*
1049 617 1134 652 ἀγορῇ
1151 617 1278 651 μερόπων
1296 615 1435 642 πωλέσχεο
1453 615 1623 650 κυδιανείρῃ.
1635 621 1642 643 1

966 663 1021 690 Καὶ
1035 663 1105 698 τάχα
1125 662 1272 697 δυσεόρους
1293 662 1397 696 κόσμου
1423 661 1570 697 προφύγῃς
1587 660 1752 695 μελεδῶνας.

968 709 1077 745 Ἐρῤετ”
1088 709 1155 743 ἐμοῦ
1169 708 1267 744 βιότοιο
1283 708 1448 743 ἀπόπροθεν,
1464 709 1568 744 ἔρρετε,
1584 707 1680 743 βίϐλοι.

967 782 1021 810 tur,
1037 785 1082 804 nec
1098 778 1214 804 membra
1227 782 1347 804 conterat
1363 777 1481 810 corporis
1496 777 1547 803 tui.
1563 775 1651 810 Longe
1668 775 1753 817 abjice

967 821 1059 854 libros,
1080 830 1212 849 sermones
1238 825 1263 848 et
1287 830 1366 848 curas
1392 822 1527 853 edaces;c
1542 825 1635 847 contra
1650 821 1753 846 theatra

127 867 284 894 mortalibus
299 868 425 902 prwbent,
438 873 507 895 retro
523 869 603 900 abite.
629 874 850 903 cazterorumque.
866 877 918 895 non
935 860 956 887 Β
971 867 1107 901 frequenta
1124 874 1148 894 et
1166 875 1320 894 scurrarum
1346 874 1378 893 ac
1400 867 1541 892 mimorum
1567 873 1651 900 nugas
1672 864 1748 891 audi.

127 919 213 938 meum
244 913 363 940 animum
387 919 522 947 occupate.
544 913 646 940 Vanum
663 913 780 949 equidem
805 913 921 940 laborem

127 958 244 984 sustinui
258 966 304 992 pro
322 958 393 986 vobis
405 959 549 993 patiendo;
572 959 640 987 unde
655 967 784 991 wrumna,
801 959 920 989 miseria,

127 1011 198 1030 cura?
216 1007 241 1030 et
254 1003 331 1038 fraus
350 1005 462 1039 prodiit.

163 1050 254 1084 Apage
267 1058 299 1076 ex
315 1051 398 1078 oculis
416 1052 494 1084 meis,
513 1051 592 1078 libri!
610 1051 659 1084 Tu,
675 1059 747 1079 mens
763 1059 832 1084 mea,
850 1060 866 1078 a
881 1059 926 1078 sa-

128 1095 240 1126 pientia,
270 1095 351 1122 invita
376 1096 492 1130 quidem,
522 1096 613 1123 aliena
634 1105 686 1130 es;
714 1097 759 1124 sed
781 1104 812 1124 ne
838 1097 916 1123 nimis

127 1140 225 1175 amicta
239 1141 286 1173 sis,
304 1147 328 1167 et
344 1150 438 1169 maeror
454 1143 498 1178 qui
517 1151 562 1170 cor
584 1143 649 1177 edit,
672 1151 723 1170 non
742 1148 766 1170 te
777 1151 918 1178 persequa-

142 1252 304 1262 ᾗ

606 1352 922 1398 THEODORI

969 912 1041 939 Lude
1067 912 1140 939 circa
1165 921 1206 939 res
1229 921 1280 939 non
1305 912 1434 945 ludicras,
1453 919 1519 944 quas
1534 911 1610 937 stulti
1635 915 1753 937 tractare

971 963 1074 990 amant,
1090 958 1167 985 verbo
1179 958 1255 992 longe
1271 957 1372 991 abjecto
1387 962 1411 983 et
1429 962 1528 989 spreto.
1554 956 1655 988 Quodsi
1683 958 1754 983 thea-

973 1004 1020 1030 tris
1051 1011 1155 1037 operam
1174 1004 1238 1029 dare
1256 1003 1385 1034 nolueris,
1408 1003 1503 1029 tacitus
1528 1001 1600 1032 sedc,
1619 1001 1754 1027 hominum

972 1053 1067 1076 coetum
1082 1049 1148 1082 uita,
1166 1048 1193 1075 in
1208 1048 1267 1082 foro
1282 1047 1431 1074 hominibus
1446 1048 1577 1082 frequenti
1594 1055 1645 1073 non
1662 1046 1756 1073 ambu-

971 1095 1050 1129 labis,
1067 1100 1091 1122 et
1110 1095 1233 1122 continuo
1260 1095 1331 1122 curis
1352 1100 1376 1121 et
1407 1093 1631 1121 sollicitudinibus
1657 1092 1755 1120 ualedi-

971 1143 1033 1169 cito.
1044 1141 1133 1176 Apage
1147 1149 1179 1168 ea:
1195 1141 1279 1168 oculis
1299 1143 1374 1173 meis,
1392 1141 1452 1168 libri
1462 1141 1472 1166 .'

952 1353 1271 1400 PBODROMI

312 1462 461 1495 CONTRA
474 1462 640 1495 lNVIDOS.
659 1474 694 1480 -
713 1462 964 1494 EXHORTATIO
982 1465 1032 1495 AD
1049 1464 1245 1495 PIETATEM
1268 1465 1317 1495 ET
1331 1466 1579 1498 SAPIENTIAM.

419 1540 465 1573 (Ex
477 1541 537 1566 edit.
548 1540 699 1570 Basil.i536,
710 1541 778 1572 cujus
789 1542 886 1566 textum
901 1541 931 1566 ad
942 1548 989 1566 ms.
1000 1542 1079 1567 Vatic.
1089 1541 1162 1568 αῖον
1175 1541 1314 1566 emendavit
1325 1541 1456 1572 Theilius.)

283 1692 338 1719 Τοῦ
353 1692 446 1719 αὐτοῦ
461 1692 536 1718 κατὰ
552 1692 755 1727 φθονούντων.
923 1696 944 1725 c

127 1738 186 1766 Οὐκ
201 1739 272 1766 ἔστιν
287 1739 353 1773 ἡμῖν
370 1739 423 1770 ινδς
437 1738 509 1773 ῐχνος
521 1738 550 1764 ὲν
562 1737 621 1773 βίῳ,

128 1786 166 1812 Ui:
183 1786 273 1820 χεῖρες
289 1786 329 1816 είς
343 1785 465 1820 ἄμυναν·
479 1783 502 1811 ὣ
516 1784 603 1812 δεινοῦ
618 1784 721 1816 πάθους
734 1785 740 1812 l

133 1832 177 1863 Ὦς
192 1832 224 1858 ἂν
239 1832 273 1858 τὰ
292 1832 472 1866 μισάνθρωπα
487 1831 590 1866 κέντρα
600 1830 647 1857 τοῦ
663 1831 758 1866 φθόνου

133 1877 216 1903 Ἐλὼν
230 1874 323 1912 ἀράξω
339 1877 435 1912 χερσὶν
451 1876 547 1912 ἁδρατς
565 1877 689 1912 ἁσχέτοις
700 1885 708 1893 ·

126 1923 180 1949 Καί
192 1922 254 1953 τοὺς
267 1922 344 1947 κότον
360 1922 508 1956 τρέφοντας
521 1922 550 1949 ὲν
563 1921 635 1958 ψυχῇ
651 1922 722 1958 μέσῃ

123 1968 272 2002 Ἀειφυγίᾳ
282 1967 413 2002 ζημιώσω
427 1968 475 1994 καὶ
488 1967 590 2003 πλάνῃ.

124 2014 184 2040 Υἱοὶ
202 2014 314 2044 σκότους
326 2013 380 2048 γάρ
395 2014 474 2046 εἰσιν,
491 2013 529 2045 ὡς
541 2014 595 2040 υῐοὶ
606 2014 720 2050 πλάνης,

124 2060 180 2087 Καὶ
193 2059 243 2095 τῆς
260 2059 364 2086 ἐκεῖθεν
380 2059 512 2094 ἀορασίας
521 2058 576 2085 ὅλοι
592 2059 669 2094 [ediL
687 2061 769 2095 dulci].

122 2106 180 2134 Νῦν
192 2107 214 2133 δ’
227 2107 325 2134 ἀταταὶ
338 2106 413 2142 [ediL
428 2105 475 2133 νῦν
487 2105 520 2132 δι’
535 2104 665 2141 amicas],
688 2106 736 2133 καὶ
760 2108 815 2142 γὰρ
825 2109 907 2144 ἀδρα-

728 2150 794 2187 [νῶς
808 2151 874 2185 ἔχω,

124 2196 184 2223 Κᾶν
198 2194 244 2223 οὗν
261 2198 320 2223 κατ’
333 2196 422 2223 αὐτῶν
433 2197 549 2229 ἐξοπλιῶ
568 2197 598 2224 τὸ
610 2197 711 2232 στόμα,

129 2241 172 2272 Ὠς
187 2242 311 2276 λοιδοριῶ
325 2242 374 2277 τὴν
389 2243 539 2277 μισάγαθον
554 2243 632 2275 νόσον
645 2251 653 2260 ⁶
755 2275 763 2281 _

125 2285 204 2313 οὕτω
219 2287 273 2322 γὰρ
288 2287 352 2319 ἴσως
367 2287 429 2320 νοῦς
445 2288 511 2322 ἐμὸς
527 2289 618 2324 παυθῇ
635 2288 748 2321 πάθους.

326 2381 454 2417 Ejusdem
469 2388 565 2411 contra
583 2384 700 2412 invidos.
918 2385 940 2413 Β

161 2425 223 2453 Νοη
254 2427 321 2454 inest
358 2428 434 2455 nobis
457 2429 595 2464 vestigium
613 2431 727 2464 vigoris;
753 2438 848 2457 manus
869 2432 903 2457 ad

125 2471 301 2504 defensionem
322 2473 433 2507 desunt,
463 2483 478 2502 ο
497 2475 693 2510 inlortunium.’
723 2475 817 2509 quibus
833 2476 904 2503 diros

125 2516 234 2542 invidit:
253 2517 357 2544 aculeos
372 2518 549 2553 disrumpam,
561 2521 655 2556 quibus
666 2527 709 2546 eos
718 2521 763 2554 qui
778 2521 804 2547 in
817 2522 904 2550 animo

125 2562 252 2589 invidiam
263 2563 354 2595 alunt,
364 2563 399 2590 ad
412 2564 535 2592 exsilium
546 2571 571 2592 et
582 2566 716 2592 miseriam
728 2567 904 2596 condemnem.

161 2607 340 2635 Tenebrarum
353 2610 423 2636 enim
437 2610 489 2644 ﬁlii
508 2614 568 2637 sunt
581 2614 605 2637 et
621 2611 731 2643 erroris,
748 2616 772 2638 et
787 2612 854 2639 hanc
872 2613 903 2639 ob

125 2660 235 2679 causam
253 2654 325 2680 caeci.
339 2655 447 2682 Parcite
463 2656 527 2682 mihi
540 2664 611 2691 aegro
621 2663 646 2683 et
658 2657 753 2683 viribus
766 2657 901 2685 destituto.

125 2698 194 2730 Quid
211 2701 235 2726 si
256 2709 326 2728 nunc
353 2708 445 2729 contra
469 2702 530 2729 illos
546 2711 635 2730 versus
660 2711 728 2730 meos
748 2710 863 2731 armem;
879 2701 902 2727 ιδ

124 2747 214 2773 morbo
229 2748 332 2782 funesto
346 2749 527 2777 maledicerem
537 2750 550 2776 Ζ)
569 2748 615 2777 Sic
626 2750 691 2777 enin
707 2747 813 2772 animus
827 2753 897 2773 meus

124 2790 191 2818 dura
203 2794 260 2827 pati
275 2794 386 2822 desinet.

167 2884 205 2918 (ι)
217 2884 246 2912 tn
262 2885 324 2913 cod.
340 2886 421 2920 2351,
437 2887 536 2923 μόχοια
550 2878 641 2914 ίτλην-

1171 1692 1226 1719 Τοῦ
1245 1692 1338 1719 αὑτοῦ
1355 1693 1538 1721 Νουθετικοί.

965 1737 1029 1772 Ἔχε
1047 1737 1099 1772 πρὸ
1113 1737 1221 1763 πάντων
1238 1737 1282 1763 τὸν
1299 1737 1366 1764 Θεοῦ
1380 1738 1471 1772 φόϐον,
1488 1738 1546 1771 ξένε
1560 1747 1568 1756 ι

965 1783 1014 1810 Ἀν
1028 1783 1186 1818 ἀγαπητοὺς
1200 1783 1262 1814 τοὺς
1274 1784 1370 1818 λόγους
1385 1785 1481 1820 κρίνῃς
1492 1785 1556 1820 ἄρα,

962 1828 1070 1858 Νυκτὸς
1090 1830 1189 1864 νοητῆς
1209 1828 1410 1864 ἐνθυμούμενος
1421 1829 1513 1864 ζόφον,

966 1874 1078 1901 Ἑαυτὸν
1093 1875 1125 1901 ὲκ
1143 1874 1195 1909 γῆς
1210 1874 1264 1901 τῶν
1279 1875 1374 1902 παθῶν
1388 1876 1499 1902 ὲκσπῶν
1516 1876 1606 1911 φέρε.”

967 1920 1058 1956 Ῥήσει
1073 1920 1162 1955 σοφῶν
1180 1920 1282 1955 ῥώννυε
1293 1921 1380 1957 ῥᾷστα
1395 1921 1439 1948 σὸν
1454 1922 1533 1956 κέαρ.

961 1966 1072 2001 Ἀγνιζε
1091 1966 1197 2000 σαυτὸν,
1214 1967 1314 2002 ἀνάγου
1329 1967 1397 2003 πρὸς
1413 1968 1520 2004 αἰθέρα.

960 2013 1042 2048 Σταίη
1053 2013 1106 2048 γὰρ
1112 2013 1182 2040 οὕτω
1192 2012 1268 2048 [edit.
1280 2013 1376 2049 οὕτως]
1388 2014 1436 2040 σὺν
1450 2015 1541 2048 σοφοῖς
1552 2014 1582 2040 τὸ
1596 2015 1641 2041 σὺν
1652 2015 1743 2050 λάχος.

959 2059 1079 2095 Σώφρων
1095 2059 1205 2094 βίωσκε,
1223 2059 1270 2086 καὶ
1288 2059 1318 2086 τὸ
1334 2059 1379 2086 σδν
1395 2060 1508 2094 φρούρει
1526 2060 1621 2095 δέμας.

961 2105 1120 2140 ’Υδρευσον,
1137 2105 1188 2138 υῐὲ,
1205 2104 1338 2139 νουνεχῶς
1355 2103 1427 2140 ὕδωρ
1444 2104 1532 2138 λόγου.

957 2151 1050 2186 ’Δφεὶς
1064 2152 1171 2179 ἅπαντα
1192 2152 1244 2186 γῆς
1257 2151 1416 2187 μελουργῶν
1434 2152 1554 2188 ᾄσματα,

958 2195 996 2227 Ἲς
1012 2198 1108 2233 ισχυρὰ
1125 2198 1294 2233 κραύγασοι,
1307 2198 1336 2231 ἐξ
1350 2197 1434 2232 ὕψους
1448 2198 1485 2224 ἴοι

958 2241 1005 2273 Εἰς
1019 2243 1154 2276 γλῶσσαν,
1169 2244 1207 2271 ὡς
1226 2244 1357 2275 μέλποιμι
1372 2243 1411 2276 τῷ
1427 2243 1560 2269 πλάσαντί
1579 2252 1623 2278 με.

1114 2381 1245 2416 Ejusdem
1268 2389 1365 2409 versus
1386 2382 1580 2412 adhortatorii.

994 2431 1059 2457 Ante
1076 2431 1164 2457 omnia
1181 2429 1263 2457 Deum
1281 2431 1354 2463 time,
1369 2435 1394 2457 et
1416 2432 1522 2466 quando
1545 2441 1677 2461 sermones
1703 2444 1744 2463 re-

958 2483 1045 2503 censes
1061 2476 1202 2509 salutares,
1219 2477 1246 2503 in
1268 2477 1352 2504 noctis
1365 2477 1477 2505 tenebris
1492 2480 1643 2508 reconditus
1656 2482 1740 2507 merit—

960 2528 1029 2554 tare,
1053 2527 1078 2549 et
1102 2522 1134 2549 ab
1150 2523 1270 2550 omnibus
1291 2527 1315 2549 te
1330 2523 1454 2551 humanis
1476 2532 1542 2551 exue
1560 2523 1735 2559 passionibus.

958 2567 1123 2602 Sapientium
1135 2568 1214 2595 dictis
1227 2576 1271 2595 cor
1289 2573 1363 2596 tuum
1383 2569 1490 2603 robora,
1512 2571 1620 2601 teiplum
1637 2570 1736 2595 Sancti-

954 2615 1007 2649 ﬁca
1020 2619 1046 2642 et
1056 2615 1175 2642 tte/estin
1193 2614 1330 2642 meditare.
1347 2614 1393 2643 Sic
1414 2617 1480 2643 enim
1491 2621 1547 2640 sors
1561 2619 1606 2640 tua
1622 2622 1681 2640 cum
1694 2623 1738 2641 sa-

952 2657 1083 2693 ptcntibus
1100 2659 1192 2686 stabit.
1212 2661 1427 2695 Viveprudenter,
1443 2666 1469 2688 et
1481 2669 1574 2695 corpus
1589 2667 1661 2688 tuum
1673 2671 1736 2690 con-

953 2711 1036 2730 serua.
1053 2703 1132 2730 Verbi
1143 2713 1239 2739 aquam
1250 2706 1362 2733 sollicite
1375 2706 1474 2739 hauri;
1490 2707 1611 2734 omnibus
1629 2709 1732 2736 omissis

952 2753 1031 2776 terra
1058 2751 1178 2777 cantibus
1203 2752 1314 2785 gemitus
1340 2753 1388 2785 cie,
1417 2758 1442 2780 et
1464 2754 1581 2782 animum
1604 2755 1631 2782 in
1650 2756 1732 2782 altum

953 2794 1026 2828 tolle,
1041 2793 1160 2822 Creatori
1169 2800 1214 2822 tuo
1225 2804 1329 2823 carmen
1345 2797 1492 2830 psaltenda.

984 2883 1022 2919 (‘2)
1035 2884 1150 2920 chend.
1168 2886 1260 2915 forsan
1282 2888 1370 2922 οεσμά
1386 2889 1483 2923 λόγοιο.
