4028 6288
414 311 489 376 15
1662 302 1990 365 ἈΒΞΕΝΙΙ

2104 300 2390 364 ONACHI
2773 305 2780 312 ’
3592 298 3658 364 16

491 428 686 498 Synodi
726 425 786 482 Vl
820 440 987 480 canon
1016 425 1106 480 25.

493 523 578 576 17.
614 520 727 576 Non
762 530 1015 590 Oportere
1047 520 1330 589 plusquam
1394 517 1684 572 canonicos
1729 527 1980 571 cantores

420 616 473 669 in
511 615 685 668 medio
712 613 959 668 ecclesia:
1003 624 1244 676 camare,
1305 620 1397 664 aut
1448 611 1727 665 ministros
1777 610 1988 664 exorci-

421 722 566 772 zare,
599 714 691 760 aut
724 721 877 760 Sacra
909 719 1040 759 vasa
1067 715 1304 775 tangere,
1339 715 1430 756 aut
1495 719 1686 774 panem
1751 701 1987 766 tradere,

423 813 518 856 aut
582 800 802 857 calicem
860 798 1224 853 benedicere:
1260 812 1444 852 rerum
1501 798 1661 849 etiam
1713 811 1986 865 nunquam

419 894 610 965 ianuas
635 893 976 962 relinquere;
1007 901 1264 946 canentes
1294 904 1421 943 vero
1493 901 1834 957 nequaquam
1897 887 1984 942 in-

422 985 654 1040 conditis
688 984 1019 1040 clamoribus
1047 984 1148 1037 hoc
1173 996 1351 1050 agere.

493 1077 694 1148 Syuudi
733 1075 1046 1131 Laodiceuae
1074 1089 1246 1129 canon
1287 1073 1372 1137 15,
1399 1070 1493 1137 21,
1549 1069 1640 1137 22,
1668 1069 1760 1135 25,
1799 1069 1893 1137 25,
1919 1068 1990 1124 26

425 1183 476 1223 et
511 1168 605 1223 45.

496 1260 701 1333 Synodi
761 1258 826 1314 Vl
890 1274 1062 1319 canon
1109 1259 1200 1325 55,
1265 1256 1354 1320 75,
1413 1265 1466 1313 et
1508 1256 1698 1329 synodi
1763 1253 1853 1309 VII
1904 1269 1994 1310 ca-

426 1370 530 1407 non
569 1351 652 1408 M.

499 1445 585 1500 18.
615 1443 819 1500 Omnes
870 1443 1271 1499 ecclesiasticas
1321 1441 1638 1497 traditiones
1685 1455 1792 1496 non
1851 1437 1990 1494 scri-

426 1550 564 1610 ptas,
595 1554 660 1594 ex
693 1537 1081 1594 consuetudine
1107 1534 1160 1591 in
1181 1536 1421 1592 Ecclesia
1454 1545 1715 1605 receptas,
1747 1534 1993 1603 scriptis-

426 1646 533 1701 que
562 1628 1043 1686 constitutionibus
1069 1629 1290 1683 minime
1321 1630 1644 1694 contrarias,
1697 1642 1819 1684 esse
1872 1641 1991 1680 ser-

429 1724 660 1780 vandas.
1300 1786 1314 1806 .

500 1813 684 1870 Sancti
708 1812 886 1869 Basilii
923 1827 1096 1868 canon
1123 1811 1192 1866 90
1222 1822 1276 1866 et
1304 1811 1396 1867 91.

500 1907 586 1963 19.
614 1905 728 1961 Non
764 1915 1013 1974 oportere
1041 1914 1231 1959 contra
1273 1902 1484 1957 Domini
1528 1903 1843 1957 mandatum
1889 1901 1992 1957 alia

429 2001 692 2070 quarpiam
728 1999 781 2053 in
808 1997 1133 2053 sacriﬁcium
1162 1996 1230 2049 ad
1259 2005 1505 2050 sanctum
1552 1993 1727 2050 altare
1773 1992 1990 2062 all‘erre,

430 2103 624 2163 pratter
654 2090 826 2145 solum
858 2105 1047 2160 panem
1081 2100 1134 2142 et
1160 2090 1344 2142 vinum
1393 2103 1532 2158 aqua
1579 2090 1843 2145 mistutn:
1904 2087 1996 2157 qui

427 2189 572 2242 enim
614 2193 808 2260 praeter
833 2184 947 2239 haec
977 2183 1128 2250 facit,
1153 2185 1471 2253 deponatur.

503 2277 828 2333 Sanctorum
866 2277 1231 2346 apostolorum
1258 2291 1434 2331 canon
1473 2276 1531 2332 5.

502 2369 704 2440 Synodi
729 2363 1193 2437 Carthaginiensis
1222 2383 1396 2423 canon
1421 2366 1514 2422 57.

503 2460 705 2532 Synodi
747 2457 810 2513 τι
844 2473 1020 2515 canon
1052 2458 1147 2526 28,
1180 2459 1247 2513 57
1283 2469 1338 2516 et
1367 2459 1458 2518 57.

501 2550 592 2602 20.
643 2547 874 2603 Fructus
925 2557 983 2604 et
1028 2549 1300 2620 primitias
1339 2564 1458 2620 qua
1502 2546 1824 2615 oﬂ‘eruntur,
1892 2561 2000 2606 non

434 2657 553 2699 esse
580 2651 767 2697 sancto
790 2641 947 2697 altari
981 2641 1320 2709 inferendas,
1352 2643 1448 2699 sed
1494 2643 1710 2698 domum
1777 2643 2000 2696 mitten-

435 2736 552 2800 das,
586 2743 643 2787 ut
676 2748 766 2788 eas
805 2733 1092 2803 episc0pus
1136 2741 1190 2788 et
1244 2733 1426 2788 caeteri
1489 2732 1675 2789 clerici
1730 2734 1997 2788 dividant.

435 2827 535 2892 Qui
566 2837 746 2880 autem
773 2827 887 2880 bac
911 2822 1162 2878 furantur
1217 2835 1312 2879 aut
1352 2823 1607 2880 auferunt
1644 2831 1842 2894 praztcr
1909 2839 2005 2879 vo-

434 2917 698 2972 luntatem
722 2914 983 2985 episcopi,
1010 2917 1358 2970 anathemate
1380 2914 1671 2977 feriuntur,
1721 2929 1788 2970 ac
1843 2913 2006 2984 quin-

435 3018 487 3061 tu
495 3008 580 3079 plo
609 3007 961 3062 mulctantur.

508 3200 835 3256 Sanctorum
863 3198 1226 3270 apostolorum
1257 3213 1429 3253 canon
1467 3199 1500 3253 4
1521 3210 1576 3253 et
1609 3198 1699 3252 72.

507 3291 708 3363 Synodi
749 3288 1076 3360 Gangrensis
1105 3304 1278 3343 canon
1309 3287 1366 3342 2.

507 3383 708 3458 Synodi
736 3382 1207 3453 Carthaginiensis
1233 3397 1405 3437 canon
1436 3382 1528 3442 57.

507 3476 709 3550 Syuodi
744 3472 814 3529 Vl
850 3488 1024 3529 canon
1047 3473 1139 3541 28,
1166 3473 1237 3528 57
1267 3484 1320 3528 et
1345 3473 1436 3530 99.

506 3570 786 3642 Theophili
817 3567 1169 3624 Alexandrini
1198 3582 1372 3623 canon
1399 3568 1453 3634 8,

505 3665 570 3720 Ει
602 3665 735 3736 legis
765 3672 926 3734 caput
951 3662 1039 3716 l9.

503 3762 593 3813 21.
623 3757 738 3813 Non
765 3768 1016 3827 oportere
1048 3754 1273 3810 linteum
1305 3761 1399 3808 aut
1431 3768 1521 3809 vas
1551 3751 1833 3824 quodlibet
1864 3767 1993 3808 aau-

435 3855 729 3908 etilicatum
755 3849 844 3905 alii
868 3847 1104 3918 cuipiam
1157 3845 1281 3902 usui
1324 3845 1640 3901 attribuere.
1701 3843 1802 3912 Qui
1852 3845 2003 3901 enim

438 3947 541 4000 hoc
569 3944 714 4009 facit,
742 3941 789 3996 ai
824 3941 1042 4010 quidem
1075 3939 1250 3995 sacris
1289 3937 1583 4005 deserviat,
1615 3946 1872 4009 tanquam
1918 3954 2006 3993 sa-

438 4037 673 4107 crilegus
694 4032 1010 4105 depoititur;
1033 4032 1202 4086 laicus
1232 4045 1360 4085 vero
1381 4031 1912 4086 excommunicatur.

506 4217 830 4273 Sanctorum
868 4211 1236 4282 apostolorum
1270 4226 1444 4268 canon
1475 4211 1565 4268 75.

506 4305 708 4378 Synodi
750 4306 801 4359 in
834 4304 1032 4375 templo
1077 4302 1814 4374 SanctornmeApostolorum
1864 4318 2008 4360 cete-

437 4402 607 4456 bratas
637 4411 811 4453 canon
839 4395 927 4451 10.

509 4493 574 4545 Ει
596 4488 766 4545 sancti
800 4488 1046 4561 Gregorii
1071 4487 1303 4561 Nysseni
1337 4502 1509 4545 canon
1545 4488 1601 4545 8.

503 4582 595 4637 22.
633 4581 749 4636 Non
781 4591 1030 4651 oportere
1054 4580 1333 4635 Dominica
1358 4588 1451 4634 aut
1487 4580 1803 4637 Pentecoste
1835 4594 2009 4652 genu-

437 4679 672 4743 ﬂectere,
697 4676 793 4731 sed
824 4684 1030 4729 stantes
1061 4671 1286 4727 Domino
1323 4685 1510 4741 preces
1539 4670 1760 4729 offerre.

511 4854 714 4927 Synodi
745 4851 977 4908 Nicaeum
1011 4865 1188 4906 canon
1220 4849 1314 4917 20,

506 4945 710 5017 Synodi
741 4945 804 4998 Vl
827 4959 1000 4999 cauon
1032 4941 1122 4997 90.

507 5039 694 5094 Sancti
718 5036 860 5091 Petri
891 5034 1244 5091 Alexandrini
1276 5049 1449 5090 canon
1491 5036 1576 5091 15.

508 5127 695 5185 Sancti
722 5127 903 5181 Basilii
936 5141 1109 5181 canon
1141 5126 1235 5186 90.

502 5222 595 5278 25.
619 5219 951 5277 Cessandum
984 5235 1105 5273 esse
1126 5220 1194 5275 ab
1249 5223 1500 5289 operibus
1550 5222 1640 5280 die
1699 5223 2002 5292 Dominica,

438 5316 539 5371 nisi
569 5313 866 5370 necessitas
895 5322 1115 5380 urgeat;
1176 5310 1414 5369 Sabbato
1466 5329 1594 5370 vero
1646 5317 2001 5386 operandum.

436 5407 535 5475 Qui
567 5406 709 5461 enim
735 5403 863 5459 illud
896 5403 1052 5458 otiosi
1112 5402 1334 5473 degunt,
1393 5406 1744 5463 anathemate
1795 5411 2004 5478 percel-

437 5501 647 5553 luntur.

507 5590 713 5663 Synodi
749 5589 1065 5647 Laodicenac
1097 5607 1269 5647 canon
1299 5592 1392 5648 29.

506 5681 598 5736 24.
634 5678 860 5751 Sauctas
881 5681 1146 5753 imagines
1174 5683 1460 5753 erigendas
1487 5699 1606 5738 esse
1661 5696 1823 5754 atque
1873 5691 2005 5741 ado-

432 5776 654 5847 randas,
689 5789 812 5830 cum
848 5775 1019 5833 honor
1050 5777 1116 5832 ad
1148 5777 1422 5850 exemplar
1470 5787 1728 5834 transeat.
1762 5778 1815 5832 Si
1877 5781 2000 5851 quis

2015 433 2060 490 Α
2160 421 2383 475 Συνόδου
2412 417 2467 485 ς’
2494 420 2672 474 κανὼν
2702 419 2808 490 κγ’.

2164 514 2246 580 ιζ’.
2284 516 2406 568 Ὀτι
2449 515 2509 568 οὺ
2536 516 2619 568 δεῖ
2648 514 2814 568 πλέον
2849 513 2958 568 τῶν
3005 513 3308 571 κανονικῶν
3335 513 3559 586 ψαλτῶν
3589 515 3652 569 ιν

2092 608 2242 679 μέσῳ
2282 609 2380 679 τῆς
2418 607 2720 678 ἐκκλησίας
2751 607 2998 676 ψάλλειν,
3047 610 3079 680 ἢ
3113 607 3424 679 ὲφορκίζειν
3452 609 3663 683 ὐπηρέο

2089 715 2187 762 τας
2211 714 2226 728 ·
2260 697 2293 768 ἦ
2323 698 2594 752 ἅπτεσθαι
2624 697 2786 770 ίερῶν
2819 699 3054 762 σκευῶν,
3085 700 3117 770 ἢ
3165 700 3334 772 ἄρτον
3359 700 3586 768 διδόναι,
3621 701 3685 772 ἢκ

2090 789 2353 859 ποτήριον
2379 788 2625 856 εὐλογεῖν
2649 805 2663 818 ·
2698 788 2836 841 ἀλλά
2869 790 3143 859 μηδέποτε
3171 790 3267 853 τὰς
3298 791 3467 862 θύρας
3497 794 3664 861 ἐγκα-

2088 881 2479 952 ταλιμπάνειν·
2512 882 2609 935 καὶ
2643 885 2768 946 τοὺς
2801 881 3109 952 ψάλλοντας
3139 883 3196 936 δὲ
3236 885 3312 956 μὴ
3339 882 3493 954 βοαῖς
3521 887 3662 940 ἀτά-

2090 992 2240 1039 κτοις
2279 975 2592 1045 χρωμένους
2624 974 2783 1028 τοῦτο
2805 978 3002 1030 ποιεῖν.

2161 1068 2389 1120 Συνὸδου
2421 1066 2746 1132 Λαοδικείας
2784 1069 2963 1122 κανὼν
3000 1075 3082 1135 ιε’,
3112 1066 3219 1136 κα’,
3265 1064 3371 1140 κβ’,
3404 1069 3513 1139 κγ’,
3555 1068 3675 1139 κε’,

2090 1159 2184 1224 κς’
2211 1164 2305 1215 καὶ
2329 1159 2443 1232 μγ’.

2163 1256 2391 1310 Συνόδου
2438 1253 2491 1321 ς’
2521 1254 2700 1311 κανὼν
2754 1257 2834 1326 λγ’
2894 1255 2987 1311 καὶ
3042 1262 3138 1323 σε’,
3209 1258 3303 1312 καὶ
3343 1257 3562 1312 συνόδου
3618 1257 3665 1323 ζ’

2090 1348 2274 1402 κανὼν
2307 1348 2388 1403 ιδ’.
2707 1409 2709 1412 ς

2162 1439 2255 1510 ιη’.
2293 1440 2417 1495 Ὅτι
2445 1439 2530 1493 δεῖ
2553 1442 2746 1512 τηρεῖν
2779 1442 2874 1497 καὶ
2915 1441 3016 1506 τὰς
3052 1442 3338 1513 ἀγράφους
3367 1442 3549 1506 πάσας
3576 1442 3667 1496 ὲκ-

2092 1527 2488 1599 κλησιαστικάς
2530 1533 2884 1604 παραδόσεις,
2921 1533 3022 1599 τὰς
3067 1535 3133 1590 ἐκ
3185 1533 3477 1605 συνηθείας
3517 1533 3667 1588 δεδε-

2092 1623 2310 1693 γμένας
2334 1625 2401 1695 τῇ
2431 1623 2751 1697 Ἐκκλησία,
2785 1627 2878 1681 καὶ
2908 1626 2986 1698 μὴ
3008 1626 3430 1698 ἐναντιουμένας
3463 1627 3668 1699 ἐγγρά-

2099 1732 2218 1786 τροις
2247 1734 2459 1782 τυποις.

2023 1787 2066 1845 Β
2166 1809 2272 1864 Τοῦ
2307 1811 2463 1880 ἁγίου
2505 1812 2784 1865 Βασιλεῐου
2815 1811 2996 1868 κανὼν
3018 1810 3068 1882 ί(
3087 1812 3184 1868 καὶ
3205 1815 3315 1881 ίιαν.

2171 1900 2258 1959 ιδ’.
2287 1904 2410 1958 Ὂτι
2453 1905 2515 1958 οὐ
2564 1905 2645 1958 δεῖ
2677 1903 2830 1977 παρὰ
2860 1905 2961 1977 τὴν
2999 1907 3096 1960 τοῦ
3148 1907 3360 1977 Κυρίου
3416 1903 3670 1972 διάταξιν

2096 1994 2264 2066 ἕτερά
2289 2013 2411 2050 τινα
2435 1998 2517 2060 εἰς
2540 1995 2732 2051 θυσίαν
2767 1998 3067 2069 προσάγειν
3104 1998 3182 2070 τῷ
3217 1999 3356 2069 ἁγίῳ
3383 1997 3672 2070 θυσιαστη·

2099 2087 2225 2159 ρίῳ,
2256 2088 2290 2160 η
2329 2087 2494 2158 μόνον
2531 2088 2698 2161 ἄρτον
2734 2090 2829 2144 καὶ
2852 2085 2998 2145 οἶνον
3032 2089 3190 2146 ὕδατι
3223 2093 3605 2164 μεμιγμένον·
3643 2094 3674 2146 δ

2097 2179 2207 2253 γὰρ
2236 2181 2389 2252 παρὰ
2425 2179 2601 2235 ταῦτα
2632 2183 2804 2235 ποιῶν
2859 2182 3250 2255 καθαιρείσθω.

2170 2273 2293 2326 Τῶν
2322 2272 2494 2342 ἁγίων
2522 2273 2842 2329 ἀποστόλων
2868 2275 3062 2351 ,κανὼν
3083 2274 3157 2346 γ’.

2170 2365 2404 2420 Συνόδου
2433 2364 2800 2438 Καρθαγὲνης
2819 2367 3003 2425 κανὼν
3040 2369 3144 2435 λζ’.

2167 2458 2394 2513 Συνόδου
2430 2458 2485 2527 ς’
2517 2459 2700 2516 κανὼν
2734 2461 2845 2530 κη’,
2885 2458 2989 2530 λζ’,
3010 2463 3107 2519 καὶ
3131 2461 3234 2528 γε’.

2169 2557 2244 2608 κ’.
2271 2551 2400 2607 ὀτι
2432 2553 2495 2607 οὐ
2535 2553 2618 2608 δεῖ
2656 2553 2976 2622 εἰσάγεσθαι
3015 2555 3074 2608 ὲν
3110 2555 3254 2625 ἁγίῳ
3301 2554 3675 2628 θυσιαστηρίῳ

2099 2645 2200 2707 τὰς
2225 2645 2679 2718 προσφερομένας
2701 2649 3084 2720 καρποφορίας
3122 2647 3219 2702 καὶ
3253 2648 3529 2722 ἀπαρχὰς,
3557 2651 3674 2704 ἀλλ’

2103 2737 2185 2800 είς
2246 2732 2397 2790 οἷκον
2458 2736 2932 2805 ἀποστέλλεσθαι,
2981 2740 3060 2804 ὡς
3116 2737 3186 2795 ἂν
3241 2741 3676 2814 ἐπιμερίσωνται

2103 2826 2277 2882 ταῦτα
2312 2826 2342 2883 δ
2364 2845 2423 2883 τε
2458 2829 2783 2895 ἐπίσκοπος,
2814 2831 2911 2885 καὶ
2930 2830 3183 2903 οίδλοιποὶ
3216 2833 3492 2904 κληρικοί.
3525 2836 3590 2890 Oi
3616 2837 3677 2889 δὲ

2102 2919 2275 2974 ταῦτα
2302 2920 2653 2987 κλέπτοντες,
2724 2923 2757 2994 ἢ
2806 2923 3199 2996 ἀφαιρούμενοι
3244 2927 3397 2997 παρά
3449 2928 3677 2999 γνώμην

2103 3012 2196 3066 τοῦ
2245 3013 2574 3083 ἐπισκόπου,
2618 3013 3153 3088 ἁναθεματίζονται,
3202 3017 3300 3072 καὶ
3348 3018 3679 3092 ζημιοῦνται

2034 3133 2076 3190 C
2111 3107 2576 3166 πενταπλασίονα.

2179 3199 2300 3254 Τῶν
2323 3201 2497 3272 ἁγίων
2524 3201 2845 3257 ἀποστόλων
2867 3201 3050 3259 κανὼν
3072 3202 3117 3258 δ’
3142 3204 3236 3260 καὶ
3261 3205 3359 3279 οβ’.

2176 3293 2401 3348 Συνόδου
2433 3293 2702 3367 Γαγγρῶν
2725 3293 2910 3350 κανὼν
2939 3294 3012 3368 β’.

2177 3384 2402 3440 Συνόὸου
2432 3386 2795 3460 Καρθαγένης
2827 3388 3008 3444 κανὼν
3037 3388 3140 3455 λζ’.

2176 3479 2286 3533 Καὶ
2312 3479 2534 3535 συνόδου
2565 3478 2621 3547 ς’
2653 3481 2838 3536 κανὼν
2867 3478 2979 3557 κη’,
3009 3481 3090 3549 νζ¹
3116 3483 3216 3537 καὶ
3247 3483 3356 3553 ίιθθ.

2179 3573 2439 3645 Θεοφίλου
2466 3572 2880 3648 Ἀλεξανδρείας
2911 3575 3095 3632 κανὼν
3116 3575 3191 3650 η’.

2177 3669 2288 3722 Καὶ
2320 3667 2544 3738 νομικὸν
2575 3669 2880 3741 κεφάλαιον
2912 3668 3009 3728 ιθ’.

2175 3757 2286 3817 κα’.
2318 3761 2441 3815 Ὅτι
2461 3761 2524 3815 οὐ
2562 3762 2646 3816 δεῖ
2673 3761 2866 3834 ὀθόνην
2895 3762 2931 3837 ᾗ
2967 3763 3162 3828 σκεῦος
3185 3763 3247 3819 τδ
3291 3766 3497 3823 οίονοῦν
3528 3749 3683 3838 ἁγια-

2109 3847 2235 3906 σθὲν
2267 3852 2348 3917 είς
2379 3852 2572 3924 ἑτέραν
2613 3852 2816 3926 χρῆσίν
2843 3871 2966 3909 τινα
3008 3856 3426 3929 σφετερίζεσθαι
3449 3875 3466 3893 ο
3505 3861 3532 3912 ὁ
3567 3862 3680 3934 γὰρ

2107 3944 2266 3999 τοῦτο
2295 3943 2485 4013 ποιῶν,
2513 3946 2563 3999 εί
2607 3948 2708 4018 μὲν
2742 3949 3040 4019 ίερωμὲνος
3067 3952 3239 4020 ἐστὶν,
3267 3951 3345 4019 ὡς
3395 3954 3678 4026 ἱερόσυλος

2109 4033 2454 4107 καθαιρεῖται
2481 4051 2497 4068 ο
2537 4036 2590 4090 εί
2630 4036 2686 4090 δὲ
2727 4037 2934 4102 λαῖκὸς,
2979 4039 3301 4110 ἀφορίζεται
3370 4045 3681 4120 ἀκοινωνήο

2106 4144 2237 4189 τως.

2181 4221 2304 4275 Ἔῶν
2337 4222 2511 4292 ἁγίων
2548 4223 2866 4280 ἀποστόλων
2894 4227 3076 4283 κανὼν
3108 4235 3216 4298 of.

2180 4313 2407 4369 Συνόδου
2451 4317 2551 4388 τῆς
2586 4317 2645 4370 ὲν
2686 4317 2770 4390 τῷ
2815 4319 2930 4390 ναῷ
2959 4319 3070 4375 τῶν
3103 4320 3301 4391 ’Δγίων
3342 4323 3680 4381 ’Δποστόλων

2110 4404 2293 4459 κανὼν
2320 4404 2377 4465 ι’.

2033 4485 2088 4548 Β
2180 4494 2287 4552 Καὶ
2314 4497 2409 4552 τοῦ
2434 4497 2588 4568 ἁγίου
2618 4499 2924 4573 Γρηγορίου
2953 4503 3180 4575 Νύσσης
3214 4508 3394 4563 κανὼν
3413 4504 3487 4582 η’.

2183 4587 2291 4661 τιβῆ
2323 4593 2444 4646 Ὅτι
2472 4595 2532 4647 οὐ
2561 4593 2641 4648 δεῖ
2670 4596 2873 4650 κλίνειν
2908 4596 3037 4668 γόνυ
3067 4599 3122 4651 ὲν
3150 4601 3426 4674 Κυριακῇ,
3468 4603 3500 4675 ἢ
3533 4605 3592 4657 ἐν
3614 4609 3681 4680 τῇ

2112 4683 2501 4755 Πεντηκοστῇυ
2540 4684 2660 4738 ἀλλ’
2699 4686 2944 4752 ἑστῶτας
2979 4692 3316 4761 προσφέρειν
3372 4693 3451 4764 τῷ
3490 4696 3681 4768 Κυρίῳ

2110 4773 2210 4835 τὰς
2235 4773 2422 4843 εὐχάς.

2184 4864 2412 4918 Συνόδου
2437 4864 2672 4931 Νικαίας
2694 4866 2876 4924 κανὼν
2898 4868 2968 4924 κ’.

2183 4956 2410 5011 Συνόδου
2437 4956 2490 5023 ς’
2522 4958 2705 5013 κανὼν
2737 4965 2810 5028 Lf.

2181 5047 2290 5102 Τοῦ
2313 5050 2470 5118 ἁγίου
2503 5052 2714 5123 Πέτρου
2746 5052 3151 5126 Ἀλεξανδρείας
3192 5056 3373 5112 κανὼν
3406 5055 3486 5123 ιε’.

2183 5138 2296 5192 Καὶ
2317 5138 2410 5192 τοῦ
2441 5140 2599 5209 ἁγίου
2625 5141 2910 5196 Βασιλείαν
2934 5143 3113 5198 κανὼν
3148 5141 3218 5211 ιζ.

2183 5237 2290 5301 κγ’.
2318 5233 2439 5287 Ὅτι
2463 5235 2543 5288 δεῖ
2570 5221 2853 5307 σχολάζειν
2886 5236 2994 5290 τῶν
3016 5237 3195 5308 ἔργων
3229 5240 3290 5292 ἐν
3319 5241 3599 5317 κυριακῇ,
3630 5247 3682 5300 τί

2117 5326 2191 5394 μὴ
2223 5325 2440 5395 ἀνάγκη
2479 5328 2835 5396 κατεπείγει·
2872 5331 2932 5382 ἐν
2979 5329 3036 5382 δὲ
3081 5329 3161 5401 τῷ
3217 5332 3482 5404 Σαϐϐάτῳ
3516 5339 3684 5408 ὲργά.

2111 5417 2322 5483 ζεσθαι.
2369 5421 2430 5472 Ui
2468 5423 2576 5489 γὰρ
2625 5419 2924 5491 ἀργοῦντες
2959 5424 3113 5488 αὐτὸ,
3157 5411 3680 5498 ἀναθεματίςονται.

2180 5597 2409 5652 Συνόδου
2437 5600 2753 5667 Λαοδικείας
2783 5603 2963 5659 κανὼν
2995 5605 3101 5660 κθ’.

2181 5689 2279 5744 κδ’.
2316 5693 2438 5744 Ὀτι
2488 5693 2569 5745 δεῖ
2609 5693 3047 5765 ἁναστηλοΰσθαι
3087 5699 3248 5769 ἁγίας
3292 5701 3527 5772 εἰκόνας,
3583 5709 3683 5761 καὶ

2112 5784 2535 5856 προσκυνεῖσθαι
2573 5786 2767 5856 αὐτὰς,
2790 5789 2865 5856 ὡς
2899 5790 2998 5864 τῆς
3036 5793 3202 5866 τιμῆς
3238 5795 3330 5848 ἐπὶ
3356 5793 3415 5848 τὸ
3461 5801 3687 5869 πρωτό-
