4060 6294
336 396 407 460 17
1581 397 1918 458 ΕΡΙΤΟΜΕ

2026 396 2348 459 tNONUM.
3515 401 3580 468 18

337 522 505 558 τυπον
547 505 1054 578 διαϐαινούσης.Ἐί
1092 507 1148 560 δέ
1175 524 1260 570 τις
1289 504 1524 577 κρύπτει
1567 504 1700 577 παρ’
1730 505 1911 577 ἑαυτῷ

2026 515 2200 563 autem
2226 507 2367 576 apud
2407 521 2465 562 se
2493 508 2762 564 occultum
2795 509 2961 565 habet
2994 511 3186 566 librum
3247 528 3432 568 eorum
3488 516 3585 584 qui

340 597 542 668 βιϐλίον
568 600 677 653 τῶν
703 601 1100 671 είκονομάχων,
1130 601 1177 653 εξ
1200 599 1298 671 μὲν
1325 599 1625 669 ίερωμένος
1652 599 1789 665 ἐστὶ,
1811 616 1899 651 κα.

341 690 640 763 θαιρείσθω
659 709 673 722 ·
710 694 759 746 εί
779 692 837 748 δὲ
862 693 1073 759 λαῖκὺς,
1103 691 1470 764 ἀφοριζὲσθω.

407 784 639 838 Συνὸδου
668 792 724 850 ς’
756 783 936 840 κανὼν
963 783 1077 856 πβ’.

407 875 639 930 Συνόδου
672 873 713 943 ξ’
745 875 930 931 κανὼν
965 871 1030 942 ζ’,
1057 878 1123 931 θ’.

409 972 514 1027 κε’.
542 969 670 1024 Ὀτι
698 969 762 1024 ού
791 970 874 1024 δεῖ
907 969 1001 1023 ἰπὶ
1033 967 1129 1024 τοῦ
1177 968 1411 1039 ἐδάφους
1446 967 1687 1042 σταυροῦ
1735 967 1909 1022 τύπον

342 1060 805 1127 κατασκευάζεινο
844 1061 962 1117 ἀλλ’
997 1062 1047 1115 εί
1073 1063 1169 1116 καὶ
1207 1060 1486 1134 εὑρεθείη,
1525 1061 1688 1116 παντὶ⁵
1723 1060 1908 1133 τρόπῳ

341 1150 698 1219 ἀφανίζεσθαι
721 1152 948 1222 τοῦτον,
979 1151 1337 1225 ἀφορίζονται
1365 1153 1476 1225 γὰρ
1521 1154 1569 1207 oi
1608 1149 1768 1207 τοῦτο
1805 1168 1908 1206 κα-

342 1241 708 1319 ταδεχόμσνοι.

414 1332 610 1390 Κανῶν
638 1342 718 1406 ογ*
739 1336 957 1392 συνόδου
989 1335 1064 1403 ς’.

413 1423 527 1490 κς’.
553 1425 682 1480 Ὀτι
725 1426 786 1481 ού
817 1426 899 1481 δεῖ
942 1429 1085 1493 τοὺς,
1121 1426 1350 1490 πιστοὺς
1397 1427 1504 1502 πρὸ
1535 1428 1637 1499 τῆς
1687 1427 1932 1500 ἐαρινῆς.

349 1520 639 1592 ἰσημερίας
664 1519 727 1574 τδ
751 1521 942 1591 Πάσχα
973 1519 1260 1576 ἐπιτελεῖν.
1282 1521 1345 1576 Oi
1366 1521 1472 1592 γὰρ
1501 1520 1660 1575 τοῦτο
1689 1519 1916 1576 ποιοῦνο

343 1630 455 1678 τες,
500 1613 553 1668 εί
588 1614 687 1685 μὲν
716 1615 1005 1687 ίερωμὲνοι
1044 1617 1172 1683 εἰσὶ,
1231 1614 1644 1687 καθαιροῦνται,
1673 1612 1768 1667 καὶ
1796 1612 1913 1667 ἀτι-

347 1705 647 1776 μάζονται·
679 1709 728 1761 εί
753 1708 810 1762 δὲ
858 1709 1038 1763 λαῖκοὶ
1070 1708 1452 1780 ἀφορίζονται,
1496 1709 1594 1762 καὶ
1641 1706 1743 1778 τῆς
1783 1706 1911 1760 Ἐκ-

345 1799 575 1868 κλησίας
607 1800 986 1858 ἔκδάλλονται.

414 1891 536 1947 Τῶν
563 1893 735 1959 ἁγίων
762 1893 1075 1948 ἀποστόλων
1107 1891 1288 1947 κανὼν
1322 1891 1387 1959 ζ’.

414 1985 642 2036 Συνόδου
688 1985 1028 2056 ’Δντιοχείας
1054 1984 1237 2040 κανὼν
1270 1984 1342 2040 α’.

414 2075 643 2130 Συνδδου
683 2077 1049 2149 Καρθαγένης
1072 2077 1257 2133 κανὼν
1284 2073 1382 2145 λδ⁹,
1421 2075 1503 2132 να’
1524 2075 1622 2130 καὶ
1645 2081 1746 2145 ογν.

413 2165 519 2232 κζ’.
553 2170 671 2222 ’Ὁτι
698 2169 758 2223 ού
789 2171 873 2225 δεῖ
893 2189 1012 2225 τινα
1036 2170 1145 2225 τῶν
1181 2170 1388 2224 πιστῶν
1415 2173 1481 2242 τῇ
1514 2167 1777 2240 ἐπαύριον
1817 2166 1920 2238 τῆς

345 2258 582 2332 Χριστοῦ
614 2262 926 2336 Γεννήσεως
966 2263 1250 2337 Ἐπιλύχια
1278 2266 1344 2336 τῇ
1383 2263 1626 2335 παναγία
1672 2260 1919 2332 Θεοτόκῳ

346 2354 616 2411 ἐπιτελεῖν
637 2370 655 2389 ⁶
679 2356 970 2427 ἀλόχευτον
998 2356 1108 2429 γὰρ
1125 2357 1217 2412 τδν
1243 2358 1304 2411 ὲκ
1335 2359 1434 2428 τῆς
1465 2354 1746 2426 Παρθένου
1773 2354 1921 2408 θεῖον

345 2447 507 2500 τόκον
523 2446 918 2520 ὁμολογοῦμεν.
948 2446 1006 2501 '0
1033 2448 1091 2503 δὲ
1119 2447 1277 2502 τοῦτο
1303 2447 1497 2514 ποιῶν,
1528 2447 1578 2501 εί
1620 2446 1720 2518 μὲν
1754 2446 1920 2517 ῖερω-

352 2539 516 2610 μένος
563 2540 726 2609 ἐστὶ,
779 2539 1163 2613 καθαιρεῖταιο
1214 2540 1262 2593 εί
1313 2540 1372 2594 δὲ
1422 2529 1609 2603 λάῖκδς
1665 2535 1920 2610 ἀφορίζει

347 2647 460 2687 ται.

420 2722 650 2778 Συνὸδου
683 2730 737 2791 ς’
767 2724 948 2781 κανὼν
973 2723 1072 2781 οθ’.

419 2823 533 2889 κη’.
566 2817 694 2873 Ὀτι
749 2817 833 2872 δεῖ
890 2817 1333 2891 ὲγκρατεύεσθαι
1374 2815 1771 2892 πρεσϐύτερον,
1821 2814 1920 2870 καὶ

349 2909 620 2975 διάκονον,
646 2913 744 2965 καὶ
775 2911 1136 2968 ὑποδιάκονον
1164 2911 1275 2967 ἀπὸ
1303 2910 1414 2968 τῶν
1453 2908 1605 2966 ἰδίων
1642 2908 1920 2981 γυναικῶν

349 3003 412 3056 ὲν
437 3005 560 3066 ταῖς
582 3004 826 3075 ἡμέραις
847 3003 957 3058 τῶν
989 3003 1348 3075 λειτουργιῶν
1380 3001 1598 3058 αὐτῶν⁹
1627 3002 1677 3056 οί
1708 2999 1816 3076 γὰρ
1844 3001 1920 3077 μὴ

349 3093 494 3149 οὔτω
543 3096 852 3165 ποιοῦντες,
907 3095 1324 3169 καθαιροῦνται.
1407 3095 1552 3160 Τοὺς
1600 3095 1658 3151 δὲ
1694 3094 1920 3160 λοιποὺς

351 3189 652 3261 κληρικοὺς
686 3190 748 3245 ού
784 3191 894 3264 χρὴ
921 3189 1335 3260 ἀναγκάζεσθαι
1355 3190 1442 3256 τίς
1465 3189 1652 3245 τοῦτο.

420 3287 651 3342 Συνόδου
682 3289 1046 3359 Καρθαγένης
1073 3286 1253 3344 κανὼν
1280 3286 1356 3358 γ’,
1379 3289 1444 3356 δ’,
1477 3292 1558 3342 κε’
1584 3287 1680 3341 καὶ
1709 3285 1776 3354 ξ’.

426 3381 658 3434 Συνόδου
686 3388 741 3446 ς’
769 3376 950 3436 κανὼν
985 3379 1073 3451 ιγ’.

425 3469 530 3528 κθ’.
571 3472 696 3527 Ὀτι
723 3474 783 3527 οὐ
822 3473 905 3527 δεῖ
946 3474 1006 3526 ὲν
1052 3469 1304 3545 κυριακῷ
1351 3469 1565 3537 πόλεως
1590 3470 1924 3546 ἐπιχωρίους

351 3561 766 3637 πρεσϐυτέρους
792 3552 1150 3636 προσφέρειν.

421 3656 654 3712 Συνόδου
682 3657 1122 3730 Νεοκαισαρείας
1153 3658 1340 3714 κανὼν
1371 3657 1463 3728 ιγ’.

422 3750 489 3805 λ’.
524 3750 735 3806 Ὀτιού
768 3749 851 3805 δεῖ
883 3751 1248 3822 καταφρονεῖν
1276 3748 1386 3805 τῶν
1428 3751 1492 3805 ἐκ
1520 3748 1758 3813 πίστεως
1780 3747 1922 3819 ἀγάο

350 3856 466 3908 ⁴ιτιισς·
488 3841 814 3910 ποιούντων,
855 3843 951 3898 καὶ
1001 3840 1424 3912 συγκαλούντων
1452 3842 1580 3906 τοὺς
1610 3839 1878 3912 ἀδελφούς
1905 3855 1921 3874 ⁸

358 3938 440 4010 μὴ
470 3941 653 3992 ποιεῖν
683 3937 740 3992 δὲ
759 3936 966 4002 ταύτας
997 3938 1056 3990 ὲν
1083 3935 1368 4009 ἐκκλησίᾳ,
1398 3936 1522 3990 ἐπεὶ
1545 3935 1922 4006 ἀφορίζονταιο

357 4030 499 4102 μήτε
531 4030 589 4085 δὲ
624 4031 806 4099 αἴρειν
841 4030 986 4100 μέρη
1018 4030 1076 4084 ἐν
1103 4030 1298 4093 αὐταῖς
1323 4042 1340 4061 ⁸
1367 4027 1464 4084 καὶ
1492 4030 1576 4082 ὃτι
1614 4029 1664 4083 οῖ
1705 4028 1926 4096 ἐξευτε-

349 4121 598 4190 λίζοντες
627 4120 856 4187 ταύτας,
878 4121 973 4176 καὶ
999 4121 1075 4193 μὴ
1104 4119 1490 4185 κοινωνοῦντες
1515 4121 1637 4187 ταῖς
1669 4121 1927 4193 κλήσεσιν

353 4213 690 4291 [κλάσεσιν],
724 4212 1240 4286 ἀναθεματίζονται.

427 4393 663 4448 Συνόδου
695 4393 965 4465 Γαγγρῶν
996 4391 1178 4447 κανὼν
1201 4390 1292 4449 ια’.

426 4487 653 4541 Συνόδου
681 4485 1006 4545 Λαοδικείας
1037 4481 1220 4536 κανὼν
1249 4477 1355 4550 κζ’,
1383 4477 1427 4537 ν’
1450 4482 1542 4535 καὶ
1570 4480 1678 4538 κη’.

435 4581 668 4636 Συνὸδου
700 4579 1070 4651 Καρθαγένης
1104 4575 1220 4648 μ6’.

424 4673 656 4728 Συνόδου
689 4679 742 4737 ς’
775 4669 957 4724 κανὼν
982 4667 1078 4724 οδ’.

423 4766 529 4821 λα’.
570 4764 695 4819 Ὀτι
746 4763 828 4815 δεῖ
870 4762 998 4824 τοὺς
1049 4762 1116 4833 τῇ
1162 4760 1434 4833 ἐκκλησίᾳ
1473 4758 1930 4833 προσφεύγοντας

357 4861 681 4932 ἐλευθέρους
701 4858 994 4929 τυγχάνειν
1020 4872 1036 4889 “
1062 4859 1214 4912 αίτου
1223 4855 1401 4928 μένων
1423 4856 1552 4925 περὶ
1583 4853 1794 4910 τούτων
1818 4853 1929 4908 τῶν

357 4957 458 5025 τῆς
483 4954 652 5024 ὲκκλη
663 4951 785 5016 σίας
810 4949 1146 5022 προσφύγων
1173 4948 1268 5003 καὶ
1289 4945 1644 5022 προεστῶτας
1664 4948 1709 5002 Χ
1716 4963 1927 5020 ριστιαο

357 5044 692 5108 νικωτὰτους
722 5042 981 5114 βασιλεῖς.

430 5134 657 5189 Συνδδου
694 5134 1062 5207 Καρθαγὲνης
1089 5131 1272 5190 κανὼν
1298 5131 1391 5200 ξδ’,
1431 5133 1536 5188 ne.

426 5227 532 5284 16'.
565 5226 691 5284 Ὀτι
719 5227 784 5283 ού
815 5226 897 5281 δεῖ
938 5226 1215 5284 διδάσκειν
1253 5225 1443 5281 λαῖκον
1477 5226 1718 5299 δημοσίᾳ
1739 5266 1754 5295 ,
1803 5226 1929 5282 ἐπεὶ

360 5319 686 5392 ἀφορίζεται
735 5318 954 5392 ἡμέρας
993 5318 1366 5389 τεσαράκοντα
1405 5332 1423 5349 ⁶
1459 5316 1584 5371 οὔτε
1636 5317 1695 5371 δὲ
1747 5317 1929 5375 λαλεῖν

361 5417 598 5482 γυναῖκα
629 5414 690 5468 ιν
719 5411 990 5486 ἐκκλησίᾳ
1019 5428 1036 5443 ο
1061 5411 1185 5466 οὐδὲ
1222 5410 1651 5484 προσκαθῆσθαι
1678 5411 1738 5466 ὲν
1763 5411 1926 5484 αύτῇο

360 5503 496 5558 οὔτε
539 5507 617 5570 είς
667 5506 826 5576 ἅγιον
879 5505 1270 5578 θυσιαστήριον
1306 5503 1596 5571 εἰσελθεῖν,
1644 5505 1800 5569 ἐκτὸς
1832 5503 1926 5563 τοῦ

366 5593 629 5665 βασιλέως
677 5593 962 5666 μέλλοντος
1011 5593 1286 5664 προσάξαι
1328 5591 1478 5664 δῶρα
1516 5591 1636 5665 Θεῷ
1660 5608 1677 5626 ⁸
1702 5591 1826 5649 οὔτε
1869 5595 1927 5650 δὲ

361 5688 514 5752 λιτάς
541 5689 728 5756 ἔξεστι
762 5690 939 5740 ποιεῖν
967 5685 1203 5750 λαῖκοῖς.
1337 5748 1342 5752 ,

434 5780 662 5834 Συνόδου
691 5779 1016 5843 Λαοδικείας
1053 5778 1237 5834 κανὼν
1274 5776 1364 5846 ια’,
1399 5778 1501 5850 μδ.

439 5869 668 5925 Συνὸδου
701 5876 756 5936 ς’
792 5869 973 5927 κανὼν
1003 5870 1095 5940 ξδ’,
1135 5870 1208 5937 ξθ¹
1237 5874 1330 5925 καὶ
1355 5869 1418 5926 ο’.

2019 602 2285 673 imagines
2331 610 2659 674 oppugnant,
2709 603 2756 659 si
2809 605 3022 674 quidem
3081 606 3252 663 sacris
3307 617 3585 677 operetur,

2019 694 2320 762 deponatur
2352 712 2365 748 :
2401 695 2444 751 si
2473 709 2600 752 vero
2629 696 2796 752 laicus
2820 700 2912 765 sit,
2945 708 3279 772 segregetur.

2091 784 2296 858 Synod!
2318 784 2386 841 Vl
2416 803 2587 842 canon
2617 788 2705 843 82.

2089 879 2292 950 Synodi
2314 877 2407 934 VII
2433 896 2604 936 canon
2638 881 2693 947 7,
2723 883 2777 938 9.

2083 973 2175 1028 25.
2209 973 2398 1030 Crucis
2427 974 2649 1045 figuram
2691 989 2855 1044 super
2893 976 3065 1030 solum
3120 989 3223 1029 non
3273 989 3394 1031 esse
3433 974 3587 1032 effino

2017 1067 2268 1140 gendam,
2305 1083 2490 1122 verum
2525 1079 2579 1123 et
2623 1070 2668 1124 si
2710 1069 3029 1138 reperiatur,
3054 1069 3199 1125 omni
3225 1069 3383 1126 modo
3413 1071 3584 1139 ipsam

2017 1169 2137 1210 esse
2167 1156 2489 1212 abolendam
2527 1174 2542 1213 :
2576 1159 2667 1228 qui
2697 1159 2839 1214 enim
2864 1158 2969 1214 hoc
3024 1158 3313 1230 recipiunt,
3368 1173 3588 1216 excom-

2021 1249 2382 1304 municantur.

2090 1340 2292 1413 Synodi
2319 1340 2386 1398 Vl
2419 1359 2590 1400 canon
2615 1345 2707 1400 75.

2091 1433 2183 1489 26.
2214 1434 2331 1490 Non
2362 1447 2614 1505 oportere
2672 1437 2854 1493 fideles
2895 1448 3019 1494 ante
3063 1455 3288 1496 vernum
3343 1439 3586 1511 aequino-

2019 1528 2184 1582 ctium
2213 1527 2419 1584 Pascha
2450 1530 2725 1588 celebrare
2778 1547 2792 1585 :
2825 1533 2917 1601 qui
2949 1533 3091 1588 enim
3134 1534 3238 1589 hoc
3266 1533 3489 1598 faciunt,
3540 1533 3589 1588 si

2019 1619 2235 1688 quidem
2267 1621 2440 1680 sacris
2458 1623 2656 1680 addicti
2687 1626 2814 1692 sint,
2849 1625 3213 1696 deponuntur,
3280 1640 3342 1682 ac
3403 1623 3590 1696 digni.

2023 1721 2134 1770 tate
2161 1713 2487 1784 privantur:
2523 1716 2568 1772 si
2612 1731 2746 1773 vero
2791 1717 2934 1784 laici,
2997 1725 3372 1790 segregantur,
3425 1726 3590 1788 atque

2021 1801 2248 1859 ecclesia
2271 1803 2582 1876 ejiciuntur.

1948 1881 1992 1937 Β
2093 1892 2415 1952 Sanctorum
2447 1896 2815 1969 apostolorum
2841 1912 3016 1954 canon
3055 1899 3112 1954 7.

2089 1985 2294 2060 Synodi
2321 1988 2668 2046 Antiochense
2702 2005 2877 2046 canon
2904 1991 2958 2047 1.
3063 2012 3068 2018 ·

2088 2078 2292 2152 Synodi
2321 2079 2784 2151 Carthaginiensis
2812 2096 2986 2138 canon
3019 2081 3110 2146 51,
3140 2081 3204 2138 51
3238 2091 3293 2137 et
3325 2082 3415 2138 73.

2085 2168 2175 2225 27.
2201 2169 2314 2225 Non
2348 2180 2596 2240 oportere
2651 2187 2980 2243 quemquam
3043 2172 3277 2229 fidelium
3327 2173 3587 2243 postridie

2016 2262 2226 2319 Christi
2261 2261 2572 2319 Nativitatis
2594 2263 3031 2321 Purificationem
3068 2265 3431 2322 sanctissimae
3461 2266 3587 2322 Dei-

2016 2369 2162 2425 parzn
2215 2355 2513 2413 celebrare.
2577 2356 2822 2414 Divinum
2878 2358 3023 2414 enim
3078 2356 3320 2429 Virginis
3372 2368 3585 2430 partum

2019 2457 2497 2518 purgamentorum
2531 2457 2806 2518 expertem
2856 2447 3197 2504 confitemur.
3258 2449 3357 2516 Qui
3408 2459 3586 2504 autem

2017 2535 2119 2594 hoc
2147 2537 2298 2601 facit.
2322 2537 2586 2609 siquidem
2615 2553 2772 2594 sacro
2811 2553 3034 2595 munere
3076 2537 3357 2611 fungatur,
3417 2541 3590 2611 depo-

2020 2629 2204 2698 nitur;
2243 2629 2412 2686 laicus
2441 2644 2568 2686 vero
2599 2641 2938 2701 segregatur.

2099 2718 2303 2792 Synodi
2333 2718 2402 2775 VI
2427 2732 2600 2774 canon
2631 2718 2720 2776 79.

2087 2811 2181 2867 28.
2212 2812 2472 2883 Oportere
2525 2813 2920 2884 presbyterum,
3002 2813 3287 2870 diaconum
3347 2822 3402 2871 et
3459 2812 3590 2870 sub-

2021 2905 2308 2962 diaconum
2338 2905 2405 2962 iis
2437 2903 2628 2962 diebus
2653 2906 2849 2978 quibus
2891 2904 3082 2962 ofﬁciis
3115 2906 3230 2962 suis
3268 2903 3586 2976 funguntur,

2020 2997 2090 3054 ab
2119 2997 2379 3056 uxoribus
2426 2999 2541 3054 suis
2585 3013 2645 3055 se
2676 2999 2956 3056 continere
2989 3015 3004 3052 :
3037 2998 3130 3071 qui
3163 2997 3306 3054 enim
3357 3012 3463 3053 non
3510 2997 3585 3052 ita

2022 3088 2250 3158 faciunt,
2286 3088 2636 3162 deﬁciuntur.
2683 3078 2878 3147 Cameri
2909 3105 3039 3147 vero
3083 3089 3268 3146 clerici
3313 3102 3422 3144 non
3463 3094 3589 3144 sunt

1945 3204 1990 3267 ο
2019 3181 2092 3238 ad
2118 3183 2221 3239 hoc
2249 3182 2493 3252 cogendi.

2096 3274 2300 3348 Synodi
2339 3275 2804 3348 Carthaginiensis
2833 3291 3004 3333 canon
3026 3277 3079 3342 5,
3112 3275 3169 3342 4,
3193 3274 3265 3331 25
3293 3283 3344 3332 et
3373 3274 3461 3331 60.

2094 3369 2298 3442 Synodi
2330 3368 2400 3423 Vl
2433 3385 2603 3426 canon
2626 3369 2714 3426 15.

2091 3463 2182 3520 29.
2213 3462 2330 3521 Non
2372 3473 2626 3534 oportere
2679 3464 2822 3519 ruris
2868 3462 3214 3535 presbyteros
3258 3463 3313 3520 in
3355 3465 3587 3520 ecclesia

2025 3555 2259 3612 civitatis
2287 3556 2501 3611 otl'erre.

2099 3648 2298 3720 Synodi
2329 3644 2780 3704 Neocaesariensis
2801 3660 2974 3702 canon
3000 3646 3091 3702 13.

2093 3739 2185 3796 30.
2217 3740 2336 3796 Non
2366 3755 2486 3796 csse
2522 3740 2952 3796 contemnendos
2977 3754 3072 3796 eos
3101 3738 3194 3811 qui
3222 3754 3286 3794 ex
3322 3738 3424 3794 fide
3467 3752 3592 3806 aga-

2025 3847 2124 3903 pas
2183 3831 2390 3888 faciunt
2449 3839 2504 3888 et
2563 3830 2760 3887 fratres
2818 3841 3138 3897 convocant,
3198 3845 3289 3887 eas
3343 3844 3475 3885 vero
3535 3830 3590 3885 in

2025 3923 2251 3980 ecclesia
2285 3939 2390 3980 non
2449 3937 2571 3979 esse
2617 3920 2925 3990 faciendas;
2975 3936 3098 3976 nam
3144 3921 3235 3991 qui
3292 3935 3446 3976 secus
3512 3919 3596 3972 (συ

2027 4015 2197 4081 ciunt,
2219 4017 2760 4071 exeommunicantur
2777 4033 2793 4082 ;
2813 4029 2985 4085 neque
3006 4026 3136 4069 vero
3157 4023 3339 4081 partes
3373 4013 3429 4068 in
3460 4011 3594 4084 ipsis

2024 4123 2144 4167 esse
2166 4106 2450 4164 tollendas.
2481 4106 2583 4174 Qui
2618 4119 2798 4165 autem
2839 4109 2982 4180 ipsas
3008 4107 3387 4180 parvifaciuut,
3423 4122 3594 4177 neque

2026 4198 2398 4254 vacationibus
2454 4198 2538 4270 (F.
2582 4200 2949 4272 fractionibus)
2990 4203 3413 4264 communicant,
3465 4215 3597 4253 ava-

2029 4290 2265 4349 thcmate
2297 4293 2692 4359 percutiuntur.
2935 4357 2953 4372 ._

2102 4382 2304 4454 Synodi
2327 4382 2658 4454 Gangrensis
2683 4399 2853 4440 canon
2886 4384 2970 4440 11.

2099 4477 2301 4546 Synodi
2332 4477 2654 4532 Laodicenis
2685 4492 2857 4532 canon
2893 4477 2985 4543 27,
3021 4477 3089 4531 50
3115 4487 3167 4532 ct
3194 4479 3284 4533 28.

1958 4556 2002 4612 Ι)
2103 4564 2301 4638 Synodi
2331 4567 2738 4638 Carthaginens.
2786 4583 2958 4624 canon
3003 4568 3092 4623 42.

2104 4658 2300 4731 Synodi
2338 4659 2401 4712 γι
2424 4675 2593 4715 canon
2620 4661 2709 4715 74.

2102 4765 2192 4820 51.
2225 4765 2490 4835 Oportere
2548 4781 2640 4820 eos
2693 4767 2782 4836 qui
2818 4767 2882 4821 ad
2938 4767 3225 4822 ecclesiam
3279 4767 3595 4837 confugiunt

2027 4857 2230 4914 liberos
2284 4873 2403 4913 esse
2448 4873 2615 4912 :cum
2662 4859 2897 4926 ipsorum
2957 4859 3199 4916 ecclesiae
3247 4860 3592 4932 perfugarum

2030 4948 2130 5018 ipsi
2161 4949 2322 5002 etiam
2357 4948 2803 5005 Christianissimi
2861 4951 3217 5021 imperatores
3275 4951 3384 5007 sint
3413 4961 3596 5024 prote-

2031 5050 2230 5096 ctores.

2096 5129 2292 5201 Synodi
2322 5130 2673 5201 Carthagenae
2706 5129 2976 5205 canon,“
2996 5141 3049 5188 et
3080 5131 3170 5187 84.

2103 5221 2192 5277 52.
2231 5220 2347 5277 Non
2378 5233 2631 5294 oportere
2675 5224 2868 5279 laicum
2903 5228 2909 5240 '
2941 5224 3150 5293 publice
3197 5226 3414 5291 docere,
3459 5225 3596 5279 alio-
3695 5251 3697 5253 ι

2031 5313 2123 5382 qui
2174 5313 2674 5370 excommunicatur
2717 5313 2910 5369 diebus
2967 5313 3363 5385 quadraginta;
3418 5328 3594 5384 neque

2031 5418 2164 5461 vero
2193 5404 2472 5459 mulierem
2512 5405 2564 5459 in
2597 5404 2828 5460 ecclesia
2871 5405 3042 5475 loqui.
3094 5420 3268 5476 neque
3302 5405 3593 5477 prasidere

2031 5496 2087 5552 in
2117 5510 2218 5563 ea;
2254 5512 2430 5566 neque
2466 5499 2532 5551 ad
2572 5506 2818 5551 sanctum
2871 5499 3043 5553 altare
3080 5499 3360 5565 accedere,
3399 5509 3596 5572 praeter

2032 5588 2419 5659 imperatorem
2453 5604 2676 5644 munera
2714 5590 2822 5645 Deo
2844 5592 3177 5649 oblaturum.
3211 5591 3394 5665 Neque
3423 5593 3588 5650 etiam

2029 5680 2185 5737 iatcis
2207 5681 2331 5736 licet
2361 5695 2546 5751 preces
2573 5679 2775 5736 facere.

2103 5772 2302 5846 Synodi
2334 5773 2651 5830 Laodicenze
2680 5791 2852 5830 canon
2890 5777 2975 5842 11,
3007 5777 3098 5833 ﬂ.

2101 5865 2304 5940 Synodi
2331 5863 2398 5922 Vl
2425 5882 2594 5924 canon
2629 5867 2719 5938 61,
2744 5868 2812 5925 69
2842 5879 2895 5925 ct
2921 5868 3014 5926 70.
