4060 6294
393 348 466 412 23
1676 365 1959 426 ARSENI

2067 368 2140 427 ῙΟ
2150 368 2346 430 NACH
2355 372 2379 430 Ι
3573 385 3640 448 24

348 485 351 488 ·
395 479 499 516 non
534 474 821 535 'receptos,
888 466 1023 531 citra
1081 483 1234 522 suam
1293 469 1530 542 culpam,
1567 473 1832 542 dignitate
1866 490 1962 530 sua

2069 479 2160 532 mi
2193 477 2267 550 μὴ
2297 481 2589 551 δεχθέντας
2620 485 2724 538 ὑπὸ
2753 487 2851 556 τῆς
2889 489 3025 554 ιδίας
3064 494 3377 563 παροικίας,
3399 497 3459 549 οὗ
3486 498 3637 568 παρᾶ

392 558 644 621 gaudere,
702 575 767 613 ac
818 574 1014 614 munus
1064 575 1217 616 suum
1257 563 1447 630 obire,
1501 565 1674 621 donec
1721 566 1963 636 perlecta

394 648 633 718 synodus
667 654 730 704 de
762 651 892 718 ipsis
927 652 1217 719 statuerit;
1251 653 1455 709 clerum
1509 669 1640 710 vero
1681 670 1799 729 eius
1844 672 1966 729 qua:

391 755 499 794 non
529 743 788 812 receperit
820 744 1068 812 parcecia:
1102 746 1593 802 excummunicari.

465 922 787 978 Sanctorum
826 926 1191 993 apostolorum
1223 941 1398 983 canon
1428 927 1515 983 36.

464 1015 664 1086 Syundi
698 1017 1049 1073 Antiot-henze
1076 1035 1249 1075 canon
1281 1020 1369 1076 18.

464 1107 553 1163 44.
587 1107 849 1177 Oporiere
895 1111 1057 1163 etiam
1108 1125 1173 1165 ex
1210 1112 1492 1168 'eunuchis
1527 1113 1584 1167 in
1624 1113 1771 1169 omni
1809 1128 1966 1170 sacro

391 1203 562 1273 gradu
615 1205 890 1268 ordinari,
940 1207 984 1260 si
1052 1207 1251 1276 alioqui
1305 1207 1452 1279 digni
1526 1209 1674 1272 sint,
1747 1219 1842 1266 aut
1897 1226 1964 1265 ex

395 1298 673 1352 hominum
701 1298 896 1367 injuria
929 1301 1008 1354 vel
1049 1301 1241 1356 morbo
1294 1301 1472 1356 virilia
1521 1302 1828 1369 amiserint,
1880 1303 1963 1357 vei

395 1393 440 1446 si
478 1391 618 1446 forte
657 1395 734 1448 sic
764 1392 872 1446 nati
904 1393 1029 1450 sint.
1059 1390 1117 1447 Si
1141 1395 1261 1463 quis
1308 1404 1487 1448 autem
1520 1393 1736 1465 propria
1771 1395 1967 1450 volun-

395 1493 508 1538 tate
555 1495 804 1540 exsertus
828 1486 1008 1550 fuerit,
1044 1486 1095 1540 in
1131 1489 1334 1542 clerum
1379 1501 1606 1556 prorsus
1637 1502 1742 1542 non
1778 1489 1966 1542 admit-

395 1577 548 1640 titur,
613 1586 670 1631 ut
712 1579 802 1644 qui
857 1576 957 1633 sibi
1000 1579 1116 1647 ipse
1157 1593 1349 1635 manus
1387 1580 1652 1635 violentas
1694 1580 1961 1635 attulerit.

395 1669 533 1738 Qum
568 1672 729 1724 etiam
766 1671 856 1742 qui
909 1686 1075 1727 sanos
1125 1683 1390 1738 castraut,
1460 1672 1743 1728 homicida:
1795 1680 1960 1728 sunt:

2067 571 2169 640 τὴν
2219 572 2432 626 ἑαυτῶν
2483 575 2704 643 αἰτίαν,
2751 581 3003 650 μετέχειν
3031 582 3131 654 τῆς
3169 585 3354 657 τιμῆς,
3408 587 3640 658 καὶτῆς

2067 661 2436 736 λειτουργίας,
2489 667 2597 732 ἕως
2648 670 2713 723 ἂν
2762 671 2794 742 ἡ
2836 673 3020 728 τελεία
3063 674 3280 742 σύνοδος
3311 678 3470 750 ὁρίσῃ
3507 681 3636 750 περὶ

2069 757 2271 812 αὐτῶν·
2305 759 2396 813 τὸν
2427 759 2485 814 δὲ
2516 762 2717 836 κλῆρον
2753 766 2853 838 τῆς
2885 769 2961 841 μὴ
2993 756 3296 841 δεξαμένης
3338 772 3635 844 παροικίας

2067 852 2451 924 ἀφορισθῆναι.

2139 945 2260 999 Τῶν
2287 947 2461 1014 ἁγίων
2492 949 2809 1007 ἀποστόλων
2843 951 3027 1007 κανὼν
3053 945 3180 1020 ,λς-⁸.

2138 1037 2370 1093 Συνόδου
2415 1040 2752 1112 ιΑντιοχείας
2778 1043 2964 1100 κανὼν
2997 1028 3088 1116 ιη’.

2141 1130 2248 1200 μδ’.
2286 1131 2411 1186 Ὀτι
2458 1132 2540 1187 δεῖ
2581 1135 2675 1188 καὶ
2718 1134 2780 1202 ἐξ
2823 1137 3093 1209 εὐνούχων
3123 1139 3542 1211 χειροτονεισθαι
3580 1140 3637 1194 ἐν

2071 1223 2235 1278 παντὶ
2262 1223 2524 1298 ἱερατικῷ
2553 1225 2764 1299 βαθμῷ,
2791 1229 2888 1284 ἐὰν
2918 1229 3092 1294 ἄλλως
3125 1230 3266 1299 ἄξιοί
3290 1232 3465 1295 εἰσιν,
3486 1232 3520 1303 ἢ
3543 1231 3638 1284 καὶ

2067 1313 2128 1380 ἐξ
2162 1315 2431 1387 ἐπηρείας
2460 1317 2788 1389 ἀνθρώπων,
2819 1322 2852 1393 ἢ
2887 1323 3295 1394 προσπεσόντος
3328 1325 3637 1396 νοσήματος

2068 1409 2427 1481 ἀφῃρέθησαν
2451 1414 2518 1464 τὰ
2557 1412 2768 1484 ἀνδρῶν
2792 1414 2866 1483 ’ἢ
2917 1416 3012 1467 ὲὰν
3052 1413 3226 1480 οὕτως
3258 1413 3387 1480 ἴσως
3422 1419 3638 1487 ἐγεννή-

2069 1502 2265 1572 θησαν.
2340 1501 2405 1556 El
2461 1503 2519 1558 δὲ
2557 1505 2734 1576 οἰκεία
2780 1504 2977 1579 γνώμῃ
3028 1508 3353 1580 εὐνουχισθῇ
3415 1527 3517 1574 τις,
3559 1511 3640 1571 είς

2068 1592 2272 1664 κλῆρον
2301 1594 2439 1660 ὅλως
2478 1595 2578 1650 οὐκ
2615 1594 2860 1670 ἔρχεται,
2911 1599 2987 1661 ὡς
3035 1599 3432 1670 αὐτοφονέυτὴς
3484 1615 3640 1666 γεγο-

2067 1684 2199 1748 νώς.
2233 1683 2399 1742 Ἀλλὰ
2454 1687 2549 1742 καλ
2594 1688 2643 1740 cl
2684 1689 3093 1760 εύνουχέζοντες
3155 1691 3502 1759 ὑγιαίνοντας
3550 1708 3641 1760 φοι

393 1767 556 1828 atque
585 1760 806 1824 idcirco,
853 1761 897 1815 si
935 1761 1153 1832 quidem
1182 1762 1352 1817 sacris
1389 1762 1583 1818 initiati
1617 1763 1745 1831 sint,
1798 1763 1963 1834 depo-

394 1861 627 1877 ,,,,,.,,,,
658 1855 699 1877 ,ε
736 1869 861 1877 _-__
887 1853 1005 1877 .__._:
1065 1870 1304 1877 ---μω
1329 1864 1412 1877 .___
1434 1870 1528 1877 -.μ
1559 1867 1666 1877 ._-_
1700 1871 1867 1877 ,ημ-

2069 1780 2257 1833 νευταί
2289 1781 2398 1832 είσι
2427 1795 2440 1810 ⁸
2473 1782 2567 1835 καὶ
2595 1781 2682 1836 διὰ
2711 1781 2891 1849 τοῦτο,
2926 1785 2975 1836 εί
3022 1782 3122 1853 μὲν
3179 1783 3465 1850 ίερωμένοι
3510 1782 3636 1844 εἰσὶ,

394 1861 629 1920 nuntur;
657 1855 699 1908 si
736 1869 864 1909 vero
887 1853 1030 1921 laici,
1062 1864 1413 1926 segregantur
1433 1870 1528 1924 per
1559 1867 1668 1913 tres
1697 1871 1889 1914 annos.

466 2032 786 2089 Sanctorum
813 2035 1179 2103 apostolorum
1204 2051 1378 2092 canon
1405 2036 1497 2102 21,
1521 2036 1594 2091 2'2
1618 2046 1672 2093 et
1696 2038 1793 2095 25.

465 2124 668 2196 Synodi
707 2123 939 2182 Nicaeum
969 2141 1142 2184 canon
1169 2128 1219 2183 1.

467 2216 670 2291 Synodi
703 2221 754 2277 in
786 2221 987 2291 templo
1029 2223 1356 2278 Sanctorum
1387 2222 1770 2293 Apostolorum
1823 2242 1966 2283 ce.e-
2069 2243 2072 2246 ’

393 2311 563 2368 bratae
593 2313 652 2367 8.

465 2406 554 2461 45.
586 2405 724 2461 Eum
776 2408 866 2480 qui
921 2410 1115 2479 dignus
1178 2413 1251 2468 sit
1302 2413 1368 2466 ad
1424 2411 1788 2479 episc0pzitum
1843 2424 1964 2465 esse

399 2499 845 2565 promovendum,
884 2501 1008 2556 licet
1040 2503 1211 2558 altero
1252 2504 1411 2559 oculo
1444 2503 1515 2559 sit
1573 2503 1836 2570 privatus,
1876 2503 1960 2555 vel

394 2603 556 2645 crure
577 2591 798 2660 debilis;
836 2596 881 2649 si
909 2609 1035 2651 vero
1073 2597 1269 2654 surdus
1294 2597 1365 2652 sit
1393 2607 1486 2652 aut
1510 2611 1686 2652 caecus
1710 2596 1959 2664 omnino,

399 2697 503 2738 non
527 2693 610 2739 est
641 2688 1061 2755 promovendus.

466 2776 791 2834 Sanctorum
820 2783 1180 2852 apostolorum
1209 2799 1381 2840 canon
1405 2784 1472 2839 27
1503 2793 1558 2840 et
1582 2784 1672 2840 78.

467 2866 558 2922 46.
591 2865 706 2924 Non
751 2881 1001 2938 oportere
1034 2885 1221 2929 servos
1269 2875 1336 2928 ad
1378 2873 1578 2928 clerum
1628 2874 1958 2942 promoveri,

399 2969 493 3016 aut
546 2962 843 3018 monachos
878 2964 1016 3030 ﬁeri,
1074 2965 1179 3020 nisi
1237 2965 1487 3020 libertate
1538 2963 1721 3018 donati
1772 2963 1882 3016 sint
1930 2977 1958 3015 a

396 3052 631 3110 dominis
659 3055 772 3113 suis
801 3071 981 3112 coram
1015 3057 1187 3113 tribus
1239 3056 1489 3124 testibus,
1544 3064 1637 3109 aut
1668 3054 1959 3108 triennium

2073 1871 2468 1944 καθαιροῦνται
2505 1888 2520 1902 ⁸
2562 1876 2612 1928 εί
2659 1874 2716 1929 δὲ
2772 1875 2987 1941 λαῖκοὶ,
3040 1876 3392 1948 ἀφορίζονται
3447 1876 3537 1929 ἐπὶ
3591 1882 3641 1945 γ’

2070 1964 2164 2018 ἐτη
2175 2005 2188 2018 .
3430 1967 3435 1972 ’

2144 1999 2266 2111 ’λῶν
2297 2059 2471 2127 ἁγίων
2497 2057 2817 2113 ἀποστόλων
2849 2057 3031 2114 κανὼν
3061 2061 3165 2126 κα’,
3195 2058 3286 2133 κβ¹
3311 2062 3407 2117 καὶ
3439 2067 3543 2131 κγ’.
3623 2095 3629 2101 ε

2143 2151 2373 2205 Συνόδου
2409 2151 2645 2212 Νικαίας
2679 2148 2862 2208 κανὼν
2895 2158 2966 2208 α’.

2143 2243 2367 2298 Συνόδου
2403 2245 2459 2298 ὲν
2487 2242 2566 2314 τῷ
2591 2242 2704 2316 ναῷ
2720 2243 2838 2299 τῶν
2876 2245 3076 2316 Ἀγίων
3116 2246 3460 2301 Ἀποστόλων
3491 2253 3564 2318 η’.

2146 2431 2248 2496 με’.
2285 2425 2412 2479 Ὀτι
2438 2425 2519 2480 δεῖ
2539 2425 2627 2478 τδν
2657 2423 2805 2492 ἄξιον
2835 2425 3174 2496 προάγεσθαι
3201 2427 3278 2491 εἰς
3305 2426 3634 2490 ἐπίσκοπον,

2071 2514 2172 2572 xiv
2203 2517 2486 2587 ἀνάπηρος
2576 2519 2666 2570 τὸν
2700 2516 3007 2592 ὀφθαλμὸν,
3040 2517 3073 2589 ἢ
3105 2517 3164 2570 τὸ
3200 2518 3389 2582 σκέλος
3428 2516 3639 2586 πεπλη-

2070 2611 2270 2681 γμένος
2291 2626 2306 2641 ·
2340 2610 2386 2661 εί
2415 2609 2480 2671 δὲ,
2496 2609 2681 2678 κωφὸς
2741 2610 2826 2682 εἴη
2859 2609 2892 2681 ἢ
2951 2607 3150 2678 τυφλὸς
3191 2608 3391 2679 πάντη,
3443 2607 3518 2679 μὴ
3552 2606 3640 2677 γί-

2069 2703 2276 2758 videat.

2143 2795 2264 2850 Τῶν
2297 2793 2469 2862 ἁγίων
2497 2792 2813 2848 ἀποστόλων
2847 2791 3027 2848 κανὼν
3051 2791 3118 2857 κζ
3135 2791 3148 2812 ’
3177 2791 3271 2845 καὶ
3300 2789 3402 2862 οη’.

2146 2886 2262 2959 pLg".
2297 2888 2424 2941 ὐτι
2458 2888 2516 2941 οὺ
2543 2885 2625 2939 δεῖ
2650 2884 2870 2949 οἰκέτας
2899 2886 2982 2949 είς
3025 2883 3225 2955 κλῆρον
3275 2879 3634 2954 προάγεσθαι,

2068 2981 2101 3052 ἢ
2142 2980 2411 3050 μοναχοὺς
2446 2980 2713 3047 γίνεσθαι,
2749 2981 2798 3032 εί
2867 2979 2942 3050 μὴ
3022 2975 3427 3047 ἑλευθερωθῶσι
3483 2975 3638 3048 παρὰ

2070 3073 2178 3127 τῶν
2213 3073 2361 3126 ἰδίων
2400 3070 2680 3126 δεσποτῶν
2710 3072 2806 3125 ἐπὶ
2835 3068 2986 3142 τρισὶ
3019 3071 3287 3140 μάρτυσιν
3311 3081 3328 3099 °
3401 3066 3434 3138 η
3499 3067 3638 3138 πλη-

396 3145 752 3216 expleverint,
793 3147 865 3204 ita
892 3160 954 3204 ut
999 3149 1174 3205 nullus
1207 3150 1374 3220 possit
1413 3164 1506 3204 eos
1541 3148 1594 3202 in
1642 3148 1959 3201 servitutem

2073 3164 2309 3236 ρὼσουσι
2340 3163 2583 3235 τριετίαν
2623 3164 2850 3234 μηδενὸς
2880 3164 3105 3226 τούτους
3132 3161 3285 3234 ffers.
3309 3157 3634 3233 δυναμένου]
3664 3197 3665 3200 η

395 3241 733 3312 pertrahere.
768 3241 870 3312 Qui
907 3249 1088 3300 autem
1132 3253 1320 3301 contra
1378 3244 1491 3299 hac
1540 3242 1684 3306 facit.
1732 3255 1965 3309 excom-

399 3333 754 3392 municationi
788 3337 1095 3409 subjicitur.
1126 3338 1225 3408 Qui
1257 3353 1384 3394 vero
1417 3338 1608 3392 docent
1655 3351 1746 3391 eos
1787 3334 1967 3389 domi-

396 3444 495 3485 nos
537 3444 665 3486 suos
724 3442 1092 3498 contemnere,
1142 3443 1306 3503 atque
1360 3433 1429 3488 ab
1476 3446 1664 3488 eorum
1711 3429 1966 3484 servitute

395 3523 680 3587 recedero,
717 3526 1058 3582 anathemate
1089 3525 1377 3581 feriuntur.

468 3614 789 3674 Sanctorum
816 3618 1183 3689 apostolorum
1227 3632 1399 3673 canon
1430 3617 1519 3672 εει.

470 3707 672 3781 Synodi
699 3710 1034 3780 Gangrensis
1065 3727 1235 3767 canon
1269 3711 1323 3766 5.

467 3801 670 3874 Synodi
709 3803 1165 3861 Calchedoneusis
1194 3818 1369 3859 canon
1404 3805 1455 3858 4.

469 3895 671 3968 Synodi
713 3896 780 3953 Vl
811 3912 981 3951 canon
1013 3894 1100 3952 85.

465 3988 534 4044 Et
558 3989 690 4059 legis
721 4000 881 4059 caput
906 3988 961 4056 8,
986 3988 1053 4044 50
1075 3999 1128 4044 et
1157 3985 1246 4043 5i.

463 4082 557 4139 47.
586 4081 704 4138 Non
752 4092 1003 4153 oportere
1051 4083 1362 4150 episcopum
1389 4078 1526 4139 nulli
1573 4076 1830 4133 Ecclesiae
1865 4075 1960 4130 ad-

394 4176 622 4243 dictum,
648 4185 952 4231 vacantem
981 4174 1281 4230 Ecclesiam
1329 4174 1603 4234 invadere,
1665 4169 1799 4225 citra
1833 4183 1957 4222 con-

392 4283 609 4326 sensum
633 4267 926 4340 provinciae
950 4264 1340 4335 metropolitani
1365 4275 1525 4334 atque
1546 4262 1957 4332 episcOporum:

394 4363 479 4417 sin
508 4376 654 4427 vero,
697 4362 762 4418 ab
785 4360 1022 4417 Ecclesia
1049 4359 1285 4431 ejicitur.

466 4451 668 4523 Synodi
709 4452 1057 4508 Antiochenze
1083 4463 1252 4504 canon
1283 4448 1372 4502 16.

2069 3261 2148 3323 εἰς
2173 3256 2418 3312 δουλείαν
2478 3256 2756 3313 ἕλκεσθαι.
2794 3256 2854 3311 ‘0
2907 3253 2963 3309 δὲ
3010 3253 3157 3327 παρὰ
3205 3252 3377 3309 ταῦτα
3441 3252 3635 3320 ποιῶν,

2067 3355 2440 3426 ἀκοινωνησίᾳ
2466 3352 2966 3409 καθυποδόιλλεται.
2999 3353 3107 3405 Καὶ
3142 3350 3194 3404 oi
3217 3347 3634 3410 διδάσκοντιςῶ

2065 3443 2292 3507 τούτους
2346 3443 2459 3497 τῶν
2485 3443 2634 3497 ἰδίων
2667 3442 2872 3515 κυρίων
2920 3443 3307 3514 καταφρονεῖν,
3352 3438 3446 3492 καὶ
3504 3437 3632 3507 ἀφί-

2068 3536 2298 3590 στασθαι
2331 3537 2432 3606 τῆς
2461 3535 2706 3599 δουλείας
2733 3527 2933 3598 αὐτῶν,
2970 3530 3476 3602 ἀναθεματίζονται.

2137 3631 2261 3684 Τῶν
2287 3629 2461 3699 ἁγίων
2490 3629 2807 3684 ἀποστόλων
2839 3626 3022 3682 κανὼν
3053 3625 3163 3698 πβ’.

2137 3723 2369 3778 Συνόδου
2405 3721 2676 3790 Γαγγρῶν
2728 3717 2910 3774 κανὼν
2935 3727 3004 3788 γ’.

2143 3817 2377 3870 Συνόδου
2409 3815 2757 3886 Καλχηδόνος
2789 3813 2970 3867 κανὼν
2999 3813 3063 3867 δ’.

2136 3911 2363 3964 Συνόδου
2395 3909 2450 3976 ς’
2481 3906 2659 3965 κανὼν
2685 3907 2791 3964 πε’.

2135 4003 2248 4056 Καὶ
2276 4002 2502 4069 νομικὸν
2529 3999 2822 4068 κεφάλαιον
2856 3995 2926 4066 η’,
2982 3995 3024 4052 ν’
3056 3999 3151 4054 καὶ
3177 4004 3280 4053 να’.

2140 4094 2252 4166 μζ’.
2287 4096 2412 4150 Ὅτι
2443 4096 2503 4148 οὐ
2532 4093 2614 4147 δεῖ
2649 4093 2979 4163 σχολάζοντα
3009 4093 3307 4146 ἐπίσκοπον
3334 4088 3630 4159 σχολάζουο

2069 4206 2169 4243 σαν
2222 4184 2554 4257 Ἐκκλησίαν
2580 4185 2851 4257 ἁρπάζειν
2873 4183 2999 4255 δίχα
3042 4182 3275 4253 γνώμης
3329 4181 3423 4236 τοῦ
3487 4182 3630 4235 κατὰ

2066 4279 2253 4351 χώραν
2283 4279 2714 4352 μητροπολίτου,
2743 4279 2838 4332 καὶ
2877 4278 2988 4331 τῶν
3044 4276 3360 4330 ἐπισκόπων
3387 4291 3404 4306 ο
3462 4275 3513 4329 ει
3574 4273 3631 4327 δὲ

2067 4372 2168 4442 μὴ,
2205 4370 2516 4441 ἀπόῦλητος
2546 4366 2756 4440 γίνεται
2787 4369 2887 4440 τῆς
2925 4366 3277 4440 Ἐκκλησίας.

2085 4478 2092 4484 ·
2145 4462 2374 4518 Συνόδου
2410 4461 2740 4532 Ἀντιοχείας
2760 4461 2940 4516 κανὼν
2974 4459 3070 4528 ις’.

465 4543 556 4602 48.
584 4543 708 4599 Non
790 4554 1048 4614 oportere
1131 4541 1474 4596 saecularium
1545 4537 1957 4610 magistratuum

2144 4556 2258 4628 μη’.
2302 4557 2506 4612 Ὅτιού
2541 4555 2736 4610 δεῖδιά
2795 4556 3138 4627 προστασίας
3198 4551 3484 4624 κοσμικῶν
3533 4551 3633 4622 ἀρ-

393 4637 722 4693 auctoritate
767 4650 1095 4707 quemquam
1151 4636 1218 4688 ad
1256 4631 1617 4689 sacerdotium
1655 4629 1960 4702 pervenire,

394 4739 490 4786 aut
524 4727 779 4785 Ecclesia
809 4728 1049 4800 regimen
1090 4727 1384 4798 suscipere.
1417 4724 1785 4781 Deturbantur
1815 4721 1961 4777 enim

395 4839 462 4879 ac
491 4831 845 4894 segregantur
875 4821 976 4903 ipsi
1026 4836 1131 4876 una
1167 4835 1289 4875 cum
1335 4819 1404 4874 iis
1430 4817 1681 4876 omnibus
1710 4816 1802 4889 qui
1839 4829 1960 4871 cum

394 4917 528 4986 ipsis
557 4907 978 4972 communicant.

468 5025 796 5082 Sanctorum
845 5023 1204 5093 apostolorum
1237 5037 1407 5080 canon
1438 5020 1529 5076 50.

464 5112 667 5187 Synodi
692 5111 1152 5169 Calchedoncnsis
1176 5128 1350 5169 canon
1393 5111 1481 5168 12.

462 5206 665 5278 Synodi
693 5203 784 5261 VII
813 5221 985 5262 canon
1017 5208 1071 5262 5.

460 5301 550 5357 49.
590 5300 703 5356 Non
761 5312 1013 5372 oportere
1077 5299 1305 5372 pecunia
1375 5298 1693 5370 dignitatem
1748 5297 1960 5365 episco-

395 5391 566 5459 palem
635 5401 726 5445 aut
808 5390 1194 5447 sacerdotalem
1261 5388 1521 5457 consequi
1572 5400 1589 5438 :
1644 5385 1760 5456 ipse
1812 5383 1960 5440 enim

395 5482 675 5536 ordinatus
704 5491 759 5536 et
793 5481 885 5553 qui
919 5481 1190 5536 ordinavit
1221 5495 1342 5536 eum
1389 5479 1558 5552 gradu
1609 5479 1957 5550 dejiciuntur,

393 5583 556 5642 atque
599 5572 838 5628 Ecclesia
876 5573 1291 5640 exscindnntur,
1324 5574 1468 5627 Velut
1497 5572 1682 5626 Simon
1749 5570 1956 5641 Magus.

394 5666 511 5721 Non
540 5667 710 5721 solum
752 5676 928 5720 autem
962 5663 1040 5732 bi,
1075 5667 1168 5722 sed
1206 5675 1260 5720 et
1299 5665 1345 5720 si
1375 5664 1468 5735 qui
1501 5663 1763 5736 ejusmodi
1797 5663 1959 5720 rebus

393 5758 750 5814 intervenisse
789 5760 988 5828 reperti
1017 5757 1240 5813 fuerint.

470 5852 793 5908 Sanctorum
832 5851 1197 5925 apostolorum
1227 5864 1401 5908 canon
1430 5849 1519 5904 29.

2063 4647 2269 4722 χόντων
2297 4649 2420 4703 τινὰ
2450 4651 2532 4711 είς
2562 4647 2864 4718 ἱερωσύνην
2896 4647 3092 4712 ἐλθεῖν,
3119 4647 3152 4718 ἢ
3209 4647 3452 4716 ἐγκρατῆ
3509 4644 3630 4696 Ἐκ-

2065 4740 2299 4814 κλησίας
2322 4740 2581 4809 γενέσθαι
2601 4756 2615 4770 ο
2660 4738 3056 4810 καθαιροῦνται
3079 4738 3189 4810 γὰρ
3219 4738 3313 4791 καὶ
3343 4733 3630 4807 ἀφορίζον-

2064 4849 2156 4888 ται
2185 4834 2282 4887 καὶ
2315 4833 2366 4885 οί
2395 4831 2784 4895 κοινωνοῦντες
2813 4831 2995 4895 αὐτοῖς
3023 4830 3245 4894 πάντες.

2135 5015 2256 5069 Τῶν
2288 5014 2460 5082 ἁγίων
2483 5012 2797 5069 ἀποστόλων
2829 5009 3010 5066 κανὼν
3040 5009 3109 5064 λ’.

2134 5106 2361 5159 Συνόδου
2399 5103 2741 5174 Καλχηδόνος
2770 5100 2951 5157 κανὼν
2979 5098 3068 5171 ιβ’.

2134 5199 2362 5253 Συνόδου
2389 5199 2434 5263 ζ’
2471 5195 2652 5251 κανὼν
2682 5202 2752 5264 γ’.

2137 5292 2245 5362 μθ¹.
2267 5295 2389 5346 Ὅτι
2417 5292 2481 5346 οὺ
2505 5291 2585 5344 δεῖ
2613 5290 2701 5344 διὰ
2723 5289 3023 5361 χρημάτων
3048 5286 3207 5356 ἀξίας
3253 5286 3568 5358 ἐπισκοπῆς
3592 5284 3626 5356 ἢ

2067 5384 2354 5457 ἱερατικῆς
2395 5383 2732 5455 μετασχεῖνσ
2766 5380 3116 5452 καθαιρεῖται
3161 5378 3273 5449 γὰρ
3298 5379 3394 5432 καῖ
3440 5377 3627 5442 αὐτὸς,

2063 5478 2159 5532 καὶ
2183 5480 2210 5531 ὁ
2233 5477 2620 5550 χειροτονήσας
2651 5474 2844 5528 αὐτόν’
2880 5475 2972 5527 καὶ
2998 5473 3107 5541 τῆς
3144 5470 3478 5542 Ἐκκλησίας
3533 5472 3627 5524 ἐκ·

2063 5570 2380 5632 κόπτονται,
2423 5569 2496 5632 ὡς
2533 5567 2716 5637 Σίμων
2746 5569 2772 5621 ό
2801 5565 3008 5633 Μάγος.
3041 5563 3116 5618 Οὐ
3171 5564 3331 5636 μόνον
3360 5563 3417 5616 δὲ
3458 5557 3627 5626 οὗτοι,

2061 5659 2197 5715 ἀλλὰ
2284 5663 2378 5713 καὶ
2442 5662 2495 5715 εί
2519 5676 2664 5723 τινες
2745 5657 3016 5729 εὐρεθῶσι
3073 5655 3450 5728 μεσιτεύοντες
3515 5657 3629 5719 τοῖς

2058 5755 2341 5814 τοιούτοις.

2136 5846 2259 5902 Τῶν
2282 5845 2450 5916 ἁγίων
2486 5846 2803 5901 ἀποστόλων
2828 5842 3010 5899 κανὼν
3041 5842 3146 5900 κθ’.
